  <div class='ocr_page' id='page_1' title='image "/cluster/home/n/w/nwhite01/storage/ocr_20150623/56/ien.35556001660836/405.png"; bbox 0 0 3996 6468; ppageno 0'>
   <div class='ocr_carea' id='block_1_1' title="bbox 577 439 693 498">
    <p class='ocr_par' dir='ltr' id='par_1_1' title="bbox 577 439 693 498">
     <span class='ocr_line' id='line_1_1' title="bbox 577 439 693 498; baseline 0.052 -6"><span class='ocrx_word' id='word_1_1' title='bbox 577 439 693 498; x_wconf 81' lang='grc'>409</span> 
     </span>
    </p>
   </div>
   <div class='ocr_carea' id='block_1_2' title="bbox 580 537 2124 617">
    <p class='ocr_par' dir='ltr' id='par_1_2' title="bbox 580 537 2124 617">
     <span class='ocr_line' id='line_1_2' title="bbox 580 537 2124 617; baseline 0.005 -25"><span class='ocrx_word' id='word_1_2' title='bbox 580 537 852 593; x_wconf 79' lang='grc' dir='ltr'>πάσσαλον</span> <span class='ocrx_word' id='word_1_3' title='bbox 881 540 972 592; x_wconf 71' lang='grc' dir='ltr'>καὶ</span> <span class='ocrx_word' id='word_1_4' title='bbox 1000 540 1095 609; x_wconf 82' lang='grc' dir='ltr'>τὴν</span> <span class='ocrx_word' id='word_1_5' title='bbox 1128 540 1354 610; x_wconf 82' lang='grc' dir='ltr'>σφῦραν,</span> <span class='ocrx_word' id='word_1_6' title='bbox 1394 543 1606 613; x_wconf 75' lang='grc' dir='ltr'>διήλασε</span> <span class='ocrx_word' id='word_1_7' title='bbox 1640 546 1776 598; x_wconf 87' lang='grc' dir='ltr'>κατά</span> <span class='ocrx_word' id='word_1_8' title='bbox 1802 548 1893 600; x_wconf 87' lang='grc' dir='ltr'>τοῦ</span> <span class='ocrx_word' id='word_1_9' title='bbox 1931 547 2124 617; x_wconf 86' lang='grc' dir='ltr'>κροτά-</span> 
     </span>
    </p>
   </div>
   <div class='ocr_carea' id='block_1_3' title="bbox 580 623 2116 699">
    <p class='ocr_par' dir='ltr' id='par_1_3' title="bbox 580 623 2116 699">
     <span class='ocr_line' id='line_1_3' title="bbox 580 623 2116 699; baseline 0.005 -25"><span class='ocrx_word' id='word_1_10' title='bbox 580 635 682 691; x_wconf 75' lang='grc' dir='ltr'>φου</span> <span class='ocrx_word' id='word_1_11' title='bbox 711 623 871 676; x_wconf 83' lang='grc' dir='ltr'>αὑτοῦ</span> <span class='ocrx_word' id='word_1_12' title='bbox 897 623 1064 686; x_wconf 78' lang='grc' dir='ltr'>οὕτως</span> <span class='ocrx_word' id='word_1_13' title='bbox 1105 626 1354 694; x_wconf 87' lang='grc' dir='ltr'>ίσχυρῶς,</span> <span class='ocrx_word' id='word_1_14' title='bbox 1382 627 1456 688; x_wconf 84' lang='grc' dir='ltr'>ὼς</span> <span class='ocrx_word' id='word_1_15' title='bbox 1484 628 1576 679; x_wconf 75' lang='grc' dir='ltr'>καὶ</span> <span class='ocrx_word' id='word_1_16' title='bbox 1604 630 1702 698; x_wconf 79' lang='grc' dir='ltr'>τῆς</span> <span class='ocrx_word' id='word_1_17' title='bbox 1729 632 1829 699; x_wconf 83' lang='grc' dir='ltr'>γῆς</span> <span class='ocrx_word' id='word_1_18' title='bbox 1854 631 2116 698; x_wconf 74' lang='grc' dir='ltr'>ἅψασθαι·</span> 
     </span>
    </p>
   </div>
   <div class='ocr_carea' id='block_1_4' title="bbox 583 707 2118 780">
    <p class='ocr_par' dir='ltr' id='par_1_4' title="bbox 583 707 2118 780">
     <span class='ocr_line' id='line_1_4' title="bbox 583 707 2118 780; baseline 0.007 -22"><span class='ocrx_word' id='word_1_19' title='bbox 583 707 676 759; x_wconf 76' lang='grc' dir='ltr'>καὶ</span> <span class='ocrx_word' id='word_1_20' title='bbox 720 707 859 760; x_wconf 76' lang='grc' dir='ltr'>οὕτω</span> <span class='ocrx_word' id='word_1_21' title='bbox 900 708 1099 775; x_wconf 82' lang='grc' dir='ltr'>μεταξὺ</span> <span class='ocrx_word' id='word_1_22' title='bbox 1132 709 1238 761; x_wconf 84' lang='grc' dir='ltr'>τῶν</span> <span class='ocrx_word' id='word_1_23' title='bbox 1269 711 1439 762; x_wconf 83' lang='grc' dir='ltr'>ποδῶν</span> <span class='ocrx_word' id='word_1_24' title='bbox 1463 712 1558 780; x_wconf 85' lang='grc' dir='ltr'>τῆς</span> <span class='ocrx_word' id='word_1_25' title='bbox 1591 714 1840 779; x_wconf 80' lang='grc' dir='ltr'>γυναικὸς</span> <span class='ocrx_word' id='word_1_26' title='bbox 1865 716 2118 768; x_wconf 83' lang='grc' dir='ltr'>ἀπέθανε.</span> 
     </span>
    </p>
   </div>
   <div class='ocr_carea' id='block_1_5' title="bbox 652 791 2115 867">
    <p class='ocr_par' dir='ltr' id='par_1_5' title="bbox 652 791 2115 867">
     <span class='ocr_line' id='line_1_5' title="bbox 652 791 2115 867; baseline 0.005 -23"><span class='ocrx_word' id='word_1_27' title='bbox 652 792 718 854; x_wconf 79' lang='grc' dir='ltr'>ζ’.</span> <span class='ocrx_word' id='word_1_28' title='bbox 759 791 848 860; x_wconf 86' lang='grc' dir='ltr'>Μὴ</span> <span class='ocrx_word' id='word_1_29' title='bbox 877 792 1047 844; x_wconf 84' lang='grc' dir='ltr'>λείπει</span> <span class='ocrx_word' id='word_1_30' title='bbox 1069 794 1145 861; x_wconf 84' lang='grc' dir='ltr'>τῷ</span> <span class='ocrx_word' id='word_1_31' title='bbox 1171 794 1288 862; x_wconf 85' lang='grc' dir='ltr'>Θεῷ</span> <span class='ocrx_word' id='word_1_32' title='bbox 1314 796 1599 864; x_wconf 81' lang='grc' dir='ltr'>πρόφασις,</span> <span class='ocrx_word' id='word_1_33' title='bbox 1620 800 1710 850; x_wconf 68' lang='grc' dir='ltr'>καὶ</span> <span class='ocrx_word' id='word_1_34' title='bbox 1740 800 1824 850; x_wconf 84' lang='grc' dir='ltr'>ὅτε</span> <span class='ocrx_word' id='word_1_35' title='bbox 1857 800 2115 867; x_wconf 82' lang='grc' dir='ltr'>βούλεται,</span> 
     </span>
    </p>
   </div>
   <div class='ocr_carea' id='block_1_6' title="bbox 583 876 2119 950">
    <p class='ocr_par' dir='ltr' id='par_1_6' title="bbox 583 876 2119 950">
     <span class='ocr_line' id='line_1_6' title="bbox 583 876 2119 950; baseline 0.007 -23"><span class='ocrx_word' id='word_1_36' title='bbox 583 877 681 928; x_wconf 78' lang='grc' dir='ltr'>οὐκ</span> <span class='ocrx_word' id='word_1_37' title='bbox 697 876 967 944; x_wconf 75' lang='grc' dir='ltr'>ἐμποδίζει</span> <span class='ocrx_word' id='word_1_38' title='bbox 989 878 1046 929; x_wconf 86' lang='grc' dir='ltr'>τὸ</span> <span class='ocrx_word' id='word_1_39' title='bbox 1079 877 1151 948; x_wconf 84' lang='grc' dir='ltr'>μὴ</span> <span class='ocrx_word' id='word_1_40' title='bbox 1177 882 1423 948; x_wconf 87' lang='grc' dir='ltr'>παρεῖναι</span> <span class='ocrx_word' id='word_1_41' title='bbox 1448 883 1772 950; x_wconf 84' lang='grc' dir='ltr'>συμμαχίαν·</span> <span class='ocrx_word' id='word_1_42' title='bbox 1789 883 1921 936; x_wconf 85' lang='grc' dir='ltr'>Θεοῦ</span> <span class='ocrx_word' id='word_1_43' title='bbox 1941 886 2119 949; x_wconf 79' lang='grc' dir='ltr'>ὅπλον,</span> 
     </span>
    </p>
   </div>
   <div class='ocr_carea' id='block_1_7' title="bbox 583 961 2114 1036">
    <p class='ocr_par' dir='ltr' id='par_1_7' title="bbox 583 961 2114 1036">
     <span class='ocr_line' id='line_1_7' title="bbox 583 961 2114 1036; baseline 0.007 -24"><span class='ocrx_word' id='word_1_44' title='bbox 583 961 714 1013; x_wconf 85' lang='grc' dir='ltr'>Θεοῦ</span> <span class='ocrx_word' id='word_1_45' title='bbox 750 963 1098 1031; x_wconf 83' lang='grc' dir='ltr'>στρατιώτης,</span> <span class='ocrx_word' id='word_1_46' title='bbox 1129 964 1260 1016; x_wconf 80' lang='grc' dir='ltr'>Θεοῦ</span> <span class='ocrx_word' id='word_1_47' title='bbox 1288 965 1531 1034; x_wconf 89' lang='grc' dir='ltr'>δύναμις,</span> <span class='ocrx_word' id='word_1_48' title='bbox 1559 969 1730 1036; x_wconf 85' lang='grc' dir='ltr'>νεῦμα</span> <span class='ocrx_word' id='word_1_49' title='bbox 1771 970 1928 1036; x_wconf 89' lang='grc' dir='ltr'>μόνον</span> <span class='ocrx_word' id='word_1_50' title='bbox 1961 971 2114 1024; x_wconf 90' lang='grc' dir='ltr'>Θεοῦ.</span> 
     </span>
    </p>
   </div>
   <div class='ocr_carea' id='block_1_8' title="bbox 583 1046 2119 1126">
    <p class='ocr_par' dir='ltr' id='par_1_8' title="bbox 583 1046 2119 1126">
     <span class='ocr_line' id='line_1_8' title="bbox 583 1046 2119 1126; baseline 0.006 -28"><span class='ocrx_word' id='word_1_51' title='bbox 583 1046 672 1116; x_wconf 86' lang='grc' dir='ltr'>Τῷ</span> <span class='ocrx_word' id='word_1_52' title='bbox 697 1047 909 1116; x_wconf 80' lang='grc' dir='ltr'>Χριστῷ</span> <span class='ocrx_word' id='word_1_53' title='bbox 935 1047 1088 1100; x_wconf 88' lang='grc' dir='ltr'>τοῦτο</span> <span class='ocrx_word' id='word_1_54' title='bbox 1117 1049 1354 1118; x_wconf 83' lang='grc' dir='ltr'>εἴπωμεν</span> <span class='ocrx_word' id='word_1_55' title='bbox 1373 1067 1385 1080; x_wconf 91' lang='grc'>·</span> <span class='ocrx_word' id='word_1_56' title='bbox 1412 1053 1544 1104; x_wconf 86' lang='grc' dir='ltr'>Είπέ</span> <span class='ocrx_word' id='word_1_57' title='bbox 1584 1053 1741 1122; x_wconf 85' lang='grc' dir='ltr'>λόγῳ,</span> <span class='ocrx_word' id='word_1_58' title='bbox 1774 1055 1863 1105; x_wconf 69' lang='grc' dir='ltr'>καὶ</span> <span class='ocrx_word' id='word_1_59' title='bbox 1896 1071 2119 1126; x_wconf 86' lang='grc' dir='ltr'>σκορπι-</span> 
     </span>
    </p>
   </div>
   <div class='ocr_carea' id='block_1_9' title="bbox 591 1129 2122 1210">
    <p class='ocr_par' dir='ltr' id='par_1_9' title="bbox 591 1129 2122 1210">
     <span class='ocr_line' id='line_1_9' title="bbox 591 1129 2122 1210; baseline 0.007 -28"><span class='ocrx_word' id='word_1_60' title='bbox 591 1129 867 1200; x_wconf 81' lang='grc' dir='ltr'>σθήσονται</span> <span class='ocrx_word' id='word_1_61' title='bbox 890 1134 935 1183; x_wconf 78' lang='grc' dir='ltr'>οἱ</span> <span class='ocrx_word' id='word_1_62' title='bbox 956 1132 1134 1202; x_wconf 83' lang='grc' dir='ltr'>ἐχθροί</span> <span class='ocrx_word' id='word_1_63' title='bbox 1167 1150 1258 1186; x_wconf 92' lang='grc' dir='ltr'>σου</span> <span class='ocrx_word' id='word_1_64' title='bbox 1280 1151 1292 1165; x_wconf 72' lang='grc' dir='ltr'><strong>ο</strong></span> <span class='ocrx_word' id='word_1_65' title='bbox 1318 1137 1434 1188; x_wconf 78' lang='grc' dir='ltr'>εἰπὲ</span> <span class='ocrx_word' id='word_1_66' title='bbox 1465 1137 1624 1206; x_wconf 84' lang='grc' dir='ltr'>λόγῳ,</span> <span class='ocrx_word' id='word_1_67' title='bbox 1655 1139 1747 1189; x_wconf 68' lang='grc' dir='ltr'>καὶ</span> <span class='ocrx_word' id='word_1_68' title='bbox 1774 1139 2010 1208; x_wconf 85' lang='grc' dir='ltr'>ἐλεήσεις</span> <span class='ocrx_word' id='word_1_69' title='bbox 2025 1142 2122 1210; x_wconf 79' lang='grc' dir='ltr'>τὴν</span> 
     </span>
    </p>
   </div>
   <div class='ocr_carea' id='block_1_10' title="bbox 587 1215 2123 1293">
    <p class='ocr_par' dir='ltr' id='par_1_10' title="bbox 587 1215 2123 1293">
     <span class='ocr_line' id='line_1_10' title="bbox 587 1215 2123 1293; baseline 0.007 -27"><span class='ocrx_word' id='word_1_70' title='bbox 587 1215 738 1267; x_wconf 88' lang='grc' dir='ltr'>πόλιν</span> <span class='ocrx_word' id='word_1_71' title='bbox 771 1233 890 1268; x_wconf 90' lang='grc' dir='ltr'>σου·</span> <span class='ocrx_word' id='word_1_72' title='bbox 933 1218 1050 1270; x_wconf 86' lang='grc' dir='ltr'>εἰπέ</span> <span class='ocrx_word' id='word_1_73' title='bbox 1077 1219 1234 1289; x_wconf 83' lang='grc' dir='ltr'>λόγῳ,</span> <span class='ocrx_word' id='word_1_74' title='bbox 1269 1223 1358 1272; x_wconf 72' lang='grc' dir='ltr'>καὶ</span> <span class='ocrx_word' id='word_1_75' title='bbox 1403 1222 1757 1291; x_wconf 73' lang='grc' dir='ltr'>οἰκτειρήσεις</span> <span class='ocrx_word' id='word_1_76' title='bbox 1799 1224 1887 1275; x_wconf 89' lang='grc' dir='ltr'>τὸν</span> <span class='ocrx_word' id='word_1_77' title='bbox 1925 1226 2123 1293; x_wconf 85' lang='grc' dir='ltr'>κόσμον</span> 
     </span>
    </p>
   </div>
   <div class='ocr_carea' id='block_1_11' title="bbox 585 1303 2118 1381">
    <p class='ocr_par' dir='ltr' id='par_1_11' title="bbox 585 1303 2118 1381">
     <span class='ocr_line' id='line_1_11' title="bbox 585 1303 2118 1381; baseline 0.008 -25"><span class='ocrx_word' id='word_1_78' title='bbox 585 1320 698 1356; x_wconf 90' lang='grc' dir='ltr'>σου.</span> <span class='ocrx_word' id='word_1_79' title='bbox 731 1303 985 1374; x_wconf 76' lang='grc' dir='ltr'>Εἴπωμεν</span> <span class='ocrx_word' id='word_1_80' title='bbox 1021 1308 1193 1377; x_wconf 81' lang='grc' dir='ltr'>αὐτῷ·</span> <span class='ocrx_word' id='word_1_81' title='bbox 1232 1309 1382 1362; x_wconf 87' lang='grc' dir='ltr'>Ἰδοὺ</span> <span class='ocrx_word' id='word_1_82' title='bbox 1405 1314 1458 1362; x_wconf 75' lang='grc' dir='ltr'>οἱ</span> <span class='ocrx_word' id='word_1_83' title='bbox 1482 1311 1678 1378; x_wconf 76' lang='grc' dir='ltr'>ἐχθροί</span> <span class='ocrx_word' id='word_1_84' title='bbox 1712 1329 1824 1364; x_wconf 91' lang='grc' dir='ltr'>σου</span> <span class='ocrx_word' id='word_1_85' title='bbox 1861 1313 2118 1381; x_wconf 79' lang='grc' dir='ltr'>ἤχησαν,</span> 
     </span>
    </p>
   </div>
   <div class='ocr_carea' id='block_1_12' title="bbox 583 1387 2124 1469">
    <p class='ocr_par' dir='ltr' id='par_1_12' title="bbox 583 1387 2124 1469">
     <span class='ocr_line' id='line_1_12' title="bbox 583 1387 2124 1469; baseline 0.006 -27"><span class='ocrx_word' id='word_1_86' title='bbox 583 1387 680 1442; x_wconf 75' lang='grc' dir='ltr'>καὶ</span> <span class='ocrx_word' id='word_1_87' title='bbox 713 1393 765 1442; x_wconf 78' lang='grc' dir='ltr'>οἱ</span> <span class='ocrx_word' id='word_1_88' title='bbox 793 1392 1112 1458; x_wconf 83' lang='grc' dir='ltr'>μισοῦντές</span> <span class='ocrx_word' id='word_1_89' title='bbox 1140 1409 1210 1446; x_wconf 80' lang='grc' dir='ltr'>σε</span> <span class='ocrx_word' id='word_1_90' title='bbox 1243 1392 1392 1462; x_wconf 77' lang='grc' dir='ltr'>ἦραν</span> <span class='ocrx_word' id='word_1_91' title='bbox 1413 1397 1701 1464; x_wconf 65' lang='grc' dir='ltr'>κεφαλήν.</span> <span class='ocrx_word' id='word_1_92' title='bbox 1728 1399 1908 1460; x_wconf 81' lang='grc' dir='ltr'>Θέλεις</span> <span class='ocrx_word' id='word_1_93' title='bbox 1938 1401 2124 1469; x_wconf 86' lang='grc' dir='ltr'>μαθεῖν</span> 
     </span>
    </p>
   </div>
   <div class='ocr_carea' id='block_1_13' title="bbox 584 1470 2125 1552">
    <p class='ocr_par' dir='ltr' id='par_1_13' title="bbox 584 1470 2125 1552">
     <span class='ocr_line' id='line_1_13' title="bbox 584 1470 2125 1552; baseline 0.006 -24"><span class='ocrx_word' id='word_1_94' title='bbox 584 1473 676 1528; x_wconf 75' lang='grc' dir='ltr'>καὶ</span> <span class='ocrx_word' id='word_1_95' title='bbox 708 1470 867 1544; x_wconf 77' lang='grc' dir='ltr'>ἄλλης</span> <span class='ocrx_word' id='word_1_96' title='bbox 901 1478 1152 1542; x_wconf 87' lang='grc' dir='ltr'>γυναικὸς</span> <span class='ocrx_word' id='word_1_97' title='bbox 1199 1483 1570 1550; x_wconf 86' lang='grc' dir='ltr'>στρατήγημα,</span> <span class='ocrx_word' id='word_1_98' title='bbox 1603 1483 1782 1552; x_wconf 83' lang='grc' dir='ltr'>ἐπειδὴ</span> <span class='ocrx_word' id='word_1_99' title='bbox 1822 1484 1974 1536; x_wconf 86' lang='grc' dir='ltr'>τοῦτο</span> <span class='ocrx_word' id='word_1_100' title='bbox 2001 1486 2125 1552; x_wconf 81' lang='grc' dir='ltr'>ὴθέ-</span> 
     </span>
    </p>
   </div>
   <div class='ocr_carea' id='block_1_14' title="bbox 583 1557 2124 1635">
    <p class='ocr_par' dir='ltr' id='par_1_14' title="bbox 583 1557 2124 1635">
     <span class='ocr_line' id='line_1_14' title="bbox 583 1557 2124 1635; baseline 0.007 -25"><span class='ocrx_word' id='word_1_101' title='bbox 583 1557 742 1626; x_wconf 86' lang='grc' dir='ltr'>λησεν</span> <span class='ocrx_word' id='word_1_102' title='bbox 779 1561 806 1612; x_wconf 81' lang='grc' dir='ltr'><em>ὁ</em></span> <span class='ocrx_word' id='word_1_103' title='bbox 837 1558 996 1625; x_wconf 86' lang='grc' dir='ltr'>Θεός;</span> <span class='ocrx_word' id='word_1_104' title='bbox 1037 1561 1226 1624; x_wconf 83' lang='grc' dir='ltr'>Ἀλλος</span> <span class='ocrx_word' id='word_1_105' title='bbox 1261 1581 1342 1624; x_wconf 90' lang='grc' dir='ltr'>τις</span> <span class='ocrx_word' id='word_1_106' title='bbox 1374 1560 1462 1633; x_wconf 81' lang='grc' dir='ltr'>ἦν,</span> <span class='ocrx_word' id='word_1_107' title='bbox 1504 1565 1783 1634; x_wconf 79' lang='grc' dir='ltr'>Ἀϐιμελὲχ</span> <span class='ocrx_word' id='word_1_108' title='bbox 1811 1567 1995 1635; x_wconf 76' lang='grc' dir='ltr'>ὄνομα,</span> <span class='ocrx_word' id='word_1_109' title='bbox 2040 1570 2124 1620; x_wconf 87' lang='grc' dir='ltr'>ἀν-</span> 
     </span>
    </p>
   </div>
   <div class='ocr_carea' id='block_1_15' title="bbox 558 1640 2126 1721">
    <p class='ocr_par' dir='ltr' id='par_1_15' title="bbox 558 1640 2126 1721">
     <span class='ocr_line' id='line_1_15' title="bbox 558 1640 2126 1721; baseline 0.008 -29"><span class='ocrx_word' id='word_1_110' title='bbox 558 1648 560 1650; x_wconf 84' lang='grc'><em>’</em></span> <span class='ocrx_word' id='word_1_111' title='bbox 583 1640 715 1694; x_wconf 77' lang='grc' dir='ltr'>ελὼν</span> <span class='ocrx_word' id='word_1_112' title='bbox 731 1644 919 1696; x_wconf 83' lang='grc' dir='ltr'>ἐαυτοῦ</span> <span class='ocrx_word' id='word_1_113' title='bbox 944 1645 1197 1713; x_wconf 82' lang='grc' dir='ltr'>ἀδελφοὺς</span> <span class='ocrx_word' id='word_1_114' title='bbox 1224 1647 1600 1718; x_wconf 79' lang='grc' dir='ltr'>ἐϐδομήκοντα,</span> <span class='ocrx_word' id='word_1_115' title='bbox 1616 1653 1708 1703; x_wconf 71' lang='grc' dir='ltr'>καὶ</span> <span class='ocrx_word' id='word_1_116' title='bbox 1728 1654 1998 1721; x_wconf 83' lang='grc' dir='ltr'>κρατήσας</span> <span class='ocrx_word' id='word_1_117' title='bbox 2021 1655 2126 1705; x_wconf 88' lang='grc' dir='ltr'>ἀπὸ</span> 
     </span>
    </p>
   </div>
   <div class='ocr_carea' id='block_1_16' title="bbox 586 1728 2126 1805">
    <p class='ocr_par' dir='ltr' id='par_1_16' title="bbox 586 1728 2126 1805">
     <span class='ocr_line' id='line_1_16' title="bbox 586 1728 2126 1805; baseline 0.008 -29"><span class='ocrx_word' id='word_1_118' title='bbox 586 1729 685 1795; x_wconf 81' lang='grc' dir='ltr'>τῆς</span> <span class='ocrx_word' id='word_1_119' title='bbox 719 1728 966 1799; x_wconf 80' lang='grc' dir='ltr'>τοιαύτης</span> <span class='ocrx_word' id='word_1_120' title='bbox 1008 1731 1445 1800; x_wconf 76' lang='grc' dir='ltr'>ἀδελφοκτονίας,</span> <span class='ocrx_word' id='word_1_121' title='bbox 1483 1737 1656 1788; x_wconf 85' lang='grc' dir='ltr'>πάντα</span> <span class='ocrx_word' id='word_1_122' title='bbox 1690 1736 1778 1788; x_wconf 88' lang='grc' dir='ltr'>τὸν</span> <span class='ocrx_word' id='word_1_123' title='bbox 1820 1737 1942 1789; x_wconf 88' lang='grc' dir='ltr'>λαὸν</span> <span class='ocrx_word' id='word_1_124' title='bbox 1991 1737 2126 1805; x_wconf 79' lang='grc' dir='ltr'>ἔχων</span> 
     </span>
    </p>
   </div>
   <div class='ocr_carea' id='block_1_17' title="bbox 586 1810 2121 1890">
    <p class='ocr_par' dir='ltr' id='par_1_17' title="bbox 586 1810 2121 1890">
     <span class='ocr_line' id='line_1_17' title="bbox 586 1810 2121 1890; baseline 0.008 -28"><span class='ocrx_word' id='word_1_125' title='bbox 586 1810 908 1883; x_wconf 77' lang='grc' dir='ltr'>ὑποχείριον,</span> <span class='ocrx_word' id='word_1_126' title='bbox 935 1818 1288 1870; x_wconf 88' lang='grc' dir='ltr'>συνεπάλαισέ</span> <span class='ocrx_word' id='word_1_127' title='bbox 1327 1837 1428 1872; x_wconf 88' lang='grc' dir='ltr'>τινι</span> <span class='ocrx_word' id='word_1_128' title='bbox 1472 1821 1616 1873; x_wconf 87' lang='grc' dir='ltr'>πόλει</span> <span class='ocrx_word' id='word_1_129' title='bbox 1648 1822 2001 1890; x_wconf 83' lang='grc' dir='ltr'>τειχομαχῶν,</span> <span class='ocrx_word' id='word_1_130' title='bbox 2031 1826 2121 1874; x_wconf 81' lang='grc' dir='ltr'>καὶ</span> 
     </span>
    </p>
   </div>
   <div class='ocr_carea' id='block_1_18' title="bbox 585 1895 2118 1974">
    <p class='ocr_par' dir='ltr' id='par_1_18' title="bbox 585 1895 2118 1974">
     <span class='ocr_line' id='line_1_18' title="bbox 585 1895 2118 1974; baseline 0.007 -28"><span class='ocrx_word' id='word_1_131' title='bbox 585 1895 799 1949; x_wconf 84' lang='grc' dir='ltr'>πάντων</span> <span class='ocrx_word' id='word_1_132' title='bbox 841 1902 1222 1968; x_wconf 88' lang='grc' dir='ltr'>ναρκησάντων</span> <span class='ocrx_word' id='word_1_133' title='bbox 1272 1904 1404 1972; x_wconf 87' lang='grc' dir='ltr'>πρὸς</span> <span class='ocrx_word' id='word_1_134' title='bbox 1441 1904 1536 1972; x_wconf 79' lang='grc' dir='ltr'>τὴν</span> <span class='ocrx_word' id='word_1_135' title='bbox 1581 1904 1705 1956; x_wconf 89' lang='grc' dir='ltr'>θέαν</span> <span class='ocrx_word' id='word_1_136' title='bbox 1741 1905 1833 1955; x_wconf 88' lang='grc' dir='ltr'>τοῦ</span> <span class='ocrx_word' id='word_1_137' title='bbox 1869 1905 2118 1974; x_wconf 89' lang='grc' dir='ltr'>πολέμου,</span> 
     </span>
    </p>
   </div>
   <div class='ocr_carea' id='block_1_19' title="bbox 585 1981 2122 2058">
    <p class='ocr_par' dir='ltr' id='par_1_19' title="bbox 585 1981 2122 2058">
     <span class='ocr_line' id='line_1_19' title="bbox 585 1981 2122 2058; baseline 0.008 -26"><span class='ocrx_word' id='word_1_138' title='bbox 585 1981 747 2033; x_wconf 85' lang='grc' dir='ltr'>πάλιν</span> <span class='ocrx_word' id='word_1_139' title='bbox 791 1983 818 2032; x_wconf 81' lang='grc' dir='ltr'>ὁ</span> <span class='ocrx_word' id='word_1_140' title='bbox 852 1984 981 2046; x_wconf 86' lang='grc' dir='ltr'>Θεὸς</span> <span class='ocrx_word' id='word_1_141' title='bbox 1015 1988 1262 2051; x_wconf 85' lang='grc' dir='ltr'>γυναικὸς</span> <span class='ocrx_word' id='word_1_142' title='bbox 1304 1991 1458 2058; x_wconf 84' lang='grc' dir='ltr'>χεῖρα</span> <span class='ocrx_word' id='word_1_143' title='bbox 1491 1990 1780 2058; x_wconf 86' lang='grc' dir='ltr'>νευρώσας,</span> <span class='ocrx_word' id='word_1_144' title='bbox 1831 1995 1971 2043; x_wconf 85' lang='grc' dir='ltr'>ποιεῖ</span> <span class='ocrx_word' id='word_1_145' title='bbox 2006 2010 2122 2044; x_wconf 84' lang='grc' dir='ltr'>τινα</span> 
     </span>
    </p>
   </div>
   <div class='ocr_carea' id='block_1_20' title="bbox 585 2069 2120 2146">
    <p class='ocr_par' dir='ltr' id='par_1_20' title="bbox 585 2069 2120 2146">
     <span class='ocr_line' id='line_1_20' title="bbox 585 2069 2120 2146; baseline 0.008 -28"><span class='ocrx_word' id='word_1_146' title='bbox 585 2069 812 2132; x_wconf 86' lang='grc' dir='ltr'>γυναῖκα</span> <span class='ocrx_word' id='word_1_147' title='bbox 839 2071 1066 2138; x_wconf 85' lang='grc' dir='ltr'>φανῆναι</span> <span class='ocrx_word' id='word_1_148' title='bbox 1095 2073 1156 2123; x_wconf 88' lang='grc' dir='ltr'>ἐκ</span> <span class='ocrx_word' id='word_1_149' title='bbox 1181 2072 1272 2124; x_wconf 88' lang='grc' dir='ltr'>τοῦ</span> <span class='ocrx_word' id='word_1_150' title='bbox 1300 2076 1506 2143; x_wconf 75' lang='grc' dir='ltr'>τείχους</span> <span class='ocrx_word' id='word_1_151' title='bbox 1527 2115 1540 2136; x_wconf 95' lang='grc'>,</span> <span class='ocrx_word' id='word_1_152' title='bbox 1567 2078 1685 2144; x_wconf 74' lang='grc' dir='ltr'>ἥτις</span> <span class='ocrx_word' id='word_1_153' title='bbox 1717 2077 1929 2144; x_wconf 78' lang='grc' dir='ltr'>κλάσμα</span> <span class='ocrx_word' id='word_1_154' title='bbox 1958 2078 2120 2146; x_wconf 81' lang='grc' dir='ltr'>μύλου</span> 
     </span>
    </p>
   </div>
   <div class='ocr_carea' id='block_1_21' title="bbox 584 2150 2122 2231">
    <p class='ocr_par' dir='ltr' id='par_1_21' title="bbox 584 2150 2122 2231">
     <span class='ocr_line' id='line_1_21' title="bbox 584 2150 2122 2231; baseline 0.011 -30"><span class='ocrx_word' id='word_1_155' title='bbox 584 2150 839 2219; x_wconf 68' lang='grc' dir='ltr'>λαϐοῦσα,</span> <span class='ocrx_word' id='word_1_156' title='bbox 866 2156 1121 2225; x_wconf 72' lang='grc' dir='ltr'>ἐπέρριψε</span> <span class='ocrx_word' id='word_1_157' title='bbox 1147 2161 1208 2226; x_wconf 81' lang='grc' dir='ltr'>τῇ</span> <span class='ocrx_word' id='word_1_158' title='bbox 1233 2161 1434 2229; x_wconf 80' lang='grc' dir='ltr'>κεφαλῇ</span> <span class='ocrx_word' id='word_1_159' title='bbox 1457 2162 1548 2213; x_wconf 87' lang='grc' dir='ltr'>τοῦ</span> <span class='ocrx_word' id='word_1_160' title='bbox 1575 2165 1853 2231; x_wconf 85' lang='grc' dir='ltr'>τυράννου,</span> <span class='ocrx_word' id='word_1_161' title='bbox 1877 2166 1966 2216; x_wconf 74' lang='grc' dir='ltr'>καὶ</span> <span class='ocrx_word' id='word_1_162' title='bbox 1999 2183 2122 2218; x_wconf 85' lang='grc' dir='ltr'>συν-</span> 
     </span>
    </p>
   </div>
   <div class='ocr_carea' id='block_1_22' title="bbox 587 2237 2120 2319">
    <p class='ocr_par' dir='ltr' id='par_1_22' title="bbox 587 2237 2120 2319">
     <span class='ocr_line' id='line_1_22' title="bbox 587 2237 2120 2319; baseline 0.011 -32"><span class='ocrx_word' id='word_1_163' title='bbox 587 2237 803 2305; x_wconf 68' lang='grc' dir='ltr'>έτριψεν</span> <span class='ocrx_word' id='word_1_164' title='bbox 831 2241 991 2292; x_wconf 76' lang='grc' dir='ltr'>αὑτοῦ</span> <span class='ocrx_word' id='word_1_165' title='bbox 1025 2243 1083 2294; x_wconf 91' lang='grc' dir='ltr'>τὸ</span> <span class='ocrx_word' id='word_1_166' title='bbox 1119 2245 1352 2311; x_wconf 83' lang='grc' dir='ltr'>κρανίον.</span> <span class='ocrx_word' id='word_1_167' title='bbox 1406 2246 1512 2297; x_wconf 72' lang='grc' dir='ltr'>Καὶ</span> <span class='ocrx_word' id='word_1_168' title='bbox 1538 2250 1635 2315; x_wconf 80' lang='grc' dir='ltr'>ὅρα</span> <span class='ocrx_word' id='word_1_169' title='bbox 1661 2248 1752 2299; x_wconf 88' lang='grc' dir='ltr'>τοῦ</span> <span class='ocrx_word' id='word_1_170' title='bbox 1782 2250 2120 2319; x_wconf 77' lang='grc' dir='ltr'>ὑπερηφάνου</span> 
     </span>
    </p>
   </div>
   <div class='ocr_carea' id='block_1_23' title="bbox 585 2321 2124 2406">
    <p class='ocr_par' dir='ltr' id='par_1_23' title="bbox 585 2321 2124 2406">
     <span class='ocr_line' id='line_1_23' title="bbox 585 2321 2124 2406; baseline 0.01 -33"><span class='ocrx_word' id='word_1_171' title='bbox 585 2321 680 2391; x_wconf 71' lang='grc' dir='ltr'>τὴν</span> <span class='ocrx_word' id='word_1_172' title='bbox 711 2325 940 2394; x_wconf 81' lang='grc' dir='ltr'>ἄμετρον</span> <span class='ocrx_word' id='word_1_173' title='bbox 966 2328 1157 2381; x_wconf 81' lang='grc' dir='ltr'>κακίαν</span> <span class='ocrx_word' id='word_1_174' title='bbox 1185 2331 1664 2386; x_wconf 82' lang='grc' dir='ltr'>συναποθανοῦσαν.</span> <span class='ocrx_word' id='word_1_175' title='bbox 1696 2335 1854 2401; x_wconf 81' lang='grc' dir='ltr'>Λέγει</span> <span class='ocrx_word' id='word_1_176' title='bbox 1881 2337 1956 2404; x_wconf 80' lang='grc' dir='ltr'>τῷ</span> <span class='ocrx_word' id='word_1_177' title='bbox 1990 2355 2124 2406; x_wconf 84' lang='grc' dir='ltr'>παρ-</span> 
     </span>
    </p>
   </div>
   <div class='ocr_carea' id='block_1_24' title="bbox 587 2407 2124 2485">
    <p class='ocr_par' dir='ltr' id='par_1_24' title="bbox 587 2407 2124 2485">
     <span class='ocr_line' id='line_1_24' title="bbox 587 2407 2124 2485; baseline 0.01 -27"><span class='ocrx_word' id='word_1_178' title='bbox 587 2407 775 2460; x_wconf 84' lang='grc' dir='ltr'>εστῶτι</span> <span class='ocrx_word' id='word_1_179' title='bbox 803 2410 1078 2480; x_wconf 87' lang='grc' dir='ltr'>δορυφόρῳ</span> <span class='ocrx_word' id='word_1_180' title='bbox 1097 2430 1110 2443; x_wconf 88' lang='grc'>·</span> <span class='ocrx_word' id='word_1_181' title='bbox 1137 2414 1367 2466; x_wconf 81' lang='grc' dir='ltr'>Σπάσαι</span> <span class='ocrx_word' id='word_1_182' title='bbox 1404 2416 1515 2481; x_wconf 78' lang='grc' dir='ltr'>τὴν</span> <span class='ocrx_word' id='word_1_183' title='bbox 1541 2418 1835 2485; x_wconf 80' lang='grc' dir='ltr'>μάχαιράν</span> <span class='ocrx_word' id='word_1_184' title='bbox 1864 2435 1999 2483; x_wconf 90' lang='grc' dir='ltr'>σου,</span> <span class='ocrx_word' id='word_1_185' title='bbox 2028 2423 2124 2473; x_wconf 81' lang='grc' dir='ltr'>καὶ</span> 
     </span>
    </p>
   </div>
   <div class='ocr_carea' id='block_1_25' title="bbox 588 2493 2124 2568">
    <p class='ocr_par' dir='ltr' id='par_1_25' title="bbox 588 2493 2124 2568">
     <span class='ocr_line' id='line_1_25' title="bbox 588 2493 2124 2568; baseline 0.01 -28"><span class='ocrx_word' id='word_1_186' title='bbox 588 2493 825 2556; x_wconf 75' lang='grc' dir='ltr'>πλῆξόν</span> <span class='ocrx_word' id='word_1_187' title='bbox 860 2512 966 2562; x_wconf 83' lang='grc' dir='ltr'>με,</span> <span class='ocrx_word' id='word_1_188' title='bbox 1019 2497 1115 2548; x_wconf 85' lang='grc' dir='ltr'>ἵνα</span> <span class='ocrx_word' id='word_1_189' title='bbox 1150 2499 1233 2563; x_wconf 80' lang='grc' dir='ltr'>μὴ</span> <span class='ocrx_word' id='word_1_190' title='bbox 1279 2501 1518 2552; x_wconf 78' lang='grc' dir='ltr'>εἴπωσι·</span> <span class='ocrx_word' id='word_1_191' title='bbox 1575 2504 1739 2568; x_wconf 81' lang='grc' dir='ltr'>Γυνὴ</span> <span class='ocrx_word' id='word_1_192' title='bbox 1791 2505 1974 2556; x_wconf 84' lang='grc' dir='ltr'>αὐτὸν</span> <span class='ocrx_word' id='word_1_193' title='bbox 2013 2507 2124 2560; x_wconf 79' lang='grc' dir='ltr'>ἀπ-</span> 
     </span>
    </p>
   </div>
   <div class='ocr_carea' id='block_1_26' title="bbox 587 2577 2126 2660">
    <p class='ocr_par' dir='ltr' id='par_1_26' title="bbox 587 2577 2126 2660">
     <span class='ocr_line' id='line_1_26' title="bbox 587 2577 2126 2660; baseline 0.009 -31"><span class='ocrx_word' id='word_1_194' title='bbox 587 2577 828 2632; x_wconf 74' lang='grc' dir='ltr'>έκτεινε.</span> <span class='ocrx_word' id='word_1_195' title='bbox 880 2581 949 2633; x_wconf 89' lang='grc' dir='ltr'>Τὸ</span> <span class='ocrx_word' id='word_1_196' title='bbox 980 2585 1133 2650; x_wconf 85' lang='grc' dir='ltr'>σῶμα</span> <span class='ocrx_word' id='word_1_197' title='bbox 1173 2586 1331 2636; x_wconf 71' lang='grc' dir='ltr'>αὑτοῦ</span> <span class='ocrx_word' id='word_1_198' title='bbox 1377 2587 1700 2656; x_wconf 79' lang='grc' dir='ltr'>ἀπέθνησκε,</span> <span class='ocrx_word' id='word_1_199' title='bbox 1752 2591 1841 2641; x_wconf 78' lang='grc' dir='ltr'>καὶ</span> <span class='ocrx_word' id='word_1_200' title='bbox 1888 2593 1920 2658; x_wconf 82' lang='grc' dir='ltr'>ἡ</span> <span class='ocrx_word' id='word_1_201' title='bbox 1961 2591 2126 2660; x_wconf 86' lang='grc' dir='ltr'>ὑπερ-</span> 
     </span>
    </p>
   </div>
   <div class='ocr_carea' id='block_1_27' title="bbox 589 2665 2124 2742">
    <p class='ocr_par' dir='ltr' id='par_1_27' title="bbox 589 2665 2124 2742">
     <span class='ocr_line' id='line_1_27' title="bbox 589 2665 2124 2742; baseline 0.008 -28"><span class='ocrx_word' id='word_1_202' title='bbox 589 2665 792 2731; x_wconf 71' lang='grc' dir='ltr'>ηφανία</span> <span class='ocrx_word' id='word_1_203' title='bbox 822 2665 1006 2734; x_wconf 75' lang='grc' dir='ltr'>ἔμενεν</span> <span class='ocrx_word' id='word_1_204' title='bbox 1025 2685 1040 2698; x_wconf 62' lang='grc' dir='ltr'><em>υ</em></span> <span class='ocrx_word' id='word_1_205' title='bbox 1067 2669 1346 2722; x_wconf 79' lang='grc' dir='ltr'>ἀπετίθετο</span> <span class='ocrx_word' id='word_1_206' title='bbox 1372 2672 1467 2741; x_wconf 80' lang='grc' dir='ltr'>τὴν</span> <span class='ocrx_word' id='word_1_207' title='bbox 1503 2673 1667 2742; x_wconf 78' lang='grc' dir='ltr'>ζωὴν,</span> <span class='ocrx_word' id='word_1_208' title='bbox 1694 2675 1783 2724; x_wconf 70' lang='grc' dir='ltr'>καὶ</span> <span class='ocrx_word' id='word_1_209' title='bbox 1805 2676 1903 2727; x_wconf 87' lang='grc' dir='ltr'>ούκ</span> <span class='ocrx_word' id='word_1_210' title='bbox 1937 2677 2124 2728; x_wconf 83' lang='grc' dir='ltr'>ἀπετί-</span> 
     </span>
    </p>
   </div>
   <div class='ocr_carea' id='block_1_28' title="bbox 592 2747 2125 2829">
    <p class='ocr_par' dir='ltr' id='par_1_28' title="bbox 592 2747 2125 2829">
     <span class='ocr_line' id='line_1_28' title="bbox 592 2747 2125 2829; baseline 0.01 -31"><span class='ocrx_word' id='word_1_211' title='bbox 592 2747 709 2800; x_wconf 83' lang='grc' dir='ltr'>θετο</span> <span class='ocrx_word' id='word_1_212' title='bbox 735 2749 830 2818; x_wconf 81' lang='grc' dir='ltr'>τὴν</span> <span class='ocrx_word' id='word_1_213' title='bbox 863 2753 1178 2816; x_wconf 79' lang='grc' dir='ltr'>κενοδοξίαν.</span> <span class='ocrx_word' id='word_1_214' title='bbox 1211 2755 1317 2805; x_wconf 76' lang='grc' dir='ltr'>Καὶ</span> <span class='ocrx_word' id='word_1_215' title='bbox 1345 2755 1434 2805; x_wconf 91' lang='grc' dir='ltr'>νῦν</span> <span class='ocrx_word' id='word_1_216' title='bbox 1479 2757 1539 2806; x_wconf 82' lang='grc' dir='ltr'>οὐ</span> <span class='ocrx_word' id='word_1_217' title='bbox 1582 2757 1751 2809; x_wconf 82' lang='grc' dir='ltr'>λείπει</span> <span class='ocrx_word' id='word_1_218' title='bbox 1781 2759 1855 2826; x_wconf 85' lang='grc' dir='ltr'>τῷ</span> <span class='ocrx_word' id='word_1_219' title='bbox 1886 2760 2000 2829; x_wconf 82' lang='grc' dir='ltr'>Θεῷ</span> <span class='ocrx_word' id='word_1_220' title='bbox 2033 2765 2125 2812; x_wconf 89' lang='grc' dir='ltr'>Δε-</span> 
     </span>
    </p>
   </div>
   <div class='ocr_carea' id='block_1_29' title="bbox 591 2833 2124 2914">
    <p class='ocr_par' dir='ltr' id='par_1_29' title="bbox 591 2833 2124 2914">
     <span class='ocr_line' id='line_1_29' title="bbox 591 2833 2124 2914; baseline 0.01 -32"><span class='ocrx_word' id='word_1_221' title='bbox 591 2833 768 2903; x_wconf 74' lang='grc' dir='ltr'>ϐώρα,</span> <span class='ocrx_word' id='word_1_222' title='bbox 801 2836 858 2887; x_wconf 80' lang='grc' dir='ltr'>οὺ</span> <span class='ocrx_word' id='word_1_223' title='bbox 886 2836 1054 2888; x_wconf 86' lang='grc' dir='ltr'>λείπει</span> <span class='ocrx_word' id='word_1_224' title='bbox 1085 2839 1160 2906; x_wconf 82' lang='grc' dir='ltr'>τῷ</span> <span class='ocrx_word' id='word_1_225' title='bbox 1194 2839 1308 2907; x_wconf 85' lang='grc' dir='ltr'>Θεῴ</span> <span class='ocrx_word' id='word_1_226' title='bbox 1363 2840 1524 2909; x_wconf 84' lang='grc' dir='ltr'>Ἰαήλ.</span> <span class='ocrx_word' id='word_1_227' title='bbox 1566 2844 1795 2910; x_wconf 87' lang='grc' dir='ltr'>Ἕχομεν</span> <span class='ocrx_word' id='word_1_228' title='bbox 1836 2846 1926 2896; x_wconf 81' lang='grc' dir='ltr'>καὶ</span> <span class='ocrx_word' id='word_1_229' title='bbox 1971 2849 2124 2914; x_wconf 74' lang='grc' dir='ltr'>ἡμεῖς</span> 
     </span>
    </p>
   </div>
   <div class='ocr_carea' id='block_1_30' title="bbox 590 2917 2125 2998">
    <p class='ocr_par' dir='ltr' id='par_1_30' title="bbox 590 2917 2125 2998">
     <span class='ocr_line' id='line_1_30' title="bbox 590 2917 2125 2998; baseline 0.01 -29"><span class='ocrx_word' id='word_1_230' title='bbox 590 2917 683 2984; x_wconf 76' lang='grc' dir='ltr'>τὴν</span> <span class='ocrx_word' id='word_1_231' title='bbox 708 2919 866 2985; x_wconf 90' lang='grc' dir='ltr'>ἀγίαν</span> <span class='ocrx_word' id='word_1_232' title='bbox 888 2921 1153 2988; x_wconf 90' lang='grc' dir='ltr'>Παρθένον</span> <span class='ocrx_word' id='word_1_233' title='bbox 1176 2925 1266 2974; x_wconf 76' lang='grc' dir='ltr'>καὶ</span> <span class='ocrx_word' id='word_1_234' title='bbox 1288 2924 1539 2976; x_wconf 85' lang='grc' dir='ltr'>Θεοτόκον</span> <span class='ocrx_word' id='word_1_235' title='bbox 1565 2929 1775 2996; x_wconf 86' lang='grc' dir='ltr'>Μαρίαν</span> <span class='ocrx_word' id='word_1_236' title='bbox 1803 2932 2125 2998; x_wconf 80' lang='grc' dir='ltr'>πρεσϐεύουο</span> 
     </span>
    </p>
   </div>
   <div class='ocr_carea' id='block_1_31' title="bbox 593 3005 2124 3087">
    <p class='ocr_par' dir='ltr' id='par_1_31' title="bbox 593 3005 2124 3087">
     <span class='ocr_line' id='line_1_31' title="bbox 593 3005 2124 3087; baseline 0.011 -33"><span class='ocrx_word' id='word_1_237' title='bbox 593 3019 690 3054; x_wconf 80' lang='grc' dir='ltr'>σαν</span> <span class='ocrx_word' id='word_1_238' title='bbox 718 3005 852 3074; x_wconf 82' lang='grc' dir='ltr'>ὑπὲρ</span> <span class='ocrx_word' id='word_1_239' title='bbox 880 3008 1091 3074; x_wconf 74' lang='grc' dir='ltr'>ἡμῶνα.</span> <span class='ocrx_word' id='word_1_240' title='bbox 1128 3010 1188 3058; x_wconf 79' lang='lat' dir='ltr'><strong>Ei</strong></span> <span class='ocrx_word' id='word_1_241' title='bbox 1223 3010 1325 3076; x_wconf 84' lang='grc' dir='ltr'>γὰρ</span> <span class='ocrx_word' id='word_1_242' title='bbox 1367 3013 1398 3078; x_wconf 84' lang='grc' dir='ltr'>ἡ</span> <span class='ocrx_word' id='word_1_243' title='bbox 1451 3013 1680 3079; x_wconf 83' lang='grc' dir='ltr'>τυχοῦσα</span> <span class='ocrx_word' id='word_1_244' title='bbox 1724 3018 1856 3084; x_wconf 83' lang='grc' dir='ltr'>γυνὴ</span> <span class='ocrx_word' id='word_1_245' title='bbox 1889 3018 2124 3087; x_wconf 79' lang='grc' dir='ltr'>ἐνίκησε,</span> 
     </span>
    </p>
   </div>
   <div class='ocr_carea' id='block_1_32' title="bbox 593 3088 2128 3167">
    <p class='ocr_par' dir='ltr' id='par_1_32' title="bbox 593 3088 2128 3167">
     <span class='ocr_line' id='line_1_32' title="bbox 593 3088 2128 3167; baseline 0.01 -29"><span class='ocrx_word' id='word_1_246' title='bbox 593 3088 738 3157; x_wconf 84' lang='grc' dir='ltr'>πόσῳ</span> <span class='ocrx_word' id='word_1_247' title='bbox 769 3089 964 3157; x_wconf 82' lang='grc' dir='ltr'>μᾶλλον</span> <span class='ocrx_word' id='word_1_248' title='bbox 993 3094 1022 3159; x_wconf 89' lang='grc' dir='ltr'><strong>ἠ</strong></span> <span class='ocrx_word' id='word_1_249' title='bbox 1049 3092 1138 3142; x_wconf 88' lang='grc' dir='ltr'>τοῦ</span> <span class='ocrx_word' id='word_1_250' title='bbox 1164 3093 1394 3162; x_wconf 77' lang='grc' dir='ltr'>Χριστοῦ</span> <span class='ocrx_word' id='word_1_251' title='bbox 1429 3096 1605 3164; x_wconf 82' lang='grc' dir='ltr'>μήτηρ</span> <span class='ocrx_word' id='word_1_252' title='bbox 1642 3100 1984 3167; x_wconf 82' lang='grc' dir='ltr'>καταισχύνει</span> <span class='ocrx_word' id='word_1_253' title='bbox 2005 3105 2128 3166; x_wconf 77' lang='grc' dir='ltr'>τοὺς</span> 
     </span>
    </p>
   </div>
   <div class='ocr_carea' id='block_1_33' title="bbox 591 3173 2129 3254">
    <p class='ocr_par' dir='ltr' id='par_1_33' title="bbox 591 3173 2129 3254">
     <span class='ocr_line' id='line_1_33' title="bbox 591 3173 2129 3254; baseline 0.01 -30"><span class='ocrx_word' id='word_1_254' title='bbox 591 3173 812 3242; x_wconf 74' lang='grc' dir='ltr'>ἐχθροὺς</span> <span class='ocrx_word' id='word_1_255' title='bbox 857 3176 953 3244; x_wconf 82' lang='grc' dir='ltr'>τῆς</span> <span class='ocrx_word' id='word_1_256' title='bbox 1011 3177 1294 3245; x_wconf 72' lang='grc' dir='ltr'>ἀληθείαςς</span> <span class='ocrx_word' id='word_1_257' title='bbox 1347 3181 1646 3232; x_wconf 83' lang='grc' dir='ltr'>Πανοπλίαν</span> <span class='ocrx_word' id='word_1_258' title='bbox 1700 3185 2050 3254; x_wconf 72' lang='grc' dir='ltr'>ἐνδυόμενοςδ</span> <span class='ocrx_word' id='word_1_259' title='bbox 2103 3192 2129 3240; x_wconf 88' lang='grc' dir='ltr'>ὁ</span> 
     </span>
    </p>
   </div>
   <div class='ocr_carea' id='block_1_34' title="bbox 591 3255 2129 3342">
    <p class='ocr_par' dir='ltr' id='par_1_34' title="bbox 591 3255 2129 3342">
     <span class='ocr_line' id='line_1_34' title="bbox 591 3255 2129 3342; baseline 0.011 -35"><span class='ocrx_word' id='word_1_260' title='bbox 591 3255 810 3326; x_wconf 80' lang='grc' dir='ltr'>Ἐχθρὸς</span> <span class='ocrx_word' id='word_1_261' title='bbox 829 3260 1038 3327; x_wconf 88' lang='grc' dir='ltr'>ἐνόμισε</span> <span class='ocrx_word' id='word_1_262' title='bbox 1061 3267 1286 3329; x_wconf 86' lang='grc' dir='ltr'>γυναῖκα</span> <span class='ocrx_word' id='word_1_263' title='bbox 1306 3260 1441 3317; x_wconf 79' lang='grc' dir='ltr'>εἶναι</span> <span class='ocrx_word' id='word_1_264' title='bbox 1463 3266 1873 3339; x_wconf 76' lang='grc' dir='ltr'>χλευαζομένην,</span> <span class='ocrx_word' id='word_1_265' title='bbox 1895 3274 1984 3325; x_wconf 68' lang='grc' dir='ltr'>καὶ</span> <span class='ocrx_word' id='word_1_266' title='bbox 2008 3266 2129 3342; x_wconf 75' lang='grc' dir='ltr'>εὗρε</span> 
     </span>
    </p>
   </div>
   <div class='ocr_carea' id='block_1_35' title="bbox 653 3551 1468 3614">
    <p class='ocr_par' dir='ltr' id='par_1_35' title="bbox 653 3551 1468 3614">
     <span class='ocr_line' id='line_1_35' title="bbox 653 3551 1468 3614; baseline 0.012 -18"><span class='ocrx_word' id='word_1_267' title='bbox 653 3557 675 3584; x_wconf 70' lang='grc' dir='ltr'>θ</span> <span class='ocrx_word' id='word_1_268' title='bbox 707 3551 842 3614; x_wconf 48' lang='lat' dir='ltr'><strong>tinus</strong></span> <span class='ocrx_word' id='word_1_269' title='bbox 859 3555 971 3614; x_wconf 79' lang='grc' dir='ltr'>ὑπὲρ</span> <span class='ocrx_word' id='word_1_270' title='bbox 992 3557 1124 3614; x_wconf 81' lang='grc' dir='ltr'>ἡμῶν</span> <span class='ocrx_word' id='word_1_271' title='bbox 1148 3558 1468 3614; x_wconf 83' lang='grc' dir='ltr'>ἀδιαλείπτως.</span> 
     </span>
    </p>
   </div>
   <div class='ocr_carea' id='block_1_36' title="bbox 1752 417 2627 491">
    <p class='ocr_par' dir='ltr' id='par_1_36' title="bbox 1752 417 2627 491">
     <span class='ocr_line' id='line_1_36' title="bbox 1752 417 2627 491; baseline 0.005 -18"><span class='ocrx_word' id='word_1_272' title='bbox 1752 417 1820 474; x_wconf 85' lang='grc' dir='ltr'><strong>ΙΝ</strong></span> <span class='ocrx_word' id='word_1_273' title='bbox 1859 419 2180 477; x_wconf 77' lang='lat' dir='ltr'>HOMILIAM</span> <span class='ocrx_word' id='word_1_274' title='bbox 2221 421 2627 491; x_wconf 81' lang='lat' dir='ltr'>SEQUENTEM</span> 
     </span>
    </p>
   </div>
   <div class='ocr_carea' id='block_1_37' title="bbox 3667 452 3784 505">
    <p class='ocr_par' dir='ltr' id='par_1_37' title="bbox 3667 452 3784 505">
     <span class='ocr_line' id='line_1_37' title="bbox 3667 452 3784 505; baseline 0.026 -3"><span class='ocrx_word' id='word_1_275' title='bbox 3667 452 3784 505; x_wconf 80' lang='lat'>410</span> 
     </span>
    </p>
   </div>
   <div class='ocr_carea' id='block_1_38' title="bbox 2222 543 3779 615">
    <p class='ocr_par' dir='ltr' id='par_1_38' title="bbox 2222 543 3779 615">
     <span class='ocr_line' id='line_1_38' title="bbox 2222 543 3779 615; baseline 0.001 -19"><span class='ocrx_word' id='word_1_276' title='bbox 2222 547 2514 614; x_wconf 80' lang='grc' dir='ltr'>στρατηγὸν</span> <span class='ocrx_word' id='word_1_277' title='bbox 2535 545 2946 615; x_wconf 80' lang='grc' dir='ltr'>ἀγωνιζόμενον.</span> <span class='ocrx_word' id='word_1_278' title='bbox 2975 546 3083 597; x_wconf 80' lang='grc' dir='ltr'>Οὐκ</span> <span class='ocrx_word' id='word_1_279' title='bbox 3105 543 3318 614; x_wconf 78' lang='grc' dir='ltr'>ἐνόμισε</span> <span class='ocrx_word' id='word_1_280' title='bbox 3345 546 3584 614; x_wconf 83' lang='grc' dir='ltr'>μνήματι</span> <span class='ocrx_word' id='word_1_281' title='bbox 3615 545 3779 599; x_wconf 75' lang='grc' dir='ltr'>ἅπτε-</span> 
     </span>
    </p>
   </div>
   <div class='ocr_carea' id='block_1_39' title="bbox 2223 631 3773 700">
    <p class='ocr_par' dir='ltr' id='par_1_39' title="bbox 2223 631 3773 700">
     <span class='ocr_line' id='line_1_39' title="bbox 2223 631 3773 700; baseline 0.001 -20"><span class='ocrx_word' id='word_1_282' title='bbox 2223 631 2361 693; x_wconf 87' lang='grc' dir='ltr'>σθαι,</span> <span class='ocrx_word' id='word_1_283' title='bbox 2393 632 2483 683; x_wconf 67' lang='grc' dir='ltr'>κα)⁸</span> <span class='ocrx_word' id='word_1_284' title='bbox 2529 631 2720 700; x_wconf 79' lang='grc' dir='ltr'>εὑρέθη</span> <span class='ocrx_word' id='word_1_285' title='bbox 2763 631 2906 699; x_wconf 85' lang='grc' dir='ltr'>αύτῷ</span> <span class='ocrx_word' id='word_1_286' title='bbox 2938 632 3130 697; x_wconf 83' lang='grc' dir='ltr'>τάφος·</span> <span class='ocrx_word' id='word_1_287' title='bbox 3164 631 3359 699; x_wconf 79' lang='grc' dir='ltr'>νεκρὰν</span> <span class='ocrx_word' id='word_1_288' title='bbox 3388 631 3600 700; x_wconf 76' lang='grc' dir='ltr'>ἐνόμισε</span> <span class='ocrx_word' id='word_1_289' title='bbox 3623 672 3636 693; x_wconf 92' lang='grc'>,</span> <span class='ocrx_word' id='word_1_290' title='bbox 3677 633 3773 683; x_wconf 78' lang='grc' dir='ltr'>καὶ</span> 
     </span>
    </p>
   </div>
   <div class='ocr_carea' id='block_1_40' title="bbox 2220 715 3776 784">
    <p class='ocr_par' dir='ltr' id='par_1_40' title="bbox 2220 715 3776 784">
     <span class='ocr_line' id='line_1_40' title="bbox 2220 715 3776 784; baseline 0.001 -19"><span class='ocrx_word' id='word_1_291' title='bbox 2220 716 2487 784; x_wconf 75' lang='grc' dir='ltr'>ἐνεκρώθη</span> <span class='ocrx_word' id='word_1_292' title='bbox 2509 717 2594 766; x_wconf 84' lang='grc' dir='ltr'>ὑπ’</span> <span class='ocrx_word' id='word_1_293' title='bbox 2615 717 3046 784; x_wconf 81' lang='grc' dir='ltr'>αύτῆς.”Εχομεν</span> <span class='ocrx_word' id='word_1_294' title='bbox 3065 716 3158 783; x_wconf 77' lang='grc' dir='ltr'>τὴν</span> <span class='ocrx_word' id='word_1_295' title='bbox 3176 715 3456 766; x_wconf 79' lang='grc' dir='ltr'>δέσποιναν</span> <span class='ocrx_word' id='word_1_296' title='bbox 3493 716 3647 784; x_wconf 79' lang='grc' dir='ltr'>ἡμῶν</span> <span class='ocrx_word' id='word_1_297' title='bbox 3674 716 3776 784; x_wconf 81' lang='grc' dir='ltr'>τὴν</span> 
     </span>
    </p>
   </div>
   <div class='ocr_carea' id='block_1_41' title="bbox 2221 798 3778 870">
    <p class='ocr_par' dir='ltr' id='par_1_41' title="bbox 2221 798 3778 870">
     <span class='ocr_line' id='line_1_41' title="bbox 2221 798 3778 870; baseline 0.001 -22"><span class='ocrx_word' id='word_1_298' title='bbox 2221 800 2377 865; x_wconf 80' lang='grc' dir='ltr'>ἁγίαν</span> <span class='ocrx_word' id='word_1_299' title='bbox 2399 800 2609 868; x_wconf 86' lang='grc' dir='ltr'>Μαρίαν</span> <span class='ocrx_word' id='word_1_300' title='bbox 2639 801 2734 870; x_wconf 85' lang='grc' dir='ltr'>τὴν</span> <span class='ocrx_word' id='word_1_301' title='bbox 2767 801 3019 852; x_wconf 85' lang='grc' dir='ltr'>Θεοτόκον</span> <span class='ocrx_word' id='word_1_302' title='bbox 3038 819 3049 830; x_wconf 93' lang='grc'>·</span> <span class='ocrx_word' id='word_1_303' title='bbox 3075 798 3206 850; x_wconf 86' lang='grc' dir='ltr'>ἀλλὰ</span> <span class='ocrx_word' id='word_1_304' title='bbox 3236 799 3388 867; x_wconf 90' lang='grc' dir='ltr'>χρεία</span> <span class='ocrx_word' id='word_1_305' title='bbox 3420 800 3509 854; x_wconf 69' lang='grc' dir='ltr'>καὶ</span> <span class='ocrx_word' id='word_1_306' title='bbox 3542 801 3778 852; x_wconf 84' lang='grc' dir='ltr'>ἀποστό-</span> 
     </span>
    </p>
   </div>
   <div class='ocr_carea' id='block_1_42' title="bbox 2218 881 3776 956">
    <p class='ocr_par' dir='ltr' id='par_1_42' title="bbox 2218 881 3776 956">
     <span class='ocr_line' id='line_1_42' title="bbox 2218 881 3776 956; baseline 0 -17"><span class='ocrx_word' id='word_1_307' title='bbox 2218 888 2339 942; x_wconf 86' lang='grc' dir='ltr'>λων.</span> <span class='ocrx_word' id='word_1_308' title='bbox 2369 889 2616 956; x_wconf 73' lang='grc' dir='ltr'>Εἴπωμεν</span> <span class='ocrx_word' id='word_1_309' title='bbox 2656 888 2868 956; x_wconf 81' lang='grc' dir='ltr'>Παύλῳ,</span> <span class='ocrx_word' id='word_1_310' title='bbox 2904 886 3078 948; x_wconf 80' lang='grc' dir='ltr'>καθὼς</span> <span class='ocrx_word' id='word_1_311' title='bbox 3115 881 3264 938; x_wconf 74' lang='grc' dir='ltr'>εἶπον</span> <span class='ocrx_word' id='word_1_312' title='bbox 3296 888 3342 937; x_wconf 76' lang='lat' dir='ltr'>oi</span> <span class='ocrx_word' id='word_1_313' title='bbox 3372 887 3520 936; x_wconf 88' lang='grc' dir='ltr'>τότε·</span> <span class='ocrx_word' id='word_1_314' title='bbox 3561 890 3776 950; x_wconf 71' lang='grc' dir='ltr'>Διαϐὰς</span> 
     </span>
    </p>
   </div>
   <div class='ocr_carea' id='block_1_43' title="bbox 2218 969 3771 1037">
    <p class='ocr_par' dir='ltr' id='par_1_43' title="bbox 2218 969 3771 1037">
     <span class='ocr_line' id='line_1_43' title="bbox 2218 969 3771 1037; baseline -0.001 -14"><span class='ocrx_word' id='word_1_315' title='bbox 2218 974 2303 1034; x_wconf 76' lang='grc' dir='ltr'>εἰς</span> <span class='ocrx_word' id='word_1_316' title='bbox 2336 971 2703 1023; x_wconf 79' lang='grc' dir='ltr'>Μακεδονίαν</span> <span class='ocrx_word' id='word_1_317' title='bbox 2725 970 3036 1037; x_wconf 76' lang='grc' dir='ltr'>βοήθησον</span> <span class='ocrx_word' id='word_1_318' title='bbox 3066 970 3224 1037; x_wconf 77' lang='grc' dir='ltr'>ἡμῖν.</span> <span class='ocrx_word' id='word_1_319' title='bbox 3269 969 3500 1037; x_wconf 87' lang='grc' dir='ltr'>Ἔχομεν</span> <span class='ocrx_word' id='word_1_320' title='bbox 3537 972 3771 1022; x_wconf 83' lang='grc' dir='ltr'>ἀποστό-</span> 
     </span>
    </p>
   </div>
   <div class='ocr_carea' id='block_1_44' title="bbox 2220 1053 3778 1124">
    <p class='ocr_par' dir='ltr' id='par_1_44' title="bbox 2220 1053 3778 1124">
     <span class='ocr_line' id='line_1_44' title="bbox 2220 1053 3778 1124; baseline 0.002 -19"><span class='ocrx_word' id='word_1_321' title='bbox 2220 1055 2361 1116; x_wconf 86' lang='grc' dir='ltr'>λους,</span> <span class='ocrx_word' id='word_1_322' title='bbox 2405 1057 2477 1124; x_wconf 78' lang='grc' dir='ltr'>μὴ</span> <span class='ocrx_word' id='word_1_323' title='bbox 2512 1058 2880 1124; x_wconf 82' lang='grc' dir='ltr'>ναρκήσωμεν.</span> <span class='ocrx_word' id='word_1_324' title='bbox 2915 1053 3057 1123; x_wconf 75' lang='grc'>[416]</span> <span class='ocrx_word' id='word_1_325' title='bbox 3109 1054 3336 1122; x_wconf 85' lang='grc' dir='ltr'>Ἕχομεν</span> <span class='ocrx_word' id='word_1_326' title='bbox 3375 1056 3471 1123; x_wconf 81' lang='grc' dir='ltr'>τὴν</span> <span class='ocrx_word' id='word_1_327' title='bbox 3489 1055 3778 1108; x_wconf 77' lang='grc' dir='ltr'>δέσποιναν</span> 
     </span>
    </p>
   </div>
   <div class='ocr_carea' id='block_1_45' title="bbox 2222 1139 3774 1209">
    <p class='ocr_par' dir='ltr' id='par_1_45' title="bbox 2222 1139 3774 1209">
     <span class='ocr_line' id='line_1_45' title="bbox 2222 1139 3774 1209; baseline 0.003 -21"><span class='ocrx_word' id='word_1_328' title='bbox 2222 1139 2374 1206; x_wconf 81' lang='grc' dir='ltr'>ἡμῶν</span> <span class='ocrx_word' id='word_1_329' title='bbox 2403 1139 2498 1207; x_wconf 83' lang='grc' dir='ltr'>τὴν</span> <span class='ocrx_word' id='word_1_330' title='bbox 2525 1140 2799 1202; x_wconf 85' lang='grc' dir='ltr'>Θεοτόκον,</span> <span class='ocrx_word' id='word_1_331' title='bbox 2834 1141 2929 1208; x_wconf 79' lang='grc' dir='ltr'>τὴν</span> <span class='ocrx_word' id='word_1_332' title='bbox 2962 1140 3117 1205; x_wconf 85' lang='grc' dir='ltr'>ἁγίαν</span> <span class='ocrx_word' id='word_1_333' title='bbox 3149 1140 3494 1208; x_wconf 84' lang='grc' dir='ltr'>ἀειπαρθένον</span> <span class='ocrx_word' id='word_1_334' title='bbox 3531 1142 3774 1209; x_wconf 84' lang='grc' dir='ltr'>Μαρίαν,</span> 
     </span>
    </p>
   </div>
   <div class='ocr_carea' id='block_1_46' title="bbox 2226 1223 3774 1295">
    <p class='ocr_par' dir='ltr' id='par_1_46' title="bbox 2226 1223 3774 1295">
     <span class='ocr_line' id='line_1_46' title="bbox 2226 1223 3774 1295; baseline 0.005 -23"><span class='ocrx_word' id='word_1_335' title='bbox 2226 1223 2298 1292; x_wconf 85' lang='grc' dir='ltr'>μὴ</span> <span class='ocrx_word' id='word_1_336' title='bbox 2337 1223 2670 1293; x_wconf 83' lang='grc' dir='ltr'>ὀκνήσωμεν.</span> <span class='ocrx_word' id='word_1_337' title='bbox 2719 1226 2950 1293; x_wconf 86' lang='grc' dir='ltr'>Ἔχομεν</span> <span class='ocrx_word' id='word_1_338' title='bbox 2982 1226 3070 1276; x_wconf 87' lang='grc' dir='ltr'>τὸν</span> <span class='ocrx_word' id='word_1_339' title='bbox 3117 1225 3271 1294; x_wconf 81' lang='grc' dir='ltr'>χορὸν</span> <span class='ocrx_word' id='word_1_340' title='bbox 3304 1224 3410 1276; x_wconf 89' lang='grc' dir='ltr'>τῶν</span> <span class='ocrx_word' id='word_1_341' title='bbox 3439 1226 3774 1295; x_wconf 86' lang='grc' dir='ltr'>Μαρτύρων,</span> 
     </span>
    </p>
   </div>
   <div class='ocr_carea' id='block_1_47' title="bbox 2227 1306 3775 1377">
    <p class='ocr_par' dir='ltr' id='par_1_47' title="bbox 2227 1306 3775 1377">
     <span class='ocr_line' id='line_1_47' title="bbox 2227 1306 3775 1377; baseline 0.003 -20"><span class='ocrx_word' id='word_1_342' title='bbox 2227 1306 2299 1376; x_wconf 84' lang='grc' dir='ltr'>μὴ</span> <span class='ocrx_word' id='word_1_343' title='bbox 2327 1307 2738 1376; x_wconf 78' lang='grc' dir='ltr'>ρᾳθυμήσωμεν.</span> <span class='ocrx_word' id='word_1_344' title='bbox 2782 1309 2872 1377; x_wconf 84' lang='grc' dir='ltr'>Μὴ</span> <span class='ocrx_word' id='word_1_345' title='bbox 2925 1309 3079 1377; x_wconf 86' lang='grc' dir='ltr'>μόνον</span> <span class='ocrx_word' id='word_1_346' title='bbox 3122 1308 3494 1376; x_wconf 84' lang='grc' dir='ltr'>ἱκετεύσωμεν,</span> <span class='ocrx_word' id='word_1_347' title='bbox 3541 1310 3679 1372; x_wconf 86' lang='grc' dir='ltr'>ἀλλ’,</span> <span class='ocrx_word' id='word_1_348' title='bbox 3727 1313 3775 1362; x_wconf 84' lang='grc' dir='ltr'>εί</span> 
     </span>
    </p>
   </div>
   <div class='ocr_carea' id='block_1_48' title="bbox 2223 1392 3774 1462">
    <p class='ocr_par' dir='ltr' id='par_1_48' title="bbox 2223 1392 3774 1462">
     <span class='ocr_line' id='line_1_48' title="bbox 2223 1392 3774 1462; baseline 0.001 -20"><span class='ocrx_word' id='word_1_349' title='bbox 2223 1392 2385 1452; x_wconf 85' lang='grc' dir='ltr'>δοκεῖ,</span> <span class='ocrx_word' id='word_1_350' title='bbox 2415 1393 2506 1443; x_wconf 73' lang='grc' dir='ltr'>καὶ</span> <span class='ocrx_word' id='word_1_351' title='bbox 2530 1393 2930 1461; x_wconf 89' lang='grc' dir='ltr'>νηστεύσωμεν.</span> <span class='ocrx_word' id='word_1_352' title='bbox 2965 1393 3175 1444; x_wconf 87' lang='grc' dir='ltr'>Βέλτιον</span> <span class='ocrx_word' id='word_1_353' title='bbox 3206 1394 3486 1460; x_wconf 89' lang='grc' dir='ltr'>νηστεῦσαι</span> <span class='ocrx_word' id='word_1_354' title='bbox 3522 1396 3774 1462; x_wconf 77' lang='grc' dir='ltr'>νηστείαν</span> 
     </span>
    </p>
   </div>
   <div class='ocr_carea' id='block_1_49' title="bbox 2227 1475 3775 1546">
    <p class='ocr_par' dir='ltr' id='par_1_49' title="bbox 2227 1475 3775 1546">
     <span class='ocr_line' id='line_1_49' title="bbox 2227 1475 3775 1546; baseline 0.003 -20"><span class='ocrx_word' id='word_1_355' title='bbox 2227 1475 2408 1540; x_wconf 88' lang='grc' dir='ltr'>πόθου,</span> <span class='ocrx_word' id='word_1_356' title='bbox 2464 1477 2554 1527; x_wconf 74' lang='grc' dir='ltr'>καὶ</span> <span class='ocrx_word' id='word_1_357' title='bbox 2596 1477 2668 1545; x_wconf 84' lang='grc' dir='ltr'>μὴ</span> <span class='ocrx_word' id='word_1_358' title='bbox 2706 1476 2954 1546; x_wconf 83' lang='grc' dir='ltr'>νηστείαν</span> <span class='ocrx_word' id='word_1_359' title='bbox 2996 1476 3183 1544; x_wconf 86' lang='grc' dir='ltr'>λιμοῦ·</span> <span class='ocrx_word' id='word_1_360' title='bbox 3224 1476 3421 1545; x_wconf 80' lang='grc' dir='ltr'>βέλτιον</span> <span class='ocrx_word' id='word_1_361' title='bbox 3477 1479 3775 1546; x_wconf 85' lang='grc' dir='ltr'>νηστεῦσαι</span> 
     </span>
    </p>
   </div>
   <div class='ocr_carea' id='block_1_50' title="bbox 2225 1558 3776 1629">
    <p class='ocr_par' dir='ltr' id='par_1_50' title="bbox 2225 1558 3776 1629">
     <span class='ocr_line' id='line_1_50' title="bbox 2225 1558 3776 1629; baseline 0.003 -18"><span class='ocrx_word' id='word_1_362' title='bbox 2225 1558 2470 1628; x_wconf 87' lang='grc' dir='ltr'>νηστείαν</span> <span class='ocrx_word' id='word_1_363' title='bbox 2497 1561 2729 1627; x_wconf 79' lang='grc' dir='ltr'>ἀγάπης,</span> <span class='ocrx_word' id='word_1_364' title='bbox 2754 1562 2846 1612; x_wconf 70' lang='grc' dir='ltr'>καὶ</span> <span class='ocrx_word' id='word_1_365' title='bbox 2879 1562 2952 1628; x_wconf 77' lang='grc' dir='ltr'>μὴ</span> <span class='ocrx_word' id='word_1_366' title='bbox 2981 1560 3226 1628; x_wconf 83' lang='grc' dir='ltr'>νηστείαν</span> <span class='ocrx_word' id='word_1_367' title='bbox 3263 1562 3518 1629; x_wconf 79' lang='grc' dir='ltr'>ἀνάγκης.</span> <span class='ocrx_word' id='word_1_368' title='bbox 3553 1563 3776 1629; x_wconf 74' lang='grc' dir='ltr'>Λέγεκό</span> 
     </span>
    </p>
   </div>
   <div class='ocr_carea' id='block_1_51' title="bbox 2229 1644 3784 1714">
    <p class='ocr_par' dir='ltr' id='par_1_51' title="bbox 2229 1644 3784 1714">
     <span class='ocr_line' id='line_1_51' title="bbox 2229 1644 3784 1714; baseline 0.003 -18"><span class='ocrx_word' id='word_1_369' title='bbox 2229 1644 2414 1713; x_wconf 84' lang='grc' dir='ltr'>Σωτὴρ</span> <span class='ocrx_word' id='word_1_370' title='bbox 2442 1647 2565 1712; x_wconf 77' lang='grc' dir='ltr'>περὶ</span> <span class='ocrx_word' id='word_1_371' title='bbox 2592 1646 2697 1696; x_wconf 84' lang='grc' dir='ltr'>τῶν</span> <span class='ocrx_word' id='word_1_372' title='bbox 2721 1646 2983 1714; x_wconf 80' lang='grc' dir='ltr'>δαιμόνων</span> <span class='ocrx_word' id='word_1_373' title='bbox 3001 1663 3014 1676; x_wconf 92' lang='grc'>·</span> <span class='ocrx_word' id='word_1_374' title='bbox 3053 1645 3120 1698; x_wconf 83' lang='grc' dir='ltr'>Τὸ</span> <span class='ocrx_word' id='word_1_375' title='bbox 3148 1645 3315 1713; x_wconf 77' lang='grc' dir='ltr'>γένος</span> <span class='ocrx_word' id='word_1_376' title='bbox 3343 1647 3513 1698; x_wconf 84' lang='grc' dir='ltr'>τοῦτο</span> <span class='ocrx_word' id='word_1_377' title='bbox 3552 1650 3664 1700; x_wconf 83' lang='grc' dir='ltr'>οὐκ</span> <span class='ocrx_word' id='word_1_378' title='bbox 3690 1649 3784 1700; x_wconf 81' lang='grc' dir='ltr'>ἑκ-</span> 
     </span>
    </p>
   </div>
   <div class='ocr_carea' id='block_1_52' title="bbox 2229 1731 3775 1799">
    <p class='ocr_par' dir='ltr' id='par_1_52' title="bbox 2229 1731 3775 1799">
     <span class='ocr_line' id='line_1_52' title="bbox 2229 1731 3775 1799; baseline 0.002 -18"><span class='ocrx_word' id='word_1_379' title='bbox 2229 1731 2552 1796; x_wconf 81' lang='grc' dir='ltr'>πορεύεται,</span> <span class='ocrx_word' id='word_1_380' title='bbox 2602 1734 2654 1783; x_wconf 83' lang='grc' dir='ltr'>εί</span> <span class='ocrx_word' id='word_1_381' title='bbox 2675 1732 2759 1799; x_wconf 81' lang='grc' dir='ltr'>μὴ</span> <span class='ocrx_word' id='word_1_382' title='bbox 2786 1733 2854 1783; x_wconf 88' lang='grc' dir='ltr'>ἐν</span> <span class='ocrx_word' id='word_1_383' title='bbox 2877 1731 3181 1798; x_wconf 74' lang='grc' dir='ltr'>προσευχῇ</span> <span class='ocrx_word' id='word_1_384' title='bbox 3211 1731 3305 1783; x_wconf 79' lang='grc' dir='ltr'>καὶ</span> <span class='ocrx_word' id='word_1_385' title='bbox 3337 1734 3603 1796; x_wconf 77' lang='grc' dir='ltr'>νηστείᾳ.</span> <span class='ocrx_word' id='word_1_386' title='bbox 3643 1735 3775 1786; x_wconf 81' lang='grc' dir='ltr'>Δαί-</span> 
     </span>
    </p>
   </div>
   <div class='ocr_carea' id='block_1_53' title="bbox 2229 1815 3776 1885">
    <p class='ocr_par' dir='ltr' id='par_1_53' title="bbox 2229 1815 3776 1885">
     <span class='ocr_line' id='line_1_53' title="bbox 2229 1815 3776 1885; baseline 0.002 -20"><span class='ocrx_word' id='word_1_387' title='bbox 2229 1833 2388 1882; x_wconf 84' lang='grc' dir='ltr'>μονας</span> <span class='ocrx_word' id='word_1_388' title='bbox 2420 1815 2704 1881; x_wconf 79' lang='grc' dir='ltr'>φυγαδεύει</span> <span class='ocrx_word' id='word_1_389' title='bbox 2752 1816 2882 1884; x_wconf 84' lang='grc' dir='ltr'>εὐχὴ</span> <span class='ocrx_word' id='word_1_390' title='bbox 2920 1817 3010 1867; x_wconf 83' lang='grc' dir='ltr'>καὶ</span> <span class='ocrx_word' id='word_1_391' title='bbox 3055 1815 3290 1883; x_wconf 82' lang='grc' dir='ltr'>νηστεία,</span> <span class='ocrx_word' id='word_1_392' title='bbox 3336 1817 3427 1866; x_wconf 73' lang='grc' dir='ltr'>καὶ</span> <span class='ocrx_word' id='word_1_393' title='bbox 3466 1816 3776 1885; x_wconf 78' lang='grc' dir='ltr'>βαρϐάρους</span> 
     </span>
    </p>
   </div>
   <div class='ocr_carea' id='block_1_54' title="bbox 2223 1897 3775 1969">
    <p class='ocr_par' dir='ltr' id='par_1_54' title="bbox 2223 1897 3775 1969">
     <span class='ocr_line' id='line_1_54' title="bbox 2223 1897 3775 1969; baseline 0.003 -20"><span class='ocrx_word' id='word_1_394' title='bbox 2223 1901 2319 1950; x_wconf 81' lang='grc' dir='ltr'>οὐκ</span> <span class='ocrx_word' id='word_1_395' title='bbox 2345 1900 2586 1961; x_wconf 73' lang='grc' dir='ltr'>ἐλαύνεις</span> <span class='ocrx_word' id='word_1_396' title='bbox 2615 1901 2722 1952; x_wconf 69' lang='grc' dir='ltr'>Καὶ</span> <span class='ocrx_word' id='word_1_397' title='bbox 2747 1901 2844 1969; x_wconf 80' lang='grc' dir='ltr'>ἤδη</span> <span class='ocrx_word' id='word_1_398' title='bbox 2872 1897 3040 1964; x_wconf 75' lang='grc' dir='ltr'>εἷπον,</span> <span class='ocrx_word' id='word_1_399' title='bbox 3067 1900 3158 1951; x_wconf 75' lang='grc' dir='ltr'>καὶ</span> <span class='ocrx_word' id='word_1_400' title='bbox 3187 1899 3344 1951; x_wconf 90' lang='grc' dir='ltr'>πάλιν</span> <span class='ocrx_word' id='word_1_401' title='bbox 3377 1899 3515 1965; x_wconf 89' lang='grc' dir='ltr'>λέγω</span> <span class='ocrx_word' id='word_1_402' title='bbox 3536 1918 3548 1929; x_wconf 94' lang='grc'>·</span> <span class='ocrx_word' id='word_1_403' title='bbox 3583 1902 3775 1969; x_wconf 71' lang='lat' dir='ltr'><strong>[lupa--</strong></span> 
     </span>
    </p>
   </div>
   <div class='ocr_carea' id='block_1_55' title="bbox 2224 1985 3778 2054">
    <p class='ocr_par' dir='ltr' id='par_1_55' title="bbox 2224 1985 3778 2054">
     <span class='ocr_line' id='line_1_55' title="bbox 2224 1985 3778 2054; baseline 0.002 -20"><span class='ocrx_word' id='word_1_404' title='bbox 2224 1985 2532 2053; x_wconf 73' lang='grc' dir='ltr'>καλέσωμεν</span> <span class='ocrx_word' id='word_1_405' title='bbox 2572 1986 2664 2054; x_wconf 81' lang='grc' dir='ltr'>τὴν</span> <span class='ocrx_word' id='word_1_406' title='bbox 2692 1987 2846 2050; x_wconf 86' lang='grc' dir='ltr'>ἁγίαν</span> <span class='ocrx_word' id='word_1_407' title='bbox 2872 1985 3072 2048; x_wconf 81' lang='grc' dir='ltr'>ἔνδοξον</span> <span class='ocrx_word' id='word_1_408' title='bbox 3107 1985 3372 2052; x_wconf 81' lang='grc' dir='ltr'>Παρθένον</span> <span class='ocrx_word' id='word_1_409' title='bbox 3397 1987 3485 2035; x_wconf 78' lang='grc' dir='ltr'>καὶ</span> <span class='ocrx_word' id='word_1_410' title='bbox 3515 1985 3778 2037; x_wconf 83' lang='grc' dir='ltr'>Θεοτὸκον</span> 
     </span>
    </p>
   </div>
   <div class='ocr_carea' id='block_1_56' title="bbox 2223 2070 3777 2139">
    <p class='ocr_par' dir='ltr' id='par_1_56' title="bbox 2223 2070 3777 2139">
     <span class='ocr_line' id='line_1_56' title="bbox 2223 2070 3777 2139; baseline -0.001 -18"><span class='ocrx_word' id='word_1_411' title='bbox 2223 2070 2473 2136; x_wconf 76' lang='grc' dir='ltr'>Μαρίαν·</span> <span class='ocrx_word' id='word_1_412' title='bbox 2512 2070 2969 2139; x_wconf 88' lang='grc' dir='ltr'>παρακαλέσωμεν</span> <span class='ocrx_word' id='word_1_413' title='bbox 3001 2071 3123 2130; x_wconf 85' lang='grc' dir='ltr'>τοὺς</span> <span class='ocrx_word' id='word_1_414' title='bbox 3173 2070 3354 2135; x_wconf 83' lang='grc' dir='ltr'>ἁγίους</span> <span class='ocrx_word' id='word_1_415' title='bbox 3399 2070 3488 2121; x_wconf 76' lang='grc' dir='ltr'>καὶ</span> <span class='ocrx_word' id='word_1_416' title='bbox 3529 2070 3777 2132; x_wconf 81' lang='grc' dir='ltr'>ἐνδόξους</span> 
     </span>
    </p>
   </div>
   <div class='ocr_carea' id='block_1_57' title="bbox 2223 2153 3773 2223">
    <p class='ocr_par' dir='ltr' id='par_1_57' title="bbox 2223 2153 3773 2223">
     <span class='ocr_line' id='line_1_57' title="bbox 2223 2153 3773 2223; baseline 0.002 -18"><span class='ocrx_word' id='word_1_417' title='bbox 2223 2155 2560 2216; x_wconf 84' lang='grc' dir='ltr'>ἀποστόλους·</span> <span class='ocrx_word' id='word_1_418' title='bbox 2603 2155 3060 2223; x_wconf 85' lang='grc' dir='ltr'>παρακαλέσωμεν</span> <span class='ocrx_word' id='word_1_419' title='bbox 3095 2155 3216 2214; x_wconf 77' lang='grc' dir='ltr'>τοὺς</span> <span class='ocrx_word' id='word_1_420' title='bbox 3240 2153 3420 2219; x_wconf 85' lang='grc' dir='ltr'>ἁγίους</span> <span class='ocrx_word' id='word_1_421' title='bbox 3465 2154 3773 2223; x_wconf 81' lang='grc' dir='ltr'>μάρτυρας.</span> 
     </span>
    </p>
   </div>
   <div class='ocr_carea' id='block_1_58' title="bbox 2235 2237 3776 2308">
    <p class='ocr_par' dir='ltr' id='par_1_58' title="bbox 2235 2237 3776 2308">
     <span class='ocr_line' id='line_1_58' title="bbox 2235 2237 3776 2308; baseline -0.001 -19"><span class='ocrx_word' id='word_1_422' title='bbox 2235 2239 2357 2289; x_wconf 83' lang='grc' dir='ltr'>Ἐάν</span> <span class='ocrx_word' id='word_1_423' title='bbox 2389 2255 2468 2300; x_wconf 89' lang='grc' dir='ltr'>τις</span> <span class='ocrx_word' id='word_1_424' title='bbox 2509 2241 2564 2289; x_wconf 85' lang='grc' dir='ltr'>ἐν</span> <span class='ocrx_word' id='word_1_425' title='bbox 2596 2239 2806 2308; x_wconf 82' lang='grc' dir='ltr'>ἀνάγκῃ</span> <span class='ocrx_word' id='word_1_426' title='bbox 2856 2238 3125 2298; x_wconf 85' lang='grc' dir='ltr'>καταστὰς</span> <span class='ocrx_word' id='word_1_427' title='bbox 3175 2237 3488 2304; x_wconf 82' lang='grc' dir='ltr'>προσδράμῃ</span> <span class='ocrx_word' id='word_1_428' title='bbox 3519 2239 3629 2287; x_wconf 73' lang='grc' dir='ltr'>τινὶ</span> <span class='ocrx_word' id='word_1_429' title='bbox 3668 2237 3776 2288; x_wconf 83' lang='grc' dir='ltr'>τῶν</span> 
     </span>
    </p>
   </div>
   <div class='ocr_carea' id='block_1_59' title="bbox 2223 2321 3775 2392">
    <p class='ocr_par' dir='ltr' id='par_1_59' title="bbox 2223 2321 3775 2392">
     <span class='ocr_line' id='line_1_59' title="bbox 2223 2321 3775 2392; baseline -0.001 -19"><span class='ocrx_word' id='word_1_430' title='bbox 2223 2323 2476 2385; x_wconf 80' lang='grc' dir='ltr'>δυνατῶν,</span> <span class='ocrx_word' id='word_1_431' title='bbox 2522 2324 2581 2373; x_wconf 85' lang='grc' dir='ltr'>ού</span> <span class='ocrx_word' id='word_1_432' title='bbox 2623 2323 2871 2392; x_wconf 84' lang='grc' dir='ltr'>προσέχει</span> <span class='ocrx_word' id='word_1_433' title='bbox 2907 2321 3048 2390; x_wconf 77' lang='grc' dir='ltr'>αὐτῷ</span> <span class='ocrx_word' id='word_1_434' title='bbox 3079 2321 3326 2388; x_wconf 89' lang='grc' dir='ltr'>γνησίως.</span> <span class='ocrx_word' id='word_1_435' title='bbox 3363 2322 3472 2388; x_wconf 89' lang='grc' dir='ltr'>Πρὸ</span> <span class='ocrx_word' id='word_1_436' title='bbox 3501 2321 3775 2389; x_wconf 84' lang='grc' dir='ltr'>ἀνάγκης,</span> 
     </span>
    </p>
   </div>
   <div class='ocr_carea' id='block_1_60' title="bbox 2232 2405 3778 2475">
    <p class='ocr_par' dir='ltr' id='par_1_60' title="bbox 2232 2405 3778 2475">
     <span class='ocr_line' id='line_1_60' title="bbox 2232 2405 3778 2475; baseline 0.001 -19"><span class='ocrx_word' id='word_1_437' title='bbox 2232 2406 2412 2472; x_wconf 68' lang='grc' dir='ltr'>φησὶν,</span> <span class='ocrx_word' id='word_1_438' title='bbox 2445 2408 2540 2458; x_wconf 84' lang='grc' dir='ltr'>οῦκ</span> <span class='ocrx_word' id='word_1_439' title='bbox 2569 2407 2711 2475; x_wconf 77' lang='grc' dir='ltr'>ᾔδεις</span> <span class='ocrx_word' id='word_1_440' title='bbox 2758 2423 2821 2473; x_wconf 91' lang='grc' dir='ltr'>με</span> <span class='ocrx_word' id='word_1_441' title='bbox 2863 2407 3084 2473; x_wconf 85' lang='grc' dir='ltr'>τιμῆσαι</span> <span class='ocrx_word' id='word_1_442' title='bbox 3126 2407 3157 2473; x_wconf 85' lang='grc' dir='ltr'><strong>ἢ</strong></span> <span class='ocrx_word' id='word_1_443' title='bbox 3191 2405 3533 2474; x_wconf 87' lang='grc' dir='ltr'>θεραπεῦσαι,</span> <span class='ocrx_word' id='word_1_444' title='bbox 3570 2406 3687 2456; x_wconf 83' lang='grc' dir='ltr'>ἀλλ’</span> <span class='ocrx_word' id='word_1_445' title='bbox 3720 2410 3778 2457; x_wconf 88' lang='grc' dir='ltr'>ἐν</span> 
     </span>
    </p>
   </div>
   <div class='ocr_carea' id='block_1_61' title="bbox 2224 2490 3776 2559">
    <p class='ocr_par' dir='ltr' id='par_1_61' title="bbox 2224 2490 3776 2559">
     <span class='ocr_line' id='line_1_61' title="bbox 2224 2490 3776 2559; baseline 0.001 -19"><span class='ocrx_word' id='word_1_446' title='bbox 2224 2492 2286 2558; x_wconf 81' lang='grc' dir='ltr'>τῇ</span> <span class='ocrx_word' id='word_1_447' title='bbox 2319 2491 2545 2559; x_wconf 87' lang='grc' dir='ltr'>ἀνάγκῃ.</span> <span class='ocrx_word' id='word_1_448' title='bbox 2589 2490 2912 2550; x_wconf 85' lang='grc' dir='ltr'>Ἀνύποπτος</span> <span class='ocrx_word' id='word_1_449' title='bbox 2944 2491 3071 2558; x_wconf 87' lang='grc' dir='ltr'>τιμὴ</span> <span class='ocrx_word' id='word_1_450' title='bbox 3112 2491 3142 2556; x_wconf 77' lang='grc' dir='ltr'>ἠ</span> <span class='ocrx_word' id='word_1_451' title='bbox 3187 2490 3287 2550; x_wconf 77' lang='grc' dir='ltr'>ἔξω</span> <span class='ocrx_word' id='word_1_452' title='bbox 3328 2491 3593 2556; x_wconf 84' lang='grc' dir='ltr'>ἀνάγκης.</span> <span class='ocrx_word' id='word_1_453' title='bbox 3650 2492 3776 2543; x_wconf 74' lang='grc' dir='ltr'>Ἐὰν</span> 
     </span>
    </p>
   </div>
   <div class='ocr_carea' id='block_1_62' title="bbox 2225 2574 3772 2646">
    <p class='ocr_par' dir='ltr' id='par_1_62' title="bbox 2225 2574 3772 2646">
     <span class='ocr_line' id='line_1_62' title="bbox 2225 2574 3772 2646; baseline 0.002 -22"><span class='ocrx_word' id='word_1_454' title='bbox 2225 2575 2328 2641; x_wconf 83' lang='grc' dir='ltr'>πρὸ</span> <span class='ocrx_word' id='word_1_455' title='bbox 2353 2575 2591 2643; x_wconf 84' lang='grc' dir='ltr'>ἀνάγκης</span> <span class='ocrx_word' id='word_1_456' title='bbox 2613 2574 2946 2646; x_wconf 82' lang='grc' dir='ltr'>θεραπεύσῃς</span> <span class='ocrx_word' id='word_1_457' title='bbox 2976 2574 3064 2624; x_wconf 88' lang='grc' dir='ltr'>τὸν</span> <span class='ocrx_word' id='word_1_458' title='bbox 3091 2574 3360 2642; x_wconf 82' lang='grc' dir='ltr'>δικαστὴν,</span> <span class='ocrx_word' id='word_1_459' title='bbox 3381 2576 3434 2624; x_wconf 86' lang='grc' dir='ltr'>ἐν</span> <span class='ocrx_word' id='word_1_460' title='bbox 3457 2577 3518 2642; x_wconf 80' lang='grc' dir='ltr'>τῇ</span> <span class='ocrx_word' id='word_1_461' title='bbox 3552 2575 3772 2646; x_wconf 79' lang='grc' dir='ltr'>ἀνάγκῃ</span> 
     </span>
    </p>
   </div>
   <div class='ocr_carea' id='block_1_63' title="bbox 2226 2656 3776 2729">
    <p class='ocr_par' dir='ltr' id='par_1_63' title="bbox 2226 2656 3776 2729">
     <span class='ocr_line' id='line_1_63' title="bbox 2226 2656 3776 2729; baseline 0.001 -18"><span class='ocrx_word' id='word_1_462' title='bbox 2226 2662 2469 2728; x_wconf 77' lang='grc' dir='ltr'>εὑρήσεις</span> <span class='ocrx_word' id='word_1_463' title='bbox 2517 2660 2814 2729; x_wconf 85' lang='grc' dir='ltr'>σύμμαχον.</span> <span class='ocrx_word' id='word_1_464' title='bbox 2863 2656 2981 2710; x_wconf 73' lang='grc' dir='ltr'>Οἵδε</span> <span class='ocrx_word' id='word_1_465' title='bbox 3025 2662 3149 2728; x_wconf 71' lang='grc' dir='ltr'>γὰρ,</span> <span class='ocrx_word' id='word_1_466' title='bbox 3200 2661 3276 2712; x_wconf 75' lang='grc' dir='ltr'>ὅτι</span> <span class='ocrx_word' id='word_1_467' title='bbox 3319 2661 3414 2728; x_wconf 83' lang='grc' dir='ltr'>ούχ</span> <span class='ocrx_word' id='word_1_468' title='bbox 3454 2663 3484 2728; x_wconf 85' lang='grc' dir='ltr'>ὴ</span> <span class='ocrx_word' id='word_1_469' title='bbox 3536 2661 3776 2728; x_wconf 82' lang='grc' dir='ltr'>ἀνάγκη,</span> 
     </span>
    </p>
   </div>
   <div class='ocr_carea' id='block_1_64' title="bbox 2228 2743 3778 2815">
    <p class='ocr_par' dir='ltr' id='par_1_64' title="bbox 2228 2743 3778 2815">
     <span class='ocr_line' id='line_1_64' title="bbox 2228 2743 3778 2815; baseline 0.001 -19"><span class='ocrx_word' id='word_1_470' title='bbox 2228 2745 2338 2796; x_wconf 87' lang='grc' dir='ltr'>ἀλλ’</span> <span class='ocrx_word' id='word_1_471' title='bbox 2373 2748 2399 2797; x_wconf 85' lang='grc' dir='ltr'>ὁ</span> <span class='ocrx_word' id='word_1_472' title='bbox 2430 2744 2584 2805; x_wconf 84' lang='grc' dir='ltr'>πόθος</span> <span class='ocrx_word' id='word_1_473' title='bbox 2614 2763 2670 2795; x_wconf 91' lang='grc' dir='ltr'>σε</span> <span class='ocrx_word' id='word_1_474' title='bbox 2703 2746 2894 2812; x_wconf 80' lang='grc' dir='ltr'>ἣγαγε.</span> <span class='ocrx_word' id='word_1_475' title='bbox 2921 2744 3201 2813; x_wconf 85' lang='grc' dir='ltr'>Γενώμεθα</span> <span class='ocrx_word' id='word_1_476' title='bbox 3237 2743 3327 2797; x_wconf 77' lang='grc' dir='ltr'>οὖν</span> <span class='ocrx_word' id='word_1_477' title='bbox 3355 2746 3458 2796; x_wconf 84' lang='grc' dir='ltr'>τῶν</span> <span class='ocrx_word' id='word_1_478' title='bbox 3481 2747 3778 2815; x_wconf 81' lang='grc' dir='ltr'>μαρτύρων</span> 
     </span>
    </p>
   </div>
   <div class='ocr_carea' id='block_1_65' title="bbox 2229 2833 3777 2903">
    <p class='ocr_par' dir='ltr' id='par_1_65' title="bbox 2229 2833 3777 2903">
     <span class='ocr_line' id='line_1_65' title="bbox 2229 2833 3777 2903; baseline 0.001 -21"><span class='ocrx_word' id='word_1_479' title='bbox 2229 2833 2301 2899; x_wconf 73' lang='grc' dir='ltr'>μὴ</span> <span class='ocrx_word' id='word_1_480' title='bbox 2333 2834 2387 2882; x_wconf 86' lang='grc' dir='ltr'>ὲν</span> <span class='ocrx_word' id='word_1_481' title='bbox 2411 2835 2473 2901; x_wconf 83' lang='grc' dir='ltr'>τῇ</span> <span class='ocrx_word' id='word_1_482' title='bbox 2511 2834 2718 2903; x_wconf 84' lang='grc' dir='ltr'>ἀνάγκῃ</span> <span class='ocrx_word' id='word_1_483' title='bbox 2745 2833 2902 2899; x_wconf 78' lang='grc' dir='ltr'>φίλοι,</span> <span class='ocrx_word' id='word_1_484' title='bbox 2945 2833 3054 2884; x_wconf 82' lang='grc' dir='ltr'>ἀλλ’</span> <span class='ocrx_word' id='word_1_485' title='bbox 3081 2835 3136 2884; x_wconf 82' lang='grc' dir='ltr'>ἐν</span> <span class='ocrx_word' id='word_1_486' title='bbox 3173 2837 3235 2902; x_wconf 83' lang='grc' dir='ltr'>τῇ</span> <span class='ocrx_word' id='word_1_487' title='bbox 3265 2835 3447 2902; x_wconf 82' lang='grc' dir='ltr'>ἀγάπῃ</span> <span class='ocrx_word' id='word_1_488' title='bbox 3473 2873 3484 2885; x_wconf 97' lang='grc'>.</span> <span class='ocrx_word' id='word_1_489' title='bbox 3515 2835 3628 2902; x_wconf 82' lang='grc' dir='ltr'>Πρὸ</span> <span class='ocrx_word' id='word_1_490' title='bbox 3662 2852 3777 2901; x_wconf 90' lang='grc' dir='ltr'>χει-</span> 
     </span>
    </p>
   </div>
   <div class='ocr_carea' id='block_1_66' title="bbox 2229 2917 3777 2988">
    <p class='ocr_par' dir='ltr' id='par_1_66' title="bbox 2229 2917 3777 2988">
     <span class='ocr_line' id='line_1_66' title="bbox 2229 2917 3777 2988; baseline 0.003 -24"><span class='ocrx_word' id='word_1_491' title='bbox 2229 2917 2420 2985; x_wconf 79' lang='grc' dir='ltr'>μῶνος,</span> <span class='ocrx_word' id='word_1_492' title='bbox 2466 2918 2538 2978; x_wconf 82' lang='grc' dir='ltr'>ὡς</span> <span class='ocrx_word' id='word_1_493' title='bbox 2587 2919 2641 2968; x_wconf 82' lang='grc' dir='ltr'>ἐν</span> <span class='ocrx_word' id='word_1_494' title='bbox 2685 2918 2927 2986; x_wconf 86' lang='grc' dir='ltr'>χειμῶνι,</span> <span class='ocrx_word' id='word_1_495' title='bbox 2979 2918 3296 2987; x_wconf 83' lang='grc' dir='ltr'>λυπηθῶμεν</span> <span class='ocrx_word' id='word_1_496' title='bbox 3323 2957 3335 2980; x_wconf 96' lang='grc'>,</span> <span class='ocrx_word' id='word_1_497' title='bbox 3373 2920 3455 2970; x_wconf 84' lang='grc' dir='ltr'>ἵνα</span> <span class='ocrx_word' id='word_1_498' title='bbox 3494 2921 3550 2970; x_wconf 87' lang='grc' dir='ltr'>ἐν</span> <span class='ocrx_word' id='word_1_499' title='bbox 3599 2920 3777 2988; x_wconf 84' lang='grc' dir='ltr'>καιρῷ</span> 
     </span>
    </p>
   </div>
   <div class='ocr_carea' id='block_1_67' title="bbox 2225 3002 3777 3072">
    <p class='ocr_par' dir='ltr' id='par_1_67' title="bbox 2225 3002 3777 3072">
     <span class='ocr_line' id='line_1_67' title="bbox 2225 3002 3777 3072; baseline 0.002 -21"><span class='ocrx_word' id='word_1_500' title='bbox 2225 3002 2480 3070; x_wconf 79' lang='grc' dir='ltr'>χειμῶνος</span> <span class='ocrx_word' id='word_1_501' title='bbox 2508 3003 2566 3053; x_wconf 90' lang='grc' dir='ltr'>τὸ</span> <span class='ocrx_word' id='word_1_502' title='bbox 2608 3002 2703 3070; x_wconf 79' lang='grc' dir='ltr'>ἔαρ</span> <span class='ocrx_word' id='word_1_503' title='bbox 2741 3003 3004 3070; x_wconf 71' lang='grc' dir='ltr'>εὕρωμεν.</span> <span class='ocrx_word' id='word_1_504' title='bbox 3051 3004 3231 3054; x_wconf 84' lang='grc' dir='ltr'>Ταῦτα</span> <span class='ocrx_word' id='word_1_505' title='bbox 3275 3004 3500 3072; x_wconf 87' lang='grc' dir='ltr'>λέγομεν</span> <span class='ocrx_word' id='word_1_506' title='bbox 3534 3004 3636 3054; x_wconf 78' lang='grc' dir='ltr'>οὐκ</span> <span class='ocrx_word' id='word_1_507' title='bbox 3678 3005 3777 3056; x_wconf 80' lang='grc' dir='ltr'>αύ-</span> 
     </span>
    </p>
   </div>
   <div class='ocr_carea' id='block_1_68' title="bbox 2229 3086 3780 3157">
    <p class='ocr_par' dir='ltr' id='par_1_68' title="bbox 2229 3086 3780 3157">
     <span class='ocr_line' id='line_1_68' title="bbox 2229 3086 3780 3157; baseline 0.003 -20"><span class='ocrx_word' id='word_1_508' title='bbox 2229 3086 2564 3150; x_wconf 83' lang='grc' dir='ltr'>Θεντοῦντες,</span> <span class='ocrx_word' id='word_1_509' title='bbox 2608 3088 2739 3138; x_wconf 70' lang='grc' dir='ltr'>ἀλλὰ</span> <span class='ocrx_word' id='word_1_510' title='bbox 2791 3089 3254 3157; x_wconf 83' lang='grc' dir='ltr'>παρακαλοῦντες·</span> <span class='ocrx_word' id='word_1_511' title='bbox 3306 3091 3363 3140; x_wconf 86' lang='grc' dir='ltr'>ού</span> <span class='ocrx_word' id='word_1_512' title='bbox 3428 3089 3780 3156; x_wconf 85' lang='grc' dir='ltr'>νομοθετοῦν-</span> 
     </span>
    </p>
   </div>
   <div class='ocr_carea' id='block_1_69' title="bbox 2229 3171 3776 3240">
    <p class='ocr_par' dir='ltr' id='par_1_69' title="bbox 2229 3171 3776 3240">
     <span class='ocr_line' id='line_1_69' title="bbox 2229 3171 3776 3240; baseline 0.002 -18"><span class='ocrx_word' id='word_1_513' title='bbox 2229 3188 2344 3233; x_wconf 86' lang='grc' dir='ltr'>τες,</span> <span class='ocrx_word' id='word_1_514' title='bbox 2379 3171 2510 3223; x_wconf 85' lang='grc' dir='ltr'>ἀλλά</span> <span class='ocrx_word' id='word_1_515' title='bbox 2554 3171 2951 3233; x_wconf 78' lang='grc' dir='ltr'>δυσωποῦντες·</span> <span class='ocrx_word' id='word_1_516' title='bbox 2996 3174 3301 3240; x_wconf 77' lang='grc' dir='ltr'>ἱκετεύομεν</span> <span class='ocrx_word' id='word_1_517' title='bbox 3349 3173 3552 3234; x_wconf 86' lang='grc' dir='ltr'>πάντας</span> <span class='ocrx_word' id='word_1_518' title='bbox 3583 3175 3776 3239; x_wconf 79' lang='grc' dir='ltr'>νῆψαι.</span> 
     </span>
    </p>
   </div>
   <div class='ocr_carea' id='block_1_70' title="bbox 2243 3255 3778 3324">
    <p class='ocr_par' dir='ltr' id='par_1_70' title="bbox 2243 3255 3778 3324">
     <span class='ocr_line' id='line_1_70' title="bbox 2243 3255 3778 3324; baseline 0.001 -18"><span class='ocrx_word' id='word_1_519' title='bbox 2243 3255 2442 3316; x_wconf 82' lang='grc' dir='ltr'>Ἱκανὸς</span> <span class='ocrx_word' id='word_1_520' title='bbox 2469 3255 2523 3306; x_wconf 89' lang='grc' dir='ltr'>δέ</span> <span class='ocrx_word' id='word_1_521' title='bbox 2558 3258 2585 3307; x_wconf 85' lang='grc' dir='ltr'>ὁ</span> <span class='ocrx_word' id='word_1_522' title='bbox 2617 3256 2744 3317; x_wconf 84' lang='grc' dir='ltr'>Θεὸς</span> <span class='ocrx_word' id='word_1_523' title='bbox 2792 3257 2928 3324; x_wconf 78' lang='grc' dir='ltr'>ὑπὲρ</span> <span class='ocrx_word' id='word_1_524' title='bbox 2957 3259 3130 3308; x_wconf 78' lang='grc' dir='ltr'>πᾶσαν</span> <span class='ocrx_word' id='word_1_525' title='bbox 3165 3257 3363 3316; x_wconf 85' lang='grc' dir='ltr'>πίστιν,</span> <span class='ocrx_word' id='word_1_526' title='bbox 3414 3256 3552 3324; x_wconf 81' lang='grc' dir='ltr'>ὑπὲρ</span> <span class='ocrx_word' id='word_1_527' title='bbox 3598 3257 3778 3307; x_wconf 84' lang='grc' dir='ltr'>πάντα</span> 
     </span>
    </p>
   </div>
   <div class='ocr_carea' id='block_1_71' title="bbox 2233 3340 3775 3410">
    <p class='ocr_par' dir='ltr' id='par_1_71' title="bbox 2233 3340 3775 3410">
     <span class='ocr_line' id='line_1_71' title="bbox 2233 3340 3775 3410; baseline 0 -20"><span class='ocrx_word' id='word_1_528' title='bbox 2233 3341 2404 3406; x_wconf 87' lang='grc' dir='ltr'>λόγον,</span> <span class='ocrx_word' id='word_1_529' title='bbox 2429 3342 2517 3391; x_wconf 73' lang='grc' dir='ltr'>καὶ</span> <span class='ocrx_word' id='word_1_530' title='bbox 2548 3343 2668 3402; x_wconf 74' lang='grc' dir='ltr'>τοὺς</span> <span class='ocrx_word' id='word_1_531' title='bbox 2695 3342 2914 3410; x_wconf 83' lang='grc' dir='ltr'>ἐχθροὺς</span> <span class='ocrx_word' id='word_1_532' title='bbox 2943 3342 3316 3408; x_wconf 83' lang='grc' dir='ltr'>καταισχῦναι,</span> <span class='ocrx_word' id='word_1_533' title='bbox 3346 3340 3437 3391; x_wconf 72' lang='grc' dir='ltr'>καὶ</span> <span class='ocrx_word' id='word_1_534' title='bbox 3464 3341 3560 3406; x_wconf 81' lang='grc' dir='ltr'>τὴν</span> <span class='ocrx_word' id='word_1_535' title='bbox 3589 3344 3775 3391; x_wconf 77' lang='grc' dir='ltr'>οἰκου-</span> 
     </span>
    </p>
   </div>
   <div class='ocr_carea' id='block_1_72' title="bbox 2239 3425 3779 3494">
    <p class='ocr_par' dir='ltr' id='par_1_72' title="bbox 2239 3425 3779 3494">
     <span class='ocr_line' id='line_1_72' title="bbox 2239 3425 3779 3494; baseline 0 -20"><span class='ocrx_word' id='word_1_536' title='bbox 2239 3425 2399 3493; x_wconf 89' lang='grc' dir='ltr'>μένην</span> <span class='ocrx_word' id='word_1_537' title='bbox 2443 3426 2676 3492; x_wconf 79' lang='grc' dir='ltr'>ἐλεῆσαι,</span> <span class='ocrx_word' id='word_1_538' title='bbox 2710 3428 2801 3476; x_wconf 78' lang='grc' dir='ltr'>καὶ</span> <span class='ocrx_word' id='word_1_539' title='bbox 2851 3426 2972 3487; x_wconf 82' lang='grc' dir='ltr'>τοὺς</span> <span class='ocrx_word' id='word_1_540' title='bbox 3018 3425 3249 3493; x_wconf 83' lang='grc' dir='ltr'>βασιλεῖς</span> <span class='ocrx_word' id='word_1_541' title='bbox 3276 3425 3519 3492; x_wconf 81' lang='grc' dir='ltr'>τιμῆσαι,</span> <span class='ocrx_word' id='word_1_542' title='bbox 3552 3426 3649 3475; x_wconf 80' lang='grc' dir='ltr'>καὶ</span> <span class='ocrx_word' id='word_1_543' title='bbox 3683 3425 3779 3494; x_wconf 80' lang='grc' dir='ltr'>τὴν</span> 
     </span>
    </p>
   </div>
   <div class='ocr_carea' id='block_1_73' title="bbox 2237 3509 3780 3578">
    <p class='ocr_par' dir='ltr' id='par_1_73' title="bbox 2237 3509 3780 3578">
     <span class='ocr_line' id='line_1_73' title="bbox 2237 3509 3780 3578; baseline 0 -18"><span class='ocrx_word' id='word_1_544' title='bbox 2237 3509 2501 3577; x_wconf 87' lang='grc' dir='ltr'>βασιλείαν</span> <span class='ocrx_word' id='word_1_545' title='bbox 2527 3511 2735 3576; x_wconf 81' lang='grc' dir='ltr'>στῆσαι.</span> <span class='ocrx_word' id='word_1_546' title='bbox 2767 3511 2857 3562; x_wconf 76' lang='grc' dir='ltr'>καὶ</span> <span class='ocrx_word' id='word_1_547' title='bbox 2888 3511 2985 3578; x_wconf 82' lang='grc' dir='ltr'>τὴν</span> <span class='ocrx_word' id='word_1_548' title='bbox 3019 3510 3176 3562; x_wconf 81' lang='grc' dir='ltr'>αὑτοῦ</span> <span class='ocrx_word' id='word_1_549' title='bbox 3198 3509 3349 3572; x_wconf 77' lang='grc' dir='ltr'>δόξαν</span> <span class='ocrx_word' id='word_1_550' title='bbox 3375 3509 3686 3578; x_wconf 82' lang='grc' dir='ltr'>φαιδρῦναι,</span> <span class='ocrx_word' id='word_1_551' title='bbox 3721 3513 3780 3562; x_wconf 89' lang='grc' dir='ltr'>ἐν</span> 
     </span>
    </p>
   </div>
   <div class='ocr_carea' id='block_1_74' title="bbox 2232 3588 3782 3664">
    <p class='ocr_par' dir='ltr' id='par_1_74' title="bbox 2232 3588 3782 3664">
     <span class='ocr_line' id='line_1_74' title="bbox 2232 3588 3782 3664; baseline 0.001 -18"><span class='ocrx_word' id='word_1_552' title='bbox 2232 3594 2446 3663; x_wconf 81' lang='grc' dir='ltr'>Χριστῷ</span> <span class='ocrx_word' id='word_1_553' title='bbox 2481 3593 2651 3660; x_wconf 85' lang='grc' dir='ltr'>Ἰησοῦ</span> <span class='ocrx_word' id='word_1_554' title='bbox 2695 3593 2770 3662; x_wconf 83' lang='grc' dir='ltr'>τῷ</span> <span class='ocrx_word' id='word_1_555' title='bbox 2823 3596 3008 3664; x_wconf 82' lang='grc' dir='ltr'>Κυρίῳ</span> <span class='ocrx_word' id='word_1_556' title='bbox 3036 3594 3204 3664; x_wconf 75' lang='grc' dir='ltr'>ἡμῶν,</span> <span class='ocrx_word' id='word_1_557' title='bbox 3235 3588 3277 3661; x_wconf 81' lang='grc' dir='ltr'>ᾧ</span> <span class='ocrx_word' id='word_1_558' title='bbox 3308 3597 3342 3662; x_wconf 83' lang='grc' dir='ltr'><strong>ή</strong></span> <span class='ocrx_word' id='word_1_559' title='bbox 3373 3594 3498 3657; x_wconf 80' lang='grc' dir='ltr'>δόξα</span> <span class='ocrx_word' id='word_1_560' title='bbox 3535 3596 3617 3655; x_wconf 80' lang='grc' dir='ltr'>εἰς</span> <span class='ocrx_word' id='word_1_561' title='bbox 3655 3596 3782 3657; x_wconf 79' lang='grc' dir='ltr'>τοὺς</span> 
     </span>
    </p>
   </div>
   <div class='ocr_carea' id='block_1_75' title="bbox 656 3611 2122 3728">
    <p class='ocr_par' dir='ltr' id='par_1_75' title="bbox 656 3611 2122 3718">
     <span class='ocr_line' id='line_1_75' title="bbox 656 3611 2122 3718; baseline 0.009 -60"><span class='ocrx_word' id='word_1_562' title='bbox 656 3611 839 3718; x_wconf 50' lang='grc' dir='ltr'>ξιὲἕὲἒδ</span> <span class='ocrx_word' id='word_1_563' title='bbox 859 3611 1167 3674; x_wconf 78' lang='grc' dir='ltr'>ἐνδεδυμένος,</span> <span class='ocrx_word' id='word_1_564' title='bbox 1211 3619 1333 3666; x_wconf 82' lang='lat' dir='ltr'><strong>forte</strong></span> <span class='ocrx_word' id='word_1_565' title='bbox 1366 3611 1556 3669; x_wconf 81' lang='lat' dir='ltr'><strong>melius.</strong></span> <span class='ocrx_word' id='word_1_566' title='bbox 1596 3621 1716 3669; x_wconf 75' lang='lat' dir='ltr'><strong>Infra</strong></span> <span class='ocrx_word' id='word_1_567' title='bbox 1745 3623 1868 3670; x_wconf 80' lang='lat' dir='ltr'><strong>ident</strong></span> <span class='ocrx_word' id='word_1_568' title='bbox 1892 3625 2122 3684; x_wconf 81' lang='grc' dir='ltr'>μνήματος</span> 
     </span>
    </p>
   </div>
   <div class='ocr_carea' id='block_1_76' title="bbox 2226 3611 2616 3728">
    <p class='ocr_par' dir='ltr' id='par_1_76' title="bbox 2231 3611 2616 3728">
     <span class='ocr_line' id='line_1_76' title="bbox 2232 3611 2616 3663; baseline -0.008 -17"><span class='ocrx_word' id='word_1_569' title='bbox 2232 3611 2446 3663; x_wconf 68' lang='grc' dir='ltr'>Αριστῳ</span> <span class='ocrx_word' id='word_1_570' title='bbox 2486 3611 2616 3660; x_wconf 79' lang='grc' dir='ltr'>ἰησο</span> 
     </span>
     <span class='ocr_line' id='line_1_77' title="bbox 2231 3678 2616 3728; baseline -0.003 0"><span class='ocrx_word' id='word_1_571' title='bbox 2231 3678 2449 3728; x_wconf 79' lang='grc' dir='ltr'>αἰῶνας.</span> <span class='ocrx_word' id='word_1_572' title='bbox 2493 3680 2616 3728; x_wconf 66' lang='lat' dir='ltr'><strong>‘Aur’</strong></span> 
     </span>
    </p>
   </div>
   <div class='ocr_carea' id='block_1_77' title="bbox 2231 3695 2674 3746">
    <p class='ocr_par' dir='ltr' id='par_1_77' title="bbox 2231 3695 2674 3746">
     <span class='ocr_line' id='line_1_78' title="bbox 2231 3695 2674 3746; baseline 0 -17"><span class='ocrx_word' id='word_1_573' title='bbox 2231 3695 2449 3739; x_wconf 79' lang='grc' dir='ltr'>αιωνας.</span> <span class='ocrx_word' id='word_1_574' title='bbox 2507 3695 2674 3746; x_wconf 73' lang='grc' dir='ltr'>Αμην.</span> 
     </span>
    </p>
   </div>
   <div class='ocr_carea' id='block_1_78' title="bbox 590 3669 826 3720">
    <p class='ocr_par' dir='ltr' id='par_1_78' title="bbox 590 3669 826 3720">
     <span class='ocr_line' id='line_1_79' title="bbox 590 3669 826 3720; baseline 0.021 -6"><span class='ocrx_word' id='word_1_575' title='bbox 590 3669 826 3720; x_wconf 68' lang='grc' dir='ltr'>ἅπτεσθαι.</span> 
     </span>
    </p>
   </div>
   <div class='ocr_carea' id='block_1_79' title="bbox 1613 3933 3754 3944">
    <p class='ocr_par' dir='ltr' id='par_1_79' title="bbox 1613 3933 3754 3944">
     <span class='ocr_line' id='line_1_80' title="bbox 1613 3933 3754 3944; baseline 0.003 -8"><span class='ocrx_word' id='word_1_576' title='bbox 1613 3933 2112 3943; x_wconf 52' lang='lat'>___.___-___________</span> <span class='ocrx_word' id='word_1_577' title='bbox 2126 3933 2664 3942; x_wconf 70' lang='lat'>___________—_..____</span> <span class='ocrx_word' id='word_1_578' title='bbox 2676 3933 2914 3940; x_wconf 73' lang='lat'>_._._</span> <span class='ocrx_word' id='word_1_579' title='bbox 2924 3933 3598 3941; x_wconf 77' lang='lat'>————-—————_—</span> <span class='ocrx_word' id='word_1_580' title='bbox 3608 3933 3754 3944; x_wconf 63' lang='grc' dir='ltr'>-ι-</span> 
     </span>
    </p>
   </div>
   <div class='ocr_carea' id='block_1_80' title="bbox 587 3927 3754 3960">
    <p class='ocr_par' dir='ltr' id='par_1_80' title="bbox 587 3927 3754 3960">
     <span class='ocr_line' id='line_1_81' title="bbox 587 3927 3754 3944; baseline 0.003 -10"><span class='ocrx_word' id='word_1_581' title='bbox 587 3928 716 3944; x_wconf 72' lang='lat'>—_</span> <span class='ocrx_word' id='word_1_582' title='bbox 737 3927 755 3936; x_wconf 66' lang='grc' dir='ltr'><strong><em>ο</em></strong></span> <span class='ocrx_word' id='word_1_583' title='bbox 783 3928 1069 3938; x_wconf 55' lang='grc' dir='ltr'>...ι-*-</span> <span class='ocrx_word' id='word_1_584' title='bbox 1093 3930 2112 3943; x_wconf 55' lang='lat'>———_____‘__.__-__________</span> <span class='ocrx_word' id='word_1_585' title='bbox 2126 3933 2664 3942; x_wconf 61' lang='lat' dir='ltr'>___________—.c-————</span> <span class='ocrx_word' id='word_1_586' title='bbox 2676 3931 3754 3944; x_wconf 53' lang='lat'>——-——————-————————_—~</span> 
     </span>
     <span class='ocr_line' id='line_1_82' title="bbox 587 3943 3754 3960; baseline 0.001 -4"><span class='ocrx_word' id='word_1_587' title='bbox 587 3943 752 3958; x_wconf 49' lang='grc' dir='ltr'><strong>ψ</strong></span> <span class='ocrx_word' id='word_1_588' title='bbox 783 3943 1066 3955; x_wconf 60' lang='grc' dir='ltr'>ηει--ι-ι-</span> <span class='ocrx_word' id='word_1_589' title='bbox 1095 3947 3238 3960; x_wconf 42' lang='grc' dir='ltr'>κῊ-ᾟῇῂψὴῇᾑ-</span> <span class='ocrx_word' id='word_1_590' title='bbox 3269 3948 3754 3960; x_wconf 79' lang='lat'>—_———-——-</span> 
     </span>
    </p>
   </div>
   <div class='ocr_carea' id='block_1_81' title="bbox 2001 4163 2370 4223">
    <p class='ocr_par' dir='ltr' id='par_1_81' title="bbox 2001 4163 2370 4223">
     <span class='ocr_line' id='line_1_83' title="bbox 2001 4163 2370 4223; baseline 0 0"><span class='ocrx_word' id='word_1_591' title='bbox 2001 4163 2370 4223; x_wconf 84' lang='lat' dir='ltr'>MONITUM</span> 
     </span>
    </p>
   </div>
   <div class='ocr_carea' id='block_1_82' title="bbox 654 4363 3786 4434">
    <p class='ocr_par' dir='ltr' id='par_1_82' title="bbox 654 4363 3786 4434">
     <span class='ocr_line' id='line_1_84' title="bbox 654 4363 3786 4434; baseline 0.001 -18"><span class='ocrx_word' id='word_1_592' title='bbox 654 4363 801 4418; x_wconf 86' lang='lat' dir='ltr'><strong>llanc</strong></span> <span class='ocrx_word' id='word_1_593' title='bbox 857 4366 1127 4417; x_wconf 84' lang='lat' dir='ltr'><strong>homiliam</strong></span> <span class='ocrx_word' id='word_1_594' title='bbox 1176 4381 1240 4418; x_wconf 74' lang='lat' dir='ltr'><strong>cx</strong></span> <span class='ocrx_word' id='word_1_595' title='bbox 1289 4366 1420 4419; x_wconf 83' lang='lat' dir='ltr'><strong>Cod.</strong></span> <span class='ocrx_word' id='word_1_596' title='bbox 1482 4366 1646 4434; x_wconf 78' lang='lat' dir='ltr'><strong>Regio</strong></span> <span class='ocrx_word' id='word_1_597' title='bbox 1688 4367 1826 4418; x_wconf 68' lang='grc'>’2447</span> <span class='ocrx_word' id='word_1_598' title='bbox 1873 4366 2192 4432; x_wconf 76' lang='lat' dir='ltr'><strong>exscriptam</strong></span> <span class='ocrx_word' id='word_1_599' title='bbox 2243 4367 2390 4434; x_wconf 91' lang='lat' dir='ltr'><strong>prior</strong></span> <span class='ocrx_word' id='word_1_600' title='bbox 2421 4368 2589 4421; x_wconf 90' lang='lat' dir='ltr'><strong>edidit</strong></span> <span class='ocrx_word' id='word_1_601' title='bbox 2637 4365 2934 4420; x_wconf 89' lang='lat' dir='ltr'><strong>Cotelerius</strong></span> <span class='ocrx_word' id='word_1_602' title='bbox 2975 4365 3144 4420; x_wconf 90' lang='lat' dir='ltr'><strong>Tomo</strong></span> <span class='ocrx_word' id='word_1_603' title='bbox 3187 4369 3218 4422; x_wconf 78' lang='lat'><strong>3</strong></span> <span class='ocrx_word' id='word_1_604' title='bbox 3266 4366 3600 4419; x_wconf 83' lang='lat' dir='ltr'><strong>Monument.</strong></span> <span class='ocrx_word' id='word_1_605' title='bbox 3642 4365 3786 4420; x_wconf 88' lang='lat' dir='ltr'>F.ch</span> 
     </span>
    </p>
   </div>
   <div class='ocr_carea' id='block_1_83' title="bbox 580 4453 3783 4526">
    <p class='ocr_par' dir='ltr' id='par_1_83' title="bbox 580 4453 3783 4526">
     <span class='ocr_line' id='line_1_85' title="bbox 580 4453 3783 4526; baseline -0 -17"><span class='ocrx_word' id='word_1_606' title='bbox 580 4474 634 4526; x_wconf 76' lang='grc' dir='ltr'>ι).</span> <span class='ocrx_word' id='word_1_607' title='bbox 691 4455 948 4518; x_wconf 62' lang='grc'>121157,</span> <span class='ocrx_word' id='word_1_608' title='bbox 1000 4453 1246 4522; x_wconf 86' lang='lat' dir='ltr'>illamque</span> <span class='ocrx_word' id='word_1_609' title='bbox 1301 4457 1680 4524; x_wconf 77' lang='lat' dir='ltr'><strong>Chrysostomo</strong></span> <span class='ocrx_word' id='word_1_610' title='bbox 1725 4470 1965 4508; x_wconf 78' lang='lat' dir='ltr'>asserere</span> <span class='ocrx_word' id='word_1_611' title='bbox 1995 4466 2219 4508; x_wconf 81' lang='lat' dir='ltr'><strong>conatur</strong></span> <span class='ocrx_word' id='word_1_612' title='bbox 2273 4458 2322 4508; x_wconf 94' lang='lat' dir='ltr'>in</span> <span class='ocrx_word' id='word_1_613' title='bbox 2380 4459 2540 4520; x_wconf 89' lang='lat' dir='ltr'><strong>notis,</strong></span> <span class='ocrx_word' id='word_1_614' title='bbox 2594 4472 2647 4525; x_wconf 92' lang='lat' dir='ltr'>p.</span> <span class='ocrx_word' id='word_1_615' title='bbox 2685 4457 2804 4518; x_wconf 83' lang='grc'>558,</span> <span class='ocrx_word' id='word_1_616' title='bbox 2839 4457 2921 4509; x_wconf 91' lang='lat' dir='ltr'><strong>his</strong></span> <span class='ocrx_word' id='word_1_617' title='bbox 2952 4457 3122 4509; x_wconf 74' lang='lat' dir='ltr'><strong>verbis</strong></span> <span class='ocrx_word' id='word_1_618' title='bbox 3165 4474 3175 4508; x_wconf 95' lang='lat'><strong>:</strong></span> <span class='ocrx_word' id='word_1_619' title='bbox 3225 4475 3242 4505; x_wconf 75' lang='grc' dir='ltr'>ι</span> <span class='ocrx_word' id='word_1_620' title='bbox 3273 4455 3579 4508; x_wconf 79' lang='lat' dir='ltr'>Orationem</span> <span class='ocrx_word' id='word_1_621' title='bbox 3622 4455 3783 4516; x_wconf 87' lang='lat' dir='ltr'><strong>hanc,</strong></span> 
     </span>
    </p>
   </div>
   <div class='ocr_carea' id='block_1_84' title="bbox 581 4545 3786 4618">
    <p class='ocr_par' dir='ltr' id='par_1_84' title="bbox 581 4545 3786 4618">
     <span class='ocr_line' id='line_1_86' title="bbox 581 4545 3786 4618; baseline -0 -20"><span class='ocrx_word' id='word_1_622' title='bbox 581 4548 893 4613; x_wconf 75' lang='lat' dir='ltr'><strong>genuinum,</strong></span> <span class='ocrx_word' id='word_1_623' title='bbox 931 4558 986 4598; x_wconf 87' lang='lat' dir='ltr'>ut</span> <span class='ocrx_word' id='word_1_624' title='bbox 1015 4547 1239 4609; x_wconf 83' lang='lat' dir='ltr'><strong>videtur,</strong></span> <span class='ocrx_word' id='word_1_625' title='bbox 1271 4547 1461 4600; x_wconf 90' lang='lat' dir='ltr'><strong>summi</strong></span> <span class='ocrx_word' id='word_1_626' title='bbox 1495 4548 1725 4600; x_wconf 91' lang='lat' dir='ltr'><strong>doctoris</strong></span> <span class='ocrx_word' id='word_1_627' title='bbox 1751 4561 1903 4613; x_wconf 91' lang='lat' dir='ltr'><strong>opus,</strong></span> <span class='ocrx_word' id='word_1_628' title='bbox 1933 4547 2132 4612; x_wconf 88' lang='lat' dir='ltr'>prolem</span> <span class='ocrx_word' id='word_1_629' title='bbox 2167 4564 2358 4618; x_wconf 78' lang='lat' dir='ltr'><strong>magno</strong></span> <span class='ocrx_word' id='word_1_630' title='bbox 2399 4565 2507 4602; x_wconf 92' lang='lat' dir='ltr'>non</span> <span class='ocrx_word' id='word_1_631' title='bbox 2533 4549 2690 4616; x_wconf 86' lang='lat' dir='ltr'>plane</span> <span class='ocrx_word' id='word_1_632' title='bbox 2718 4547 3056 4600; x_wconf 84' lang='lat' dir='ltr'><strong>inﬁciendam</strong></span> <span class='ocrx_word' id='word_1_633' title='bbox 3096 4546 3325 4614; x_wconf 90' lang='lat' dir='ltr'><strong>parenti,</strong></span> <span class='ocrx_word' id='word_1_634' title='bbox 3357 4546 3595 4597; x_wconf 83' lang='lat' dir='ltr'><strong>habitam</strong></span> <span class='ocrx_word' id='word_1_635' title='bbox 3616 4545 3786 4598; x_wconf 82' lang='lat' dir='ltr'><strong>fuisse</strong></span> 
     </span>
    </p>
   </div>
   <div class='ocr_carea' id='block_1_85' title="bbox 580 4635 3786 4706">
    <p class='ocr_par' dir='ltr' id='par_1_85' title="bbox 580 4635 3786 4706">
     <span class='ocr_line' id='line_1_87' title="bbox 580 4635 3786 4706; baseline -0.001 -16"><span class='ocrx_word' id='word_1_636' title='bbox 580 4635 879 4690; x_wconf 65' lang='lat' dir='ltr'><strong>Antiochiae</strong></span> <span class='ocrx_word' id='word_1_637' title='bbox 921 4637 1048 4690; x_wconf 92' lang='lat' dir='ltr'><strong>illud</strong></span> <span class='ocrx_word' id='word_1_638' title='bbox 1086 4638 1338 4700; x_wconf 87' lang='lat' dir='ltr'><strong>ostendit,</strong></span> <span class='ocrx_word' id='word_1_639' title='bbox 1369 4638 1508 4704; x_wconf 92' lang='lat' dir='ltr'><strong>quod</strong></span> <span class='ocrx_word' id='word_1_640' title='bbox 1558 4639 1623 4690; x_wconf 86' lang='lat' dir='ltr'>ad</span> <span class='ocrx_word' id='word_1_641' title='bbox 1664 4637 1844 4699; x_wconf 85' lang='lat' dir='ltr'><strong>ﬁnem,</strong></span> <span class='ocrx_word' id='word_1_642' title='bbox 1875 4647 2033 4704; x_wconf 85' lang='lat' dir='ltr'><strong>prout</strong></span> <span class='ocrx_word' id='word_1_643' title='bbox 2072 4640 2224 4700; x_wconf 85' lang='lat' dir='ltr'><strong>solet,</strong></span> <span class='ocrx_word' id='word_1_644' title='bbox 2275 4640 2339 4692; x_wconf 91' lang='lat' dir='ltr'>de</span> <span class='ocrx_word' id='word_1_645' title='bbox 2366 4639 2634 4692; x_wconf 89' lang='lat' dir='ltr'><strong>communi</strong></span> <span class='ocrx_word' id='word_1_646' title='bbox 2667 4649 2816 4706; x_wconf 86' lang='lat' dir='ltr'><strong>patre</strong></span> <span class='ocrx_word' id='word_1_647' title='bbox 2849 4653 2942 4690; x_wconf 90' lang='lat' dir='ltr'>seu</span> <span class='ocrx_word' id='word_1_648' title='bbox 2986 4638 3239 4703; x_wconf 81' lang='lat' dir='ltr'><strong>episcopo</strong></span> <span class='ocrx_word' id='word_1_649' title='bbox 3291 4635 3542 4701; x_wconf 88' lang='lat' dir='ltr'><strong>loquitur,</strong></span> <span class='ocrx_word' id='word_1_650' title='bbox 3589 4650 3786 4702; x_wconf 85' lang='lat' dir='ltr'><strong>nempe</strong></span> 
     </span>
    </p>
   </div>
   <div class='ocr_carea' id='block_1_86' title="bbox 581 4724 3785 4794">
    <p class='ocr_par' dir='ltr' id='par_1_86' title="bbox 581 4724 3785 4794">
     <span class='ocr_line' id='line_1_88' title="bbox 581 4724 3785 4794; baseline 0 -16"><span class='ocrx_word' id='word_1_651' title='bbox 581 4725 853 4778; x_wconf 83' lang='lat' dir='ltr'><strong>Flaviano.</strong></span> <span class='ocrx_word' id='word_1_652' title='bbox 880 4726 1165 4794; x_wconf 80' lang='lat' dir='ltr'><strong>Exceptam</strong></span> <span class='ocrx_word' id='word_1_653' title='bbox 1192 4727 1367 4794; x_wconf 90' lang='lat' dir='ltr'><strong>potius</strong></span> <span class='ocrx_word' id='word_1_654' title='bbox 1397 4726 1714 4779; x_wconf 81' lang='lat' dir='ltr'><strong>crediderim</strong></span> <span class='ocrx_word' id='word_1_655' title='bbox 1751 4743 1812 4780; x_wconf 80' lang='lat' dir='ltr'><strong>ex</strong></span> <span class='ocrx_word' id='word_1_656' title='bbox 1844 4741 1935 4779; x_wconf 89' lang='lat' dir='ltr'>ore</span> <span class='ocrx_word' id='word_1_657' title='bbox 1959 4728 2273 4794; x_wconf 81' lang='lat' dir='ltr'><strong>perorantis,</strong></span> <span class='ocrx_word' id='word_1_658' title='bbox 2312 4743 2468 4794; x_wconf 85' lang='lat' dir='ltr'><strong>quam</strong></span> <span class='ocrx_word' id='word_1_659' title='bbox 2509 4743 2538 4779; x_wconf 91' lang='lat' dir='ltr'>a</span> <span class='ocrx_word' id='word_1_660' title='bbox 2579 4743 2738 4779; x_wconf 91' lang='lat' dir='ltr'><strong>manu</strong></span> <span class='ocrx_word' id='word_1_661' title='bbox 2771 4727 3140 4794; x_wconf 89' lang='lat' dir='ltr'><strong>componentis</strong></span> <span class='ocrx_word' id='word_1_662' title='bbox 3174 4725 3494 4792; x_wconf 78' lang='lat' dir='ltr'><strong>profectam;</strong></span> <span class='ocrx_word' id='word_1_663' title='bbox 3538 4724 3637 4776; x_wconf 90' lang='lat' dir='ltr'><strong>nisi</strong></span> <span class='ocrx_word' id='word_1_664' title='bbox 3667 4726 3785 4792; x_wconf 89' lang='lat' dir='ltr'><strong>quis</strong></span> 
     </span>
    </p>
   </div>
   <div class='ocr_carea' id='block_1_87' title="bbox 581 4813 3785 4883">
    <p class='ocr_par' dir='ltr' id='par_1_87' title="bbox 581 4813 3785 4883">
     <span class='ocr_line' id='line_1_89' title="bbox 581 4813 3785 4883; baseline -0 -16"><span class='ocrx_word' id='word_1_665' title='bbox 581 4815 952 4881; x_wconf 85' lang='lat' dir='ltr'><strong>interpolatam</strong></span> <span class='ocrx_word' id='word_1_666' title='bbox 1001 4816 1167 4868; x_wconf 88' lang='lat' dir='ltr'><strong>malit.</strong></span> <span class='ocrx_word' id='word_1_667' title='bbox 1209 4834 1225 4864; x_wconf 80' lang='grc' dir='ltr'>ι</span> <span class='ocrx_word' id='word_1_668' title='bbox 1283 4816 1415 4878; x_wconf 89' lang='lat' dir='ltr'><strong>Quia</strong></span> <span class='ocrx_word' id='word_1_669' title='bbox 1462 4830 1590 4868; x_wconf 88' lang='lat' dir='ltr'><strong>vero</strong></span> <span class='ocrx_word' id='word_1_670' title='bbox 1633 4831 1738 4868; x_wconf 86' lang='lat' dir='ltr'>non</span> <span class='ocrx_word' id='word_1_671' title='bbox 1773 4831 1959 4883; x_wconf 87' lang='lat' dir='ltr'><strong>parum</strong></span> <span class='ocrx_word' id='word_1_672' title='bbox 1987 4816 2242 4869; x_wconf 86' lang='lat' dir='ltr'><strong>momenti</strong></span> <span class='ocrx_word' id='word_1_673' title='bbox 2271 4816 2516 4868; x_wconf 84' lang='lat' dir='ltr'><strong>conferre</strong></span> <span class='ocrx_word' id='word_1_674' title='bbox 2557 4832 2714 4883; x_wconf 86' lang='lat' dir='ltr'><strong>posse</strong></span> <span class='ocrx_word' id='word_1_675' title='bbox 2744 4816 2956 4868; x_wconf 79' lang='lat' dir='ltr'><strong>videtur</strong></span> <span class='ocrx_word' id='word_1_676' title='bbox 2987 4815 3052 4867; x_wconf 91' lang='lat' dir='ltr'>ad</span> <span class='ocrx_word' id='word_1_677' title='bbox 3107 4813 3488 4880; x_wconf 78' lang='lat' dir='ltr'><strong>explorandum</strong></span> <span class='ocrx_word' id='word_1_678' title='bbox 3515 4822 3569 4865; x_wconf 89' lang='lat' dir='ltr'>et</span> <span class='ocrx_word' id='word_1_679' title='bbox 3607 4813 3785 4866; x_wconf 89' lang='lat' dir='ltr'><strong>locum</strong></span> 
     </span>
    </p>
   </div>
   <div class='ocr_carea' id='block_1_88' title="bbox 581 4902 3787 4975">
    <p class='ocr_par' dir='ltr' id='par_1_88' title="bbox 581 4902 3787 4975">
     <span class='ocr_line' id='line_1_90' title="bbox 581 4902 3787 4975; baseline -0 -19"><span class='ocrx_word' id='word_1_680' title='bbox 581 4913 638 4957; x_wconf 88' lang='lat' dir='ltr'>et</span> <span class='ocrx_word' id='word_1_681' title='bbox 665 4913 873 4972; x_wconf 84' lang='lat' dir='ltr'><strong>tempus</strong></span> <span class='ocrx_word' id='word_1_682' title='bbox 905 4921 1011 4972; x_wconf 86' lang='lat' dir='ltr'>quo</span> <span class='ocrx_word' id='word_1_683' title='bbox 1034 4907 1213 4958; x_wconf 91' lang='lat' dir='ltr'><strong>habita</strong></span> <span class='ocrx_word' id='word_1_684' title='bbox 1244 4907 1430 4959; x_wconf 88' lang='lat' dir='ltr'><strong>concio</strong></span> <span class='ocrx_word' id='word_1_685' title='bbox 1453 4906 1570 4969; x_wconf 84' lang='lat' dir='ltr'><strong>fuit,</strong></span> <span class='ocrx_word' id='word_1_686' title='bbox 1601 4908 1649 4958; x_wconf 91' lang='lat' dir='ltr'>id</span> <span class='ocrx_word' id='word_1_687' title='bbox 1680 4908 1820 4975; x_wconf 91' lang='lat' dir='ltr'><strong>quod</strong></span> <span class='ocrx_word' id='word_1_688' title='bbox 1852 4923 2076 4960; x_wconf 91' lang='lat' dir='ltr'><strong>numero</strong></span> <span class='ocrx_word' id='word_1_689' title='bbox 2114 4908 2144 4960; x_wconf 90' lang='lat'>6</span> <span class='ocrx_word' id='word_1_690' title='bbox 2169 4907 2234 4959; x_wconf 87' lang='lat' dir='ltr'>de</span> <span class='ocrx_word' id='word_1_691' title='bbox 2260 4908 2466 4960; x_wconf 88' lang='lat' dir='ltr'><strong>duabus</strong></span> <span class='ocrx_word' id='word_1_692' title='bbox 2493 4908 2878 4974; x_wconf 80' lang='lat' dir='ltr'><strong>posterioribus</strong></span> <span class='ocrx_word' id='word_1_693' title='bbox 2909 4905 3130 4959; x_wconf 85' lang='lat' dir='ltr'><strong>Joannis</strong></span> <span class='ocrx_word' id='word_1_694' title='bbox 3166 4904 3413 4972; x_wconf 85' lang='lat' dir='ltr'><strong>Epistolis</strong></span> <span class='ocrx_word' id='word_1_695' title='bbox 3442 4905 3659 4963; x_wconf 85' lang='lat' dir='ltr'><strong>dicitur,</strong></span> <span class='ocrx_word' id='word_1_696' title='bbox 3699 4902 3787 4955; x_wconf 90' lang='lat' dir='ltr'>hic</span> 
     </span>
    </p>
   </div>
   <div class='ocr_carea' id='block_1_89' title="bbox 582 4997 2122 5068">
    <p class='ocr_par' dir='ltr' id='par_1_89' title="bbox 582 4997 2122 5066">
     <span class='ocr_line' id='line_1_91' title="bbox 582 4997 2122 5066; baseline 0.002 -16"><span class='ocrx_word' id='word_1_697' title='bbox 582 5005 760 5050; x_wconf 90' lang='lat' dir='ltr'><strong>notam</strong></span> <span class='ocrx_word' id='word_1_698' title='bbox 790 4997 1036 5050; x_wconf 89' lang='lat' dir='ltr'><strong>Cotelerii</strong></span> <span class='ocrx_word' id='word_1_699' title='bbox 1081 4999 1134 5050; x_wconf 92' lang='lat' dir='ltr'>in</span> <span class='ocrx_word' id='word_1_700' title='bbox 1187 4999 1363 5051; x_wconf 89' lang='lat' dir='ltr'><strong>locum</strong></span> <span class='ocrx_word' id='word_1_701' title='bbox 1394 5000 1540 5052; x_wconf 91' lang='lat' dir='ltr'><strong>illum</strong></span> <span class='ocrx_word' id='word_1_702' title='bbox 1585 5000 1817 5066; x_wconf 86' lang='lat' dir='ltr'><strong>adjicere</strong></span> <span class='ocrx_word' id='word_1_703' title='bbox 1859 5000 2028 5053; x_wconf 91' lang='lat' dir='ltr'><strong>visum</strong></span> <span class='ocrx_word' id='word_1_704' title='bbox 2069 5016 2122 5053; x_wconf 91' lang='lat' dir='ltr'>es</span> 
     </span>
    </p>
   </div>
   <div class='ocr_carea' id='block_1_90' title="bbox 2226 4997 3786 5068">
    <p class='ocr_par' dir='ltr' id='par_1_90' title="bbox 2231 4998 3786 5068">
     <span class='ocr_line' id='line_1_92' title="bbox 2231 4998 3786 5068; baseline 0.002 -20"><span class='ocrx_word' id='word_1_705' title='bbox 2231 5018 2249 5048; x_wconf 85' lang='grc'><em>‹</em></span> <span class='ocrx_word' id='word_1_706' title='bbox 2281 5000 2402 5051; x_wconf 85' lang='grc' dir='ltr'>Τῶν</span> <span class='ocrx_word' id='word_1_707' title='bbox 2423 4999 2478 5050; x_wconf 85' lang='grc' dir='ltr'>δὲ</span> <span class='ocrx_word' id='word_1_708' title='bbox 2502 4999 3022 5068; x_wconf 73' lang='grc' dir='ltr'>ἐκκλησιαζομένων.</span> <span class='ocrx_word' id='word_1_709' title='bbox 3074 5001 3206 5052; x_wconf 88' lang='lat' dir='ltr'><strong>Nota</strong></span> <span class='ocrx_word' id='word_1_710' title='bbox 3249 4998 3529 5065; x_wconf 77' lang='lat' dir='ltr'><strong>diligenter</strong></span> <span class='ocrx_word' id='word_1_711' title='bbox 3575 4998 3786 5067; x_wconf 79' lang='lat' dir='ltr'><strong>insigne</strong></span> 
     </span>
    </p>
   </div>
   <div class='ocr_carea' id='block_1_91' title="bbox 581 5076 3786 5161">
    <p class='ocr_par' dir='ltr' id='par_1_91' title="bbox 581 5076 3786 5161">
     <span class='ocr_line' id='line_1_93' title="bbox 581 5076 3786 5161; baseline 0.002 -21"><span class='ocrx_word' id='word_1_712' title='bbox 581 5089 974 5154; x_wconf 87' lang='lat' dir='ltr'><strong>testimonium;</strong></span> <span class='ocrx_word' id='word_1_713' title='bbox 1003 5100 1059 5142; x_wconf 93' lang='lat' dir='ltr'>ut</span> <span class='ocrx_word' id='word_1_714' title='bbox 1087 5101 1357 5158; x_wconf 64' lang='lat' dir='ltr'><strong>quaeratur</strong></span> <span class='ocrx_word' id='word_1_715' title='bbox 1385 5109 1452 5145; x_wconf 88' lang='lat' dir='ltr'>an</span> <span class='ocrx_word' id='word_1_716' title='bbox 1488 5101 1540 5146; x_wconf 91' lang='lat' dir='ltr'>et</span> <span class='ocrx_word' id='word_1_717' title='bbox 1570 5109 1675 5161; x_wconf 87' lang='lat' dir='ltr'>quo</span> <span class='ocrx_word' id='word_1_718' title='bbox 1719 5093 1878 5146; x_wconf 90' lang='lat' dir='ltr'><strong>modo</strong></span> <span class='ocrx_word' id='word_1_719' title='bbox 1913 5093 1967 5145; x_wconf 90' lang='lat' dir='ltr'>in</span> <span class='ocrx_word' id='word_1_720' title='bbox 1995 5095 2157 5147; x_wconf 80' lang='lat' dir='ltr'><strong>variis</strong></span> <span class='ocrx_word' id='word_1_721' title='bbox 2178 5094 2331 5147; x_wconf 79' lang='lat' dir='ltr'><strong>Joan.</strong></span> <span class='ocrx_word' id='word_1_722' title='bbox 2373 5093 2733 5161; x_wconf 79' lang='lat' dir='ltr'><strong>Chrysostomi</strong></span> <span class='ocrx_word' id='word_1_723' title='bbox 2778 5095 3028 5160; x_wconf 87' lang='lat' dir='ltr'><strong>operibus</strong></span> <span class='ocrx_word' id='word_1_724' title='bbox 3060 5076 3295 5146; x_wconf 85' lang='lat' dir='ltr'><strong>citentur</strong></span> <span class='ocrx_word' id='word_1_725' title='bbox 3322 5090 3571 5158; x_wconf 60' lang='lat' dir='ltr'><strong>Epistolas</strong></span> <span class='ocrx_word' id='word_1_726' title='bbox 3599 5101 3786 5159; x_wconf 50' lang='lat' dir='ltr'><strong>poste-</strong></span> 
     </span>
    </p>
   </div>
   <div class='ocr_carea' id='block_1_92' title="bbox 583 5179 3783 5254">
    <p class='ocr_par' dir='ltr' id='par_1_92' title="bbox 583 5179 3783 5254">
     <span class='ocr_line' id='line_1_94' title="bbox 583 5179 3783 5254; baseline 0.001 -23"><span class='ocrx_word' id='word_1_727' title='bbox 583 5180 751 5234; x_wconf 84' lang='lat' dir='ltr'><strong>riores</strong></span> <span class='ocrx_word' id='word_1_728' title='bbox 774 5179 1013 5244; x_wconf 85' lang='lat' dir='ltr'><strong>Joannis,</strong></span> <span class='ocrx_word' id='word_1_729' title='bbox 1043 5199 1176 5250; x_wconf 91' lang='lat' dir='ltr'><strong>quas</strong></span> <span class='ocrx_word' id='word_1_730' title='bbox 1208 5185 1275 5237; x_wconf 91' lang='lat' dir='ltr'>ab</span> <span class='ocrx_word' id='word_1_731' title='bbox 1299 5186 1531 5253; x_wconf 88' lang='lat' dir='ltr'><strong>antiquis</strong></span> <span class='ocrx_word' id='word_1_732' title='bbox 1560 5187 1611 5238; x_wconf 90' lang='lat' dir='ltr'>in</span> <span class='ocrx_word' id='word_1_733' title='bbox 1637 5202 1842 5240; x_wconf 88' lang='lat' dir='ltr'><strong>canone</strong></span> <span class='ocrx_word' id='word_1_734' title='bbox 1867 5185 2261 5254; x_wconf 83' lang='lat' dir='ltr'><strong>Scripturarum</strong></span> <span class='ocrx_word' id='word_1_735' title='bbox 2289 5188 2489 5253; x_wconf 87' lang='lat' dir='ltr'><strong>positas</strong></span> <span class='ocrx_word' id='word_1_736' title='bbox 2519 5201 2624 5237; x_wconf 91' lang='lat' dir='ltr'>non</span> <span class='ocrx_word' id='word_1_737' title='bbox 2658 5186 2838 5246; x_wconf 85' lang='lat' dir='ltr'><strong>fuisse,</strong></span> <span class='ocrx_word' id='word_1_738' title='bbox 2896 5200 2995 5239; x_wconf 89' lang='lat' dir='ltr'>nec</span> <span class='ocrx_word' id='word_1_739' title='bbox 3024 5186 3216 5238; x_wconf 85' lang='lat' dir='ltr'><strong>Joanni</strong></span> <span class='ocrx_word' id='word_1_740' title='bbox 3259 5185 3498 5253; x_wconf 90' lang='lat' dir='ltr'><strong>apostolo</strong></span> <span class='ocrx_word' id='word_1_741' title='bbox 3536 5185 3783 5244; x_wconf 87' lang='lat' dir='ltr'><strong>tributas,</strong></span> 
     </span>
    </p>
   </div>
   <div class='ocr_carea' id='block_1_93' title="bbox 582 5269 3787 5344">
    <p class='ocr_par' dir='ltr' id='par_1_93' title="bbox 582 5269 3787 5344">
     <span class='ocr_line' id='line_1_95' title="bbox 582 5269 3787 5344; baseline 0.001 -23"><span class='ocrx_word' id='word_1_742' title='bbox 582 5269 733 5322; x_wconf 82' lang='lat' dir='ltr'><strong>testis</strong></span> <span class='ocrx_word' id='word_1_743' title='bbox 776 5278 857 5322; x_wconf 91' lang='lat' dir='ltr'>est</span> <span class='ocrx_word' id='word_1_744' title='bbox 892 5271 1125 5340; x_wconf 89' lang='lat' dir='ltr'><strong>locuples</strong></span> <span class='ocrx_word' id='word_1_745' title='bbox 1151 5273 1416 5328; x_wconf 85' lang='lat' dir='ltr'><strong>Eusebius</strong></span> <span class='ocrx_word' id='word_1_746' title='bbox 1450 5276 1483 5326; x_wconf 93' lang='grc'>1.</span> <span class='ocrx_word' id='word_1_747' title='bbox 1515 5277 1567 5335; x_wconf 82' lang='grc'>5,</span> <span class='ocrx_word' id='word_1_748' title='bbox 1615 5291 1732 5344; x_wconf 90' lang='lat' dir='ltr'><strong>cap.</strong></span> <span class='ocrx_word' id='word_1_749' title='bbox 1765 5276 1852 5340; x_wconf 74' lang='lat'>25,</span> <span class='ocrx_word' id='word_1_750' title='bbox 1884 5291 1945 5328; x_wconf 91' lang='lat' dir='ltr'>ac</span> <span class='ocrx_word' id='word_1_751' title='bbox 1976 5286 2094 5344; x_wconf 91' lang='lat' dir='ltr'><strong>post</strong></span> <span class='ocrx_word' id='word_1_752' title='bbox 2121 5291 2244 5330; x_wconf 83' lang='lat' dir='ltr'>eum</span> <span class='ocrx_word' id='word_1_753' title='bbox 2285 5277 2637 5342; x_wconf 76' lang='lat' dir='ltr'><strong>Hieronymus</strong></span> <span class='ocrx_word' id='word_1_754' title='bbox 2670 5274 2721 5325; x_wconf 89' lang='lat' dir='ltr'>in</span> <span class='ocrx_word' id='word_1_755' title='bbox 2746 5273 3016 5340; x_wconf 71' lang='lat' dir='ltr'><strong>Catalogo,</strong></span> <span class='ocrx_word' id='word_1_756' title='bbox 3045 5282 3100 5327; x_wconf 88' lang='lat' dir='ltr'>et</span> <span class='ocrx_word' id='word_1_757' title='bbox 3127 5274 3495 5327; x_wconf 86' lang='lat' dir='ltr'><strong>OEcumenius</strong></span> <span class='ocrx_word' id='word_1_758' title='bbox 3533 5274 3589 5325; x_wconf 92' lang='lat' dir='ltr'>in</span> <span class='ocrx_word' id='word_1_759' title='bbox 3622 5271 3787 5324; x_wconf 83' lang='lat' dir='ltr'><strong>Com-</strong></span> 
     </span>
    </p>
   </div>
   <div class='ocr_carea' id='block_1_94' title="bbox 580 5359 3787 5433">
    <p class='ocr_par' dir='ltr' id='par_1_94' title="bbox 580 5359 3787 5433">
     <span class='ocr_line' id='line_1_96' title="bbox 580 5359 3787 5433; baseline 0.002 -23"><span class='ocrx_word' id='word_1_760' title='bbox 580 5359 878 5412; x_wconf 87' lang='lat' dir='ltr'><strong>mentariis.</strong></span> <span class='ocrx_word' id='word_1_761' title='bbox 908 5361 1210 5424; x_wconf 82' lang='lat' dir='ltr'><strong>Quinetiam</strong></span> <span class='ocrx_word' id='word_1_762' title='bbox 1237 5361 1470 5433; x_wconf 81' lang='lat' dir='ltr'><strong>viguisse</strong></span> <span class='ocrx_word' id='word_1_763' title='bbox 1508 5380 1626 5417; x_wconf 89' lang='lat' dir='ltr'>eam</span> <span class='ocrx_word' id='word_1_764' title='bbox 1668 5367 2085 5418; x_wconf 88' lang='lat' dir='ltr'><strong>controversiam</strong></span> <span class='ocrx_word' id='word_1_765' title='bbox 2119 5367 2256 5418; x_wconf 91' lang='lat' dir='ltr'><strong>circa</strong></span> <span class='ocrx_word' id='word_1_766' title='bbox 2297 5376 2537 5432; x_wconf 88' lang='lat' dir='ltr'><strong>tempora</strong></span> <span class='ocrx_word' id='word_1_767' title='bbox 2583 5365 2804 5417; x_wconf 82' lang='lat' dir='ltr'><strong>Joannis</strong></span> <span class='ocrx_word' id='word_1_768' title='bbox 2850 5365 3018 5418; x_wconf 87' lang='lat' dir='ltr'><strong>nostri</strong></span> <span class='ocrx_word' id='word_1_769' title='bbox 3060 5364 3388 5433; x_wconf 79' lang='lat' dir='ltr'><strong>signiﬁcatur</strong></span> <span class='ocrx_word' id='word_1_770' title='bbox 3431 5379 3525 5429; x_wconf 85' lang='lat' dir='ltr'>per</span> <span class='ocrx_word' id='word_1_771' title='bbox 3556 5363 3787 5430; x_wconf 82' lang='lat' dir='ltr'><strong>Amphi-</strong></span> 
     </span>
    </p>
   </div>
   <div class='ocr_carea' id='block_1_95' title="bbox 579 5449 3786 5528">
    <p class='ocr_par' dir='ltr' id='par_1_95' title="bbox 579 5449 3786 5528">
     <span class='ocr_line' id='line_1_97' title="bbox 579 5449 3786 5528; baseline 0.002 -28"><span class='ocrx_word' id='word_1_772' title='bbox 579 5449 813 5502; x_wconf 89' lang='lat' dir='ltr'><strong>lochium</strong></span> <span class='ocrx_word' id='word_1_773' title='bbox 850 5452 904 5503; x_wconf 92' lang='lat' dir='ltr'>in</span> <span class='ocrx_word' id='word_1_774' title='bbox 935 5453 1126 5508; x_wconf 89' lang='lat' dir='ltr'><strong>lambis</strong></span> <span class='ocrx_word' id='word_1_775' title='bbox 1166 5455 1231 5507; x_wconf 92' lang='lat' dir='ltr'>ad</span> <span class='ocrx_word' id='word_1_776' title='bbox 1275 5455 1580 5521; x_wconf 86' lang='lat' dir='ltr'><strong>Seleucum,</strong></span> <span class='ocrx_word' id='word_1_777' title='bbox 1625 5473 1827 5525; x_wconf 92' lang='lat' dir='ltr'><strong>perque</strong></span> <span class='ocrx_word' id='word_1_778' title='bbox 1861 5457 2287 5528; x_wconf 79' lang='lat' dir='ltr'><strong>T0pographiam</strong></span> <span class='ocrx_word' id='word_1_779' title='bbox 2333 5458 2714 5520; x_wconf 81' lang='lat' dir='ltr'><strong>Christianam,</strong></span> <span class='ocrx_word' id='word_1_780' title='bbox 2747 5472 2904 5525; x_wconf 90' lang='lat' dir='ltr'><strong>quam</strong></span> <span class='ocrx_word' id='word_1_781' title='bbox 2937 5456 3065 5509; x_wconf 87' lang='lat' dir='ltr'><strong>citat</strong></span> <span class='ocrx_word' id='word_1_782' title='bbox 3113 5455 3335 5507; x_wconf 82' lang='lat' dir='ltr'><strong>Allatius</strong></span> <span class='ocrx_word' id='word_1_783' title='bbox 3387 5453 3607 5508; x_wconf 89' lang='lat' dir='ltr'><strong>Dissert.</strong></span> <span class='ocrx_word' id='word_1_784' title='bbox 3665 5455 3688 5506; x_wconf 86' lang='grc'><strong>1</strong></span> <span class='ocrx_word' id='word_1_785' title='bbox 3723 5454 3786 5506; x_wconf 84' lang='lat' dir='ltr'>de</span> 
     </span>
    </p>
   </div>
   <div class='ocr_carea' id='block_1_96' title="bbox 578 5536 1540 5599">
    <p class='ocr_par' dir='ltr' id='par_1_96' title="bbox 578 5536 1540 5599">
     <span class='ocr_line' id='line_1_98' title="bbox 578 5536 1540 5599; baseline 0.008 -10"><span class='ocrx_word' id='word_1_786' title='bbox 578 5536 729 5591; x_wconf 88' lang='lat' dir='ltr'><strong>libris</strong></span> <span class='ocrx_word' id='word_1_787' title='bbox 757 5541 1136 5596; x_wconf 87' lang='lat' dir='ltr'><strong>ecclesiasticis</strong></span> <span class='ocrx_word' id='word_1_788' title='bbox 1163 5544 1489 5599; x_wconf 67' lang='lat' dir='ltr'><strong>Graecorum.</strong></span> <span class='ocrx_word' id='word_1_789' title='bbox 1525 5566 1540 5597; x_wconf 74' lang='grc' dir='ltr'>ι</span> 
     </span>
    </p>
   </div>
   <div class='ocr_carea' id='block_1_97' title="bbox 648 5628 3785 5707">
    <p class='ocr_par' dir='ltr' id='par_1_97' title="bbox 648 5628 3785 5707">
     <span class='ocr_line' id='line_1_99' title="bbox 648 5628 3785 5707; baseline 0 -25"><span class='ocrx_word' id='word_1_790' title='bbox 648 5628 783 5684; x_wconf 85' lang='lat' dir='ltr'><strong>Tres</strong></span> <span class='ocrx_word' id='word_1_791' title='bbox 818 5631 1068 5699; x_wconf 66' lang='lat' dir='ltr'><strong>Epistolas</strong></span> <span class='ocrx_word' id='word_1_792' title='bbox 1115 5643 1319 5688; x_wconf 87' lang='lat' dir='ltr'><strong>tantum</strong></span> <span class='ocrx_word' id='word_1_793' title='bbox 1364 5637 1641 5692; x_wconf 56' lang='lat' dir='ltr'><strong>catholica</strong></span> <span class='ocrx_word' id='word_1_794' title='bbox 1685 5649 2173 5695; x_wconf 82' lang='lat' dir='ltr'><strong>commemorantur</strong></span> <span class='ocrx_word' id='word_1_795' title='bbox 2202 5655 2360 5707; x_wconf 86' lang='lat' dir='ltr'><strong>supra</strong></span> <span class='ocrx_word' id='word_1_796' title='bbox 2395 5637 2445 5691; x_wconf 92' lang='lat' dir='ltr'>in</span> <span class='ocrx_word' id='word_1_797' title='bbox 2485 5637 2709 5705; x_wconf 74' lang='lat' dir='ltr'><strong>Synopsi</strong></span> <span class='ocrx_word' id='word_1_798' title='bbox 2750 5634 3135 5704; x_wconf 70' lang='lat' dir='ltr'><strong>Chrysostomi,</strong></span> <span class='ocrx_word' id='word_1_799' title='bbox 3181 5648 3373 5702; x_wconf 84' lang='lat' dir='ltr'><strong>nempe</strong></span> <span class='ocrx_word' id='word_1_800' title='bbox 3403 5631 3610 5692; x_wconf 82' lang='lat' dir='ltr'><strong>Jacobi,</strong></span> <span class='ocrx_word' id='word_1_801' title='bbox 3647 5631 3785 5684; x_wconf 80' lang='lat' dir='ltr'><strong>Petri</strong></span> 
     </span>
    </p>
   </div>
  </div>
