3996 6422
230 342 342 397 409

204 452 513 505 administer
539 449 676 502 illius
697 448 941 501 facinoris
968 454 1126 508 esset,
1151 458 1337 499 somno
1367 443 1571 498 hostem
1609 443 1755 497 illum

204 542 440 595 devinxit
466 558 480 593 ε
507 547 561 593 ει
585 539 795 599 mulier,
820 537 1012 605 paxillo
1037 544 1245 603 arrepto
1283 544 1333 587 ct
1365 533 1761 602 malleo,adegit

205 647 300 699 per
344 640 580 697 tempora
621 630 724 680 ictu
771 638 874 679 tam
918 626 1071 687 forti,
1102 633 1157 677 ut
1188 626 1342 677 etiam
1376 634 1565 677 terram
1596 637 1757 690 pcne-

205 728 368 772 traret
398 734 408 768 :
439 726 493 771 et
521 717 595 770 sic
621 716 831 785 quidem
873 715 960 767 ille
1006 715 1138 767 intra
1171 713 1331 781 pedes
1362 712 1594 765 mulieris
1619 727 1758 764 mor-

205 819 325 862 tuus
347 816 445 861 cst.

274 900 325 950 7.
367 897 483 950 Non
527 896 719 949 desunt
762 894 865 946 Deo
906 894 1229 953 occasiones,
1258 899 1312 945 et
1337 905 1455 945 eum
1488 890 1598 957 ipse
1625 888 1752 952 vult,

205 986 333 1041 nihil
378 986 540 1039 refert
589 999 683 1037 nos
732 985 888 1036 etiam
934 984 1195 1035 sociorum
1248 981 1453 1034 auxiliis
1500 980 1753 1034 destitui:

206 1074 297 1127 Dei
345 1088 511 1133 arma,
559 1072 652 1124 Dei
688 1072 852 1129 miles.
886 1070 973 1122 Dei
1028 1070 1211 1130 virtus,
1267 1070 1410 1121 solus
1459 1078 1613 1122 nutus
1664 1069 1755 1120 Dei

200 1162 378 1213 omnia
410 1170 645 1228 possunt.
672 1159 779 1212 Hoc
800 1159 1005 1211 Christo
1034 1158 1269 1209 dicamus
1294 1174 1305 1207 :
1333 1157 1424 1209 Dic
1446 1144 1680 1215 verbum,
1704 1163 1757 1207 et

204 1251 383 1301 hostes
413 1250 483 1300 tui
504 1248 899 1315 dissipabuntur
927 1264 937 1296 :
968 1245 1051 1297 dic
1088 1246 1326 1305 verbum,
1358 1253 1411 1296 et
1455 1244 1755 1295 misericor-

199 1340 287 1392 dia
338 1341 603 1393 civitatem
639 1346 778 1391 tuam
831 1337 1022 1389 afficies
1058 1353 1068 1386 :
1102 1336 1186 1388 dic
1233 1334 1468 1397 verbum,
1500 1343 1551 1386 et
1580 1331 1753 1384 mundi

204 1431 281 1481 tui
324 1428 683 1482 misereberis.
716 1427 957 1479 Dicamus
1004 1425 1110 1486 illi,
1146 1424 1275 1475 Ecce
1301 1424 1458 1475 hostes
1484 1423 1553 1473 tui
1580 1438 1757 1473 sonue-

200 1527 340 1578 runt,
364 1531 412 1569 et
437 1518 521 1585 qui
545 1526 588 1567 te
609 1516 833 1577 oderunt,
866 1515 1165 1565 sustulerunt
1186 1523 1333 1579 caput
1367 1511 1532 1581 (Psaf.
1566 1510 1651 1563 8‘2.
1675 1509 1751 1577 5).

207 1607 363 1659 Visne
390 1606 606 1658 alterius
647 1604 879 1657 ediscere
908 1602 1141 1654 mulieris
1169 1610 1502 1667 stratagema,
1528 1600 1663 1667 quod
1703 1609 1756 1652 et

203 1698 372 1762 ipsum
416 1695 593 1748 divina
637 1698 904 1747 voluntate
951 1700 1307 1759 perpetratum
1332 1692 1442 1743 est?
1470 1690 1753 1743 Eratalins

200 1786 484 1851 quispiam,
515 1784 726 1835 nomine
750 1781 1075 1843 Abimelech,
1107 1781 1192 1847 qui
1226 1779 1515 1833 interfectis
1545 1789 1754 1843 septua-

197 1877 341 1939 ginta
370 1874 634 1936 fratribus,
660 1881 870 1939 totoque
924 1872 1114 1939 populo
1143 1885 1235 1937 per
1270 1870 1368 1921 hoc
1413 1869 1751 1922 fratricidinm

201 1965 251 2014 in
292 1978 439 2014 suam
486 1970 792 2029 potestatem
831 1960 1073 2022 redacto,
1113 1959 1383 2026 oppidum,
1411 1958 1632 2011 admotis
1662 1971 1753 2010 co-

198 2054 318 2115 piis,
343 2068 649 2120 oppugnare
669 2053 823 2117 empit
846 2049 1043 2118 (Judic.
1071 2044 1125 2114 9)
1157 2066 1168 2101 :
1198 2056 1251 2099 et
1270 2048 1515 2101 omnibus
1540 2048 1603 2100 ad
1628 2048 1751 2100 belli

197 2142 384 2192 faciem
423 2140 657 2191 attonitis
684 2149 735 2191 et
757 2138 1078 2205 stupefactis,
1110 2137 1249 2189 Deus
1297 2136 1483 2189 iterum
1514 2136 1753 2188 mulieris

197 2245 409 2281 manum
434 2230 715 2291 roboravit,
750 2243 968 2295 eamque
1004 2242 1032 2279 e
1062 2226 1320 2279 moenibus
1348 2225 1575 2292 conspici
1602 2241 1752 2278 cura-

196 2320 289 2383 \it,
316 2334 435 2385 qua:
462 2316 550 2369 ubi
583 2318 799 2369 frustum
821 2316 886 2369 de
913 2314 1081 2383 lapide
1110 2314 1294 2367 molari
1329 2314 1667 2380 arripuisset,
1698 2315 1747 2366 in

193 2417 349 2473 caput
378 2406 585 2475 tyranni
615 2405 849 2472 projecit,
880 2413 1133 2470 caputque
1158 2402 1418 2454 contrivit.
1443 2401 1543 2455 Sed
1570 2402 1750 2455 obser-

195 2510 255 2545 va
288 2494 551 2561 ingentem
586 2492 796 2559 superbi
827 2492 962 2543 illius
1000 2490 1281 2557 nequitiam
1302 2504 1417 2541 eum
1460 2490 1572 2556 ipso
1600 2503 1746 2541 com-

193 2582 525 2635 morientem.
576 2580 708 2633 Dicit
734 2579 943 2633 satelliti
975 2578 1195 2631 adstanti
1224 2620 1235 2640 ,
1288 2578 1485 2646 Stringe
1524 2577 1747 2646 gladium

193 2684 349 2733 mum,
384 2681 429 2725 et
458 2688 533 2725 me
570 2681 784 2738 percute,
825 2686 885 2722 ne
914 2669 1099 2729 dicant,
1151 2669 1333 2721 Mulier
1372 2670 1533 2735 ipsum
1567 2669 1748 2721 occidit

191 2763 352 2815 (Ibid.
377 2778 423 2815 υ.
452 2764 526 2830 ι).
554 2762 756 2829 Corpus
792 2761 1115 2813 moriebatur
1142 2800 1153 2821 ,
1187 2759 1428 2826 superbia
1456 2758 1698 2811 manebat
1728 2774 1740 2809 :

190 2854 347 2906 vitam
392 2854 483 2905 ille
537 2852 745 2918 quidem
789 2867 907 2905 cum
953 2858 1121 2903 morte
1161 2850 1559 2915 commutabat,
1597 2864 1745 2903 vanae

190 2942 367 3007 glorire
420 2940 650 2994 studium
700 2955 801 2992 non
856 2940 1228 2993 commutabat.
1281 2939 1344 2991 Et
1388 2938 1596 3007 quidem
1647 2937 1745 2990 hac

188 3038 340 3081 actate
388 3044 493 3081 non
535 3028 684 3080 deest
711 3028 815 3080 Deo
839 3028 1063 3090 Debora,
1115 3040 1219 3081 non
1258 3027 1408 3079 deest
1465 3027 1571 3079 Deo
1605 3025 1738 3078 Jael.

190 3118 449 3169 Habemus
476 3126 528 3169 et
558 3132 654 3169 nos
680 3127 912 3169 sanctam
935 3115 1205 3184 Virginem
1226 3130 1287 3169 ac
1315 3116 1405 3169 Dei
1436 3116 1740 3184 genitricem

186 3207 396 3258 Mariam
423 3247 434 3263 .
464 3221 579 3273 qua:
608 3220 703 3271 pro
728 3205 880 3258 nobis
912 3203 1206 3259 intercedit.
1239 3204 1293 3259 Si
1320 3206 1459 3258 enim
1488 3206 1682 3273 qumvis
1712 3221 1741 3258 e

185 3298 335 3364 vulgo
358 3297 551 3349 mulier
575 3296 845 3348 victoriam
872 3295 1097 3348 obtinuit
1120 3335 1135 3359 ,
1168 3304 1362 3362 quanto
1396 3298 1559 3362 magis
1584 3295 1740 3348 Chri-

182 3386 245 3435 sti
278 3395 447 3437 mater
481 3384 657 3437 hostes
682 3384 914 3437 veritatis
940 3382 1246 3436 confundit?
1277 3383 1453 3437 Hostis
1481 3384 1565 3436 ille
1595 3384 1739 3437 omni

182 3488 451 3525 armorum
502 3488 693 3541 genere
743 3473 1048 3535 instructus,
1072 3473 1270 3540 putavit
1318 3473 1591 3526 mulierem
1621 3486 1739 3526 esse

181 3563 288 3612 risu
310 3560 546 3629 dignam,
580 3569 633 3613 et
656 3560 853 3613 invenit
895 3560 1081 3614 ducem
1111 3569 1419 3613 certantem.
1452 3560 1564 3614 Non
1588 3569 1739 3627 puta-

178 3651 252 3703 vit
280 3666 337 3703 se
368 3664 534 3719 prope
559 3652 860 3718 sepulcrum
897 3664 1013 3705 esse
1037 3691 1051 3714 ,
1081 3660 1132 3705 et
1164 3652 1429 3705 inventum
1459 3662 1537 3705 est
1561 3652 1629 3704 illi
1660 3666 1735 3706 sc-

1640 329 1962 387 MONITUM.

3331 351 3442 404 410

1865 453 2103 512 pulcrum
2137 462 2149 499 :
2177 457 2435 499 mortuam
2466 448 2605 501 illam
2638 449 3004 513 existimabat,
3034 460 3085 503 et
3114 450 3178 504 ab
3204 453 3311 518 ipsa
3346 454 3423 505 in-

1868 534 2109 587 terfectus
2137 544 2236 587 est.
2273 535 2533 589 Habemus
2577 537 2853 589 Dominam
2908 548 3141 591 nostram
3190 552 3421 594 sanctam

1864 619 2077 673 Mariam
2097 622 2373 688 Deiparam
2407 640 2419 674 :
2448 623 2538 675 sed
2562 633 2615 676 et
2638 626 2990 691 apostolorum
3025 628 3268 693 precibus
3290 644 3420 694 opus

1862 718 1961 761 est.
1997 709 2235 763 Dicamus
2264 720 2315 762 et
2346 724 2441 763 nos
2480 711 2661 771 Paulo.
2689 714 3126 781 quemadmodum
3171 726 3223 768 et
3266 720 3419 785 prisci

1864 799 1938 850 illi
1972 817 1982 851 :
2016 800 2138 851 Cum
2158 801 2208 852 in
2232 799 2577 853 Macedoniam
2608 805 2949 870 pertransieris
2976 845 2989 867 ,
3016 806 3153 857 nobis
3180 806 3430 858 auxiliare

1863 890 1994 954 (Act.
2029 890 2111 943 16.
2156 890 2230 958 9).
2284 891 2545 945 Habemus
2597 894 2880 960 apostolos,
2932 910 2997 948 ne
3041 905 3417 963 torpescamus.

1864 976 2143 1033 Habemus.
2174 979 2404 1047 inquam,
2432 979 2694 1032 dominam
2715 992 2943 1035 nostram
2964 992 3198 1035 sanctam
3226 985 3415 1050 Deipa-

1862 1081 1992 1129 ram,
2022 1076 2074 1120 et
2094 1082 2301 1137 semper
2324 1066 2587 1136 Virginem
2612 1069 2846 1133 Mariam,
2877 1086 2940 1123 ne
2966 1072 3285 1140 pigritemur.
3321 1074 3414 1125 lla-

1864 1157 2045 1209 Ιιριιιιιε
2073 1156 2290 1209 chorum
2314 1169 2623 1227 martyrum,
2655 1174 2720 1212 ne
2758 1158 2969 1212 desides
3014 1162 3196 1214 simus.
3240 1161 3417 1229 Neque

1861 1258 1985 1296 vero
2014 1253 2209 1296 tantum
2240 1260 2544 1311 precemur,
2578 1246 2691 1308 sed,
2716 1248 2757 1298 si
2782 1247 3005 1311 videtur,
3038 1248 3193 1300 etiam
3217 1248 3415 1315 jejune—

1862 1347 1994 1383 mus.
2038 1333 2209 1386 Satius
2262 1344 2344 1387 est
2380 1335 2617 1402 jejunare
2659 1337 2912 1403 jejunium
2964 1338 3227 1403 desiderii,
3260 1354 3414 1407 quam

1861 1421 2010 1475 famis
2044 1440 2056 1473 :
2087 1423 2268 1484 satius,
2301 1422 2555 1489 jejunium
2584 1424 2876 1477 dilectioais
2899 1466 2914 1488 ,
2947 1442 3099 1492 quam
3134 1418 3419 1480 necessita-

1862 1510 1945 1561 tis.
1978 1510 2223 1563 Servator
2242 1511 2307 1564 de
2330 1512 2653 1565 dmntonibns
2679 1514 2749 1565 ait
2776 1531 2787 1563 :
2822 1512 2983 1566 Genus
3020 1516 3110 1565 hoc
3140 1532 3237 1566 non
3268 1516 3409 1585 ejici-

1861 1610 1939 1652 tur
1963 1602 2058 1653 nisi
2076 1602 2127 1653 in
2155 1602 2375 1653 oratione
2388 1612 2433 1653 et
2450 1603 2646 1669 jejunio
2674 1602 2880 1670 (Matt/1.
2912 1605 2997 1656 l7.
3027 1603 3140 1672 ‘20).
3164 1605 3342 1657 Oratio
3362 1616 3411 1657 et

1853 1689 2105 1757 jejunium
2130 1688 2396 1743 daemones
2422 1690 2660 1757 proﬂigat
2688 1708 2699 1742 :
2733 1701 2785 1744 et
2814 1690 3068 1744 barbaros
3098 1708 3200 1743 non
3236 1692 3411 1759 profli-

1858 1777 2036 1843 gabit?
2060 1776 2207 1842 Quod
2228 1786 2349 1830 ante
2373 1777 2477 1831 dixi
2505 1793 2685 1832 rursus
2724 1778 2842 1832 dico
2866 1795 2877 1829 :
2912 1794 3154 1847 rogemus
3181 1790 3412 1833 sanctam

1856 1865 2137 1933 gloriosam
2161 1866 2422 1934 Virginem
2470 1876 2522 1919 et
2568 1866 2840 1934 Deiparam
2891 1868 3141 1920 Mariam:
3170 1883 3412 1937 rogemus

1857 1964 2064 2009 sanctos
2116 1965 2169 2011 et
2210 1956 2488 2023 prmclaros
2547 1957 2810 2024 apostolos
2857 1974 2868 2007 :
2916 1972 3159 2025 rogemus
3204 1968 3411 2011 sanctos

1857 2054 2133 2114 martyres.
2164 2046 2215 2098 Si
2246 2046 2360 2113 quis
2389 2045 2697 2098 necessitate
2726 2045 2946 2111 quadam
2974 2046 3206 2107 adactus,
3239 2047 3411 2099 subito

1858 2134 1922 2187 ad
1972 2135 2197 2203 aliquem
2249 2135 2594 2203 potentiorem
2624 2132 2910 2201 confugiat,
2962 2134 3005 2187 is
3054 2150 3153 2187 non
3188 2136 3410 2187 libenter

1856 2226 2023 2292 ipsum
2076 2224 2285 2291 excipit.
2328 2226 2463 2277 Ante
2493 2226 2885 2289 necessitatem,
2916 2225 3111 2293 inquit,
3144 2226 3409 2279 nesciebas

1854 2316 1981 2369 mihi
2037 2316 2288 2367 honorem
2337 2324 2388 2366 et
2414 2314 2609 2366 cultum
2659 2323 2929 2380 prmstare,
2963 2315 3050 2367 sed
3102 2316 3410 2368 necessitate

1854 2406 2154 2474 compulsus
2180 2406 2228 2458 id
2262 2406 2390 2471 agis.
2426 2406 2581 2457 Extra
2626 2406 2986 2458 necessitatem
3012 2405 3179 2458 honor
3210 2407 3295 2459 ille
3322 2421 3409 2459 sn-

1853 2505 2062 2562 spcctns
2092 2508 2191 2546 non
2219 2502 2316 2547 est.
2350 2494 2402 2546 Si
2443 2503 2561 2546 ante
2595 2494 2958 2546 necessitatem
2992 2494 3213 2559 indicem
3242 2495 3406 2559 eolas,

1854 2586 1902 2636 in
1937 2585 2246 2637 necessitate
2280 2583 2569 2651 adjutorem
2600 2584 2848 2649 reperies.
2880 2583 3192 2637 Novitenim
3226 2594 3273 2637 te
3306 2602 3408 2638 non

1852 2675 2180 2737 necessitate,
2212 2673 2303 2726 sed
2351 2688 2528 2724 amore
2573 2673 2672 2740 agi.
2719 2672 2894 2725 Simus
2926 2670 3097 2740 itaque
3122 2683 3407 2742 martyrum

1851 2764 2024 2827 amici,
2056 2778 2155 2814 non
2213 2779 2275 2816 ex
2323 2764 2653 2825 necessitate,
2700 2763 2791 2815 sed
2841 2778 2905 2815 ex
2945 2763 3223 2817 dilectione
3252 2774 3409 2818 :anto

1852 2860 2231 2920 tempestatem,
2264 2863 2317 2905 nt
2370 2854 2764 2921 tempestatibus
2806 2853 2985 2906 afﬂicti
3030 2854 3317 2917 doleamus,
3353 2864 3409 2908 ut

1852 2945 1900 2995 in
1932 2952 2235 3011 tempestate
2262 2960 2350 2997 ver
2373 2944 2716 2996 inveniamus.
2750 2944 2874 2997 Hmc
2904 2944 3146 3001 dicimus.
3172 2960 3274 2998 non
3306 2946 3407 2997 im-

1850 3041 2127 3099 perantes,
2173 3031 2263 3083 sed
2308 3031 2610 3094 hortantes;
2668 3046 2770 3082 non
2808 3031 2975 3099 legem
3024 3030 3279 3093 ferentes,
3313 3033 3405 3085 sed

1848 3123 2182 3175 obsecrantes
2226 3137 2237 3171 :
2290 3135 2560 3187 precamur
2591 3128 2644 3170 nt
2673 3133 2855 3172 omnes
2886 3120 3059 3173 sobrie
3080 3121 3273 3173 vivant.
3304 3120 3405 3172 l’o-

1850 3221 2143 3265 testantem
2179 3211 2335 3273 Deus,
2371 3218 2559 3277 pra‘ter
2599 3209 2770 3271 fidem,
2806 3218 2994 3275 przcter
3035 3211 3290 3262 rationem
3319 3209 3406 3261 ho-

1848 3312 1953 3355 stes
1984 3300 2262 3367 ignominia
2302 3299 2531 3361 afficere,
2560 3299 2700 3351 orbis
2740 3299 2974 3351 misereri
3007 3339 3021 3361 ,
3056 3298 3401 3365 imperatores

1850 3393 2046 3444 honore
2075 3391 2307 3451 afficere,
2342 3390 2614 3456 imperium
2644 3388 2872 3451 firmare,
2897 3404 3148 3455 suamque
3185 3389 3404 3456 gloriam

1848 3484 2106 3535 illustrare
2130 3482 2179 3533 in
2202 3480 2411 3533 Christo
2431 3480 2552 3533 Jesu
2585 3478 2803 3531 Domino
2824 3486 3023 3542 nostro,
3049 3478 3129 3530 cui
3157 3477 3321 3546 gloria
3347 3477 3399 3531 in

1846 3570 2055 3623 saecula.
2083 3570 2269 3621 Amen.

216 3852 3384 3897 Μ

1244 4088 1322 4147 IN
1384 4089 1788 4150 HOMILIAM
1849 4091 2340 4164 SEQUENTEM.

186 4298 378 4365 prima,
414 4304 468 4349 et
498 4292 729 4383 Joannis
751 4294 879 4347 item
913 4295 1105 4383 prima,
1137 4310 1254 4361 quae
1288 4304 1401 4347 erat
1428 4296 1609 4363 Opinio
1656 4297 1909 4365 Syrorum
1938 4310 1991 4353 et
2019 4302 2269 4356 Ecclesia:
2295 4302 2663 4369 Antiochenm,
2710 4309 2760 4361 id
2814 4312 2951 4377 quod
2999 4312 3197 4366 ibidem
3229 4316 3396 4383 pluri-

188 4387 285 4437 bus
314 4382 877 4435 commnnstravimus.
931 4380 1057 4434 inde
1084 4397 1211 4435 vero
1246 4383 1501 4435 asseritnr
1542 4384 1678 4437 hanc
1709 4386 2000 4450 homiliam,
2033 4389 2075 4441 si
2124 4405 2231 4441 non
2275 4389 2661 4459 Chrysostomi.
2720 4398 2869 4464 cujus
2923 4413 3118 4453 nomen
3158 4380 3392 4470 praefert,

186 4476 410 4542 alicujus
446 4482 593 4526 certe
626 4488 687 4525 ex
726 4472 1065 4541 presbyteris,
1120 4472 1287 4539 ipsius
1334 4473 1619 4535 sodalibus,
1653 4490 1803 4537 esse;
1853 4477 1901 4529 id
1931 4479 2090 4530 etiam
2133 4480 2255 4531 inde
2285 4482 2558 4546 probatur,
2591 4486 2731 4551 quod
2760 4488 3131 4543 admirandum
3161 4504 3387 4560 patrem,

187 4567 235 4619 id
272 4574 354 4617 est
388 4566 700 4631 episcopum
735 4564 1067 4626 Flavianum,
1110 4564 1257 4631 quasi
1286 4575 1599 4632 prmsentem
1650 4569 1997 4622 concionator
2019 4584 2405 4627 commemoret
2434 4585 2487 4628 et
2517 4588 2701 4631 contra
2732 4582 3019 4636 Anomceos
3050 4597 3266 4655 pugnet,
3300 4592 3391 4658 qui

186 4652 643 4721 tum-frequentes
694 4662 847 4706 erant
875 4652 1192 4705 Antiochia;
1243 4653 1605 4721 Chrysostomi
1661 4666 1807 4709 certe
1857 4673 1962 4709 non
1992 4674 2108 4711 esse
2154 4662 2326 4728 arguit
2374 4664 2677 4719 omnimoda
2724 4670 2841 4737 styli
2892 4652 3194 4739 diversitas,
3246 4652 3392 4734 tanta

184 4749 390 4799 scilicet
415 4754 671 4813 quantam
700 4748 785 4799 vix
819 4747 943 4799 alibi
996 4761 1248 4813 umquam
1282 4746 1671 4814 deprehendas.
1719 4750 1895 4804 lnnnit
1939 4751 2330 4815 Tillemoutius,
2381 4772 2539 4823 posse
2587 4758 2862 4816 Severiani
2893 4779 3031 4829 esse,
3079 4769 3169 4834 qui
3215 4785 3394 4825 coram

181 4840 570 4905 (Ihrysostomo
617 4839 1021 4906 archiepiscopo
1064 4838 1675 4908 Constantinopolitano,
1712 4852 1835 4897 tunc
1880 4846 2181 4913 episcopus,
2227 4849 2669 4917 concionaretur;
2720 4857 2813 4908 sed
2857 4873 2963 4910 non
3016 4860 3393 4917 animadvertit

181 4930 562 4982 Tillemoutius
600 4930 713 4981 haec
746 4930 797 4981 in
829 4932 1063 4984 Ecclesia
1099 4934 1327 4998 quadam
1357 4934 1493 4985 dicta
1532 4934 1713 4997 fuisse,
1758 4938 1844 4991 ubi
1869 4937 2092 4991 Joannis
2124 4942 2356 4996 secunda
2398 4954 2450 4997 et
2484 4947 2638 4999 tertia
2669 4948 2900 5015 Epistola
2928 4952 3066 5005 inter
3102 4956 3392 5012 canonicos

180 5016 349 5069 libros
378 5032 488 5070 non
524 5016 962 5112 admittebantur,
988 5017 1037 5069 id
1060 5019 1201 5084 quod
1226 5020 1289 5071 de
1320 5020 1653 5073 Antiochena
1679 5024 1912 5078 Ecclesia
1945 5042 2148 5091 verum,
2174 5038 2377 5083 certum
2402 5035 2843 5102 exploratumque
2879 5050 2980 5104 est,
3020 5051 3077 5095 nt
3113 5045 3222 5112 jam
3257 5048 3394 5101 vidi-

179 5123 299 5159 mus
337 5108 393 5159 in
426 5108 664 5160 Diatriba
697 5108 748 5159 in
774 5106 1037 5176 Syuopsin
1066 5125 1261 5178 supra;
1294 5111 1357 5163 de
1388 5110 1979 5182 Constantinopolitana
2018 5134 2144 5171 vero
2186 5119 2420 5175 Ecclesia
2452 5140 2631 5189 nemo,
2670 5130 2809 5194 quod
2854 5132 3039 5197 sciam,
3074 5106 3223 5189 dixit.
3257 5137 3389 5194 Hinc

180 5214 339 5265 porro
367 5206 574 5252 eertum
610 5199 819 5251 videtur
860 5200 997 5252 hane
1027 5201 1299 5253 homiliam
1346 5203 1642 5257 Antiochia:
1686 5204 1937 5260 Flaviano
1982 5210 2233 5278 episcopo
2282 5226 2543 5280 prmsente
2599 5222 2999 5285 pronuntiatam
3038 5225 3220 5280 fuisse,
3280 5229 3391 5281 sub

177 5287 337 5339 tinem
362 5286 595 5340 homiliae
625 5286 708 5340 hic
738 5287 978 5354 q"isquis
1018 5288 1085 5340 sit
1124 5291 1470 5343 concionator
1511 5308 1627 5345 sese
1658 5308 1899 5363 purgata
1942 5300 2260 5365 quibusdam
2293 5304 2389 5357 sibi
2430 5306 2672 5374 objectis.
2702 5309 2833 5364 Cum
2866 5315 3006 5367 enim
3049 5318 3223 5391 aliqua
3262 5333 3390 5371 con-

178 5378 701 5432 cionando'dixisset
753 5379 820 5431 ab
852 5379 1186 5433 auditoribus
1217 5382 1352 5433 male
1399 5394 1640 5451 excepta,
1672 5386 1797 5439 hinc
1842 5398 2025 5442 exorto
2074 5408 2305 5456 rumore,
2346 5396 2398 5448 in
2436 5400 2679 5464 sequenti
2724 5404 2981 5457 concione
3024 5378 3229 5464 objecta
3284 5406 3386 5461 sibi

178 5466 408 5538 depulit,
444 5476 497 5521 et
524 5484 580 5522 se
604 5468 786 5521 omnia
809 5478 1056 5521 accurate
1092 5471 1385 5523 secundum
1410 5472 1738 5526 Catholicam
1770 5476 1923 5528 tidem
1954 5478 2149 5534 dixisse
2181 5455 2565 5551 comprobavit.
2840 5455 2850 5456 ί
2963 5455 2976 5457 _
3030 5455 3108 5474 *Ἴ
