3996 6422
225 356 330 409 411

1197 336 1260 390 ΙΝ
1302 335 1528 403 ILLUD,
1569 336 1637 391 IN
1675 335 1812 404 QUA
1853 337 2279 407 POTESTATE,
2319 340 2471 396 ΕΠΖ.

3332 380 3444 434 412

249 618 3434 672 W

958 1003 1181 1089 ΤΟΥ
1253 1008 1390 1090 ΕΝ
1461 1009 1820 1094 ΑΓΙΟΙΣ
1894 1010 2320 1096 ΠΑΤΡΟΣ
2393 1009 2709 1095 ΗΜΩΝ

225 1315 1232 1488 IQANNOY
1289 1319 1723 1487 ΤΟΥ
1761 1315 3436 1493 ΧΡΥΣΟΣΤΟΜΟΥ

805 1720 1043 1831 ΕΙΣ
1116 1718 1320 1832 ΤΟ
1407 1718 1786 1832 PHTC

1889 1721 1919 1830 ι
2017 1719 2221 1833 ΤΟ
2299 1714 2857 1859 ΑΕΓΟΝ,

1314 2011 1414 2064 Ἐν
1450 2013 1590 2078 ποίᾳ
1628 2013 1873 2077 ἐξουσίᾳ
1914 2013 2095 2065 ταῦτα
2133 2011 2354 2077 ποιεῖς;

297 2976 368 3024 αν,
401 2968 568 3039 Ἀρχὴ
617 2967 887 3038 σωτηρίας
923 2965 1219 3036 ἀνθρώπων
1256 2965 1284 3018 6
1316 2965 1407 3018 τοῦ
1439 2964 1572 3018 Θεοῦ
1603 2966 1782 3034 φόϐος.

229 3057 324 3108 καὶ
357 3054 481 3125 ῥίζα
509 3054 725 3106 πάντων
751 3055 857 3106 τῶν
887 3052 945 3103 ἐν
977 3053 1104 3120 ἡμῖν
1124 3051 1342 3117 ἀγαθῶν
1374 3053 1402 3102 ό
1427 3049 1518 3101 τοῦ
1548 3049 1678 3102 Θεοῦ
1702 3052 1786 3102 νό-

235 3157 351 3209 μος,
376 3140 500 3191 οὐτε
532 3139 587 3190 δέ
615 3137 748 3190 Θεοῦ
777 3138 936 3205 νόμος
963 3137 1088 3188 ἀνευ
1114 3135 1297 3203 φόϐου,
1327 3135 1447 3186 οὕτε
1481 3135 1637 3201 φόϐος
1660 3135 1783 3186 ἄνευ

236 3227 415 3292 νόμου.
465 3225 521 3276 '0
569 3223 676 3293 γὰρ
729 3221 888 3289 νόμος
943 3219 1049 3272 τῶν
1099 3219 1479 3288 ἐπιταγμάτων
1511 3220 1785 3288 ὑπηρέτην

232 3317 342 3378 εχει
375 3310 466 3361 τὸν
495 3307 653 3375 φόϐον
677 3323 691 3336 ·
713 3309 741 3360 6
776 3306 830 3358 δὲ
876 3305 1035 3374 φόϐος
1069 3305 1176 3357 τῶν
1205 3306 1680 3373 προστεταγμένων
1709 3304 1785 3356 δι-

235 3396 440 3464 καστὴν
469 3393 579 3462 ἔχει
623 3393 712 3446 τὸν
747 3393 928 3462 νόμον.
991 3392 1048 3444 Ὀ
1095 3391 1191 3461 μὲν
1217 3387 1307 3444 οὖν
1357 3391 1503 3460 φόϐῳ
1534 3391 1609 3460 τῷ
1639 3391 1784 3461 νόμῳ

233 3481 683 3550 προσερχόμενος,
711 3480 804 3532 καὶ
847 3478 922 3547 τῷ
956 3476 1046 3530 τὸν
1090 3477 1250 3546 νόμον
1275 3477 1412 3529 δόντι
1443 3476 1578 3546 Θεῷ,
1613 3477 1785 3544 ἁγίοις

234 3565 659 3634 ἐμπολιτεύεται,
696 3564 787 3616 καὶ
829 3565 992 3625 ὁσίοις
1043 3562 1409 3632 ἀναγράφεται
1432 3578 1445 3592 ·
1476 3564 1504 3614 6
1530 3563 1584 3614 δὲ
1617 3580 1785 3616 κατα·-

233 3649 446 3719 τολμῶν
473 3647 567 3700 τοῦ
601 3648 742 3699 θείου
775 3646 958 3712 φόϐου,
993 3647 1086 3698 καὶ
1117 3647 1252 3716 μετά
1286 3647 1592 3709 ἀλαζονείας
1622 3664 1785 3717 προσ-

236 3733 454 3802 ἐρχετειι
480 3731 555 3800 τῷ
598 3730 723 3800 θείῳ
773 3730 938 3798 νόμῳ,
968 3729 1088 3781 οὐτε
1132 3732 1226 3799 τῆς
1276 3731 1491 3800 χάριτος
1521 3731 1780 3794 ἀξιοῦται.

235 3817 370 3869 ἀλλά
393 3815 488 3867 καὶ
517 3815 613 3882 τῆς
644 3814 916 3876 εὐσεϐείας
947 3814 1278 3866 ἐκϐάλλεται.
1313 3817 1410 3868 Διά
1435 3816 1587 3868 τοῦτο
1615 3818 1662 3867 οἱ
1687 3818 1784 3886 μὲν

236 3903 382 3972 φόϐῳ
405 3904 500 3955 καὶ⁵
530 3901 675 3970 πόθῳ
709 3901 1016 3970 προσιόντες
1047 3902 1122 3970 τῷ
1148 3902 1271 3970 θείῳ
1312 3905 1479 3972 νόμῳ,
1513 3903 1648 3972 μετά
1679 3905 1784 3956 πά-

237 4007 334 4059 σης
359 3988 650 4057 εὐθύτητος
680 3987 1012 4041 διδάσκονται
1043 3988 1136 4039 καὶ
1169 3989 1506 4055 φωτίζονται,
1533 3990 1624 4042 καὶ
1656 3991 1784 4062 παρ’

234 4078 403 4146 αὐτῆς
424 4075 523 4142 τῆς
547 4073 798 4143 ἀληθείας
822 4073 989 4142 αὐτὴν
1013 4073 1344 4126 παιδεύονται
1367 4075 1463 4144 τὴν
1486 4075 1781 4128 ιύσέϐειανυ

236 4162 598 4214 ὑποπίπτουσι
631 4159 738 4227 γὰρ
761 4159 892 4228 αὐτῇ
923 4161 986 4228 τῇ
1021 4161 1166 4228 πηγῇ
1198 4159 1296 4226 τῆς
1321 4158 1588 4228 ἀληθείας,
1615 4159 1784 4226 λέγον.

232 4264 322 4312 τες
341 4266 353 4279 ο
397 4246 738 4316 Εὐλογητὸς
762 4243 832 4309 εἴ,
859 4247 1032 4312 Κύριε
1051 4265 1063 4276 ο
1086 4247 1333 4310 δίδαξόν
1350 4265 1425 4314 με
1456 4249 1527 4301 τὰ
1554 4248 1785 4301 δικαιώ-

233 4338 387 4404 ματά
415 4352 551 4388 σου.
603 4333 737 4384 Ἀλλ’
769 4333 817 4386 οἱ
849 4332 943 4402 μὲν
969 4334 1109 4400 ἅγιοι
1139 4330 1308 4396 οῦτως
1353 4333 1614 4396 εὐλαϐεῖς.
1649 4333 1788 4386 οὕτω

237 4421 493 4489 φιλόθεοι,
551 4416 691 4470 οὕτω
728 4420 853 4486 παρ’
887 4417 1054 4484 αὐτῆς
1101 4417 1268 4486 αὐτὴν
1323 4417 1644 4486 μανθάνουσι
1690 4417 1786 4487 τὴν

237 4507 492 4576 ἀλήθειαν
511 4521 525 4536 ο
547 4507 594 4557 οί
626 4505 682 4557 δὲ
709 4503 808 4572 τῆς
857 4503 1108 4573 ἀληθείας
1150 4504 1349 4572 ἐχθροὶ,
1384 4504 1579 4572 μᾶλλον
1605 4505 1659 4556 δὲ
1690 4505 1788 4572 τῆς

239 4594 448 4649 ἑαυτῶν
475 4591 620 4660 ζωῆς
667 4591 923 4658 πολέμιοι,
985 4589 1296 4653 ἀλαζονείαν
1330 4591 1421 4641 καὶ
1472 4591 1636 4656 τῦφον
1689 4591 1788 4658 τῆς

239 4681 538 4747 ἁπλότητος
572 4679 1014 4747 προτιμήσαντες,
1043 4676 1340 4744 τυραννικῷ
1370 4677 1601 4744 σχήματι
1625 4693 1788 4744 προσ-

239 4768 489 4836 ἔρχονται
515 4763 592 4831 τῷ
614 4762 710 4830 τῆς
739 4760 1014 4821 εὐσεϐείας
1041 4760 1357 4829 διδασκάλῳ.
1391 4765 1452 4812 Ὃ
1473 4762 1535 4829 δὴ
1565 4761 1790 4829 πεποιή-

241 4868 366 4904 κασι
397 4848 491 4901 καὶ
531 4847 792 4899 Ἰουδαίων
841 4846 1041 4907 παῖδες,
1073 4847 1144 4907 ὡς
1177 4847 1373 4914 ἀρτίως
1406 4848 1468 4898 ἐκ
1501 4846 1605 4898 τῶν
1630 4847 1790 4913 εὐαγ-

241 4935 472 5004 γελικῶν
491 4933 660 4998 λόγων
689 4931 974 5000 ἀκηκόατε.
1021 4929 1107 4999 Τῷ
1141 4931 1247 4999 γὰρ
1283 4930 1468 4997 Κυρίῳ
1496 4931 1650 4998 ἡμῶν
1687 4931 1788 4998 ἰη-

245 5022 356 5081 σοῦ,
381 5017 459 5086 τῷ
490 5015 694 5085 βασιλεῖ
719 5019 823 5065 τῶν
851 5015 1036 5081 ἀγίων,
1062 5015 1438 5082 ἐνδιατρίϐοντι
1463 5015 1518 5064 ἐν
1551 5015 1626 5083 τῷ
1658 5015 1788 5083 ναῷ,

245 5107 631 5177 προσέρχονται
652 5103 707 5152 ἐν
734 5099 877 5166 αὐτῴ
903 5100 978 5168 τῷ
1010 5099 1140 5168 ναῷ,
1171 5102 1230 5152 οὐ
1267 5101 1400 5168 μετά
1425 5100 1516 5151 τοῦ
1558 5102 1792 5168 πρέπον-

241 5209 331 5255 τος
377 5192 539 5258 φόϐου
565 5227 580 5250 ,
613 5189 708 5256 οὐχ
741 5184 888 5257 [M8]
920 5186 992 5246 ὡς
1044 5185 1243 5238 οἰκέται
1280 5185 1545 5255 δεσπότῃ,
1583 5187 1679 5254 οὐχ
1718 5188 1791 5251 ὠς

244 5278 524 5345 ἀνθρωττοι*
565 5273 701 5340 Θεῷ,
762 5269 867 5324 ἀλλ’
902 5270 1016 5321 οὐδέ
1055 5271 1128 5332 ὼς
1178 5271 1410 5338 μαθηταὶ
1471 5271 1786 5340 διδασκάλῳ.

257 5361 468 5429 Ἐχθροὶ
505 5359 600 5426 τῆς
635 5354 904 5424 ἀληθείας,
935 5354 1023 5404 καὶ
1052 5355 1278 5422 θηραταὶ
1305 5356 1517 5419 κακίας,
1553 5357 1646 5426 τὴν
1678 5360 1793 5409 έαυ.

245 5443 350 5496 τῶν
382 5441 771 5508 ἐνδεικνύμενοι
803 5438 1082 5506 πονηρίαν,
1123 5439 1394 5508 λογισμοῖς
1438 5442 1790 5510 ἀνθρωπίνοις

248 5527 539 5597 ἐπειρῶντο
572 5524 922 5595 περιγράφειν
954 5521 1048 5590 τὴν
1069 5523 1254 5588 σοφίαν
1280 5525 1375 5591 τὴν
1404 5527 1502 5577 ύττε
1515 5527 1786 5594 ρκόσμιον.

249 5609 604 5683 Προσῆλθον
629 5610 756 5678 γὰρ,
786 5607 947 5676 φησὶν
971 5645 985 5670 ,
1016 5607 1083 5660 ἐν
1121 5605 1198 5670 τῷ
1221 5608 1348 5674 ἱερῴ
1379 5610 1457 5674 τῷ
1507 5613 1695 5676 Ἰησοῦ
1740 5615 1790 5665 οι

1889 2963 2061 3029 ίερεῖς
2084 2965 2176 3017 καί
2206 2968 2260 3017 οἱ
2284 2968 2662 3034 πρεσϐύτεροι
2689 2966 2791 3022 τοῦ
2809 2967 2960 3021 ⁸λῑιιοῦ
2986 2969 3260 3036 λέγοντες
3277 2981 3292 3001 δ
3339 2970 3441 3025 Ἔν

1886 3049 2027 3114 ποίᾳ
2071 3049 2318 3116 ἐξουσίᾳ
2355 3051 2535 3103 ταῦτα
2559 3052 2788 3117 ποιεῒςς
2830 3054 2927 3105 καί
2973 3056 3062 3118 τίς
3107 3070 3204 3106 σοι
3253 3053 3438 3108 ἔδωκε

1886 3132 1999 3198 τὴν
2022 3132 2310 3195 ἐξουσίαν
2337 3136 2593 3201 tamur;
2626 3138 2688 3187 Ὢ
2713 3139 2809 3205 τῆς
2837 3139 3036 3204 ἀφοϐου
3067 3139 3314 3207 καρδίαςί
3338 3141 3438 3194 ὅσα

1884 3216 2082 3287 τολμᾷί
2109 3219 2207 3270 ὃσα
2233 3219 2550 3287 φθέγγεταιί
2577 3222 2676 3272 ὅσα
2699 3221 2830 3290 πρὸς
2855 3221 3165 3286 ἀλαζονείαν
3197 3224 3432 3294 αίρεταιί

1889 3303 1952 3352 Ὦ
1985 3303 2083 3371 τῆς
2110 3305 2214 3354 τῶν
2257 3303 2503 3373 πονηρῶν
2553 3306 2771 3368 ἀνοίαςί
2825 3306 2870 3358 ὣ
2919 3308 3017 3375 τῆς
3055 3309 3145 3360 τοῦ
3192 3309 3438 3379 Σωτῆρος

1885 3387 2252 3450 ἀνεξικακίαςί
2288 3388 2574 3456 ιιθέγγεται
2598 3390 2817 3442 τοιαῦτα
2849 3391 3034 3460 πηλὸς,
3067 3393 3159 3444 καὶ
3191 3393 3436 3461 ἀνέχεται

1885 3475 1913 3524 6
1941 3472 2180 3541 πλάστης
2199 3488 2211 3502 ·
2243 3473 2522 3543 ἐπαίρεται
2547 3475 2686 3527 κατὰ
2721 3474 2812 3526 τοῦ
2845 3476 3174 3546 δημιουργοῦ
3211 3477 3268 3529 τὸ
3296 3477 3435 3529 πλά-

1887 3576 2018 3628 σμα,
2048 3561 2140 3612 καὶ
2160 3559 2466 3622 ἀνεξικακεῐ
2493 3563 2520 3612 6
2553 3561 2842 3631 εὐεργέτης
2875 3564 2901 3614 6
2923 3562 3207 3626 ἀνεύθυνος
3231 3580 3243 3592 ·
3275 3565 3436 3617 ἀπαι-

1883 3644 2033 3696 τοῦσι
2058 3643 2211 3710 λόγον
2239 3645 2386 3712 παρά
2407 3644 2497 3698 τοῦ
2531 3645 2664 3698 Θεοῦ
2695 3646 2886 3714 Λόγου,
2933 3647 3023 3699 καὶ
3061 3647 3157 3716 τὴν
3193 3650 3436 3712 ἐξουσίαν

1887 3732 2416 3800 πολυπραγμονοῦσι,
2451 3732 2550 3800 τὴν
2584 3734 2822 3802 κορυφὴν
2854 3733 2950 3802 τῆς
2999 3736 3292 3797 αὐθεντίας.
3348 3739 3436 3790 Ef-

1887 3833 2072 3884 πωμεν
2101 3816 2362 3885 εὐκαίρως
2385 3817 2474 3868 καὶ
2500 3819 2657 3886 ἡμεῖς
2681 3817 2748 3868 τὰ
2778 3818 2869 3869 τοῦ
2906 3819 3067 3886 σοφοῦ
3092 3836 3105 3849 ·
3139 3817 3207 3872 Ὦ
3234 3822 3438 3891 ἀνθρω-

1886 3923 1973 3966 πε,
2002 3905 2066 3957 Τί
2086 3903 2422 3963 ἀλαζονεύει
2449 3905 2524 3973 γῆ
2547 3906 2642 3960 καί
2669 3906 2921 3970 σποδόςς
2952 3907 3080 3959 Θεὸν
3100 3909 3323 3978 ἐρωτᾷς,
3341 3911 3434 3963 καὶ

1884 3991 2039 4058 λόγον
2071 3993 2312 4053 ἀπαιτεῖς
2344 3993 2470 4060 παρ’
2498 3991 2659 4043 αὐτοῦ
2683 3993 2787 4044 τῶν
2813 3993 2953 4045 ἰδίων
2975 3994 3167 4062 ἔργων,
3203 3996 3294 4046 καὶ
3315 3996 3433 4047 τολο

1890 4077 1994 4146 μᾷς
2031 4075 2207 4141 λέγειν
2254 4076 2388 4146 πρὸς
2437 4077 2534 4145 τὴν
2579 4077 2942 4146 ύπερκόσμιον
2999 4078 3279 4142 ἐξουσίαν’
3334 4081 3435 4133 Ἐν

1889 4162 2027 4226 ποίᾳ
2077 4161 2320 4227 ἐξουσίᾳ
2349 4161 2531 4213 ταῦτα
2558 4160 2778 4223 ποιεῖςς
2812 4159 2961 4213 Διατί
3009 4163 3064 4214 δὲ
3101 4163 3234 4225 ὅλως
3278 4165 3434 4217 αὐτὸν

1887 4247 2112 4316 ἐρωτᾷς,
2172 4247 2262 4296 καὶ
2293 4245 2389 4296 οὐκ
2448 4244 2616 4312 αὐτὴν
2675 4243 2772 4314 τὴν
2829 4246 3162 4314 πραγμάτων
3212 4247 3434 4314 δύναμιν

1886 4333 2138 4401 ἐρευνᾷς;
2175 4331 2449 4383 Ἐεέτασον
2478 4331 2635 4392 αὐτὸς
2656 4329 2892 4398 ἀκριϐῶς
2922 4333 2978 4382 ὲν
3001 4331 3075 4399 τῷ
3099 4333 3317 4400 κρυπτῷ
3339 4334 3432 4401 τῆς

1885 4421 2057 4489 ψυχῆς
2087 4419 2462 4489 βουλευτηρίῳ,
2491 4418 2588 4487 τὴν
2615 4418 2721 4469 τῶν
2754 4419 3090 4486 πραγμάτων
3125 4419 3281 4485 φύσιν
3313 4419 3431 4470 ἐπι-

1889 4507 2240 4575 σκεψάμενος,
2280 4509 2326 4557 εί
2381 4505 2721 4574 ἀνθρωπίνης
2771 4505 2912 4556 ἐστὶν
2941 4505 3144 4566 ἐννοίας
3191 4505 3259 4557 τά
3288 4505 3431 4570 γινόσ

1891 4610 2044 4660 μενα,
2067 4592 2099 4660 ἢ
2123 4591 2269 4650 θείας
2299 4590 2575 4652 αὐθεντίας
2601 4590 2666 4642 τά
2690 4590 2766 4659 τῷ
2794 4588 2978 4660 Κυρίῳ
3011 4589 3431 4659 κατορθούμενα.

1901 4676 2197 4746 Ἐρώτησον
2227 4677 2318 4727 καὶ
2367 4674 2574 4738 φύσεως
2607 4676 2821 4742 νόμους,
2865 4676 2956 4727 καὶ
2987 4674 3226 4738 ἐξουσίας
3255 4676 3431 4744 ὅρους,

1889 4765 1981 4814 καὶ
2010 4761 2278 4830 λογισμῶν
2311 4761 2642 4824 ἀκολουθίαν,
2683 4762 2808 4814 ποία
2838 4761 3051 4824 ἐξουσία
3093 4761 3308 4813 δύναται
3351 4778 3432 4813 νε-

1890 4848 2052 4916 κροὺς
2077 4849 2297 4915 ἐγεῖραι,
2317 4845 2656 4914 ἀνθρώπωνῆ
2673 4845 2805 4896 Θεοῦ
2825 4861 2838 4908 ;
2863 4845 2953 4905 Τίς
2973 4845 3190 4897 δύναται
3204 4845 3432 4914 λεπροὺς

1891 4932 2185 5002 καθαίρειν,
2215 4931 2306 4983 καὶ
2335 4932 2517 4991 νόσους
2543 4930 2879 4992 ἀπελαύνειν,
2919 4931 3011 4981 καὶ
3047 4931 3221 4982 πᾶσαν
3247 4931 3431 4999 ψυχῶν

1891 5019 1983 5070 καὶ
2014 5019 2274 5086 σωμάτων
2303 5018 2606 5086 ἀρρωστίαν
2635 5016 2774 5084 λόγῳ
2805 5016 2947 5085 μόνῳ
2977 5014 3221 5080 ὃιώκεινς
3263 5013 3388 5067 Εἶτα
3413 5056 3427 5076 ,

1890 5105 1971 5166 τίς
1995 5104 2211 5155 δύναται
2240 5103 2342 5154 ἀπὸ
2373 5100 2540 5170 πηλοῦ
2575 5102 2877 5169 ὀφθαλμοὺς
2911 5100 3217 5165 διαπλάσαι,
3241 5101 3368 5161 Θεὸς
3396 5100 3428 5169 ἢ

1891 5190 2200 5258 ἄνθρωπυςς
2229 5187 2377 5238 Διατί
2427 5188 2498 5256 μὴ
2525 5188 2620 5255 τὴν
2653 5187 2812 5253 φύσιν
2851 5187 3016 5254 αὐτὴν
3045 5187 3154 5237 τῶν.
3183 5189 3432 5255 πραγμά-

1889 5293 1995 5328 των
2024 5274 2245 5343 ἐρωτᾷς,
2280 5272 2410 5324 ἁλλά
2447 5274 2581 5341 μετά
2609 5273 2938 5342 θρασύτητος
2968 5273 3056 5324 τὸν
3085 5271 3315 5340 ἐργάτην
3337 5289 3432 5323 πο·

1891 5361 2284 5428 λυπραγμονεῖς
2335 5358 2542 5425 λέγων,
2589 5359 2688 5410 Ἐν
2738 5359 2876 5424 ποίᾳ
2945 5357 3192 5422 ἐξουσίᾳ
3251 5355 3434 5408 ταῦτα

1896 5445 2114 5507 ποιεῖς-ς
2159 5443 2613 5513 Ἐπαναλαμϐάνω
2639 5444 2746 5514 γὰρ
2771 5445 2837 5497 τά
2885 5443 3101 5513 ῥήματα
3140 5442 3298 5493 πάλιν
3329 5442 3433 5494 τῶν

1897 5532 1961 5583 τὰ
1984 5531 2155 5581 πάντα
2178 5530 2372 5599 ῥᾳδίως
2398 5528 2733 5598 τολμώντων,
2763 5528 2867 5579 τῶν
2893 5525 3260 5579 ἀπαιτούντων
3280 5527 3434 5592 λόγον

1900 5616 1984 5669 τὸν
2013 5616 2100 5668 τοῦ
2127 5614 2259 5670 Θεοῦ
2290 5616 2475 5680 Λόγον,
2510 5615 2600 5667 καὶ
2629 5614 2980 5685 περιγράφειν
3017 5613 3288 5682 λογισμοῖς
3321 5616 3435 5666 ἐπι-
