3996 6460
558 478 875 552 χειρούντων
901 478 991 531 τὸν
1015 478 1373 546 δρασσόμενον
1404 476 1524 537 τοὺς
1556 477 1748 543 σοφοὺς
1790 476 1847 528 ἐν
1880 476 1943 543 τῇ
1971 489 2104 525 παν-

559 565 751 633 ουργίᾳ
772 563 968 616 αὐτῶν.
995 564 1058 613 Ὢ
1078 563 1175 629 τῆς
1204 562 1380 624 ἀνοίας
1405 563 1418 614 ι
1449 559 1566 629 Θεῷ
1589 562 1745 628 Λόγῳ
1776 559 2105 629 προσάγουσι

563 651 754 716 πεῖραν
782 647 969 713 λόγων,
1018 639 1062 711 ᾧ
1092 647 1239 698 πᾶσα
1273 645 1432 714 τέχνη
1466 644 1637 710 λόγων
1679 643 1962 704 εὐάλωτος,
2012 644 2105 695 καὶ

563 734 708 785 πᾶσα
735 730 1005 799 λογισμῶν
1033 729 1438 800 μεμελετημένη
1458 728 1649 797 πλοκή.
1673 728 1736 779 Τί
1765 729 1870 797 γὰρ
1900 727 2106 797 ἀνθρώ-

565 834 714 877 πινος
749 816 917 884 ίσχύει
950 815 1102 881 λόγος
1143 813 1275 883 πρὸς
1316 814 1446 865 Θεὸν
1482 813 1688 879 Λόγον;
1718 812 1771 864 τί
1810 814 1865 865 δὲ
1895 830 2107 881 σεσοφι-

566 902 734 970 σμένη
761 899 925 956 κακία
948 899 1080 967 πρὸς
1112 898 1473 967 ὐπερκόσμιον
1502 897 1688 964 σοφίαν
1712 913 1726 962 ;

645 987 739 1037 Ἐν
765 986 899 1050 ποίᾳ
932 984 1178 1051 ἐξουσίᾳ
1206 984 1385 1036 ταῦτα
1414 983 1633 1047 ποιεῒς;
1671 981 1971 1052 Ἐρώτησον
2016 982 2105 1035 τὸν

564 1071 947 1138 παραλυτικὸν,
974 1069 1058 1120 διά
1094 1068 1247 1130 ποίας
1288 1068 1531 1131 ἐξουσίας
1574 1069 1652 1127 είς
1684 1067 1844 1136 ρὦιν
1887 1068 2096 1119 ἀνακλί-

562 1170 743 1205 νεταιο
801 1152 1067 1222 ἐρώτησον
1106 1152 1373 1219 θαύματα,
1432 1154 1523 1204 καὶ
1558 1151 1632 1220 μὴ
1671 1152 2104 1220 πολυπραγμόνει

561 1240 652 1290 τοῦ
707 1238 1099 1307 θαυματοποιοῦ
1143 1239 1239 1307 τὴν
1292 1238 1551 1303 ἐξουσίαν.
1607 1239 1717 1290 Οὐκ
1760 1239 2104 1307 ἀποκρίνεται

561 1327 748 1395 ῦμῖνή
798 1326 915 1378 θεία
966 1326 1139 1394 χάρις,
1189 1326 1435 1390 ἀναξίους
1485 1326 1821 1394 ἀποκρίσεως
1851 1327 2103 1391 κρίνουσα

558 1413 682 1473 τοὺς
706 1412 888 1473 κακῶς
912 1411 1239 1481 ἐρωτῶντας.
1274 1411 1519 1473 Τοιοῦτος
1539 1412 1643 1481 γὰρ
1670 1404 1812 1464 δ’τοῦ
1845 1411 1977 1463 Θεοῦ
2004 1413 2103 1464 Λό-

558 1513 683 1563 γοςο
714 1497 841 1549 ὅταν
893 1498 973 1567 ίδῃ
1027 1496 1200 1566 ψυχὴν
1250 1497 1464 1549 σκολιὰν
1509 1499 1601 1549 καὶ
1648 1496 2099 1565 διεστραμμένην,

556 1583 863 1635 ἀποσείεται
892 1582 1056 1652 αὐτὴν
1084 1583 1157 1643 ὡς
1187 1581 1406 1647 ἀναξίαν
1435 1582 1534 1651 τῆς
1562 1582 1798 1651 χάριτος,
1823 1583 1914 1635 καὶ
1935 1582 2103 1634 πολλὰ

559 1668 811 1730 πολλάκις
838 1666 1149 1730 σπουδάζων
1190 1667 1494 1736 μανθάνειν,
1528 1667 1781 1735 ἀλήθειαν
1819 1668 1877 1719 οὐ
1910 1669 2101 1736 τυγχάο

553 1769 634 1805 νει
670 1752 820 1823 παρά
844 1752 939 1821 τῆς
985 1751 1254 1820 ἀληθείας.
1302 1751 1603 1821 Ἐρωτῶσιν
1649 1751 1881 1803 Ἰουδαῖοι
1909 1752 2101 1804 πολλά-

556 1857 661 1902 κις,
686 1841 779 1891 καὶ
796 1840 913 1891 οὐδὲ
943 1839 1085 1904 ἅπαξ
1118 1839 1493 1908 μανθάνουσιν,
1527 1839 1709 1910 ἐπειδὴ
1752 1841 1932 1902 κακῶς
1965 1842 2099 1910 ἐρω⁶

553 1925 730 1977 τῶσιν.
761 1925 850 1986 Εἰς
876 1923 1121 1979 τοσοῦτον
1148 1924 1323 1977 αὐτῶν
1356 1923 1453 1986 τὰς
1482 1924 1655 1993 ψυχάς
1682 1924 1992 1989 ἐϐασάνιζεν
2020 1928 2096 1988 εἰς

551 2010 739 2079 ὀδύνην
764 2012 795 2078 ὴ
825 2009 917 2062 τοῦ
938 2011 1179 2080 Σωτῆρος
1208 2012 1404 2079 σιωπὴ,
1430 2010 1504 2072 ώς
1525 2012 1693 2063 εἰπεῖν
1712 2012 1830 2063 τότε
1856 2011 1914 2063 τὸ
1935 2029 2097 2080 πονη-

558 2095 645 2162 ρὸν
675 2097 845 2147 ἐκεῖνο
879 2095 1143 2164 συνέδριον
1164 2112 1177 2125 ο
1212 2096 1364 2160 Ἕως
1383 2096 1524 2149 πότε
1554 2095 1667 2162 τὴν
1693 2095 1902 2164 ψυχὴν
1929 2095 2098 2164 ἡμῶν

555 2180 705 2251 μισ]
732 2182 946 2249 αῖρεις;
975 2185 1040 2234 Εἰ
1064 2182 1143 2234 σὺ
1174 2178 1230 2235 εἷ
1256 2185 1287 2233 δ
1314 2182 1578 2248 Χριστὸς,
1612 2181 1740 2235 εἰπὲ
1775 2182 1917 2250 ’ἡμῖν
1950 2184 2097 2250 παῤ-

546 2269 753 2335 ρησίᾳ.
799 2268 933 2319 Ἀλλ’
972 2268 1087 2319 οὐδὲ
1128 2267 1259 2336 μετὰ
1297 2267 1497 2336 ταύτην
1545 2269 1726 2329 αὐτοῖς
1772 2268 1867 2337 τήν
1916 2269 2095 2338 φωνὴν

553 2352 901 2419 ἀποκρίνεται
922 2371 935 2384 ·
969 2354 1170 2417 ἀνάξιοι
1194 2355 1300 2424 γάρ
1322 2350 1457 2424 ἦσαν
1487 2354 1821 2425 ἀποκρίσεως
1845 2357 1890 2407 οί
1913 2356 2095 2419 κακῶς

554 2437 878 2506 ἐρωτῶντες.
918 2439 981 2490 Τί
1018 2435 1108 2491 οὖν
1156 2439 1290 2508 πρὸς
1335 2440 1527 2500 αὐτοὺς
1559 2442 1586 2492 6
1634 2441 1858 2509 Σωτήρ;
1909 2438 2096 2494 Εἶπον

552 2523 711 2589 ὑμῖν,
735 2524 833 2575 καὶ
849 2526 956 2577 οὐκ
978 2525 1273 2589 ἠκούσατε
1291 2539 1304 2552 °
1327 2525 1383 2575 τί
1403 2525 1586 2577 πάλιν
1610 2525 1809 2577 θέλετε
1825 2527 2093 2587 άκούειν;

559 2611 635 2662 Τὰ
656 2609 813 2677 ἔργα,
846 2610 883 2662 ά
910 2610 1022 2678 ἐγὼ
1058 2610 1232 2673 ποιῶ,
1261 2610 1445 2663 ταῦτα
1477 2610 1754 2678 μαρτυρεῖ
1775 2613 1902 2678 περὶ
1926 2611 2089 2678 ἐμοῦ.

562 2696 723 2767 Ὀρᾷς
747 2698 827 2749 ὅτι
866 2697 1105 2765 βούλεται
1133 2697 1200 2749 τά
1238 2698 1371 2767 ἔργα
1401 2698 1720 2766 ἐρωτᾶσθαι.
1761 2698 1853 2751 καὶ
1900 2699 1973 2768 μὴ
1997 2694 2093 2769 τὴν

552 2781 794 2846 ἐξουσίαν
850 2782 1448 2851 πολυπραγμονεῖσθαι;
1517 2782 1817 2852 Ἐρωτῶσιν
1852 2786 1899 2836 οί
1968 2786 2094 2836 Ἰου-

550 2867 706 2929 δαῖοι,
746 2870 813 2919 El
843 2867 922 2920 σὺ
954 2865 1011 2919 εἷ
1047 2871 1078 2920 ό
1105 2868 1370 2934 Χριστὸς,
1404 2867 1531 2920 εἰπὲ
1570 2867 1714 2935 ἡμῖν
1751 2869 2051 2935 παρῤησίᾳ
2075 2886 2087 2899 ·

549 2951 658 3015 ἕως
696 2953 837 3004 πότε
858 2951 970 3018 τὴν
1004 2952 1212 3020 ψυχὴν
1239 2953 1405 3020 ἡμῶν
1424 2954 1638 3019 αἴρεις;
1670 2953 1761 3006 καὶ
1806 2954 1866 3005 οὐ
1916 2954 2092 3006 δίδωσι

551 3040 614 3106 τῇ
642 3037 937 3107 ἀμφιϐολίᾳ
967 3036 1116 3089 λύσιν
1135 3055 1147 3067 ³
1183 3036 1404 3107 ἠρώτων
1454 3040 1559 3108 γάρ
1588 3040 1682 3108 οὐχ
1710 3040 1794 3091 ἶνα
1831 3038 2089 3107 μάθωσιν,

550 3124 767 3174 ἀλλ’ἵνα
793 3124 1250 3193 κατηγορήσωσιν.
1289 3124 1346 3175 Ὀ
1377 3124 1431 3176 δὲ
1460 3126 1742 3195 ἀρχιερεὺς
1770 3125 2037 3193 Καϊάφας,
2063 3128 2091 3178 6

549 3212 647 3277 τῆς
685 3209 1000 3279 συναγωγῆς
1030 3209 1239 3277 ἐκείνης
1266 3208 1430 3274 ἄξιος,
1463 3212 1538 3273 είς
1567 3210 1809 3263 τοσοῦτον
1831 3207 1958 3281 ἦλθε
1987 3230 2091 3282 μα-

549 3296 686 3357 νίας,
727 3295 801 3358 ὼς
845 3297 1044 3348 εἰπεῖν’
1095 3296 1323 3363 Ὁρκίζω
1371 3312 1442 3348 σε
1482 3297 1629 3349 κατὰ
1662 3298 1765 3351 τοῦ
1804 3298 1948 3352 Θεοῦ
1985 3299 2090 3351 τοῦ

551 3381 777 3445 ζῶντος,
804 3382 932 3434 εἰπὲ
959 3381 1184 3449 ἡμῖν,εὶ
1213 3382 1292 3435 σὺ
1320 3379 1375 3435 εί
1397 3386 1428 3435 ὀ
1458 3385 1583 3447 Υἱὸς
1604 3382 1708 3436 τοῦ
1728 3384 2090 3451 Εὐλογητοῦ.

563 3467 619 3518 '0
634 3467 688 3518 δὲ
706 3468 891 3536 Σωτὴρ
911 3467 1167 3520 διδάσκων
1187 3469 1332 3536 ἡμᾶς
1346 3469 1468 3530 τοὺς
1483 3468 1667 3534 λόγους
1687 3468 1800 3537 μετ’
1818 3468 2092 3532 εὐλαϐείας

549 3551 813 3620 δέχεσθαι,
851 3552 984 3621 πρὸς
1014 3552 1112 3622 μὲν
1143 3553 1232 3605 τὸν
1279 3554 1435 3622 ὅρκον
1475 3554 1836 3623 ἀποκρίνεται,
1870 3555 2001 3623 πρὸς
2036 3554 2091 3606 δὲ

550 3637 609 3689 τὸ
641 3637 1101 3707 ἀμφιϐαλλόμενον
1120 3638 1269 3691 λύσιν
1306 3640 1404 3691 οὐκ
1452 3639 1666 3692 ἔδωκεν.
1702 3643 1865 3703 Εἰπὲ,
1908 3641 2088 3709 φησὶν,

553 3722 712 3790 ἡμῖν,
743 3725 794 3776 εί
819 3723 897 3776 σὺ
917 3719 973 3777 εἴ
1002 3726 1034 3777 ὀ
1065 3724 1194 3788 Υἱὸς
1226 3724 1326 3777 τοῦ
1365 3724 1726 3794 Εὐλογητοῦ.
1763 3724 1919 3793 Λέγει
1958 3726 2091 3797 «pb;

551 3808 709 3862 αὐτὸν
732 3810 760 3861 6
781 3808 977 3879 Κύριος
1002 3825 1015 3840 ·
1046 3808 1126 3861 Σὺ
1175 3804 1344 3873 εἴπας
1362 3824 1375 3837 ·
1410 3810 1501 3861 καὶ⁵
1532 3809 1619 3861 τὸν
1640 3811 1795 3879 ὅρκον
1840 3811 2090 3880 ἐτίμησεν

547 3892 900 3964 ὁμολογήσας,
941 3891 1035 3945 καὶ
1054 3892 1148 3963 τὴν
1169 3891 1363 3946 κακίαν
1399 3894 1498 3946 οὐκ
1529 3894 1952 3964 ἐπληροφόρησε,
1977 3895 2093 3964 βδε-

548 3978 841 4049 λυξάμενος
867 3979 965 4050 τὴν
996 3980 1342 4049 πανουργίαν.
1404 3979 1698 4050 Ἐζήτησαν
1746 3981 1795 4032 οι
1857 3982 2092 4034 Ἰουδαῖοι

550 4064 731 4127 κακῶς
754 4105 767 4127 ,
818 4065 913 4117 καὶ
961 4054 1302 4134 ἀποκρίσεως
1343 4065 1441 4118 οὐκ
1467 4064 1650 4134 ἔτυχον
1673 4084 1687 4099 ο
1723 4066 1815 4118 καὶ
1849 4067 1992 4134 μάλα
2028 4084 2090 4135 γε

550 4151 798 4213 εἰκότως·
824 4152 1024 4204 σκολιοὶ
1042 4152 1148 4223 γὰρ
1175 4153 1417 4221 λογισμοὶ
1441 4152 1759 4223 χωρίζουσιν
1804 4153 1911 4206 ἀπὸ
1934 4153 2089 4207 Θεοῦ.

549 4239 659 4290 Οὐκ
686 4236 977 4306 ἐπέτρεπεν
1008 4237 1167 4290 αὐτοῦ
1196 4239 1292 4307 τὴν
1326 4238 1511 4306 σοφίαν
1540 4240 1647 4301 τοῖς
1676 4239 1855 4301 κακῶς
1881 4240 1977 4310 τὴν
2006 4258 2095 4294 σο-

548 4323 673 4391 φίαν
697 4321 857 4375 αὐτοῦ
885 4321 1437 4392 πολυπραγμονοῦσιν.
1470 4325 1570 4388 Εἰς
1607 4324 1966 4392 κακότεχνον
1985 4325 2092 4393 γὰρ

546 4410 755 4477 ψυχὴν
774 4412 884 4463 οὐκ
912 4412 1313 4465 εἰσελεύσεται
1342 4411 1543 4479 σοφία.

619 4532 683 4601 β’.
712 4532 818 4585 Καὶ
846 4533 895 4585 οἱ
923 4533 1021 4602 μὲν
1055 4534 1305 4596 πολλάκις
1330 4536 1679 4605 ζητήσαντες,
1721 4538 1816 4606 οὐχ
1862 4531 2014 4607 εὖρον
2035 4540 2093 4591 τὸ

548 4618 872 4687 ζητούμενον
896 4635 911 4651 ο
946 4617 1074 4688 γυνὴ
1107 4618 1161 4671 δέ
1194 4636 1275 4681 τις
1316 4620 1512 4682 ἀδόλως
1559 4623 1647 4673 καὶ
1672 4623 1867 4691 γνησίᾳ
1917 4622 2091 4674 πίστει

548 4704 931 4773 προσελθοῦσα,
961 4706 1019 4757 οὐ
1060 4705 1363 4773 πειράσασα
1407 4706 1505 4775 τὴν
1538 4706 1909 4774 ἀκατάληπτον
1935 4706 2091 4758 δύνα-

550 4808 661 4861 μιν,
688 4791 820 4845 ἀλλὰ
849 4790 940 4843 καὶ
977 4792 1034 4843 ἐν
1058 4790 1316 4860 ἁπλότητι
1350 4791 1428 4860 τῷ
1472 4793 1657 4861 Κυρίῳ
1684 4793 2048 4861 προσελθοῦσα
2071 4830 2090 4858 ,

546 4878 640 4929 καὶ
669 4877 795 4947 ψιλῇ
831 4878 927 4947 μὲν
953 4880 1016 4946 τῇ
1044 4877 1203 4943 λέξει,
1242 4879 1438 4947 γνησίᾳ
1468 4880 1525 4931 δέ
1573 4883 1636 4949 τῇ
1669 4879 1842 4931 πίστει
1874 4882 2090 4950 φήσασα

548 4964 681 5034 πρὸς
704 4965 890 5016 αὐτόν’
920 4966 1167 5033 Οἴδαμεν
1191 4966 1278 5018 ότι
1303 4965 1446 5018 ὅταν
1465 4968 1607 5031 ἔλθῃ
1637 4969 1904 5031 Μεσσίας
1938 4971 1969 5020 ό
1993 4971 2093 5020 λε-

547 5052 791 5119 γόμενος
812 5052 1077 5121 Χριστὸς,
1116 5054 1296 5117 αὐτὸς
1317 5052 1457 5120 ἡμῖν
1477 5051 1707 5106 ἅπαντα
1739 5054 2053 5121 ἀναγγελεῖ
2071 5075 2085 5088 ·

546 5136 743 5199 εὐθέως
766 5138 960 5207 ήκουσε
990 5138 1135 5207 παρά
1162 5137 1251 5190 τοῦ
1277 5138 1592 5203 ἀγαπῶντος
1615 5140 1885 5208 ἁπλότητα
1902 5159 1915 5171 ο
1944 5142 2090 5208 Ἐγώ

543 5225 659 5291 ειμι
709 5226 743 5279 ὀ
786 5225 988 5278 λαλῶν
1035 5240 1150 5278 σοι.
1202 5225 1423 5278 Οὐδέπω
1450 5225 1715 5295 ἠρώτησε,
1754 5228 1847 5279 καὶ
1892 5229 2087 5291 εὐθέως

546 5309 771 5378 ἔμαθεν·
802 5311 1009 5363 οὐδέπω
1031 5312 1121 5363 τὸν
1156 5311 1252 5378 τῆς
1287 5310 1518 5372 πίστεως
1539 5311 1756 5382 ἔσπειρε
1789 5313 1960 5380 λόγον,
1994 5316 2089 5368 καὶ

545 5395 742 5459 εὐθέως
782 5397 873 5450 τὸν
905 5396 1110 5466 καρπὸν
1150 5397 1247 5464 τῆς
1279 5396 1555 5458 εὐσεϐείας
1606 5398 1864 5467 ἐθέρισεν.
1903 5401 2087 5468 Ἄγιος

544 5481 651 5550 γάρ
679 5483 707 5532 6
741 5482 890 5543 Οεδς,
918 5483 1104 5544 ἁπλοῖς
1140 5483 1230 5534 καὶ
1254 5482 1425 5549 ἁγίοις
1449 5484 1940 5553 ἐπαναπαυόμενος,
1960 5488 2086 5539 ὅταν

546 5566 817 5635 ἁπλότητα
857 5568 935 5637 ίδῃ
959 5568 1049 5619 τοῦ
1076 5568 1504 5639 προσερχομένου
1531 5608 1545 5632 ,
1595 5571 1751 5623 ἁπλοῖ
1797 5573 1888 5623 καὶ
1925 5574 2084 5635 αὐτὸς

546 5653 645 5721 τῆς
664 5654 851 5707 ἑαυτοῦ
871 5654 1053 5721 σοφίας
1069 5655 1161 5723 τὴν
1180 5655 1490 5725 εὐεργεσίαν
1511 5673 1525 5688 ο
1546 5658 1671 5709 ὅταν
1696 5657 1778 5726 ίδῃ
1799 5656 2079 5724 διεστραμ-

1998 360 2269 417 INCERTI

3652 390 3771 446 414

2213 472 2376 541 μένην
2412 478 2577 547 κακίᾳ
2605 479 2800 548 ψυχὴν,
2831 481 3027 533 κωλύει
3061 476 3154 545 τὴν
3188 482 3527 551 εὐεργεσίαν,
3569 482 3755 535 καὶού

2205 558 2481 623 προσίεται
2533 563 2626 632 τὴν
2663 563 3025 620 διδασκαλίαν.
3067 566 3260 617 ’Ἄκουε
3296 566 3458 618 αὐτοῦ
3502 566 3760 632 λέγοντος

2203 638 2291 691 διὰ
2316 642 2583 706 Μωῦσέως
2602 662 2616 677 ο
2653 647 2791 699 Ἐὰν
2809 648 2974 714 ὑμεῖς
3003 650 3333 716 πορεύησθε
3377 648 3525 717 πρός
3548 668 3623 716 με
3656 652 3760 716 dp-

2205 727 2317 790 θοὶ,
2358 727 2515 795 κάγὼ
2540 731 2685 797 πρὸς
2704 730 2857 799 ὑμᾶς
2881 733 3051 797 ὀρθός
3075 750 3088 764 ’
3113 734 3206 786 ἐὰν
3232 734 3286 785 δὲ
3321 734 3475 803 ὑμεῖς
3506 732 3755 798 πλάγιοι,

2205 810 2357 878 κάγὼ
2389 816 2654 883 χρήσομαι
2687 817 2809 885 ὑμῖν
2840 816 2990 886 θυμῷ
3020 818 3226 887 πλαγίῳ
3248 835 3265 851 ·
3285 821 3381 886 οὐχ
3402 819 3479 870 ὅτι
3504 818 3602 888 τὴν
3622 819 3754 869 ἐαυ-

2204 896 2302 964 τῆς
2331 899 2597 970 εὐθύτητα
2624 902 2904 968 πλαγιάζει
2937 905 2969 972 ἡ
3009 903 3125 955 θεία
3151 904 3342 972 φύσις,
3369 904 3481 956 ἀλλ’
3521 906 3601 956 ὅτι
3636 909 3753 966 τοῖς

2205 987 2456 1052 πονηροῖς
2482 988 2599 1037 κατ’
2628 986 2837 1039 εὐθεῖαν
2859 987 2925 1039 τά
2951 988 3097 1058 παρὰ
3128 988 3222 1056 τῆς
3250 988 3501 1056 ἀληθείας
3530 990 3630 1041 οὐκ
3654 989 3753 1058 ἔρ·

2204 1086 2374 1137 χεται.
2417 1072 2517 1124 Ἐν
2548 1075 2687 1139 ποίᾳ
2716 1074 2962 1139 ἐξουσίᾳ
3006 1075 3185 1127 ταῦτα
3215 1075 3398 1139 ποιεῖς
3419 1091 3438 1137 ;
3463 1076 3500 1141 ἢ
3532 1076 3622 1140 τίς
3649 1092 3755 1128 σοι

2203 1153 2382 1206 ἔδωκε
2419 1155 2530 1222 τὴν
2554 1157 2838 1220 ἐξουσίαν
2872 1161 3125 1224 tacitur;
3174 1160 3230 1210 Ὀ
3250 1159 3303 1210 δὲ
3336 1159 3522 1229 Σωτὴρ
3543 1160 3749 1221 αὐτοῖς.

2215 1237 2473 1293 Ἐνταῦθα
2498 1242 2746 1311 πρόσεχε,
2780 1242 2892 1304 πῶς
2920 1245 3041 1313 ὅρον
3081 1246 3206 1313 ήμῖν
3247 1246 3337 1297 καὶ
3365 1245 3562 1297 κανόνα
3605 1245 3754 1296 διδα-

2205 1325 2424 1387 σκαλίας
2464 1326 2768 1379 ὑποτίθεται
2814 1330 2841 1379 6
2873 1328 3084 1380 πάντων
3117 1315 3327 1397 Κύριος.
3365 1330 3459 1391 Τίς
3506 1328 3563 1380 δὲ
3594 1325 3753 1391 οὗτός

2203 1411 2315 1461 ἐστι
2341 1427 2355 1474 ;
2385 1411 2636 1463 Βούλεται
2668 1413 2811 1480 ἡμᾶς
2839 1411 2975 1464 ὥστε
3010 1416 3119 1475 τοῖς
3147 1416 3395 1481 πονηροῖς
3426 1415 3747 1481 αἱρετικοῖς,

2214 1495 2478 1558 Ἰουδαίοις
2498 1496 2529 1565 ἢ
2553 1496 2823 1566 Ἕλλησιν,
2849 1497 2881 1566 ἢ
2918 1497 3119 1566 ἑτέροις
3157 1497 3295 1549 τισὶν
3330 1498 3751 1567 ἀπεσχισμένοις

2201 1579 2296 1646 τῆς
2315 1580 2607 1645 εὐσεϐείας,
2634 1582 2707 1651 μὴ
2737 1582 3117 1651 ἀποκρίνεσθαι
3142 1582 3315 1635 πάντα
3337 1582 3470 1650 «pb;
3492 1583 3589 1644 τὰς
3613 1584 3750 1651 ἐρω-

2197 1665 2401 1732 τήσεις.
2436 1666 2589 1718 Ἐστι
2619 1667 2745 1736 γὰρ,
2773 1666 2883 1718 ἔστι
2913 1666 3162 1728 πολλάκις
3212 1666 3477 1736 ἐρωτῆσαι
3509 1667 3747 1740 ἀποκρί-

2201 1767 2334 1814 σεως
2354 1752 2453 1803 οὐκ
2479 1752 2603 1818 ἀξια
2629 1770 2643 1784 ο
2675 1754 2768 1806 καὶ
2798 1752 2877 1805 δεῖ
2905 1752 3050 1823 1420]
3080 1751 3289 1814 πάντως
3324 1753 3456 1821 πρὸς
3477 1753 3575 1815 τὰς
3602 1754 3752 1819 φαύ-

2197 1832 2319 1896 λους
2345 1835 2541 1898 ταύτας
2588 1836 2693 1889 τῶν
2733 1838 3117 1907 ἐπερωτήσεων
3168 1837 3523 1906 άντερωτήσει
3559 1838 3754 1901 δικαίᾳ

2196 1918 2388 1986 λέγειν.
2421 1922 2516 1973 Διὰ
2538 1921 2692 1973 τοῦτό
2726 1939 2856 1991 φησι
2880 1922 3011 1992 πρὸς
3032 1922 3222 1983 αὐτοὺς
3252 1924 3279 1973 6
3308 1922 3507 1990 Κύριος
3527 1937 3541 1951 ’
3569 1923 3749 1988 Ἐρω-

2196 2005 2357 2069 τήσω
2384 2006 2535 2074 ὑμᾶς
2560 2006 2718 2075 κάγὼ
2741 2008 2943 2075 λόγον,
2985 2007 3056 2058 ὃν
3092 2006 3168 2059 ἂν
3199 2007 3400 2073 εἴπητέ
3419 2024 3542 2074 μοι,
3582 2008 3755 2074 κάγὼ

2193 2092 2334 2160 ὑμῖν
2356 2093 2797 2161 ἀποκρινοῦμαι.
2834 2092 2902 2145 Τὸ
2939 2092 3202 2145 Ἰωάννου
3224 2092 3552 2160 βάπτισμα,
3584 2093 3747 2160 φησὶ,

2194 2180 2374 2231 πόθεν
2390 2175 2501 2247 ἦν;
2528 2180 2595 2242 ἐξ
2626 2180 2897 2246 οὐρανοῦ,
2936 2179 2972 2246 ἢ
3008 2179 3076 2242 ἐξ
3102 2179 3454 2245 ἀνθρώπων;
3479 2179 3617 2248 Ὅρα
3651 2195 3753 2245 μοι

2193 2265 2289 2335 τὴν
2313 2266 2487 2335 πηγὴν
2509 2267 2604 2333 τῆς
2624 2266 2832 2333 σοφίας,
2856 2268 2921 2335 τῇ
2946 2267 3272 2336 ἐπερωτήσει
3298 2266 3356 2317 τὸ
3380 2264 3568 2333 ψεῦδος
3590 2264 3752 2331 ἐλέγ-

2193 2366 2388 2417 χουσαν
2410 2365 2423 2379 ο
2455 2351 2552 2421 ὅρα
2588 2368 2675 2420 μοι
2729 2352 2817 2404 τὸν
2856 2351 2948 2403 τοῦ
2982 2350 3112 2403 Θεοῦ
3160 2351 3325 2417 Λόγον
3371 2351 3752 2420 συλλογισμοῖς

2192 2437 2288 2505 τὴν
2310 2436 2504 2489 κακίαν
2533 2437 2897 2505 ἀνατρέποντα
2918 2454 2930 2467 ·
2969 2436 3233 2505 σκόπησον
3280 2436 3333 2486 δὲ
3386 2438 3477 2487 καὶ
3529 2435 3627 2505 τὴν
3652 2454 3751 2488 κα-

2193 2522 2334 2582 κίαν,
2374 2522 2490 2582 πῶς
2514 2524 2622 2579 τοῖς
2657 2522 2804 2582 ίδίοις
2840 2521 3180 2572 ἀναλίσκεται
3220 2520 3418 2589 βέλεσι,
3472 2522 3566 2571 καὶ
3617 2523 3749 2583 ταῖς

2192 2606 2414 2667 οἰκείαις
2446 2608 2884 2673 συγκατασπᾶται
2908 2606 3296 2674 κακοτεχνίαις.
3333 2606 3401 2656 Τὸ
3424 2603 3748 2671 βάπτισμα

2205 2689 2479 2744 Ἰωάννου
2506 2693 2688 2744 πόθεν
2706 2687 2784 2760 ἦν
2798 2707 2817 2753 ;
2845 2690 2912 2753 ἐξ
2940 2689 3216 2755 οὐρανοῦ,
3235 2690 3270 2756 ἢ
3290 2689 3358 2752 ἐξ
3384 2688 3704 2755 ἀνθρώπων
3721 2705 3748 2752 ;

2204 2782 2423 2834 Ἐκεῖνοι
2453 2779 2579 2848 παρ’
2615 2779 2823 2839 ἑαυτοῖς
2866 2774 3175 2839 ἐϐασάνιζον
3203 2774 3295 2826 τοῦ
3349 2776 3588 2843 ῥήματος
3641 2775 3747 2844 τὴν

2190 2865 2435 2933 δύναμιν,
2465 2864 2555 2915 καί
2588 2879 2779 2931 φασιν·
2834 2861 2972 2912 Ἐὰν
3018 2860 3289 2925 εἴπωμεν,
3328 2857 3427 2919 Ἐξ
3455 2856 3744 2923 οὐρανοῦ,

2191 2950 2484 3017 ἐρεῖἠμῖν,
2528 2948 2682 3003 Διατί
2709 2942 2818 2999 οὖν
2836 2946 2919 3011 μὴ
2952 2945 3373 3003 ἐπιστεύσατε;
3402 2938 3607 3011 Οἷδενή
3639 2959 3746 2994 κα-

2193 3036 2286 3087 κία
2312 3035 2399 3086 τὸν
2427 3034 2620 3102 ἐαυτῆς
2643 3030 2849 3083 ὄλισθον
2869 3046 2882 3059 ο
2913 3026 3049 3080 οἶδεν
3079 3029 3157 3079 ὃτι
3194 3024 3271 3090 οἷς
3302 3026 3587 3097 προτείνει,
3618 3026 3747 3079 τού-

2190 3137 2300 3181 τοις
2331 3119 2661 3186 ἀφανίζεται.
2723 3116 2931 3184 Ἐπειδὴ
2985 3114 3056 3185 μὴ
3110 3115 3417 3182 ὑπήκουσαν
3469 3112 3742 3177 Ἰωάννου,

2190 3205 2475 3273 ἐφοϐοῦντο
2498 3206 2685 3266 εἰπεῖν,
2712 3203 2792 3255 ὅτι
2817 3203 2878 3253 ἐκ
2896 3201 3045 3259 Θεοῦ,
3075 3200 3158 3252 ἴνα
3189 3198 3261 3269 μὴ
3282 3197 3595 3266 παραπόδας
3617 3198 3747 3250 ἀκο-

2189 3290 2421 3359 λουθήσῃ
2450 3292 2477 3340 6
2506 3288 2734 3357 ἐλεγχος.
2773 3286 2904 3337 Ἐὰν
2931 3285 2996 3337 δὲ
3016 3286 3287 3351 εἴπωμεν,
3309 3282 3375 3346 ἐξ
3391 3282 3741 3350 ἀνθρώπων,

2190 3376 2517 3442 φοϐούμεθα
2544 3374 2647 3425 τόν
2668 3373 2869 3438 ὄχλον,
2898 3369 2980 3437 μὴ
3013 3365 3399 3435 λιθιισθῶμεν.
3430 3367 3535 3417 Καὶ
3566 3367 3672 3436 γὰρ
3700 3370 3741 3435 ἡ

2190 3460 2317 3533 περὶ
2342 3459 2428 3512 τὸν
2455 3459 2656 3512 δίκαιον
2707 3457 2970 3527 πρόληψις
3013 3454 3375 3523 ἀπαραίτητον
3407 3452 3527 3505 καθ’
3581 3452 3744 3521 ἡμῶν

2190 3546 2324 3599 οἴσει
2351 3546 2446 3614 τὴν
2472 3544 2643 3613 δίκην.
2701 3544 2814 3605 Πᾶς
2862 3542 2968 3611 γὰρ
3002 3543 3028 3593 6
3057 3541 3180 3603 λαὸς
3209 3535 3319 3608 εἶχε
3356 3539 3445 3590 τὸν
3487 3538 3745 3607 Ἰωάννην

2188 3631 2263 3693 ὼς
2291 3634 2588 3699 προφήτην.
2637 3629 2747 3682 Οὐκ
2777 3626 3058 3695 ἠϐούλοντο
3083 3621 3175 3678 οὖν
3202 3625 3259 3676 τὸ
3310 3623 3501 3692 ἀληθὲς
3540 3624 3743 3687 εἰπεῖν,

2188 3717 2269 3769 ὃτι
2297 3718 2360 3769 ἐκ
2380 3715 2510 3769 Θεοῦ
2530 3730 2543 3744 ·
2571 3714 2921 3767 ἀπεσείσαντο
2941 3712 3047 3783 γὰρ
3071 3711 3164 3763 τοῦ
3181 3709 3312 3763 Θεοῦ
3338 3708 3432 3778 τὴν
3460 3708 3742 3778 ἀλήθειαν,

2191 3806 2283 3855 καὶ
2312 3802 2373 3853 τὸ
2391 3801 2579 3869 ψεῦδος
2600 3802 2769 3852 εἰπεῖν
2788 3799 2885 3850 οὐκ
2904 3798 3139 3865 ἐτόλμων
3158 3813 3172 3827 ·
3200 3795 3297 3864 τῆς
3324 3794 3431 3862 γάρ
3453 3795 3747 3862 ἀναισχυν-

2190 3889 2307 3949 τίας
2336 3886 2587 3954 δικαστὴν
2617 3882 2759 3953 εἶχον
2793 3883 2881 3936 τὸν
2925 3882 3108 3949 φόϐον,
3142 3882 3234 3932 καὶ
3262 3878 3445 3931 τοῦτον
3483 3879 3543 3930 οὐ
3572 3879 3740 3943 θεῖον,

2189 3973 2323 4026 άλλά
2357 3969 2709 4041 ἀνθρώπινον.
2745 3968 2853 4022 Καὶ
2883 3968 2989 4036 γὰρ
3026 3966 3195 4027 οὕτως
3217 3964 3325 4033 ἔχει
3346 3979 3358 3992 ·
3395 3963 3577 4015 πολλοὶ
3611 3964 3747 4014 πολ-

2190 4059 2345 4122 λάκις
2372 4056 2502 4111 Θεοῦ
2539 4056 2700 4125 φόϐον
2725 4057 2825 4108 οὐκ
2851 4054 3080 4124 ἔχοντες,
3111 4051 3427 4121 ἀνθρωπίνῳ
3453 4049 3598 4118 φόϐῳ
3617 4050 3746 4103 δου-

2190 4144 2449 4197 λεύουσιν.
2489 4140 2802 4210 Ἐφοϐοῦντο
2825 4139 2914 4192 τὸν
2934 4138 3077 4193 λαόν.
3105 4137 3229 4191 Εἴθε
3250 4137 3338 4188 τὸν
3363 4134 3513 4197 Θεὸν,
3542 4136 3634 4185 καὶ
3665 4135 3745 4205 μὴ

2189 4230 2279 4282 τὸν
2302 4228 2458 4281 λαόν’
2491 4227 2550 4280 τὸ
2602 4226 2700 4295 μὲν
2728 4225 2835 4294 γὰρ
2890 4223 3148 4286 εὐσεϐεῖν,
3193 4221 3253 4273 τό
3288 4221 3341 4272 δέ
3373 4219 3605 4272 ἀσεϐεῖν.
3635 4220 3745 4271 Λέ-

2191 4331 2373 4381 γουσιν
2403 4312 2567 4380 αὐτῷ,
2606 4313 2725 4364 Οὐκ
2754 4309 3011 4376 οἴδαμεν.
3040 4309 3179 4375 Ὅρα
3224 4306 3337 4365 πῶς
3366 4306 3397 4373 ή
3437 4304 3600 4357 κακία
3629 4308 3746 4369 τοῖς

2194 4401 2441 4469 πονηροῖς
2474 4396 2772 4467 ὲμφωλεύει
2796 4413 2809 4426 ·
2840 4396 2939 4464 ὅρα
2990 4393 3104 4455 πῶς
3142 4392 3335 4459 ἑαυτῆς
3371 4390 3467 4459 τὴν
3510 4390 3745 4443 ἀτοπίαν

2189 4490 2223 4557 ή
2255 4487 2474 4540 ἀσέϐεια
2504 4484 2777 4553 κηρύττει.
2801 4483 3007 4551 ’Ὠσπερ
3035 4481 3137 4549 γὰρ
3171 4479 3301 4547 ἔχις,
3347 4478 3379 4547 ἡ
3417 4495 3467 4529 τι
3499 4477 3605 4529 τῶν
3638 4496 3744 4530 πο-

2191 4574 2496 4643 νηροτάτων
2550 4570 2780 4641 θηρίων,
2836 4571 2944 4631 τοῖς
2999 4566 3277 4635 ὑπονόμων
3334 4573 3353 4595 ⁸
3402 4563 3742 4631 ἐμφωλεῦον,

2190 4661 2369 4728 ἡρέμα
2400 4657 2695 4728 προκύπτει
2724 4655 2822 4724 τῆς
2843 4653 3202 4715 καταδύσεως,
3240 4650 3328 4703 καὶ
3359 4650 3536 4702 τέλεον
3568 4667 3735 4721 προσ-

2190 4746 2357 4797 ελθεῖν
2385 4747 2481 4796 οὐκ
2506 4743 2673 4795 ἐθέλει
2693 4758 2706 4771 ’
2743 4741 2882 4793 οὕτω
2927 4740 3019 4792 καὶ
3048 4739 3096 4789 οί
3138 4737 3391 4799 Ἰουδαῖοι,
3444 4736 3519 4805 τῷ
3547 4736 3743 4804 φωλεῷ

2189 4833 2285 4901 τῆς
2311 4830 2505 4891 κακίας
2531 4829 2812 4891 συζῶντες,
2837 4829 2913 4888 είς
2938 4824 3050 4893 φῶς
3068 4825 3162 4893 τὴν
3192 4822 3395 4875 ἑαυτῶν
3421 4822 3480 4873 οὐ
3507 4822 3747 4891 προσφέο

2191 4936 2341 4991 ρουσι
2375 4918 2615 4987 γνώμην.
2647 4917 2736 4968 Διὸ
2765 4917 2855 4967 καὶ
2883 4916 2910 4966 6
2936 4913 3135 4981 Κύριος
3167 4911 3301 4979 πρὸς
3329 4910 3549 4971 αὐτούς·
3588 4908 3745 4961 Οὐδὲ

2186 5006 2298 5073 ἐγὼ
2327 5005 2479 5073 λέγω
2512 5004 2669 5071 ὑμῖν.
2699 5003 2839 5071 Ὅρα
2860 4999 2972 5061 πῶς
2992 5000 3026 5066 ἡ
3055 4996 3229 5065 σιωπὴ
3251 4996 3343 5065 τὴν
3376 4995 3575 5048 ἄτοπον
3605 4992 3746 5063 ἐρώ-

2186 5108 2339 5159 τησιν
2367 5090 2619 5142 ἐκόλασεν
2640 5105 2651 5118 ·
2684 5090 2783 5158 ὅρα
2811 5086 2927 5147 πῶς
2955 5084 3049 5153 τὴν
3088 5081 3277 5135 κακίαν
3305 5081 3402 5132 οὐκ
3440 5079 3747 5149 ἐπληροφό-

2189 5193 2372 5246 ρησεν,
2405 5176 2514 5227 ἁλλ’
2538 5175 2837 5242 ἀπέστησεν
2873 5170 3063 5231 αὐτοὺς
3091 5169 3146 5220 ἐν
3172 5168 3318 5236 μέσῳ
3343 5166 3450 5218 τῶν
3496 5165 3746 5233 συλλογι-

2188 5261 2358 5330 σμῶν.
2390 5261 2495 5311 Καὶ
2529 5260 2663 5328 ὅπερ
2692 5257 2857 5310 ἔπαθέ
2898 5272 3024 5307 ποτε
3052 5258 3083 5324 ή
3112 5254 3228 5316 ὄνος
3256 5252 3345 5304 τοῦ
3378 5251 3627 5319 Βαλαὰμ,
3665 5250 3742 5321 μὴ

2186 5347 2470 5416 δυνηθεῖσα
2496 5345 2735 5398 ἐκκλῖναι
2752 5341 2899 5405 δεξιά
2922 5342 2954 5410 ἢ
2977 5340 3258 5411 ἀριστερὰ,
3278 5338 3366 5391 διὰ
3392 5337 3482 5387 τὸν
3508 5335 3743 5402 ἄγγελον

2185 5434 2270 5485 τὸν
2292 5433 2681 5501 ἀντιστήσαντα
2710 5427 2907 5499 ταύτῃ·
2940 5425 3108 5489 οὕτως
3159 5424 3354 5476 ἔπαθεν
3395 5423 3429 5489 ἠ
3476 5419 3741 5491 Ἰουδαϊκῇ

2245 5599 2261 5620 ⁸
2314 5598 2604 5657 Ὗπονὸμων,
2649 5608 2758 5651 vnx,
2805 5591 3109 5657 utAvidetur,
3160 5591 3403 5650 corrupta.
3461 5587 3741 5638 Colelerius

2188 5661 2450 5724 legendum
2469 5654 2715 5706 existimat
2738 5654 3001 5715 ὑπονόμοις.
