3996 6418
182 354 289 409 413

185 468 306 520 tiam
359 461 647 517 verborum
688 454 932 516 offerunt,
973 466 1004 506 a
1032 463 1138 520 quo
1177 459 1230 503 et
1269 462 1426 502 omne
1469 444 1750 499 verborum

186 552 493 614 srtilicium,
523 559 578 603 et
613 546 782 602 omnis
811 550 1134 613 praeparatus
1173 537 1567 592 ratiociniorum
1603 548 1750 586 com-

186 645 368 712 plexus
400 640 556 694 facile
586 637 885 707 percipitur.
921 631 1054 698 Quid
1093 631 1233 685 enim
1264 636 1437 691 potest
1466 626 1750 679 humanum

187 734 405 786 verbum
445 738 628 784 contra
674 726 900 780 Verbum
936 723 1142 777 Deum?
1182 719 1304 788 quid
1344 713 1753 784 sophismatibus

189 821 445 873 instructa
473 815 748 887 sapientia,
771 822 952 867 contra
978 811 1241 864 caules-tem
1272 804 1621 874 sapientiam?

262 910 435 979 Opera
464 910 574 976 ipsa
595 914 881 974 potestatem
915 900 1060 955 Verbi
1093 899 1182 952 Dei
1212 897 1437 968 probant.
1467 922 1537 933 --
1563 891 1630 945 In
1657 908 1756 961 qua

193 1010 434 1070 potestate
463 999 568 1052 hinc
603 996 764 1067 facis?
787 993 1052 1062 Interroga
1083 988 1447 1058 paralytieum,
1478 998 1573 1051 per
1599 996 1754 1050 quam

194 1099 508 1158 potestatem
543 1099 701 1137 sanus
748 1081 1016 1136 recumbat
1045 1097 1056 1130 :
1095 1079 1360 1143 interroga
1401 1071 1672 1134 miracula,
1706 1077 1758 1123 et

193 1178 513 1233 mirabilium
560 1171 845 1227 Patratoris
876 1177 1184 1237 potestatem
1212 1163 1418 1216 curiose
1457 1176 1521 1212 ne
1547 1157 1755 1226 perqui-

195 1284 300 1322 ras.
331 1267 452 1320 Non
484 1262 766 1330 respondet
801 1259 948 1311 vobis
973 1257 1144 1308 divina
1179 1253 1343 1321 gratia
1365 1291 1378 1314 ,
1417 1249 1758 1316 responsione

197 1357 442 1425 indignos
477 1354 716 1422 judicans
752 1363 844 1402 eos
879 1347 967 1416 qui
997 1357 1269 1413 perperam
1303 1342 1642 1406 interrogant.
1688 1335 1757 1388 Ita

197 1447 329 1501 solet
369 1445 463 1498 Dei
494 1442 764 1496 Verbum:
803 1451 921 1491 cum
961 1434 1101 1488 videt
1141 1434 1370 1485 animam
1411 1429 1671 1495 obliquam
1709 1434 1761 1478 et

201 1547 524 1605 perversam,
556 1529 771 1597 expellit
797 1541 933 1590 eam,
973 1533 1029 1577 ut
1057 1523 1218 1591 gratia
1246 1520 1529 1588 indignam,
1561 1527 1612 1570 et
1641 1531 1761 1569 cum

200 1627 357 1678 multa
387 1636 530 1690 saepe
567 1620 768 1672 discere
804 1621 1041 1678 conetur,
1083 1611 1353 1664 veritatem
1384 1623 1486 1661 non
1523 1608 1764 1673 impetrat

201 1731 228 1767 a
255 1715 502 1768 veritate.
536 1711 863 1777 lnterrogant
890 1704 1054 1758 Judmi
1081 1716 1240 1770 sirpe,
1271 1716 1331 1753 ac
1363 1714 1429 1752 ne
1454 1698 1614 1752 semel
1644 1694 1760 1763 qni-

203 1804 319 1857 dem
350 1804 580 1864 discunt,
613 1799 731 1868 quia
757 1796 890 1849 male
917 1795 1256 1861 interrogant.
1289 1790 1462 1857 Usque
1490 1787 1623 1840 adeo
1645 1785 1761 1836 illo-

202 1911 316 1948 rum
348 1894 557 1946 animos
593 1889 861 1942 cruciabat
899 1885 1190 1939 Servatoris
1230 1880 1517 1942 silentium,
1551 1886 1606 1930 ut
1645 1886 1765 1929 tunc

203 1985 403 2036 diceret
436 1981 604 2033 malus
634 1978 722 2030 ille
758 1989 1035 2029 consessus
1065 1989 1078 2025 :
1116 1972 1381 2038 Quousque
1419 1968 1636 2019 animam
1675 1981 1766 2016 no-

205 2085 355 2127 stram
384 2071 564 2124 tollis?
592 2069 652 2122 Si
680 2077 729 2120 tu
757 2083 808 2120 es
836 2066 1084 2129 Christus,
1112 2064 1192 2114 dic
1222 2061 1361 2113 nobis
1391 2059 1558 2128 palam
1586 2055 1761 2123 (Joan.

206 2165 290 2218 l0.
323 2163 436 2232 2i).
464 2161 568 2216 Sed
598 2174 765 2226 neque
796 2165 912 2225 post
953 2156 1087 2208 hanc
1116 2167 1294 2206 vocem
1330 2151 1431 2203 illis
1460 2145 1764 2214 respondet,

205 2255 322 2322 quia
348 2250 690 2320 responsione
714 2247 853 2316 digiti
881 2260 983 2299 non
1012 2250 1182 2302 erant,
1206 2241 1290 2309 qni
1322 2239 1455 2292 male
1476 2239 1767 2303 interroga-

206 2351 411 2396 verunt.
441 2340 576 2405 Quid
606 2340 778 2406 itaque
820 2337 897 2390 eis
933 2331 1212 2388 Servator?
1255 2329 1374 2381 Dixi
1404 2328 1555 2389 vobis,
1587 2335 1629 2378 et
1670 2340 1767 2376 non

207 2432 416 2484 audistis
438 2445 457 2492 ;
483 2429 602 2498 quid
630 2429 804 2480 iterum
829 2425 974 2477 vultis
999 2423 1174 2475 audire
1207 2420 1367 2489 (Ibid.
1392 2419 1443 2472 9.
1483 2417 1608 2485 27)?
1634 2415 1766 2482 Ope-

209 2539 283 2586 ra,
315 2536 428 2590 qua!
465 2535 554 2589 ego
590 2519 738 2586 facio,
785 2517 894 2585 ipsa
933 2513 1261 2566 tes:imonium
1302 2509 1554 2577 perhibent
1597 2507 1658 2558 de
1695 2522 1770 2558 me

211 2612 365 2682 (Ibid.
403 2612 489 2665 l0.
531 2610 644 2675 25).
682 2608 835 2661 Vides
863 2606 996 2659 velle
1026 2620 1143 2658 emn
1175 2612 1229 2656 ut
1256 2616 1412 2669 opera
1441 2602 1769 2665 interrogen-

211 2713 311 2768 tur,
340 2717 445 2755 non
487 2710 544 2753 ut
570 2699 634 2753 de
675 2705 928 2765 potestate
958 2693 1285 2762 inquiralur?
1329 2691 1651 2755 lntcrt‘ogant
1675 2687 1770 2740 Ju-

212 2790 344 2844 dtei:
393 2789 453 2842 Si
499 2798 554 2840 tu
593 2805 642 2840 es
682 2786 924 2848 Christus,
965 2784 1043 2835 dic
1085 2783 1222 2834 nobis
1265 2778 1474 2848 palam;
1521 2791 1772 2844 quousque

212 2881 430 2932 animam
455 2885 674 2928 nostram
715 2874 846 2925 tollis
876 2871 1050 2940 (Joan.
1083 2870 1166 2922 lt).
1201 2868 1334 2934 2t)?
1373 2880 1469 2919 nec
1496 2863 1771 2932 qua‘stioni

212 2973 297 3027 dat
317 2972 634 3026 solutionem
661 2986 673 3020 :
705 2964 1094 3033 interrogabant
1113 2963 1254 3016 enim
1279 2973 1380 3012 non
1404 2956 1657 3021 discendi,
1682 2954 1771 3007 sed

213 3061 492 3116 accusandi
535 3072 712 3112 causa.
760 3055 981 3123 Caiphas
1024 3062 1194 3105 autem
1248 3051 1486 3118 priIICcps
1528 3045 1774 3098 sacerdo-

215 3165 340 3216 tum,
365 3165 629 3222 synagoga
658 3149 743 3201 illa
784 3147 990 3214 dignus,
1035 3143 1084 3195 in
1126 3151 1317 3194 tantam
1359 3139 1638 3190 amentiam
1677 3134 1772 3188 de-

215 3252 449 3306 venerat,
482 3249 538 3293 ut
565 3239 802 3292 diceret:
845 3236 1036 3301 Adiuro
1075 3243 1121 3285 te
1163 3248 1249 3297 per
1289 3230 1447 3282 Deum
1485 3229 1665 3289 vivum,
1697 3227 1775 3277 dic

216 3335 372 3396 nobis,
428 3332 469 3382 si
515 3339 568 3380 tu
615 3344 664 3380 es
708 3325 873 3378 Filius
908 3322 1160 3375 Benedicti
1199 3319 1407 3388 (Matth.
1448 3318 1534 3370 26.
1567 3316 1676 3384 63).
1709 3315 1777 3367 At

215 3423 465 3477 Servator
490 3418 686 3472 docens
717 3429 813 3469 nos
841 3426 1113 3468 sermones
1148 3425 1266 3463 cum
1301 3410 1492 3477 pietate
1515 3407 1773 3473 accipere,

216 3510 475 3579 adjuranti
524 3507 732 3576 quidem
777 3503 1092 3572 respondet,
1135 3515 1302 3568 neque
1351 3509 1520 3551 tamen
1564 3497 1775 3550 dubium

216 3601 389 3654 solvit.
449 3598 544 3650 Dic
595 3597 753 3660 nobis,
803 3593 1002 3662 inquit,
1044 3594 1086 3645 si
1122 3601 1172 3644 tu
1220 3607 1268 3643 es
1319 3587 1482 3642 Filius
1525 3586 1778 3640 Benedicti

217 3685 662 3760 (Matth.26.64).
691 3685 776 3739 Ait
804 3683 873 3736 illi
902 3682 1151 3736 Dominus
1179 3697 1191 3732 :
1223 3679 1296 3732 Tu
1325 3678 1495 3731 dixisti
1521 3693 1540 3731 :
1560 3678 1780 3745 acjura-

216 3792 453 3835 tnentum
477 3794 570 3846 per
597 3776 978 3832 confessionem
1010 3771 1302 3833 honoravit,
1332 3785 1502 3837 neque
1529 3768 1779 3821 malitiam

215 3872 499 3926 certiorem
542 3868 683 3930 fecit,
714 3866 958 3920 astutiam
999 3863 1350 3914 abominatus.
1391 3859 1527 3910 Male
1555 3856 1780 3924 quaesie-

215 3972 336 4017 rant
364 3961 548 4022 Judaei,
579 3974 675 4012 nec
699 3970 1008 4024 responsum
1040 3955 1138 4006 illis
1175 3961 1255 4005 est
1290 3968 1302 4002 :
1343 3950 1498 4018 idque
1525 3949 1641 4016 jure
1666 3962 1779 4000 me-

217 4055 351 4116 rito;
382 4067 503 4104 nam
529 4050 754 4117 obliqua:
785 4045 1129 4116 cogitationes
1163 4059 1191 4095 a
1236 4043 1342 4096 Deo
1372 4049 1634 4108 separant.
1665 4038 1778 4093 Non

217 4142 400 4197 emisit
424 4138 730 4207 sapientiam
759 4150 907 4190 suam
940 4135 1001 4186 iis
1030 4132 1116 4200 qui
1147 4131 1283 4184 male
1313 4131 1452 4182 illam
1479 4129 1784 4182 scrutaban-

220 4247 325 4289 tnr.
359 4231 427 4285 In
454 4228 746 4283 malevolam
765 4225 893 4279 enim
919 4223 1134 4275 animam
1162 4237 1262 4273 non
1291 4220 1509 4272 introibit
1539 4218 1784 4287 sapientia

223 4329 377 4400 (Sap.
410 4325 458 4377 1.
490 4321 564 4393 t).

290 4416 346 4468 2.
381 4416 549 4482 Atque
589 4411 662 4465 illi
707 4417 828 4479 post
863 4407 1163 4474 frequentes
1203 4399 1518 4469 quaestiones
1557 4397 1606 4450 id
1646 4395 1784 4465 quod

221 4507 529 4577 quaerebant
553 4519 653 4556 non
685 4504 1024 4554 invenerunt:
1050 4496 1373 4548 mulicrvero
1390 4490 1647 4559 qumdam,
1669 4502 1784 4556 quae

223 4603 340 4652 sine
363 4597 488 4651 dolo
509 4606 560 4649 et
588 4609 705 4648 cum
742 4593 944 4645 sincera
995 4588 1092 4640 lide
1128 4592 1438 4644 accesserat,
1471 4596 1571 4634 non
1597 4589 1652 4632 ut
1675 4591 1786 4631 ten-

225 4694 362 4740 taret
400 4685 541 4738 illam
587 4676 1162 4748 ineomprehensibilem
1204 4674 1490 4734 virtutem,
1536 4668 1626 4720 sed
1667 4681 1786 4720 cum

226 4775 560 4844 simplicitate
583 4773 856 4824 Dominum
883 4768 1084 4829 adiens,
1111 4764 1339 4818 dictione
1361 4760 1524 4824 tenui,
1551 4759 1641 4813 sed
1665 4773 1790 4825 pura

230 4868 334 4920 ﬁde
353 4865 535 4919 dicens
559 4880 572 4914 :
602 4861 801 4915 Scimus
829 4857 961 4926 quod
986 4873 1096 4908 cum
1123 4854 1305 4907 venerit
1341 4851 1572 4912 Messias,
1610 4849 1694 4916 qui
1716 4848 1795 4898 di-

229 4957 357 5007 citur
387 4953 628 5012 Christus,
672 4949 780 5014 ipse
823 4945 960 4998 nobis
996 4941 1304 4995 annuntiabit
1335 4939 1499 4991 omnia
1533 4935 1710 5003 (Joan.
1737 4936 1790 4987 4.

229 5046 320 5115 25)
353 5060 366 5096 :
408 5043 581 5095 statim
621 5038 818 5091 audivit
861 5036 928 5088 ab
968 5042 1202 5085 amatore
1254 5027 1600 5096 simplicitatis
1640 5043 1650 5077 :
1686 5023 1793 5093 Ego

231 5155 340 5192 sum
369 5135 452 5202 qui
487 5135 661 5200 loquor
699 5139 856 5182 tecum
877 5126 1034 5196 (Ibid.
1065 5141 1110 5176 υ.
1140 5122 1255 5191 26).
1285 5119 1523 5173 Nondum
1573 5117 1796 5169 interro-

232 5234 464 5295 gaverat,
487 5230 539 5277 et
564 5221 737 5275 statim
760 5217 941 5270 didicit
964 5232 979 5279 ;
1009 5213 1238 5268 nondum
1264 5210 1380 5264 fidei
1404 5208 1618 5262 verbum
1640 5205 1795 5258 semi-

236 5323 471 5377 naverat,
503 5320 556 5364 et
581 5310 756 5363 statim
785 5307 1004 5360 fructum
1037 5303 1241 5372 pietatis
1264 5299 1544 5366 decerpsit.
1576 5297 1796 5350 Sanctus

236 5408 428 5476 quippe
459 5404 599 5457 Deus
620 5401 670 5453 in
700 5397 1024 5465 simplicibus
1050 5404 1102 5448 et
1123 5392 1317 5446 sanctis
1342 5388 1644 5458 requiescit,
1676 5399 1794 5438 cum

237 5492 532 5549 accedentia
562 5489 943 5558 simplicitatem
974 5484 1199 5546 viderit;
1231 5481 1456 5548 explicat
1494 5479 1650 5531 etiam
1689 5478 1798 5543 ipse

238 5585 503 5656 sapientia:
528 5595 635 5635 suae
661 5577 1054 5633 beneficentiam
1085 5592 1098 5626 :
1131 5588 1249 5626 eum
1273 5570 1458 5624 viderit
1486 5576 1657 5620 autem
1689 5566 1798 5618 ani-

243 5655 377 5733 matn
423 5671 651 5741 nequitia
694 5682 1024 5738 perversam,
1072 5662 1382 5718 beneficium
1425 5655 1655 5722 cohibet,
1703 5669 1799 5709 nec

1177 337 1242 393 IN
1279 335 1503 401 lLLUD,
1542 330 1609 388 ΙΝ
1647 329 1785 397 QUA
1823 327 2238 398 POTESTATE,
2278 328 2430 387 ETC.

3320 355 3429 406 414

1857 440 2149 495 doctrinam
2175 442 2384 496 emittit.
2419 442 2552 496 Audi
2577 443 2700 512 quid
2727 445 2838 514 ipse
2857 443 2990 499 dicat
3019 460 3111 513 per
3136 445 3365 516 Moysmn
3403 465 3416 501 :

1857 529 1916 583 Si
1940 546 2025 584 vos
2053 531 2418 585 ambulaveritis
2438 549 2556 602 erga
2583 550 2660 585 me
2695 535 2835 600 recti,
2877 547 2922 587 et
2955 551 3047 604 ego
3089 552 3204 604 erga
3231 552 3313 589 vos
3340 553 3418 589 re-

1855 629 1962 672 ctus
1981 620 2052 688 (a)
2074 620 2252 690 (Levit.
2274 620 2362 674 26.
2390 622 2478 675 25.
2505 621 2616 690 25);
2640 623 2872 676 siautem
2896 639 2986 676 vos
3007 624 3222 692 obliqui,
3249 634 3302 678 et
3321 640 3418 693 ego

1857 718 1974 762 utar
2000 709 2148 763 vobis
2180 709 2358 763 furore
2386 710 2628 779 obliquo;
2667 727 2769 764 non
2796 713 2933 780 quod
2963 713 3136 767 divina
3177 724 3356 767 natura
3386 729 3414 766 a

1857 807 2000 851 recto
2022 798 2277 862 declinet;
2306 800 2398 853 sed
2422 801 2558 868 quod
2586 801 2857 868 improbis,
2884 817 2943 854 ea
2967 818 3081 870 quae
3107 820 3167 856 ex
3198 806 3417 857 veritate

1861 886 2280 954 proﬁciscuntur,
2317 903 2418 941 non
2451 899 2590 942 recta
2622 891 2925 958 procedant.
2959 891 3023 943 In
3052 911 3147 962 qna
3177 905 3418 961 potestate

1859 977 1964 1029 hcec
1992 977 2162 1045 facis?
2201 987 2288 1028 aut
2330 980 2438 1046 quis
2475 979 2561 1030 tibi
2597 979 2732 1031 dedit
2761 983 2889 1031 hanc
2928 984 3249 1047 potestatem?
3283 983 3415 1037 Tum

1861 1067 2108 1120 Servator
2145 1068 2239 1121 eis.
2272 1069 2365 1122 llic
2388 1071 2620 1132 attende,
2648 1087 2802 1139 quam
2835 1073 2982 1124 nobis
3012 1074 3261 1126 doctrinm
3298 1093 3418 1128 nor-

1862 1171 1998 1208 mam
2053 1166 2106 1210 et
2157 1158 2390 1226 regulam
2443 1172 2698 1228 proponat
2744 1161 3100 1215 universorum
3147 1165 3416 1217 Dominus.

1861 1246 2109 1311 Quaenam
2144 1248 2254 1300 haec
2283 1249 2394 1300 est?
2432 1249 2548 1301 Vult
2578 1265 2671 1301 nos
2721 1251 2970 1319 improbis
3010 1252 3288 1316 luereticis,
3330 1255 3421 1307 Ju-

1863 1336 2011 1398 dteis,
2044 1337 2342 1404 gentilibus,
2375 1340 2456 1392 vel
2486 1339 2605 1391 aliis
2636 1340 2724 1407 qui
2762 1355 2788 1390 a
2835 1341 2913 1407 pia
2959 1341 3211 1409 religione
3255 1343 3423 1396 desci-

1863 1427 2053 1492 verint,
2079 1443 2182 1481 non
2210 1429 2526 1495 respondere
2543 1444 2750 1496 semper
2771 1431 3114 1498 interrogatos
3160 1432 3416 1502 Contingit

1863 1519 2022 1576 enim.
2072 1519 2323 1586 contingit
2357 1534 2515 1587 smpe,
2559 1521 3013 1589 interrogationem
3053 1538 3153 1575 non
3184 1539 3302 1578 esse
3340 1541 3422 1578 re-

1863 1607 2145 1673 sponsione
2179 1607 2385 1675 dignam
2419 1625 2430 1660 :
2462 1618 2615 1676 atque
2647 1624 2739 1676 par
2773 1620 2852 1662 est
2885 1613 3096 1664 omnino
3127 1614 3422 1681 huiusmodi

1865 1696 2357 1764 interrogationibus
2419 1698 2588 1765 justas
2652 1699 3086 1768 interrogationes
3137 1719 3423 1772 apponere.

1866 1785 1987 1837 Ideo
2006 1786 2079 1838 ait
2100 1786 2201 1837 illis
2228 1786 2479 1839 Dominus
2510 1803 2522 1838 :
2561 1786 2884 1856 Interrogubo
2915 1806 2997 1842 vos
3037 1801 3082 1842 et
3120 1807 3209 1860 ego
3237 1810 3425 1845 sermo-

1867 1890 1997 1938 nem,
2035 1890 2179 1940 quem
2216 1875 2260 1926 si
2301 1876 2526 1928 dixeritis
2553 1876 2692 1941 mihi,
2731 1887 2775 1929 et
2820 1893 2908 1946 ego
2935 1879 3068 1932 vobis
3103 1881 3423 1948 respondebo.

1865 1961 2078 2016 Joannis
2108 1963 2400 2032 baptismus,
2446 1966 2629 2034 inquit,
2656 1969 2786 2019 unde
2811 1969 2957 2020 erat?
2998 1986 3059 2022 ea:
3095 1972 3235 2033 cwlo,
3274 1989 3337 2023 an
3368 1989 3427 2024 ea:

1869 2053 2147 2107 hominibus
2168 2054 2376 2123 (Matth.
2408 2055 2494 2108 21.
2522 2056 2609 2109 24.
2647 2056 2764 2126 25)?
2795 2057 2925 2110 Vide
2952 2059 3078 2110 mihi
3119 2060 3308 2113 fontem
3338 2075 3425 2113 sa-

1870 2145 2097 2211 pientia},
2145 2155 2203 2198 ut
2241 2146 2647 2215 interrogatione
2687 2148 3014 2201 mendacium
3057 2160 3237 2218 arguat
3269 2168 3282 2215 ;
3311 2153 3428 2206 vide

1870 2232 1995 2284 mihi
2026 2233 2249 2286 Verbum
2297 2235 2408 2298 Dei,
2449 2236 2586 2303 quod
2619 2237 2932 2306 syllogismis
2963 2242 3241 2306 nequitiam
3275 2258 3428 2295 ever-

1871 2323 1956 2375 tit:
1986 2323 2102 2376 vide
2128 2338 2335 2392 quoque
2362 2325 2631 2390 malitiam,
2677 2328 2937 2393 quomodo
2966 2329 3072 2381 suis
3104 2331 3218 2382 telis
3244 2332 3426 2382 confo-

1869 2415 2076 2476 diatur,
2123 2431 2184 2467 ac
2226 2417 2333 2468 suis
2373 2417 2545 2482 pravis
2594 2418 2792 2470 artibus
2845 2419 3116 2471 avellatur.
3170 2420 3428 2485 Baptisma

1868 2505 2080 2557 Joannis
2109 2506 2240 2557 unde
2256 2517 2358 2558 erat
2379 2508 2403 2558 Ζ)
2430 2523 2491 2559 ea:
2510 2507 2650 2570 cazlo,
2676 2524 2740 2558 an
2767 2523 2827 2558 ex
2851 2509 3128 2561 hominibus
3151 2511 3174 2562 ?
3204 2511 3277 2561 llli
3302 2528 3430 2578 quo-

1870 2611 1970 2662 que
2007 2596 2144 2662 apud
2172 2611 2228 2648 se
2258 2597 2514 2649 sermonis
2543 2597 2648 2648 vim
2684 2597 3044 2663 explorabant.
3075 2609 3127 2652 et
3160 2604 3302 2653 aiunt
3331 2621 3342 2654 :
3373 2603 3430 2655 Si

1873 2684 2162 2747 dixerimus,
2186 2682 2265 2735 Ea;
2286 2684 2423 2746 cwlo,
2449 2684 2577 2735 dicet
2614 2685 2771 2748 nobis,
2802 2685 2902 2738 Cur
2925 2703 3041 2754 ergo
3081 2705 3179 2740 non
3214 2692 3431 2743 credidi—

1873 2778 1958 2824 stis
1990 2771 2146 2840 (Ibid.
2181 2789 2227 2824 v.
2271 2773 2405 2842 26)?
2449 2773 2602 2826 Novit
2648 2774 2953 2842 improbitas
2991 2777 3209 2831 exitium
3246 2796 3430 2844 suum;

1875 2863 2017 2914 novit
2040 2876 2097 2914 se
2129 2877 2220 2929 per
2258 2878 2373 2930 qum
2407 2863 2688 2931 protendit,
2728 2879 2820 2931 per
2848 2880 2906 2918 ea
2935 2865 3151 2920 destrui.
3189 2869 3316 2934 Quia
3341 2870 3433 2924 Joc

1874 2954 1992 3005 anni
2026 2969 2125 3007 non
2163 2954 2668 3022 obtemperaverant,
2711 2957 3026 3012 verebantur
3061 2959 3234 3013 dicere
3263 2961 3432 3029 ipsmn

1877 3059 1941 3096 ex
1970 3045 2075 3097 Deo
2096 3059 2233 3109 esse,
2265 3061 2329 3099 ne
2352 3061 2381 3099 e
2411 3047 2627 3114 vestigio
2662 3056 2969 3114 sequeretur
2996 3050 3351 3117 reprehensio.
3376 3054 3435 3107 Si

1875 3146 2036 3187 autem
2064 3137 2352 3198 dixerimus,
2390 3137 2470 3190 Ea:
2499 3138 2808 3198 hominibus,
2847 3140 3071 3192 timemus
3110 3143 3334 3205 turbam,
3376 3162 3436 3197 ne

1877 3227 2158 3293 lapideinur
2184 3226 2333 3294 (Luc.
2375 3227 2463 3279 20.
2507 3227 2580 3295 (5).
2628 3226 2757 3278 Nam
2799 3241 3159 3296 prmoccupata
3195 3232 3259 3284 de
3292 3233 3436 3300 justo

1877 3315 2054 3379 Opinio
2099 3315 2468 3367 inexorabilem
2511 3315 2786 3368 adversum
2841 3330 2936 3368 nos
2989 3316 3121 3370 feret
3161 3319 3435 3375 ultionem.

1883 3402 2055 3454 Omnis
2075 3404 2204 3453 enim
2232 3404 2446 3470 populus
2475 3402 2679 3453 habebat
2710 3401 2957 3454 Joannem
2995 3405 3122 3456 sicut
3149 3409 3437 3474 praphetam

1884 3491 2090 3561 (Matth.
2121 3492 2208 3544 21.
2235 3489 2347 3561 26).
2397 3491 2683 3545 Noluerunt
2725 3508 2850 3560 ergo
2877 3509 2996 3546 vera
3027 3494 3220 3559 dicere,
3253 3513 3440 3564 nempe

1880 3583 2016 3651 quod
2057 3599 2116 3636 ex
2166 3583 2274 3636 Deo
2319 3593 2498 3636 esset:
2533 3583 2625 3636 Dei
2668 3597 2890 3652 namque
2925 3585 3196 3638 veritatem
3237 3587 3442 3653 abjece-

1881 3682 2018 3736 runt,
2049 3688 2112 3726 ac
2133 3671 2461 3725 mendacium
2491 3672 2664 3724 dicere
2687 3688 2789 3724 non
2810 3673 2920 3724 ausi
2957 3683 3112 3735 sunt;
3143 3674 3441 3741 impruden-

1885 3765 1968 3817 tiae
2007 3765 2145 3816 cnim
2194 3762 2418 3831 judicem
2462 3760 2724 3814 habebant
2756 3763 3016 3825 timorem,
3063 3761 3307 3831 huncque
3337 3780 3440 3818 non

1883 3854 2135 3914 divinum,
2163 3851 2255 3905 sed
2285 3851 2588 3903 humanum.
2621 3851 2747 3903 Nam
2780 3853 2845 3904 ita
2870 3866 2927 3905 se
2949 3867 3031 3905 res
3071 3853 3224 3904 habet
3251 3870 3266 3917 ;
3293 3855 3442 3908 multi

1884 3959 2022 4009 sarpe
2052 3941 2142 3994 Dei
2162 3943 2347 3993 timore
2369 3956 2470 3992 non
2496 3941 2719 4008 pnediti.
2745 3940 2968 3993 lnnnano
2989 3942 3220 3994 serviunt
3246 3943 3440 3996 timori.

1885 4032 2161 4086 Timebant
2190 4031 2415 4099 plebem.
2457 4029 2662 4083 Utinam
2703 4030 2881 4093 Deum,
2919 4045 3020 4083 non
3053 4031 3287 4097 plebem!
3321 4032 3444 4083 illud

1886 4138 2111 4191 namque
2139 4121 2343 4188 pietatis
2366 4129 2465 4182 est,
2498 4119 2598 4171 hoc
2624 4120 2921 4185 impietatis.
2958 4118 3143 4170 Dicunt
3172 4121 3235 4181 ei,
3267 4119 3446 4172 Nesci-

1887 4230 1996 4265 mus
2022 4211 2210 4280 (Marc.
2239 4211 2323 4262 ll.
2347 4208 2457 4276 '53).
2494 4208 2620 4261 Vide
2641 4207 2902 4275 quomodo
2923 4207 3149 4275 nequitia
3173 4208 3223 4260 in
3253 4208 3449 4276 impro-

1890 4304 1970 4357 bis
2001 4303 2201 4355 latitet:
2230 4301 2347 4354 vide
2389 4299 2650 4368 quomodo
2677 4299 3047 4352 absorditatem
3078 4313 3226 4352 suam
3260 4301 3449 4368 impie.

1893 4405 1970 4448 tas
2011 4395 2283 4463 prtedicat.
2331 4393 2459 4445 Nam
2504 4393 2637 4445 sicut
2682 4392 2891 4459 vipera,
2941 4400 3031 4444 aut
3072 4387 3447 4446 ini’tnanissima

1892 4503 2110 4556 quaeque
2138 4487 2264 4548 fera,
2298 4486 2347 4537 in
2377 4483 2606 4537 latibulis
2632 4483 2846 4550 degens,
2870 4483 3062 4535 sensim
3085 4497 3114 4535 e
3142 4498 3300 4550 specu
3330 4498 3448 4550 pro-

1895 4578 1991 4640 dit,
2026 4592 2120 4630 nec
2155 4576 2367 4627 omnino
2393 4575 2504 4627 vult
2542 4573 2790 4641 prodire:
2825 4570 2900 4623 sic
2935 4581 2986 4624 et
3016 4570 3180 4623 Judmi
3223 4573 3270 4623 in
3303 4580 3450 4624 antro

1897 4667 2162 4735 pravitatis
2189 4673 2476 4728 versantes,
2527 4662 2838 4714 sententiam
2867 4675 3013 4713 suam
3062 4662 3110 4712 in
3153 4662 3320 4714 lucem
3351 4678 3452 4714 non

1894 4759 2181 4827 proferunt.
2209 4755 2555 4822 Quamobrem
2582 4752 2832 4804 Dominus
2852 4751 2923 4802 ait
2948 4751 3048 4803 illis
3070 4769 3081 4803 :
3109 4750 3214 4804 Nec
3236 4768 3324 4820 ego
3345 4753 3456 4804 dico

1895 4848 2026 4900 vobis
2051 4845 2257 4915 (Matth.
2287 4844 2375 4896 2|.
2405 4841 2514 4912 27).
2545 4841 2672 4894 Vide
2702 4840 2967 4908 quomodo
2989 4841 3250 4894 silentium
3277 4843 3459 4895 absur-

1901 4940 2014 4992 dam
2040 4935 2493 5003 interrogationem
2527 4933 2857 5001 castigaverit
2888 4949 2901 4984 :
2930 4932 3050 4986 vide
3076 4934 3338 5000 quomodo
3370 4950 3461 4988 ne-

1899 5031 2073 5098 quitiae
2112 5042 2214 5080 non
2255 5025 2438 5079 fecerit
2477 5025 2624 5086 satis,
2669 5021 2761 5075 sed
2801 5020 3050 5074 averterit
3077 5036 3168 5073 eos
3203 5022 3254 5074 in
3287 5023 3464 5076 medio

1900 5121 2312 5174 ratiociniorum.
2345 5117 2408 5170 Et
2431 5114 2569 5184 quod
2599 5114 2721 5167 olim
2762 5113 2978 5180 contigit
3021 5112 3182 5164 asina:
3210 5111 3460 5174 Balaami,

1902 5223 1956 5265 ut
1982 5226 2076 5266 nec
2097 5210 2161 5263 ad
2187 5210 2477 5270 dexteram,
2507 5220 2603 5259 nec
2641 5204 2704 5256 ad
2730 5204 2995 5256 sinistram
3034 5211 3209 5269 posset
3234 5201 3463 5254 declina--

1903 5319 1977 5362 re,
2026 5308 2239 5367 propter
2280 5296 2542 5364 angelum,
2589 5293 2675 5361 qui
2719 5293 2905 5345 obvius
2935 5291 3105 5343 stabat
3150 5288 3336 5358 (Nam.
3374 5289 3462 5341 2'2.

1899 5391 1990 5459 26)
2037 5407 2050 5439 :
2092 5389 2143 5442 id
2182 5387 2372 5442 accidit
2408 5384 2639 5438 Judaicae
2684 5381 3036 5449 improbitati,
3082 5396 3198 5447 quae
3251 5394 3348 5432 nec
3399 5378 3464 5433 ad

1901 5482 2172 5535 dexteram
2217 5476 2449 5532 veritatis
2490 5489 2616 5527 ausa
2657 5481 2737 5526 est
2779 5471 3072 5538 respicere,
3113 5469 3180 5522 ob
3218 5467 3465 5521 Servato-

1965 5660 2042 5721 (ιι)
2074 5666 2180 5707 llaec
2206 5669 2298 5704 non
2323 5656 2378 5703 ad
2407 5655 2608 5704 verbum
2635 5666 2693 5702 ex
2721 5651 2954 5712 Scriptura
2977 5646 3227 5704 desumpta
3251 5648 3378 5691 sunt.
