3996 6444
567 383 638 436 15

527 385 638 438 415

531 494 644 534 rem
675 479 1009 548 abnegatam,
1041 489 1212 545 neque
1246 473 1312 528 ad
1352 474 1617 528 sinistram
1645 467 1926 534 mendacii,
1956 476 2096 522 metu

532 568 718 637 plebis.

609 677 870 732 Ilwreticis
895 677 1142 746 quomodo
1174 675 1594 744 respondendum.
1625 673 1812 727 Contra
1836 672 2098 725 Anomaeos

532 769 799 835 agitan—
822 767 1044 834 Oportet
1070 766 1224 835 igitur
1248 781 1341 818 nos
1382 780 1612 832 quoque,
1655 763 1865 827 fratres,
1893 762 1991 816 hac
2012 776 2096 814 re-

533 857 650 922 gula
676 871 705 907 a
730 855 949 908 Domino
975 864 1209 922 accepta,
1253 867 1357 906 non
1385 855 1559 906 omnia
1588 852 1847 906 b:eretieis
1874 851 2099 904 interro-

530 945 776 1013 gantibus
803 943 997 997 dicere.
1024 943 1158 997 Cum
1185 943 1321 995 male
1347 943 1748 1010 interrogaverit
1792 939 2094 1004 hmreticus,

536 1036 698 1087 altera
717 1033 856 1101 justa
889 1033 1300 1100 interrogatione
1324 1031 1602 1084 absurdam
1622 1031 1735 1099 ejus
1754 1032 2095 1099 quaestionem

532 1125 697 1179 solve.
727 1126 881 1192 Stepe
900 1132 1236 1193 percontatur
1261 1123 1539 1175 haereticus
1566 1138 1579 1174 :
1608 1121 1752 1174 Nosti
1783 1120 1979 1180 Deum,
2029 1133 2097 1171 an

535 1230 640 1268 non
671 1213 923 1267 nosti?Si
955 1213 1171 1277 dixeris,
1203 1210 1356 1278 Novi,
1377 1213 1551 1264 statim
1574 1211 1780 1277 reponit
1805 1225 1818 1261 :
1844 1209 1983 1277 Ergo
2004 1223 2089 1260 no-

533 1307 599 1358 sti
620 1304 759 1373 quod
779 1304 945 1357 colis?
970 1302 1128 1367 Sane,
1156 1303 1324 1371 inquit
1362 1302 1498 1369 pius.
1523 1301 1649 1364 Quis
1679 1300 1817 1353 enim
1844 1298 2098 1351 sustineat

529 1393 732 1457 dicere,
761 1407 818 1447 se
845 1393 895 1446 id
923 1392 1099 1446 colere
1124 1391 1264 1460 quod
1302 1404 1406 1443 non
1435 1388 1618 1442 novit?
1646 1388 1806 1441 Instat
1836 1389 1922 1442 ille
1947 1406 1960 1443 :
1987 1387 2096 1442 Νο-

533 1486 598 1537 sti
629 1499 756 1552 ergo
785 1483 872 1536 Dei
899 1481 1270 1536 substantiam?
1297 1479 1350 1534 Si
1376 1487 1426 1532 te
1445 1481 1580 1532 scire
1601 1478 1890 1546 negaveris,
1918 1479 2094 1530 statim

533 1574 716 1643 objicit
745 1591 757 1625 :
791 1575 928 1642 Ergo
955 1587 1056 1624 non
1085 1571 1222 1624 nosti
1253 1570 1302 1623 id
1333 1569 1471 1639 quod
1502 1569 1649 1622 colis.
1693 1567 1818 1620 Vide
1849 1567 1974 1620 mihi
2005 1567 2098 1622 de-

536 1674 670 1716 torta
698 1665 888 1725 verba;
917 1660 1035 1714 vide
1056 1661 1402 1729 malignorum
1456 1658 1776 1726 serpentium
1819 1657 2093 1711 versutias.

538 1754 698 1808 \‘ides
715 1770 728 1805 :
748 1768 927 1805 verum
959 1752 1154 1806 turbari
1177 1757 1522 1819 nonoportet.
1546 1749 1672 1801 Illud
1693 1749 1854 1813 enim,
1877 1749 2095 1812 fratres,

534 1844 808 1899 sciendum
836 1853 936 1908 est,
969 1843 1162 1896 multos
1189 1857 1308 1896 esse
1333 1841 1531 1895 sciendi
1555 1840 1757 1892 modos.
1784 1839 1963 1892 Potest
1982 1837 2098 1905 quis

533 1935 672 1987 scire
694 1934 852 1986 Deum
874 1947 1010 1994 esse,
1042 1946 1137 1984 nec
1159 1939 1330 1984 tamen
1354 1931 1493 1983 scire
1518 1927 1782 1997 quomodo
1815 1930 1903 1980 sit.
1925 1926 2099 1991 Quan-

541 2022 819 2090 doquidem
846 2021 1004 2074 etiam
1028 2019 1163 2088 apud
1193 2034 1289 2073 nos
1307 2020 1546 2073 homines
1571 2020 1749 2070 multa:
1775 2025 1896 2070 sunt
1919 2015 2098 2084 cogni-

537 2113 696 2167 tionis
727 2113 844 2165 viie.
876 2111 1006 2165 Novi
1040 2112 1177 2165 hunc
1199 2111 1462 2164 hominem
1499 2109 1549 2162 in
1573 2110 1672 2163 ista
1711 2108 1838 2163 urbe
1862 2122 2096 2173 manere,

534 2217 635 2256 nec
684 2213 855 2257 tamen
890 2201 1009 2255 novi
1036 2218 1191 2271 quam
1231 2211 1399 2256 artem
1444 2211 1728 2256 exerceat:
1775 2202 1894 2254 novi
1938 2201 2096 2254 alium

538 2293 694 2345 talem
719 2298 1053 2344 exercentem
1080 2299 1268 2354 artem,
1296 2306 1391 2343 nec
1421 2291 1540 2343 novi
1568 2289 1706 2343 unde
1728 2303 1895 2358 genus
1919 2289 2095 2342 ducat.

535 2382 730 2436 Partito
773 2397 961 2449 nempe
989 2397 1285 2450 cognosco,
1320 2381 1507 2450 partim
1551 2381 1755 2450 ignoro.
1787 2380 1841 2433 In
1870 2396 2096 2446 summa,

533 2474 866 2543 particularis
881 2473 1110 2542 cognitio
1125 2488 1230 2527 non
1261 2473 1459 2526 inducit
1485 2471 1774 2542 perfectam
1802 2472 2096 2535 scientiam,

531 2579 707 2634 neque
763 2580 869 2618 non
918 2564 1092 2618 omnia
1139 2578 1496 2633 cognoscere,
1549 2563 1911 2632 particularem
1966 2563 2102 2616 tollit

530 2654 907 2723 cognitionem.
939 2653 1072 2721 Quid
1100 2653 1267 2723 ergo?
1296 2652 1426 2707 Novi
1448 2666 1567 2706 esse
1612 2653 1795 2719 Demn,
1851 2652 2100 2720 illumque

537 2744 756 2807 bonum,
787 2744 1162 2808 immortalem,
1203 2743 1649 2810 incorruptibilcm
1671 2783 1686 2805 ,
1717 2757 1874 2810 quem
1905 2743 2100 2812 cogita-

534 2833 679 2885 tione
703 2847 897 2901 capere
927 2848 1029 2885 non
1063 2831 1345 2900 possimus,
1379 2831 1990 2900 ineomprehensibilem,
2021 2831 2101 2883 in-

532 2934 877 2988 corporeum,
905 2919 1302 2975 immutabilem.
1328 2919 1450 2973 lltee
1469 2920 1641 2973 omnia
1671 2922 1812 2987 novi,
1838 2931 1890 2976 et
1913 2935 2101 2989 cogno-

535 3022 692 3062 scens
739 3008 926 3060 adoro.
956 3008 1231 3074 Quomodo
1259 3017 1433 3060 autem
1471 3010 1537 3061 sit
1567 3024 1668 3060 non
1715 3011 1833 3061 novi
1860 3049 1874 3070 ,
1930 3024 2100 3077 neque

534 3097 753 3151 edoctus
767 3111 884 3150 sum
899 3099 1175 3166 exquirere
1194 3097 1459 3166 quomodo
1475 3098 1560 3161 sit,
1584 3098 1673 3152 sed
1690 3099 1828 3167 quod
1845 3101 1933 3154 sit.
1960 3101 2100 3168 Apo-

535 3187 670 3240 stolo
700 3187 840 3240 enim
870 3186 1122 3254 majorem
1153 3187 1414 3240 neminem
1442 3188 1653 3240 invenio
1676 3188 1968 3253 doctorem,
2011 3189 2098 3257 qui

536 3279 703 3347 possit
726 3279 981 3346 majorem
1013 3279 1139 3332 mihi
1168 3279 1415 3347 pietatem
1438 3279 1770 3347 suppeditare
1799 3294 1811 3331 :
1842 3280 1930 3348 qui
1960 3280 2098 3332 clara

535 3381 666 3420 voce
691 3381 817 3419 usus
845 3366 910 3420 ad
935 3365 1074 3420 hunc
1096 3367 1305 3420 modum
1328 3367 1482 3420 docet
1514 3383 1528 3419 :
1556 3366 1766 3420 Credere
1789 3368 1916 3419 enim
1946 3384 2098 3436 opor-

532 3463 599 3509 tet
624 3456 937 3508 accedente»:
965 3455 1032 3507 ad
1059 3455 1243 3517 Deum.
1265 3458 1382 3524 quia
1428 3465 1502 3508 est
1528 3454 1707 3522 (Hebr.
1739 3457 1824 3508 Η.
1857 3456 1909 3524 6)
1947 3475 1960 3508 :
1995 3471 2096 3508 non

534 3547 797 3613 quomodo
814 3555 914 3608 est,
944 3546 1035 3600 sed
1064 3547 1196 3612 Quia
1221 3557 1311 3610 est,
1342 3557 1386 3600 et
1410 3549 1767 3615 inquirentibus
1791 3564 1844 3600 se
1869 3563 2095 3600 remune-

534 3646 674 3688 rator
691 3646 781 3689 est.
800 3635 978 3704 Itaque
994 3636 1132 3704 quod
1154 3637 1273 3690 novi
1295 3639 1429 3691 colo.
1454 3636 1564 3690 Non
1581 3636 1734 3690 didici
1750 3636 1836 3690 Dei
1855 3637 2098 3690 substano

535 3727 656 3779 tiam
688 3727 984 3794 explorare.
1015 3727 1241 3780 Credere
1264 3727 1442 3790 didici,
1465 3726 1690 3789 fratres;
1721 3725 1958 3788 credere,
1994 3741 2096 3778 non

535 3815 774 3868 scrutari.
795 3815 933 3882 Lege
957 3812 1339 3866 confessionem
1361 3822 1523 3877 tuam,
1549 3813 1813 3875 hmretice,
1840 3814 1889 3865 in
1908 3828 2098 3866 arcano

532 3913 586 3955 et
603 3902 876 3955 tremendo
891 3902 1146 3972 mysterio
1168 3902 1443 3970 prolatam.
1458 3901 1676 3967 Quando
1692 3903 1755 3955 ad
1783 3902 2097 3969 baptismum

533 3991 823 4052 arcessisti,
855 3991 980 4060 quid
1006 3991 1221 4044 dixisti?
1250 4007 1316 4045 an
1346 4006 1609 4060 quaerens,
1654 4007 1720 4045 an
1764 3993 1971 4046 curiose
2007 4010 2097 4046 ex-

534 4081 769 4148 plorans,
803 4081 885 4134 vel
913 4081 1161 4135 credens?
1187 4081 1301 4134 Alia
1328 4081 1628 4136 conditione
1660 4083 1870 4146 venisti,
1901 4091 1952 4136 et
1978 4098 2096 4136 cum

532 4171 642 4224 alio
665 4179 815 4239 pacto
846 4169 921 4242 (a)
948 4172 1190 4240 dignatus
1211 4187 1270 4225 es
1301 4172 1383 4224 illa
1409 4173 1596 4240 gratia.
1647 4174 1722 4226 Ac
1746 4174 1790 4226 si
1831 4173 1944 4228 hmc
1973 4189 2097 4228 sen-

534 4265 672 4318 tiens
701 4263 870 4332 gratia
894 4264 1120 4316 donatus
1148 4277 1226 4329 es,
1261 4263 1415 4317 fidem
1444 4272 1498 4318 et
1521 4275 1668 4332 pacta
1693 4264 1934 4330 violasti,
1961 4277 2014 4318 et
2046 4267 2096 4319 in

535 4353 826 4407 tremendis
851 4352 1060 4422 quidem
1106 4354 1487 4422 horrendisque
1527 4355 1791 4424 mysteriis
1819 4355 1970 4409 fidem
1999 4355 2096 4408 ob-

536 4443 723 4508 tulisti,
742 4453 887 4496 extra
916 4443 1162 4512 mysteria
1187 4458 1312 4496 vero
1336 4443 1670 4501 constitutus.
1691 4443 1842 4497 fidem
1869 4445 2097 4497 circum-

533 4533 745 4597 scribis,
775 4543 827 4587 et
853 4535 1194 4602 quaestionem
1222 4548 1419 4587 moves.

608 4623 660 4678 5.
694 4624 1044 4677 Anomaeorum
1086 4623 1313 4691 objectio.
1360 4621 1528 4692 Opera
1574 4622 1667 4675 Dei
1703 4640 1801 4676 non
1850 4625 2095 4690 capimus,

534 4724 720 4784 quanto
770 4715 933 4766 minus
977 4713 1316 4766 Deum—At
1365 4713 1481 4766 vide
1511 4713 1631 4781 quid
1672 4714 1813 4766 dicat
1856 4713 2098 4768 inimicus

537 4803 796 4857 veritatis.
828 4803 961 4856 Num
991 4803 1180 4856 frustra
1214 4803 1352 4856 Deus
1390 4803 1663 4856 ratiocinia
1695 4803 1845 4856 nobis
1877 4803 2098 4856 indidit?

538 4909 662 4948 num
710 4893 899 4946 frustra
947 4894 1245 4961 accepimus
1284 4892 1463 4960 judicii
1515 4891 1854 4945 facultatem?
1882 4891 2102 4961 Oportet

537 4983 829 5037 rationibus
868 4982 1182 5050 investigare
1215 4980 1391 5044 fidem,
1420 4996 1515 5033 nec
1543 4982 1656 5034 sine
1695 4982 1935 5034 examine
1976 4982 2098 5034 reli-

538 5075 747 5143 gionent
777 5088 915 5127 esse.
958 5074 1139 5126 lleete.
1172 5072 1362 5126 Verum
1404 5072 1657 5125 examinis
1706 5089 1939 5125 normam
1985 5087 2099 5126 esse

537 5174 748 5232 oportet
798 5164 972 5216 divina
1013 5163 1254 5231 eloquia,
1309 5164 1617 5232 regnlasque
1663 5163 1871 5231 pietatis
1910 5178 1938 5217 a
1993 5165 2099 5217 Deo

544 5255 696 5309 nobis
750 5255 987 5308 traditas.
1032 5254 1112 5307 'l'u
1151 5270 1276 5308 vero
1320 5254 1529 5324 regulas
1574 5263 1952 5322 transgressus,
1996 5269 2099 5307 non

605 5436 679 5496 (a)
713 5432 1045 5496 Emendandns
1067 5445 1155 5496 per
1178 5433 1476 5496 occasionem
1501 5441 1576 5481 est
1597 5433 1851 5496 Leidradus
1871 5432 1934 5496 de
1957 5433 2105 5496 Bapti-

542 5491 773 5556 smo'cap.
796 5496 865 5556 6,_
879 5501 930 5542 ut
963 5494 1012 5541 in
1039 5491 1098 5540 eo
1121 5494 1190 5556 sic
1225 5491 1414 5552 legatur
1439 5502 1576 5556 :_Has
1606 5493 1841 5556 pactiones
1867 5491 2036 5556 ﬁdeles
2054 5493 2104 5541 in

543 5551 740 5604 ruriam‘
753 5552 994 5616 proferunt
1020 5551 1295 5613 angelicmn’
1304 5565 1328 5616 _:_
1338 5552 1534 5616 nomina
1552 5551 1891 5616 proﬁtentium
1911 5553 1961 5602 in
1984 5553 2106 5616 libro

541 5612 852 5677 marmur
884 5615 989 5662 vim:
1003 5648 1026 5677 ,_
1038 5612 1132 5677 non
1153 5627 1183 5660 a
1204 5612 1402 5677 quolibet
1435 5612 1619 5663 homine
1640 5612 1666 5670 ,⁷
1687 5613 1832 5677 δερμα
1860 5614 2104 5677 superiore

542 5672 729 5726 (alitus
743 5680 984 5739 pateatne.
1010 5674 1240 5723 Veterum
1263 5672 1596 5723 Analectormu
1617 5682 1748 5723 Tom.
1770 5675 1818 5724 5.
1842 5672 2039 5724 coteler.

2006 352 2272 409 INCEBTI

3653 371 3776 424 416

2204 467 2430 521 inhaeres
2458 466 2650 521 divinis
2679 464 2961 532 Scripturis
2982 505 2996 528 ,
3040 463 3130 518 sed
3160 463 3334 518 divina
3372 464 3629 519 scrutaris
3714 474 3774 520 et

2202 559 2306 611 vim
2345 558 2505 611 infers
2531 556 2773 618 veritati;
2817 565 2872 609 et
2897 557 3091 624 ubique
3113 555 3328 610 affectas
3358 557 3616 610 rationum
3652 572 3773 609 ma-

2201 649 2280 716 gis
2306 647 2452 715 sequi
2496 646 2764 710 salebras,
2791 660 2947 714 quam
3004 644 3121 700 fidei
3179 645 3406 711 servire,
3449 645 3597 713 quasi
3636 646 3773 697 alio-

2203 755 2317 792 rum
2344 739 2584 806 peritiam
2627 737 2842 801 habeas,
2872 747 2962 791 aut
2989 738 3235 803 aliorum,
3263 754 3451 806 nempe
3475 755 3596 806 qum
3641 755 3769 792 cer-

2202 838 2416 888 nuntur,
2448 827 2847 894 experientiam.
2904 827 3166 881 Renuntia
3193 828 3318 880 mihi
3367 829 3769 882 ratiociniomtn

2200 919 2337 974 serie
2358 919 2542 983 fultus,
2568 919 2831 988 quomodo
2843 921 3027 972 ca-lutn
3047 919 3210 984 stetit,
3231 919 3280 972 in
3301 927 3440 972 tanta
3462 919 3766 984 altitudine,

2202 1010 2252 1062 in
2281 1018 2384 1061 tam
2421 1009 2672 1062 immensa
2704 1009 3050 1073 concavitate,
3080 1019 3132 1062 et
3170 1009 3370 1062 nullum
3401 1010 3452 1062 in
3484 1019 3630 1063 tanto
3651 1025 3770 1062 am-

2201 1099 2309 1152 bitu
2337 1097 2554 1151 fulcrnm
2583 1099 2814 1152 habens?
2832 1099 3104 1165 Quomodo
3132 1101 3295 1160 stetit.
3324 1115 3353 1153 a
3383 1115 3487 1169 quo
3505 1111 3764 1170 gestator,

2201 1205 2320 1258 qua:
2366 1188 2703 1242 fundamenta
2744 1200 2865 1242 sunt
2908 1192 3096 1259 quibus
3141 1192 3360 1245 nititur?
3405 1209 3505 1262 qua
3558 1197 3769 1248 ratione

2203 1294 2296 1348 per
2347 1287 2544 1330 tantum
2590 1289 2793 1348 tempus
2839 1295 2941 1334 non
2984 1281 3204 1334 solvitur
3255 1282 3606 1350 pulchritudo,
3659 1301 3766 1338 non

2201 1371 2336 1440 perit
2360 1380 2646 1424 concentus
2668 1371 2818 1440 ejus?
2842 1371 3070 1426 Ostende
3090 1373 3358 1427 columnas
3384 1387 3500 1442 qua:
3524 1373 3766 1438 fulciant,

2201 1458 2418 1513 ostende
2445 1459 2611 1513 basim
2641 1469 2799 1513 tanta:
2826 1461 2950 1514 moli
2979 1461 3284 1529 subjectam.
3316 1462 3515 1530 Ecquid
3548 1462 3614 1516 de
3633 1465 3768 1517 ca-lo

2201 1551 2424 1620 loquor,
2458 1566 2561 1604 non
2588 1551 2655 1606 de
2697 1561 2831 1604 terra
2875 1567 3032 1619 quam
3063 1553 3246 1606 calce?
3283 1552 3513 1606 Primum
3558 1554 3768 1622 explica

2203 1641 2329 1694 mihi
2376 1651 2530 1694 terra:
2558 1641 3007 1696 constitutionem.
3036 1641 3184 1708 Quod
3223 1641 3364 1695 enim
3394 1656 3553 1710 super
3594 1658 3769 1712 aquas

2203 1729 2413 1783 fundata
2463 1730 2531 1784 sit
2570 1728 2848 1799 (Psal.:25.
2881 1731 2960 1799 2),
2992 1729 3091 1783 hoc
3142 1741 3196 1785 et
3223 1746 3321 1800 ego
3364 1734 3566 1799 accepi,
3614 1742 3669 1787 et
3711 1742 3768 1786 tu

2201 1819 2491 1873 confiteris.
2519 1821 2586 1872 At
2623 1820 2888 1888 quomodo
2917 1834 3073 1887 super
3124 1835 3286 1888 aquas
3314 1820 3517 1874 firmata
3540 1822 3628 1882 sit,
3669 1837 3770 1874 ex-

2204 1923 2358 1974 pone.
2397 1907 2474 1961 Ne
2500 1908 2807 1975 simpliciter
2831 1924 3126 1962 sermonem
3168 1909 3418 1976 excipias,
3449 1909 3540 1963 sed
3566 1911 3771 1978 quaesi-

2205 2005 2374 2049 torum
2398 1997 2652 2050 rationem
2673 1997 2833 2051 redde
2858 2015 2870 2049 :
2899 1997 3163 2065 quomodo
3182 2006 3257 2050 tot
3281 1999 3515 2067 tantique
3531 2007 3764 2061 montes,

2201 2087 2383 2151 colles,
2429 2087 2593 2140 valles
2644 2103 2803 2155 super
2849 2102 3011 2155 aquas
3062 2087 3316 2141 ferantur.
3365 2087 3456 2141 Dic
3496 2090 3770 2155 quomodo

2203 2192 2346 2230 mare
2373 2186 2670 2244 separatum
2701 2179 2800 2238 sit;
2833 2177 2916 2230 dic
2947 2191 3054 2245 quo
3090 2186 3242 2245 pacto
3274 2186 3347 2231 tot
3376 2178 3622 2232 fluctibus
3650 2180 3768 2248 agi—

2204 2276 2386 2341 tatum,
2412 2279 2461 2320 et
2485 2269 2535 2320 in
2559 2269 2868 2322 immensam
2888 2283 3109 2338 surgens
3127 2267 3476 2332 altitudinem,
3499 2284 3619 2322 cum
3640 2285 3765 2323 are-

2202 2372 2322 2410 nam
2354 2357 2560 2426 attingit
2585 2359 2838 2422 solvatur,
2867 2367 2920 2412 et
2949 2359 3262 2426 legislatoris
3293 2359 3572 2412 terminum
3609 2375 3771 2413 reve-

2202 2457 2398 2499 reatur.
2450 2447 2820 2513 Interpretare,
2869 2447 3048 2510 frater,
3078 2447 3341 2514 quomodo
3383 2461 3503 2500 cum
3549 2462 3654 2500 una
3698 2449 3771 2502 sit

2204 2544 2360 2597 terra,
2395 2550 2492 2588 una
2523 2546 2708 2598 mater,
2763 2535 2984 2589 diversa:
3033 2536 3226 2604 planta:
3279 2537 3404 2601 sint,
3460 2537 3600 2590 unde
3627 2537 3770 2591 radi-

2203 2639 2290 2676 ces
2317 2639 2537 2689 amarte,
2561 2624 2704 2678 unde
2738 2624 2921 2678 dulces
2946 2665 2961 2691 ,
2991 2623 3127 2678 unde
3170 2624 3432 2678 fructuum
3463 2625 3771 2679 varietates.

2206 2714 2318 2768 Una
2350 2723 2486 2766 terra
2513 2714 2813 2783 germinans
2842 2723 2943 2780 est,
2979 2729 3114 2769 unus
3136 2715 3304 2768 imber
3329 2715 3421 2767 alit
3450 2731 3464 2766 :
3495 2715 3634 2769 unde
3660 2716 3773 2768 dif-

2203 2805 2449 2860 ferentia?
2471 2806 2683 2874 Expliea
2712 2806 2850 2859 unde
2873 2805 3178 2874 prodierunt
3198 2807 3386 2869 fontes,
3413 2815 3467 2861 et
3490 2823 3553 2861 ex
3577 2808 3774 2876 quibus

2203 2895 2406 2965 abyssis
2439 2914 2449 2947 :
2483 2912 2582 2964 qua
2610 2896 2811 2950 ratione
2855 2896 2966 2949 lure
2994 2898 3196 2964 possint
3233 2897 3626 2965 comprehendi.
3664 2897 3774 2953 Ve-

2205 3003 2319 3041 rum
2365 2988 2574 3055 quando
2617 2987 2682 3042 de
2711 2987 2793 3042 his
2837 2987 3284 3054 dubitaverimus,
3317 3003 3472 3042 unam
3513 2988 3773 3043 habemus

2203 3093 2380 3132 veram
2407 3088 2460 3130 et
2482 3077 2618 3146 piam
2645 3079 2995 3147 quaestionum
3025 3079 3364 3134 solutionem.
3392 3086 3561 3148 Atque
3581 3079 3774 3133 beatus

2205 3169 2367 3222 David
2418 3169 2612 3223 cecinit
2643 3170 2723 3223 his
2766 3151 2985 3223 verbis:
3035 3169 3165 3234 Quia
3211 3181 3399 3224 rectum
3443 3181 3512 3225 est
3567 3172 3777 3225 verbum

2207 3257 2428 3323 Domini,
2451 3265 2496 3311 et
2518 3259 2680 3311 omnia
2701 3274 2850 3325 opera
2870 3260 2978 3329 ejus
2998 3261 3049 3311 in
3075 3259 3176 3326 ﬁde
3202 3258 3370 3328 (Psal.
3397 3258 3576 3327 32.4).
3594 3258 3774 3327 Opera

2202 3353 2315 3404 sine
2337 3351 2439 3404 fide
2465 3351 2836 3419 comprehendi
2863 3359 3150 3419 nequeunt,
3177 3359 3232 3404 et
3260 3351 3396 3405 Deus
3415 3351 3528 3404 sine
3555 3351 3658 3405 fide
3689 3352 3777 3402 in-

2204 3440 2365 3492 veniri
2397 3439 2623 3508 poterit?
2659 3439 2829 3506 Opera
2857 3454 2958 3492 non
2982 3440 3095 3493 sine
3125 3438 3245 3500 fide,
3270 3447 3323 3493 et
3349 3438 3511 3493 Filius
3540 3439 3773 3493 demon-

2201 3529 2494 3582 stratione?
2526 3529 2659 3594 Quia
2687 3537 2877 3582 rectum
2906 3539 2975 3581 est
3008 3531 3206 3582 verbum
3229 3526 3467 3591 Domini,
3513 3537 3557 3580 et
3596 3530 3774 3581 omnia

2202 3639 2354 3689 opera
2379 3624 2488 3689 ejus
2515 3622 2566 3672 in
2593 3621 2713 3687 ﬁde.
2747 3619 2938 3672 Verum
2966 3633 3081 3683 nos,
3110 3617 3307 3672 relictis
3338 3617 3572 3671 veritatis
3599 3618 3774 3671 hosti-

2204 3710 2321 3769 bus.
2353 3710 2417 3761 ad
2445 3723 2625 3762 sanam
2657 3718 2928 3777 tutamque
2957 3707 3112 3761 fidem
3130 3706 3428 3770 redeamus,
3449 3707 3653 3776 pimque
3684 3723 3774 3761 re-

2204 3799 2410 3867 ligionis
2427 3799 2659 3866 regulam
2669 3795 3029 3861 ostendamus,
3049 3796 3158 3865 ipsa
3173 3795 3393 3849 veritate
3405 3795 3769 3863 ell'ulgentem.

2206 3890 2344 3943 Inter
2373 3900 2575 3944 veteres
2595 3888 2772 3958 Moyse
2799 3903 2953 3942 nemo
2977 3888 3078 3942 fide
3104 3887 3312 3956 dignior
3337 3903 3349 3938 :
3379 3887 3430 3940 in
3457 3890 3772 3943 recentiori-

2204 3983 2300 4036 bus
2324 3995 2479 4035 nemo
2527 3980 2688 4034 Paulo
2713 3980 3017 4048 sapientior.
3048 3977 3237 4043 Qutere
3267 3986 3495 4033 veterem
3545 3987 3766 4045 statum,

2202 4080 2255 4125 et
2283 4071 2546 4125 neminem
2569 4069 2744 4139 Moyse
2771 4069 3021 4136 majorem
3051 4067 3283 4135 reperies
3311 4085 3324 4118 :
3349 4082 3467 4120 nam
3521 4068 3650 4123 Novi
3694 4080 3768 4136 te,

2202 4171 2247 4214 et
2280 4161 2504 4213 invenisti
2548 4161 2761 4228 gratiam
2787 4174 2890 4228 pra:
2917 4158 3173 4210 omnibus‘
3199 4157 3401 4226 (Exod.
3433 4158 3520 4212 53.
3546 4158 3659 4227 12).
3710 4159 3772 4213 1η

2203 4266 2339 4305 novo
2377 4251 2714 4304 Testamento
2761 4264 2917 4302 nemo
2944 4247 3106 4300 Paulo
3137 4247 3416 4315 perfectior
3443 4263 3459 4300 :
3495 4246 3595 4300 Vas
3624 4248 3772 4302 enim

2202 4341 2452 4394 electionis
2475 4350 2544 4392 est
2566 4339 2701 4407 (Act.
2728 4339 2778 4393 9.
2807 4337 2917 4405 15),
2938 4338 3306 4405 Christumque
3329 4337 3486 4392 habet
3514 4339 3565 4391 in
3591 4340 3776 4407 seipso

2204 4433 2524 4501 loquentem.
2568 4431 2644 4484 Ne
2674 4429 3123 4498 prtetergrediaris
3171 4429 3425 4481 terminos
3475 4427 3671 4495 Moysis
3717 4443 3776 4482 et

2203 4522 2371 4576 Pauli.
2401 4521 2535 4586 Quid
2569 4521 2772 4573 invenit
2800 4519 3034 4588 Moyses,
3064 4517 3592 4586 comprehensionem
3644 4518 3778 4573 sub-

2202 4616 2428 4676 stantize,
2457 4628 2523 4666 an
2561 4612 2782 4680 gloriam
2813 4610 2950 4663 Dei?
3008 4609 3233 4677 Moyses,
3291 4607 3499 4672 fratres,
3529 4611 3673 4663 venit
3715 4610 3773 4663 in

2203 4703 2679 4771 concupiscentiam
2713 4700 2824 4761 Dei,
2849 4709 2903 4751 ut
2927 4699 3084 4752 homo
3109 4698 3406 4767 religiosus,
3434 4707 3487 4751 et
3510 4699 3778 4768 ignoravit

2203 4811 2262 4848 se
2294 4795 2370 4846 rei
2397 4791 2732 4859 impossibilis
2753 4789 3017 4842 desiderio
3046 4787 3210 4842 teneri
3240 4805 3253 4840 :
3286 4798 3517 4842 attamen
3548 4805 3642 4856 per
3671 4805 3731 4843 ea
3752 4830 3770 4856 ,

2203 4901 2321 4954 qua:
2346 4883 2533 4952 petiita
2562 4883 2686 4947 Deo,
2711 4880 2832 4950 quid
2854 4879 3176 4933 desideraret
3200 4877 3447 4932 ostendit.
3472 4878 3608 4944 Quid
3629 4880 3773 4934 enim

2204 4974 2312 5027 ait?
2344 4973 2576 5037 Obsecro,
2610 4970 2840 5035 Domine,
2885 4971 2930 5023 si
2958 4969 3118 5021 inveni
3145 4968 3361 5037 gratiam
3407 4968 3458 5021 in
3504 4980 3774 5037 conspectu

2206 5077 2308 5128 tno,
2341 5067 2598 5132 manifeste
2636 5065 2828 5116 uideam
2869 5072 2934 5127 te,
2972 5062 3170 5115 ostende
3217 5070 3264 5113 te
3291 5061 3413 5113 milli
3458 5059 3774 5130 (Erod.55.

2209 5157 2317 5228 l3).
2349 5158 2531 5210 Frater
2578 5165 2693 5209 erat
2730 5155 2771 5206 is
2826 5153 3047 5222 Philippi
3077 5150 3298 5205 dicentis
3328 5165 3340 5202 :
3379 5150 3594 5203 Ostende
3630 5152 3778 5206 nobis

2211 5250 2431 5312 Patrem,
2457 5258 2500 5300 et
2527 5247 2701 5315 att/ﬁcit
2725 5246 2862 5298 nobis
2885 5242 3058 5314 (Joan.
3091 5243 3175 5297 H.
3195 5242 3271 5311 8).
3297 5242 3533 5307 Domine,
3556 5253 3612 5295 tu
3640 5243 3780 5296 dixi—

2208 5345 2273 5397 sti
2296 5386 2308 5406 ,
2334 5342 2574 5395 Invenisti
2597 5341 2808 5410 gratiam
2854 5340 2904 5390 in
2949 5345 3215 5404 conspectu
3243 5352 3350 5387 meo
3375 5350 3396 5389 :
3423 5335 3626 5386 ostende
3654 5335 3780 5386 mihi

2210 5437 2538 5504 temetipsum,
2572 5443 2627 5485 ut
2653 5432 2910 5500 manifeste
2938 5429 3129 5483 videam
3155 5436 3222 5481 te.
3247 5426 3384 5481 Vidit
3409 5425 3622 5494 quidem
3651 5440 3778 5479 eum

2276 5608 2290 5636 ί
2317 5602 2508 5652 [ἶεεδεηίἰ
2537 5603 2720 5659 Quaest.
2750 5599 2840 5645 176
2870 5613 2879 5645 :
2917 5599 3030 5660 ape;
3062 5599 3269 5652 ἅπαντας
3302 5599 3318 5657 (
3335 5597 3366 5660 ἴ.
3403 5599 3530 5658 παρὰ
3562 5598 3772 5660 πάντας)

2216 5666 2478 5727 ἀνθρώπους
2509 5658 2652 5723 Ξγῆων
2679 5677 2751 5720 σε,
2786 5661 2864 5706 καὶ
2890 5658 3016 5718 εὗρες
3038 5661 3170 5720 χάριν
3199 5658 3392 5706 ἐνώπιόν
3415 5674 3521 5719 μου.
