3996 6416
192 365 299 420 415

185 460 369 522 κακία,
401 460 524 515 οὐτε
577 464 710 534 πρὸς
744 471 812 519 τά
847 467 995 532 δεξιά
1021 471 1119 540 τῆς
1146 473 1398 542 ἀληθείας
1422 475 1735 544 τολμήσασα

189 547 332 610 ἰδεῖν,
392 549 481 602 διά
524 550 622 620 τὴν
672 555 765 606 τοῦ
808 557 1052 627 Σωτῆρος
1082 560 1326 631 ἄρνησιν,
1357 562 1479 616 οὐτε
1507 564 1640 632 πρὸς
1668 563 1736 615 τὰ

185 636 445 707 ἀριστερά
465 641 558 693 τοῦ
576 642 818 710 ψεύδους,
853 646 939 699 διὰ
968 648 1058 701 τὸν
1089 650 1182 702 τοῦ
1209 653 1337 705 λαοῦ
1363 653 1540 720 φόϐον.

254 788 344 838 Δεῖ
372 788 552 843 τοίνυν
580 793 673 844 καὶ
724 795 887 864 ἡμᾶς,
929 798 1164 866 ἀδελφοὶ,
1191 800 1377 854 τοῦτον
1398 804 1487 855 τὸν
1540 804 1732 856 κανόνα

189 879 333 946 παρά
351 879 446 930 τοῦ
471 882 674 951 Κυρίου
705 883 1090 952 λαμϐάνοντας,
1125 889 1197 957 μὴ
1245 891 1418 944 πάντα
1458 895 1576 953 ταῖς
1605 894 1740 961 ἐρωε-

188 968 369 1035 τήσεσι
389 968 501 1021 τῶν
528 972 812 1039 αἱρετικῶν
836 973 1050 1029 διδόναι.
1083 974 1250 1030 Ὅταν
1279 980 1458 1041 κακῶς
1490 982 1733 1050 ἐρωτήσῃ

187 1057 486 1127 αἱρετικὸς,
516 1059 872 1128 ἀντερωτήσει
913 1063 1093 1134 δικαίᾳ
1135 1065 1292 1117 λῦσον
1326 1067 1471 1136 αὐτῷ
1494 1069 1590 1137 τὴν
1620 1070 1733 1121 ἆτο-

187 1163 283 1198 πον
307 1146 519 1200 πεῦσιν.
568 1148 893 1202 Πυνθάνεται
949 1152 1202 1216 πολλάκις
1241 1155 1537 1220 αίρετικόςο
1579 1153 1735 1219 Οἶδας

186 1237 271 1288 τὸν
300 1237 453 1301 Θεὸν,
494 1239 526 1306 ἢ
559 1239 657 1290 οὐκ
685 1237 853 1304 οἷδας;
904 1241 1028 1294 Ἐὰν
1048 1245 1224 1312 εῖπῃς,
1259 1241 1500 1310 amoma,
1533 1246 1734 1308 εὐθέως

188 1328 376 1394 ἐπάγει
401 1344 414 1356 ⁸
447 1324 604 1391 Οἶδας
628 1325 718 1382 οῦν
739 1331 767 1382 δ
800 1331 1035 1394 εὐσεϐεῖς
1055 1350 1069 1395 ;
1093 1333 1218 1393 Ναὶ,
1252 1337 1410 1404 φησὶν
1439 1338 1466 1387 ὁ
1490 1337 1730 1403 εὐσεϐής.

188 1417 281 1476 Τίς
307 1417 417 1485 γὰρ
443 1419 587 1479 ὅπως
617 1420 871 1487 ὑπομένει
897 1421 1089 1488 λέγων,
1116 1424 1196 1475 ὅτι
1228 1426 1292 1475 Ὀ
1320 1423 1394 1492 μὴ
1423 1421 1534 1475 οἶδα
1557 1423 1730 1486 σέϐως

189 1501 354 1552 Πάλιν
379 1504 607 1570 ἐπάγει·
639 1501 795 1567 Οἶδας
823 1502 914 1559 οὖν
948 1509 1039 1560 τοῦ
1071 1508 1203 1560 Θεοῦ
1230 1511 1325 1578 τὴν
1350 1511 1564 1572 οὐσίαν;
1608 1512 1732 1562 Ἐὰν

187 1587 363 1658 εἴπῃς,
389 1591 469 1641 δτι
499 1592 609 1644 Οὐκ
639 1588 772 1658 οἶδα,
801 1594 996 1657 εὐθέως
1024 1597 1373 1666 ἀντιτίθησιν·
1408 1599 1610 1651 Οὐκοῦν
1638 1601 1735 1652 οὑκ

195 1675 336 1740 οἶδας
358 1681 410 1730 τί
443 1681 637 1744 σέϐεις.
667 1683 804 1752 Ὅρα
849 1702 936 1753 μοι
977 1685 1120 1756 [421]
1158 1687 1226 1738 τά
1251 1687 1435 1740 σκολιὰ
1475 1689 1688 1758 ῥήματα
1719 1702 1732 1716 ·

192 1765 291 1833 ὅρα
349 1785 437 1835 μοι
470 1768 576 1819 τῶν
605 1772 851 1839 πονηρῶν
882 1773 1053 1840 ὄφεων
1081 1774 1177 1837 τάς
1205 1775 1490 1838 ποικιλίας.
1541 1777 1735 1845 Ὀρᾷςς

191 1854 302 1906 ἀλλ’
326 1857 384 1907 οὐ
417 1857 498 1908 δεῖ
524 1859 894 1928 ταράττεσθαι.
944 1864 1146 1915 Ἐκεῖνο
1178 1863 1303 1932 γὰρ,
1346 1865 1578 1930 ἀδελφοὶ,
1606 1865 1738 1917 εἰδέ-

188 1958 274 1992 ναι
304 1944 429 2012 χρὴ,
460 1945 541 1996 δτι
571 1947 663 1997 τοῦ
697 1948 890 2000 εἰδέναι
929 1950 1107 2002 πολλοὶ
1159 1952 1366 2020 τρόποι.
1402 1952 1624 2004 Δύναταί
1655 1969 1736 2014 τις

191 2031 384 2084 εἰδέναι
423 2035 504 2086 ὅτι
527 2034 636 2085 ἐστι
676 2035 822 2100 Θεὸς,
858 2038 916 2089 οὑ
947 2037 1007 2090 τὸ
1036 2041 1149 2101 πῶς
1181 2043 1312 2094 ἐστι.
1359 2042 1510 2094 Ἐπεὶ
1539 2042 1630 2093 καὶ
1654 2043 1736 2108 ἐφ’

190 2121 343 2189 ήμῶν
363 2122 470 2173 τῶν
501 2123 796 2188 ἀνθρώπων
826 2127 1012 2179 πολλαὶ
1039 2129 1136 2196 τῆς
1181 2129 1428 2196 γνώσεως
1457 2131 1582 2183 ὁδοί.
1609 2130 1738 2183 Οἶδα

187 2210 335 2262 τόνδε
376 2211 468 2263 τὸν
518 2211 794 2281 ἄνθρωπον
823 2217 880 2267 ἐν
910 2217 1032 2284 τῇδε
1077 2221 1141 2286 τῇ
1179 2218 1327 2270 πόλει
1371 2218 1643 2285 διάγοντα,
1673 2220 1733 2272 οὑ

190 2301 296 2370 μὴν
323 2297 442 2354 οἶδα
470 2303 564 2353 καὶ
587 2304 739 2355 ποίαν
767 2306 1078 2375 μετέρχεται
1107 2307 1364 2373 ἐργασίαν
1384 2323 1397 2337 ⁶
1421 2305 1533 2360 οῖδα
1554 2310 1736 2377 ἕτερον

186 2390 342 2457 τήνδε
378 2393 628 2458 μετιόντα
655 2393 751 2462 τὴν
777 2394 1036 2462 ἐργασίαν
1056 2433 1070 2456 ,
1103 2396 1164 2447 οὐ
1194 2396 1298 2464 μὴν
1319 2391 1432 2447 οἶδα
1460 2396 1549 2447 καὶ
1576 2396 1737 2448 πόθεν

190 2479 341 2547 φέρει
377 2480 439 2530 τὸ
470 2481 642 2546 γένος,
673 2483 779 2533 Καὶ
825 2483 977 2551 μέρει
1008 2483 1113 2551 γὰρ
1161 2482 1428 2549 γινώσκω,
1482 2484 1636 2550 μέρει
1681 2484 1737 2534 ἃ

189 2569 384 2634 ἀγνοῶ.
416 2571 524 2620 Καὶ
543 2569 775 2633 πάντως,
799 2570 917 2622 οὔτε
950 2573 982 2640 ή
1011 2572 1205 2641 μερικὴ
1229 2571 1424 2638 γνῶσις
1452 2569 1737 2640 ὁλόκληρον

191 2657 395 2724 εἰσάγει
424 2657 643 2723 γνῶσιν,
674 2658 793 2711 οὐτε
821 2660 880 2710 τὸ
919 2659 992 2727 μὴ
1028 2660 1163 2711 κατά
1212 2661 1384 2712 πάντα
1429 2659 1734 2726 γινώσκειν,

189 2747 284 2815 τὴν
313 2748 544 2816 μερικὴν
575 2748 785 2816 ἀναιρεῖ
818 2749 1031 2815 γνῶσιν.
1073 2747 1134 2799 Τί
1157 2745 1285 2813 οὖν,
1335 2745 1462 2801 Οἶδα
1491 2750 1580 2800 τὸν
1609 2749 1738 2801 Θεὸν

191 2838 267 2888 ὅτι
297 2837 464 2898 ἐστιν,
501 2838 582 2888 ὅτι
623 2837 821 2904 ἀγαθός
860 2839 1027 2900 ἐστιν,
1061 2840 1139 2890 ὅτι
1173 2838 1434 2898 ἀθάνατός
1463 2841 1624 2898 ἐστιν,
1658 2839 1739 2889 ὅτι

197 2929 467 2998 ἄφθαρτός
499 2932 668 2994 ἐστιν,
701 2932 779 2982 ὃτι
812 2930 1161 3001 ἀπερινόητός
1203 2931 1365 2994 ἐστιν,
1397 2931 1476 2983 ὃτι
1534 2931 1738 2982 ἀκατά-

192 3018 388 3088 ληπτός
435 3021 599 3084 ἐστιν,
633 3019 917 3090 ἀσώματός
970 3022 1115 3072 ἐστιν
1142 3062 1154 3085 ,
1203 3020 1555 3081 ἀναλλοίωτός
1600 3022 1737 3072 ἐστι.

192 3106 371 3158 Ταῦτα
403 3107 580 3160 πάντα
608 3104 740 3169 οῐδα,
774 3109 866 3159 καὶ
903 3108 1055 3169 εἰδὼς
1084 3107 1388 3176 προσκυνῶ.
1415 3107 1486 3157 Τὸ
1517 3107 1571 3157 δὲ
1625 3105 1740 3164 πῶς

193 3195 335 3244 ἐστιν
363 3195 463 3245 οὐκ
493 3190 628 3253 οἴδα,
685 3195 803 3246 οὑδέ
847 3195 1124 3262 ἐδιδάχθην
1177 3194 1642 3262 πολυπραγμονεῖν
1679 3193 1741 3243 τὸ

195 3285 306 3344 πῶς
330 3286 497 3346 ἐστιν,
517 3284 628 3336 ἀλλ’
657 3285 735 3336 ὅτι
763 3284 924 3337 ἔστιν.
951 3284 1056 3335 Τοῦ
1082 3284 1189 3354 γὰρ
1214 3285 1528 3336 Ἀποστόλου
1558 3283 1741 3335 οὐδένα

197 3374 433 3442 εὑρίσκω
460 3373 677 3440 μείζονα
693 3373 1021 3437 διδάσκαλον,
1041 3374 1329 3443 δυνάμενόν
1354 3391 1440 3443 μοι
1465 3373 1742 3442 κρείττονα

196 3461 291 3530 τήν
323 3460 601 3513 εὐσέϐειαν
636 3462 1009 3514 ὑποτίθεσθαι*
1053 3463 1109 3524 ὃς
1138 3462 1360 3532 λαμπρᾷ
1408 3463 1744 3531 χρησάμενος

199 3554 260 3619 τῇ
300 3552 450 3619 φωνῇ
499 3544 598 3601 ὧδέ
642 3567 716 3620 πη
747 3550 983 3603 διδάσκει
1020 3551 1221 3618 λέγων·
1267 3551 1589 3604 Πιστεῦσαι
1635 3551 1742 3619 γὰρ

201 3640 292 3691 δεῖ
311 3641 419 3692 τὸν
445 3641 920 3708 προσερχόμενον
941 3641 1078 3706 Θεῷ,
1108 3642 1194 3693 ὅτι
1227 3641 1396 3693 ἔστιν
1417 3658 1430 3670 ·
1466 3641 1526 3692 οὑ
1550 3641 1610 3692 τὸ
1632 3641 1747 3702 πῶς

202 3729 365 3790 ἐστιν,
397 3727 511 3778 ἀλλ’
544 3727 667 3778 Ὀτι
698 3727 845 3791 ἔστι,
880 3727 977 3778 καὶ
1022 3729 1144 3792 τοῖς
1181 3726 1529 3792 ἐκζητοῦσιν
1565 3730 1748 3781 αὐτὸν

199 3815 638 3882 μισθαποδότης
697 3818 934 3884 γίνεται.
1001 3818 1158 3868 Ὥστε
1194 3818 1222 3868 ὁ
1258 3813 1372 3869 οἶδα
1421 3818 1574 3869 σέϐω.
1637 3819 1748 3869 Οὐκ

203 3906 400 3975 ἔμαθον
427 3906 610 3958 οὐσίαν
639 3905 769 3957 Θεοῦ
799 3906 1264 3976 πολυπραγμονεῖν
1283 3922 1295 3934 ·
1321 3906 1589 3958 πιστεύειν
1616 3906 1747 3974 ἐμα·

203 3994 312 4058 θον,
357 3996 607 4059 ἀδελφοί·
642 3996 929 4060 πιστεύειν,
959 3997 1019 4048 οὑ
1049 3997 1534 4066 πολυπραγμονεῖν.
1600 3997 1750 4048 Ἀνά-

206 4084 368 4150 γνωθί
399 4101 490 4135 σου
521 4085 617 4153 τὴν
635 4085 933 4153 ὁμολογίαν,
952 4085 1209 4155 αίρετικὲ,
1237 4085 1334 4156 τὴν
1358 4086 1414 4137 ἐν
1431 4085 1506 4154 τῷ
1530 4085 1749 4156 κρυπτῷ

207 4176 298 4227 καὶ
351 4174 564 4243 φοϐερῷ
616 4174 891 4244 μυστηρίῳ
925 4175 1390 4246 συμφωνηθεῖσαν.
1425 4178 1550 4228 ’Ὀτε
1582 4193 1750 4247 προσ-

206 4263 366 4330 ἦλθες
390 4263 765 4332 βαπτισθῆναι,
823 4264 876 4316 τί
922 4261 1105 4328 εἷπες;
1141 4265 1337 4334 ζητῶν,
1371 4266 1752 4336 πολυπραγμο-

207 4349 352 4400 νείαν
384 4347 617 4417 ἐρευνῶν
675 4361 723 4411 ι,
761 4349 794 4418 ἢ
840 4353 1135 4416 πιστεύων;
1200 4352 1404 4414 ¹Ἄλλως
1437 4349 1615 4422 ἦλθες,
1662 4353 1754 4405 καὶ

210 4436 346 4504 μετά
373 4437 544 4490 ἄλλων
576 4439 854 4508 συνθηκῶν
877 4441 1214 4512 κατηξιώθης
1237 4442 1334 4512 τῆς
1365 4442 1580 4512 χάριτος
1613 4442 1753 4494 ἐκεί-

208 4539 321 4590 νης.
364 4523 430 4573 Et
455 4539 517 4589 γε
551 4525 876 4592 κατηξίωσαι
921 4529 1136 4581 τοιαῦτα
1175 4532 1402 4599 φρονῶν,
1458 4531 1551 4583 καὶ
1611 4547 1752 4599 παρ-

211 4612 538 4681 εσπόνδησας
566 4613 660 4673 τὰς
688 4615 971 4684 συνθήκας,
1004 4618 1096 4669 καὶ
1122 4620 1211 4669 ἐπὶ
1251 4619 1347 4686 μὲν
1379 4619 1484 4670 τῶν
1513 4619 1752 4688 φοϐερῶν

209 4703 298 4753 καὶ
334 4703 570 4770 φρικτῶν
596 4705 899 4773 μυστηρίων
925 4707 1018 4774 τὴν
1053 4708 1230 4759 πίστιν
1257 4709 1619 4776 προσήγαγες,
1652 4709 1752 4771 ἔξω

209 4792 260 4842 δὲ
279 4792 382 4842 τῶν
407 4793 713 4862 μυστηρίων
733 4795 1036 4863 γενόμενος,
1056 4798 1408 4867 περιγράφεις
1428 4799 1527 4868 τὴν
1554 4800 1750 4862 πίστιν,

209 4880 300 4930 καὶ
322 4880 646 4948 προσφέρεις
678 4881 917 4950 ζήτησιν.

277 5039 344 5098 γ’,
387 5030 524 5081 Ἀλλ’
552 5031 651 5098 ὅρα
681 5030 728 5081 τί
755 5049 914 5100 φησιν
940 5035 968 5085 ὁ
1003 5035 1188 5104 ἐχθρὸς
1216 5036 1316 5104 τῆς
1364 5037 1634 5103 ἀληθείας.
1664 5038 1753 5105 Μὴ

211 5122 314 5190 γὰρ
340 5120 521 5190 ἀργῶς
559 5121 687 5189 ἡμῖν
718 5121 745 5171 ὁ
770 5121 897 5182 Θεὸς
942 5123 1135 5176 δέδωκε
1177 5126 1497 5195 λογισμούς;
1547 5126 1617 5194 μὴ
1647 5127 1752 5194 γὰρ

211 5210 393 5271 ἁπλῶς
424 5211 721 5278 εἰλήφαμεν
754 5210 844 5262 τοῦ
880 5211 967 5262 νοῦ
997 5213 1054 5264 τὸ
1083 5217 1398 5285 κριτήριον;
1427 5219 1515 5268 Δεῖ
1547 5218 1638 5267 καὶ
1670 5217 1755 5266 λο-

211 5302 423 5365 γισμοῖς
454 5300 676 5368 ἐρευνᾷν
702 5298 797 5368 τὴν
818 5296 1013 5363 πίστιν,
1035 5303 1126 5353 καὶ
1150 5304 1222 5372 μὴ
1249 5304 1596 5367 ἀνεξέταστον
1618 5301 1752 5356 εἶναι

210 5387 306 5457 τὴν
339 5388 636 5442 εὐσέϐειαν.
685 5389 894 5450 Καλῶς.
957 5390 1112 5443 Ἀλλά
1161 5392 1258 5459 τῆς
1296 5393 1590 5456 ἐξετάσεως
1633 5396 1756 5463 ὅρον

273 5617 296 5644 ⁸
327 5613 474 5662 Forte
494 5615 906 5675 πολυπραγμονῶν,
932 5617 1138 5677 ἐρευνῶν.
1161 5619 1392 5669 Comum.

1146 362 1212 418 IN
1251 364 1474 430 ILLUD,
1517 365 1580 420 IN
1619 362 1756 430 QUA
1799 362 2218 430 POTESTATE,
2260 363 2409 419 ETC.

3286 379 3398 435 416

1841 468 1980 524 εἶναι
2015 470 2134 542 [δεῖ]
2161 471 2228 524 τά
2256 471 2371 525 θεῖα
2404 472 2576 540 λόγια,
2608 475 2700 525 καὶ
2736 474 2861 535 τούς
2903 475 3031 545 παρ’
3062 473 3222 528 αὑτοῦ
3262 477 3393 546 ἡμῖν

1837 569 2083 630 δοθέντας
2107 569 2206 637 τῆς
2232 570 2508 633 εὐσεϐείας
2533 571 2778 634 κανόνας.
2820 574 2891 625 Σὺ
2929 572 2985 624 δέ
3009 574 3131 636 τοὺς
3160 577 3389 642 κανόνας

1839 661 2195 730 ὑπερϐαίνων,
2228 663 2288 714 οὑ
2313 666 2537 732 στοιχεῖς
2565 667 2684 726 ταῖς
2726 667 3098 731 θεοπνεύστοις
3125 671 3388 739 Γραφαῖς,

1840 753 1972 806 ἀλλά
2003 755 2472 825 πολυπραγμονεῖς
2511 758 2578 811 τά
2615 758 2748 819 θεῖα,
2780 760 2873 812 καὶ
2901 760 3103 828 βιάζεις
3130 763 3229 834 τὴν
3262 765 3391 835 ἀλή-

1841 846 2010 908 θειαν,
2045 848 2137 899 καὶ¹
2166 849 2434 917 πανταχοῦ
2466 849 2712 912 σπεύδεις
2746 853 2836 903 καὶ
2867 853 3138 923 λογισμῶν
3164 857 3388 926 ἀνωμα-

1839 939 1930 1010 λίᾳ
1960 940 2154 1009 μᾶλλον
2185 942 2563 1011 ἀκολουθῆσαι,
2595 943 2627 1012 ἢ
2654 945 2830 996 πίστει
2861 947 3157 1012 δουλεῦσαι,
3203 950 3389 1019 ὥσπερ

1838 1035 1943 1087 τῶν
1963 1035 2132 1088 ἄλλων
2158 1037 2494 1106 κατειληφὼς
2539 1038 2636 1108 τὴν
2669 1041 2881 1109 πεῖραν,
2914 1041 2946 1110 ἢ
2980 1041 3085 1094 τῶν
3126 1044 3298 1098 ἀλλων
3330 1047 3388 1099 ἐν

1840 1127 2002 1197 πείρᾳ
2049 1129 2332 1196 γενόμενος
2383 1131 2489 1182 τῶν
2519 1132 2827 1200 ὁρωμένων.
2885 1135 3231 1202 Ἀπάγγειλόν
3277 1155 3385 1206 μοι,

1839 1220 2110 1290 λογισμῶν
2138 1223 2422 1294 ἀκολουθίᾳ
2454 1227 2811 1295 χρησάμενος,
2848 1229 2960 1291 πῶς
2987 1231 3211 1299 ἕστηκεν
3240 1234 3268 1283 ὁ
3295 1233 3385 1285 οὑ-

1843 1313 2014 1382 ρανὸς,
2047 1315 2127 1376 είς
2157 1317 2404 1369 τοσοῦτον
2430 1318 2559 1387 ὕψος
2593 1319 2990 1390 κοιλαινὸμενος
3015 1323 3252 1393 ἄπειρον,
3294 1327 3386 1378 καὶ

1843 1403 2004 1471 μηδὲν
2042 1407 2098 1456 ἐν
2123 1406 2355 1477 τοσαύτῃ
2383 1414 2691 1480 περιγραφῇ
2715 1412 2772 1464 τὸ
2793 1412 3068 1483 ὑπερεῖδον
3096 1416 3248 1489 ἔχων,
3273 1417 3387 1480 πῶς

1843 1497 2090 1566 ἔστηκεν,
2121 1499 2224 1551 τίνι
2253 1498 2591 1567 βαστάζεται,
2631 1504 2769 1564 τίνες
2795 1508 2848 1557 αἱ
2894 1510 3148 1578 κρηπῖδες
3197 1511 3278 1577 ἐφ’
3311 1504 3387 1563 ὧν

1840 1595 2197 1665 ἐστήρικται;
2233 1598 2347 1661 πῶς
2387 1600 2443 1651 ἐν
2496 1600 2729 1672 τοσούτῳ
2779 1605 2951 1674 χρόνῳ
2998 1607 3056 1657 οὑ
3106 1607 3286 1661 λύεται
3325 1610 3386 1661 τὸ

1839 1689 2048 1753 κάλλος,
2082 1692 2180 1743 οὐκ
2207 1691 2574 1764 ἀφανίζεταιή
2609 1695 2876 1764 ἀρμονία;
2917 1701 3096 1765 Δεῖξον
3132 1703 3254 1765 τούς
3287 1704 3386 1772 βα-

1841 1786 2126 1850 στάζοντας
2156 1789 2353 1855 κίονας,
2388 1788 2534 1862 [422]
2586 1791 2753 1858 δεῖξον
2798 1796 2894 1865 τήν
2947 1797 3255 1868 ὑποϐάθραν
3287 1801 3388 1871 τὴν

1837 1885 2104 1949 τοσούτοις
2131 1888 2308 1955 ὃγκοις
2333 1891 2709 1960 ὑποκειμένην.
2745 1895 2808 1945 Τί
2835 1895 2888 1946 δὲ
2931 1895 3038 1965 ἐρῶ
3070 1899 3197 1968 περὶ
3225 1900 3387 1968 οὐρα-

1838 1975 1948 2039 νοῦ,
1977 1977 2066 2028 καὶ
2087 1977 2146 2028 οὐ
2179 1980 2302 2048 περὶ
2336 1979 2438 2048 γῆς
2468 1981 2534 2049 ἣν
2577 1982 2762 2045 πατῶ;
2790 1985 3014 2053 Πρῶτον
3055 1988 3385 2058 ἐρμήνευσὸν

1842 2082 1930 2132 μοι
1957 2065 2055 2133 τῆς
2085 2069 2182 2135 γῆς
2222 2069 2317 2138 τὴν
2339 2070 2685 2123 κατάστασιν.
2726 2073 2844 2125 Ὅτι
2874 2076 2971 2143 μὲν
3011 2076 3117 2147 γὰρ
3149 2079 3239 2130 ἐπὶ
3265 2078 3388 2130 ὑδά-

1840 2168 1946 2204 των
1973 2152 2373 2223 τεθεμελίωται,
2395 2159 2550 2210 τοῦτο
2573 2160 2724 2227 κάγὼ
2755 2163 3076 2232 παρέλαϐον,
3109 2167 3200 2218 καὶ
3228 2168 3386 2231 αὐτὸς

1839 2243 2137 2309 ὁμολογεῖς.
2173 2245 2292 2308 Πῶς
2321 2246 2377 2298 δὲ
2405 2249 2618 2300 ἐπὶτῶν
2639 2250 2838 2302 ὑδάτων
2863 2253 3194 2322 ἐστήρικται,
3223 2258 3389 2325 ἐρμή-

1838 2347 2043 2383 νευσον.
2069 2333 2156 2401 Μὴ
2193 2333 2374 2395 ἁπλῶς
2411 2336 2772 2408 ἀκολουθήσῃς
2801 2339 2875 2408 τῷ
2903 2339 3060 2409 λόγῳ,
3098 2343 3228 2394 ἀλλά
3252 2343 3389 2410 λογι-

1841 2419 1974 2486 σμὸν
2005 2419 2197 2479 ἀπόδος
2217 2419 2321 2471 τῶν
2359 2421 2698 2490 ζητουμένων
2721 2439 2735 2451 '
2768 2424 2882 2486 πῶς
2908 2426 3004 2494 δρη
3043 2427 3274 2480 τοσαῦτα
3296 2430 3385 2480 καὶ

1837 2504 2152 2574 τηλικαῦτα,
2187 2507 2278 2556 καὶ
2325 2506 2501 2574 βουνοὶ
2527 2509 2620 2561 καὶ
2648 2511 2895 2574 πεδιάδες
2922 2515 3013 2565 ἐπὶ⁸
3064 2515 3265 2568 ὑδάτων
3295 2519 3388 2584 φέ-

1841 2610 2055 2663 ρονται;
2089 2593 2221 2645 Εἱπέ
2248 2595 2360 2657 πῶς
2391 2597 2422 2664 ή
2454 2596 2693 2651 θάλασσα
2719 2599 3040 2670 ἀφώρισταιο
3075 2605 3189 2656 εξπέ
3216 2605 3330 2667 πῶς
3351 2608 3384 2675 ἡ

1838 2683 2105 2744 τοσούτοις
2166 2686 2456 2755 μαινομένη
2503 2687 2704 2755 κύμασι
2755 2691 2847 2741 καὶ
2886 2691 2964 2752 είς
3007 2691 3137 2760 ὑψος
3169 2696 3388 2764 ἄπειρον

1840 2773 2233 2841 κορυφουμένη,
2266 2775 2479 2828 ἐπειδὰν
2508 2778 2778 2848 πλησιάσῃ
2832 2782 2896 2848 τῇ
2925 2781 3152 2851 ψάμμῳ,
3183 2783 3385 2844 λύεται,

1841 2862 2062 2914 αἰδεῖται
2089 2862 2178 2914 τὸν
2209 2865 2330 2932 ὅρον
2366 2865 2459 2917 τοῦ
2486 2867 2791 2935 νομοθέτου.
2828 2870 3206 2941 Ἐρμήνευσον,
3236 2875 3386 2926 ἀδελ-

1842 2951 1928 3017 φὲ,
1965 2952 2078 3013 πῶς
2112 2954 2233 3021 μιᾶς
2275 2953 2376 3021 γῆς
2409 2953 2590 3024 οὔσης,
2640 2960 2764 3025 μιᾶς
2806 2961 3040 3030 μητρὸς,
3073 2961 3298 3033 διάφορα
3323 2966 3390 3017 τά

1844 3037 2221 3107 βλαστήματα,
2258 3042 2416 3093 πόθεν
2445 3045 2499 3094 αί
2556 3047 2747 3113 πικραὶ
2775 3048 2937 3115 ῥίζαι,
2969 3049 3128 3100 πόθεν
3170 3052 3225 3102 αἱ
3261 3051 3389 3116 γλυ-

1841 3131 2002 3185 κεῖαι.
2037 3128 2194 3179 πόθεν
2218 3129 2325 3180 τῶν
2371 3131 2592 3200 καρπῶν
2629 3135 2684 3184 αί
2717 3134 2984 3204 διαφοραί.
3019 3139 3129 3189 Μία
3156 3139 3224 3208 γῆ
3259 3139 3386 3207 βλα-

1843 3217 2120 3278 στάνουσα,
2148 3212 2226 3280 εἷς
2273 3219 2471 3288 δμϐρος
2500 3222 2527 3272 ὁ
2569 3221 2794 3290 τρέφων,
2858 3224 3018 3275 πόθεν
3049 3226 3079 3293 ή
3122 3226 3390 3295 διαφορά;

1854 3305 2209 3374 Ἑρμήνευσον
2240 3308 2396 3358 πόθεν
2424 3310 2674 3377 προῖεσαν
2709 3312 2763 3361 αἱ
2799 3314 2990 3379 πηγαὶ,
3016 3315 3109 3366 καὶ
3139 3318 3200 3366 ἐκ
3223 3317 3390 3370 ποίων

1845 3394 2090 3446 ἀϐύσσων
2110 3433 2124 3456 ,
2150 3394 2264 3456 πῶς
2289 3395 2456 3448 ταῦτα
2477 3397 2693 3449 δυνατὸν
2725 3402 3065 3458 καταλαϐεῖν.
3109 3405 3243 3457 Ἀλλ’
3265 3409 3390 3462 ὅταν

1849 3483 1971 3550 περὶ
2000 3482 2166 3534 ταῦτα
2198 3484 2575 3554 ἀπορήσωμεν,
2605 3486 2795 3556 ἔχομεν
2828 3490 2952 3557 μίαν
2977 3492 3148 3561 ἀληθῆ
3187 3497 3276 3548 καὶ
3301 3499 3391 3549 εὐ-

1849 3571 1976 3637 σεϐῆ
2032 3571 2137 3622 τῶν
2172 3574 2553 3642 ἀπορουμένων
2585 3574 2680 3645 τὴν
2729 3577 2898 3633 λύσιν.
2927 3581 3030 3632 Καὶ
3061 3585 3089 3634 ὁ
3127 3588 3390 3654 μακάριος

1848 3661 2004 3713 Δαυῖδ
2031 3661 2362 3730 ἐμελῴδησεν
2393 3658 2492 3716 ὧδέ
2523 3682 2596 3734 πη
2619 3666 2789 3732 λέγων
2810 3685 2822 3696 ·
2859 3669 2984 3722 Ὀτι
3029 3673 3207 3738 εὐθὺς
3232 3679 3265 3728 ὁ
3290 3678 3395 3728 λό-

1848 3767 1949 3817 γος
1972 3751 2075 3802 τοῦ
2100 3753 2334 3818 Κυρίου,
2362 3754 2456 3805 καὶ
2503 3755 2694 3807 πάντα
2719 3758 2787 3809 τὰ
2826 3759 2966 3826 ἔργα
2999 3763 3178 3814 αὑτοῦ
3200 3763 3267 3816 ἐν
3298 3767 3393 3818 πί-

1849 3856 1995 3892 στει.
2029 3841 2107 3892 Τά
2150 3841 2281 3911 ἔργα
2330 3843 2454 3895 ἀνευ
2489 3845 2716 3908 πίστεως
2755 3847 2853 3898 οὐκ
2910 3848 3020 3900 ἐστι
3053 3852 3392 3916 καταλαϐεῖν,

1850 3929 1943 3979 καὶ
1971 3929 2099 3980 Θεὸν
2127 3929 2251 3980 ἀνευ
2276 3934 2505 3992 πίστεως
2529 3935 2704 4001 εὑρεῖν
2728 3936 2946 3987 δυνατόν
2967 3953 2980 3995 ;
3011 3938 3087 3989 Τὰ
3114 3939 3246 4008 ἔργα
3265 3940 3391 3993 ἄνευ

1851 4016 2098 4079 πίστεως,
2133 4018 2226 4069 καὶ
2246 4019 2273 4068 ὀ
2298 4019 2420 4082 Υἱὸς
2450 4021 2506 4070 ἐν
2535 4022 2830 4087 ἀποδείξεις
2872 4026 2995 4078 Ὅτι
3024 4027 3200 4092 εὐθὺς
3225 4033 3257 4082 d
3290 4032 3393 4083 Jd~

1852 4123 1954 4173 γος
1975 4106 2076 4158 τοῦ
2105 4108 2340 4172 Κυρίου,
2366 4108 2459 4160 καί
2494 4109 2685 4163 πάντα
2724 4113 2794 4165 τὰ
2822 4113 2964 4182 ἔργα
2995 4119 3176 4171 αὐτοῦ
3198 4118 3267 4172 ἐν
3297 4121 3394 4172 πίε

1853 4215 1998 4252 στει.
2036 4199 2191 4251 Ἀλλά
2218 4201 2321 4268 γὰρ
2358 4202 2480 4263 τούς
2510 4202 2733 4273 ἐχθροὺς
2775 4206 2871 4275 τῆς
2893 4208 3145 4276 ἀληθείας
3169 4212 3399 4280 ἀφέντες

1855 4291 2029 4359 ἡμεῖς,
2061 4290 2151 4341 ἐπὶ
2176 4290 2271 4359 τὴν
2325 4291 2448 4360 ὑγιῆ
2490 4294 2581 4345 καὶ
2617 4296 2826 4364 ἀσφαλῆ
2874 4298 2969 4368 τῆς
3015 4301 3243 4364 πίστεως
3274 4303 3390 4373 (sic)

1855 4380 2248 4448 ἐπανέλθωμεν,
2275 4382 2364 4434 καὶ
2385 4382 2642 4451 δείξωμεν
2660 4386 2746 4437 τὸν
2766 4389 2963 4442 κανόνα
2977 4393 3074 4460 τῆς
3103 4392 3397 4457 εὐσεϐείας,

1853 4471 1920 4523 δι’
1949 4470 2112 4538 αὐτῆς
2135 4470 2231 4538 τῆς
2252 4470 2507 4540 ἀληθείας
2533 4473 2895 4544 ἐκλάμποντα.
2917 4479 3101 4541 Οὐδεὶς
3126 4482 3397 4543 Μωῦσέως

1855 4561 1910 4611 ἐν
1939 4560 2045 4619 τοῖς
2065 4559 2304 4626 ἀρχαίοις
2325 4557 2777 4631 ἀξιοπιστότερος,
2797 4564 2967 4624 οὐδεὶς
2986 4565 3192 4619 Παύλου
3213 4567 3268 4616 ἐν
3287 4569 3397 4629 τοῖς

1854 4648 1992 4707 νέοις
2028 4646 2340 4717 σοφώτερος.
2396 4649 2711 4718 Ἐρεύνησον
2739 4651 2834 4720 τήν
2864 4652 3089 4704 παλαιὰν
3130 4656 3398 4707 κατάστα-

1858 4752 1958 4799 σιν,
1987 4737 2078 4787 καὶ
2105 4737 2375 4800 Μωῦσέως
2396 4739 2581 4790 οὐδένα
2611 4740 2824 4806 μείζονα
2856 4740 3104 4808 εὑρήσεις
3127 4758 3139 4771 ο
3169 4746 3400 4811 Ἔγνων

1854 4825 1960 4893 γάρ
1989 4842 2080 4886 σε,
2107 4825 2201 4876 καί
2221 4822 2390 4890 εὗρες
2410 4826 2581 4890 χάριν
2601 4827 2756 4892 παρὰ
2780 4826 3024 4892 πάντας.
3053 4831 3234 4894 Οὐδεὶς
3259 4835 3400 4886 Παύ-

1857 4915 1948 4965 λου
1974 4917 2028 4964 ὲν
2054 4917 2117 4981 τῇ
2151 4914 2261 4981 Νέᾳ
2292 4914 2614 4982 τελειότερος
2637 4930 2649 4944 ·
2682 4915 2901 4980 Σκεῦος
2918 4917 3024 4985 γάρ
3050 4920 3218 4972 ἐστιν
3231 4922 3400 4975 ἐκλο-

1859 5001 1985 5068 τῆς,
2021 5003 2110 5050 καὶ
2139 5000 2394 5054 λαλοῦντα
2423 5001 2557 5070 ἔχων
2586 5005 2642 5054 ἐν
2691 5005 2864 5073 ἐαυτῷ
2889 5005 2978 5058 τὸν
3028 5009 3275 5077 Χριστόν.
3311 5013 3402 5081 Μή

1858 5088 2095 5156 ὑπερϐῇς
2126 5089 2246 5150 τοὺς
2275 5089 2364 5140 τοῦ
2404 5092 2679 5154 Μωῦσέως
2726 5095 2881 5163 ὄρους
2925 5097 3016 5146 καὶ
3043 5098 3134 5149 τοῦ
3165 5100 3398 5153 Παύλου.

1857 5177 1919 5227 Τί
1952 5173 2072 5242 εὗρε
2111 5176 2345 5246 Μωὺσῆς
2373 5219 2386 5240 ,
2427 5182 2722 5251 κατάληψιν
2757 5185 2959 5245 οὐσίας,
2989 5187 3021 5254 ἢ
3049 5187 3202 5252 δόξαν
3235 5188 3401 5250 Θεοῦ;

1857 5265 2108 5332 Μωῦσῆς,
2144 5265 2377 5332 ἀδελφοὶ,
2411 5263 2570 5337 ἦλθεν
2599 5273 2677 5332 είς
2710 5270 3002 5340 ἐπιθυμίαν
3029 5274 3181 5338 Θεοῦ,
3205 5275 3278 5336 ὡς
3311 5275 3403 5326 ἄν·

1861 5355 2072 5423 θρωπος
2104 5354 2363 5421 φιλόθεος,
2395 5358 2485 5408 καὶ
2507 5359 2734 5427 ἠγνόησε
2768 5362 2882 5429 μὲν,
2903 5362 3253 5415 ὅτιάδύνατον
3307 5365 3404 5415 ἐπ’

1859 5444 2071 5511 εθύμει’
2107 5446 2253 5514 ὅμως
2274 5446 2328 5498 δὲ
2357 5447 2422 5498 δι’
2460 5442 2532 5500 ὦν
2566 5449 2762 5519 ᾔτησεν
2790 5452 2877 5504 τὸν
2911 5453 3058 5514 Θεὸν,
3094 5453 3305 5517 ἔδειξεν.
3338 5455 3405 5508 Τί

1861 5535 1964 5603 γάρ
1989 5552 2149 5603 φησι;
2174 5537 2399 5605 Δέομαι,
2426 5540 2613 5606 Κύριε,
2643 5543 2692 5593 εἰ
2710 5541 2927 5608 εὕρηκα
2957 5540 3129 5607 χάριν
3151 5542 3404 5596 ἐνώπιόν

1868 5638 1999 5690 σου,
2050 5625 2332 5692 τνωστῶς
2385 5627 2486 5679 ῖδω
2533 5644 2628 5692 σε,
2669 5629 2995 5696 ἐμφάνισόν
3018 5647 3116 5697 μοι
3154 5634 3398 5687 σαυτόν.
