3996 6440
570 398 682 453 417

592 497 837 564 Ἀδελφδς
859 493 924 568 ἦν
945 491 1092 563 οὗτος
1117 501 1208 553 τοῦ
1230 502 1490 555 Φιλίππου
1510 502 1601 554 τοῦ
1621 503 1862 570 λέγοντος
1887 517 1900 530 ·
1926 501 2128 564 Δεῖξον

578 598 723 666 ἡμῖν
740 602 842 652 τὸν
867 602 1110 667 Πατέρα,
1137 604 1232 655 καὶ
1259 604 1428 668 ἀρκεῖ
1447 605 1607 672 ἡμῖν.
1643 606 1830 674 Κύριε,
1859 606 1920 656 σὺ
1951 601 2127 666 εἶπας,

581 703 659 753 ὃτι
711 700 894 768 Εὖρες
943 705 1112 770 χάριν
1159 706 1411 758 ἐνώπιόν
1467 725 1607 773 μου,
1668 707 1999 774 ὲμφάνισόν
2033 724 2131 774 μοι

582 806 857 866 σεαυτὸν,
881 805 1036 869 ὅπως
1063 806 1337 873 ιγνωστῶς
1364 808 1464 858 ἴδω
1493 823 1583 860 σε.
1620 804 1734 859 Εἷδε
1769 809 1863 876 μὲν
1899 809 2004 878 γὰρ
2039 809 2133 860 αὑ-

582 905 672 955 τὸν
702 906 791 956 καὶ
820 907 908 956 ἐπὶ
936 909 1030 975 τῆς
1071 908 1248 975 βάτου,
1284 904 1418 960 εἶδεν
1447 910 1604 962 αὐτὸν
1639 911 1730 962 καὶ
1762 911 1824 961 ἐκ
1852 910 1942 962 τοῦ
1977 911 2132 979 ὅρους

584 1007 733 1070 Σινά,
754 1005 886 1058 εἶδεν
910 1009 1068 1060 αὑτὸν
1095 1011 1186 1061 καὶ
1208 1011 1269 1061 ἐκ
1290 1011 1556 1079 διαφόρων
1584 1011 1910 1078 ἐπιφανέντα
1935 1012 2129 1077 τόπων,

586 1111 678 1160 καὶ
709 1110 973 1180 διαφόρως
1009 1114 1106 1182 τὴν
1156 1115 1470 1181 ἐπιφάνειαν
1529 1114 1688 1166 αὑτοῦ
1723 1114 2086 1182 ἐνδειξάμενον
2110 1132 2124 1146 ο

587 1214 699 1265 ἀλλ’
728 1217 754 1266 6
783 1218 1046 1285 μακάριος
1075 1221 1275 1280 ἐκεῖνος
1308 1219 1544 1286 Μωῦσῆς
1599 1220 1756 1271 αὑτὸν
1793 1220 1915 1272 ίδεῖν
1953 1220 2133 1272 ἐπόθει

585 1319 684 1385 τῆς
723 1317 934 1384 φύσεως
959 1320 1047 1370 τὸν
1076 1324 1419 1390 χαρακτῆρα’
1465 1321 1745 1388 ἄνθρωπος
1789 1319 1883 1386 ὢν,
1927 1320 2127 1390 ἀνθρώ-

588 1435 716 1469 πινα
745 1420 867 1486 περὶ
896 1421 990 1487 τῆς
1017 1420 1377 1490 ὑπερκοσμίου
1401 1422 1676 1491 δυνάμεως
1703 1422 2042 1488 ἐφαντάζετο.
2079 1423 2134 1473 ὐ

588 1521 643 1572 δὲ
680 1519 808 1581 Θεὸς
832 1517 921 1570 τὸν
949 1523 1047 1591 μὲν
1083 1522 1228 1592 [425]
1267 1523 1430 1574 πόθον
1465 1523 1557 1575 τοῦ
1588 1523 1774 1574 πιστοῦ
1815 1524 2135 1592 θεράποντος

590 1620 827 1682 ἐδέξατο·
880 1623 1054 1674 πείθει
1104 1623 1198 1692 τὴν
1228 1625 1566 1694 ἀνθρωπίνην
1601 1625 1773 1692 ὄρεξιν
1806 1626 1910 1676 τῶν
1937 1626 2133 1678 ἀδυνά-

587 1737 694 1772 των
716 1722 1097 1789 ἐπιθυμοῦσαν.
1131 1723 1194 1773 Τί
1223 1723 1328 1792 γάρ
1372 1740 1502 1792 φησι
1535 1724 1666 1793 πρὸς
1711 1725 1899 1788 αὑτόν;
1935 1725 2137 1789 Οὐδεὶς

590 1817 796 1885 ὄψεται
831 1821 895 1873 τὸ
924 1824 1242 1888 πρόσωπόν
1265 1840 1383 1890 μου
1404 1863 1418 1887 ,
1453 1824 1549 1874 καὶ
1584 1821 1835 1888 ζήσεται.
1869 1825 1941 1875 Οὑ
1975 1827 2138 1891 χωρεῖ

590 1920 915 1988 ποθούμενον
962 1922 993 1989 ἡ
1050 1921 1155 1972 τῶν
1206 1922 1506 1974 ποθούντων
1568 1922 1819 1991 δύναμις,
1876 1923 1935 1973 οὐ
1986 1923 2136 1992 φέρει

592 2020 756 2088 θνητὴ
783 2021 900 2087 ὄψις
924 2021 1019 2090 τὴν
1045 2021 1304 2074 ἀθάνατον
1339 2022 1516 2089 φύσιν.
1543 2023 1606 2073 Τί
1639 2019 1730 2074 οὖν
1749 2064 1762 2084 ,
1799 2016 1842 2074 ὦ
1877 2021 2136 2083 Δέσποτα,

592 2120 1016 2188 καταλιμπάνεις
1049 2119 1137 2170 τὸν
1186 2119 1345 2170 πόθον
1393 2119 1838 2188 ἀπαραμύθητον,
1893 2121 2138 2171 κα.ὶοὺδέ

593 2217 748 2268 σκιὰν
781 2216 1033 2285 παρέχεις
1067 2217 1164 2284 τῆς
1185 2215 1474 2284 ἐπιθυμίας
1505 2216 1578 2284 τῷ
1613 2215 1993 2284 φανταζομένῳ
2020 2232 2140 2267 τοσ-

592 2316 744 2368 οῦτον
779 2315 937 2366 πόθον
964 2333 978 2381 ;
1008 2314 1167 2366 Ὅθεν
1195 2315 1362 2385 φησί·
1414 2314 1613 2382 Τίθημί
1653 2328 1725 2367 σε
1762 2318 1848 2379 εις
1885 2315 1997 2383 τὴν
2036 2315 2140 2366 πέ-

593 2430 758 2482 τραν,
785 2414 877 2465 καί
905 2412 1174 2471 σκεπὰζω
1199 2411 1272 2479 τῇ
1290 2413 1441 2480 χειρί
1455 2430 1574 2480 μου
1594 2430 1607 2443 ·
1629 2413 1724 2465 καὶ
1749 2413 1818 2465 ἐν
1835 2412 1912 2476 τῷ
1937 2413 2140 2480 παρέρ-

594 2518 800 2580 χεσθαι
827 2512 937 2579 τὴν
970 2512 1156 2576 δόξαν
1181 2530 1296 2580 μου
1321 2513 1439 2580 ὄψῃ
1471 2513 1541 2564 τὰ
1570 2514 1828 2576 ὀπίσθια,
1858 2513 1929 2565 τὰ
1955 2513 2020 2564 δὲ
2043 2513 2142 2580 ἐμ-

593 2613 850 2679 πρόσθια
867 2613 975 2664 οὐκ
1009 2611 1149 2679 ὄψῃ.
1191 2614 1290 2664 Ἐν
1309 2611 1386 2676 τῷ
1406 2613 1818 2680 παρέρχεσθαι,
1847 2615 1946 2666 οὑκ
1967 2610 2137 2676 εἶπεν,

595 2711 746 2780 Ἐμὲ,
775 2710 925 2773 ἀλλὰ,
951 2711 1064 2777 Τὴν
1085 2711 1268 2774 δόξαν
1283 2728 1418 2778 μου·
1440 2712 1496 2762 οὑ
1521 2712 1624 2782 γὰρ
1645 2712 1807 2777 ἔστιν,
1837 2713 2142 2782 ὑπερϐάντα

595 2805 691 2874 τὴν
725 2805 898 2868 δόξαν,
930 2804 1110 2855 οὐσίαν
1143 2805 1336 2873 εὑρεῖν.
1378 2805 1612 2873 Μωῦσῆς
1645 2806 1793 2856 οὐδὲν
1830 2800 1953 2876 εὗρε
1985 2807 2142 2857 πλέον

595 2900 772 2967 δόξης,
804 2899 896 2950 καὶ
926 2899 1121 2966 ταύτην
1152 2899 1247 2950 οῦκ
1282 2894 1416 2949 εἶδεν
1446 2901 1522 2960 εἰς
1561 2899 1866 2969 ὁλόκληρον,
1911 2901 2042 2951 ἀλλά
2075 2902 2142 2953 τὰ

598 2996 739 3047 νῶτα
758 3012 770 3023 ·
798 2996 895 3046 οὐκ
927 2993 1106 3062 ἐπειδὴ
1129 2993 1312 3056 νώτοις
1338 2995 1426 3046 καὶ
1450 2993 1668 3062 στήθεσι
1696 2995 2083 3065 διαγέγραπται
2109 2999 2140 3065 ὴ

600 3090 716 3141 θεία
743 3090 897 3157 φύσις
914 3107 926 3119 °
951 3090 1090 3157 ἁπλῆ
1117 3090 1222 3156 γάρ
1247 3090 1358 3140 ἐστι
1386 3090 1478 3140 καὶ
1499 3089 1806 3150 ἀσύνθετος·
1835 3091 1943 3141 ἀλλ’
1962 3091 2143 3159 ἐπειδὴ

597 3187 626 3237 ὁ
651 3184 778 3245 Θεὸς
807 3184 991 3235 ἑαυτὸν
1012 3183 1149 3235 οὕτω
1176 3183 1446 3252 γνωρίζει,
1474 3185 1530 3236 οὑ
1560 3187 1698 3236 κατὰ
1726 3183 1822 3253 τὴν
1853 3185 1994 3253 αὑτῷ
2022 3186 2146 3254 πρέ-

600 3295 803 3331 πουσαν
829 3278 1002 3340 ἀξίαν,
1025 3277 1156 3329 ἀλλὰ
1185 3279 1320 3329 κατά
1345 3279 1439 3346 τὴν
1468 3278 1688 3348 δύναμιν
1713 3279 1816 3331 τῶν
1853 3280 2144 3348 μελλόντων

600 3373 884 3426 ἀπολαύειν
909 3375 1003 3442 τῆς
1028 3374 1218 3440 ὅψεως.
1250 3375 1481 3441 Μωὺσῆς
1509 3373 1662 3435 δόξαν
1691 3374 1909 3440 ἔφθασε,
1940 3376 2028 3426 καὶ
2051 3375 2146 3444 τὴν

597 3466 753 3529 δόξαν
777 3468 872 3534 οὑχ
900 3466 1157 3534 ὑπερέϐη.
1178 3467 1283 3515 Καὶ
1308 3466 1390 3527 σὺ,
1417 3467 1673 3532 αἰρετικὲ,
1699 3468 1795 3532 τὴν
1818 3467 1971 3528 δόξαν
1993 3467 2148 3534 ὑπερ-

602 3561 720 3623 ϐὰς,
742 3562 924 3611 οὐσίαν
948 3561 1079 3612 Θεοῦ
1107 3560 1572 3628 πολυπραγμονεῖς
1596 3581 1609 3622 ;
1649 3561 1924 3627 Ἐλθωμεν
1946 3563 2036 3613 καὶ
2057 3562 2147 3613 ἐπὶ

601 3655 692 3707 τὸν
723 3655 982 3723 μακάριον
1001 3654 1225 3705 Παῦλον.
1258 3653 1464 3715 Παῦλος
1491 3657 1546 3704 ὲν
1573 3657 1636 3723 τῇ
1659 3655 1769 3724 Νέᾳ
1786 3656 2144 3716 Καταστάσει,

604 3750 841 3816 ἐγκύψας
894 3751 1137 3818 μερικαῖς
1179 3765 1314 3799 τισιν
1357 3749 1680 3814 οἰκονομίαις
1715 3748 1805 3799 τοῦ
1859 3749 2012 3806 Θεοῦ.
2057 3750 2148 3801 καὶ

605 3846 789 3914 ῶσπερ
820 3844 1117 3910 ἰλιγγιάσας
1148 3843 1214 3894 τὰ
1241 3841 1374 3910 βάθη
1405 3843 1503 3910 τῆς
1531 3842 1755 3906 ἐννοίας,
1779 3843 1874 3912 τὴν
1910 3844 2148 3913 μεγάλην

607 3941 816 4010 ἐκείνην
858 3940 951 3991 καὶ
994 3937 1305 4006 ἐκπλήξεως
1337 3938 1608 4006 γέμουσαν
1649 3937 1905 4007 ἀνεϐόησε
1936 3941 2146 4007 φωνὴν,

606 4032 707 4090 ὧδέ
764 4054 837 4106 πη
885 4035 1088 4101 λέγων·
1130 4031 1196 4086 Ὦ
1237 4035 1427 4098 ,βάθος
1476 4035 1739 4085 πλούτου
1787 4037 2004 4100 σοφίας
2051 4036 2148 4089 καὶ

607 4137 876 4206 γνώσεως
907 4129 1050 4187 Θεοῦ
1065 4134 1084 4184 .'
1112 4135 1188 4197 ὡς
1219 4133 1648 4200 ἀνεξερεύνητα
1679 4133 1749 4185 τὰ
1782 4136 2028 4202 κρίματα
2048 4138 2150 4189 αὑ-

606 4236 730 4298 τοῦ,
755 4233 852 4285 καὶ
877 4232 1309 4297 ἀνεξιχνίαστοι
1331 4233 1388 4282 αἱ
1405 4230 1528 4282 όδοὶ
1543 4232 1750 4283 αὑτοῦ]
1769 4234 1860 4296 Τίς
1879 4233 1986 4301 γὰρ
2001 4235 2150 4303 ἔγνω

605 4335 754 4389 νοοῦν
782 4334 1032 4400 Κυρίου;
1063 4331 1096 4396 ἢ
1127 4333 1213 4394 τίς
1239 4331 1577 4397 σύμϐουλος
1604 4332 1786 4383 αὑτοῦ
1816 4332 2083 4399 ἐγένετω
2111 4333 2147 4400 ἢ

606 4439 695 4502 τίς
724 4434 1051 4502 προέδωκεν
1068 4425 1246 4495 αὐτῷ,
1272 4432 1368 4483 καὶ
1397 4431 1935 4496 ἀνταποδοθήσεται
1963 4433 2147 4498 αὐτῷ;

606 4537 713 4590 Καὶ
742 4535 801 4585 τὸ
830 4533 975 4593 τέλος
1002 4531 1092 4582 τοῦ
1127 4531 1283 4597 λόγου
1302 4547 1313 4558 '
1347 4531 1471 4582 Ὀτι
1507 4531 1574 4592 ἐξ
1601 4531 1783 4582 αὐτοῦ
1813 4534 1906 4585 καὶ
1949 4532 2022 4584 δι’
2048 4537 2151 4585 αὺ-

607 4637 710 4688 τοῦ
734 4635 828 4688 καί
849 4636 932 4697 είς
958 4635 1137 4684 αὑτὸν
1159 4631 1226 4683 τὰ
1256 4632 1474 4682 πάντα·
1503 4631 1660 4695 αὐτῷ
1679 4633 1714 4699 η
1741 4632 1885 4694 δόξα
1905 4636 1989 4697 εἰς
2016 4633 2152 4696 τοὺς

607 4733 841 4796 αἰῶνας.
881 4732 1039 4800 Ὁρᾷς
1065 4731 1144 4782 ὅτι
1175 4732 1250 4791 είς
1279 4730 1372 4797 τὴν
1399 4729 1550 4794 δόξαν
1577 4730 1741 4782 ἐλθὼν
1765 4731 1856 4781 τοῦ
1883 4730 2034 4794 Θεοῦ,
2065 4731 2152 4782 τὸν

607 4828 724 4894 ὅρον
743 4827 838 4894 οὐχ
861 4825 1127 4894 ὑπερέϐη;
1152 4825 1256 4876 Καὶ
1277 4827 1329 4876 τί
1354 4825 1475 4892 περὶ
1494 4825 1788 4893 ἀνθρώπων
1813 4825 1952 4890 λέγω
1970 4841 1984 4888 ;
2003 4825 2152 4877 Ἀνά-

609 4929 733 4996 ϐηθι
771 4931 904 4996 πρὸς
932 4932 998 4980 τά
1028 4929 1369 4998 ὑπερκόσμια
1498 4929 1700 4998 ὲννοίᾳσ
1734 4929 2002 4997 ἐρώτησον
2031 4931 2153 4990 τούς

608 5033 860 5101 οὐρανοὺς
880 5033 970 5081 καὶ
985 5032 1123 5083 εἰπέ·
1148 5032 1210 5082 Τί
1238 5048 1324 5099 μοι
1349 5048 1413 5081 πε
1422 5031 1472 5098 ρὶ
1491 5031 1621 5082 Θεοῦ
1641 5031 1983 5098 ἀναγγέλλειν
1999 5031 2146 5083 δύνα-

611 5137 734 5199 σθε;
765 5135 996 5205 οὐρανοὶ,
1025 5134 1345 5203 διηγήσασθέ
1371 5152 1456 5205 μοι
1481 5135 1717 5198 ποταπὸς
1742 5137 1769 5186 6
1793 5135 1949 5197 Θεός’
1981 5136 2154 5200 ἀπαγ-

608 5229 820 5298 γείλατέ
851 5245 936 5296 μοι
966 5227 1016 5278 τί
1046 5229 1190 5278 ἐστιν
1209 5230 1362 5298 οὐσίᾳ
1386 5233 1413 5282 6
1439 5236 1586 5290 Θεος.
1627 5231 1763 5280 Ἀλλ’
1791 5231 1888 5280 οὐκ
1927 5230 2151 5298 ἀποκρί-

611 5340 786 5378 νονται
819 5324 866 5374 οἱ
911 5323 1143 5390 οὐρανοὶ,
1177 5323 1301 5389 περὶ
1347 5324 1453 5372 τῶν
1493 5325 1762 5376 ἀδυνάτων
1793 5324 2151 5393 ἐρωτώμενοι.

623 5422 777 5473 ’Λλλά
803 5421 902 5473 κᾶν
936 5420 1104 5472 ταῦτα
1131 5419 1412 5486 τολμηρῶς
1447 5423 1822 5493 ἑπερωτήσῃς,
1855 5422 2152 5490 ἀποκριθή-

610 5537 759 5572 σεται
785 5521 870 5572 διά
901 5521 990 5571 τοῦ
1023 5521 1314 5589 θαυμασίου
1347 5520 1602 5589 Ἰερεμίου
1631 5523 1686 5572 τὸ
1716 5525 1852 5574 θεῖον
1878 5528 2048 5576 ἐκεῖνο
2072 5527 2156 5577 λό-

611 5630 762 5679 γιον·
802 5617 1080 5682 Ἕφριξεν
1131 5616 1380 5683 οὐρανὸς
1430 5616 1522 5667 ἐπὶ
1570 5617 1756 5670 τοῦτο.
1795 5619 2002 5687 Φρίττει
2049 5623 2154 5691 γὰρ

2074 384 2346 441 INCERTI

3675 418 3793 470 418

2235 504 2291 553 οὐ
2303 505 2457 571 ρανὸς
2490 507 2724 577 ἀληθῶς,
2742 509 2868 562 ὅταν
2895 509 2976 578 ἴδῃ
3009 509 3104 576 τὴν
3130 508 3277 562 θείαν
3306 506 3792 579 πολυπραγμονού-

2235 598 2400 666 μένην
2431 602 2610 666 φύσιν.
2653 603 3014 672 Ἀντικρούσει
3043 604 3097 655 δὲ
3128 605 3219 657 καὶ
3246 607 3273 656 6
3307 605 3571 673 μακάριος
3604 605 3794 665 Δαυῖδ,

2231 693 2327 761 τὴν
2349 694 2579 765 ἄμετρον
2597 697 3120 766 πολυπραγμοσύνην
3141 697 3399 761 κολάζων,
3414 701 3505 750 καὶ
3522 702 3655 767 ἐρεῖ,
3675 700 3795 751 Οὑκ

2233 788 2484 856 ἤκουσας,
2526 791 2606 842 ὅτι
2649 794 2712 844 οι
2753 793 2993 858 οὐρανοὶ
3019 793 3356 860 διηγοῦνται
3429 793 3586 860 φύσιν
3629 793 3792 856 Θεοῦ,

2234 880 2384 943 ἀλλὰ,
2438 883 2626 946 Δόξαν
2682 886 2844 938 Θεοῦ.
2899 887 3009 938 Οὑκ
3061 888 3216 949 αὐτός
3243 905 3324 938 σοι
3351 889 3434 939 διὰ
3487 890 3583 956 τῆς
3629 889 3794 952 ἁγίας

2235 975 2459 1043 κιθάρας
2477 977 2782 1046 ἀνεϐόησεν,
2800 979 2879 1030 ὅτι
2902 984 2964 1030 Οἱ
2989 980 3225 1047 οὐρανοὶ
3246 981 3578 1047 διηγοῦνται
3601 980 3794 1042 δόξαν

2237 1069 2400 1131 Θεοῦ,
2419 1072 2477 1121 οὑ
2510 1070 2666 1137 φύσιν
2693 1072 2854 1135 Θεοῦ;
2879 1074 2992 1125 Οὐκ
3012 1074 3197 1125 οὐσίαν
3225 1074 3629 1143 ἑρμηνεύουσιν,
3655 1074 3791 1126 άλλά

2234 1163 2386 1224 δόξαν
2433 1164 2564 1216 Θεοῦ
2618 1165 3049 1232 ἀναγγέλλουσιν.
3091 1167 3245 1220 Ἀλλά
3292 1169 3363 1237 μὴ
3417 1170 3644 1239 νομίζῃς
3691 1169 3791 1231 τάς

2235 1257 2627 1327 ὑπερκοσμίους
2675 1260 2927 1329 δυνάμεις
2963 1262 3151 1314 εἰδέναι
3184 1280 3234 1314 τι
3266 1263 3442 1314 πλέον.
3485 1264 3790 1332 Ἐρὼτησον

2235 1355 2513 1421 ἀγγέλους,
2555 1356 2822 1426 ἐρώτησον
2847 1359 3007 1425 λέγω,
3035 1360 3131 1412 οὑκ
3172 1361 3354 1430 ἐπειδὴ
3399 1361 3790 1431 ἐπιτέτραπται

2239 1453 2386 1524 [4‘24]
2409 1471 2489 1506 σοι
2511 1455 2854 1524 προσομιλεῖν
2871 1459 2988 1520 ταῖς
3012 1459 3124 1512 ἄνω
3140 1459 3446 1528 δυνάμεσιν.
3467 1461 3580 1512 ἀλλ’
3603 1462 3790 1530 ἐπειδὴ

2235 1551 2298 1602 ἐκ
2327 1553 2421 1620 τῆς
2454 1553 2670 1623 Γραφῆς
2698 1554 2838 1623 ἔχεις
2868 1555 2932 1606 τὰ
2967 1556 3253 1626 φάρμακα,
3289 1559 3380 1609 καὶ
3414 1557 3483 1609 τὰ
3515 1559 3793 1629 ἐπιστομί-

2236 1648 2394 1710 ζοντά
2423 1669 2512 1703 σου
2539 1654 2634 1723 τὴν
2658 1653 2981 1723 Θρασύτητα.
3011 1656 3308 1726 Ἐρώτησον
3335 1659 3459 1718 τοὺς
3489 1659 3754 1726 ἀγγέλους
3776 1677 3790 1692 ’

2238 1746 2506 1816 ἐρώτησον
2550 1751 2675 1803 ὅταν
2717 1752 2830 1821 ῖδῃς
2880 1755 3074 1816 αὐτοὺς
3116 1753 3207 1807 ἐπὶ
3246 1756 3346 1825 γῆς
3396 1756 3717 1824 χορεύοντας
3757 1757 3792 1827 ἢ

2239 1847 2620 1914 ἀνυμνοῦντας.
2656 1851 2789 1903 Είπέ
2833 1853 3032 1914 αὐτοῖς’
3069 1854 3132 1904 Τί
3178 1854 3354 1905 καινόν
3393 1854 3705 1916 διδάσκετες
3739 1855 3796 1906 τί

2240 1943 2383 2008 ξένον
2405 1945 2798 2012 ἁπαγγέλλετες
2828 1950 2918 2000 καὶ
2949 1949 3143 2012 εὐθέως
3169 1952 3195 2002 6
3219 1950 3356 2012 θεῖος
3380 1951 3534 2020 χορὸς
3563 1953 3797 2019 ἀποκρι-

2239 2037 2458 2106 θήσεταί
2479 2055 2558 2090 σοι
2589 2039 2672 2091 διά
2701 2041 2805 2092 τῶν
2825 2042 2980 2094 θείων
3003 2044 3337 2111 Εὑαγγελίων
3357 2063 3370 2075 ⁸
3393 2047 3546 2107 Δόξα
3567 2047 3630 2098 ἐν
3660 2047 3798 2112 ὑψί-

2241 2148 2404 2195 στοις
2451 2133 2588 2196 Θεῷ,
2639 2135 2735 2186 καὶ
2789 2136 2884 2188 ἐπὶ
2933 2135 3040 2204 γῆς
3072 2139 3309 2204 εἰρήνη,
3356 2138 3424 2189 ἐν
3465 2139 3798 2204 ἀνθρώποις

2240 2225 2497 2277 εὐδοκία.
2518 2222 2718 2278 ’Ἦλθον
2746 2229 2837 2280 ἐπὶ
2869 2230 2968 2297 γῆς
3000 2230 3234 2296 ἄγγελοι,
3263 2231 3353 2282 καὶ
3377 2231 3474 2298 τῆς
3493 2230 3646 2297 δόξης
3667 2232 3798 2292 τοὺς

2239 2319 2392 2387 ὅρους
2421 2319 2516 2387 οὐχ
2549 2319 2885 2389 ὑπερέϐησαν
2905 2339 2917 2352 ⁸
2951 2323 3042 2374 καὶ
3079 2325 3336 2392 αἱρετικοὶ
3377 2323 3593 2385 τούτους
3626 2325 3800 2390 ὑπερ‹

2243 2412 2441 2464 ϐαίνειν
2466 2414 2562 2465 οὑκ
2595 2412 2861 2484 ὤκνησαν.
2893 2416 3050 2470 Ἀλλά
3083 2418 3154 2485 μή
3179 2433 3230 2467 τι
3267 2418 3317 2467 αἱ
3354 2415 3608 2468 ἀνωτάτω
3637 2416 3799 2467 δυνά-

2246 2523 2382 2574 μεις,
2409 2508 2464 2557 αἱ
2495 2508 2630 2578 ὑπὲρ
2655 2509 2776 2570 τοὺς
2805 2508 3064 2576 ἀγγέλους
3086 2527 3099 2574 ;
3124 2510 3265 2576 λέγω
3293 2510 3354 2578 δὴ
3379 2511 3434 2560 αἱ
3459 2509 3564 2560 τῶν
3587 2511 3799 2577 ἀρχαγ-

2243 2599 2431 2665 γέλων.
2462 2601 2581 2653 Εἰσὶ
2612 2601 2666 2653 δὲ
2708 2603 2908 2654 ἐκεῖναι
2944 2604 3130 2671 φύσεις
3161 2603 3580 2672 διακεκριμέναι.
3626 2601 3799 2670 Ἐρώ-

2242 2711 2400 2764 τησον
2434 2696 2500 2747 τὰ
2543 2697 2836 2766 Χερουϐὶμ,
2874 2699 2961 2750 τόν
2989 2699 3255 2767 βασιλικὸν
3293 2699 3509 2767 θρόνονο
3548 2700 3609 2748 '0
3650 2699 3798 2749 καθ-

2242 2787 2456 2854 ήμενος
2479 2789 2574 2842 ἐπὶ
2605 2790 2719 2843 τῶν
2746 2793 3043 2860 Χερουϐὶμ,
3069 2792 3376 2859 ἐμφάνηθι.
3404 2790 3702 2862 Ἑρώτησον
3727 2788 3799 2841 τά

2243 2883 2517 2951 Χερουϐὶμ
2549 2885 2622 2945 ώς
2661 2885 2842 2954 θρόνον
2876 2886 3244 2954 σαπφείρινον,
3279 2886 3370 2936 καὶ
3410 2887 3464 2936 ἐν
3504 2884 3580 2952 τῷ
3620 2884 3800 2951 θρόνῳ

2244 2975 2544 3043 καθήμενον
2588 2978 2661 3038 ὡς
2690 2978 2935 3045 ὁμοίωμα
2969 2977 3098 3030 Υίοῦ
3144 2977 3442 3047 ἀνθρώπου.
3487 2977 3598 3029 Καὶ
3642 2975 3801 3044 φωνὴ

2245 3069 2454 3134 ἐγένετο
2498 3071 2602 3121 τῶν
2636 3071 2938 3140 Χερουϐὶμ,
2981 3073 3055 3135 ῶς
3097 3073 3299 3125 ὑδάτων
3338 3071 3539 3123 πολλῶν
3575 3070 3756 3138 βοῶσα
3783 3085 3797 3096 ⁹

2245 3164 2627 3231 Εὐλογημένη
2647 3165 2683 3230 ’ἡ
2707 3165 2852 3228 δόξα
2879 3167 3094 3232 Κυρίου
3119 3166 3185 3218 ἐκ
3210 3166 3312 3218 τοῦ
3337 3167 3518 3219 τόπου
3548 3163 3758 3230 αὐτῆς.

2313 3258 2371 3312 δ’.
2415 3260 2572 3328 Ὁρᾷς
2597 3260 2687 3311 καὶ
2714 3260 2819 3311 τῶν
2840 3261 3113 3330 Χερουϐὶμ
3136 3261 3230 3330 τὴν
3257 3259 3534 3312 εὐλάϐειαν
3559 3275 3572 3322 ;
3599 3257 3803 3324 Ἐσθα-

2248 3371 2335 3405 σεν
2365 3354 2442 3415 εἰς
2471 3354 2642 3414 δόξαν,
2679 3355 2769 3405 καὶ
2798 3357 2892 3421 οὐχ
2939 3355 3176 3424 ὑπερέϐη
3222 3355 3311 3406 τὸν
3341 3356 3481 3423 ὅρον.
3522 3354 3800 3418 Εὐλογη-

2240 3449 2389 3515 μένη
2432 3448 2468 3511 ἡ
2514 3447 2660 3509 δόξα
2698 3449 2930 3513 Κυρίου.
2964 3448 3070 3500 Καὶ
3125 3449 3266 3509 πῶς;
3312 3449 3409 3499 Ἐκ
3456 3446 3560 3499 τοῦ
3606 3445 3800 3498 τόπου

2245 3539 2429 3605 αὐτῆς
2448 3557 2461 3568 °
2485 3541 2569 3590 ἴνα
2597 3539 2739 3610 δείξῃ
2768 3556 2867 3600 σοι,
2894 3541 2972 3592 ὅτι
2993 3541 3083 3592 καὶ
3106 3541 3162 3591 ἐν
3184 3541 3292 3600 τοῖς
3319 3538 3582 3607 οὐρανίοις
3609 3537 3806 3600 τόποις

2247 3633 2538 3695 αὐλίζεται,
2569 3632 2658 3686 καὶ
2688 3634 2818 3686 πολὺ
2849 3634 3178 3702 ὑψηλοτέραν
3211 3633 3316 3686 τῶν
3352 3632 3609 3702 οὐρανίων
3639 3630 3802 3684 δυνάο

2252 3745 2393 3795 μεων
2423 3727 2515 3780 καὶ
2555 3727 2796 3797 ἀοράτων
2835 3727 3150 3798 ὑπέρκειται
3187 3727 3282 3795 τὴν
3316 3724 3488 3788 ἀξίαν.
3521 3725 3594 3776 Οὑ
3632 3723 3790 3790 φθέγ-

2248 3839 2430 3889 γονται
2457 3823 2530 3884 ὡς
2561 3821 2962 3890 πλησιάζοντες,
2993 3823 3103 3873 ἀλλ’
3131 3821 3204 3883 ὼς
3227 3821 3409 3890 πόρρω
3432 3820 3804 3887 ἀφεστηκότες

2247 3917 2342 3984 τῆς
2364 3916 2508 3978 θείας
2531 3916 2709 3979 ἀξίας·
2733 3917 3115 3984 Εὐλογημένη
3142 3917 3176 3980 ἡ
3199 3915 3344 3977 δόξα
3363 3915 3575 3977 Κυρίου
3603 3913 3670 3964 ἐκ
3692 3912 3808 3965 τοῦ

2248 4012 2431 4063 τόπου
2464 4010 2667 4076 αὐτῆς.
2694 4012 2802 4080 Οὑχ
2825 4014 2902 4063 ὅτι
2927 4012 3086 4064 τόπον
3121 4011 3229 4078 ἔχει
3252 4028 3263 4039 ·
3301 4010 3472 4060 πάντα
3510 4007 3614 4074 γὰρ
3645 4023 3808 4074 περι-

2249 4107 2444 4174 γράφει
2475 4107 2635 4160 τόπον
2654 4124 2665 4134 ”
2689 4107 2821 4158 ἀλλὰ
2853 4108 3010 4159 τόπον
3039 4106 3168 4158 Θεοῦ
3197 4105 3346 4156 καλεῖ
3367 4104 3462 4172 τὴν
3491 4104 3617 4170 περὶ
3637 4103 3806 4154 αὑτὸν

2251 4198 2422 4261 ἀξίαν.
2439 4195 2588 4262 Εἶδες
2613 4202 2719 4252 τῶν
2729 4201 3000 4268 Χερουϐὶμ
3019 4201 3107 4250 καὶ
3130 4199 3306 4266 φωνήν
3327 4198 3397 4259 ;Ε
3408 4193 3740 4262 ὺλογημέιη
3764 4197 3804 4261 ἡ

2250 4290 2398 4354 δόξα
2419 4296 2653 4359 Κυρίου.
2685 4294 2792 4345 Καὶ
2819 4294 2964 4345 οὐδὲν
2991 4292 3146 4344 πλέον
3169 4289 3468 4359 ἀνήγγειλε.
3489 4289 3578 4339 Δεῖ
3599 4288 3706 4355 γάρ
3741 4305 3806 4339 σε

2253 4385 2431 4454 κύκλῳ
2471 4387 2808 4455 παρεστῶτα,
2842 4387 3033 4438 εἰδέναι
3071 4385 3136 4436 τὰ
3162 4386 3252 4436 τοῦ
3279 4383 3410 4436 Θεοῦ
3448 4381 3801 4448 καταγγέλια.

2254 4481 2332 4534 Τὰ
2369 4481 2474 4549 γὰρ
2508 4480 2763 4547 Σεραφὶμ
2787 4479 3044 4546 εἱστήκει
3066 4480 3270 4542 κύκλῳ
3300 4475 3499 4529 αὑτοῦ.
3529 4476 3595 4526 Τί
3623 4474 3808 4526 τοίνυν

2254 4577 2439 4644 μαθεῖν
2466 4575 2576 4627 ἔστι
2598 4576 2723 4644 παρ’
2753 4575 2901 4644 ὑμῶν
2921 4591 2934 4637 ;
2958 4575 3048 4643 Μὴ
3077 4572 3372 4640 κωλύσητε.
3404 4569 3538 4621 Ἀλλ’
3569 4571 3684 4638 ἐρεῖ
3703 4571 3808 4620 κὰ-

2253 4673 2421 4733 κεῖνα,
2450 4672 2530 4722 ὅτι
2557 4670 2659 4721 κᾶν
2695 4669 3043 4740 ὑπερέχωμεν
3075 4669 3171 4736 τὴν
3202 4666 3372 4728 ἀξίαν,
3406 4663 3516 4715 ἀλλ’
3549 4663 3809 4730 ἐπιγινώ-

2255 4790 2452 4841 σκομεν
2477 4772 2630 4841 ἡμῶν
2662 4773 2758 4840 τῆς
2785 4771 2994 4838 φύσεως
3030 4771 3153 4830 τοὺς
3179 4769 3355 4837 ὄρους,
3392 4767 3482 4817 καὶ
3509 4766 3608 4834 οὐχ
3641 4768 3810 4835 ὑπερ-

2253 4875 2507 4945 πηδῶμεν
2545 4875 2613 4926 τά
2654 4874 2823 4943 μέτρα
2851 4873 2946 4940 τῆς
2984 4872 3231 4938 γνώσεως
3254 4888 3267 4898 ·
3309 4870 3369 4920 οὐ
3400 4869 3810 4939 πολυπραγμο-

2253 4969 2447 5038 νοῦμεν
2490 4969 2642 5038 ἡμῶν
2673 4968 2761 5019 τὸν
2800 4968 3074 5026 κτίσαντα,
3114 4965 3174 5016 οὐ
3214 4963 3680 5034 περιεργαζόμεθα
3713 4963 3809 5012 τὸν

2253 5065 2572 5131 τιμήσαντα.
2601 5061 2829 5128 Οἴδαμεν
2851 5060 2947 5128 τὴν
2978 5057 3355 5126 ἀκατάληπτον
3381 5055 3561 5123 φύσιν,
3596 5058 3674 5107 ὅτι
3707 5055 3811 5122 οὐχ

2253 5155 2605 5207 ὑποϐάλλεται
2640 5153 2857 5223 ζητήσει
2874 5166 2922 5215 ι,
2952 5153 3010 5205 οὑ
3035 5153 3269 5205 δουλεύει
3296 5151 3565 5218 λογισμῶν
3589 5150 3812 5202 ἀκολου-

2254 5250 2391 5309 θίαις
2409 5265 2423 5278 ·
2451 5247 2700 5316 ὑπερέχει
2734 5249 2909 5299 πᾶσαν
2935 5247 3068 5316 ὁμοῦ
3099 5248 3190 5299 καὶ
3224 5245 3512 5314 ἀγγελικὴν
3535 5245 3812 5295 κατάστα-

2256 5361 2336 5395 σιν
2367 5343 2458 5393 καὶ
2491 5341 2855 5410 ὑπερκόσμιον
2877 5341 3080 5393 ἔννοιαν
3107 5342 3198 5392 καὶ
3219 5343 3393 5392 πᾶσαν
3420 5338 3818 5406 ὑπερουράνιον

2253 5436 2473 5504 δύναμιν
2505 5436 2537 5503 η
2570 5433 2694 5498 δόξα
2724 5433 2814 5485 τοῦ
2857 5433 3346 5504 προσκυνουμένου.
3392 5432 3488 5485 Διὰ
3520 5430 3676 5482 τοῦτο
3717 5429 3816 5482 καὶ

2313 5630 2339 5659 ⁸
2361 5628 2474 5678 Cod.
2509 5628 2715 5684 ζήτησιν.
2737 5627 2893 5678 Colel.
2923 5627 3050 5688 conj.
3079 5627 3347 5683 ζητήσεσιν.
