3996 6422
242 407 352 462 417

242 500 291 549 in
317 499 466 561 rubo,
498 496 625 551 vidit
659 512 777 551 eum
804 510 868 549 ex
896 506 1075 551 monte
1105 496 1250 561 Sina,
1284 497 1410 549 vidit
1438 510 1556 549 eum
1579 493 1800 546 diversis

240 587 290 640 in
320 588 449 640 locis
475 595 837 656 apparentem,
860 597 911 641 et
928 588 1085 641 variis
1110 588 1277 641 modis
1297 586 1625 656 prmsentiam
1654 599 1799 636 suam

239 678 579 743 indicantem,
611 687 665 730 at
694 677 876 731 beatus
926 679 1014 731 ille
1054 678 1261 748 Moyses
1307 678 1473 748 ipsam
1504 676 1679 727 videre
1710 690 1801 725 cu-

239 767 411 833 piebat
437 776 639 819 naturae
670 767 909 821 formam.
936 768 1063 821 Nam
1088 768 1247 820 homo
1262 782 1378 819 cum
1396 772 1556 828 esset,
1577 763 1799 816 humana

236 857 300 909 de
328 872 555 924 superna
581 859 665 910 illa
708 858 900 912 virtute
922 859 1319 927 imaginabatur.
1354 857 1489 908 Deus
1515 864 1685 907 autem
1709 855 1802 907 dc-

236 947 487 1000 siderium
520 947 689 1001 ﬁdelis
720 948 894 999 famuli
938 947 1281 1015 approbavit,
1321 944 1567 1012 ﬂexitque
1618 944 1801 995 buma-

236 1051 358 1087 num
384 1035 628 1089 affectum
672 1035 1012 1103 impossibilia
1043 1035 1361 1104 cupientem.
1406 1034 1540 1100 Quid
1573 1034 1711 1085 enim
1729 1035 1801 1085 ait

234 1126 350 1178 illi?
382 1125 546 1179 Nemo
595 1125 773 1178 videbit
803 1126 979 1196 faciem
1014 1141 1172 1178 meam
1214 1134 1259 1177 et
1304 1128 1427 1177 viret
1479 1121 1679 1192 (Exod.
1709 1122 1795 1174 33.

232 1214 342 1284 20).
376 1217 738 1269 Desideratum
794 1232 895 1269 non
946 1221 1084 1283 capit
1134 1218 1296 1268 virtus
1342 1214 1795 1268 desiderantium:

233 1319 336 1354 non
377 1302 478 1354 fert
509 1304 743 1356 mortalis
774 1305 956 1357 oculus
985 1302 1332 1355 immortalem
1364 1312 1625 1354 naturam.
1660 1301 1794 1365 Quid

231 1405 376 1460 ergo,
410 1392 930 1460 Dominc?relinquis
960 1394 1074 1444 sine
1104 1392 1291 1443 solatio
1336 1405 1594 1455 amorem,
1628 1405 1687 1441 ac
1734 1403 1798 1441 ne

231 1485 471 1534 umbram
527 1484 734 1549 quidem
791 1484 992 1548 prmhos
1035 1482 1316 1545 deStderii,
1364 1484 1411 1534 ei
1461 1482 1547 1549 qui
1599 1490 1795 1532 tantum

230 1586 465 1623 amorem
508 1573 683 1623 animo
723 1570 1003 1639 cenet-pit?
1049 1571 1397 1636 Quamobrem
1426 1572 1499 1622 ait
1532 1586 1545 1621 :
1574 1569 1718 1622 Pouo
1747 1572 1797 1621 in

232 1670 393 1728 petra,
426 1668 472 1710 et
518 1673 721 1728 protego
748 1675 895 1710 manu
935 1673 1087 1711 mea:
1117 1668 1160 1709 et
1202 1675 1313 1711 cum
1360 1659 1586 1711 transibit
1636 1659 1797 1727 gloria

230 1766 359 1811 mea,
389 1748 576 1801 videbis
620 1750 889 1815 posteriora
930 1763 953 1797 :
1006 1749 1257 1799 anteriora
1300 1762 1412 1801 vero
1467 1764 1565 1800 non
1616 1750 1798 1801 videbis

230 1839 423 1897 (Exod.
452 1839 540 1892 53.
564 1837 652 1889 22.
678 1838 791 1906 25).
820 1836 934 1891 Non
957 1837 1105 1899 dixit,
1144 1837 1273 1890 Cum
1304 1838 1649 1905 pertransibo,
1682 1838 1794 1903 sed,

232 1930 355 1982 Cum
380 1930 611 1980 transibit
637 1929 796 1997 gloria
824 1944 949 1979 utea.
981 1926 1091 1979 Non
1125 1928 1265 1979 enim
1292 1929 1435 1992 licet,
1486 1938 1798 1996 przetergre-

232 2020 424 2071 diendo
470 2019 691 2086 gloriam
719 2057 733 2079 ,
779 2018 1058 2070 essentiam
1113 2018 1368 2085 reperire.
1418 2018 1622 2087 Moyses
1668 2018 1797 2070 nihil

228 2109 347 2176 plus
376 2123 534 2175 quam
561 2107 779 2174 gloriam
810 2106 1028 2169 invenit,
1079 2121 1248 2174 neque
1274 2106 1416 2158 illam
1449 2114 1611 2158 totam
1642 2107 1792 2167 vidit,

227 2198 321 2251 sed
348 2200 565 2250 dorsum
588 2215 601 2248 :
637 2212 739 2248 non
767 2196 905 2265 quod
937 2196 1096 2248 dorso
1123 2204 1175 2248 et
1203 2204 1414 2262 pectore
1439 2195 1697 2248 delineata
1726 2198 1794 2248 sit

230 2289 405 2341 divina
431 2298 615 2341 natura
649 2303 663 2339 :
696 2288 913 2355 simplex
939 2287 1078 2341 enim
1108 2295 1263 2341 estet
1294 2288 1671 2355 incomposita;
1702 2288 1795 2340 sed

230 2381 350 2447 quia
373 2380 511 2431 Deus
530 2379 603 2430 sic
621 2392 678 2429 se
695 2378 1115 2445 cognoscendum
1136 2376 1355 2444 praebet,
1384 2393 1486 2429 non
1506 2376 1793 2430 secundum

231 2468 327 2519 sibi
354 2475 732 2533 congruentem
761 2465 1087 2533 dignitatem,
1120 2465 1211 2517 sed
1252 2465 1539 2517 secundum
1582 2465 1796 2518 faculta-

232 2564 335 2607 tem
365 2569 572 2619 eorum,
601 2555 686 2621 qui
714 2554 882 2621 ipsum
909 2552 1072 2604 visuri
1092 2560 1231 2604 sunt.
1258 2551 1463 2623 Moyses
1492 2552 1553 2605 ad
1576 2554 1793 2621 gloriam

233 2646 467 2713 pertigit,
495 2652 547 2695 et
568 2644 788 2710 gloriam
818 2656 919 2693 non
953 2655 1324 2709 supergressus
1354 2652 1433 2693 est
1464 2652 1554 2693 :at
1585 2650 1658 2707 tu,
1691 2643 1797 2694 ha:-

236 2734 420 2794 rctice,
447 2732 668 2799 gloriam
698 2738 1073 2799 transgressus,
1104 2730 1449 2783 substantiam
1478 2731 1567 2783 Dei
1589 2733 1795 2785 curiose

232 2822 520 2876 scrutaris?
564 2822 843 2875 Veniamus
884 2832 935 2875 et
973 2822 1037 2873 ad
1066 2822 1270 2874 beatum
1311 2823 1547 2875 Paulum.
1602 2823 1794 2877 Paulus

234 2914 287 2966 ln
314 2914 458 2967 fvovo
479 2911 817 2965 Testamento
836 2952 850 2974 ,
898 2926 1016 2963 cum
1046 2912 1405 2965 consideraret
1452 2914 1794 2981 particulares

231 3004 483 3072 quasdam
525 3002 615 3055 Dei
660 3002 1093 3069 dispensationes,
1125 3002 1273 3070 quasi
1313 3004 1569 3069 vertigine
1609 3012 1794 3070 captus

234 3096 284 3145 in
315 3092 575 3160 profunde
603 3092 953 3159 cogitationis,
981 3101 1195 3157 stupore
1218 3093 1421 3157 plenam
1453 3106 1632 3143 vocem
1659 3094 1793 3145 etni-

232 3186 297 3234 sit
326 3182 409 3234 his
438 3182 612 3233 verbis
642 3197 655 3231 :
695 3198 713 3231 ι
748 3179 791 3233 Ο
818 3180 1039 3231 altitudo
1078 3179 1374 3231 divitiarum
1423 3180 1692 3245 sapientia:
1741 3188 1793 3231 et

231 3272 466 3325 scientiae
500 3272 609 3333 Dei,
641 3284 795 3338 quam
846 3268 1394 3335 incomprehensibilia
1424 3279 1546 3320 sunt
1594 3268 1789 3335 judicia

231 3365 362 3433 ejus,
396 3369 452 3413 et
476 3358 864 3427 inveStigabiles
890 3360 985 3411 via:
1021 3359 1165 3425 ejus!
1196 3358 1323 3422 Quis
1360 3358 1499 3410 enim
1550 3360 1792 3425 cognovit

231 3469 443 3505 sensum
475 3453 717 3505 Domini?
747 3460 837 3504 aut
875 3450 992 3518 quis
1020 3449 1351 3502 consiliarius
1396 3452 1508 3513 ejus
1536 3447 1661 3500 fuit?
1705 3457 1795 3499 aut

231 3549 344 3615 quis
368 3547 511 3613 prior
530 3544 677 3598 dedit
703 3544 811 3608 illi,
834 3550 887 3596 et
917 3541 1235 3595 retribuetur
1254 3539 1300 3593 ei
1334 3559 1351 3589 ι
1386 3538 1557 3607 (Rom.
1589 3540 1672 3591 11.
1696 3539 1791 3591 53-

232 3640 370 3705 56)?
433 3636 679 3703 Finisque
725 3633 1025 3687 sermonis:
1062 3649 1080 3681 ι
1115 3631 1369 3698 Quoniam
1428 3644 1493 3681 ex
1540 3630 1654 3696 ipso
1703 3643 1793 3694 per

234 3728 400 3792 ipsum
429 3734 482 3776 et
508 3726 557 3775 in
588 3724 700 3791 ipso
720 3732 841 3774 sunt
869 3722 1043 3773 omnia
1071 3736 1086 3783 ;
1133 3720 1229 3788 Ipsi
1259 3719 1423 3787 gloria
1450 3719 1501 3770 in
1529 3717 1739 3771 saecula.
1769 3735 1787 3769 ι

239 3814 419 3867 \‘idcu‘
448 3829 567 3865 eum
595 3826 715 3864 cum
740 3810 807 3863 ad
850 3810 1069 3879 gloriam
1112 3810 1202 3862 Dei
1231 3811 1478 3873 venisset,
1513 3809 1791 3861 terminum

233 3920 336 3957 non
366 3901 695 3955 excessisse?
747 3899 946 3967 Ecquid
975 3898 1039 3952 de
1075 3899 1373 3951 hominibus
1398 3898 1557 3951 dico?
1583 3897 1793 3966 Cogita-

235 3996 376 4047 tione
415 3990 640 4045 ascende
674 3990 739 4043 ad
786 3989 1045 4053 caelestia;
1077 3990 1339 4057 interroga
1370 3989 1528 4041 canos
1568 3997 1621 4041 et
1665 3989 1789 4040 die:

233 4083 363 4147 Quid
384 4081 513 4133 mihi
542 4080 609 4134 de
634 4081 737 4133 Deo
759 4094 974 4131 narrare
998 4079 1247 4146 potestis?
1272 4078 1407 4142 etnli,
1431 4086 1637 4130 narrate
1666 4076 1793 4129 mihi

233 4174 402 4240 qualis
432 4171 500 4223 sit
531 4170 700 4236 Deus,
730 4168 1023 4222 renuntiate
1046 4166 1171 4219 mihi
1200 4183 1315 4235 qure
1337 4169 1404 4220 sit
1428 4166 1651 4220 essentia
1682 4166 1792 4219 Dei.

237 4261 427 4313 Verum
453 4276 557 4312 non
588 4259 906 4326 respondent
926 4257 1141 4318 cmli,de
1159 4257 1221 4309 iis
1238 4272 1353 4324 qua:
1378 4270 1557 4308 eorum
1581 4255 1797 4307 faculta-

235 4363 338 4405 tem
382 4359 637 4419 superant
667 4350 990 4419 interrogati.
1023 4348 1123 4402 Sed
1156 4348 1199 4401 si
1227 4347 1339 4400 [nec
1366 4347 1616 4399 audacter
1654 4362 1798 4413 qum-

234 4444 405 4503 sieris,
437 4440 773 4507 respondebit
803 4455 896 4507 per
921 4438 1280 4492 admirabilem
1308 4437 1621 4500 Jeremiam,
1654 4437 1794 4488 divi-

236 4550 358 4586 num
429 4531 558 4584 illud
610 4530 883 4599 proferens
938 4530 1249 4597 eloquium:
1306 4527 1565 4581 Inltorruit
1620 4526 1797 4580 caelum

233 4640 382 4691 super
413 4622 507 4675 hoc
539 4619 666 4691 (λα’.
695 4620 751 4673 2.
782 4621 887 4687 t2).
924 4620 1238 4673 lnltorrescit
1264 4622 1403 4673 enim
1429 4636 1551 4673 vero
1589 4620 1795 4683 eurlum,

236 4715 319 4767 tibi
350 4712 536 4766 viderit
562 4721 799 4765 naturam
818 4713 1046 4763 divinam
1078 4711 1331 4778 indagari.
1353 4711 1427 4762 Ex
1445 4710 1685 4779 opposito
1713 4725 1798 4761 ca-

236 4815 323 4857 uet
355 4804 541 4856 beatus
573 4801 753 4863 David,
790 4802 1118 4853 temerariam
1158 4799 1513 4852 curiositatem
1546 4800 1795 4865 plecteus,

235 4903 287 4947 et
313 4893 489 4946 dicet:
521 4888 634 4943 Non
662 4891 851 4943 audisti
878 4889 1017 4952 illud,
1048 4887 1169 4942 ϐωιὶ
1207 4898 1443 4940 enarrant
1464 4929 1478 4951 ,
1513 4904 1613 4939 non
1646 4897 1799 4939 natu-

237 4999 345 5035 ram
373 4982 484 5044 Dei,
514 4979 605 5034 sed
627 4979 836 5050 gloriam
864 4980 974 5031 Dei.
999 4980 1181 5032 Nonne
1216 4979 1325 5045 ipse
1344 4978 1433 5030 tibi
1453 4994 1543 5045 per
1570 4987 1797 5030 Sanctam

236 5072 496 5125 citharam
524 5070 773 5122 Clamavit
794 5108 807 5131 ,
836 5068 954 5121 Cteli
982 5079 1216 5121 enarranl
1244 5069 1456 5137 gloriam
1490 5067 1576 5119 Dei
1611 5066 1627 5137 (
1653 5066 1797 5119 Psal.

238 5165 322 5219 18.
358 5164 431 5233 1).
464 5162 576 5215 Non
606 5170 843 5214 naturam
876 5161 984 5223 Dei,
1015 5176 1115 5211 non
1145 5161 1487 5212 substantiam
1512 5159 1797 5222 declarant,

238 5252 327 5306 sed
357 5254 575 5321 gloriam
617 5252 705 5303 Dei
735 5251 1064 5302 annuntiant.
1096 5252 1353 5302 Caeterum
1387 5265 1453 5301 ne
1476 5259 1623 5315 putes
1652 5250 1804 5301 caele-

238 5352 344 5397 stes
370 5344 593 5396 virtutes
611 5340 732 5410 quid
754 5342 889 5394 ultra
920 5354 1259 5408 cognoscere.
1287 5340 1548 5407 interroga
1567 5340 1799 5405 angelos,

241 5436 528 5501 interroga,
558 5436 791 5500 inquam,
823 5446 924 5482 non
952 5429 1090 5497 quod
1124 5429 1213 5480 tibi
1236 5444 1544 5481 concessum
1574 5429 1639 5480 sit
1675 5443 1793 5479 eum

238 5524 482 5592 supernis
515 5521 793 5575 virtutibus
822 5518 1066 5587 congredi
1090 5556 1103 5577 ,
1146 5519 1235 5569 sed
1267 5518 1381 5586 quia
1425 5534 1485 5569 cx
1535 5516 1801 5585 Scriptura

243 5612 477 5665 remedia
502 5611 683 5675 babes,
729 5624 948 5679 quaeque
993 5607 1263 5661 audaciam
1308 5618 1445 5661 tuam
1495 5610 1797 5674 reprimant.

244 5704 511 5769 Interroga
562 5701 819 5767 angelos:
877 5701 1137 5763 interroga
1194 5710 1286 5750 eos
1347 5713 1468 5750 cum
1517 5698 1710 5750 videris
1743 5698 1794 5748 in

1222 380 1284 434 IN
1322 380 1543 446 lLLUD,
1584 378 1648 433 lN
1685 376 1821 443 QUA
1863 376 2281 441 POTESTATE,
2323 377 2475 433 ETC.

3348 394 3460 452 418

1912 501 2048 544 terra
2076 493 2297 547 choreas
2323 502 2560 562 agentes,
2581 503 2671 549 aut
2700 495 2925 565 hymnos
2959 508 3231 555 canentes.
3263 502 3353 558 Dic
3402 507 3468 560 il-

1907 580 1989 644 lis,
2030 580 2163 645 Quid
2194 583 2313 634 novi
2343 582 2582 636 docetis?
2609 584 2731 652 quid
2774 585 2967 638 insoliti
2987 590 3470 646 annuntiatishta-

1907 671 2105 738 tlmque
2130 670 2338 723 divinus
2363 674 2555 725 chorus
2579 687 2669 739 per
2696 683 2880 726 sancta
2932 678 3195 745 evangelia
3244 694 3466 740 respon-

1906 757 2051 811 debit
2078 760 2168 812 tibi
2201 776 2216 812 :
2241 758 2414 815 Gloria
2443 765 2493 814 in
2523 767 2775 816 altissimis
2810 764 2931 826 Deo,
2961 779 3007 819 et
3032 770 3235 821 interra
3266 787 3383 836 pax,
3415 778 3463 824 tn

1907 849 2188 904 hominibus
2213 851 2575 919 beneplacitum
2599 856 2745 921 (Luc.
2773 857 2826 908 2.
2858 857 2962 924 Η).
2996 856 3263 912 Venerunt
3290 862 3339 913 in
3370 873 3466 915 ter-

1906 954 2015 991 ram
2046 940 2235 1008 angeli,
2263 942 2513 1010 etgloriae
2539 945 2789 995 terminos
2817 960 2918 996 non
2939 948 3295 1015 pra-tergressi
3321 964 3463 1011 sunt;

1906 1027 2141 1083 hwrctici
2172 1046 2299 1083 vero
2326 1031 2424 1084 hos
2454 1034 2744 1101 transgredi
2790 1048 2891 1087 non
2924 1035 3310 1090 dubitaverunt.
3360 1040 3462 1093 Sed

1905 1132 2030 1169 num
2056 1116 2190 1171 forte
2220 1135 2462 1187 superna:
2484 1122 2724 1186 virtutes,
2752 1138 2867 1190 qure
2895 1138 3056 1189 super
3082 1127 3295 1193 angelos
3320 1128 3464 1179 sunt?

1903 1208 2264 1275 Archangclos
2285 1210 2403 1264 dico
2430 1227 2443 1263 τ
2472 1223 2594 1264 sunt
2622 1222 2796 1265 autem
2829 1214 2928 1265 ilhc
2954 1224 3151 1267 natura:
3175 1216 3457 1269 distinctae.

1908 1296 2174 1366 Interroga
2204 1299 2505 1363 Cherubim,
2543 1303 2740 1369 regium
2764 1302 2950 1355 solium
2980 1319 2994 1355 :
3029 1305 3125 1369 Qui
3150 1306 3289 1358 sedes
3316 1323 3464 1375 super

1904 1386 2510 1459 Cherubim,manifestare
2538 1391 2705 1460 (μιαί.
2736 1392 2821 1444 79.
2848 1392 2921 1459 2).
2957 1393 3222 1463 interroga
3262 1395 3463 1449 Cheru-

1905 1476 2030 1539 bim,
2064 1479 2303 1531 thronum
2335 1480 2717 1549 sapphirinum,
2741 1490 2794 1535 et
2838 1483 2890 1535 in
2932 1484 3122 1536 throno
3164 1485 3459 1553 sedentem,

1903 1569 2044 1620 velut
2083 1569 2475 1625 similitudinem
2492 1571 2611 1627 Filii
2638 1574 2865 1627 hominis
2893 1574 3099 1643 (Ezeclt.
3135 1578 3221 1630 10.
3254 1578 3301 1630 1.
3331 1589 3375 1631 ει
3406 1581 3459 1633 1.

1901 1658 1991 1711 26.
2022 1658 2137 1728 2i).
2173 1661 2231 1711 Et
2264 1676 2360 1713 vox
2386 1660 2516 1714 facta
2544 1670 2628 1715 est
2651 1663 3094 1729 Cherubinorum,
3122 1667 3268 1735 quasi
3296 1682 3459 1737 aqua-

1903 1761 2017 1798 rum
2042 1747 2341 1812 multarum,
2371 1749 2607 1803 clamans
2638 1767 2652 1803 :
2681 1748 2948 1803 Benedicta
2975 1752 3135 1820 gloria
3162 1752 3363 1807 Domini
3399 1756 3460 1809 de

1902 1836 2009 1887 loco
2039 1853 2129 1888 suo
2155 1836 2311 1905 (Ibid.
2336 1838 2386 1891 3.
2413 1838 2525 1907 i2).

1973 1926 2025 1978 4.
2060 1926 2212 1979 Vides
2243 1927 2658 1982 Cherubinorum
2688 1931 3035 1985 reverentiam
3058 1933 3082 1985 't
3102 1933 3461 1988 Pervenerunt

1900 2014 1963 2066 ad
2009 2016 2263 2083 gloriam,
2305 2028 2356 2069 et
2396 2018 2529 2070 intra
2572 2018 2852 2072 terminum
2900 2031 3207 2074 manserunt
3244 2040 3255 2072 :
3298 2021 3457 2076 Bene-

1900 2103 2033 2155 dicta
2060 2104 2220 2173 gloria
2241 2104 2461 2157 Domini.
2485 2106 2798 2173 Quomodo?
2826 2108 2901 2160 De
2927 2110 3035 2161 loco
3062 2127 3151 2163 suo
3169 2127 3187 2162 :
3213 2121 3265 2163 ιιι
3282 2123 3460 2165 osten-

1898 2193 2118 2247 deretur
2169 2195 2259 2249 tibi
2312 2210 2427 2248 eam
2455 2198 2505 2249 in
2536 2197 2834 2251 cmlcstibus
2883 2198 3011 2251 locis
3040 2202 3375 2262 commorari,
3405 2211 3457 2255 et

1900 2282 2051 2352 longe.
2078 2284 2316 2337 altiorem
2347 2300 2465 2339 esse
2494 2285 2743 2355 dignitate
2779 2287 2903 2355 ipsis
2931 2289 3226 2342 caeleSIibus
3250 2302 3301 2344 et
3329 2292 3459 2343 invi-

1899 2373 2136 2425 sibilibus
2170 2372 2462 2426 virtutibus.
2492 2374 2605 2427 Non
2646 2376 2928 2442 loquuntur
2952 2378 3097 2444 quasi
3125 2393 3287 2446 prope
3315 2389 3458 2432 stan-

1900 2468 1999 2524 tes,
2030 2461 2121 2513 sed
2152 2471 2205 2514 ut
2233 2461 2385 2530 longe
2410 2477 2437 2513 a
2483 2461 2657 2514 divina
2691 2462 2940 2531 dignitate
2964 2464 3256 2520 distantes:
3295 2466 3456 2521 Bene-

1898 2549 2030 2601 dicta
2070 2550 2233 2619 gloria
2261 2550 2461 2603 Domini
2484 2550 2546 2604 de
2570 2552 2678 2604 loco
2708 2568 2818 2605 suo.
2851 2552 2964 2607 Non
2992 2553 3132 2621 quod
3161 2554 3330 2608 locum
3358 2557 3453 2608 ha-

1898 2636 2054 2702 beat;
2095 2654 2305 2693 omnem
2333 2641 2473 2694 enim
2506 2639 2887 2695 circumscribit
2931 2642 3135 2706 locum;
3167 2644 3258 2697 sed
3287 2646 3453 2698 locum

1900 2728 1991 2782 Dei
2020 2738 2170 2781 vocat
2196 2744 2312 2781 eam
2338 2744 2455 2798 qua:
2487 2729 2621 2783 circa
2653 2746 2772 2783 cum
2802 2740 2882 2785 est
2906 2731 3231 2800 dignitatem.
3272 2734 3455 2787 \‘idisti

1897 2818 2310 2873 Cherubinorum
2324 2818 2535 2874 vocem?
2551 2818 2814 2872 Benedicta
2830 2821 2990 2889 gloria
3008 2819 3229 2874 Domini.
3246 2821 3311 2875 Et
3328 2822 3455 2875 nihil

1897 2910 2121 2978 amplius
2155 2910 2612 2964 annuntiaverunt.
2646 2912 2859 2979 Oportet
2890 2912 3030 2965 enim
3062 2922 3112 2966 te
3130 2912 3323 2966 circum
3350 2914 3447 2966 ad-

1898 3009 2142 3064 stantem,
2174 3016 2329 3055 nosse
2353 3016 2413 3055 ea
2443 3018 2558 3070 quae
2579 3017 2607 3054 a
2642 3004 2745 3055 Deo
2779 3005 3106 3057 nuntiantur.
3138 3002 3267 3057 Nam
3299 3005 3453 3058 Sera-

1898 3090 2037 3157 plmn
2078 3092 2275 3143 stabant
2301 3093 2353 3143 in
2391 3092 2602 3144 circuitu
2644 3096 2751 3161 ejus
2783 3091 2931 3160 (lsai.
2960 3094 3012 3146 6.
3038 3092 3118 3163 2).
3146 3094 3277 3159 Quid
3328 3111 3457 3163 ergo

1896 3191 1925 3228 a
1956 3177 2099 3230 vobis
2124 3178 2423 3234 discemus?
2448 3178 2618 3233 Nolite
2649 3180 2942 3247 prohibere.
2991 3182 3181 3236 Verum
3212 3185 3295 3236 illa
3323 3201 3457 3253 quo-

1895 3281 1998 3334 que
2034 3267 2208 3320 dicent
2238 3284 2252 3322 :
2279 3268 2527 3334 Quamvis
2573 3270 2824 3338 dignitate
2866 3272 3259 3337 prazcellamus,
3311 3275 3458 3327 novi-

1896 3371 2013 3408 mus
2043 3366 2215 3410 tamcn
2242 3369 2442 3410 natura:
2474 3367 2666 3411 nostrae
2693 3360 2843 3423 lines,
2868 3375 2961 3413 nec
2982 3362 3295 3429 Cognitionis
3313 3378 3459 3416 men-

1896 3459 2071 3498 suram
2100 3446 2557 3515 praatergredimttr
2581 3466 2592 3499 :
2620 3462 2720 3499 non
2752 3450 2954 3501 curiost-
2984 3459 3275 3503 scrutamur
3293 3450 3457 3506 Crea-

1899 3544 2064 3588 torem
2085 3546 2319 3589 nostrum
2340 3575 2357 3601 ,
2379 3551 2484 3589 non
2512 3537 2844 3604 exploramus
2871 3554 2988 3591 emn
3020 3541 3106 3609 qui
3140 3557 3234 3593 nos
3259 3542 3456 3596 honore

1898 3623 2092 3676 affecit.
2135 3622 2389 3679 Novimus
2437 3624 3023 3693 incomprehensibilem
3067 3638 3304 3682 naturam
3352 3646 3454 3683 non

1898 3714 2084 3781 subjici
2131 3714 2529 3784 quaestionibus,
2557 3730 2655 3768 nec
2693 3714 2969 3769 obnoxiam
3000 3731 3118 3771 esse
3156 3720 3459 3773 ratiocinio-

1898 3819 2016 3857 rum
2043 3804 2233 3868 seriei;
2274 3812 2487 3872 superat
2531 3818 2742 3859 omnem
2784 3806 3074 3872 angelicum
3120 3815 3310 3860 statum
3340 3823 3458 3861 om-

1898 3909 2122 3963 nemque
2166 3895 2267 3948 vim
2298 3895 2561 3949 caelestem
2588 3894 2753 3963 gloria
2778 3894 2892 3962 ejus
2920 3898 3005 3963 qni
3035 3895 3302 3950 adorator.
3338 3898 3459 3953 ldeo

1898 3992 1951 4035 et
1975 3997 2070 4035 nos
2092 3998 2194 4036 non
2224 3982 2635 4036 transcendimus
2665 3985 2932 4035 terminos.
2957 3984 3071 4037 Non
3100 3987 3461 4051 praeterierunt

1898 4071 2181 4127 Cherubim
2213 4070 2323 4141 (α),
2368 4076 2459 4126 sed
2507 4088 2625 4127 curn
2670 4074 2809 4125 omni
2863 4076 3151 4128 reverentia
3192 4078 3457 4131 cwlcstcm

1963 4202 2038 4312 (α)
2066 4209 2211 4251 Totus
2230 4202 2348 4252 ordo
2368 4206 2598 4253 orationis
2635 4206 2840 4266 postulat
2879 4206 3143 4269 seraphim,
3169 4211 3385 4270 quamvis
3408 4211 3455 4259 ln

1963 4277 2003 4312 ιο
2042 4263 2171 4312 salte.
2191 4269 2243 4312 et
2258 4262 2558 4312 Cherubinos
2573 4276 2657 4312 nro
2667 4265 2942 4312 Semnhinis
2956 4269 3167 4312 nosnerit
3188 4268 3455 4312 l'hilastrius

1900 4261 2003 4313 loco
2018 4261 2171 4327 lsaire,
2191 4269 2243 4312 et
2258 4262 2558 4327 Cherubinos
2573 4261 2657 4325 pro
2667 4265 2942 4327 Seraphinis
2956 4261 3167 4327 posuerit
3188 4261 3460 4319 i'hilastrius

1900 4281 2003 4313 ιοοο
2022 4281 2171 4321 153ιὲ,
2191 4281 2243 4312 ει
2258 4281 2558 4313 ωεινιιυιηοδ
2573 4281 2657 4325 ιιιὉ
2667 4281 2942 4327 δθΐῖψωωε
3028 4281 3167 4317 ‘uertt
3188 4281 3459 4319 I'DllaSll'lUS

1900 4326 2078 4392 ttmresi
2102 4322 2290 4392 _ult_._,_ae
2312 4324 2534 4392 Paulinus
2571 4324 2794 4392 Natali-9,
2822 4339 2867 4385 p.
2894 4281 3235 4392 Gogfklpseqye
3260 4329 3459 4392 Chryso-

1899 4391 2081 4432 stonius
2101 4385 2149 4431 in
2175 4384 2306 4437 illud,
2336 4384 2534 4438 Potenti
2557 4384 2774 4445 possibile
2806 4384 2894 4444 est,
2938 4384 3061 4443 etc.,‘
3088 4395 3138 4436 et
3156 4384 3461 4439 Cberubinos

1898 4444 2169 4515 Seraphinis
2186 4447 2354 4551 jungat
2378 4444 2659 4513 Epiphanius
2680 4445 2900 4514 Ancorati
2924 4458 3027 4507 cap.
3050 4446 3123 4516 10,
3149 4447 3223 4517 2d,
3251 4462 3357 4496 cum
3380 4458 3460 4497 Sc-

1900 4516 2097 4551 vertauo
2119 4512 2247 4551 Orat.
2322 4504 2385 4551 de
2412 4504 2561 4551 Mundi
2592 4513 2859 4551 creatione.
2903 4512 2953 4551 et
3000 4505 3239 4551 ιἸιιιςιειιυιο
3282 4512 3458 4551 [imm-si

1900 4504 2097 4552 veriauo
2119 4504 2247 4554 Orat.
2273 4504 2301 4551 2
2322 4504 2385 4551 de
2412 4504 2561 4551 iuundi
2592 4506 2859 4564 creatione,
2903 4512 2953 4555 et
2983 4504 3239 4555 'rbilastrio
3282 4512 3459 4558 Περι-ρει

1902 4574 2118 4630 extrema
2142 4572 2193 4630 et
2216 4565 2490 4630 penult'una,
2520 4566 2792 4630 pariterque
2817 4564 3016 4630 hymnus
3036 4566 3336 4630 Cheruhieus
3363 4582 3451 4630 ap-

1920 4624 2069 4685 gellari
2095 4623 2265 4678 soleat,
2284 4627 2365 4685 qui
2390 4624 2671 4685 seraphicus
2696 4623 2785 4674 est.
2808 4623 2930 4673 sicut
2951 4626 3055 4674 vice
3074 4640 3212 4675 versa
3232 4629 3279 4676 in
3308 4623 3460 4677 locum

1954 4685 2282 4746 teruhinorum
2302 4682 2448 4746 Exodi
2473 4682 2523 4732 et
2545 4682 2815 4746 Paralipom.
2841 4686 3082 4746 Seraphinl
3107 4687 3461 4737 substituuntur

1902 4743 2155 4805 Actione_5
2171 4744 2337 4805 synodi
2357 4744 2461 4799 th,
2484 4756 2574 4791 seu
2609 4745 2656 4791 in
2680 4743 2996 4805 disputatione
3038 4744 3133 4795 illic
3176 4749 3357 4805 prolata
3380 4757 3462 4798 ,ιιι-

1903 4758 2102 4792 Αειιοιιε
2125 4758 2155 4790 ε)
2171 4758 2335 4805 syuoai
2362 4758 2461 4799 vu,
2484 4758 2574 4791 seu
2609 4758 2656 4791 tn
2680 4758 2750 4791 uis
2774 4758 2996 4793 iulatione
3038 4758 3133 4795 unc
3209 4758 3357 4797 rotata
3380 4758 3462 4798 ,ιιι-

1903 4805 2065 4872 dagi'et
2084 4802 2342 4872 _Ch_ristiani
2363 4805 2471 4872 (ubi
2489 4810 2648 4872 tamen
2807 4871 2812 4872 γ
2833 4812 2944 4872 Heg.
2988 4806 3123 4872 10320,
3158 4760 3321 4872 ait},
3347 4810 3463 4872 C_Ite-

1903 4862 2060 4911 rubim
2084 4864 2245 4920 habet,
2275 4869 2327 4911 ut
2358 4862 2407 4912 et
2428 4862 2551 4911 alter
2584 4862 2925 4923 interprettun)
2964 4874 3014 4914 et
3048 4862 3119 4913 ab?
3146 4862 3327 4916 Λαιτθά
3352 4868 3464 4918 Cre-

1904 4924 2029 4972 tensi
2052 4925 2272 4971 Oratione
2301 4925 2331 4971 3
2353 4926 2402 4972 in
2423 4924 2756 4972 dormitionem
2781 4924 2994 4983 Deiparae
3016 4938 3030 4973 :
3052 4938 3237 4975 necnon
3263 4928 3465 4977 thronus

1903 4983 2185 5043 Seraphicus
2218 4984 2361 5045 instar
2384 4983 2640 5034 Cherubici
2664 4984 2710 5045 in
2736 4985 2905 5045 eodem
2931 4985 3110 5045 Δηὼ-(ιθ
3134 4984 3313 5045 legitur
3335 4995 3462 5037 Orat.

1905 5046 2134 5106 iuramus
2167 5043 2447 5106 palmarum,
2484 5052 2628 5105 atque
2661 5043 2711 5092 in
2745 5044 3033 5105 Theophane
3064 5043 3298 5097 Cerameo
3331 5056 3463 5096 Hom.

1903 5103 1979 5162 55,
2006 5114 2063 5150 ac
2079 5103 2278 5171 eorm,“
2298 5114 2319 5155 ι
2340 5117 2428 5162 om
2458 5121 2509 5171 ys
2528 5103 2853 5171 Μίηοξηφξν
2881 5103 3061 5166 meum
3082 5122 3148 5171 ut:
3165 5119 3344 5171 μραφιμ,
3376 5108 3464 5171 hoc

1905 5171 2000 5221 est,
2026 5162 2297 5228 Dicitpeus
2320 5164 2467 5225 Meysi
2484 5162 2500 5213 ἑ
2519 5168 2614 5228 Fac
2630 5162 2880 5213 ('lterubim
2900 5162 2947 5228 et
2982 5162 3417 5228 seraphinﬁpist.
3442 5169 3463 5215 1

1904 5225 2117 5287 Gregorii
2144 5224 2187 5273 11
2209 5225 2267 5272 ad
2288 5224 2496 5287 Lwnegn
2516 5227 2747 5287 murum.
2775 5226 2971 5287 Accedit
3010 5226 3123 5282 huc,
3144 5227 3287 5287 quod,
3306 5224 3466 5275 notavi

1904 5237 2117 5333 ureggrtt
2144 5237 2187 5273 ιι
2209 5237 2267 5272 au
2288 5237 2496 5272 Lwnem
2516 5237 2747 5271 murum.
2775 5237 2966 5274 acceutt
3010 5237 3123 5282 nnc,
3144 5237 3268 5287 quoe
3308 5237 3466 5275 notavi

1904 5284 1961 5347 a_d
2000 5287 2396 5347 r__nstit.r.tpost_.,
2428 5283 2689 5347 Cheruuitn
2734 5290 2786 5331 et
2803 5285 3056 5347 seraphin:
3088 5286 3307 5335 confundi
3343 5287 3468 5346 apud

1906 5344 2139 5407 Cyrillum
2156 5341 2622 5407 Hierosolymitanum
2656 5341 3268 5407 catechcsi'mystagogica
3296 5348 3345 5403 5,
3375 5341 3468 5393 ὀιιὶ

1906 5402 2031 5452 nunc
2054 5402 2198 5452 addas
2220 5402 2478 5453 velim'tum
2503 5404 2835 5463 cognominem
2871 5402 3237 5453 Alexandrinum
3257 5402 3341 5453 lib.
3365 5407 3394 5453 9
3421 5414 3469 5454 et

1909 5464 2045 5512 tOde
2070 5466 2351 5513 adoratione
2394 5464 2437 5510 in
2475 5464 2638 5523 spiritu
2676 5472 2727 5512 et
2750 5466 2974 5521 veritate,
3007 5468 3086 5513 ubi
3123 5468 3265 5514 etiam
3292 5468 3468 5513 nomini

1906 5524 2148 5584 Seraphim
2173 5528 2250 5572 dat
2274 5526 2717 5584 interpretationem
2741 5526 2942 5573 neminis
2963 5524 3235 5576 Cberubtm.
3259 5540 3365 5573 cum
3389 5540 3469 5574 re-

1907 5583 2032 5633 ctius
2054 5583 2414 5644 interpretetur
2430 5583 2491 5631 ad
2531 5583 2664 5631 Isaiae
2684 5593 2825 5645 caput
2848 5586 2894 5642 6,
2922 5591 2969 5633 et
2995 5587 3050 5635 ad
3083 5592 3271 5633 Joannis
3300 5588 3373 5642 12,
3398 5588 3469 5642 tt,

1909 5651 2007 5691 tum
2035 5647 2327 5691 narrationes
2348 5651 2411 5691 de
2436 5645 2714 5693 inventione
2754 5653 2796 5693 s.
2838 5648 3006 5702 crucis,
3041 5648 3164 5705 apud
3200 5654 3473 5694 nretsertnn

1913 5718 1958 5749 c.
1988 5706 2123 5759 1697,
2150 5708 2285 5765 1706,
2314 5706 2448 5763 1707,
2480 5707 2610 5764 1711,
2637 5713 2733 5753 tum
2768 5709 3058 5753 Anastasiutn
3089 5710 3306 5755 Sinaitam
3338 5709 3391 5754 1::
3430 5710 3473 5755 in
