3996 6438
501 412 614 466 419

493 516 640 572 illum
660 513 906 582 hymnum
925 506 1296 562 modulantur:
1326 505 1564 566 Sanctus,
1586 511 1805 566 sanctus,
1837 511 2058 566 sanctus,

495 604 744 659 Dominus
766 599 1011 664 Sabaoth,
1031 599 1177 665 plena
1193 605 1263 649 est
1283 597 1442 648 omnis
1458 602 1589 646 terra
1604 593 1764 662 gloria
1777 593 1888 661 ejus
1908 590 2060 661 (Isai.

495 696 549 749 6.
582 694 660 760 3).
687 691 801 745 Non
848 687 1046 758 pudore
1097 695 1149 740 te
1177 684 1338 738 allicit
1375 682 1569 738 Paulus
1610 689 1664 735 et
1703 679 1929 752 Moyses,
1973 679 2061 748 qui

494 783 711 854 gloriam
741 795 844 833 non
874 775 1226 846 prmtergressi
1252 773 1413 827 sunt?
1441 771 1648 826 Pudore
1665 777 1716 825 te
1743 768 1939 824 afﬁciet
1957 783 2061 822 ea:-

496 875 626 932 lum.
647 869 866 939 gloriam
887 879 1160 920 enarrans.
1187 863 1294 917 Sed
1313 878 1408 916 nec
1435 859 1712 930 persuadet
1733 860 1822 913 libi
1841 858 2063 913 czelum?

495 961 757 1027 Pudorem
789 957 1018 1010 inferent
1046 954 1236 1022 angeli.
1261 954 1328 1006 At
1351 952 1568 1021 angelos
1597 950 1860 1019 despicis?
1889 949 2060 1003 Reve-

495 1063 613 1103 rere
649 1046 996 1102 Cherubinos.
1045 1044 1238 1097 Verum
1289 1041 1408 1095 illos
1447 1040 1606 1092 etiam
1639 1038 1889 1092 audacter
1929 1053 2064 1106 pras-

497 1134 846 1204 tergrederis?
872 1133 947 1186 Te
987 1130 1261 1197 Seraphim
1293 1143 1356 1182 eo
1386 1127 1640 1182 reducant
1668 1135 1724 1180 ut
1760 1127 1952 1194 sapias.
1996 1128 2067 1178 At

500 1240 600 1279 nec
621 1223 922 1278 ctelestibus
945 1235 1042 1275 nec
1071 1219 1296 1273 terrenis
1320 1217 1654 1271 documentis
1682 1230 1879 1270 morem
1900 1215 2065 1284 geris?

500 1315 664 1368 Extra
703 1327 909 1364 sacrum
936 1311 1152 1364 chorum
1189 1322 1364 1372 mane,
1397 1314 1586 1375 sponte
1611 1305 1790 1358 exsula
1820 1320 1850 1358 a
1876 1305 2068 1358 divinis

500 1404 670 1457 atriis.
721 1402 833 1454 Non
865 1409 1014 1468 putes
1042 1399 1184 1452 enim
1215 1398 1377 1451 Deum
1406 1395 1615 1449 curiose
1639 1394 1879 1452 scrutari.
1908 1404 1961 1448 et
1991 1395 2069 1446 in-

502 1502 582 1546 ter
608 1491 787 1545 lideles
816 1489 1102 1542 numerari.
1128 1485 1326 1555 Ecquid
1353 1485 1419 1539 de
1449 1484 1557 1537 Deo
1581 1483 1732 1536 dico?
1757 1483 1936 1536 Nescis
1958 1483 2068 1535 for-

503 1579 806 1636 midandum
840 1591 960 1632 esse
998 1575 1088 1630 Dei
1130 1585 1370 1628 naturam
1399 1573 1646 1626 audacter
1671 1572 1927 1625 scrutari?
1957 1573 2068 1625 lmo

504 1687 571 1724 ne
601 1672 711 1739 ipsa
731 1669 941 1738 quidem
958 1681 1117 1734 opera
1141 1665 1229 1717 Dei
1247 1664 1292 1717 si
1309 1663 1535 1716 volueris
1552 1662 1844 1715 accuratius
1865 1661 2066 1724 rimari,

503 1759 718 1827 dignum
747 1767 796 1810 te
821 1755 1024 1825 putabit
1065 1755 1204 1808 Deus
1245 1751 1598 1805 familiaritate
1634 1764 1749 1813 sua,
1776 1749 1869 1802 sed
1913 1750 2069 1816 longe

508 1848 748 1916 repellet,
781 1855 836 1898 ut
859 1844 949 1914 qui
977 1843 1318 1912 impossibilia
1345 1839 1686 1909 aggrediaris.
1718 1838 1922 1906 Moyses
1951 1839 2071 1891 talis

508 1948 787 2004 tantusque
815 1937 913 1998 vir,
945 1943 1021 1987 tot
1061 1933 1430 1987 miraculorum
1474 1939 1722 1999 patrator.
1750 1932 1839 1999 qui
1867 1931 2068 1984 media-

509 2043 594 2085 tor
621 2031 714 2085 Dei
742 2039 795 2083 et
833 2029 1104 2082 hominum
1150 2026 1264 2089 fuit,
1291 2027 1373 2078 cui
1412 2038 1557 2077 mare
1597 2023 1826 2076 divisum
1851 2032 1954 2088 est,
1981 2023 2071 2090 qui

508 2134 698 2175 manna
724 2119 790 2172 de
817 2118 960 2171 cmlis
1003 2115 1218 2169 deduxit
1242 2132 1254 2166 :
1283 2114 1369 2168 hic
1396 2113 1479 2166 ubi
1509 2128 1669 2166 unum
1697 2127 1761 2168 ex
1791 2113 1880 2165 Dei
1911 2112 2074 2181 jussis

507 2223 668 2264 ausus
686 2217 768 2262 est
795 2209 1019 2262 humana
1042 2207 1244 2258 ratione
1281 2203 1476 2268 metiri,
1506 2218 1602 2259 nec
1632 2202 1820 2254 divina:
1850 2214 2070 2255 conces-

513 2302 582 2353 sit
611 2297 874 2367 potentim,
907 2294 1283 2349 inexorabilem
1321 2307 1527 2360 poenam
1569 2290 1806 2344 incurrit.
1841 2289 1906 2343 Ut
1932 2290 2073 2344 enim

514 2387 750 2456 pervenit
776 2385 841 2438 ad
882 2394 1104 2452 petram,
1146 2381 1278 2434 dixit
1307 2380 1371 2433 ad
1398 2381 1644 2448 populum
1676 2379 1912 2448 :Popule
1951 2379 2077 2430 dure

511 2485 557 2528 et
581 2474 847 2534 incredula,
874 2489 994 2524 num
1019 2472 1081 2524 de
1107 2482 1246 2539 petra
1273 2469 1365 2520 Itac
1394 2479 1563 2538 potero
1593 2467 1726 2521 vobis
1747 2469 1869 2520 dare
1896 2484 2076 2535 aquam

515 2565 699 2632 (Num.
728 2563 818 2617 20.
849 2564 963 2631 10)⁶ξ
983 2561 1048 2615 Et
1089 2560 1210 2629 quid
1257 2560 1326 2612 illi
1369 2559 1509 2612 Deus
1543 2578 1555 2611 :
1591 2557 1695 2611 Pro
1724 2575 1780 2611 eo
1803 2559 1936 2626 quod
1977 2575 2077 2610 non

512 2653 805 2725 gloriﬁcasti
834 2668 910 2704 me
942 2666 1108 2704 coram
1132 2664 1405 2718 synagoga,
1443 2664 1539 2699 non
1577 2647 1870 2714 ingrediaris
1894 2649 1946 2698 in
1972 2655 2076 2698 ter-

514 2760 642 2808 ram,
666 2758 815 2812 quam
842 2740 1012 2810 juravi
1034 2738 1190 2806 (Ibid.
1217 2754 1265 2789 υ.
1299 2736 1407 2805 12).
1437 2735 1531 2790 llic
1555 2735 1678 2788 mihi
1703 2745 1932 2789 mentem
1959 2735 2078 2788 dili-

519 2841 701 2902 genter
739 2830 949 2883 adhibe.
995 2826 1100 2880 Pro
1122 2843 1177 2879 eo
1202 2827 1336 2892 quod
1366 2841 1464 2877 non
1501 2823 1794 2894 gloriﬁcasti
1819 2839 1914 2878 me.
1941 2823 2075 2890 Quid

517 2933 632 2978 erat
660 2919 987 2991 gloriﬁcare?
1031 2919 1234 2980 Dicere,
1264 2916 1452 2970 Omnia
1481 2923 1655 2983 petest
1681 2915 1838 2968 Deus.
1879 2913 2075 2968 Pecca-

518 3023 626 3066 tum
649 3011 787 3064 enim
819 3017 899 3062 est
925 3016 1105 3061 contra
1133 3006 1298 3060 Deum
1331 3005 1618 3058 rationibus
1638 3013 1784 3072 gesta
1811 3004 1925 3073 ejus
1955 3017 2080 3057 exa-

517 3105 741 3166 minare,
765 3116 860 3154 nec
884 3099 1074 3152 divina:
1105 3096 1279 3152 virtuti
1312 3098 1634 3165 permittere,
1651 3111 1768 3164 qua:
1788 3110 1946 3164 super
1965 3109 2078 3148 om-

520 3192 604 3246 nia
651 3199 898 3259 operatur
933 3203 1050 3256 quaa
1095 3201 1186 3240 sna
1232 3195 1373 3240 sunt.
1433 3184 1798 3239 Defensionem
1855 3184 2079 3238 instituit

520 3281 681 3336 David
713 3294 806 3349 pro
827 3280 1005 3348 Moyse
1029 3278 1198 3346 lapso,
1227 3292 1331 3330 non
1367 3283 1563 3338 mente,
1595 3274 1686 3328 sed
1714 3275 1884 3344 lingua
1909 3273 2077 3346 (Psal.

523 3369 646 3426 105.
675 3368 785 3437 33).
808 3367 1218 3434 Namjustorum
1235 3365 1423 3418 delicta
1455 3366 1505 3416 in
1538 3365 1710 3433 lingua
1727 3373 1869 3429 sunt,
1889 3363 2080 3433 impio-

520 3476 634 3516 rum
652 3459 870 3513 crimina
893 3458 942 3510 in
962 3466 1156 3510 mente.
1176 3458 1251 3509 Ac
1262 3457 1395 3510 sicut
1414 3455 1604 3524 impius
1624 3465 1801 3509 mente
1821 3455 2029 3524 quidem
2050 3470 2078 3506 a

521 3552 629 3604 Deo
670 3549 979 3617 scjuugitur,
1009 3546 1317 3614 videturque
1361 3553 1537 3598 tamen
1579 3544 1784 3599 ratione
1823 3543 2079 3599 labiorum

520 3641 840 3706 aliquantum
865 3636 930 3689 ad
958 3650 1078 3688 eum
1102 3634 1386 3697 accedere;
1424 3648 1544 3686 nam
1573 3631 1805 3702 Populus
1831 3633 1912 3684 hic
1937 3633 2082 3686 labiis

521 3745 599 3786 me
623 3732 853 3788 honorat.
873 3743 958 3778 cor
983 3737 1144 3778 autem
1161 3727 1266 3793 ejus
1289 3725 1434 3793 longe
1452 3732 1523 3776 εει
1543 3739 1573 3774 a
1591 3739 1666 3775 me
1689 3723 1836 3792 (lsai.
1854 3723 1922 3777 29
1935 3764 1949 3776 .
1969 3724 2078 3794 15):

521 3818 597 3870 sic
621 3826 674 3869 et
703 3817 817 3883 pius
848 3814 999 3866 ﬁrmo
1028 3813 1188 3866 corde
1210 3813 1477 3880 prmditns,
1498 3825 1639 3880 saepe
1665 3811 1840 3880 lingua
1870 3812 2080 3866 labitur.

524 3905 646 3966 ldco
697 3905 855 3958 David
897 3904 1087 3973 Moysis
1126 3902 1484 3955 defensionem
1531 3902 1782 3970 suscipit,
1828 3901 2081 3969 propheta

523 3997 833 4066 ιιι-ομιιριωη
881 4002 1064 4063 purgat
1105 4012 1118 4047 :
1167 3992 1229 4044 Et
1275 3993 1593 4045 irritaverant
1638 4009 1748 4044 eum
1786 3994 1853 4044 ad
1900 4009 2081 4063 aquam

523 4088 943 4149 contradictionis,
970 4096 1012 4137 ει
1037 4093 1236 4137 vexatus
1263 4093 1331 4136 est
1355 4085 1403 4136 Μ
1411 4100 1552 4153 oyscs
1583 4093 1783 4153 prOpter
1809 4101 1890 4137 eos
1912 4084 2080 4154 (Psal.

525 4180 645 4235 105.
677 4177 787 4245 52);
812 4191 913 4228 non
943 4184 1152 4243 propter
1177 4188 1253 4226 se.
1287 4173 1418 4239 Quid
1446 4183 1619 4226 autem
1647 4173 1743 4226 sibi
1780 4174 1891 4226 vult
1929 4173 2079 4238 illud,

527 4269 742 4336 Propter
773 4266 895 4320 eos?
924 4263 1034 4318 Non
1076 4279 1143 4317 ex
1188 4264 1397 4331 proprio
1434 4263 1610 4314 animo
1661 4263 2082 4317 incredulitatem

523 4359 776 4422 exhibuit,
809 4357 902 4411 sed
941 4354 1279 4409 conturbatus
1319 4369 1384 4406 ex
1423 4352 1838 4406 contradictione
1884 4355 2082 4422 populi,

528 4465 632 4503 non
655 4448 874 4516 amplius
898 4455 1126 4500 mentem
1151 4443 1331 4496 habuit
1356 4458 1539 4512 puram
1566 4483 1579 4506 ,
1605 4451 1784 4511 utpote
1805 4443 2088 4496 conturba-

527 4631 893 4679 ttexaemeron;
951 4625 1050 4666 tum
1089 4619 1299 4680 denique
1331 4618 1627 4667 Theodorum
1661 4620 1997 4680 I‘rodromum,
2038 4622 2086 4669 in

529 4686 702 4736 eodem
721 4689 944 4744 Uretsero
965 4694 1009 4728 c.
1033 4679 1172 4727 9.569.
1197 4679 1501 4744 Quodautem
1521 4680 1608 4727 hoc
1629 4682 1673 4727 in
1694 4680 1794 4744 loco
1809 4679 2088 4744 ChrysOsto-

529 4759 635 4793 nius
657 4743 942 4802 Seraphinos
964 4749 1105 4800 ponat
1126 4753 1267 4802 supra
1285 4739 1600 4802 Cherubiuos,
1619 4742 1843 4789 Oratione
1859 4739 1976 4789 vero
1994 4750 2088 4789 ter~

529 4811 594 4854 tia
616 4804 678 4851 de
704 4799 1362 4861 lncmuprchcusibilicontra
1397 4799 1551 4854 faciat,
1580 4813 1722 4861 quam
1745 4803 1980 4849 rationem
2002 4802 2088 4850 da-

531 4862 718 4915 bimus?
750 4861 938 4909 Scilicet
964 4863 1009 4907 in
1033 4873 1088 4907 re
1111 4861 1359 4907 arbitraria
1385 4868 1434 4908 et
1475 4862 1672 4916 incerta,
1718 4863 1964 4922 variationi
1987 4864 2090 4922 epi-

529 4923 872 4994 nio_uis_locu_ut
903 4933 1037 4994 esse.
1077 4928 1217 4990 Porro
1250 4934 1309 4994 ex
1329 4922 1761 4994 lorationeaicetze
1786 4921 2093 4994 Paphlagonis

531 4989 578 5034 in
605 4984 791 5032 laudem
817 4981 1137 5028 ttarlholomcei
1162 4979 1376 5039 apostoli.
1405 4982 1648 5028 novissimi
1674 4979 1869 5028 auctarii
1889 4979 2094 5030 Combe-

530 5047 678 5095 ﬁsiani
705 5059 750 5105 p.
796 5043 907 5105 307,
929 5042 1037 5105 598,
1060 5041 1151 5105 ubi
1191 5043 1383 5105 ordines
1405 5042 1620 5105 angelici
1642 5042 1871 5105 gradatim
1896 5055 2095 5090 enume-

533 5101 717 5160 rantur,
735 5103 971 5150 excidisse
997 5101 1347 5161 videnturvitio
1371 5103 1642 5161 autiqnarii,
1662 5103 1883 5158 virtutes;
1909 5111 1960 5151 et
1981 5112 2092 5151 Ora-

532 5169 666 5214 tione
686 5166 742 5224 in,
755 5162 976 5210 Thomam
1001 5175 1048 5220 p.
1069 5161 1175 5224 3'40,
1196 5159 1382 5224 throni;
1405 5159 1804 5224 queniatlmodum
1842 5161 1993 5222 liquet
2011 5177 2098 5224 per

532 5223 832 5275 consimilem
853 5222 1268 5267 enumerationem
1283 5223 1454 5266 Meet-.c
1477 5229 1601 5268 orat.
1629 5223 1675 5268 in
1701 5229 1892 5268 Petrum
1911 5231 1961 5271 et
1987 5222 2099 5271 ινξιυ.

534 5287 630 5334 inin
658 5299 704 5346 p.
727 5282 838 5338 354,
863 5289 914 5329 et
932 5289 1060 5328 orat.
1079 5283 1130 5346 in
1149 5280 1610 5346 Judani‘t'haddzeum
1633 5295 1679 5340 p.
1703 5281 2099 5346 4gl._()onsulere

535 5339 688 5406 adhuc
712 5351 850 5406 potes
873 5348 1023 5406 Νοεθτρ,
1033 5340 1092 5387 ad
1102 5339 1487 5406 _Apostol_icorum_
1511 5339 1662 5399 Opera
1680 5355 1722 5406 c_.
1741 5342 1850 5397 512,
1877 5345 2100 5406 insuper-

537 5419 633 5460 que
652 5397 1042 5460 Sflreuseumlih
1060 5398 1115 5460 .__l
1135 5397 1273 5457 (cap.
1300 5400 1343 5456 1,
1369 5415 1413 5459 p.
1439 5401 1514 5456 21,
1543 5397 1594 5448 et
1618 5415 1662 5447 ιο
1684 5403 1941 5460 Epiphanio
1963 5397 2091 5457 Hier,

537 5457 614 5520 (1,
640 5463 780 5521 η,17,
809 5476 852 5520 p.
877 5460 984 5521 181,
1005 5457 1058 5510 C.
1077 5458 1132 5521 D.
1154 5460 1220 5506 Ae
1237 5457 1428 5521 demum
1447 5473 1471 5504 a
1490 5469 1500 5504 t
1520 5461 1610 5521 ista
1634 5457 1871 5521 Ι³1ιὶιβξιγὶὶ
1887 5471 1988 5519 cap.
2007 5473 2090 5521 pp-

535 5516 735 5582 str'emu,
763 5516 886 5571 Nam
913 5518 1165 5568 Cherubim
1197 5519 1439 5582 plenitudo
1460 5518 1668 5582 scicntia:
1689 5519 1886 5577 dicitur,
1921 5516 1964 5567 et
1991 5516 2094 5582 vir-

539 5591 613 5631 tus
634 5577 769 5644 ignea
803 5593 1066 5644 peragrans
1101 5577 1387 5644 appellatur,
1432 5592 1509 5644 me
1533 5580 1665 5635 vide;
1699 5582 1927 5644 audacter
1963 5581 2094 5644 enim

539 5639 732 5749 ilntilu'ro,
757 5639 1073 5702 et'Serapltint
1109 5639 1256 5690 virtus
1292 5639 1430 5702 ignea
1452 5639 1660 5701 ﬂagrans
1680 5640 1962 5701 appellatur.
2002 5639 2094 5689 Co-

564 5717 592 5745 ρ
613 5715 688 5749 er.

541 5712 688 5753 teter.

1977 389 2242 447 INCERTI

3633 416 3755 470 420

2167 511 2294 556 tam.
2326 500 2450 555 ilzcc
2492 499 2739 568 loquutus
2778 514 2896 553 sum
2923 498 2990 552 ab
3023 496 3231 553 omcina
3275 499 3566 568 iniquitatis
3613 516 3744 572 pro-

2168 592 2294 645 lata.
2320 590 2416 646 Ubi
2465 590 2658 643 audisti
2700 590 2936 658 genitum
2965 599 3019 642 et
3043 588 3365 655 ingenitum?
3409 590 3496 644 ubi
3542 591 3742 647 audisti

2167 695 2332 734 novas
2363 680 2501 743 illas,
2540 680 2752 733 insanas
2790 680 3058 746 [astusque
3089 679 3269 747 plenas
3290 680 3586 735 dictiones?
3613 680 3738 735 Cir-

2167 770 2482 838 cumscripta
2518 776 2640 821 sunt
2687 767 2796 830 illa,
2826 782 2945 835 quas
2988 767 3215 836 Spiritus
3256 778 3399 832 sunt,
3427 778 3481 823 ct
3524 769 3740 825 inducta

2166 859 2396 912 vicissim
2426 875 2486 910 ea
2517 873 2634 926 qua:
2663 866 2787 911 sunt
2813 858 3026 912 diaboli.
3059 856 3112 911 Si
3137 859 3248 912 hzec
3272 861 3486 926 quaeris,
3514 858 3736 913 Paulum

2168 965 2332 1019 quare
2368 950 2457 1002 tibi
2491 949 2727 1002 vindicas
2768 948 3078 1002 doctorem?
3103 948 3148 1000 si
3179 948 3292 1002 hme
3316 949 3525 1003 curiose
3554 951 3740 1018 explo-

2169 1052 2276 1100 ras,
2301 1039 2514 1092 Petrum
2539 1047 2590 1092 te
2614 1037 2808 1092 habere
2834 1037 2956 1105 quid
2981 1037 3259 1104 gloriaris?
3290 1037 3469 1091 Fidem
3493 1053 3645 1107 nega,
3679 1049 3738 1092 et

2170 1124 2350 1194 profer
2391 1125 2758 1194 qumstinnem.
2790 1124 2894 1180 Sed
2918 1141 2947 1177 a
2967 1125 3257 1193 Scriptura,
3301 1127 3485 1194 inquit,
3516 1141 3622 1180 non
3653 1142 3739 1180 re-

2169 1216 2301 1270 cedo
2324 1256 2339 1280 ,
2367 1215 2522 1269 absit.
2570 1214 2813 1269 Inimicus
2840 1219 2980 1267 et
3007 1213 3080 1284 (ιι)
3107 1214 3393 1284 discipulus
3435 1225 3492 1270 et
3521 1217 3739 1271 ratioci-

2172 1305 2378 1358 niorum
2419 1304 2700 1373 magister?
2739 1303 2955 1371 Explica
2988 1304 3112 1358 mihi
3141 1304 3229 1370 qui
3256 1304 3526 1358 ratiocinia
3565 1315 3744 1359 secta-

2170 1395 2278 1455 ris,
2321 1394 2588 1463 quomodo
2624 1393 2866 1448 Christus
2899 1393 3074 1462 januis
3102 1394 3296 1448 clausis
3335 1397 3605 1463 ingressus
3646 1396 3738 1448 sit.

2171 1483 2306 1552 Quid
2325 1499 2459 1553 opus
2483 1493 2565 1538 est
2591 1484 2694 1538 alia
2726 1484 2986 1538 tractare?
3023 1483 3152 1537 Nam
3181 1497 3322 1552 saepe
3347 1492 3400 1538 et
3428 1484 3741 1538 dicentibus

2171 1586 2224 1630 et
2247 1575 2577 1631 audientibus
2605 1575 2928 1630 detrimento
2951 1582 3092 1629 sunt.
3119 1573 3234 1628 Non
3255 1574 3372 1628 dico
3411 1573 3524 1639 tibi,
3554 1575 3736 1628 invisi-

2174 1667 2331 1722 bilem
2359 1675 2601 1722 naturam
2641 1680 2849 1736 expone
2880 1684 2893 1719 :
2921 1665 3186 1734 quomodo
3204 1667 3386 1734 genuit
3413 1666 3590 1728 Pater,
3617 1667 3741 1734 quis

2171 1757 2360 1810 divina!
2377 1757 2733 1826 generationis
2753 1754 2940 1810 modus
2959 1771 2973 1820 ;
2995 1755 3402 1826 dispensationis
3422 1753 3496 1825 (ὁ)
3519 1755 3738 1809 modum

2173 1850 2405 1917 requiro.

2244 1938 2297 1992 5.
2335 1937 2428 1991 Dic
2447 1936 2711 2006 quomodo
2726 1935 2904 2005 januis
2927 1935 3120 1990 clausis
3149 1936 3416 2004 ingressus
3445 1935 3514 1990 sit
3541 1936 3741 1990 Serva-

2175 2037 2279 2091 tor,
2300 2026 2566 2097 quomodo
2595 2027 2892 2096 ingressum
2914 2026 3068 2081 luerit
3092 2041 3284 2094 corpus
3312 2024 3598 2095 (Joan.20.
3617 2026 3732 2094 26).

2175 2116 2340 2186 Negat
2368 2127 2550 2170 natura
2575 2116 2815 2185 corporis
2941 2117 3230 2184 evangelia.
3253 2116 3306 2170 Si
3337 2116 3494 2170 Iidem
3523 2131 3740 2184 sequar,

2174 2207 2373 2259 veritas
2417 2214 2497 2259 est
2537 2205 2853 2258 certissima.
2880 2203 3156 2270 Quomodo
3201 2205 3374 2273 januis
3419 2205 3611 2258 clausis
3655 2206 3732 2259 in-

2176 2309 2388 2362 gressus
2415 2294 2536 2348 est?
2575 2294 2688 2348 Non
2729 2302 2844 2348 erat
2870 2294 3008 2348 enim
3037 2295 3342 2363 incorporea
3382 2305 3588 2360 natura,
3621 2311 3747 2364 quas

2177 2397 2401 2452 corpora
2430 2385 2604 2438 omnia
2649 2393 2922 2452 penetrat;
2975 2384 3068 2438 sed
3119 2391 3375 2438 eratcum
3426 2385 3745 2454 incorporea

2178 2487 2409 2543 corpus;
2468 2474 2624 2542 idque
2672 2483 2789 2526 erat
2834 2474 3157 2542 incorporea:
3210 2483 3412 2526 natura:
3461 2488 3742 2543 organum.

2180 2562 2290 2615 Hoc
2317 2563 2512 2631 quippe
2541 2578 2733 2631 Corpus
2758 2562 3045 2616 humanum
3083 2563 3332 2617 Servator
3361 2563 3560 2618 habuit.
3584 2563 3748 2618 Certe

2179 2652 2418 2720 discipuli
2441 2653 2504 2704 ad
2534 2669 2729 2706 novum
2760 2653 3066 2706 miraculum
3088 2655 3448 2724 respicientes,
3470 2654 3750 2709 existima-

2179 2754 2300 2795 runt
2327 2743 2570 2811 spiritum
2600 2758 2737 2807 esse,
2779 2745 2900 2812 quia
2949 2743 3077 2798 illud
3106 2753 3342 2798 naturam
3370 2746 3609 2814 corporis
3655 2763 3748 2800 su-

2182 2831 2417 2899 perabat.
2440 2835 2522 2855 “'
2551 2831 2914 2889 dubitantibus
2937 2835 3010 2887 ait
3036 2851 3048 2886 :
3085 2835 3299 2903 Palpate
3330 2852 3425 2901 me,
3469 2846 3516 2890 et
3557 2837 3744 2900 videte,

2179 2922 2296 2992 quia
2323 2922 2530 2989 spiritus
2555 2938 2777 2987 carnem,
2795 2932 2840 2976 ει
2868 2939 2984 2976 ossa
3009 2939 3106 2976 non
3129 2923 3294 2989 habet,
3321 2926 3446 2978 sicut
3471 2941 3549 2977 me
3568 2927 3749 2978 ridetis

2181 3011 2360 3065 habere
2395 3011 2542 3084 (Luc.
2570 3013 2658 3068 24.
2702 3014 2813 3084 39).
2848 3013 3125 3080 Quomodo
3156 3014 3420 3082 ingressus
3456 3015 3576 3068 est?
3617 3031 3747 3068 num

2181 3116 2388 3158 asseres
2416 3104 2580 3157 instar
2602 3105 2740 3158 aeris
2769 3104 2924 3158 soluti
2955 3104 3119 3157 sunt?
3162 3119 3226 3156 an
3255 3103 3390 3157 forte
3427 3119 3621 3173 corpus
3647 3121 3748 3159 ex-

2186 3205 2454 3249 tenuatum
2483 3203 2583 3258 est,
2616 3196 2797 3264 sicque
2827 3195 3116 3265 permeavit
3145 3195 3268 3264 ligni
3299 3194 3748 3250 crassitudinem?

2185 3286 2251 3338 At
2273 3301 2441 3356 neque
2467 3294 2523 3340 tu
2545 3286 2723 3340 dicere
2750 3296 2920 3355 potes,
2941 3301 3110 3355 neque
3130 3301 3228 3355 ego
3249 3287 3529 3354 explanare
3554 3286 3745 3341 valeo:

2185 3378 2316 3432 nihil
2338 3378 2523 3430 horum
2548 3377 2674 3431 mihi
2708 3377 2977 3446 Scriptura
3004 3376 3237 3440 tradidit,
3265 3391 3374 3430 rem
3403 3391 3505 3429 non
3533 3377 3749 3431 curiose

2185 3469 2460 3538 perquiro:
2492 3482 2553 3521 ea
2579 3483 2694 3537 quae
2721 3466 3030 3534 prmdieovit
3051 3480 3266 3534 sequor,
3293 3465 3498 3519 etiamsi
3526 3467 3747 3519 nollem.

2186 3560 2484 3630 lngressum
2512 3574 2634 3614 esse
2659 3559 2819 3613 credo
2845 3579 2858 3614 :
2881 3557 3146 3626 quomodo
3167 3565 3340 3610 autem
3371 3571 3474 3610 non
3501 3557 3746 3624 exploro.

2184 3651 2260 3706 Nc
2305 3653 2560 3718 putes‘“
2605 3649 2797 3702 clausis
2823 3647 2998 3716 januis
3025 3648 3289 3715 ingressus
3316 3653 3416 3698 est.
3447 3643 3560 3698 Non
3591 3645 3747 3708 dixit,

2185 3737 2463 3794 Rarelacta
2495 3747 2584 3790 aut
2629 3738 2797 3790 soluta
2833 3737 2992 3805 janua
3021 3735 3288 3804 ingressus
3315 3743 3412 3797 est,
3441 3733 3533 3787 sed
3561 3732 3751 3787 Jauuis

2185 3829 2388 3882 clausis.
2432 3828 2580 3895 Quod
2619 3827 2813 3882 factum
2858 3835 2937 3880 est
2961 3825 3229 3888 narravit;
3275 3825 3392 3894 quis
3438 3823 3515 3878 rei
3556 3825 3753 3877 modus

2188 3921 2344 3975 fuerit
2389 3935 2492 3973 non
2537 3917 2845 3972 declaravit.
2875 3916 3014 3971 Exiit
3057 3916 3246 3969 Petrus
3289 3929 3319 3968 e
3359 3928 3606 3976 carcere;
3655 3913 3753 3968 sed

2187 4019 2381 4078 aperta:
2423 4017 2546 4062 sunt
2583 4009 2632 4061 ei
2678 4008 2886 4075 januze,
2931 4006 3089 4073 idque
3125 4003 3390 4072 Scriptura
3434 4000 3753 4068 signiﬁcavit

2185 4101 2270 4154 his
2297 4101 2506 4155 verbis:
2542 4099 2697 4151 Porta
2726 4101 2886 4166 ferrea
2910 4095 3046 4149 ultro
3080 4101 3253 4162 aperta
3275 4101 3349 4146 est
3384 4091 3453 4143 eis
3494 4089 3628 4155 (Act.
3663 4089 3750 4148 l2.

2190 4192 2298 4262 10).
2330 4191 2443 4244 Νοη
2470 4189 2624 4252 dixit,
2655 4186 2804 4242 Ultro
2833 4185 3065 4252 suscepit
3094 4183 3308 4236 Petrum
3351 4191 3710 4233 transeuntem
3739 4196 3753 4232 :

2191 4280 2474 4334 humanum
2505 4278 2699 4346 quippe
2742 4289 2936 4343 corpus
2961 4280 3095 4336 erat,
3125 4279 3180 4324 et
3205 4285 3268 4324 ex
3300 4269 3525 4324 humana
3556 4283 3753 4325 massa.

2189 4371 2393 4436 Corpus
2421 4379 2550 4420 vero
2585 4366 2782 4418 Christi
2814 4364 3098 4416 humanum
3143 4359 3357 4428 quidem
3386 4367 3522 4423 erat,
3549 4358 3620 4412 ob
3659 4373 3759 4412 co-

2190 4459 2490 4528 gnationem
2541 4470 2698 4524 quam
2744 4453 3015 4507 nobiscum
3058 4451 3254 4515 habet;
3300 4450 3534 4505 divinum
3578 4459 3761 4509 autem

2192 4548 2262 4601 ob
2290 4547 2540 4601 unionem
2565 4544 2756 4605 Verbo,
2788 4551 2842 4596 et
2869 4542 2938 4595 oh
2981 4540 3341 4595 admirabilem
3374 4539 3600 4608 Virginis
3630 4554 3760 4608 par-

2195 4649 2302 4690 tum
2324 4639 2417 4705 (c).
2447 4633 2724 4702 Quomodo
2757 4632 2932 4700 januis
2956 4631 3148 4686 clausis
3179 4631 3445 4698 ingressus
3473 4630 3592 4683 est?
3621 4644 3764 4699 quo-

2195 4729 2352 4782 modo
2378 4727 2522 4780 cmlis
2548 4725 2740 4779 clausis
2759 4723 3036 4778 ascendit?
3062 4722 3104 4774 Ο
3133 4719 3483 4774 temeritatem
3515 4719 3639 4774 talia
3666 4735 3760 4773 au-

2257 4859 2330 4920 (a)
2364 4861 2444 4907 llic
2483 4866 2534 4920 et
2558 4859 2779 4920 tribusiin
2807 4856 2922 4920 locis
2957 4853 3292 4920 sequentibus.
3311 4853 3392 4920 qui
3415 4853 3660 4920 asteriscis
3679 4866 3765 4920 no:

2195 4912 2374 4976 tantur,
2395 4919 2675 4968 testiﬁcatur
2698 4917 2967 4969 Cotelerius
2981 4912 3247 4962 desiderari
3278 4912 3490 4975 quiaque
3524 4912 3683 4962 lineas
3703 4913 3766 4962 ad

2225 4981 2426 5028 inaulos.

2197 4995 2454 5110 maii'iiér
2469 5039 2886 5110 It‘liSpensationem
2911 5037 3077 5110 (Graec.
3102 5032 3321 5110 sumat“)
3353 5031 3597 5110 intelligas
3618 5035 3766 5082 incar-

2200 5092 2442 5151 nationem
2465 5092 2654 5152 Christi,
2681 5112 2769 5146 seu
2787 5092 2943 5158 potius
2979 5092 3328 5158 totamiserirm
3366 5092 3613 5158 natalium,
3648 5107 3769 5158 ope-

2203 5175 2326 5217 rum,
2355 5170 2404 5210 et
2427 5160 2592 5208 mortis
2614 5153 2806 5216 Christi,
2831 5171 2941 5219 qua:
2965 5160 3013 5205 in
3057 5157 3441 5216 redemptionem
3464 5153 3658 5200 humani
3684 5168 3768 5214 ger

2202 5225 2335 5269 neris
2355 5222 2550 5269 cedunt.

2265 5285 2334 5340 (ε)
2366 5289 2506 5329 Juxta
2544 5281 2671 5327 hunc
2708 5279 2866 5341 locum
2890 5278 3074 5341 corrigi
3107 5275 3251 5324 velim
3289 5275 3544 5341 hosticum,
3580 5272 3772 5340 quando

2205 5334 2338 5390 notat
2359 5343 2417 5389 ad
2440 5334 3137 5402 SynodumLhaleedonensem
3163 5351 3176 5384 :
3209 5334 3370 5402 Melior
3388 5334 3772 5402 iruerpretatiost

2205 5415 2259 5449 eo
2282 5393 2556 5462 quodgo'eus
2586 5402 2787 5462 Verbum
2827 5399 3148 5462 incamatione
3191 5404 3234 5445 ct
3271 5393 3773 5462 ittlttttntmalusnsilfl

2208 5453 2507 5521 conceptione
2529 5459 2730 5521 tmirerit
2771 5458 3026 5521 amplum;
3053 5461 3115 5506 ita
3139 5463 3207 5521 ut_
3233 5455 3488 5510 scribatur,
3513 5453 3681 5521 melior
3700 5453 3773 5501 in-

2209 5513 2486 5584 terpretatio
2503 5520 2579 5577 sit,
2598 5533 2652 5568 co
2666 5522 2789 5576 quod
2817 5513 2942 5584 Deus
2967 5513 3464 5584 te'erbumhincarnatus
3486 5519 3531 5584 e_t
3554 5513 3776 5584 inhuma-

2211 5574 2347 5628 nat'us
2382 5582 2464 5638 sit,
2488 5589 2531 5628 et
2566 5574 2628 5628 ea:
2665 5574 2962 5640 ἑοηερριίοηε
2992 5575 3193 5640 unirerit
3224 5574 3464 5640 templum.
3490 5579 3637 5640 Tota;
3655 5574 3674 5620 l
3697 5585 3776 5620 rc-

2215 5645 2370 5750 eelztis
2399 5632 2735 5701 pra‘clarzrque
2768 5632 3074 5690 Cbllectionis
3105 5632 3360 5687 Baltiziaua:
3391 5633 3485 5684 col.
3518 5632 3656 5682 1080.
3696 5642 3777 5682 (‘0-

2220 5711 2260 5749 ,ι’
2310 5713 2343 5750 r.

2217 5706 2343 5751 lt‘lcr.
