3996 6428
230 434 342 487 419

220 530 377 598 ἡμεῖς
401 527 498 598 οὐχ
527 528 927 600 ὑπερϐαίνομεν
964 532 1085 594 τοὺς
1117 533 1291 603 ὅρους.
1317 534 1429 603 Ούνχ
1460 532 1700 603 ὑπερέϐη
1731 531 1799 584 τὰ

218 624 519 693 Χερουϐὶμ,
551 626 685 679 ἀλλά
718 627 854 695 μετά
891 629 1072 698 πάσης
1104 629 1387 691 εὐλαϐείας
1424 628 1515 681 τὸν
1553 629 1802 698 οὐράνιον

217 721 421 772 ἐκεῖνον
454 721 620 789 ὕμνον
649 723 953 791 ἀναμέλπει
979 745 990 756 ·
1018 726 1231 793 Ἄγιος,
1256 725 1440 793 ἅγιος,
1468 725 1653 794 ἄγνος,
1685 722 1800 776 Κύ-

208 832 341 882 ριος
364 814 520 887 [όὲὄ]
555 819 820 879 Σαϐαὼθ,
850 820 1086 886 πλήρης
1118 819 1287 877 πᾶσα
1312 823 1350 887 ἡ
1378 819 1451 889 γῆ
1481 820 1589 888 τῆς
1620 821 1803 887 δόξης

214 911 424 965 αὑτοῦ.
473 914 549 965 Ού
582 913 821 966 δυσωπεῖ
861 932 918 965 σε
962 915 1173 978 Παῦλος
1213 917 1307 968 καὶ
1350 917 1611 984 Μωῡσὴς,
1646 916 1803 980 δόξαν

215 1009 288 1077 μὴ
331 1010 791 1078 ὑπερϐαίνοντες;
827 1014 1147 1080 Δυσωπήσει
1191 1030 1248 1064 σε
1294 1016 1321 1065 6
1363 1014 1611 1083 οὐρανὸς,
1645 1014 1802 1078 δόξαν

212 1103 597 1171 ἀπαγγέλλων.
636 1106 777 1158 Ἀλλ’
805 1107 863 1158 ού
893 1107 1067 1159 πείθει
1101 1125 1158 1159 σε
1188 1110 1216 1159 6
1243 1109 1507 1177 ούρανὸς;
1542 1110 1802 1177 Δυσωτιή-

214 1215 396 1251 σουσιν
433 1202 673 1267 ἄγγελοι.
725 1203 861 1253 Ἀλλ’
904 1203 1149 1269 αγγέλων
1198 1207 1593 1272 καταφρονεῖς
1626 1204 1800 1273 Φοϐή-

212 1303 331 1372 θητι
372 1306 443 1358 τε
484 1308 784 1377 Χερουϐίμ.
824 1309 983 1361 Ἀλλά
1031 1325 1123 1362 και
1150 1310 1322 1362 ταῦτα
1358 1312 1704 1380 ύπερϐαίνεις
1734 1314 1799 1381 τῇ

207 1404 377 1474 τόλμῃ
401 1422 416 1468 ;
446 1406 835 1474 Σωφρονιζέτω
858 1426 916 1461 σε
938 1409 1005 1462 τά
1032 1410 1300 1481 Σεραφίμ.
1332 1412 1469 1463 Ἀλλ’
1491 1410 1613 1464 οὔτε
1643 1414 1804 1484 ὑπερ-

210 1504 475 1571 κοσμίοις,
510 1502 633 1558 οῦτε
664 1506 1056 1575 ὑποδείγμασιν
1086 1511 1348 1577 ἐπιγείοις
1378 1512 1572 1583 πείθῃς
1618 1513 1802 1575 Ἐκτὺς

207 1602 363 1666 γενοῦ
404 1603 517 1653 τῶν
553 1604 711 1673 ἱερῶν
746 1606 941 1675 χορῶν,
980 1606 1221 1677 ὲξύρισον
1256 1611 1479 1663 σεαυτὸν
1505 1612 1612 1664 τῶν
1643 1611 1802 1664 θείων

206 1701 404 1755 αὐλῶν.
433 1704 508 1754 UO
531 1703 659 1773 δύνῃ
685 1706 790 1774 γὰρ
815 1706 944 1757 Θεὸν
974 1708 1469 1778 πολυπραγμονεῖν,
1493 1713 1587 1765 καὶ
1612 1713 1669 1763 ἐν
1689 1716 1801 1774 τοῖς

206 1803 417 1862 πιστοῖς
457 1802 825 1870 ἀριθμεῖσθαι.
880 1806 988 1857 Καὶ
1033 1805 1086 1858 τί
1129 1807 1271 1874 λέγω
1307 1810 1434 1878 περὶ
1473 1810 1643 1877 Θεοῦ;
1687 1812 1801 1863 Ούκ

204 1894 370 1961 οἶδας,
405 1901 488 1952 ὅτι
522 1903 749 1971 φοϐερὸν
789 1904 848 1956 τὸ
895 1907 1241 1977 κατατολμᾷν
1278 1911 1371 1962 καὶ
1403 1911 1628 1981 ἐρευνᾷν
1665 1909 1798 1963 Θεοῦ

206 1997 403 2065 φύσινς
440 2000 574 2051 Οὐδὲ
618 2002 755 2055 αὐτὰ
790 2004 857 2057 τά
887 2006 1023 2076 ἔργα
1052 2007 1146 2059 τοῦ
1178 2008 1313 2061 Θεοῦ
1346 2009 1411 2061 ἂν
1446 2009 1603 2080 θέλῃς
1633 2011 1797 2065 πολυ-

204 2104 617 2171 πραγμονῆσαι,
660 2104 808 2169 ἄξιόν
848 2124 908 2158 σε
958 2110 986 2160 6
1024 2109 1155 2171 Θεὸς
1195 2113 1412 2180 ήγεῖται
1455 2113 1553 2182 τῆς
1600 2113 1795 2166 ἐαυτοῦ

201 2198 556 2268 οἰκειότητος,
581 2202 695 2254 ἀλλ’
722 2205 977 2258 ἐκϐάλλει
1012 2210 1251 2278 μακράν.
1281 2210 1355 2272 ὼς
1379 2211 1488 2263 τῶν
1522 2213 1798 2267 ἀδυνάτων

202 2299 654 2368 κατατολμῶντα.
703 2304 947 2375 Μωῦσῆς
990 2310 1018 2360 6
1064 2308 1309 2372 τοιοῦτος
1357 2312 1451 2364 καὶ
1481 2312 1798 2382 τηλικοῦτος

210 2394 367 2465 ἀνὴρ,
388 2396 419 2446 6
441 2394 550 2448 τῶν
577 2398 844 2452 τοσούτων
867 2400 1156 2471 θαυμάτων
1184 2406 1442 2475 ἐργάτης,
1460 2410 1487 2460 6
1510 2411 1798 2478 γενόμενος

214 2494 442 2562 μεσίτης
475 2495 611 2547 Θεοῦ
644 2498 737 2549 καὶ
758 2500 1079 2570 ἀνθρώπων,
1116 2497 1160 2569 ᾧ
1192 2504 1413 2576 διῃρέθη
1448 2506 1708 2570 θάλασσα,
1740 2510 1797 2571 ὃς

201 2596 259 2647 τὸ
294 2598 475 2665 μάννα
508 2600 566 2664 ἐξ
602 2602 847 2671 οὐρανῶν
875 2606 1184 2675 ἐπήγαγεν·
1219 2602 1394 2673 οὗτος,
1432 2612 1496 2663 ἵν’
1524 2614 1581 2664 έν
1605 2631 1659 2666 τι
1686 2615 1796 2667 τῶν

202 2690 304 2744 ὑπὸ
352 2693 490 2745 Θεοῦ
534 2697 931 2753 κελευσθέντων
964 2702 1242 2773 τολμήσας
1279 2706 1602 2780 ἀνθρωπίνῳ
1647 2712 1794 2780 λογι-

203 2791 321 2862 σμῴ
347 2796 643 2865 μετρῆσαι,
662 2800 755 2850 καὶ
790 2800 863 2870 μὴ
887 2804 951 2871 τῇ
980 2803 1098 2873 θείᾳ
1123 2804 1348 2875 δυνάμει
1373 2813 1791 2883 παραχωρῆσαι,

201 2892 577 2964 ἀπαραίτητον
620 2896 775 2967 ἔσχεν
813 2900 911 2971 τὴν
951 2903 1127 2974 δίκην.
1162 2904 1249 2969 Ὠς
1291 2909 1399 2978 γάρ
1432 2910 1662 2978 ἔφθασεν
1703 2915 1794 2967 ἐπὶ

198 2993 295 3062 τὴν
322 2994 552 3064 πέτραν.
578 2998 721 3066 λέγει
748 3002 879 3071 πρὸς
916 3003 1005 3055 τὸν
1040 3005 1197 3058 λαόν·
1234 3002 1301 3058 ’Ὦ
1343 3008 1493 3075 λαὸς
1526 3013 1793 3079 σκληρὸς

201 3092 295 3144 καὶ
321 3096 599 3162 ἀπειθὴς,
622 3099 705 3165 μὴ
734 3102 801 3152 ἐκ
830 3101 939 3169 τῆς
966 3105 1187 3171 πέτρας
1209 3109 1432 3174 ταύτης
1453 3110 1791 3180 δυνήσομαι

201 3192 342 3259 ὑμῖν
402 3194 618 3249 δοῦναι
670 3198 864 3267 ὕδωρ;
913 3204 1020 3255 Καὶ
1074 3204 1127 3256 τί
1176 3206 1312 3274 πρὸς
1354 3208 1514 3259 αὐτὸν
1558 3212 1586 3263 6
1628 3211 1787 3278 Θεός;

212 3293 356 3348 Ἀνθ⁹
390 3292 481 3348 ὧν
515 3300 626 3351 οὐκ
653 3300 955 3369 ἐδόξασὰς
981 3322 1058 3372 με
1090 3307 1344 3360 ἐνώπιον
1372 3309 1481 3376 τῆς
1516 3328 1789 3382 συναγω-

196 3394 341 3463 γῆς,
390 3400 504 3451 οὐκ
564 3403 887 3471 εὶσελεύσῃ
944 3409 1032 3471 εἰς
1064 3407 1177 3474 τὴν
1229 3409 1385 3477 γῆν,
1444 3412 1517 3481 ἢν
1562 3416 1788 3483 ὤμοσα.

209 3504 476 3559 Ἐνταῦθά
518 3526 607 3576 μοι
643 3512 875 3581 πρόσεχε
919 3514 1010 3567 τὸν
1040 3515 1163 3567 νοῦν
1207 3518 1481 3589 ἀκριϐῶς·
1531 3523 1674 3577 Ἆνο’
1703 3519 1791 3578 ὧν

196 3612 307 3663 οὐκ
335 3610 642 3678 ἐδόξιισιίς
675 3634 771 3683 με.
804 3618 870 3669 Τί
892 3618 998 3690 γὰρ
1024 3616 1090 3689 ἦν
1112 3622 1171 3673 τὸ
1197 3622 1412 3686 δοξάσαι
1435 3641 1448 3689 ;
1477 3626 1549 3678 T6
1579 3629 1752 3681 εἰπεῖν
1772 3647 1784 3660 ·

196 3710 389 3764 Πάντα
417 3710 641 3764 δύναται
680 3717 707 3767 6
736 3716 888 3780 Θεός.
920 3720 1191 3791 Ἀμαρτία
1230 3723 1335 3791 γάρ
1370 3724 1517 3777 ἐστιν
1540 3730 1619 3790 εἰς
1655 3730 1786 3783 Θεὸν

193 3808 253 3860 τὸ
280 3807 567 3878 λογισμοῖς
596 3812 868 3876 ἐξετάζειν
903 3818 969 3868 τὰ
1016 3822 1145 3886 παρ’
1181 3821 1345 3874 αὑτοῦ
1374 3825 1653 3894 γινόμενα,
1694 3836 1786 3883 καὶ

196 3912 269 3979 μὴ
316 3915 382 3981 τῇ
442 3912 562 3982 θείᾳ
606 3914 833 3984 δυνάμει
889 3924 1270 3991 παραχωρεῖν,
1305 3924 1447 3995 ὑπὲρ
1500 3931 1676 3983 πάντα
1718 3936 1785 3987 τά

192 4012 392 4081 ἑαυτῆς
433 4011 799 4087 ἐργαζομένη.
842 4017 1215 4084 Ἀπολογεῖται
1250 4022 1412 4075 Δαυῒδ
1445 4025 1587 4094 ὑπὲρ
1622 4031 1785 4085 Μωῦ-

192 4108 330 4171 σέως
354 4110 675 4177 σφαλέντος,
719 4114 780 4164 οὐ
809 4114 1037 4185 διανοίᾳ,
1079 4118 1215 4172 ἀλλά
1242 4120 1477 4194 γλώττῃ.
1518 4126 1639 4179 Τῶν
1672 4130 1781 4199 γάρ

189 4206 417 4259 δικαίων
447 4209 826 4280 ἁμαρτήματα
863 4215 991 4283 περὶ
1024 4218 1092 4268 τά
1134 4217 1287 4288 χείλη
1305 4237 1317 4249 ·
1348 4220 1455 4275 τῶν
1483 4224 1539 4276 δὲ
1568 4227 1781 4281 ἀσεϐῶν

188 4308 256 4361 τὰ
283 4308 598 4380 ἀδικήματα
626 4314 755 4382 περὶ
783 4314 880 4384 τὴν
906 4316 1160 4374 διάνοιαν.
1180 4321 1289 4372 Καὶ
1308 4321 1496 4395 ὥσπερ
1525 4328 1552 4378 6
1576 4329 1781 4398 ἀσεϐὴς

188 4406 600 4475 ἀπεσχοίνισται
633 4411 731 4480 μὲν
768 4416 834 4484 τῇ
871 4414 1099 4485 διανοίᾳ,
1124 4416 1269 4470 δοκεῖ
1303 4420 1361 4473 δέ
1403 4440 1520 4485 πως
1548 4425 1778 4495 πλησιάο

189 4510 302 4576 ζειν
320 4514 401 4583 τῷ
426 4514 547 4583 Θεῷ
568 4517 696 4587 περὶ
722 4520 792 4572 τὰ
815 4521 963 4591 χείλη
985 4538 998 4551 ·
1040 4523 1093 4575 '0
1131 4527 1280 4591 λαός
1316 4527 1424 4597 γάρ
1453 4524 1631 4596 οὗτος
1656 4533 1777 4599 τοῖς

188 4617 426 4685 χείλεσι
446 4636 523 4686 με
547 4620 705 4687 τιμᾷ,
732 4623 768 4689 ὴ
800 4622 866 4675 δὲ
898 4625 1109 4691 καρδία
1135 4629 1320 4683 αὑτοῦ
1352 4633 1545 4699 πόῤῥω
1568 4636 1776 4705 ἀπέχει

186 4720 287 4775 ἀπ’
326 4721 511 4790 ἐμοῦ·
563 4724 736 4788 οὕτως
786 4726 815 4777 6
858 4728 1087 4799 εὐσεϐὴς
1134 4733 1451 4804 ἐρρωμένην
1490 4738 1629 4806 ἔχων
1677 4741 1776 4810 τὴν

186 4824 438 4895 καρδίαν,
466 4826 757 4881 ὀλισθαίνει
794 4831 1053 4896 πολλάκις
1084 4837 1211 4905 περὶ
1241 4838 1341 4906 τὴν
1371 4840 1643 4906 γλῶσσαν.
1676 4845 1773 4897 Διά

185 4923 346 4978 τοῦτο
370 4927 399 4978 6
423 4926 588 4981 Δαυῖδ
613 4929 959 4998 ἀπολογεῖται
991 4934 1130 5005 ὑπὲρ
1152 4938 1450 5001 Μωῦσέως,
1489 4947 1770 5015 προφήτης

188 5029 327 5100 ὑπὲρ
350 5033 631 5100 προφήτου
648 5050 661 5064 ·
692 5036 799 5088 Καὶ
825 5036 1207 5106 πορώργισαν
1237 5043 1423 5095 αὐτὸν
1444 5046 1535 5114 ἐφ’
1553 5048 1771 5117 ὓδατος

183 5134 552 5203 ἀντιλογίας,
588 5138 686 5189 καὶ
715 5139 981 5209 ἐκακώθη
1018 5145 1281 5212 Μωῦσῆς
1310 5146 1385 5200 δι’
1415 5152 1637 5220 αὐτούς
1662 5170 1674 5183 ·
1705 5158 1766 5211 ού

182 5236 248 5289 δι’
273 5239 485 5295 ἑαυτόν.
521 5240 587 5292 Τί
614 5240 669 5292 δέ
693 5243 810 5294 ἐστι
852 5244 929 5304 τὸ,
966 5248 1045 5297 Δι’
1084 5251 1341 5317 αὐτούς;
1376 5254 1449 5306 Οὐ
1492 5259 1641 5328 παρά
1668 5262 1767 5331 τὴν

188 5340 323 5395 ἰδίαν
363 5342 591 5413 γνώμην
622 5345 720 5416 τὴν
766 5347 1023 5401 ἀπιστίαν
1066 5352 1263 5417 ἔδειξεν
1288 5396 1301 5419 ,
1342 5357 1479 5411 ἀλλά
1513 5359 1765 5429 θολωθε“ις

185 5445 288 5500 ὑπὸ
322 5450 421 5518 τῆς
460 5447 770 5515 ἀντιλογίας
798 5450 892 5503 τοῦ
933 5452 1061 5506 λαοῦ
1083 5496 1097 5519 ,
1130 5457 1311 5513 οὐκέτι
1345 5455 1469 5533 εὗρε
1503 5466 1593 5517 τὸν
1621 5466 1763 5536 λογι·

185 5551 317 5618 σμδν
348 5551 609 5623 καθαρὸν,
661 5553 736 5616 ὡς
768 5555 825 5606 ἐν
876 5556 1155 5626 συγχύσει.
1190 5563 1375 5619 Ταῦτα
1418 5567 1653 5639 ἐλάλησα
1694 5574 1758 5626 τὰ

182 5652 284 5707 {m6
302 5654 397 5708 τοῦ
431 5658 791 5728 ἐργαστηρίου
822 5661 917 5730 τῆς
942 5662 1152 5729 ἀδικίας
1182 5675 1618 5743 προσφερόμενα.
1650 5678 1756 5731 Ποῦ

184 5757 415 5826 ἡκουσας
448 5760 738 5831 ἀγέννητον
769 5764 859 5816 καὶ⁵
889 5768 1141 5837 γεννητόν
1167 5787 1180 5835 ;
1218 5773 1318 5825 ποῦ
1344 5776 1578 5845 ήκουσας
1611 5780 1754 5833 ἐκεί-

499 5865 768 5925 Ρηιιοι.
813 5864 930 5925 Gn.
985 5863 1133 5926 LVI.

1204 418 1270 472 IN
1310 418 1535 485 ILLUD,
1574 417 1638 470 IN
1675 414 1815 482 ριἈ
1857 414 2289 481 POTESTATE‘,
2324 417 2473 471 ETC.

3380 431 3493 485 420

1906 550 1999 594 νας
2014 532 2113 601 τῆς
2136 532 2477 601 πολυμανοῦς
2503 534 2595 584 καὶ
2620 528 3091 598 πολυφαντάστους
3114 528 3486 598 διαλέκτους⁸ς

1906 636 2256 706 Περιεγράφη
2286 637 2352 688 τὰ
2376 637 2468 688 τοῦ
2494 636 2831 705 Πνεύματος,
2853 636 2947 686 καὶ
2978 635 3304 705 ἀντεισήχθη
3334 634 3485 707 [ιῖϐ]

1904 740 1969 792 τά
1996 739 2089 791 τοῦ
2115 738 2384 795 διαϐόλου.
2418 741 2479 791 Et
2512 738 2685 793 ταῦτα
2714 739 2916 815 ζητεῖς,
2944 740 3153 792 Παῦλον
3179 740 3266 792 διὰ
3291 741 3342 793 τί
3371 743 3492 793 ἐπι-

1903 842 2135 912 γράφεις
2172 844 2520 909 διδάσκαλον;
2554 845 2615 895 EE
2646 843 2821 897 ταῦτα
2856 844 3351 913 πολυπραγμονεῖς,
3382 846 3488 898 Πέ-

1902 964 2029 1013 τρον
2059 948 2111 998 τί
2166 947 2419 1016 σεμνύνει
2467 948 2641 1015 ἔχειν;
2686 950 2954 1017 ’Λρνησαι
2996 947 3093 1018 τὴν
3134 949 3351 1013 πίστιν,
3396 953 3491 1004 καὶ

1905 1053 2235 1123 προσένεγκε
2271 1054 2518 1123 ζήτησιν.
2568 1054 2706 1107 Ἀλλ’
2736 1054 2835 1107 οὐκ
2879 1055 3168 1126 ἀναχωρῶ,
3201 1059 3354 1126 φησὶ,
3390 1058 3488 1126 τῆς

1905 1155 2157 1225 Γραφῆς,
2219 1156 2291 1227 μὴ
2323 1158 2551 1224 γένοιτο.
2604 1159 2826 1230 Ἐχθρὸς
2869 1162 2961 1212 καὶ
3106 1160 3353 1232 μαθητὴς
3398 1164 3491 1215 καὶ

1902 1257 2177 1329 λογισμῶν
2206 1262 2502 1330 εἰσηγητής
2525 1281 2537 1326 ;
2563 1262 2933 1332 Ἐρμήνευσόν
2968 1281 3058 1333 μοι
3096 1264 3341 1335 λογισμῷ
3370 1266 3490 1318 δου-

1902 1362 2116 1426 λεύσας,
2156 1365 2270 1426 πῶς
2304 1366 2331 1417 6
2376 1366 2565 1436 Σωτὴρ
2594 1366 2991 1436 κεκλεισμένων
3017 1369 3123 1419 τῶν
3159 1368 3337 1439 θυρῶν
3375 1372 3490 1423 εἰσ--

1902 1471 2064 1541 ἧλθε;
2099 1473 2193 1535 Τίς
2219 1474 2378 1543 χρεία
2408 1475 2536 1544 περὶ
2566 1474 2632 1527 τὰ
2662 1475 2795 1529 ἄλλα
2816 1476 3193 1545 ἀσχολεῖσθαι;
3230 1479 3488 1542 πολλάκις

1903 1577 2010 1646 γὰρ
2032 1577 2233 1647 ζημίαν
2269 1581 2361 1631 καὶ
2384 1581 2497 1640 τοῖς
2525 1579 2740 1647 λέγουσι
2762 1583 2854 1633 καὶ
2883 1585 2993 1644 τοῖς
3020 1583 3275 1636 ἀκούουσι
3310 1585 3487 1655 φέρει,

1903 1683 1976 1735 Οὐ
2001 1682 2162 1748 λέγω·
2188 1683 2322 1751 Περὶ
2346 1684 2443 1753 τῆς
2474 1686 2707 1755 ἀοράτου
2735 1686 2949 1753 φύσεως
2973 1687 3335 1759 ὲρμήνευσον·
3369 1689 3489 1755 πῶς

1903 1789 2193 1857 ἐγέννησεν
2219 1791 2246 1842 6
2274 1790 2461 1860 Πατὴρ
2479 1830 2493 1853 ,
2533 1793 2617 1855 τίς
2645 1795 2673 1845 ὀ
2710 1794 2809 1862 τῆς
2839 1794 2989 1857 θείας
3030 1797 3336 1867 γεννήσεως
3364 1798 3487 1867 τρό-

1903 1907 2003 1954 πος
2022 1909 2036 1923 ·
2065 1888 2125 1945 τὸ
2154 1893 2255 1962 τῆς
2285 1896 2600 1965 οἰκονομίας
2630 1899 2868 1953 ἀπαιτῶ.

1972 2049 2031 2095 ε’.
2067 2042 2224 2103 Εἰπὲ,
2249 2043 2365 2107 πῶς
2396 2045 2575 2113 θυρῶν
2607 2046 3009 2115 κεκλεισμένων
3044 2047 3289 2117 εἰσῆλθεν
3317 2051 3343 2101 6
3373 2049 3485 2101 Σωο

1898 2148 2021 2218 τὴρ,
2054 2149 2169 2212 πῶς
2198 2149 2416 2218 εἰσῆλθε
2446 2151 2505 2202 τὸ
2549 2150 2731 2220 σῶμα.
2782 2152 2847 2204 ’Π
2896 2150 2989 2205 τοῦ
3028 2153 3276 2223 σώματος
3322 2154 3484 2222 φύσις

1899 2254 2237 2323 ἀρνεῖται
2278 2253 2347 2306 τά
2381 2254 2703 2323 Εύαγγέλια.
2761 2256 2885 2309 Ἐὰν
2924 2261 2989 2327 τῇ
3032 2258 3210 2311 πίστει
3260 2260 3483 2313 ἀκολουο

1900 2359 2070 2429 θήσω,
2102 2363 2340 2436 ἀψευδὴς
2386 2363 2416 2431 ή
2460 2364 2707 2431 ἀλήθεια.
2742 2367 2865 2429 Πῶς
2910 2366 3124 2436 εἰσῆλθε
3165 2367 3484 2436 κεκλεισμέ-

1898 2479 2003 2514 νων
2037 2464 2144 2516 τῶν
2183 2466 2397 2537 θυρῶν;
2446 2470 2518 2520 Οὐ
2560 2471 2667 2538 γὰρ
2704 2464 2771 2537 ἦν
2820 2470 2852 2537 ή
2895 2468 3184 2538 ἀσώματος
3226 2468 3405 2541 φύσις,
3447 2470 3482 2539 ἡ

1898 2570 2116 2622 πάντων
2163 2572 2231 2624 τά
2278 2571 2506 2642 σώματα
2564 2573 2867 2643 τέμνουσα·
2922 2573 3035 2628 ἀλλ’
3073 2570 3141 2644 ἦν
3201 2576 3337 2644 μετά
3385 2575 3483 2645 τῆς

1896 2674 2189 2741 ἀσωμάτου
2240 2677 2300 2728 τὸ
2350 2677 2546 2747 σῶμα·
2583 2679 2675 2730 καὶ
2723 2678 2881 2730 τοῦτο
2931 2674 2998 2749 ἦν
3037 2680 3135 2749 τῆς
3189 2680 3483 2748 ἀσωμάτου

1897 2777 2110 2845 φύσεως
2142 2782 2392 2850 ὄργανον.
2420 2783 2590 2835 Τοῦτο
2616 2784 2724 2853 γάρ
2750 2781 2863 2854 εἶχε
2896 2784 2956 2837 τὸ
2983 2786 3142 2855 σῶμα
3180 2785 3238 2839 τὸ
3274 2786 3484 2856 ἀνθρώ-

1898 2904 2047 2939 πινον
2078 2890 2104 2940 ὁ
2135 2890 2343 2960 Σωτήρ.
2381 2891 2595 2960 ’Λμέλει
2626 2890 2757 2959 γοῦν
2784 2891 2833 2943 οί
2865 2893 2962 2959 μὲν
2994 2892 3232 2961 μαθηταὶ
3266 2892 3401 2962 πρὸς
3422 2893 3485 2945 τὸ

1898 2989 2047 3053 ξένον
2098 2992 2191 3045 τοῦ
2238 2992 2516 3061 θαύματος
2571 2995 3003 3059 ἀποϐλέποντες,
3052 2997 3306 3066 ἐνόμισαν
3354 2995 3481 3068 [ὅτι]

1896 3095 2113 3164 πνεῦμά
2146 3098 2294 3149 ἐστιν
2313 3114 2324 3125 ·
2353 3098 2539 3167 ἐπειδὴ
2570 3099 2666 3168 τὴν
2688 3100 2781 3151 τοῦ
2804 3098 3053 3169 σώματος
3067 3101 3227 3168 φύσιν
3253 3102 3401 3155 ἐνίκα
3419 3103 3483 3156 τὸ

1895 3200 2273 3269 προκείμενον.
2316 3201 2372 3253 '0
2494 3219 2604 3272 μει,
2644 3202 2789 3271 λέγει
2821 3204 2958 3272 πρὸς
2998 3205 3479 3275 ἀμφιϐάλλοντας·

1902 3303 2307 3369 Ψηλαρήσατέ
2334 3323 2430 3372 με,
2462 3307 2561 3359 καί
2579 3306 2865 3371 βλέπετε,
2901 3308 2991 3362 ὅτι
3019 3309 3254 3378 πνεῦμα
3284 3311 3482 3378 σάρκα

1892 3408 1989 3459 καί
2018 3409 2200 3461 ὀστέα
2240 3412 2352 3464 οὐκ
2382 3412 2527 3481 ἔχει,
2571 3412 2765 3478 καθὼς
2797 3412 2902 3481 ἐμὲ
2949 3414 3213 3481 θεωρεῖτε
3238 3415 3476 3483 ἔχοντα.

1894 3510 2020 3571 Πῶς
2049 3512 2327 3582 είσῆλθενς
2373 3511 2480 3586 ἆρα
2508 3516 2565 3568 αἱ
2612 3516 2821 3579 σανίδες
2850 3518 3007 3587 δίκην
3042 3518 3201 3589 ἀέρος
3229 3519 3477 3584 διελύθη-

1894 3631 2027 3674 σαν;
2058 3617 2175 3668 ἀλλ’
2206 3613 2315 3687 ἆρα
2340 3618 2400 3669 τὸ
2428 3618 2584 3688 σῶμα
2618 3619 2938 3690 ἐλεπτύνθη,
2970 3622 3065 3675 καὶ
3098 3623 3269 3685 οὕτως
3294 3624 3476 3694 διῆλθε

1889 3723 1989 3793 τὴν
2020 3724 2112 3775 τοῦ
2144 3724 2301 3789 ξύλου
2344 3728 2662 3795 παχύτητα;
2701 3728 2840 3780 Ἀλλ’
2862 3729 2983 3781 οὔτε
3024 3733 3087 3783 σὺ
3120 3731 3251 3802 δύνῃ
3278 3734 3472 3794 εἰπεῖν,

1888 3827 2011 3879 οὔτε
2046 3828 2156 3893 ἐγὼ
2185 3830 2519 3901 ἑρμηνεῦσαι
2546 3832 2743 3902 ἰσχύω·
2780 3835 2934 3887 οὐδέν
2972 3854 3063 3905 μοι
3098 3838 3304 3890 τούτων
3335 3858 3474 3910 παρ-

1888 3938 2087 3991 έδωκεν
2127 3942 2160 4009 ἡ
2203 3941 2392 4010 Γραφὴ
2418 3958 2430 3971 ·
2474 3944 2535 3995 οὐ
2576 3944 3050 4015 πολυπραγμονῶ·
3091 3943 3172 4011 οἷς
3206 3950 3474 4019 ἐκήρυξεν

1886 4044 2184 4107 ἀκολουθῶ,
2223 4049 2326 4101 κᾶν
2370 4048 2443 4118 μὴ
2465 4050 2623 4103 θέλω.
2652 4052 2773 4102 ’Ὁτι
2802 4052 3018 4119 εἰσῆλθε
3047 4055 3306 4117 πιστεύω,
3332 4056 3392 4107 τὸ
3414 4056 3471 4108 δι

1886 4148 2004 4211 πῶς
2051 4150 2112 4201 οὑ
2164 4152 2629 4224 πολυπραγμονῶ.
2665 4156 2756 4229 Μὴ
2793 4158 3022 4228 νομίσῃς
3145 4159 3253 4211 τῶν
3290 4162 3470 4232 θυρῶν

1885 4252 2153 4322 εἰσῆλθεν.
2179 4256 2292 4308 Οὐκ
2327 4252 2499 4322 εἶπεν,
2528 4260 2919 4330 Ἀραιωθείσης
2943 4260 2974 4318 ἦ
2999 4262 3343 4336 διαλυθείσης
3371 4265 3470 4337 τῆς

1884 4357 2053 4429 θύρας
2095 4362 2371 4433 εἰσῆλθεν,
2412 4365 2583 4430 ἀλλά,
2629 4370 3101 4437 Κεκλεισμένων.
3140 4371 3212 4423 T6
3247 4376 3468 4441 γεγονὸς

1880 4463 2145 4533 ἐκήρυξε·
2189 4467 2270 4529 τίς
2322 4469 2350 4519 ὁ
2397 4470 2595 4539 τρόπος
2632 4470 2726 4522 τοῦ
2774 4472 3053 4539 γεγονότος
3105 4474 3205 4527 οὐκ
3246 4477 3461 4542 ἔδειξεν·

1892 4567 2114 4636 Ἐξῆλθε
2145 4571 2345 4640 Πέτρος
2376 4572 2484 4623 ἀπὸ
2511 4573 2757 4643 φυλακῆς
2778 4589 2791 4603 ·
2816 4575 2929 4627 ἀλλ’
2958 4576 3284 4647 ἠνοίχθησαν
3316 4582 3463 4648 αὐτῷ

1878 4674 1934 4723 αἱ
1958 4671 2143 4734 πύλαι,
2178 4676 2270 4727 καὶ
2301 4676 2334 4744 ὴ
2360 4676 2551 4746 Γραφὴ
2594 4679 2980 4747 ἐπεσημήνατο
3012 4680 3266 4748 λέγουσα,
3289 4683 3373 4734 ὅτι
3403 4685 3465 4738 Ἠ

1877 4774 2096 4843 σιδηρᾶ
2125 4777 2289 4844 πύλη
2318 4779 2619 4849 αὐτομάτη
2644 4782 2855 4850 ἠνοίγη
2894 4784 3097 4849 αὐτοῖς
3115 4801 3126 4814 ·
3154 4787 3254 4839 οὐκ
3285 4784 3456 4852 εἶπεν,

1874 4880 2166 4953 Αύτομάτη
2202 4884 2417 4948 ἐδέξατο
2456 4886 2660 4957 Πέτρον
2703 4887 3081 4960 διερχόμενον·
3120 4893 3459 4965 ἀνθρώπινον

1873 4983 1980 5052 γὰρ
2012 4980 2078 5055 ἦν
2105 4986 2163 5038 τὸ
2195 4988 2373 5056 σῶμα,
2414 4990 2505 5041 καὶ
2535 4991 2594 5056 ἐξ
2633 4991 2972 5063 ἀνθρωπίνου
3008 4996 3346 5066 φυράματος.
3384 4999 3458 5052 T6

1869 5087 1927 5140 δὲ
1963 5088 2055 5140 τοῦ
2086 5090 2323 5159 Χριστοῦ
2348 5092 2688 5161 ἀνθρώπινον
2730 5094 2849 5162 μὲν,
2879 5095 2966 5149 διά
3005 5098 3103 5163 τὴν
3138 5100 3270 5170 πρὺς
3307 5104 3454 5172 ἡμᾶς

1871 5193 2190 5260 συγγένειαν
2212 5212 2225 5225 ο
2260 5195 2403 5248 θεῖον
2427 5197 2483 5249 δέ
2506 5196 2593 5249 διά
2622 5215 2680 5249 τε
2716 5197 2814 5268 τήν
2839 5200 2976 5270 πρὸς
3006 5204 3097 5258 τὸν
3125 5204 3257 5259 Θεὸν
3279 5209 3451 5275 Λόγον

1867 5296 2079 5360 ἕνωσιν,
2117 5302 2211 5352 καὶ
2236 5300 2325 5353 διὰ
2352 5302 2450 5371 τὴν
2486 5303 2643 5373 ξένην
2678 5304 2844 5357 ὠδῖνα
2867 5306 2965 5376 τῆς
3004 5310 3295 5381 παρθένου.
3324 5312 3443 5375 Πῶς

1864 5403 2081 5472 εἰσῆλθε
2128 5405 2528 5476 κεκλεισμένων
2558 5408 2666 5461 τῶν
2710 5410 2925 5479 Θυρῶν;
2966 5414 3084 5477 πῶς
3114 5415 3308 5483 ἀνῆλθε
3347 5434 3444 5471 κε-

1864 5508 2196 5579 κλεισμένων
2227 5512 2333 5564 τῶν
2363 5512 2640 5583 ούρανῶνς
2668 5516 2730 5567 Ὢ
2759 5516 2856 5585 τῆς
2887 5517 3117 5580 ἀτοπίας
3135 5517 3241 5571 τῶν
3264 5522 3437 5575 ταῦτα

1924 5735 1946 5807 ξ
1995 5734 2075 5809 S‘ic
2107 5733 2523 5809 Msuporpefanga
2543 5737 2830 5809 Legengum
2874 5739 3015 5800 τοι-ιο,
3042 5742 3122 5797 τὰς
3154 5744 3440 5809 πολυμανιῖς

1857 5798 1935 5845 καὶ
1959 5797 2369 5858 πολυφαντάστους
2395 5797 2681 5856 διαλέκτους.
2707 5802 2940 5850 Canum.

3017 5890 3096 5949 26
