3996 6440
520 447 625 502 421

520 545 862 616 τολμούντων
885 547 940 600 οι
973 545 1017 598 ὣ
1044 549 1141 616 τῆς
1168 546 1446 612 εὐσεϐείας
1470 546 1578 600 τῶν
1610 545 1786 599 πάντα
1816 535 2096 593 πιστευόν-

522 647 665 701 τωνι
721 643 882 697 Ἀλλά
917 643 970 695 τί
1008 661 1172 713 φησιν
1199 649 1227 700 6
1264 647 1588 716 ἀντιλέγων;
1633 644 1746 712 Οὐχ
1775 640 2099 710 εὑρίσκομεν

521 742 620 815 τὴν
647 742 826 795 πίστιν
855 743 1072 812 ἀσφαλῆ
1096 745 1370 815 πανταχοῦ
1391 765 1403 776 ·
1430 745 1667 816 εὕραμεν
1697 741 1790 796 καὶ
1810 734 2099 792 διολισθαί-

523 859 719 895 νουσαν
741 857 754 871 ·
804 842 863 894 οὐ
898 843 980 894 δεῖ
1023 843 1300 896 πιστεύειν
1339 843 1747 909 ἀνεξετάστως,
1795 835 1928 891 ἀλλά
1964 831 2100 903 μετὰ

525 941 787 1012 ἀκριϐοῦς
830 940 1146 1004 ἐξετάσεως.
1193 941 1368 995 Πολλά
1404 943 1459 995 δὲ
1494 941 1872 1009 συντρέχουσιν
1919 933 2101 992 αὐτοῖς

524 1042 633 1096 τῶν
651 1041 776 1106 ἔξω.
810 1040 1036 1109 ’Δδελφά
1067 1042 1172 1112 γὰρ
1196 1043 1264 1095 τά
1300 1043 1620 1113 φρονήματα
1641 1040 1733 1092 καὶ
1762 1035 1870 1089 τῶν
1895 1035 2100 1103 αἱρετι-

528 1140 640 1194 κῶν
673 1141 768 1193 καὶ
796 1140 902 1193 τῶν
936 1141 1204 1211 Ἑλλήνων
1223 1157 1237 1171 ο
1262 1143 1488 1194 κάκεῖνα
1515 1139 1621 1192 τῶν
1647 1136 1913 1206 δαιμόνων
1944 1129 2099 1200 εὑρέ-

531 1259 664 1304 σεις,
693 1243 785 1295 καὶ
804 1243 975 1296 ταῦτα
1002 1244 1108 1296 τῶν
1133 1244 1401 1313 δαιμόνων
1432 1239 1786 1295 διδασκαλίαι.
1826 1233 1975 1307 [427]
2000 1231 2103 1284 Λέ-

528 1347 721 1399 γουσιν
750 1328 843 1383 οὖν
880 1347 1023 1394 τινες
1068 1332 1175 1384 τῶν
1218 1330 1644 1384 ἀντιπιπτόντων
1673 1329 1739 1396 τῇ
1774 1324 1976 1386 πίστει,
2019 1321 2100 1372 ὅτι

528 1431 588 1483 τὸ
615 1429 898 1497 ἀλόγιστον
937 1430 1108 1495 αὐτῆς
1149 1429 1445 1499 βλαϐερόνο
1477 1430 1580 1480 κᾶν
1623 1425 1697 1495 μὴ
1735 1419 2105 1491 ἐξητασμένος

529 1528 789 1598 λογισμὸς
834 1529 1176 1599 συνημμένος
1296 1531 1361 1599 τῇ
1397 1527 1594 1588 πίστει,
1641 1520 1875 1592 οὐδαμοῦ
1917 1518 2106 1590 κέρδος

531 1629 689 1701 φέρει
713 1628 789 1699 τῷ
814 1629 1142 1681 πιστεύοντι.
1163 1626 1332 1681 Πόθεν
1353 1625 1484 1699 γὰρ,
1510 1624 1693 1694 φησὶν,
1713 1622 1958 1687 ἐξετάσαι
1987 1617 2109 1687 βού-

533 1729 600 1800 λῃ
631 1729 730 1798 τῆς
759 1728 994 1790 πίστεως
1026 1728 1126 1800 τὴν
1161 1727 1358 1797 φύσινς
1391 1725 1563 1787 θέλεις
1592 1723 1794 1776 ἀνωθεν
1829 1719 1887 1783 ὲξ
1917 1719 2105 1788 αὐτῆς,

535 1832 692 1899 φησὶ,
711 1830 819 1898 τῆς
854 1829 1246 1899 δημιουργίας;
1285 1828 1527 1897 Ζήτησον
1568 1824 1626 1876 ὃν
1676 1823 1863 1890 λέγετε
1901 1817 2110 1889 πρωτό-

538 1927 791 1981 πλαστον.
829 1925 1078 1997 Εὑρίσκω
1105 1925 1211 1979 ἀπὸ
1249 1925 1481 1986 πίστεως
1517 1922 1774 1974 πεσόντα.
1816 1918 1987 1970 Βλέπε
2015 1915 2107 1968 τοῦ

540 2025 774 2096 πονηροῦ
803 2025 1052 2096 δαίμονος
1082 2025 1148 2077 τά
1189 2027 1430 2095 ῥήματα,
1464 2020 1558 2074 τοῦ
1597 2020 1772 2073 πάντα
1806 2015 2111 2085 τολμῶντος

543 2128 741 2197 ῥαδίως
782 2128 1109 2196 ἐπιχειρεῖν,
1153 2121 1239 2177 οἷα
1285 2124 1487 2194 τολμᾷ,
1531 2117 1619 2174 οἶα
1661 2119 1983 2189 φθέγγεται,
2027 2108 2112 2166 οἶα

542 2228 832 2297 προτείνει.
860 2228 1047 2296 Ὑμεῖς
1078 2225 1280 2294 λέγετε,
1307 2225 1490 2294 φησιν,
1520 2222 1601 2273 ὅτι
1633 2222 1661 2274 6
1690 2220 1812 2287 ὄφις
1843 2211 1991 2268 εἶπεν
2017 2215 2114 2266 αύ-

541 2326 621 2394 τῷ
645 2343 656 2356 ⁸
681 2321 752 2397 ᾞ
782 2326 856 2379 ἂν
884 2325 1069 2395 ἡμέρᾳ
1100 2325 1392 2394 φάγησθε,
1433 2322 1651 2374 ἔσεσθε
1681 2319 1761 2381 ὡς
1793 2316 1912 2370 θεοὶ
1943 2312 2111 2384 γινώ-

543 2439 797 2488 σκοντες
829 2425 1020 2478 καλὸν
1054 2424 1150 2476 καὶ
1189 2423 1473 2489 πονηρόν.
1515 2421 1828 2472 Ἐπίστευσε
1868 2416 1943 2485 τῷ
1972 2415 2114 2484 ὄφει,

545 2528 837 2590 πιστεύσας
894 2525 1159 2581 ἀπώλετο.
1198 2523 1366 2594 Ἀρχὴ
1399 2519 1491 2575 οὖν
1530 2522 1637 2572 τῶν
1687 2518 1874 2571 κακῶν
1913 2516 2115 2578 πίστις.

543 2627 731 2680 Ταῦτα
763 2627 895 2697 πρὸς
927 2627 1073 2696 ἡμᾶς
1119 2626 1313 2678 ὲκεῖνοι
1337 2624 1387 2675 οί
1419 2622 1515 2692 τῆς
1551 2619 1807 2690 ἀληθείας
1843 2615 2044 2686 ἐχθροὶ,
2069 2615 2121 2666 οἱ

545 2728 647 2798 τῆς
685 2727 959 2789 εὐσεϐείας
1005 2726 1272 2796 πολέμιοι.
1328 2723 1466 2776 Ἀλλ’
1497 2723 1770 2791 ἠγνόησαν
1809 2720 1857 2771 οί
1909 2715 2123 2776 ἀσεϐεῖς

547 2829 638 2881 τὸν
670 2827 845 2896 ἀληθῆ
893 2827 989 2895 τῆς
1030 2826 1264 2886 πίστεως
1295 2825 1438 2892 ὅρον,
1473 2821 1571 2873 οὐκ
1614 2820 1818 2871 οἴδασιν
1846 2819 1873 2869 ὃ
1909 2816 2125 2885 προτεί-

550 2950 720 2987 νουσι.
764 2934 853 3001 Μὴ
883 2931 987 3001 γὰρ
1022 2932 1181 3000 ἡμεῖς
1215 2928 1468 2998 λέγομεν,
1521 2927 1601 2979 ὅτι
1634 2927 1742 2985 πᾶς
1775 2925 1803 2975 ὁ
1845 2923 2005 2973 παντὶ
2033 2935 2124 2968 πι-

555 3033 778 3094 στεύων,
794 3034 995 3093 ὲκείνος
1017 3030 1196 3081 πίστιν
1227 3029 1361 3098 ἔχει,
1377 3027 1470 3080 καὶ
1492 3025 1678 3086 πιστὸς
1701 3019 2090 3089 ἀναγορεύεται
2111 3032 2126 3080 ;

553 3133 651 3202 οὐχ
684 3133 765 3184 ὅτι
809 3132 836 3183 6
868 3131 1140 3182 πιστεύων
1180 3129 1258 3198 τῷ
1292 3128 1526 3197 τυχόντι,
1560 3123 1769 3184 πιστὸς,
1802 3118 1916 3173 ἀλλ’
1952 3118 1981 3169 6
2011 3113 2129 3184 Θεῷ

557 3231 828 3287 πιστεύων
862 3230 1149 3300 ἀληθινῶς.
1179 3229 1268 3297 Μὴ
1289 3228 1393 3298 γὰρ
1419 3226 1645 3290 ἔδειξας,
1666 3225 1748 3275 ὅτι
1769 3220 1888 3289 Θεῷ
1918 3215 2131 3270 πιστεύ-

559 3350 658 3397 σας
710 3332 990 3391 ἀπώλετο;
1027 3329 1266 3398 Διαϐόλῳ
1305 3325 1598 3385 πιστεύσας
1638 3322 1819 3382 ἔπεσε,
1851 3317 1968 3387 Θεῷ
2003 3317 2132 3369 ἀπιο

562 3434 764 3502 στήσας
789 3431 1077 3500 ὠλίσθησε.
1096 3430 1160 3481 Τί
1189 3427 1530 3497 διαστρέφεις
1557 3422 1625 3475 τὰ
1655 3423 1872 3492 ῥήματα
1895 3435 1908 3481 ;
1937 3419 2134 3468 ’Ἄκουε

574 3531 840 3602 Ἱερεμίου
873 3531 1152 3598 λέγοντοςο
1184 3524 1498 3582 Ἀκούσατέ
1538 3540 1678 3591 μου.
1723 3523 1776 3573 οἱ
1815 3517 2137 3587 μισοῦντες

567 3632 788 3698 κρίσιν,
817 3635 873 3684 οὶ
898 3631 1101 3684 ,πάντα
1131 3629 1202 3682 τὰ
1224 3625 1366 3695 ὀρθὰ
1393 3622 1867 3690 διαστρέφοντες.
1903 3617 2009 3668 Καὶ
2035 3615 2139 3684 μὴν

571 3737 736 3808 ἐχρῆν
783 3733 972 3784 είπεῖν·
1002 3725 1172 3798 Ἀρχὴ
1194 3725 1299 3777 τῶν
1324 3721 1508 3776 κακῶν
1534 3718 1780 3773 ἀπιστία.
1807 3718 1870 3769 El
1892 3716 1999 3784 γὰρ
2025 3714 2142 3767 ὲπί-

576 3852 766 3892 στευσε
793 3832 908 3902 Θεῷ
930 3831 1158 3898 λέγοντι,
1176 3822 1248 3898 ᾞ
1268 3824 1347 3878 ἂν
1378 3822 1567 3892 ’ἡμέρᾳ
1593 3819 1886 3887 φάγησθε,
1915 3814 2143 3876 θανάτῳ

577 3935 992 3996 ἀποθανεῖσθε,
1032 3931 1133 3982 οὐκ
1171 3929 1235 3981 ἂν
1273 3924 1595 3992 ὼλίσθησεν,
1637 3919 1750 3973 ἀλλ’
1779 3916 1921 3987 εἶχεν
1956 3916 2020 3968 ἂν
2048 3914 2145 3984 τὴν

580 4043 780 4098 πίστιν,
807 4035 987 4088 πίστιν
1023 4027 1238 4098 ἀσφαλῆ
1263 4025 1397 4095 πρὸς
1432 4020 1724 4090 σωτηρίαν.
1756 4019 1890 4069 Ποτὲ
1923 4016 1997 4086 μὴ
2034 4015 2148 4068 διά-

581 4141 709 4195 ϐαλε
752 4136 810 4190 τὸ
859 4133 1029 4202 ὄνομα
1081 4129 1178 4198 τῆς
1227 4124 1480 4184 πίστεως.
1525 4121 1597 4172 Οὐ
1636 4119 1744 4188 γὰρ
1775 4121 1802 4170 ὁ
1854 4116 2015 4168 παντὶ
2061 4131 2150 4164 πι-

584 4238 787 4292 στεύων
810 4232 1017 4294 πιστδς,
1036 4229 1148 4280 ἀλλ’
1168 4229 1194 4278 6
1214 4224 1330 4293 Θεῷ
1362 4219 1651 4281 πιστεύων,
1686 4214 1836 4279 οὗτος
1878 4216 2032 4285 μόνος
2059 4211 2151 4264 καὶ

585 4340 697 4393 ἐστι
737 4337 831 4391 καὶ
856 4333 1091 4400 λέγεται.
1133 4324 1443 4379 Κατάλειπε
1479 4321 1753 4390 ζητήσεις,
1785 4319 1877 4369 καὶ
1912 4317 2151 4368 ἄσπασαί

587 4438 785 4491 πίστιν.
818 4434 1006 4493 Πίστις
1041 4428 1220 4481 πάντα
1240 4422 1482 4493 φωτίζει,
1507 4418 1685 4479 πίστις
1717 4417 1888 4468 πάντα
1919 4410 2151 4481 ἁγιάζει,

590 4540 772 4598 πίστις
821 4532 1131 4600 Πνεύματος
1186 4526 1337 4592 ἁγίου
1393 4519 1655 4584 καταξιοῖ.
1699 4514 2000 4583 Στέφανος
2052 4511 2157 4578 γὰρ

592 4639 828 4705 πλήρης
856 4632 1110 4692 πίστεως
1144 4627 1241 4678 καί
1269 4621 1592 4691 δυνάμεως.
1626 4617 1686 4668 Εί
1711 4616 1784 4685 μὴ
1814 4613 2159 4684 προέλαμπεν

595 4741 628 4806 ἡ
653 4737 850 4795 πίστις,
877 4730 1100 4796 δύναμις
1139 4725 1237 4776 ούκ
1269 4719 1550 4791 ἠκολούθει
1585 4716 1661 4785 τῷ
1690 4714 1843 4782 ἁγίῳ.
1869 4714 2038 4763 Ὅπου
2075 4709 2161 4760 πί-

599 4855 733 4901 στις,
765 4835 878 4886 ἐκεῖ
915 4830 1005 4881 καὶ
1033 4826 1286 4893 δύναμις·
1308 4823 1437 4874 ὅπου
1466 4817 1707 4876 ἀπιστία,
1741 4816 1855 4865 ἐκεῖ
1880 4811 1972 4864 καὶ
2004 4809 2162 4862 ἀσϐέ-

597 4954 735 4992 νεια.
775 4931 942 5003 Ἀργὴ
978 4928 1086 4981 τῶν
1121 4922 1337 4993 ἀγαθῶν
1366 4921 1579 4981 πίστις’
1611 4915 1758 4986 πηγὴ
1801 4913 1908 4964 τῶν
1947 4908 2163 4976 ἀγαθῶν

602 5040 800 5098 πίστις.
832 5029 1096 5098 Λάόωμεν
1136 5025 1196 5078 τὸ
1240 5023 1397 5076 ὅπλον
1437 5020 1535 5087 τῆς
1570 5016 1858 5084 σωτηρίας.
1899 5011 1963 5063 Τί
1991 5008 2164 5070 λέξεσι

602 5131 893 5190 δουλεύεις,
927 5126 1020 5178 καὶ
1050 5123 1145 5193 τὴν
1184 5119 1440 5190 ἀλήθειαν
1472 5113 1722 5183 φεύγεις;
1759 5108 1898 5161 διατί
1934 5102 2170 5175 προσφέ-

609 5251 720 5304 ρεις
747 5231 780 5284 ἀ
808 5228 882 5299 μὴ
908 5225 1079 5293 τολμᾷ
1109 5224 1243 5292 μήτε
1263 5218 1369 5271 τῶν
1391 5214 1636 5284 ἀγγέλων
1663 5211 1821 5279 φύσις
1851 5205 2168 5277 ὲρευνῆσαις

606 5333 671 5386 Τί
727 5329 935 5398 λέγωή
991 5326 1096 5377 τῶν
1136 5321 1379 5390 ἀγγέλων
1425 5315 1613 5385 φύσις;
1662 5312 1696 5364 ἃ
1749 5311 1882 5379 μήτε
1925 5305 2173 5373 δαίμονες

608 5431 898 5502 τολμῶσιν.
936 5427 1010 5480 Οὐ
1045 5424 1214 5484 θέλεις
1265 5418 1624 5485 ἀκολουθῆσαι
1653 5411 1876 5480 Πέτρῳ;
1907 5408 1965 5458 οὐ
2003 5403 2174 5464 θέλεις

612 5531 966 5598 ἀκολουθῆσαι
1013 5512 1233 5592 Παύλιιρ;
1274 5521 1336 5572 οὐ
1375 5521 1488 5580 τοῖς
1526 5514 1806 5584 ἀγγέλοις;
1841 5508 1900 5561 οὐ
1932 5508 2040 5568 τοῖς
2070 5505 2175 5555 Χε-

685 5813 708 5841 ³²
737 5812 817 5858 Sic
843 5808 942 5855 fere
974 5805 1154 5865 ubique
1191 5816 1276 5864 pro
1299 5799 1600 5860 τολμώντων.

2025 419 2301 476 ΙΝΕΕΠΤΙ

3667 419 3789 472 422

2204 535 2430 606 ρουσίμς
2471 535 2530 588 οὐ
2570 534 2680 597 τοῖς
2716 531 2990 604 Σεραφίμ;
3032 527 3192 582 ravo-3
3224 526 3325 581 κᾶν
3375 525 3622 598 μαθητὴς
3663 526 3783 579 τῶν

2198 636 2488 706 δαιμόνων.
2513 629 2667 687 Εἶδον
2701 633 2749 684 οἱ
2785 631 3033 701 δαίμονες
3056 629 3146 681 τὸν
3180 627 3428 696 Μτῆρα,
3463 626 3560 678 καὶ
3583 624 3783 693 λέγου-

2201 751 2286 786 σιν
2316 733 2494 804 αὐτῷ·
2526 734 2658 796 Ἔα,
2683 731 2740 784 τί
2773 731 2917 799 ἡμῖν
2947 729 3044 782 καί
3075 727 3194 792 σοι,
3233 725 3326 778 ΥΙὲ
3362 724 3466 777 τοῦ
3499 723 3688 784 Θεοῦ;
3716 722 3796 774 Οί

2199 832 2448 902 δαίμονες
2479 830 2605 882 Υίδν
2627 828 2969 898 ὁμολογοῦσι,
2996 828 3090 879 καὶ
3116 826 3203 888 σὺ,
3237 823 3501 893 αἱρετικὲ,
3536 821 3785 891 βλασφη-

2203 934 2352 999 μεῖς;
2402 929 2651 999 δαίμονες
2687 930 2800 981 ἴσον
2837 924 3073 987 ποιοῦσι,
3111 925 3205 977 καὶ
3234 923 3298 975 σὺ
3337 922 3435 992 τὴν
3483 918 3783 988 ἀνισότητα

2201 1029 2664 1093 κατασκευάζεις;
2688 1027 2796 1079 Καὶ
2814 1026 2867 1078 τί
2902 1026 3130 1094 ποιήσω,
3154 1020 3317 1091 φησὶν
3333 1020 3361 1071 6
3384 1016 3681 1086 αίρετικδς,
3703 1015 3785 1085 τῷ

2201 1132 2390 1202 Κυρίῳ
2443 1130 2683 1196 λέγοντι·
2745 1128 2876 1179 Ἵνα
2919 1121 3255 1191 ⁴γινώσκωσι
3305 1133 3379 1173 σε
3428 1119 3535 1170 τὸν
3587 1119 3785 1185 μόνον

2201 1228 2494 1297 ἀληθινὸν
2547 1227 2728 1288 Θεόν;
2773 1226 2948 1279 Μόνον
2990 1219 3145 1284 εἷπε,
3203 1221 3358 1290 μόνον
3403 1218 3638 1288 ἐκήρυξε
3688 1216 3783 1269 τὸν

2203 1329 2454 1396 ἀληθινὸν
2498 1328 2628 1380 Θεὸν
2667 1327 2758 1378 τὸν
2799 1324 3039 1391 Πατέρα.
3085 1319 3288 1389 Στοιχῶ
3317 1321 3382 1387 τῇ
3426 1315 3679 1386 ἀληθείᾳ,
3714 1315 3782 1384 τῇ

2205 1430 2354 1501 παρά
2374 1428 2506 1481 Θεοῦ
2545 1424 2976 1496 κατηγγελμένῃ.
3011 1422 3088 1491 Τῇ
3127 1422 3277 1489 φωνῇ
3299 1418 3393 1471 τοῦ
3430 1417 3590 1487 μόνου
3625 1411 3780 1485 [428]

2205 1529 2536 1592 ἀκολουθεϊς,
2576 1527 2670 1581 καὶ
2696 1529 2763 1597 τῇ
2799 1525 2944 1589 λέξει
2978 1520 3278 1585 δουλεύεις;
3320 1521 3488 1590 Τήρει
3530 1534 3620 1586 μοι
3653 1516 3784 1577 τοὺς

2204 1637 2364 1706 ὅρους
2400 1635 2491 1687 ἐπὶ
2523 1632 2633 1685 τῶν
2671 1628 3090 1697 ἐξεταζομένων.
3129 1625 3288 1690 Λέγει
3325 1623 3354 1673 6
3392 1621 3520 1684 Θεὸς
3553 1621 3642 1673 διά
3686 1617 3783 1671 τοῦ

2207 1735 2482 1806 προφήτου
2499 1749 2513 1764 ο
2545 1730 2690 1799 Ἐγώ
2715 1732 2831 1796 εἰμι
2855 1725 3102 1794 πρῶτος,
3129 1722 3228 1777 καὶ
3254 1721 3368 1789 ἐγὼ
3392 1721 3541 1788 μετὰ
3571 1717 3782 1779 ταῦτα,

2206 1835 2306 1888 καὶ
2329 1834 2525 1901 ἔτερος
2549 1829 2714 1896 πλὴν
2734 1827 2877 1896 ἐμοῦ
2901 1827 3010 1878 οὐκ
3035 1823 3184 1875 ἐστι.
3204 1821 3435 1884 Δίκαιος
3459 1817 3553 1870 καί
3580 1815 3788 1882 σωτὴρ

2207 1934 2397 2001 παρὲξ
2426 1932 2572 2002 ἐμοῦ
2599 1931 2710 1984 οὐκ
2747 1929 2896 1982 ἐστι.
2931 1923 3038 1978 Καὶ
3073 1918 3472 1988 ἐπιστράφητε
3504 1917 3653 1982 πρός
3680 1932 3783 1983 με,

2209 2035 2308 2088 καὶ
2339 2033 2690 2098 σωθήσεσθε
2715 2028 2833 2083 ἀπὸ
2866 2023 3140 2092 ἐσχάτων
3170 2019 3279 2088 τῆς
3314 2017 3444 2087 rn’c.
3482 2015 3630 2084 Ἐγώ
3666 2017 3787 2082 ειμι

2210 2137 2243 2188 ὀ
2269 2135 2431 2198 Θεὸς,
2450 2133 2545 2186 καί
2568 2134 2676 2186 οὐκ
2699 2130 2871 2182 ἔστιν
2898 2125 3101 2185 ἄλλος.
3126 2122 3261 2174 Κατ’
3281 2116 3536 2186 ἐμαυτοῦ
3559 2115 3784 2182 ὀμνύω.

2223 2233 2372 2303 Ἐγὼ
2404 2230 2650 2298 πρῶτος,
2683 2227 2782 2280 καὶ
2817 2225 2930 2294 ἐγὼ
2968 2222 3114 2292 μετὰ
3139 2219 3342 2273 ταῦτα.
3377 2216 3486 2269 Καὶ
3513 2214 3785 2281 ἐπήγαγει

2215 2333 2322 2387 Καὶ
2357 2334 2466 2384 οὐκ
2520 2329 2690 2382 ἐστιν
2727 2327 2926 2393 ἕτερος
2961 2319 3126 2388 πλὴν
3167 2317 3334 2387 ἐμοῦ.
3384 2314 3619 2366 Βλέπετε
3667 2311 3790 2373 πῶς

2214 2437 2444 2490 δεικνύει
2489 2429 2878 2504 μεμονωμένην
2912 2425 3102 2495 φύσιν,
3137 2420 3300 2492 μηδὲν
3346 2418 3571 2487 ἔχουσαν
3607 2413 3788 2466 κοινὸν

2219 2548 2352 2617 πρὸς
2378 2545 2569 2613 ἑτέραν
2593 2535 3082 2607 ἀπεσχοινισμένην
3105 2528 3467 2600 φύσινςΛέγει
3487 2527 3543 2578 δὲ
3564 2523 3742 2576 ταῦτα
3761 2523 3793 2573 6

2218 2648 2368 2709 Θεός·
2555 2646 2689 2711 ειμι,
2706 2639 2802 2693 καὶ
2827 2640 2937 2691 οὐκ
2961 2637 3130 2690 ἔστιν
3146 2633 3331 2696 ἄλλος
3347 2645 3358 2657 ·
3381 2631 3408 2682 6
3425 2628 3511 2680 διὰ
3529 2625 3623 2678 τοῦ
3652 2641 3793 2694 προ-

2220 2750 2389 2817 φήτου
2422 2745 2592 2810 λέγων
2611 2759 2624 2772 '
2658 2739 2948 2802 Ἐξέτεινα
2971 2735 3076 2787 τὸν
3104 2729 3361 2798 οὐρανὸν
3387 2729 3590 2796 μόνος.
3609 2723 3794 2792 Πρόσ-

2221 2865 2309 2916 εχε
2344 2848 2406 2898 σὺ
2442 2846 2519 2904 είς
2551 2841 2631 2899 τὸ,
2667 2839 2884 2900 Μόνος,
2929 2831 3112 2899 ἐπειδὴ
3141 2829 3435 2898 προφέρεις
3467 2824 3573 2878 Τὸν
3601 2822 3800 2890 μόνον

2223 2915 2512 3006 ἀληθινὸν
2540 2934 2705 2988 Θεόν.
2732 2930 3021 2992 Ἐξέτεινα
3046 2925 3151 2976 τὸν
3173 2921 3429 2990 οὐρανὸν
3450 2918 3636 2986 μόνος
3656 2932 3669 2944 ·
3699 2915 3798 2968 καὶ

2227 3037 2460 3093 ἐνταῦθα
2510 3032 2706 3101 ὁμοίως
2752 3028 2839 3091 τὸ,
2915 3024 3060 3093 Ἐγώ
3109 3025 3261 3090 ειμι,
3312 3018 3410 3071 καὶ
3461 3019 3571 3069 οὐκ
3623 3014 3801 3066 ἔστιν

2226 3139 2451 3202 ἄλλος·
2486 3135 2609 3186 κατ’
2635 3127 2892 3198 ἐμαυτοῦ
2925 3126 3142 3193 ὀμνύω.
3187 3121 3425 3192 Πρόσεχε
3461 3118 3552 3170 καὶ
3593 3119 3661 3185 τῇ
3701 3114 3803 3168 αὐ-

2229 3239 2431 3306 θεντίᾳ,
2463 3233 2558 3286 καὶ
2576 3234 2640 3301 τῇ
2673 3229 2895 3295 δυνάμει
2915 3223 3008 3277 τοῦ
3048 3223 3325 3287 λέγοντος·
3359 3220 3439 3272 ὅτι
3475 3212 3648 3278 εἶπεν,
3677 3215 3808 3267 Οὐκ

2230 3345 2400 3396 ἔστιν
2431 3336 2617 3397 ἄλλος
2640 3349 2652 3359 ’
2685 3331 2778 3382 καὶ
2804 3329 2886 3388 τὸ,
2921 3326 3115 3388 Μόνος
3150 3322 3287 3390 είμὶ,
3321 3320 3414 3372 καὶ
3450 3317 3627 3381 τοῦτο,
3660 3315 3808 3368 Καθ’

2233 3437 2450 3496 ἑαυτοῦ
2499 3435 2730 3502 ὠμοσα’
2757 3427 2849 3480 καὶ
2898 3425 3086 3494 μηνύει
3128 3422 3200 3491 μὴ
3241 3415 3376 3473 εἶναί
3418 3435 3538 3469 τινα
3583 3414 3810 3485 μείζονα

2236 3537 2398 3594 αὐτοῦ
2428 3528 2902 3591 λαλοῦντος.“Ωστε
2926 3524 3019 3576 καὶ
3041 3525 3067 3575 6
3103 3518 3416 3579 Ἀπόστολός
3435 3531 3612 3584 φησιν’
3643 3512 3813 3566 Ἐπεὶ

2239 3641 2363 3696 κατ’
2409 3634 2656 3699 οὐδενὸς
2698 3627 2822 3696 εἶχε
2857 3625 3125 3696 μείζονος
3154 3622 3386 3688 ὀμόσαι,
3422 3615 3548 3669 καθ’
3589 3612 3816 3666 ἑαυτοῦ

2242 3743 2494 3810 ὤμοσεν.
2521 3736 2633 3787 Οὐκ
2670 3732 2780 3799 ἔχει
2809 3724 2899 3780 οὖν
2936 3722 3155 3795 μείζονα
3183 3723 3211 3773 6
3241 3719 3440 3785 λέγων·
3464 3715 3598 3768 Κατ’
3626 3713 3815 3780 ἐμαυ-

2243 3809 2348 3894 τοῦ
2373 3837 2588 3905 ὀμνύω,
2624 3834 2675 3884 εί
2712 3827 2838 3897 μὴν
2863 3825 3241 3888 ἐξελεύσεται
3277 3818 3343 3870 ἐκ
3374 3813 3480 3867 τοῦ
3513 3809 3820 3879 στόματός

2242 3957 2359 4011 μου
2384 3933 2756 3996 δικαιοσύνη,
2777 3931 2828 3980 οὶ
2855 3927 3022 3993 λόγιοι
3040 3939 3155 3991 μου
3178 3921 3288 3972 οὐκ
3310 3911 3822 3981 ἀποστραφήσον-

2250 4004 2360 4090 ται.
2391 4033 2500 4084 Καὶ
2528 4029 2579 4080 τί
2609 4023 2856 4095 ὀμνύεις;
2882 4020 3010 4070 Ὅτι
3039 4013 3165 4082 ἐμοὶ
3191 4011 3412 4079 κάμψει
3447 4007 3569 4060 πᾶν
3593 4007 3738 4072 γόνυ
3764 4004 3819 4067 δ,

2249 4137 2345 4191 καὶ
2372 4132 2537 4186 πᾶσα
2569 4125 2816 4196 γλῶσσα
2858 4113 3361 4185 ἐξομολογήσεται
3391 4107 3494 4158 τὸν
3533 4103 3680 4155 ϐεεν
3711 4102 3824 4154 τὸν

2251 4230 2560 4298 ἀληθινόν.
2586 4226 2681 4286 Τίς
2717 4225 2745 4275 ὁ
2777 4219 2948 4273 ταῦτα
2977 4215 3170 4279 λέγων,
3204 4204 3476 4276 αίρετικέ;
3516 4203 3542 4253 6
3567 4199 3757 4267 Πατὴρ
3787 4198 3822 4267 ἢ

2251 4338 2280 4388 6
2300 4334 2459 4393 Υίός;
2488 4326 2622 4395 Παρ’
2653 4321 2776 4392 ἐμοὶ⁵
2803 4316 2880 4386 τῷ
2913 4312 3106 4379 πιστῷ,
3137 4307 3228 4360 καὶ
3262 4305 3425 4356 παντί
3465 4299 3696 4360 εὐσεῦεἴ,
3728 4299 3825 4351 τοῦ

2257 4435 2468 4505 Πατρδς
2490 4433 2522 4499 ἡ
2553 4428 2698 4490 ἀξία,
2731 4423 2824 4476 καὶ
2847 4416 2978 4471 Υίοῦ
3003 4418 3036 4484 ἡ
3064 4410 3336 4468 αὑθεντία.
3367 4407 3572 4458 Ἐκεῖνο
3601 4404 3710 4472 γὰρ
3733 4403 3828 4470 ἔχε

2259 4500 2808 4605 παρατετηρημένον,
2856 4520 2938 4570 ὅτι
2989 4512 3155 4567 πολλά
3197 4510 3302 4561 τῶν
3345 4505 3651 4575 λεγομένων
3697 4500 3828 4570 παρ’

2259 4635 2389 4703 ἡμῖν
2421 4621 2789 4695 ἀγωνιστικῶς
2824 4615 3172 4686 κηρύττεται,
3199 4609 3260 4661 οὐ
3284 4603 3644 4674 δογματικῶς.
3674 4601 3833 4668 Ἐμοὶ

2261 4697 2489 4798 ἔστηκεν
2518 4719 2826 4792 ἐρρωμένον
2847 4715 2905 4767 τὸ
2928 4713 3099 4779 δόγμα
3115 4707 3210 4775 τῆς
3231 4702 3528 4761 εὐσεϐείας,
3549 4701 3640 4751 καὶ
3667 4697 3834 4749 παντὶ

2265 4795 2458 4895 πιστῷ,
2488 4825 2566 4876 ὅτι
2605 4821 2736 4872 ὅπου
2776 4816 2932 4886 μόνος
2961 4809 3262 4876 διαλέγεται
3292 4801 3502 4870 Πατὴρ,
3532 4795 3833 4868 συμπαρεί-

2265 4932 2465 4999 ληπται
2507 4923 2601 4976 καὶ
2637 4922 2665 4972 6
2694 4916 2823 4977 Υίὸς
2859 4914 2953 4965 καὶ
2993 4910 3055 4963 τὸ
3097 4905 3318 4974 Πνεῦμα
3349 4903 3409 4955 τὸ
3448 4900 3623 4967 ἅγιον.
3661 4899 3833 4949 Ὅπου

2269 4996 2395 5092 Υίὸς
2429 5024 2754 5089 διαλέγεται,
2785 5012 2997 5083 Πατρὺς
3036 5007 3316 5060 αὐθεντία·
3358 5005 3488 5055 ὃπου
3522 4999 3711 5068 Πατὴρ
3740 4996 3835 5046 αὑ·-

2272 5130 2475 5191 θεντεῖ,
2526 5119 2656 5175 Υίοῦ
2702 5114 2946 5181 ἐξουσία·
3001 5110 3132 5162 ὅπου
3189 5104 3247 5157 τὸ
3291 5102 3513 5169 Πνεῦμα
3569 5098 3629 5148 τδ
3683 5095 3838 5159 ἀγιον

2274 5228 2515 5298 ἐνεργεῖ,
2552 5219 2647 5273 τοῦ
2694 5213 2906 5282 Πατρός
2956 5212 2987 5278 ὴ
3037 5207 3300 5275 ἐνέργεια.
3334 5202 3405 5253 Οὐ
3447 5199 3698 5266 τέμνεται
3743 5191 3836 5256 τῆς

2274 5291 2436 5396 ἁγίας
2471 5320 2698 5392 Τριάδος
2738 5317 2770 5381 ἡ
2805 5313 2947 5376 δόξα,
2981 5304 3164 5376 ἐπειδὴ
3201 5305 3259 5355 οὐ
3286 5301 3536 5370 τέμνεται
3575 5293 3634 5344 τὸ
3666 5291 3838 5358 δόγμα

2277 5428 2374 5496 τῆς
2404 5419 2682 5492 ἀληθείας.
2717 5414 2807 5483 Μὴ
2836 5409 3083 5480 ὁμολόγει
3116 5405 3240 5473 μίαν
3269 5398 3561 5470 βασιλείαν.

2340 5592 2368 5630 ιν
2416 5590 2466 5636 1η
2511 5583 2755 5645 Ορρτὶὺιιε
2782 5575 3046 5645 .All_m_nasii_
3085 5576 3154 5645 si}:
3179 5571 3380 5645 ‘le’gilur
3409 5565 3488 5636 lgic
3514 5560 3651 5645 [gem

2282 5649 2484 5712 ἐμαυτοῦ
2507 5626 2685 5707 ὀμνυω,
2711 5645 2738 5699 ἢ
2777 5643 2881 5699 (vel
2905 5641 2964 5697 ἦ)
2995 5639 3083 5697 μὴν
3109 5626 3393 5688 ἐξελεύσεται
3419 5626 3471 5697 έκ
3490 5626 3575 5712 τοῦ

2600 5708 2612 5712 -
2775 5708 2785 5712 -
2813 5704 2826 5712 .
2852 5703 2860 5712 ,
3119 5697 3130 5706 .
3198 5694 3526 5712 inn-“MM”
3553 5697 3596 5712 η·
3707 5695 3718 5712 ι

2286 5673 2484 5712 εμαυτυυ
2507 5673 2685 5707 υμνυω,
2716 5673 2738 5699 1]
2777 5673 2789 5699 \
2814 5673 2881 5688 τι..
2912 5673 2962 5697 ιι,
2995 5673 3080 5697 τε...
3109 5673 3312 5688 -.,-..----
3419 5686 3430 5697 1
3656 5680 3672 5690 π
3707 5673 3715 5676 _
3750 5676 3762 5687 ‘

2286 5730 2374 5774 μου
2400 5708 2699 5760 δικαιοσύνη·
2747 5708 2788 5774 οί
2813 5703 2942 5760 λόγοι
2971 5715 3059 5760 μου
3083 5697 3169 5743 οὐκ
3191 5694 3620 5749 ἀπογραφησονται,
3649 5693 3720 5726 οτι
3743 5673 3841 5734 qm!

2292 5767 2469 5833 κάμψει
2493 5775 2583 5816 πᾶν
2601 5783 2733 5829 τονυ.
2757 5767 2990 5814 (ζοτειειι.
