3996 6418
219 419 320 472 421

210 515 479 570 dentium!
507 528 542 568 ο
579 513 830 582 pietatem
854 518 1043 565 cuncta
1087 505 1457 562 credentium!
1507 499 1611 557 Sed
1656 497 1780 568 quid

211 609 280 662 ait
299 604 680 660 adversarius?
710 603 824 656 Non
852 599 1148 654 invenimus
1175 596 1332 650 ﬁdem
1360 593 1556 661 ubique
1583 596 1782 650 tutam;

214 696 509 766 reperimus
535 709 652 748 eam
683 693 970 760 collapsam
996 709 1009 745 :
1041 705 1145 743 non
1170 693 1380 756 oportet
1404 684 1517 737 sine
1542 681 1785 736 examine

209 786 448 849 credere,
466 785 563 840 sed
583 798 703 837 cum
726 782 964 852 diligenti
993 779 1393 849 perquisitione.
1422 774 1582 829 Multa
1615 784 1780 840 porro

210 887 426 930 externa
467 877 535 930 iis
558 881 900 928 concurrunt.
933 871 1071 926 Sunt
1114 869 1256 923 enini
1294 867 1472 920 afﬁnia
1505 863 1785 918 hirretico-

210 983 323 1022 rum
355 976 410 1020 et
433 967 709 1035 gentilium
741 978 894 1018 sensa
922 979 934 1016 :
967 962 1054 1015 illa
1086 959 1388 1014 daemonum
1412 957 1646 1017 inventa,
1669 952 1786 1006 haec

208 1061 511 1112 daemonum
542 1056 778 1111 doctrina
808 1063 949 1107 sunt.
987 1054 1176 1106 Dicunt
1198 1065 1325 1119 ergo
1357 1047 1571 1119 quidam
1592 1046 1782 1099 adver-

208 1153 471 1205 sariorum
499 1148 642 1212 fidei,
678 1146 894 1200 noxium
931 1145 985 1199 in
1016 1144 1103 1198 illa
1131 1157 1251 1198 esse
1292 1141 1342 1195 id
1383 1138 1523 1209 quod
1567 1136 1784 1191 ratioci-

209 1243 308 1296 niis
348 1255 456 1293 nou
485 1237 798 1306 subjiciatur
829 1254 841 1289 :
874 1244 928 1290 et
951 1235 1052 1289 nisi
1078 1233 1199 1287 ﬁdei
1229 1231 1545 1300 adjuiigatur
1566 1227 1784 1281 rationis

208 1346 454 1391 examen.
490 1329 690 1382 nullum
717 1325 956 1380 credenti
991 1325 1189 1377 lucrum
1231 1320 1440 1374 afferre.
1469 1317 1616 1373 Uiide
1644 1317 1782 1370 enim

207 1421 304 1485 vis,
335 1419 529 1485 inquit,
576 1429 816 1470 naturam
859 1414 981 1468 ﬁdei
1021 1411 1364 1466 examinare?
1395 1409 1564 1472 visne,
1593 1406 1782 1474 inquit,

208 1525 236 1563 a
266 1509 551 1578 principio.
583 1507 650 1560 ab
679 1508 787 1575 ipsa
813 1503 995 1558 mundi
1024 1501 1331 1556 creatione?
1375 1497 1584 1567 lnquire
1605 1495 1668 1549 de
1695 1510 1780 1560 eo,

207 1614 366 1669 quem
399 1598 607 1651 vocatis
635 1595 1037 1666 protoplastum.
1080 1591 1297 1645 Invenio
1326 1590 1470 1643 illuni
1496 1602 1525 1641 a
1557 1587 1659 1641 ﬁde
1695 1601 1783 1640 ce-

207 1687 725 1743 cidisse.Considera
755 1685 965 1754 maligni
995 1682 1256 1738 daemonis
1286 1680 1464 1742 verba,
1491 1679 1579 1747 qui
1603 1676 1781 1730 omnia

208 1778 360 1834 facile
386 1778 549 1830 audet
577 1775 810 1845 aggredi,
854 1773 1027 1844 qualia
1075 1774 1288 1836 audeat,
1322 1785 1562 1839 quaenam
1594 1769 1782 1836 loqua-

206 1878 311 1935 tur,
340 1882 588 1937 qumnam
619 1865 886 1919 obtendat.
906 1865 1013 1918 Vos
1035 1863 1229 1924 dicitis,
1264 1863 1451 1930 inquit,
1481 1869 1782 1928 serpentem

209 1960 278 2014 illi
304 1959 538 2014 dixisse‘
569 1975 581 2010 :
615 1956 935 2026 Quocumque
959 1957 1040 2007 die
1070 1953 1401 2014 comederitis,
1440 1952 1627 2019 inquit,
1648 1951 1783 2002 eritis

207 2049 330 2101 sicut
358 2048 429 2098 dii
455 2047 662 2098 scientes
691 2045 869 2098 bonum
900 2053 946 2096 ct
970 2043 1160 2095 malum
1205 2040 1353 2112 (Gen.
1378 2042 1429 2094 5.
1451 2039 1526 2108 5).
1549 2037 1785 2092 Credidit

209 2139 466 2207 serpenti,
515 2135 655 2204 quod
698 2134 1009 2188 credidisset
1055 2133 1229 2202 periit.
1281 2131 1603 2195 Principium
1656 2143 1783 2197 ergo

208 2228 471 2282 malorum
499 2236 582 2280 est
605 2223 756 2279 ﬁdes.
799 2225 922 2278 Hiec
947 2223 1012 2276 ad
1045 2239 1140 2276 nos
1173 2223 1246 2276 illi
1279 2221 1518 2276 veritatis
1561 2219 1776 2281 inimici,

209 2319 308 2387 piae
337 2317 609 2387 religionis
656 2316 854 2370 hostes.
880 2314 981 2369 Sed
1015 2316 1257 2383 ignorant
1287 2311 1429 2380 impii
1451 2325 1631 2364 veram
1660 2307 1780 2361 ﬁdei

210 2410 596 2473 definitionem,
639 2408 881 2462 nesciunt
917 2406 1041 2474 quid
1083 2406 1353 2475 objicient.
1389 2404 1500 2455 Non
1532 2402 1671 2454 enim
1698 2401 1780 2453 di-

209 2503 397 2564 cimus,
435 2500 724 2570 quemlibet
753 2499 841 2568 qui
873 2496 1118 2552 omnibus
1141 2495 1340 2558 credat,
1371 2493 1529 2548 ﬁdem
1561 2491 1778 2555 habere,

209 2608 269 2646 ac
296 2593 510 2646 fidelem
547 2590 853 2659 prtedicari;
907 2603 1078 2657 neque
1121 2601 1244 2641 eum
1270 2586 1358 2654 qui
1403 2584 1561 2638 obvio
1609 2582 1781 2635 cuivis

210 2684 395 2745 credit,
427 2697 546 2737 esse
593 2682 837 2744 fidelem;
870 2679 963 2735 sed
1011 2695 1132 2734 eum
1158 2679 1247 2748 qui
1276 2691 1402 2731 vere
1438 2676 1546 2729 Deo
1589 2673 1777 2728 credit.

208 2774 339 2828 Nam
367 2774 648 2827 ostendisti
695 2772 952 2825 Adamtim
997 2769 1137 2840 quod
1170 2769 1277 2824 Deo
1316 2767 1629 2822 credidisset
1657 2778 1780 2834 per-

209 2863 374 2918 iisse?
418 2864 569 2931 Quod
617 2863 827 2917 diabolo
883 2861 1201 2924 crediderit,
1256 2861 1434 2928 lapsus
1473 2867 1583 2922 est;
1641 2855 1780 2928 quod

208 2953 314 3006 Deo
360 2968 468 3006 non
517 2953 831 3012 crediderit,
884 2949 1095 3007 cecidit.
1142 2948 1247 3003 Cur
1292 2948 1430 3003 dicta
1482 2947 1780 3016 pervertis?

207 3043 337 3096 Audi
369 3042 657 3097 Jeremiam
684 3043 948 3096 dicentem
981 3063 993 3095 :
1027 3041 1210 3094 Audite
1227 3056 1324 3104 me,
1345 3041 1426 3108 qui
1449 3039 1563 3091 odio
1592 3037 1780 3090 habetis

199 3132 467 3199 judicium,
496 3135 580 3201 qui
619 3134 785 3185 omnia
817 3142 950 3186 recta
988 3133 1262 3200 pervertitis
1285 3129 1332 3200 (1
1342 3146 1421 3182 mo
1442 3129 1598 3181 lllicli.
1627 3129 1678 3180 5.
1697 3127 1773 3196 9).

204 3224 360 3291 Atqui
391 3223 573 3277 dicere
604 3223 858 3291 oportuit,
891 3222 1211 3291 Principium
1250 3220 1506 3274 malorum
1536 3217 1779 3271 incredu-

205 3313 342 3366 litas.
375 3313 507 3365 Nam
545 3314 586 3365 si
627 3313 940 3366 credidisset
964 3312 1074 3366 Deo
1100 3311 1318 3374 dicenti,
1355 3310 1676 3379 Quocumque
1701 3309 1781 3361 die

204 3403 540 3465 comederitis,
564 3413 723 3455 morte
749 3403 1025 3455 moriemini
1054 3401 1205 3474 (Gen.
1238 3401 1292 3454 Ξ.
1322 3402 1433 3469 l7),
1467 3415 1572 3453 non
1602 3401 1779 3467 lapsus

206 3492 411 3556 fuisset,
456 3492 549 3546 sed
600 3492 871 3546 habuisset
918 3493 1098 3558 ﬁdem,
1133 3492 1311 3557 ﬁdem,
1343 3492 1577 3560 inquam,
1613 3499 1776 3543 tutam

203 3586 266 3639 ad
310 3587 562 3639 salutem.
596 3585 713 3638 Noli
759 3601 1004 3654 umquam
1039 3585 1158 3638 ﬁdei
1205 3599 1397 3638 nomen
1443 3583 1774 3637 calumniari.

204 3676 316 3729 Non
346 3677 489 3728 enim
525 3676 609 3728 ille
631 3677 718 3743 qui
756 3677 974 3730 cuilibet
999 3675 1186 3739 credit,
1213 3675 1381 3728 ﬁdelis
1409 3683 1517 3737 est;
1551 3674 1644 3727 sed
1689 3673 1776 3740 qui

205 3765 312 3818 Deo
339 3763 528 3824 credit,
550 3764 592 3818 is
618 3764 788 3817 ﬁdelis
811 3772 966 3817 estet
995 3765 1204 3818 dicitur.
1224 3764 1441 3818 Abstine
1471 3779 1499 3816 a
1526 3769 1777 3833 quaestio-

203 3856 385 3918 nibus,
415 3862 468 3907 et
497 3854 816 3920 amplectere
848 3853 1022 3906 ﬁdem.
1076 3853 1232 3906 Fides
1272 3853 1445 3905 omnia
1493 3853 1773 3915 illuminat,

204 3947 333 4000 ﬁdes
361 3945 541 4000 omnia
571 3944 883 4008 sanctiﬁcat,
908 3943 1038 3997 ﬁdes
1068 3943 1267 4012 Spiritu
1297 3951 1482 3996 sancto
1509 3944 1772 4012 dignatur.

200 4037 332 4091 Nam
367 4036 658 4101 Stephanus
683 4035 857 4102 plenus
877 4035 1039 4104 gratia
1069 4044 1116 4085 et
1139 4033 1433 4102 fortitudine
1457 4033 1587 4102 (Act.
1617 4031 1668 4084 6.
1694 4033 1771 4100 8).

200 4126 310 4180 Nisi
359 4126 688 4193 prreluxisset
722 4123 872 4187 ﬁdes,
910 4123 1160 4177 fortitudo
1204 4124 1256 4175 in
1304 4131 1486 4176 sancto
1526 4123 1638 4175 viro
1670 4137 1772 4173 non

200 4225 424 4286 sequuta
455 4217 658 4269 fuisset.
679 4215 777 4269 Ubi
807 4214 957 4279 ﬁdes,
983 4215 1089 4268 illic
1110 4224 1162 4269 et
1185 4215 1350 4268 virtus
1374 4229 1464 4267 seu
1490 4214 1769 4277 fortitudo;

200 4308 286 4361 ubi
327 4305 689 4369 incredulitas,
722 4305 827 4358 illic
873 4305 1172 4359 inﬁrmitas.
1225 4305 1549 4372 Principium
1603 4305 1773 4357 hono-

200 4413 339 4459 rum,
391 4397 558 4458 ﬁdes;
607 4396 724 4451 fons
769 4395 1050 4457 bonorum,
1099 4396 1249 4450 ﬁdes.
1298 4395 1578 4450 Sumamus
1629 4409 1771 4449 arma

199 4487 403 4540 salutis.
449 4485 555 4539 Cur
603 4484 922 4539 dictionibus
951 4484 1138 4546 servis,
1189 4494 1242 4538 et
1282 4485 1557 4539 veritatem
1604 4485 1773 4554 fugis?

200 4591 294 4627 cur
324 4575 532 4643 profers
559 4591 639 4639 ea,
667 4590 780 4643 qum
804 4590 871 4628 ne
901 4575 1207 4644 angelorum
1234 4576 1450 4644 quidem
1480 4588 1663 4630 natura
1696 4577 1774 4630 iii-

199 4667 462 4733 vestigare
492 4665 689 4720 audet?
728 4665 862 4732 Quid
891 4665 1015 4719 dico
1044 4666 1349 4735 angelorum
1376 4668 1601 4719 natura?
1643 4667 1772 4733 Qua:

199 4771 264 4810 ne
290 4755 561 4809 d.emones
597 4754 806 4821 quidem
837 4755 1050 4809 audent.
1084 4755 1196 4808 Non
1224 4756 1302 4807 vis
1332 4757 1478 4824 sequi
1522 4756 1771 4809 Petrum?

199 4861 302 4898 non
328 4845 404 4897 vis
428 4844 576 4912 sequi
609 4843 866 4898 Paulum?
905 4861 1008 4898 non
1045 4845 1298 4913 angelos?
1326 4861 1428 4900 non
1450 4845 1771 4900 Cherubiin?

198 4951 304 4989 non
345 4932 668 5000 Serapliim?
723 4936 846 4988 Esto
879 4936 1066 4989 saltem
1116 4936 1414 4990 dmmonum
1461 4937 1766 5005 discipulus.

198 5025 454 5078 Viderunt
475 5024 744 5077 daemones
770 5023 1124 5088 Servatorem,
1152 5035 1203 5079 et
1234 5028 1446 5081 aiebant
1476 5029 1548 5080 illi
1578 5049 1590 5080 :
1625 5029 1767 5095 Sine,

195 5116 317 5183 quid
340 5114 481 5167 nobis
511 5123 554 5165 et
581 5114 687 5178 tibi,
718 5113 822 5165 Fili
851 5114 944 5167 Dei
985 5116 1192 5181 (Matth.
1221 5119 1272 5172 8.
1317 5117 1448 5187 29)?
1494 5120 1769 5175 Dwmones

199 5203 387 5258 Filium
411 5205 742 5266 confitentur,
771 5210 827 5255 et
851 5209 922 5267 tu,
955 5203 1220 5271 liwretice,
1253 5207 1625 5276 blasphemas?
1662 5211 1767 5263 da:-

256 5382 273 5411 ¹
310 5380 744 5448 Posthaecverba,
775 5378 1077 5448 illidixisse,
1105 5386 1359 5448 sequentia
1388 5383 1616 5446 leguntur
1639 5389 1762 5448 apud

190 5447 389 5504 Lupum,
427 5447 491 5488 De
518 5442 674 5504 tribus
705 5442 1067 5504 quaestionibus,
1096 5442 1191 5488 sub
1227 5445 1412 5504 initium
1436 5442 1764 5504 TAdjectdeo,

190 5500 314 5549 scire
342 5510 492 5548 Deum
512 5500 653 5568 (nihil
675 5500 841 5561 mitto),
859 5501 982 5568 quod
1006 5502 1047 5550 si
1070 5503 1380 5568 cnitedissent
1401 5511 1523 5553 unde
1541 5500 1766 5568 prohibiti

190 5568 360 5618 essent,
386 5573 498 5627 mox
517 5560 816 5622 aperirentur
834 5560 959 5627 oculi
980 5575 1158 5627 eoru’n.
1179 5564 1447 5627 similesque
1466 5560 1560 5616 dtis
1575 5571 1765 5618 exsiste-

191 5629 314 5670 rent.
343 5621 526 5670 Scilicet
549 5621 600 5690 ut
619 5622 952 5690 numerositate
985 5623 1189 5690 deorum
1228 5621 1394 5690 saltem
1434 5641 1596 5690 eorum
1620 5626 1766 5690 ﬁdem

192 5689 533 5748 corrumperet,
557 5682 600 5730 si
623 5683 686 5731 ad
710 5683 1073 5733 inobedientimn
1094 5683 1256 5734 tentati
1277 5687 1402 5748 gnlw
1427 5689 1536 5738 vitio
1559 5682 1648 5738 non
1665 5705 1762 5741 ces-

190 5750 370 5791 U-SM’RI.
397 5750 602 5791 COIGICI‘.

1191 392 1256 449 IN
1295 389 1518 456 lLLUD,
1559 387 1625 444 IN
1662 387 1798 456 QUA
1840 383 2262 454 POTESTATE,
2305 386 2454 443 ETC.

3362 411 3477 468 422

1898 500 2352 569 ηιοηθεωτιιιτιιειιι
2381 499 2664 564 faciunt,et
2687 507 2739 555 tu
2763 501 3174 570 iiiteqnaliuitcin
3201 501 3458 561 adsmuis.

1892 588 2094 659 Ecquid
2144 590 2354 654 faciam,
2387 591 2460 644 ait
2498 590 2798 655 litercticus,
2829 605 2948 644 cuiu
2989 592 3242 646 Dominus
3288 592 3466 649 dicat:

1897 677 1964 732 Ut
1997 689 2302 748 coqnoscant
2345 689 2392 733 te
2435 679 2598 732 solum
2639 695 2809 733 verum
2837 679 3000 734 Deum
3045 681 3222 749 (Joan.
3257 683 3345 736 l7.
3377 683 3467 752 δη

1893 768 2074 823 Solum
2103 769 2263 835 dixit,
2295 770 2465 824 solum
2495 771 2801 838 prmdicavit
2830 786 3012 824 verunt
3047 771 3210 826 Deum
3239 773 3470 828 Patrem.

1893 859 2184 915 Veritatem
2211 869 2387 916 sector
2414 877 2511 930 per
2540 862 2703 916 Deum
2735 864 3116 918 annuntiataiu.
3148 864 3346 920 Vocem
3379 882 3471 922 so-

1891 950 1995 1005 lius
2023 953 2265 1015 sectaris,
2297 961 2352 1006 et
2380 953 2547 1006 literae
2573 953 2779 1007 servis?
2811 953 2973 1007 Serva
3004 956 3260 1010 terminos
3304 959 3354 1012 in
3386 976 3471 1012 1·ιέ-

1892 1055 2011 1094 rum
2039 1040 2429 1111 disquisitione.
2465 1044 2598 1097 Dicit
2636 1045 2776 1098 Deus
2815 1059 2909 1112 per
2940 1046 3248 1114 prophetam
3290 1064 3305 1107 :
3361 1048 3474 1119 Ego

1891 1145 2005 1182 sum
2045 1131 2258 1198 primus,
2287 1142 2333 1186 et
2361 1149 2450 1204 ego
2481 1143 2670 1201 postea,
2706 1144 2748 1187 et
2771 1135 2899 1187 alius
2924 1147 3104 1203 prwter
3133 1154 3210 1190 me
3245 1156 3344 1192 non
3378 1153 3467 1193 est.

1890 1218 2071 1272 Justus
2117 1229 2162 1272 et
2191 1222 2409 1275 salvator
2451 1233 2632 1291 praeter
2668 1241 2746 1277 me
2787 1241 2886 1278 non
2913 1235 3004 1280 est.
3037 1225 3100 1278 Et
3130 1231 3473 1284 convertimini

1890 1308 1958 1360 ad
1984 1325 2082 1373 me,
2111 1320 2157 1363 et
2181 1312 2307 1364 salvi
2334 1313 2471 1366 eritis
2501 1313 2561 1365 ab
2591 1315 2826 1368 extremis
2856 1324 3020 1368 teri-te.
3055 1315 3164 1387 Ego
3186 1335 3297 1370 sum
3334 1319 3470 1374 Deus

1890 1409 1938 1451 et
1965 1416 2066 1452 non
2086 1410 2160 1453 est
2184 1402 2336 1455 alius.
2366 1401 2467 1454 Per
2499 1405 2844 1472 memetipsum
2860 1406 3003 1476 jura.
3045 1400 3158 1476 Ego
3184 1409 3397 1476 primus,
3422 1421 3468 1464 et

1889 1505 1980 1558 ego
2001 1501 2110 1558 post
2137 1492 2243 1545 licet:
2264 1508 2285 1546 .°
2311 1503 2468 1562 atquc
2496 1493 2694 1559 intulit,
2725 1494 2790 1547 Et
2820 1512 2921 1548 non
2947 1508 3018 1549 est
3043 1498 3174 1552 alius
3195 1508 3375 1569 prater
3391 1517 3470 1554 me

1892 1579 2042 1648 (Isai.
2089 1582 2262 1637 44.6.
2311 1593 2354 1636 et
2393 1585 2484 1638 45.
2529 1585 2619 1638 2'1.
2670 1585 2760 1640 22.
2804 1587 2920 1655 23).
2971 1587 3156 1643 Videte
3201 1592 3467 1658 quomodo

1890 1673 2138 1728 ostendat
2186 1675 2478 1729 solitariam
2536 1686 2796 1742 naturain,
2835 1694 2952 1746 qua:
3005 1679 3134 1734 nihil
3184 1696 3467 1736 commune

1890 1760 2083 1816 habeat
2113 1779 2234 1818 cum
2284 1765 2385 1819 alia
2417 1774 2604 1820 natura
2636 1776 2899 1836 separata.
2952 1769 3075 1823 lliec
3124 1785 3282 1840 porro
3326 1772 3462 1829 Deus

1889 1852 2005 1909 ait:
2040 1853 2150 1924 Ego
2179 1871 2311 1920 sum,
2354 1867 2399 1909 et
2427 1873 2527 1909 non
2557 1866 2628 1910 est
2672 1858 2838 1920 alius;
2881 1859 2967 1927 qui
3018 1874 3110 1927 per
3155 1859 3464 1928 pr0plietain

1889 1943 1998 1997 ait:
2031 1943 2250 1998 Extendi
2279 1948 2456 2000 ctutum
2505 1950 2642 2000 solus
2690 1947 2843 2017 (Isai.
2876 1949 2961 2002 44.
2995 1949 3110 2015 24).
3153 1951 3382 2008 Attende
3411 1965 3463 2008 tit

1888 2035 2004 2087 voci
2025 2034 2198 2099 Solus,
2218 2037 2643 2105 quandoquidem
2667 2038 2870 2107 profers
2888 2038 3069 2094 Solum
3088 2057 3258 2095 verum
3279 2043 3460 2099 Deum.

1892 2123 2113 2178 Extendi
2144 2127 2325 2179 malum
2351 2128 2507 2180 solus.
2540 2128 2796 2183 Similiter
2822 2145 3033 2200 quoque
3065 2132 3168 2199 hie,
3202 2131 3316 2205 Ego
3342 2145 3463 2190 'sum

1889 2224 1933 2266 et
1964 2229 2062 2266 non
2093 2226 2163 2268 est
2183 2216 2314 2268 alius
2334 2231 2352 2268 :
2374 2233 2460 2284 per
2477 2218 2818 2286 memetipsum
2833 2220 2976 2286 jura.
2999 2222 3248 2277 Animum
3271 2224 3465 2281 adhibe

1889 2306 2092 2373 pariter
2134 2308 2432 2360 auctoritati
2463 2318 2514 2361 ct
2541 2310 2791 2376 potentia:
2832 2313 3114 2379 loquentis,
3144 2315 3282 2381 quod
3313 2316 3463 2372 disc-

1889 2396 1976 2460 rit,
2010 2394 2132 2448 Non
2160 2407 2231 2449 est
2257 2397 2427 2462 alius;
2457 2408 2529 2461 et,
2563 2397 2718 2452 Solus
2742 2417 2874 2465 sum,
2897 2413 2949 2454 et
2981 2402 3102 2468 hoc,
3135 2403 3237 2457 Per
3264 2417 3464 2460 mentat-

1885 2485 2050 2552 ipsum
2104 2488 2319 2554 juravi;
2372 2490 2743 2559 significatque
2792 2492 3056 2548 nemiuem
3111 2509 3169 2550 se
3218 2497 3464 2566 |0queiite

1887 2576 2142 2644 majorem
2185 2592 2326 2632 esse.
2358 2579 2510 2634 Unde
2552 2581 2626 2634 ait
2669 2582 2828 2635 etiam
2867 2586 3184 2653 Apostolus:
3214 2589 3464 2652 Quoniam

1887 2666 2134 2719 nemiuem
2165 2667 2370 2733 habuit,
2403 2687 2492 2738 per
2540 2687 2686 2740 quem
2717 2673 2941 2741 juraret,
2972 2677 3234 2745 majorem,
3270 2681 3463 2746 juravit

1887 2773 1976 2823 per
2003 2758 2322 2825 semetipsum
2353 2759 2536 2829 (Hebr.
2568 2761 2619 2815 6.
2654 2762 2766 2831 15).
2793 2762 2906 2817 Non
2950 2764 3106 2819 habet
3130 2781 3256 2835 ergo
3292 2771 3462 2840 majo-

1887 2862 2000 2900 rem
2028 2849 2118 2917 qui
2153 2849 2283 2904 dicit
2309 2867 2322 2903 :
2357 2850 2461 2904 Per
2483 2855 2824 2920 niemetipsum
2846 2855 2989 2922 jiiro,
3021 2857 3065 2908 si
3090 2859 3288 2926 quidem
3317 2875 3461 2928 egre-

1886 2937 2050 2991 dietur
2085 2938 2147 2991 de
2171 2956 2256 2992 ore
2277 2957 2386 2994 meo
2409 2943 2631 3011 justitia,
2657 2960 2908 2998 sermones
2931 2947 3027 3005 mei
3056 2963 3154 2999 non
3181 2959 3463 3003 avertantur

1886 3029 2040 3096 (Isai.
2074 3032 2159 3086 45.
2190 3032 2305 3102 25).
2355 3034 2421 3087 ΕΙ.
2463 3035 2588 3104 quid
2618 3035 2802 3104 juras?
2835 3036 2966 3101 Quia
3010 3040 3133 3091 milii
3180 3043 3462 3096 curvabitur

1885 3135 2030 3173 omne
2057 3137 2186 3190 genu
2210 3122 2308 3192 (a),
2341 3132 2386 3176 et
2427 3126 2585 3176 omnis
2627 3127 2800 3194 lingua
2846 3128 3163 3194 conﬁtebitur
3189 3129 3351 3183 Deum
3378 3148 3462 3186 ve-

1884 3225 1996 3261 rum
2036 3209 2188 3278 (Isai.
2221 3213 2308 3266 45.
2341 3213 2454 3282 24).
2481 3214 2608 3279 Quis
2640 3215 2756 3270 hinc
2780 3216 2926 3280 dicit,
2975 3218 3259 3274 literelicc?
3304 3222 3461 3278 Pater

1884 3317 1948 3354 an
1977 3301 2178 3356 Filius?
2214 3305 2366 3373 Apud
2395 3320 2477 3359 uie
2507 3306 2735 3372 fidelem,
2765 3319 3090 3378 cunctosque
3124 3314 3256 3380 pios,
3288 3314 3460 3371 Patris

1884 3399 1966 3446 est
1995 3391 2242 3463 dignitas,
2271 3404 2325 3447 et
2373 3395 2490 3448 Filii
2537 3398 2843 3452 auctoritas.
2877 3398 2987 3453 lloc
3017 3400 3156 3454 enim
3207 3403 3461 3460 observes

1885 3485 2064 3546 velim,
2096 3486 2260 3540 multa
2301 3501 2482 3541 eorum
2519 3505 2636 3558 quae
2675 3490 2922 3554 dicimus,
2954 3495 3316 3562 pugnantium,
3351 3513 3457 3552 non

1883 3575 2186 3631 docentium
2235 3595 2383 3633 more
2424 3579 2716 3649 prmdicari.
2752 3582 2874 3636 Mihi
2903 3585 3112 3638 lirnitim
3142 3594 3243 3640 stat
3265 3588 3455 3659 dogma

1885 3671 2113 3738 pietatis,
2153 3679 2207 3724 et
2245 3671 2461 3726 cuilibet
2488 3672 2650 3738 ﬁdeli,
2681 3690 2869 3744 nempe
2918 3678 3004 3730 tibi
3031 3677 3176 3732 soliis
3224 3680 3457 3749 loquitur

1883 3760 2060 3823 Pater,
2109 3761 2178 3814 ibi
2227 3762 2608 3828 comprehendi
2657 3763 2816 3816 etiam
2862 3764 3048 3818 Filium
3098 3777 3152 3820 et
3202 3768 3454 3837 Spiritum

1881 3861 2143 3904 sanctum.
2171 3850 2263 3905 Ubi
2295 3852 2461 3906 Filius
2495 3853 2748 3922 loquitur,
2776 3854 2846 3907 ibi
2887 3855 3056 3909 Patris
3086 3856 3234 3912 adest
3270 3870 3455 3912 aucto-

1881 3943 2044 4005 ritas;
2095 3943 2180 3994 ubi
2233 3942 2389 3994 Pater
2437 3944 2804 3998 auctoritatem
2853 3955 3086 4009 exercet,
3118 3948 3185 4001 ibi
3230 3949 3346 4003 Filii
3374 3961 3456 4004 est

1881 4039 2151 4098 potestas;
2206 4031 2293 4084 ubi
2323 4031 2555 4100 Spiritus
2585 4042 2799 4088 sanctus
2825 4043 3096 4101 operatur,
3126 4037 3298 4092 Patris
3327 4055 3454 4109 0pc-

1879 4121 2016 4174 ratio
2042 4131 2137 4176 est.
2173 4122 2286 4176 Non
2332 4123 2588 4177 scinditur
2617 4133 2815 4179 sanetae
2859 4125 3132 4181 Trinitatis
3166 4129 3332 4198 gloria
3354 4132 3451 4204 (b),

1943 4298 2013 4358 (a)
2049 4289 2188 4366 illum
2221 4305 2410 4366 textum
2457 4299 2558 4366 Ιιος
2588 4306 2725 4366 pacto
2746 4301 2940 4366 citatum
2965 4301 3186 4366 inve._nics
3210 4302 3450 4366 [opperi-

1878 4354 2269 4422 ιιιιεξΑιΙιιιηξιδίἰ,
2307 4359 2497 4422 pialogo
2533 4354 2659 4408 3116
2695 4361 2942 4422 'rrinitate,
2977 4367 3026 4407 T.
3062 4360 3106 4417 2,
3143 4376 3189 4422 ρ.
3215 4354 3335 4420 215Ξ
3361 4379 3452 4413 seu

1877 4419 2060 4482 Maximi
2083 4425 2132 4464 'l'.
2156 4419 2203 4474 2,
2225 4433 2271 4478 p.
2297 4420 2421 4482 459;
2441 4419 2542 4469 ’ρει-
2566 4421 3035 4482 memetipsumjuro,
3055 4419 3194 4470 amen
3218 4419 3442 4482 egredie-

1877 4484 1955 4526 tiir
1985 4479 2046 4527 de
2068 4491 2149 4540 ore
2172 4493 2275 4540 meo
2288 4479 2478 4540 jnslitta
2498 4493 2514 4536 :
2537 4494 2629 4529 non
2665 4479 2799 4530 exitu
2832 4481 3185 4540 fraiidabuntur
3209 4479 3451 4535 sermones

1792 4549 1802 4561 '
1878 4539 1989 4602 mei,
2016 4538 2127 4600 quia
2152 4538 2268 4588 milii
2289 4537 2564 4589 curvabitur
2587 4553 2720 4602 omne
2743 4537 2880 4602 genu.
2909 4540 3118 4591 Coteler.

1943 4600 2144 4670 _(b)”Non
2171 4602 2233 4670 ita
2254 4603 2432 4670 pride
2455 4603 2588 4670 edita
2611 4600 2809 4670 fuerunt
2831 4615 2942 4649 cura
2970 4609 3020 4670 et
3042 4603 3200 4670 studio
3223 4605 3448 4670 Stephani

1878 4659 2064 4715 Babizii,
2092 4659 2296 4708 hominis
2327 4663 2384 4708 ad
2406 4663 2668 4720 editionum
2693 4659 2884 4710 labores
2907 4665 3021 4720 nati,
3050 4662 3132 4711 lib.
3154 4663 3184 4711 4
3223 4659 3450 4714 miscella-

1877 4734 2096 4787 neorum,
2133 4721 2228 4768 duo
2258 4722 2542 4787 theodori-ti
2589 4719 2855 4787 fragmenta
2889 4724 2947 4787 ad
2959 4786 2962 4787 ν
2986 4719 3265 4787 Trinitatem
3291 4730 3447 4787 perti—

1877 4783 2059 4829 nentia.
2087 4787 2144 4826 Ea
2169 4782 2314 4841 gestit
2338 4783 2525 4829 animus
2546 4785 2720 4830 cursim
2753 4783 2831 4831 hic
2854 4784 3054 4832 meliora
3095 4782 3447 4836 facererudo

1877 4840 2186 4904 conjecturas
2212 4840 2507 4904 solummodo
2548 4856 2833 4904 proponam,
2883 4843 3200 4894 conferendas
3235 4859 3354 4895 vero
3395 4858 3448 4897 et

1879 4901 2218 4967 examinandas
2255 4901 2570 4967 diligentibus
2617 4901 2900 4967 relinquam.
2955 4911 3077 4967 Lego
3123 4907 3282 4967 igitur,
3311 4908 3448 4958 initio

1878 4961 2320 5032 priorisfragmenti
2347 4961 2521 5032 gaulus
2558 4972 2716 5032 autem
2738 4961 2806 5014 est
2824 4961 3336 5032 scientia'exsistentis;
3360 4982 3447 5018 ex-

1876 5026 2078 5072 sistentis
2097 5034 2204 5070 vero
2218 5026 2430 5081 scientia,
2449 5031 2516 5072 est
2546 5026 2664 5082 Dei;
2696 5034 2816 5074 Deus
2839 5033 2993 5073 autent
3012 5034 3080 5075 est
3103 5026 3326 5078 Trinitas.
3349 5032 3444 5078 Sub

1877 5085 2063 5150 initium
2100 5088 2261 5150 autem
2303 5085 2581 5150 posterioris
2612 5101 2635 5150 :_
2668 5092 2724 5133 (.t
2768 5094 2926 5150 autem
2957 5086 3089 5136 clare
3131 5087 3439 5150 intelligatur,

1876 5142 2092 5211 exemplo
2131 5142 2496 5211 quadamtenni
2537 5146 2636 5206 (vel
2674 5148 2796 5208 tene)
2820 5147 2954 5196 istius
2976 5142 3318 5211 patefaciamus
3340 5142 3443 5200 seu;

1875 5219 1997 5253 sum.
2026 5205 2097 5252 Αἰι
2131 5205 2258 5273 enim
2286 5205 2558 5273 trinitatem
2598 5205 2909 5267 personarum
2945 5205 3300 5273 subsidentium
3322 5225 3422 5273 esse

1876 5274 2049 5329 Nomen
2077 5265 2353 5329 Petrusuin‘
2387 5265 2665 5329 baptismate
2700 5281 2810 5317 vero
2849 5271 3080 5326 Andreas,
3119 5276 3162 5319 et
3192 5269 3241 5318 in
3273 5270 3441 5320 militia

1878 5324 2088 5393 TltOpMS.
2116 5332 2236 5393 Etp.
2271 5327 2316 5383 ’5,
2343 5326 2426 5375 liii.
2448 5324 2512 5393 '_f,
2550 5333 2600 5393 in_
2635 5342 2786 5393 marg.
2830 5338 3014 5379 Denter.
3046 5324 3097 5393 _6,
3127 5331 3174 5378 4.
3213 5337 3324 5393 Post
3350 5345 3440 5393 per

1875 5385 2080 5454 titulum,
2108 5385 2342 5455 adversus
2367 5390 2557 5437 Atrium
2583 5385 2971 5455 impiniit,_atque
2997 5405 3021 5439 a
3046 5385 3169 5455 linea
3193 5403 3205 5437 :
3233 5391 3324 5455 sed
3350 5385 3440 5441 'ne-

1873 5447 2128 5516 cessarium
2152 5447 2344 5516 quidem
2372 5455 2468 5516 est,
2482 5457 2532 5498 ut
2555 5447 2660 5498 tres
2686 5447 3007 5516 subsistentias
3030 5448 3310 5516 conﬁtendo,
3339 5466 3438 5516 nia-

1874 5507 1969 5574 lain
1993 5515 2168 5574 sectam
2195 5509 2320 5556 Arrii
2358 5509 2622 5574 fngimnns.
2642 5511 2964 5574 contrariam
2990 5507 3340 5574 enim'ASabellio
3352 5514 3415 5574 ju

1873 5569 2082 5640 daizanti
2104 5580 2304 5637 pergens
2324 5569 2464 5640 riam,
2482 5577 2526 5619 et
2549 5572 3093 5640 fugiensmanare/tiam,
3117 5569 3442 5640 iu_multor'tmt

1869 5630 2089 5697 deorum.
2113 5630 2398 5696 paganica":
2418 5630 2582 5697 _ii_iru_it
2603 5630 2888 5697 'Opiiiionem
2921 5632 3241 5697 subsistentias
3262 5641 3441 5683 sancta?

1877 5692 2114 5738 Trinitatis
2139 5692 2185 5736 in
2211 5704 2352 5753 imam
2394 5692 2582 5742 deitatis
2616 5694 2919 5743 substantiam
2948 5705 3038 5742 non
3067 5693 3332 5753 intendens,
3355 5704 3439 5746 sed

1873 5757 2064 5800 naturas
2089 5758 2130 5798 ct
2156 5751 2438 5801 substantias
2460 5764 2712 5805 extraneas
2745 5755 2977 5816 Sit-'jt’t‘ltts
3001 5754 3261 5816 alterutris,
3287 5751 3440 5807 Damt
