3996 6468
500 448 614 503 423

495 541 618 612 quia
666 555 769 596 non
814 542 1071 596 scinditur
1117 541 1371 596 doctrina:
1417 540 1625 595 veritas.
1661 538 1737 596 Ne
1763 541 2066 596 conﬁtearis

501 647 662 686 unum
709 647 947 702 regnum.

558 723 611 777 6.
647 722 767 776 [hec
794 737 822 775 a
852 737 937 777 me
965 722 1102 776 dicta
1134 732 1276 786 sunt,
1308 725 1426 792 quia
1469 721 1672 776 hostem
1713 737 1956 786 exerceo,
1988 737 2054 776 ne

496 815 634 870 forte
682 815 894 885 quidam
944 815 1282 884 sycophantze
1334 813 1518 867 dicant
1565 829 1577 865 :
1625 813 1755 866 Vide
1802 813 2066 882 quomodo

492 905 705 964 dixerit.
738 904 914 959 omnia
944 919 1062 958 esse
1091 903 1230 968 Filii,
1263 913 1315 956 et
1342 903 1530 956 Filium
1558 902 1717 971 loqui,
1751 912 1803 956 et
1831 901 2064 956 ostendit

493 995 707 1064 quidem
755 995 978 1048 alienam
1028 1008 1146 1048 esse
1193 994 1518 1061 prophetiam
1568 992 1766 1055 Patris,
1801 993 2063 1061 propriam

494 1101 622 1142 vero
648 1085 784 1140 Filii.
813 1085 925 1139 Stat
950 1083 1075 1137 mihi
1104 1085 1413 1137 inconcussa
1443 1081 1558 1134 Filii
1599 1092 1756 1135 meta.
1785 1082 2064 1135 Certamen

487 1186 567 1230 est
591 1176 703 1229 inec
721 1173 1048 1227 exercitatio.
1080 1171 1175 1225 llic
1201 1169 1422 1224 ostendo
1447 1169 1633 1223 Filium
1664 1169 1984 1237 loquentem,
2014 1178 2066 1222 ct

489 1280 609 1320 cum
640 1264 730 1318 tibi
761 1276 1089 1332 persuasero,
1120 1261 1248 1314 mihi
1274 1261 1431 1314 etiam
1478 1273 1810 1327 persuasero,
1853 1258 2061 1311 Patrem

489 1356 655 1425 loqui,
674 1353 1186 1423 Filiutnprzedicare,
1205 1351 1451 1420 Spiritum
1472 1359 1707 1404 sanctum
1728 1349 1936 1402 oracula
1953 1349 2064 1402 fun-

482 1444 639 1510 dere,
689 1461 708 1495 t
732 1442 840 1512 Ego
874 1442 1120 1510 primum,
1162 1454 1259 1509 ego
1284 1449 1337 1493 et
1369 1450 1487 1507 post
1517 1438 1650 1503 hate,
1670 1447 1722 1491 et
1767 1445 1958 1504 praeter
1979 1453 2063 1492 me

484 1535 625 1590 Deus
641 1549 745 1588 non
763 1541 863 1587 est.
882 1531 982 1586 Per
995 1531 1508 1600 memetipsumjuro.
1534 1549 1551 1582 ι
1569 1530 1694 1597 Quis
1711 1538 1791 1583 est
1807 1531 1893 1598 qui
1912 1528 2058 1594 dicit,

488 1643 508 1676 ε
521 1625 632 1696 Ego
647 1639 760 1679 sum
778 1632 830 1678 et
851 1638 956 1676 non
979 1631 1058 1677 est
1079 1623 1208 1676 alius
1223 1622 1275 1674 ἲ»
1301 1630 1372 1685 et,
1397 1639 1414 1671 ‹
1431 1621 1501 1674 De
1521 1635 1612 1674 ore
1633 1634 1750 1674 meo
1766 1619 2063 1687 egredietur

478 1715 679 1784 iustitia
696 1731 708 1777 ;
725 1733 742 1765 ι
767 1723 838 1778 et,
863 1712 1178 1767 «Sermones
1195 1711 1297 1766 mei
1319 1726 1422 1764 non
1445 1719 1746 1763 avertentur
1766 1725 1778 1760 :
1799 1709 1915 1775 quia
1933 1709 2061 1764 mihi

480 1805 802 1860 curvabitse
848 1818 1004 1858 omne
1041 1817 1208 1872 genu,
1239 1810 1290 1856 et
1325 1801 1496 1856 omnis
1524 1801 1693 1869 lingua
1729 1799 2062 1852 conﬁtebitur

483 1897 651 1954 Deum
670 1894 890 1950 verum?
912 1912 930 1946 ι
953 1892 1226 1962 Quomodo
1248 1896 1394 1962 ponis
1415 1891 1610 1945 dictum
1631 1891 1652 1942 ’ἒ
1671 1891 1720 1944 in
1741 1906 1894 1958 quem
1911 1905 2060 1943 assu-

483 1989 586 2042 mis
604 1985 827 2041 nomen?
845 1984 949 2040 Scd
971 1992 1026 2038 tu
1046 1999 1113 2037 ne
1130 1982 1276 2037 dicas
1292 1997 1352 2036 ea
1373 1997 1489 2051 quae
1509 1981 1746 2049 ignoras;
1773 1995 1940 2048 neque
1961 1994 2059 2047 ego

481 2076 622 2146 quod
663 2090 766 2129 non
797 2073 919 2128 novi
963 2071 1149 2128 effero.
1197 2070 1490 2139 Sequamur
1540 2069 1849 2137 magistrum
1897 2068 2056 2136 spiri-

480 2167 713 2230 tualcm,
743 2165 833 2234 qui
877 2177 973 2218 nos
1026 2162 1288 2218 deducere
1335 2160 1506 2213 valeat
1550 2159 1613 2212 ad
1665 2160 1931 2227 pietatem.
1983 2157 2058 2212 Ne

481 2258 641 2328 igitur
667 2272 730 2312 ex
762 2269 846 2309 me
870 2253 1087 2316 audias,
1122 2252 1216 2306 sed
1241 2251 1360 2304 audi
1404 2263 1631 2303 mecum.
1663 2248 1770 2316 Ego
1810 2247 2059 2301 ecclesia—

486 2350 741 2402 sticorum
790 2344 1092 2414 dogmatum
1144 2339 1360 2395 Paulum
1412 2340 1531 2392 novi
1580 2337 1870 2390 doetorem.
1927 2337 2056 2391 Cum

482 2435 704 2491 Paulum
733 2434 872 2499 dico,
900 2431 1165 2486 Christum
1197 2429 1458 2499 praedico;
1494 2429 1605 2496 ipse
1632 2427 1771 2480 enim
1813 2433 1925 2480 erat
1966 2427 2056 2495 qui

481 2528 535 2582 in
569 2526 732 2583 Paulo
756 2524 1086 2594 loquebatur,
1107 2520 1392 2576 secundum
1421 2519 1549 2573 illud
1571 2519 1769 2573 dictum
1796 2536 1808 2570 :
1837 2539 1852 2569 ι
1869 2519 1944 2570 An
1967 2534 2059 2570 ex-

483 2620 830 2691 perimentum
856 2615 1091 2685 quzeritis
1113 2614 1242 2682 ejus,
1265 2611 1354 2681 qui
1372 2613 1422 2665 in
1445 2626 1528 2664 me
1547 2611 1775 2678 loquitur
1797 2607 1984 2662 Christi
2001 2609 2050 2661 1'»

483 2709 558 2779 (9..
577 2706 768 2763 Cani?)
782 2705 858 2774 .3)
874 2705 1016 2758 Ilanc
1030 2701 1186 2772 igitur
1205 2703 1525 2770 praemissam
1542 2699 1689 2754 Isaiae
1707 2697 2052 2768 prophetiam:

488 2818 506 2850 ι
541 2799 649 2868 Ego
669 2811 788 2851 sum
807 2805 860 2850 et
886 2809 987 2850 non
1013 2804 1094 2850 est
1128 2793 1296 2856 allus;
1329 2812 1346 2843 ι
1399 2800 1470 2854 et,
1523 2811 1540 2842 ι
1571 2791 1670 2844 Per
1691 2789 2056 2855 memetipsum

480 2891 621 2962 juro,
644 2889 762 2958 quia
786 2886 910 2940 mihi
931 2885 1168 2941 curvabit
1187 2899 1243 2940 se
1261 2899 1415 2939 omne
1441 2898 1596 2953 genu,
1616 2893 1666 2936 et
1687 2881 1856 2933 omnis
1883 2880 2056 2947 lingua

487 2980 823 3036 conﬁtebitur
843 2979 1005 3032 Deum
1031 2991 1236 3040 verum,
1267 2995 1286 3027 ι
1314 2975 1506 3029 Paulus
1526 2973 1593 3026 de
1612 2972 1822 3026 Christo
1842 2971 2050 3038 accipit.

492 3069 561 3123 Et
615 3069 702 3123 ubi
753 3067 886 3121 hanc
927 3066 1130 3120 invenis
1181 3062 1726 3119 demonstrationem?
1755 3060 1832 3114 Ad
1860 3060 2056 3113 Roma-

486 3173 585 3214 nus
610 3156 847 3212 scribens
890 3156 1000 3209 ait:
1030 3173 1048 3205 ς
1077 3153 1156 3208 Tu
1201 3161 1375 3206 autem
1422 3149 1547 3220 quid
1596 3149 1798 3218 judieas
1840 3147 2054 3201 fratrem

485 3247 670 3302 tuum?
722 3255 811 3300 aut
883 3253 934 3298 tu
990 3257 1152 3313 quare
1204 3241 1411 3313 spernis
1464 3239 1675 3293 fratrem
1730 3239 1912 3290 tuum?
1963 3252 2056 3290 cur

483 3338 707 3393 invicem
750 3335 1032 3404 judicatis?
1068 3333 1264 3387 Omnes
1327 3330 1463 3384 enim
1515 3329 1770 3382 stabimus
1818 3335 1937 3380 ante
1965 3327 2056 3380 tri-

487 3426 649 3482 bunal
691 3424 904 3480 Christi.
962 3423 1224 3492 Scriptum
1271 3429 1352 3474 est
1399 3420 1536 3473 enim
1571 3435 1582 3470 :
1613 3417 1745 3470 Vivo
1774 3432 1891 3485 ego,
1930 3415 2057 3469 dicit

484 3518 761 3578 Dominus,
813 3515 1056 3585 quoniam
1111 3512 1238 3566 mihi
1295 3510 1536 3564 ﬁeetetur
1591 3522 1747 3560 omne
1791 3522 1949 3575 genu,
2001 3514 2056 3560 et

483 3609 658 3664 omnis
678 3607 849 3677 lingua
875 3604 1206 3661 conﬁtebitur
1232 3603 1393 3656 Deum
1421 3616 1631 3654 vermm
1660 3598 1830 3669 (Rom.
1863 3599 1946 3652 H.
1968 3599 2053 3654 £0.

485 3701 576 3754 Ri.
603 3698 657 3752 Η
684 3696 724 3767 ).
763 3696 852 3750 Ille
884 3703 966 3749 est
1005 3693 1091 3761 qtti
1142 3693 1234 3756 ait,
1263 3708 1282 3742 ι
1306 3690 1418 3760 Ego
1439 3704 1574 3754 sum,
1599 3699 1651 3742 et
1677 3705 1778 3742 non
1802 3699 1882 3744 est
1901 3690 2053 3758 alius;

489 3807 586 3861 per
645 3787 1014 3854 memetipsum
1052 3784 1207 3853 juro,
1235 3781 1356 3850 quia
1405 3780 1532 3834 mihi
1571 3779 1874 3834 curvabitur
1901 3795 2056 3836 omne

485 3897 644 3952 genu.
674 3899 692 3931 α
721 3880 775 3935 Si
802 3892 928 3946 ergo
972 3876 1162 3929 Paulus
1214 3871 1541 3942 prophetiam
1589 3869 1801 3924 Christo
1852 3871 2051 3926 refert:

487 3975 575 4045 qui
614 3982 788 4027 autem
828 3969 962 4040 apud
1011 3965 1322 4038 prophetam
1369 3963 1598 4032 loquitur
1646 3971 1726 4017 est
1774 3960 2051 4028 Christus;

487 4219 710 4272 magnum
735 4203 1029 4272 deﬁnienaet
1049 4214 1246 4272 parvum
1268 4207 1316 4272 et
1339 4199 1614 4272 minantem
1628 4206 1687 4272 ﬁt
1711 4197 2054 4272 ipfraLallega-

611 4283 654 4330 p.
683 4258 849 4316 vero?)
867 4280 887 4330 _:
916 4265 986 4330 ait
1009 4258 1134 4313 enim
1172 4261 1466 4330 cantiloquws
1499 4262 1592 4330 U15-
1628 4258 1706 4315 38»
1735 4261 1804 4327 η’
1838 4258 1988 4330 illa";
2009 4263 2056 4330 in.

491 4320 702 4388 imagine
725 4325 935 4376 ambulat
956 4325 1124 4388 homo,
1144 4335 1244 4388 non
1267 4329 1316 4370 ut
1340 4320 1558 4388 consistat
1587 4331 1732 4388 itaque
1762 4320 1819 4388 fin
1838 4320 1946 4388 hoc,
1968 4323 2056 4388 sed

485 4378 729 4454 agnum
751 4394 902 4438 mente
935 4398 965 4434 a
986 4382 1279 4454 sensibilibus
1301 4382 1364 4454 ad
1402 4378 1734 4454 intelligialilia.
1758 4381 2059 4454 uescar;-

489 4438 764 4502 3tianismus
785 4454 942 4497 autem
962 4457 1070 4495 vere
1092 4450 1159 4494 est
1181 4441 1374 4502 scientia
1397 4438 1727 4502 inenarrabilis
1748 4447 1927 4502 sanctae
1956 4441 2056 4490 Tri-

493 4498 699 4573 ἦέῶέῦηε
825 4509 946 4573 ’,ῳ-ε
967 4513 1178 4573 mm,
1201 4500 1442 4573 “gemam?
1466 4499 1523 4549 ab
1546 4498 1817 4573 ignorantia.
1832 4498 2056 4573 liberatur

491 4561 645 4629 horno,
668 4561 824 4633 gr'att'a
853 4567 980 4633 ﬁlius
1017 4567 1101 4616 Dei
1122 4571 1314 4615 uocatur
1351 4575 1372 4633 ί
1397 4569 1447 4630 e_t
1483 4561 1646 4633 multis
1679 4561 1970 4633 interiectis,
1989 4561 2054 4611 de

495 4619 693 4680 homini;
716 4645 727 4678 :
756 4619 864 4680 Ncn'
885 4627 1067 4677 alienus
1089 4635 1247 4675 autem
1285 4638 1314 4673 a
1345 4621 1428 4671 Dei
1467 4621 1722 4684 cognitione
1754 4619 1838 4678 est,
1865 4619 1970 4669 licet
1993 4635 2056 4669 ea:

492 4705 585 4742 non
607 4689 954 4745 exsistentibus,
1000 4689 1201 4737 donante
1231 4693 1468 4745 Creatore.
1510 4680 1775 4731 intellectus
1812 4688 1987 4738 autent,
2012 4689 2056 4730 et

492 4755 580 4803 iste
624 4751 883 4802 secundum
924 4743 1200 4799 interiorem
1245 4743 1478 4794 hominem
1513 4755 1604 4790 non
1646 4747 1787 4803 extra
1826 4749 2056 4790 rationem

494 4802 739 4876 dentibus
766 4824 782 4861 :
805 4822 1005 4876 nomine
1029 4815 1094 4876 est
1111 4806 1372 4876 ίηςειιεεειιξ
1395 4803 1607 4876 metatis-
1632 4802 1721 4876 δεμ
1745 4807 2057 4876 "causam

494 4863 720 4934 animum
750 4886 765 4922 :
789 4877 856 4934 est
878 4863 1004 4934 enim
1042 4866 1306 4934 intellectus
1350 4863 1628 4934 intelligens,
1655 4867 1697 4934 et
1721 4864 1842 4934 ratio
1865 4863 2056 4934 ratioci-

494 4921 746 4995 itutriaget
766 4921 965 4995 Spiritus
988 4929 1146 4995 palam
1170 4926 1434 4995 faciens,iet
1456 4921 1792 4992 contemplator
1806 4928 2057 4995 {cannam

497 4980 906 5052 substantia,"tria
924 4980 1310 5052 proprietatibus.
1339 4980 1467 5052 Mens
1509 4980 1644 5052 enim:
1671 4997 1754 5052 seu
1775 4980 2054 5052 intellectus,

498 5042 639 5104 Pater
668 5042 823 5110 Verbi,
850 5042 986 5100 Ιιαϐει
1011 5042 1136 5100 enim
1167 5047 1382 5111 Verbnm,
1419 5051 1512 5111 etc.
1559 5043 1680 5091 Vide
1705 5042 2056 5111 Theudor-etum

498 5117 688 5173 Quaest.
713 5112 774 5173 20
799 5108 844 5173 in
863 5112 1102 5160 Genesim.
1143 5115 1266 5173 At_p.
1292 5108 1319 5153 7
1347 5119 1358 5152 :
1380 5108 1524 5173 Quid
1540 5115 1656 5173 rere
1691 5108 1916 5173 quaeest
1943 5111 2056 5148 Ver-

500 5167 625 5223 bum.
653 5171 722 5222 Ibi
743 5171 870 5221 enim
910 5185 1017 5221 vere
1040 5177 1107 5221 est
1131 5167 1286 5230 unitas
1314 5167 1567 5219 Trinitatis,
1615 5171 1679 5230 et
1708 5167 2055 5230 Trinitasvere

501 5222 604 5285 est"
627 5231 831 5283 unitatis.
879 5239 1133 5294 Propterea
1172 5227 1314 5294 enim_
1352 5231 1490 5294 Ifater
1535 5222 1763 5294 eagsistens
1806 5222 2055 5294 subsisten-

498 5282 582 5353 tia,
612 5282 726 5354 etc.,
753 5301 804 5342 et
827 5299 932 5353 post
954 5282 1118 5354 multa,
1154 5283 1736 5354 selectissimamsciemuc
1759 5282 2056 5354 prefundita-

501 5343 631 5416 tem;
653 5368 698 5417 p.
715 5343 933 5417 denique
952 5343 1130 5407 ultima,
1152 5348 1419 5417 Secundum
1440 5343 1554 5403 quid
1576 5356 1738 5417 unum
1763 5343 1958 5417 trianet
1986 5355 2059 5417 se-

501 5402 710 5465 {malim
727 5402 966 5478 rquiditria
988 5402 1132 5478 unum
1146 5422 1174 5478 ,j‘
1185 5407 1442 5458 secundum
1454 5402 1586 5478 ;quod
1602 5402 1960 5478 Annrn‘rttattiliter
1976 5403 2058 5478 νΙξᾳῙ

505 5479 577 5527 bet
609 5478 672 5526 ad
704 5469 1001 5536 semetipsum
1033 5469 1232 5519 Trinitas
1258 5472 1558 5536 una_natura
1588 5469 1835 5536 ea'sistens,
1869 5469 2059 5524 propter

502 5525 590 5587 hoc
613 5525 791 5596 unum;
820 5525 1018 5596 Trinitas
1041 5542 1179 5592 porro
1195 5528 1460 5596 secundum
1477 5525 1602 5596 qugd
1618 5536 1818 5596 nonuna
1841 5535 2057 5596 persona,

501 5584 589 5648 sed
612 5584 953 5648 trcaiiiﬁ‘initas
972 5584 1076 5641 vere
1111 5596 1178 5640 est
1217 5589 1388 5644 unitas,
1419 5584 1512 5634 etc.
1541 5584 1803 5648 Invenitur,
1833 5590 2056 5648 etc._Sap.

506 5643 640 5714 3,3.
655 5643 806 5720 atque
820 5643 1032 5720 brevem
1053 5653 1174 5700 hanc
1189 5643 1569 5720 _digre55ione_m_
1579 5646 1730 5720 amori
1750 5656 1883 5720 Ierga
1894 5643 2057 5720 J'rlteu-

504 5703 739 5768 doretuni
749 5703 871 5766 meo,
883 5703 1066 5778 postulo
1083 5703 1360 5778 condonari;
1387 5707 1525 5778 cujus
1539 5704 1870 5778 ger_g0_c‘ulpam
1888 5703 1963 5764 de]
1983 5717 2058 5752 rc-

507 5762 991 5840 aii'iiii'io',"si'canis
1016 5780 1106 5834 est,
1125 5783 1263 5834 quam
1285 5762 1422 5829 culpa
1444 5762 1633 5814 vacare.
1660 5762 1857 5812 cotcler.

1975 429 2242 488 lNCERTl

3637 452 3753 504 424

2175 543 2302 598 dicit
2341 557 2468 597 vero
2512 541 2772 608 Christus,
2799 543 2908 613 Ego
2931 559 3041 597 sum
3087 544 3240 608 solus,
3271 555 3316 597 et
3347 561 3444 597 non
3469 555 3538 598 cst
3564 547 3700 600 alius
3733 564 3749 601 :

2174 648 2301 701 ergo
2324 633 2531 686 Patrem
2554 633 2697 700 ejicit
2721 633 3029 687 divinitate?
3053 635 3208 702 Atqui
3237 647 3341 687 non
3363 635 3534 701 ejicit;
3561 652 3751 690 revera

2175 738 2401 791 namque
2447 738 2550 775 non
2583 723 2759 790 ejicit;
2795 722 3058 776 individua
3088 724 3225 775 enim
3255 731 3337 777 est
3364 724 3551 793 gloria.
3604 725 3753 794 Ergo

2171 814 2316 867 clare
2345 813 2765 866 demonstratum
2795 821 2877 865 est
2897 852 2912 877 ,
2940 813 3379 880 quemadmodum
3413 814 3578 868 Filius
3626 831 3751 866 etnn

2171 903 2319 963 dicit,
2348 901 2458 971 Ego
2498 919 2609 955 sum
2648 903 2807 965 solus,
2860 915 2965 955 non
2996 901 3138 969 ejicit
3165 902 3406 966 Patrem;
3460 903 3528 954 ita
3577 919 3754 969 neque

2170 1007 2289 1045 cum
2322 993 2388 1046 de
2428 992 2582 1045 Patre
2636 992 2785 1057 dicit,
2833 990 2901 1045 Ut
2948 1001 3245 1060 cognoscant
3284 1001 3330 1044 te
3367 993 3526 1044 solum
3573 1009 3753 1044 vei-tun

2171 1082 2337 1136 Deum
2359 1125 2372 1146 ,
2409 1084 2641 1150 seipsum
2672 1083 2950 1150 sejungere
2980 1099 3008 1134 a
3041 1084 3278 1136 veritate.
3311 1083 3490 1151 Neque
3534 1084 3636 1137 hoc
3661 1101 3752 1136 so-

2171 1172 2278 1224 lum
2329 1173 2606 1225 salubriter
2652 1171 2869 1225 docetur
2912 1188 2924 1233 ;
2975 1171 3066 1224 sed
3111 1172 3266 1224 etiam
3307 1171 3578 1224 Christum
3625 1188 3752 1227 esse

2168 1275 2352 1313 verum
2390 1260 2554 1314 Deum
2594 1276 2658 1313 ex
2698 1261 2813 1327 ipso
2851 1261 3149 1313 testimonio
3193 1260 3432 1313 infertur.
3461 1261 3752 1332 Snbjungit

2172 1351 2330 1412 enim,
2363 1350 2424 1403 Et
2451 1368 2611 1404 omnis
2646 1352 2815 1422 lingua
2841 1351 3156 1419 conﬁtebitur
3185 1352 3344 1405 Deum
3371 1369 3560 1406 verum.
3611 1355 3750 1408 Pro-

2168 1442 2294 1494 inde
2317 1444 2403 1510 qui
2433 1441 2577 1505 dicit,
2607 1440 2720 1512 Ego
2748 1442 2905 1497 solus.
2930 1452 2973 1493 et
2993 1457 3083 1511 ego
3111 1457 3274 1506 verus,
3304 1442 3474 1496 Filius
3500 1454 3604 1498 εει.
3637 1445 3749 1498 Cur

2169 1546 2296 1599 ergo
2312 1531 2581 1585 contendit
2596 1531 2661 1585 de
2682 1531 2877 1596 verbis,
2895 1531 2982 1584 ubi
3002 1533 3262 1584 consentit
3276 1532 3502 1585 veritas?
3523 1534 3631 1586 Cur
3657 1535 3750 1588 ita-

2167 1637 2272 1691 que
2300 1622 2506 1685 dixerit,
2541 1622 2609 1674 Te
2635 1624 2794 1676 solum
2819 1639 2986 1678 verum
3011 1621 3193 1685 Deum,
3220 1623 3411 1684 edisce,
3437 1632 3488 1676 et
3520 1641 3585 1678 ne
3615 1640 3747 1677 cou-

2169 1722 2336 1766 cerla.
2359 1711 2607 1766 Servator
2635 1721 2925 1780 praeceptor
2950 1723 3032 1767 est
3061 1713 3260 1778 mundi,
3277 1724 3547 1767 corrector
3573 1716 3745 1779 orbis,

2166 1801 2256 1870 qui
2281 1803 2422 1869 lapsa
2445 1802 2616 1871 erigit,
2643 1801 2870 1856 errantia
2900 1802 3468 1857 reducitetinveterata
3499 1815 3744 1860 tenovat.

2163 1895 2300 1959 Quia
2346 1903 2568 1948 noverat
2601 1909 2898 1948 sermonem
2947 1909 3100 1948 suum
3145 1910 3533 1962 processurum,
3563 1907 3617 1950 et
3648 1912 3747 1965 per

2167 1996 2333 2040 totum
2365 1987 2544 2040 orbem
2587 1986 2975 2055 propagandum
3014 1985 3078 2040 ad
3123 1987 3489 2056 corrigendum
3534 1989 3748 2056 gentili-

2167 2079 2294 2132 tium
2328 2091 2582 2140 errorem,
2609 2086 2659 2129 et
2687 2075 2754 2129 ad
2780 2075 3160 2144 coarguendam
3189 2076 3460 2130 Judaicam
3487 2078 3746 2132 incredu-

2166 2167 2371 2219 litatem
2399 2207 2412 2230 ,
2444 2167 2692 2234 utrinque
2734 2174 2890 2220 acuto
2937 2180 3062 2220 usus
3086 2177 3165 2220 est
3190 2180 3469 2229 sermone;
3514 2177 3571 2220 ut
3612 2169 3742 2223 dum

2162 2256 2313 2319 dicit,
2355 2254 2534 2308 Verum
2565 2266 2610 2308 et
2639 2256 2801 2309 solum
2845 2254 3030 2319 Deum,
3067 2256 3242 2324 plures
3293 2256 3559 2325 falsosque
3608 2258 3744 2313 deos

2163 2344 2484 2410 traduceret,
2511 2359 2737 2413 cumque
2765 2345 2960 2411 subdit,
2997 2345 3062 2398 Et
3089 2362 3231 2412 quem
3258 2347 3436 2399 misisti
3459 2345 3740 2414 Christum,

2161 2433 2284 2489 illos
2305 2435 2392 2505 qui
2423 2435 2834 2488 incarnationem
2858 2445 3172 2503 negaverant
3198 2435 3511 2490 confutaret.
3538 2438 3744 2493 Praedi-

2162 2535 2246 2582 cat
2267 2526 2435 2582 solum
2461 2541 2640 2580 verum
2659 2527 2852 2590 Dcttm;
2879 2541 2982 2579 non
2999 2528 3292 2594 separando
3317 2542 3394 2594 se,
3419 2529 3510 2582 sed
3539 2530 3744 2585 instru-

2163 2624 2341 2669 menta
2380 2615 2575 2669 erroris
2627 2615 2978 2668 destruendo.
3025 2617 3196 2683 Atque
3227 2625 3283 2669 ut
3308 2616 3502 2681 discas,
3535 2617 3739 2684 frater,

2164 2709 2335 2776 ipsum
2360 2722 2478 2761 esse
2503 2715 2553 2761 et
2576 2721 2756 2761 verum
2782 2707 2963 2770 Deum,
2999 2716 3051 2760 et
3071 2708 3178 2760 veri
3211 2707 3300 2760 Dei
3332 2707 3546 2772 Filium,
3576 2709 3740 2763 Joan-

2161 2814 2261 2852 nes
2309 2797 2622 2867 evangelista
2669 2798 2719 2850 in
2771 2811 2876 2864 quo
2919 2796 3032 2850 haec
3077 2797 3268 2865 scripta
3314 2807 3481 2853 sunt:
3515 2816 3638 2854 nam
3685 2803 3740 2856 in

2157 2887 2749 2958 Evangeliosecundum
2767 2887 3019 2941 Joannem
3047 2886 3268 2940 habetur
3292 2905 3305 2942 :
3336 2887 3402 2942 Ut
3426 2905 3740 2959 cognoscant

2161 2986 2211 3030 te
2234 2979 2393 3030 solum
2412 2993 2578 3029 verum
2605 2975 2763 3029 Deum
2786 2976 2974 3042 (Joan.
3012 2977 3094 3029 17.
3126 2977 3159 3030 '5
3178 2976 3230 3046 );
3258 2977 3392 3030 idem
3421 2978 3508 3032 ille
3535 2994 3738 3047 prmeo,

2162 3069 2250 3136 qui
2281 3068 2393 3121 hare
2433 3067 2766 3134 pra-dicavit,
2799 3066 2850 3119 in
2882 3066 3116 3133 Epistola
3165 3082 3261 3120 sua
3305 3069 3487 3121 scribit
3518 3086 3532 3121 :
3563 3071 3738 3137 prima

2160 3166 2336 3210 autem
2367 3157 2597 3224 Epistola
2622 3158 2758 3210 inter
2787 3170 2849 3210 ea
2875 3172 2990 3226 quae
3029 3157 3080 3210 in
3121 3158 3353 3213 Ecclesia
3381 3160 3737 3228 recipiuntur,

2161 3262 2268 3300 non
2313 3247 2450 3300 inter
2478 3247 2777 3316 apocrypha
2801 3257 3108 3302 recensetur
3137 3246 3212 3319 (α)
3247 3265 3260 3300 :
3292 3264 3411 3303 nam
3446 3252 3740 3308 secundam

2160 3345 2215 3390 et
2262 3338 2465 3390 tertiam
2515 3346 2688 3404 patres
2718 3345 2863 3390 extra
2921 3351 3176 3391 canoncm
3232 3349 3451 3406 ponunt.
3502 3341 3740 3398 Primam

2158 3440 2287 3479 vero
2341 3425 2629 3494 Epistolam
2684 3427 2898 3482 Joannis
2953 3441 3106 3492 esse,
3165 3444 3348 3484 omnes
3373 3435 3736 3487 consentiunt.

2158 3514 2296 3579 Quid
2329 3515 2482 3584 igitur
2507 3515 2595 3569 ille
2623 3526 2837 3570 sanctus
2863 3530 2955 3585 per
2977 3519 3255 3585 epistolam
3283 3519 3348 3573 de
3377 3520 3483 3573 Deo
3509 3523 3742 3590 loquens

2161 3605 2410 3674 praedicet
2434 3606 2849 3660 animadvertere
2869 3621 3084 3660 necesse
3104 3617 3200 3661 est.
3229 3609 3480 3676 «Scimus,
3495 3629 3512 3660 ι
3540 3611 3739 3682 inquit,

2166 3713 2187 3745 ι
2217 3695 2460 3764 quoniam
2485 3695 2644 3748 Filius
2675 3694 2766 3750 Dei
2801 3697 2962 3759 venit,
2991 3703 3044 3750 et
3067 3696 3211 3750 dedit
3234 3697 3385 3752 nobis
3408 3712 3654 3766 sensum,
3681 3713 3743 3757 ut

2159 3798 2540 3853 cognoscamus
2568 3785 2714 3838 illum
2753 3786 2840 3855 qui
2867 3801 3022 3840 verus
3049 3797 3163 3850 est,
3196 3798 3251 3842 et
3293 3790 3455 3843 simus
3495 3790 3547 3844 in
3578 3807 3735 3857 vero,

2160 3874 2214 3928 in
2254 3875 2388 3929 Filio
2413 3877 2526 3943 ejus
2547 3875 2670 3930 Jesu
2693 3875 2922 3930 Christo.
2954 3876 3048 3930 Hic
3068 3884 3149 3930 est
3177 3892 3332 3932 verus
3353 3879 3508 3943 Deus,
3542 3890 3596 3934 et
3623 3882 3733 3936 vita

2159 3975 2356 4021 aeterna
2388 3985 2406 4018 ι
2434 3968 2452 4034 (
2479 3968 2528 4020 1.
2555 3966 2709 4020 Joan.
2740 3969 2792 4022 5.
2817 3965 2940 4037 20).
2975 3969 3095 4031 iste,
3129 3968 3352 4034 fratres,
3382 3979 3435 4024 et
3461 3972 3547 4025 illa
3574 3972 3733 4038 dixit,

2160 4065 2216 4111 et
2239 4057 2351 4110 haec
2378 4057 2699 4125 praedicavit.
2746 4057 2951 4122 Adhuc,
2984 4058 3028 4110 si
3059 4057 3250 4126 placet,
3280 4057 3348 4112 de
3391 4074 3524 4114 voce
3572 4061 3741 4117 Solus

2162 4145 2591 4215 philosophemur
2635 4155 2692 4200 et
2735 4145 3083 4214 disputemus.
3138 4147 3411 4202 Adversus
3455 4149 3734 4206 inﬁdelem

2161 4237 2339 4290 multae
2365 4237 2567 4305 sagittae
2613 4237 2906 4302 mittantur,
2954 4251 3060 4290 non
3084 4243 3140 4290 ut
3167 4250 3390 4306 corpora
3429 4239 3737 4304 vulnerent,

2161 4325 2253 4378 sed
2303 4333 2359 4378 ut
2405 4324 2693 4378 sententias
2741 4324 3026 4392 corrigant.
3078 4323 3398 4379 Emittantur
3449 4328 3609 4381 verba
3663 4330 3738 4384 ad

2161 4413 2360 4475 ﬁdeles,
2385 4412 2586 4480 sagittae
2621 4427 2746 4466 vero
2784 4413 2848 4466 ad
2884 4413 3138 4468 inﬁdeles.
3161 4414 3290 4467 Nam
3322 4415 3534 4484 Sagith
3561 4427 3742 4485 poterio

2162 4504 2223 4555 tia
2268 4513 2452 4566 acutaz,
2484 4502 2658 4570 populi
2695 4503 2785 4553 sub
2825 4513 2870 4555 te
2903 4503 3079 4555 cadent
3125 4503 3234 4574 (ὁ),
3265 4505 3317 4556 in
3365 4505 3515 4558 corde
3560 4507 3738 4560 inimi-

2147 4589 2330 4645 corum
2361 4591 2548 4660 (Psal.
2574 4593 2662 4646 44.
2696 4591 2727 4646 6
2752 4593 2789 4661 ).
2820 4593 2909 4645 Ait
2931 4608 3058 4662 ergo
3085 4592 3268 4648 beatus
3287 4594 3578 4662 Jeremias,
3621 4599 3737 4654 sive

2161 4683 2332 4749 potius
2359 4681 2584 4746 Barueh,
2609 4682 2692 4750 qui
2715 4682 2999 4751 discipulus
3026 4682 3163 4736 illius
3204 4683 3317 4748 fuit,
3349 4683 3482 4738 sicut
3511 4687 3737 4742 Elisaeus

2163 4772 2289 4826 Elia:
2317 4791 2326 4822 :
2361 4791 2378 4823 ι
2403 4773 2501 4838 Qui
2548 4777 2856 4841 praeparavit
2896 4781 3087 4828 terram
3128 4775 3178 4827 in
3211 4783 3466 4828 aeternum
3499 4786 3732 4846 tempus,

2160 4865 2384 4930 replevit
2433 4880 2549 4919 eam
2601 4865 2851 4933 jumentis
2900 4875 2954 4919 et
3003 4865 3432 4934 quadrupedibus
3482 4883 3495 4919 :
3555 4871 3736 4925 emisit

2163 4954 2356 5020 lumen,
2387 4965 2441 5009 et
2470 4955 2641 5018 vadit;
2684 4956 2890 5010 vocavit
2915 4955 3040 5009 illud
3060 4996 3074 5020 ,
3103 4964 3156 5010 et
3185 4957 3415 5011 obedivit
3444 4959 3514 5012 illi
3546 4961 3597 5012 in
3624 4969 3734 5015 tre-

2163 5061 2327 5100 more.
2365 5047 2541 5100 Stellae
2582 5054 2756 5100 autem
2801 5046 3058 5100 fulserunt
3111 5047 3166 5101 in
3215 5048 3469 5104 custodiis
3514 5051 3648 5117 suis,
3680 5062 3734 5106 et

2162 5135 2350 5189 laetata:
2364 5144 2505 5198 sunt;
2529 5136 2732 5189 vocavit
2753 5136 2891 5204 ipsas
2906 5135 3102 5201 stellas,
3116 5154 3134 5187 ι
3152 5136 3342 5206 inquit,
3363 5147 3445 5192 «et
3458 5138 3728 5202 dixerunt,

2163 5225 2468 5277 Adsumus:
2501 5233 2554 5278 et
2602 5223 2857 5278 fulserunt
2886 5223 2937 5279 in
2968 5223 3147 5279 laetitia
3189 5227 3236 5281 ei
3285 5227 3370 5294 qui
3411 5226 3536 5281 fecit
3579 5229 3726 5284 illas»

2249 5400 2297 5458 η)
2333 5399 2453 5446 Vide
2477 5411 2620 5458 supra
2644 5399 2692 5446 in
2715 5401 2904 5448 Monito.

2249 5413 2297 5458 η)
2341 5413 2453 5446 Viae
2477 5413 2533 5446 su
2553 5413 2620 5445 ira
2644 5413 2692 5446 m
2717 5413 2904 5448 tuomto.

2249 5460 2296 5519 b)
2331 5460 2382 5507 ln
2406 5413 2582 5522 mendo
2606 5466 2682 5508 est
2705 5459 2836 5522 locus
2858 5459 3015 5522 Cyrilli
3032 5458 3349 5522 Alexandrini
3381 5459 3650 5522 Comment.
3676 5463 3731 5512 ad

2165 5522 2426 5583 Zachariam
2446 5533 2492 5566 n.
2518 5520 2594 5577 60,
2617 5522 2666 5583 in
2690 5519 3012 5582 exquisitione
3031 5521 3171 5583 hujus
3186 5527 3350 5568 textus
3370 5535 3381 5568 :
3403 5519 3596 5583 sagitta!
3611 5525 3731 5582 ejus,

2166 5581 2422 5641 Mystagogi
2442 5615 2456 5638 ,
2481 5591 2557 5641 eos
2581 5579 2663 5641 qui
2684 5579 2847 5629 errant
2871 5593 3030 5629 verum
3055 5579 3142 5628 Dei
3173 5585 3398 5641 naturam
3431 5579 3702 5641 ignorantes
3719 5614 3732 5638 ,

2167 5639 2452 5702 percutiunt,
2475 5639 2571 5689 illis
2595 5639 2685 5688 non
2709 5647 2908 5702 mortem
2931 5641 3178 5702 afferente:
3214 5639 3297 5688 sed
3320 5639 3602 5690 charit'atem
3633 5653 3737 5701 qna

2165 5707 2233 5749 est
2257 5702 2304 5748 in
2329 5701 2539 5756 curiata,
2576 5708 2625 5748 ut
2656 5701 2741 5764 sub
2774 5701 2875 5764 ipso
2904 5701 3076 5762 feriant
3119 5703 3363 5763 (minimo,
3389 5702 3594 5764 cadant,
3618 5709 3739 5752 sicut

2170 5769 2220 5809 et
2243 5775 2367 5810 ceco
2393 5769 2537 5822 [-atct.
2566 5761 2764 5812 Coteler.
