3996 6424
203 403 310 458 423

266 528 339 584 ς’.
392 518 608 588 Ἐπειδὴ
636 519 726 570 τὸν
754 517 946 587 ἐχθρὸν
978 513 1256 584 γυμνάζω,
1285 509 1457 565 ταῦτά
1490 527 1578 580 μοι
1602 511 1750 578 εἰρη-

194 625 315 673 ται,
349 609 434 662 τνα
468 609 601 679 μηδέ
627 625 767 669 τινες
793 607 899 659 τῶν
928 604 1228 659 διαϐάλλειν
1257 603 1550 670 φιλούντων
1589 601 1756 652 εῐπω-

197 717 298 752 σιν·
331 701 472 769 Ὅρα
501 699 614 762 πῶς
634 695 806 758 εἶπεν,
825 698 904 749 ὅτι
931 696 1105 748 πάντα
1124 695 1214 747 τοῦ
1244 692 1372 746 Υἱοῦ
1400 694 1533 754 ἐστι,
1553 692 1664 756 καὶ,
1697 691 1756 743 '0

198 789 320 852 Υἱὸς
337 790 648 858 φθέγγεται,
668 788 758 841 καὶ
781 785 1054 850 ἀπέδειξεν
1083 784 1180 853 μὲν
1197 781 1476 851 ἀλλοτρίαν
1501 781 1597 850 τὴν
1627 797 1758 850 προ·

200 880 424 949 φητείαν
454 877 546 931 τοῦ
570 877 798 946 Πατρὸς.
818 874 962 946 [429]
991 875 1121 927 ἰδίαν
1138 872 1194 925 δὲ
1222 872 1315 925 τοῦ
1344 871 1486 926 Υίοῦ.
1522 867 1758 939 Ἐστηκέ

197 987 284 1040 μοι
333 967 626 1027 ἀσάλευτος
659 967 686 1017 6
718 967 841 1034 ὄρος
886 965 985 1032 τὶις
1029 963 1280 1025 πίστεως.
1339 961 1510 1029 Ἀγών
1539 963 1654 1014 ἐστι
1699 960 1760 1012 τὸ

194 1058 616 1128 γυμναζόμενον.
647 1057 902 1124 Δείκνυμι
929 1052 1160 1106 ἐνταῦθα
1185 1053 1274 1105 τὸν
1307 1053 1428 1104 Υίὸν
1457 1051 1760 1119 φθεγγόμε-

195 1167 302 1210 νον,
329 1150 424 1201 καὶ
449 1149 577 1201 ὅταν
608 1162 664 1199 σε
689 1146 880 1209 πείσω,
909 1146 1031 1198 τότε
1059 1145 1292 1212 ἐμαυτὸν
1320 1143 1509 1206 πείθω,
1541 1141 1761 1211 Πατέρα

195 1236 455 1290 λαλοῦντα
475 1273 490 1297 ,
525 1234 652 1287 Υίδν
680 1233 1034 1303 κηρύττοντα,
1060 1233 1120 1284 τὸ
1146 1231 1366 1300 Πνεῦμα
1389 1232 1451 1284 τὸ
1484 1232 1638 1298 ἅγιον
1680 1230 1760 1283 θε-

197 1326 404 1388 σπίζον.
457 1324 604 1391 Ἐγὼ
639 1322 891 1390 πρῶτον,
921 1321 1036 1390 ἐγὼ
1067 1321 1164 1374 καί
1207 1322 1357 1390 μετά
1409 1320 1626 1383 ταῦτα,
1661 1321 1760 1373 καί

195 1411 362 1476 πλὴν
407 1410 557 1477 ἐμοῦ
590 1408 732 1473 Θεὸς
773 1411 882 1462 οὐκ
928 1408 1117 1462 ἐστιν.
1171 1411 1307 1463 Κατ’
1352 1409 1495 1478 ἐμοῦ
1543 1410 1760 1477 ὀμνύω.

196 1497 288 1559 Τίς
324 1499 470 1549 ἐστιν
503 1498 532 1547 6
573 1496 765 1563 λέγων,
809 1497 890 1549 ὅτι
948 1495 1092 1564 Ἐγώ
1126 1499 1274 1565 ειμι,
1308 1497 1406 1551 καὶ
1439 1499 1547 1550 οὐκ
1596 1498 1763 1550 ἐστιν

196 1588 426 1650 illoc;
478 1587 571 1639 καὶ
609 1587 688 1638 ὅτι
747 1586 840 1639 Ἐκ
883 1587 1179 1654 στόματός
1224 1603 1342 1656 μου
1383 1587 1763 1650 ἐξελεύσεται

195 1677 583 1744 δικαιοσύνη;
615 1678 729 1739 καὶ,
778 1680 841 1730 Ol
875 1677 1038 1744 λόγοι
1079 1696 1197 1746 μου
1236 1681 1348 1732 οὐκ
1379 1680 1764 1748 ἀποστραφή-

196 1783 428 1822 σονται·
478 1767 567 1820 ὅτι
616 1768 742 1836 ἐμοὶ
794 1767 1014 1836 κάμψει
1059 1767 1181 1822 πᾶν
1226 1769 1405 1836 γόνυ,
1457 1769 1554 1823 καὶ
1598 1770 1764 1823 πᾶσα

197 1856 447 1926 τλῶσσα
471 1857 973 1926 ἐξομολογήσεται
1001 1859 1150 1912 Θεὸν
1175 1859 1280 1911 τὸν
1300 1861 1620 1926 ἀληθινόν;
1643 1861 1764 1923 Πῶς

194 1948 347 2016 τίθης
371 1947 435 1999 τὸ
461 1948 640 2016 ῥῆμα;
669 1948 745 2010 είς
767 1947 886 1999 τίνα
907 1947 1261 2017 ἐκλαμϐάνεις
1280 1949 1341 2001 τὸ
1365 1949 1532 2018 ὄνομα
1552 1969 1566 2017 ;
1608 1951 1766 2004 Ἀλλά

200 2039 335 2106 μήτε
358 2039 424 2090 σὺ
452 2037 624 2105 φράζε
652 2037 688 2090 ἃ
720 2037 790 2106 μὴ
833 2035 978 2098 οἶδας
1000 2078 1014 2101 ,
1048 2037 1181 2106 μήτε
1227 2036 1337 2104 ἐγὼ
1366 2038 1765 2108 ἐπαγγέλλομαι

198 2125 232 2178 ἃ
266 2126 341 2195 μὴ
381 2125 698 2194 ἐπίσταμαι.
745 2122 1219 2192 Ἀκολουθήσωμεν
1263 2123 1563 2191 διδασκάλῳ
1599 2140 1763 2175 πνευο

201 2215 446 2285 ματικῷ,
493 2215 768 2284 δυναμένῳ
794 2216 941 2284 ἡμᾶς
973 2216 1248 2284 στοιχῆσαι
1290 2214 1426 2284 πρὸς
1468 2215 1764 2267 εὑσέὸειαν.

197 2308 285 2376 Μὴ
327 2308 510 2359 τοίνυν
547 2308 705 2360 ἀκουε
733 2307 859 2372 παρ’
889 2306 1021 2375 ἐμοῦ
1043 2343 1056 2367 ,
1086 2306 1197 2358 ἀλλ’
1242 2307 1404 2360 ἄκουε
1448 2306 1564 2375 μετ’
1608 2304 1762 2374 ἐμοῦ.

209 2400 349 2466 Ἐγὼ
391 2400 503 2452 τῶν
559 2397 1022 2468 ἐκκλησιαστικιῖω
1083 2400 1362 2469 δογμάτων
1416 2399 1506 2452 τὸν
1559 2399 1767 2452 Παῦλον

198 2483 312 2542 οἶδα
341 2490 676 2542 διδάσκαλον.
727 2490 892 2542 Ὅταν
925 2489 1134 2542 Παῦλον
1178 2489 1352 2552 εἴπω,
1394 2491 1625 2561 Χριστὸν
1667 2509 1767 2559 κη-

201 2579 396 2650 ρύττω·
433 2580 592 2640 αὐτὸς
621 2579 727 2648 γὰρ
757 2574 822 2646 ἦν
847 2581 875 2630 6
906 2581 963 2630 ἐν
999 2578 1190 2646 Παύλῳ
1215 2579 1599 2648 φθεγγόμενος,
1629 2580 1768 2632 κατά

198 2669 258 2721 τδ
299 2670 617 2738 εἰρημένον·
669 2671 736 2721 El
785 2667 1039 2736 δοκιμὴν
1099 2667 1313 2734 ζητεῖτε
1363 2669 1470 2722 τοῦ
1525 2670 1595 2722 ἐν
1637 2672 1765 2738 ἐμοὶ

199 2761 537 2822 λαλοῦντος
562 2760 814 2826 Χριστοῦ
839 2760 1090 2829 ;Ταύτην
1115 2759 1289 2811 τοίνυν
1318 2760 1415 2828 τὴν
1437 2761 1768 2831 προφητείαν

210 2849 431 2903 Ἡσαΐου
465 2849 562 2916 τὴν
597 2849 1016 2918 προειρημένην,
1058 2849 1139 2911 τὸ,
1182 2847 1327 2915 Ἐγώ
1354 2852 1463 2918 ειμι
1486 2890 1501 2914 ,
1530 2849 1627 2902 καί
1659 2852 1769 2903 οὐκ

198 2938 365 2993 ἐστιν
399 2937 611 3002 ἄλλος·
647 2938 738 2990 καὶ
758 2977 772 3001 ,
802 2939 937 2991 Κατ’
970 2938 1226 3006 ἐμαυτοῦ
1256 2940 1452 3005 ὀμνύω
1473 2977 1485 2996 .
1523 2938 1608 2991 ὅτι
1640 2938 1768 3006 ἐμοὶ

199 3029 420 3097 κάμψει
457 3027 580 3082 πᾶν
607 3029 769 3097 γόνυ,
805 3030 902 3082 καὶ
932 3027 1100 3082 πᾶσα
1133 3028 1382 3096 γλῶσσα
1410 3029 1768 3097 ἐξομολογήσ

197 3133 363 3172 σεται
395 3119 504 3170 τὸν
538 3120 684 3172 Θεὸν
717 3119 821 3172 τὸν
851 3117 1158 3184 ἀληθινὸν,
1201 3117 1404 3179 Παῦλος
1432 3120 1510 3179 είς
1536 3119 1768 3187 Χριστὸν

198 3207 582 3275 ἀναλαμϐάνει.
619 3207 727 3259 Καὶ⁸
760 3207 861 3259 ποῦ
891 3207 1092 3274 ταύτην
1124 3208 1394 3276 εὑρίσκεις
1427 3207 1520 3275 τὴν
1553 3207 1766 3260 ἀπόδει-

200 3296 278 3358 ξιν
306 3315 321 3362 ;
363 3296 722 3349 Ἐπιστέλλων
763 3297 1050 3366 Ῥωμαίοις
1082 3297 1231 3364 φησί·
1263 3297 1345 3349 Σὺ
1371 3296 1439 3348 δὲ
1469 3298 1523 3348 τί
1550 3298 1768 3363 κρίνεις

197 3388 300 3446 τὸν
337 3386 606 3454 ἀδελφόν
650 3402 800 3450 σου;
845 3389 882 3454 ἢ
920 3388 1016 3440 καί
1070 3388 1150 3440 σὺ
1198 3389 1254 3441 τί
1297 3387 1633 3452 ἐξουθενεῖς
1664 3389 1768 3441 τὸν

197 3477 462 3544 ἀδελφόν
514 3491 628 3530 σου
647 3493 666 3541 ;
699 3478 755 3530 τί
785 3478 1094 3544 ἀλλήλους
1115 3478 1343 3546 κρίνετε
1363 3495 1380 3541 ;
1400 3479 1626 3542 Πάντες
1659 3478 1768 3545 γὰρ

197 3571 705 3636 παραστησόμεθα
757 3569 836 3634 τῷ
886 3570 1111 3638 βήματι
1161 3569 1270 3624 τοῦ
1325 3570 1603 3637 Χριστοῦ.
1659 3569 1763 3622 Γέ-

198 3675 446 3727 γραπται
472 3658 601 3727 γάρ·
631 3659 721 3714 Ζῶ
746 3659 879 3728 ἐγὼ,
907 3660 1066 3729 λέγει
1093 3661 1328 3727 Κύριος,
1354 3659 1440 3712 ὅτι
1471 3659 1597 3726 ἐμοὶ
1625 3659 1769 3728 κάμ-

196 3751 293 3816 ⁸ψει
323 3748 448 3802 πᾶν
473 3751 637 3814 γόνυ,
657 3751 755 3802 καὶ
783 3749 950 3804 πᾶσα
977 3750 1230 3818 γλῶσσα
1259 3751 1765 3819 ἐξομολογήσεται

195 3835 302 3888 τὸν
341 3835 491 3888 Θεὸν
525 3836 630 3888 τὸν
673 3838 976 3902 ἀληθινόν.
1044 3839 1277 3900 Ἐκεῖνος
1304 3841 1330 3890 6
1373 3839 1579 3906 λέγων·
1623 3841 1768 3907 Ἐγώ

195 3928 328 3993 ειμι,
373 3927 472 3978 καὶ
513 3927 622 3978 οὐκ
649 3926 815 3978 ἔστιν
841 3927 1048 3992 ἄλλος·
1087 3928 1213 3980 κατ’
1253 3929 1507 3994 ἐμαυτοῦ
1547 3930 1764 3995 ὀμνύω,

196 4015 282 4069 ὅτι
313 4017 442 4085 ἐμοί
475 4015 696 4085 κάμψει
733 4017 853 4072 πᾶν
884 4019 1047 4086 ¹ιοόνυ.
1079 4020 1140 4072 Et
1172 4021 1349 4072 τοίνυν
1376 4023 1404 4073 6
1443 4022 1648 4083 Παῦλος
1689 4024 1766 4084 εἰς

195 4108 428 4178 Χριστὸν
458 4108 716 4177 ἀναφέρει
748 4109 844 4178 τὴν
882 4111 1234 4178 προφητείαν·
1271 4113 1298 4162 ὁ
1333 4111 1388 4163 δέ
1423 4114 1478 4163 ἐν
1511 4112 1588 4180 τῷ
1633 4129 1761 4180 προ-

195 4201 337 4269 φήτῃ
369 4199 736 4269 φθεγγόμενοῖ
764 4200 995 4265 Χριστός
1029 4203 1166 4264 ἐστι,
1207 4202 1354 4268 λέγει
1379 4203 1434 4254 δὲ
1459 4206 1486 4255 6
1513 4205 1760 4273 Χριστός·

206 4287 488 4355 Ἐγώείμι
515 4289 725 4354 μόνος,
747 4288 844 4341 καὶ
872 4291 981 4342 οὐκ
1020 4289 1191 4343 ἐστιν
1223 4290 1430 4356 ἄλλος·
1462 4293 1655 4344 οὐκοῦν
1684 4296 1764 4346 ἐκ·

195 4377 375 4432 ϐάλλει
403 4377 494 4429 τὸν
525 4377 739 4444 Πατέρα
761 4376 861 4444 τῆς
887 4378 1166 4448 θεότητος;
1204 4380 1338 4432 Ἀλλ’
1369 4381 1466 4433 οὐκ
1497 4383 1761 4438 ἐκϐάλλει.

194 4466 378 4536 ὥσπερ
400 4463 493 4518 οῦν
513 4467 612 4518 οὐκ
636 4467 901 4520 ἐκϐάλλει·
934 4469 1224 4538 ἀμέριστος
1259 4471 1366 4538 γάρ
1394 4473 1424 4539 ἡ
1461 4472 1602 4536 δόξα.
1627 4473 1765 4523 06x-

194 4552 285 4605 οῦν
306 4553 678 4604 ἀποδέδεικται
714 4555 917 4619 σαφῶς,
941 4556 1020 4608 ὃτι
1037 4555 1224 4626 ὥσπερ
1251 4559 1278 4609 ό
1302 4558 1424 4619 Υἱὸς
1449 4560 1574 4611 ὅταν
1597 4558 1762 4626 λέγει,

207 4644 344 4712 Ἐγώ
367 4645 481 4711 ειμι
512 4645 720 4711 μόνος,
759 4645 857 4696 οὐκ
885 4646 1131 4698 ἐκϐάλλει
1163 4648 1252 4698 τὸν
1288 4651 1522 4717 Πατέρα·
1570 4650 1762 4715 οὕτως,

194 4736 312 4788 οὐδὲ
357 4737 484 4787 ὅταν
517 4736 644 4803 περὶ
691 4735 900 4804 Πατρδς
935 4735 1108 4801 λέγει,
1155 4738 1280 4788 Ἵνα
1312 4741 1650 4805 γινώσκωσι
1690 4759 1762 4793 σε

194 4826 297 4877 τὸν
337 4826 531 4891 μόνον
577 4825 865 4888 ἀληθινὸν
918 4825 1082 4886 Θεὸν,
1141 4827 1327 4878 ἐαυτὸν
1366 4829 1612 4896 ἀφορίζει
1663 4830 1762 4896 τῆς

194 4913 467 4982 ἀληθείας.
499 4914 606 4965 Καὶ
629 4914 688 4964 ού
719 4913 874 4965 τοῦτο
907 4916 1062 4982 μόνον
1093 4917 1256 4975 ἰᾶται,
1285 4917 1417 4968 ἁλλά
1445 4919 1550 4986 γὰρ
1582 4920 1673 4970 καὶ
1704 4919 1761 4970 τὸ

195 4999 334 5058 εἶναι
361 5002 613 5070 ἀληθινὸν
639 5003 768 5054 Θεδν
800 5006 889 5055 τὸν
918 5006 1168 5074 Χριστὸν,
1201 5007 1261 5068 ἐξ
1296 5009 1462 5075 αὐτῆς
1491 5009 1588 5075 τῆς
1621 5026 1757 5076 μαρ-

194 5092 383 5160 τυρίας
407 5091 755 5160 προφέρεται·
788 5093 978 5159 ἐπάγει
1006 5095 1112 5162 γάρ
1137 5112 1149 5124 ·
1181 5098 1287 5148 Καὶ
1319 5096 1484 5149 πᾶσα
1513 5097 1759 5164 γλῶσσα

193 5180 696 5247 ἐξομολογήσεται
719 5178 826 5231 τὸν
853 5182 998 5233 Θεὸν
1032 5184 1136 5236 τὸν
1161 5185 1469 5248 ἀληθινόν.
1507 5185 1709 5237 Οὐκοῦν
1732 5189 1760 5236 6

194 5277 385 5342 λέγων,
425 5275 568 5342 Ἐγὼ
584 5275 791 5341 μόνος,
819 5275 916 5326 καὶ
947 5275 1061 5340 ἐγὼ
1080 5278 1382 5344 ἀληθινὸς,
1413 5283 1440 5332 6
1469 5281 1590 5342 Υίός
1619 5283 1754 5333 ἐστι.

195 5369 257 5421 Τί
285 5369 457 5422 τοίνυν
486 5368 723 5436 διαφέρει
746 5369 870 5436 περὶ
894 5368 959 5418 τὰ
986 5371 1224 5437 ῥήματα,
1251 5375 1640 5443 συμφωνούσης
1666 5379 1760 5443 τῆς

193 5463 480 5533 ἀληθείας;
523 5462 669 5512 Διατί
710 5456 798 5513 οὖν
839 5457 976 5524 εἶπε,
1014 5462 1088 5513 Σέ
1121 5465 1226 5514 τὸν
1255 5469 1445 5532 μόνον
1472 5470 1760 5533 ἀληθινὸν

194 5559 359 5618 Θεὸν,
393 5555 648 5609 παιδεύου
669 5596 681 5616 ,
714 5556 804 5607 καὶ
829 5555 903 5625 μὴ
935 5555 1128 5622 μάχου.
1179 5559 1235 5610 Ὀ
1263 5561 1448 5630 Σωτὴρ
1469 5565 1759 5634 παιδευτὴς

195 5655 307 5704 ἐστι
347 5651 442 5705 τοῦ
498 5651 734 5717 κόσμου,
786 5649 1073 5718 διορθωτης
1107 5653 1202 5720 τῆς
1260 5657 1598 5726 οἰκουμένης.
1639 5664 1666 5712 ό
1694 5664 1759 5712 τὰ

1161 377 1225 433 IN
1263 373 1488 439 ILLUD,
1523 370 1589 426 IN
1627 368 1770 436 QUA
1808 367 2233 434 POTESTATE,
2269 365 2417 422 ETC.

3292 367 3402 421 424

1858 509 2180 557 πεπτωκότα
2241 504 2491 572 ἐγείρων,
2549 500 2577 551 6
2623 495 2689 551 τά
2739 495 3126 566 πεπλανημένα
3171 494 3422 564 ἐπιστρέ-

1854 614 1988 664 φων,
2033 595 2126 649 καὶ
2173 595 2242 647 τά
2290 588 2717 657 πεπαλαιωμένα
2761 584 3140 649 ἀνακαινίζων.
3206 583 3420 655 Ἐπειδὴ

1852 687 1966 756 ᾔδει
2001 687 2090 739 τὸν
2133 685 2324 738 ἑαυτοῦ
2374 683 2529 750 λόγον
2578 681 2834 750 προϊόντα
2889 679 2983 731 καὶ
3017 676 3308 746 ἰσχύσαντα
3342 677 3421 738 είς

1854 778 2032 830 πᾶσαν
2055 776 2152 847 τὴν
2175 775 2266 829 ὑπ’
2285 773 2534 843 οὐρανὸν,
2565 774 2644 834 είς
2664 769 2946 840 διόρθωσιν
2969 769 3072 840 τῆς
3108 767 3422 838 Ἑλληνικῆς
3515 774 3518 777 ’

1855 864 2094 933 πλάνης,
2147 864 2241 915 καὶ
2273 863 2349 924 είς
2383 860 2597 928 ἔλεγχον
2630 857 2727 927 τῆς
2771 855 3064 923 Ἰουδαϊκῆς
3110 851 3420 917 ἀπειθείας,

1854 955 2102 1024 δίστομον
2130 953 2392 1023 προφέρει
2423 950 2514 1004 τὸν
2540 949 2692 1017 λόγον
2713 963 2727 978 ·
2760 949 2846 1000 ἶνα
2890 946 2955 999 δι’
2987 946 3086 1016 ἐμὲ
3137 945 3246 1000 Τὸν
3277 944 3422 1010 ἀλη-

1857 1043 2026 1099 θινὸν
2050 1056 2075 1084 ι
2115 1045 2211 1096 καί
2242 1045 2432 1111 μόνον
2470 1042 2643 1094 εἰπεῖν
2677 1040 2783 1092 τὸν
2815 1036 2982 1100 Θεὸν,
3028 1036 3152 1097 τοὺς
3197 1032 3424 1095 πολλοὺς

1857 1136 1950 1188 καὶ
1974 1133 2353 1202 ψευδωνύμους
2397 1129 2735 1200 στηλιτεύσῃ·
2780 1126 2868 1179 διά
2904 1127 2962 1180 δὲ
2991 1125 3052 1178 τὸ
3101 1124 3421 1190 ἐπαγαγεῖν,

1858 1225 1967 1278 Καὶ
1990 1225 2061 1277 ὃν
2070 1222 2429 1288 ἀπέστειλας
2450 1219 2725 1289 Χριστὸν,
2742 1218 2868 1279 τοὺς
2888 1219 3026 1286 ὴρνη
3035 1215 3226 1285 μένους
3238 1213 3334 1282 τὴν
3353 1214 3424 1265 οι·

1857 1317 2111 1386 κυνομίαν
2131 1314 2343 1385 ἐλέγξῃ.
2366 1314 2450 1383 Κη
2460 1312 2638 1382 ρύττει
2662 1310 2819 1380 μόνον
2834 1307 3081 1378 ἀληθινὸν
3106 1303 3254 1374 1430]
3269 1304 3418 1357 Θεόν·

1857 1409 1951 1476 οὐχ
2000 1407 2186 1460 ἑαυτὸν
2213 1405 2502 1476 ἀφορίζων,
2537 1402 2669 1456 ἀλλά
2706 1400 2801 1454 καὶ
2838 1399 3046 1469 ὄργανα
3086 1398 3184 1467 τῆς
3217 1396 3425 1466 πλάνης

1858 1496 2151 1563 ἀφανίζων.
2181 1494 2288 1546 Καὶ
2318 1493 2402 1544 ἵνα
2435 1490 2629 1562 μάθῃς,
2658 1488 2874 1555 ἀδελφέ,
2895 1487 2976 1539 ὅτι
3003 1484 3164 1546 αὐτός
3188 1487 3301 1538 ἐστι
3331 1484 3425 1537 καὶ

1858 1584 2104 1654 ἀληθινὸς
2137 1585 2266 1646 Θεὸς
2285 1624 2297 1647 ,
2329 1582 2421 1635 καὶ
2451 1577 2700 1649 ἀληθινοῦ
2736 1576 2870 1631 Θεοῦ
2901 1577 3029 1638 Υἱὸς
3051 1614 3066 1640 ,
3102 1575 3352 1644 Ἰωάννης
3396 1575 3425 1627 ὁ

1861 1673 2280 1743 Εὐαγγελιστὴς,
2317 1674 2373 1724 ἐν
2420 1666 2463 1738 ᾧ
2498 1669 2668 1723 ταῦτα
2701 1669 3006 1738 γέγραπται
3045 1666 3143 1736 (ἐν
3189 1664 3296 1734 γάρ
3347 1663 3425 1734 τῷ

1860 1765 2172 1834 Εὐαγγελίῳ
2190 1764 2265 1834 τῷ
2290 1763 2428 1816 κατὰ
2461 1761 2706 1828 Ἰωάννην
2727 1762 2918 1812 κεῖται·
2935 1758 3067 1812 Ἵνα
3088 1753 3429 1825 γινώσκωσι

1859 1870 1932 1907 σε
1943 1855 2048 1906 τὸν
2061 1855 2251 1922 μόνον
2269 1852 2558 1919 ἀληθινὸν
2581 1853 2768 1918 Θεὸν),
2788 1849 2947 1911 αὐτὸς
2964 1849 3166 1909 ἐκεῖνος
3186 1847 3212 1898 ό
3235 1841 3424 1914 κήρυξ,

1860 1946 1888 1998 ὁ
1913 1943 2082 1996 ταῦτα
2127 1943 2394 2010 κηρύξας,
2418 1941 2575 2002 αὐτὸς
2606 1941 2662 1990 ἐν
2693 1941 2758 2008 τῇ
2805 1936 3091 2006 Ἐπιστολῇ
3131 1937 3194 2004 τῇ
3231 1933 3424 1986 ἑαυτοῦ

1861 2035 2103 2104 γράφων·
2134 2033 2240 2085 τῶν
2267 2033 2323 2085 δὲ
2347 2029 2866 2099 ἐκκλησιαζομένων,
2895 2028 2954 2079 οὐ
2973 2024 3080 2078 τῶν
3097 2024 3426 2094 ἀποκρύφων

1864 2126 1962 2193 μὲν
1990 2126 2022 2194 ἡ
2048 2122 2234 2194 πρώτη
2277 2121 2582 2191 Ἐπιστολή·
2606 2119 2700 2190 τὴν
2725 2119 2832 2189 γὰρ
2856 2117 3108 2188 δευτέραν
3132 2115 3222 2169 καὶ
3240 2116 3425 2186 τρίτη»

1861 2221 1909 2272 οί
1933 2218 2171 2288 Πατέρες
2192 2217 2656 2281 ἀποκανονίζουσι.
2683 2216 2793 2285 Τὴν
2832 2214 3014 2285 μέντοι
3039 2211 3261 2284 πρώτην
3287 2213 3424 2265 Ἑπιτ

1864 2308 2054 2377 στολὴν
2068 2309 2300 2370 ἅπαντες
2318 2304 2452 2360 εἶναι
2469 2307 2709 2358 Ἰωάννου
2743 2301 3043 2373 συμφώνως
3063 2302 3426 2370 ἀπεφήναντο.

1863 2396 1928 2450 Τί
1955 2393 2046 2450 οὖν
2076 2401 2277 2460 ἐκεῖνος
2309 2400 2337 2449 6
2367 2399 2517 2466 ᾰγως
2549 2397 2636 2449 διὰ
2675 2396 2777 2465 τῆς
2820 2395 3144 2464 Ἐπιστολῆς.
3169 2393 3426 2463 κηρύττει

1863 2488 2143 2554 θεολογῶν,
2181 2489 2465 2557 προσέχειν
2489 2489 2797 2554 ἀναγκαῖον.
2831 2487 3102 2554 Οἴδαμεν,
3136 2485 3318 2554 φησὶν,
3337 2484 3427 2538 ὅτι

1863 2581 1895 2630 ό
1943 2579 2070 2643 Υἱὸς
2096 2578 2199 2631 τοῦ
2239 2580 2385 2631 Θεοῦ
2415 2578 2566 2642 ἣκει,
2602 2577 2699 2630 καὶ
2726 2577 2948 2630 ἔδωκεν
2970 2575 3112 2644 ήμῒν
3135 2575 3425 2638 διάνοιαν,

1863 2670 1961 2722 ἵνα
1997 2667 2377 2736 τινώσκωμεν
2414 2669 2518 2721 τὸν
2550 2669 2856 2733 ἀληθινόν·
2889 2668 2985 2720 καί
3017 2665 3206 2734 ἐσμὲν
3247 2665 3318 2718 ἐν
3349 2664 3430 2729 τῷ

1863 2757 2141 2823 ἀληθινῷ,
2176 2757 2339 2822 ἐντῷ
2370 2757 2477 2821 Υιῷ
2499 2757 2683 2810 αὐτοῦ
2737 2756 2928 2822 Ἰησοῦ
2952 2754 3196 2823 Χριστῷ.
3241 2750 3430 2820 Οὗτός

1864 2850 2030 2902 ἐστιν
2058 2853 2089 2902 ό
2118 2849 2402 2916 ἀληθινὸς
2443 2851 2617 2914 Θεὸς,
2663 2850 2760 2900 καί
2800 2847 2910 2915 ζωὴ
2949 2847 3200 2913 αἰώνιος.
3229 2842 3425 2909 Οὗτος,

1863 2938 2098 3007 ἀδελφοὶ,
2147 2942 2369 2992 κάκεῖνα
2399 2935 2554 3001 εἷπε,
2603 2941 2697 2992 καὶ
2746 2938 2919 2992 ταῦτα
2947 2937 3229 3009 ἐκήρυξεν.
3274 2938 3426 2992 Ἐπι-

1863 3028 2044 3082 πλεῖον
2078 3031 2125 3082 εί
2171 3031 2317 3082 δοκεῖ
2356 3030 2433 3092 είς
2469 3031 2529 3082 τὸ
2553 3071 2565 3095 ,
2591 3031 2796 3098 μόνος,
2839 3029 3303 3098 φιλοσοφήσωμεν,
3335 3028 3429 3082 καὶ

1863 3120 2274 3188 ἀγωνισώμεθα.
2305 3120 2445 3189 Πρὸς
2470 3119 2560 3171 τὸν
2589 3121 2813 3173 ἄπιστον
2839 3119 3005 3172 πολλά
3033 3119 3101 3171 τά
3130 3118 3255 3188 βέλη
3289 3135 3428 3188 πεμ-

1865 3209 2075 3262 πέσθω·
2113 3209 2272 3278 βέλη,
2305 3211 2399 3278 οὐχ
2439 3210 2528 3261 ἵνα
2569 3209 2753 3282 τρώσῃ
2797 3210 2863 3262 τά
2898 3210 3150 3280 σώματα,
3186 3211 3300 3263 ἀλλ’
3340 3211 3426 3264 ἵνα

1861 3299 2128 3372 διορθώσῃ
2184 3300 2252 3352 τὰ
2300 3301 2638 3371 φρονήματα.
2706 3301 3012 3370 Πεμπέσθω
3058 3303 3273 3372 ῥήματα
3330 3303 3428 3371 μὲν

1863 3391 1997 3459 πρὸς
2040 3393 2166 3453 τοὺς
2209 3393 2465 3454 πιστοὺς,
2515 3392 2640 3461 βέλη
2684 3391 2740 3444 δὲ
2786 3392 2920 3463 πρὸς
2973 3395 3095 3456 τοὺς
3148 3393 3424 3456 ἀπίστους.

1869 3483 1944 3535 Τὰ
1996 3481 2152 3547 ,ϐέλη
2188 3483 2214 3521 δ
2249 3483 2356 3551 γὰρ
2406 3481 2512 3535 τοῦ
2567 3481 2825 3537 δυνατοῦ
2872 3481 3243 3551 ἠκονημένα,
3299 3484 3427 3540 λαοί

1861 3570 2136 3626 ὑποκάτω
2169 3587 2284 3624 σου
2314 3571 2662 3634 πεσοῦνται,
2697 3572 2764 3624 ἐν
2792 3571 3001 3640 καρδίᾳ
3034 3572 3151 3625 τῶν
3179 3573 3423 3640 ἐχθρῶν.

1863 3659 2024 3726 Λέγει
2088 3660 2264 3711 τοίνυν
2328 3660 2356 3711 ό
2421 3661 2684 3730 μακάριος
2755 3659 3058 3731 Ἱερεμίας,
3119 3660 3314 3731 μᾶλλον
3369 3661 3428 3714 δὲ

1862 3749 2072 3817 Βαροῦχ
2126 3750 2154 3800 6
2202 3748 2444 3818 μαθητὴς
2503 3749 2703 3812 αὑτοῦ,
2758 3750 2832 3811 ὼς
2877 3752 2905 3803 6
2971 3750 3268 3813 Ἐλισσαῖος
3333 3751 3429 3804 τοῦ

1876 3844 2074 3905 Ἠλίου,
2120 3845 2182 3896 '0
2213 3843 2666 3908 κατασκευάσας
2698 3843 2810 3910 τὴν
2839 3843 2956 3910 γῆν
2983 3847 3068 3908 είς
3111 3845 3216 3896 τὸν
3246 3845 3429 3898 αίὼνα

1863 3940 2102 4002 χρόνον,
2147 3937 2484 4002 ἐνέπλησεν
2511 3938 2703 4004 αὐτὴν
2733 3937 2966 4003 κτηνῶν
2996 3955 3056 3991 τε
3097 3940 3193 3992 καί
3225 3956 3425 4006 τετρα·

1863 4030 2080 4082 πάδων·
2113 4030 2431 4084 ἀπέστειλε
2468 4032 2530 4083 τὸ
2563 4027 2720 4098 φῶς,
2769 4034 2864 4087 καὶ
2903 4033 3248 4099 πορεύεται·
3285 4032 3426 4085 ἐκά-

1860 4128 2043 4176 λεσεν
2080 4125 2246 4186 αὐτὸ,
2281 4125 2380 4176 καί
2425 4126 2773 4191 ὑπήκουσεν
2817 4126 2976 4192 αὐτῷ
3014 4129 3225 4195 τρόμῳ.
3252 4130 3315 4180 Ol
3360 4127 3427 4179 δὲ

1861 4217 2108 4285 ἀστέρες
2149 4220 2428 4286 ἔλαμψαν
2474 4220 2542 4272 ἐν
2581 4221 2707 4286 ταῖς
2735 4223 3034 4289 φυλακαῖς
3078 4221 3295 4284 αὐτῶν,
3331 4224 3427 4276 καί

1861 4312 2301 4379 εὐφράνθησαν.
2355 4315 2680 4368 Ἐκάλεσεν
2709 4316 2927 4382 αὐτοὺς
2957 4317 3098 4383 τοὺς
3136 4318 3422 4385 ἀστέρας.

1864 4407 1995 4472 φησὶ⁸
2017 4444 2030 4468 ,
2059 4406 2155 4457 καὶ
2192 4403 2386 4466 εἶπαν.
2430 4407 2762 4477 Πάρεσμεν·
2794 4412 2889 4463 καὶ
2917 4413 3198 4480 ἔλαμψαν
3235 4414 3303 4465 ἐν
3331 4416 3428 4466 εὐ·

1863 4502 2135 4567 φροσύνῃ
2163 4501 2239 4565 τῷ
2267 4502 2586 4567 ποιήσαντι
2619 4506 2860 4570 αὐτούς.
2880 4507 3004 4570 ,Καὶ
3033 4507 3268 4561 τοσαῦτα
3316 4508 3429 4560 θεο-

1862 4595 2092 4664 λογήσας
2113 4633 2124 4654 .
2160 4597 2341 4665 φησίν·
2368 4592 2552 4661 Οὗτος
2581 4601 2612 4651 ό
2650 4598 2791 4663 Θεὸς
2817 4599 3003 4667 ἡμῶν,
3034 4603 3105 4654 οὐ
3144 4602 3428 4669 λογισθή-

1861 4707 2028 4742 σεται
2071 4690 2268 4756 ἕτερος
2313 4691 2460 4756 πρὸς
2497 4693 2701 4744 αὐτόν.
2741 4693 2974 4762 Πρόσεχε
3005 4694 3244 4762 ἀκριϐῶς
3266 4736 3278 4756 ,
3313 4695 3428 4758 πῶς

1861 4784 2134 4834 ἀποκλείει
2162 4783 2234 4851 τῷ
2266 4786 2450 4852 ἑτέρῳ.
2479 4786 2560 4836 Οὺ
2602 4786 3021 4852 λογισθήσεται
3057 4788 3254 4857 ἔτερος
3278 4792 3426 4857 πρὸς

1859 4876 2060 4925 αὐτόν.
2114 4876 2341 4940 Ἐξεῦρε
2365 4875 2569 4928 πᾶσαν
2599 4878 2740 4929 όὸὸν
2768 4879 3128 4949 ἐπιστήμης,
3164 4883 3261 4937 καί
3285 4883 3424 4937 ἔδω-

1860 4985 1964 5019 κεν
1992 4969 2183 5033 αὐτὴν
2231 4971 2434 5022 Ἰακὼό
2476 4971 2554 5034 τῷ
2581 4973 2739 5025 παιδὶ
2771 4977 2990 5039 αὐτοῦ,
3039 4979 3135 5030 καί
3181 4979 3428 5048 Ἰσραὴλ

1859 5061 1935 5124 τῷ
1958 5064 2312 5132 ἠγαπημένῳ
2332 5067 2430 5119 ὑπ’
2452 5067 2654 5120 αὑτοῦ.
2683 5071 2842 5124 Μετὰ
2865 5071 3043 5126 ταῦτα
3059 5074 3157 5127 ἐπὶ
3182 5073 3290 5142 τῆς
3315 5075 3427 5145 τῆς

1923 5311 1947 5338 ⁸
1991 5310 2201 5358 CMeler.
2227 5310 2346 5370 conj.
2376 5313 2451 5357 διὰ
2473 5314 2552 5371 μὲν
2574 5315 2626 5360 τὸ
2649 5331 2688 5360 τ.
2727 5317 2801 5362 ἀλ.

1919 5371 1948 5408 δ
1977 5371 2160 5438 _Cyfill.
2205 5373 2372 5426 Alex,
2401 5375 2465 5438 _in
2514 5376 2844 5438 e_xqgi:ilinne
2894 5378 3037 5435 hujus
3072 5385 3269 5426 lexuls:
3299 5379 3419 5435 Βέλη

1860 5432 2004 5498 αύτοῦ
2036 5433 2079 5476 οἱ
2108 5432 2443 5498 μυσταγωγοίᾲ
2479 5432 2666 5498 τοὺςςδέ
2705 5452 2770 5498 γε
2790 5432 3195 5498 πεπλανημένους,
3224 5440 3303 5484 καὶ
3341 5432 3416 5485 τὸν

1861 5491 1993 5554 φύσει
2014 5506 2064 5536 τε
2094 5491 2393 5554 καίΑάληθῷς-
2412 5493 2529 5538 Θεὸν
2560 5495 2644 5540 οὐκ
2680 5491 2878 5551 εἰδότας,
2906 5491 3207 5554 πλήττουσιν,
3239 5501 3325 5543 ούοι
3359 5500 3422 5553 είς

1860 5551 2072 5603 θάνατον,
2098 5551 2199 5595 ἀλλ’
2223 5552 2285 5604 εἰς
2308 5551 2492 5608 ἀγάπην
2507 5554 2673 5608 αὐτοὺς
2698 5551 3006 5634 ἀποφέροντες
3036 5560 3118 5613 τήν
3142 5558 3187 5604 ἐν
3212 5551 3420 5618 Χριστῷ,

1860 5614 1929 5634 ι’..η
1969 5611 2045 5634 ...Α
2066 5611 2289 5634 .ο.-,.-.ε-..
2316 5612 2530 5634 --’.---.-.,
2570 5615 2705 5634 ,μεν-,τ’
2852 5632 2859 5634 .
2914 5630 2978 5634 μ-.
2998 5618 3155 5634 __:L-__
3182 5618 3255 5634 ιη-
3315 5630 3412 5634 _,-_

1857 5614 1931 5655 '(vy.
1969 5612 2047 5654 καὶ
2066 5612 2291 5655 ὑποκάτω
2316 5612 2531 5659 τύπτοιεν
2567 5615 2727 5662 αὐτοῦ.
2772 5612 2864 5667 ΠΜ
2913 5612 3276 5666 rescribendum
3310 5612 3420 5668 esSa

1861 5672 2088 5728 πίπτοιεν,
2120 5672 2193 5718 \cl
2222 5683 2349 5719 (ἰτηςο
2375 5680 2525 5730 patet.
2547 5673 2778 5724 Cornum.
