3996 6446
535 396 648 450 425

534 476 723 542 ὤφθη,
751 471 847 524 καί
873 475 992 536 τοῖς
1014 469 1341 534 ἀνθρώποις
1369 464 1831 534 συνανεστριίρη
1862 478 1909 517 ι.
1934 459 2099 525 Οὗτος

533 562 564 613 6
588 559 718 620 Θεὸς
745 556 920 626 ἡμῶν,
948 555 1080 624 πρὸς
1106 554 1164 606 ὃν
1192 555 1273 606 Οὐ
1294 551 1716 621 λογισθήσεται
1737 551 1932 617 ἕτερος
1961 550 2103 617 πρὸς

535 640 852 708 αὺτὸν,ἐπί
874 639 978 706 τῆς
1005 638 1312 708 τῆςῶερθη,
1339 636 1575 700 καὶτοῖς
1600 637 1926 703 ἀνθρώποις
1954 650 2102 687 συν-

536 726 878 795 ανεστράφη
901 726 1050 794 μετὰ
1086 725 1289 779 ταῦτα.
1339 724 1500 793 Ὁρᾷς
1529 723 1627 791 τὴν
1657 721 1911 790 ἀλήθειαν
1931 720 2104 788 ἠσφα-

537 817 795 886 λισμένην
817 833 831 880 ;
859 816 1000 885 Ὅρα
1023 813 1137 876 πῶς
1157 813 1217 865 ού
1238 812 1420 864 δίδωσι
1441 810 1793 878 παρείσδυσιν
1821 810 1886 877 τῇ
1910 807 2103 878 πλάνῃ,

539 905 624 956 ἵνα
644 903 717 972 μὴ
754 902 1004 963 Ἰουδαῖος
1018 899 1391 967 συκοφαντήσῃ
1418 896 1515 967 τὴν
1538 896 1815 964 ἀλήθειαν,
1840 895 1933 947 καὶ
1956 893 2104 961 εἴπῃ,

541 991 621 1043 ὅτι
653 991 681 1040 6
713 988 843 1049 Θεὸς
874 986 1027 1056 ὤφθη
1050 985 1126 1054 τῷ
1156 983 1378 1053 Μωῦσῇ·
1410 981 1560 1052 ὤφθη
1591 982 1697 1051 γὰρ
1719 981 1850 1042 Θεὸς
1881 983 1937 1032 ἐν
1971 979 2104 1047 6951.

542 1073 679 1143 Παρ⁹
716 1071 877 1125 αὑτὸν
909 1072 1008 1123 οὐκ
1055 1070 1200 1122 ἐστιν
1229 1068 1410 1130 ἄλλος’
1456 1069 1550 1119 καὶ
1591 1069 1692 1118 υύκ
1736 1065 1985 1118 ἐκϐάλλει
2019 1063 2109 1115 τὸν

545 1157 762 1228 Πατέρα
787 1157 886 1225 τῆς
914 1155 1098 1224 θεῖκῆς
1142 1154 1316 1218 ἀξίας.
1345 1154 1535 1223 Πατὴρ
1583 1153 1677 1204 ἐὰν
1721 1150 1892 1220 κληθῇ
1931 1148 2108 1218 μόνος,

543 1246 771 1316 ἐξορίζει
809 1244 900 1296 τὸν
946 1242 1072 1295 Υίὸν
1114 1242 1211 1310 τῆς
1256 1243 1313 1295 ἐν
1357 1239 1431 1309 τῷ
1473 1237 1742 1306 ἀξιώματι
1789 1235 2109 1298 κοινωνίας;

546 1333 713 1386 Ὅταν
737 1331 869 1401 λέγῃ
889 1331 919 1381 6
945 1329 1097 1391 Θεὸς,
1122 1326 1284 1378 αὑτὸν
1314 1321 1450 1378 εἶναι
1481 1324 1574 1377 καὶ
1610 1322 1769 1393 μόνον
1794 1322 1918 1385 ἕνα,
1947 1322 1976 1372 6
2003 1320 2113 1372 Ila-

542 1417 665 1488 τὴρ,
694 1417 727 1487 ἢ
759 1417 787 1467 6
835 1415 979 1478 Υίὸς,
1009 1415 1070 1467 οὐ
1098 1413 1194 1482 τὴν
1224 1412 1359 1465 ἰδίαν
1386 1412 1629 1481 ἀρνεῖται
1654 1409 1751 1477 τῆς
1791 1409 2003 1476 φύσεως
2037 1407 2112 1457 ol-

546 1503 1100 1576 κειὸτητα.ἶ451]οὑχ
1125 1503 1152 1553 6
1182 1501 1371 1570 Πατὴρ
1390 1500 1478 1550 τὸν
1508 1498 1635 1550 Υἰὸν
1665 1495 1934 1558 ἐκϐάλλει,
1967 1494 2113 1562 οὖχό

547 1593 674 1654 Υἱὸς
691 1591 874 1644 ἀθετεῖ
893 1591 983 1642 τὸν
998 1589 1234 1658 Πατέρα’
1255 1587 1368 1640 ἀλλ’
1389 1587 1514 1638 ὅταν
1531 1585 1599 1638 τὰ
1630 1583 1852 1635 τοιαῦτα
1870 1581 2112 1648 λέγηται,

547 1681 685 1749 πρὸς
707 1679 806 1749 τὴν
840 1678 1047 1746 πλάνην
1079 1677 1177 1745 τὴν
1206 1675 1316 1726 τῶν
1346 1672 1576 1726 εἰδώλων
1608 1673 1635 1723 6
1664 1670 1841 1737 λόγος.
1873 1668 1938 1720 Τί
1978 1667 2117 1720 κατὰ

546 1766 641 1818 τοῦ
665 1764 995 1832 Μονογενοῦς
1017 1761 1359 1832 βλασφημίαν
1383 1758 1809 1819 κατασκευάζεις
1831 1773 1844 1818 ;
1867 1753 2118 1814 Εἰδώλοις

547 1852 609 1906 ού
644 1852 855 1904 δίδωσιν
879 1851 908 1903 6
931 1850 1062 1904 Θεὸς
1085 1848 1182 1918 τὴν
1211 1847 1367 1910 δόξαν
1399 1844 1581 1904 αὑτοῦ,
1613 1843 1646 1913 ἢ
1673 1843 1790 1895 οὐδὲ
1822 1841 1899 1910 τῷ
1937 1840 1995 1904 ἐξ
2025 1840 2119 1892 αύ-

548 1937 643 1991 τοῦ
670 1935 979 2007 γεννηθέντι
1013 1935 1228 1997 δίδωσι;
1265 1933 1374 1986 Καὶ
1405 1930 1613 1983 δίδωσιν
1638 1929 1664 1968 b
1687 1967 1701 1992 ,
1733 1927 1792 1979 ού
1843 1926 1981 1978 κατά
2019 1924 2119 1992 χά-

555 2041 655 2086 01v,
687 2023 822 2076 ἀλλά
851 2023 945 2075 καὶ
985 2021 1125 2074 κατά
1162 2022 1260 2089 τὴν
1297 2018 1397 2086 τῆς
1436 2016 1646 2084 φύσεως
1679 2011 1978 2066 κοινωνίαν.
2012 2009 2120 2062 Καὶ

552 2111 713 2165 πόθεν
763 2111 795 2179 ή
832 2107 1098 2170 ἀπόδειξις
1128 2107 1208 2157 ὄτι
1235 2104 1495 2174 λαμϐάνει
1516 2100 1671 2164 δόξαν
1707 2099 1916 2168 Πατρὸς
1945 2099 1971 2148 6
1992 2097 2122 2164 X91-

554 2197 707 2259 στός;
739 2191 872 2248 Εἷπε
905 2194 1011 2262 γάρ
1035 2209 1048 2222 ’
1091 2192 1292 2258 Ἐτέρῳ
1323 2189 1436 2255 τὴν
1465 2188 1653 2250 δόξαν
1677 2203 1794 2254 μου
1830 2186 1901 2237 οὐ
1930 2181 2118 2234 δώσω.

628 2283 694 2344 ζ’.
743 2283 939 2335 ’Λκουε
976 2279 1088 2342 πῶς
1135 2278 1294 2339 αύτὸς
1327 2279 1354 2328 6
1383 2275 1571 2342 Σωτήρ
1611 2270 1986 2339 διαλεγόμενος
2013 2270 2124 2327 τοῖς

556 2367 894 2428 ’Λποστόλοις
915 2365 1066 2434 φησί·
1095 2365 1278 2415 Ὅταν
1303 2362 1447 2425 ἔλθῃ
1477 2362 1508 2411 ό
1533 2357 1660 2420 Υἱὸς
1685 2355 1790 2408 τοῦ
1812 2351 2124 2419 ἀνθρώπου

555 2456 625 2506 ἐν
659 2451 734 2519 τῇ
763 2451 909 2517 δόξῃ
945 2450 1048 2502 τοῦ
1082 2448 1310 2514 Πατρός
1337 2443 1542 2505 αὑτοῦ,
1571 2441 1776 2494 ἐκείνου
1802 2437 2125 2508 προειρηκό-

559 2559 668 2608 ὀς,
689 2541 770 2594 ὅτι
803 2543 918 2606 Τὴν
939 2537 1124 2600 δόξαν
1151 2553 1262 2603 μου
1285 2533 1458 2599 ἑτέρῳ
1481 2533 1553 2584 οὐ
1579 2529 1768 2583 δώσω.
1805 2526 2127 2595 Ἐρεύνησον

557 2629 616 2678 16
643 2627 813 2697 ῥῆμα,
835 2624 928 2676 καὶ
947 2624 1197 2692 εὑρήσεις
1219 2620 1277 2670 16
1298 2619 1493 2687 νόημα,
1524 2617 1640 2684 Τὴν
1658 2615 1846 2678 δόξαν
1864 2632 2004 2682 μου,
2030 2612 2128 2663 οὐκ

559 2696 701 2773 εἷπε,
723 2711 799 2780 τῷ
827 2709 940 2777 Υίῷ
964 2725 1065 2776 μου
1085 2707 1146 2758 οὗ
1170 2704 1342 2765 δώσω,
1363 2703 1497 2767 ἀλλ’,
1514 2701 1724 2768 Ἑτέρῳ
1749 2703 1820 2754 οὺ
1845 2699 2032 2752 δώσω.
2058 2696 2130 2747 Τὸ

559 2799 618 2850 δὲ
641 2797 823 2867 ἕτερόν
847 2797 961 2847 ἐστι
985 2794 1046 2845 τὸ
1070 2795 1168 2862 τῆς
1192 2790 1521 2857 οἰκειότητος
1559 2786 1861 2854 ἀλλότριον,
1908 2784 2002 2835 καὶ
2029 2781 2131 2849 τῆς

561 2881 774 2950 φύσεως
804 2879 1299 2949 ἀπεσχοινισμένον-
1326 2877 1353 2927 6
1385 2874 1442 2926 δὲ
1477 2871 1602 2935 Υἱὸς
1630 2874 1728 2924 οὐκ
1758 2870 1902 2922 ἔστιν
1925 2869 2128 2938 ἕτερος·

576 2969 721 3040 Ἐγὼ
745 2969 851 3038 γὰρ
872 2967 968 3020 καί
1000 2969 1032 3019 ὀ
1064 2963 1261 3030 Πατὴρ
1282 2963 1350 3014 ἓν
1367 2963 1569 3025 ἐσμεν.
1613 2958 2006 3011 Ἀποδέδεικται
2025 2954 2134 3006 τοί-

563 3075 658 3114 νυν
677 3053 1015 3123 σαφῶς,τὸ,”1
1018 3069 1089 3104 να
1103 3047 1284 3118 γινώσ
1293 3048 1440 3101 κωσί
1452 3062 1524 3098 σε
1541 3040 2133 3111 τὸνμόνονάληθινόν

567 3144 734 3200 Θεὸν,
763 3141 860 3193 οὐκ
892 3141 1132 3208 ἀναιρεῖν
1161 3135 1221 3188 τὸ
1251 3131 1388 3186 εἶναι
1425 3133 1512 3184 τὸν
1554 3131 1677 3182 Υίὸν
1703 3128 1834 3180 Θεὸν
1862 3125 2128 3196 ἀληθινόν.

563 3229 659 3300 Μὴ
688 3227 1016 3296 συνεκϐάλῃς
1042 3224 1130 3276 τὸν
1147 3223 1301 3287 λόγον
1323 3223 1400 3282 εἰς
1425 3217 1692 3284 διαϐολὴν,
1720 3215 1792 3277 ὼς
1819 3214 1912 3265 τοῦ
1939 3215 2133 3282 νοήμα-

566 3299 658 3376 τος
688 3311 961 3382 μετεώρου
989 3306 1454 3373 καταλειφθέντος·
1496 3304 1631 3371 ὅπερ
1661 3299 1958 3352 πεπόνθασί
1991 3314 2135 3358 τινες

567 3401 676 3452 τῶν
707 3381 950 3464 ἀδελφῶν
986 3394 1114 3461 περὶ
1153 3394 1243 3444 τοῦ
1276 3389 1555 3458 ποτηρίου.
1601 3389 1684 3446 Ὠς
1721 3386 1826 3451 γάρ
1870 3385 2018 3434 λύσιν
2061 3381 2135 3449 μὴ

568 3485 821 3544 λαϐόντος
861 3481 952 3534 τοῦ
979 3482 1275 3548 νοήματος,
1316 3476 1486 3535 οὕτως
1525 3472 1802 3540 ἐπήγαγον
1837 3468 1907 3519 τὰ
1937 3466 2134 3533 ἐγκλή-

575 3588 737 3644 ματα.
780 3567 1057 3637 Ἐκκρεμῆ
1090 3564 1198 3634 γὰρ
1219 3603 1233 3623 ,
1269 3562 1401 3632 φησί
1421 3599 1434 3622 ,
1462 3559 1553 3611 καὶ
1588 3557 1856 3627 μετέωρον
1882 3552 2135 3604 κατέλιπε

571 3637 669 3732 τήν
704 3656 963 3720 ἐξέτασιν.
1008 3654 1070 3704 Τί
1121 3651 1178 3703 δὲ
1219 3646 1308 3718 ἦν,
1340 3646 1589 3714 ἀδελφοὶ,
1635 3643 1793 3694 πλέον
1832 3642 2037 3704 εἰπείν;
2085 3637 2134 3689 τί

574 3744 707 3811 πρὸς
733 3741 1004 3805 ἀπόδειξιν
1033 3739 1136 3789 ἔδει
1161 3739 1268 3797 τοῖς
1295 3734 1708 3802 προειρημένοις
1730 3746 1743 3792 ;
1783 3727 2004 3797 Πρῶτον
2041 3725 2137 3794 μὲν

574 3833 704 3907 γὰρ,
742 3830 810 3881 El
856 3825 1133 3885 δυνατὸν,
1181 3818 1520 3887 παρελθάτω
1552 3817 1651 3869 ἀπ’
1690 3813 1834 3882 ἐμοῦ
1859 3815 1921 3865 τὸ
1956 3810 2136 3875 ποτή-

567 3898 721 3982 ριον·
775 3912 867 3964 καὶ
909 3911 1043 3980 πρὸς
1087 3909 1146 3960 τὸ
1191 3906 1292 3958 ὑπὸ
1329 3905 1427 3972 τῆς
1467 3903 1664 3967 λέξεως
1709 3898 2139 3966 ὑποϐαλλόμενον

577 4004 744 4069 (δοκεῖ
774 4003 880 4071 γάρ
907 4017 1022 4061 πως
1059 4001 1091 4063 ἠ
1131 3997 1273 4062 λέξις
1314 3995 1403 4063 ὑφ’
1433 3993 1621 4059 ἐτέραν
1657 3987 1899 4053 ἐξουσίαν
1930 3987 2140 4037 τάττειν

575 4091 666 4142 τὸν
702 4069 1039 4153 ἱκετεύοντα)
1076 4080 1421 4151 παρεθέμεθα
1462 4077 1559 4146 τὴν
1590 4075 1769 4142 φωνὴν
1802 4071 2015 4137 ἐκείνην
2042 4069 2141 4134 τὴν

577 4175 672 4228 τοῦ
697 4175 898 4244 Κυρίου
919 4212 932 4234 ,
964 4172 1143 4237 πάσης
1171 4168 1244 4226 ὡς
1274 4164 1486 4233 ἀληθῶς
1518 4160 1702 4227 θεῖκῆς
1734 4156 2017 4216 αύθεντίας
2047 4153 2141 4220 γέ-

584 4241 808 4331 μουσαν,
859 4259 950 4312 καὶ
985 4258 1083 4326 τὴν
1128 4253 1221 4307 τοῦ
1266 4252 1511 4318 λέγοντος
1554 4245 1710 4309 ἀξίαν
1750 4241 2100 4315 παριστῶσαν
2125 4257 2139 4270 ·

594 4347 908 4412 Ὲξουσίαν
933 4345 1049 4412 ἔχω
1075 4341 1257 4396 θεῖναι
1293 4337 1407 4404 τὴν
1438 4332 1648 4403 ψυχήν
1669 4347 1809 4399 μου,
1848 4328 1947 4380 καί
1979 4326 2142 4389 ἐξου-

581 4437 726 4491 σίαν
749 4433 865 4499 ἔχω
896 4429 1102 4486 λαϐεῖν
1126 4425 1318 4490 αὑτήν
1342 4440 1354 4452 '
1388 4421 1479 4474 καὶ
1500 4421 1581 4471 ὅτι
1603 4417 1664 4468 τὸ
1693 4416 1809 4484 μὲν,
1841 4415 2014 4478 Ἕχω,
2045 4412 2141 4480 τῆς

581 4523 830 4589 θεότητος
857 4517 1006 4580 ίδιον,
1040 4515 1101 4566 τὸ
1127 4515 1184 4589 δὲ
1206 4551 1220 4574 ,
1257 4513 1324 4564 El
1353 4505 1632 4565 δυνατὸν,
1661 4499 2004 4568 παρελθάτω
2039 4499 2138 4589 ἀπ’

579 4583 737 4674 ἐμοῦ⁷
757 4603 820 4656 τὸ
842 4587 1136 4666 ποτήριονί
1158 4597 1332 4650 τοῦτο
1350 4634 1363 4656 ,
1406 4595 1468 4645 ἐκ
1497 4589 1786 4660 προσώπου
1816 4587 1913 4654 τῆς
1944 4583 2142 4653 σαρκὸς

585 4691 819 4760 ἐλέγετο,
852 4689 944 4740 καὶ
963 4687 1060 4737 οὑκ
1086 4686 1148 4735 ἐκ
1177 4681 1466 4751 προσώπου
1490 4679 1587 4746 τῆς
1620 4675 1866 4745 θεότητος
1892 4688 1904 4701 ·
1937 4671 2029 4723 καὶ
2055 4670 2146 4720 ἐπὶ

585 4777 788 4828 τούτων
820 4773 986 4840 αὐτὴν
1015 4770 1175 4823 πάλιν
1199 4768 1294 4837 τὴν
1317 4762 1644 4830 Δεσποτικὴν
1670 4759 1973 4826 ἐστήσαμεν
2009 4771 2146 4823 μαρ-

584 4860 774 4928 τυρίαν
802 4855 1292 4926 ἐπισφραγίζουσαν
1317 4870 1326 4881 ·
1355 4850 1434 4902 διὸ
1454 4849 1622 4913 ἔλεγε,
1654 4845 1724 4897 T6
1747 4842 1978 4928 πνεῦμα
2007 4840 2147 4928 πρό-

587 4925 794 5012 θυμον,
829 4945 866 5008 ἠ
903 4925 1153 5007 δὲσὰρξ
1192 4935 1482 5000 ἀσθενής·
1527 4932 1620 4984 καὶ
1649 4925 2145 4996 ἐπεσημήνάμεθα,

587 5032 667 5083 ὅτι
696 5029 759 5096 δὴ
789 5026 895 5077 τῶν
923 5027 1284 5079 ἀτοπωτάτων
1316 5022 1483 5078 ἐστὶν,
1513 5017 1671 5072 αὑτοῦ
1700 5015 1790 5067 τοῦ
1819 5014 2021 5082 Κυρίου
2051 5013 2150 5079 τῆς

591 5114 788 5187 σαρκὸς
817 5112 1226 5180 ἐπιγράφοντος,
1259 5112 1400 5178 ἡμᾶς
1423 5109 1487 5175 τῇ
1516 5103 1764 5171 αὑθεντίᾳ
1785 5102 1879 5168 τῆς
1902 5101 2150 5165 θεότητος

590 5201 928 5270 ἐπιρῤίπτειν
962 5195 1054 5247 τοῦ
1093 5197 1329 5263 ῥήματος
1361 5192 1456 5259 τὴν
1506 5189 1792 5240 εὐτέλειαν.
1839 5185 1974 5236 Ἀλλ’
2013 5184 2153 5235 ὥστε

594 5289 684 5346 καὶ
729 5285 818 5337 τὸν
865 5281 1061 5333 σκοπὸν
1107 5279 1199 5330 τοῦ
1246 5277 1448 5344 Κυρίου
1500 5287 1957 5344 παραστησωμεν,
2009 5267 2152 5328 τίνος

658 5450 681 5474 ⁸
716 5441 1072 5494 Ιηιοὶετεῐιάυιη
1096 5437 1345 5488 mendum,
1392 5431 1950 5494 quva-1119206111~40:,__1n
1973 5428 2156 5494 gaiena

598 5487 1000 5562 slaréi’j‘édéap.
1042 5503 1088 5555 ε,
1115 5513 1243 5562 ms.
1291 5487 1360 5542 ιο.
1408 5496 1545 5562 Apud
1587 5487 1818 5546 Cy'riuum
1864 5487 2000 5559 1313.0
2040 5500 2156 5562 ροιιτ

596 5548 968 5617 {EI'J'ﬁli'a'nuHI'
1003 5577 1047 5622 ρ.
1079 5548 1197 5622 ’ἳὸίῂ
1243 5548 1678 5622 συνεστρῶργὶῄρι-(ἱ
1705 5548 2073 5610 συνανεστράὲῃ
2107 5555 2157 5594 et

599 5614 946 5686 Giaphymruu}
968 5614 1016 5670 ἱιί
1043 5614 1431 5686 Epodunlli‘bfg."
1449 5630 1493 5673 β.
1518 5614 1621 5660 i296.
1648 5614 1876 5662 Comen.

659 5676 991 5749 [ligendan
1017 5683 1206 5730 \idelur
1231 5678 1336 5735 Ναὶ,
1365 5676 1570 5723 δίδωσιν.

2042 369 2319 425 INCERTI

3615 375 3734 426 426

2205 484 2388 534 ἕνεκεν
2424 482 2571 549 ἔλεγε
2593 521 2606 542 ,
2651 481 3000 548 Παρελθιίτω
3032 480 3130 534 ἀπ’
3161 479 3303 547 ἐμοῦ
3338 478 3402 530 τὸ
3439 475 3728 544 ποτήριον
3755 493 3767 504 ·

2202 568 2276 630 ὡς
2308 569 2366 619 οὗ
2398 568 2611 635 φεύγων
2635 567 2724 618 τοῦ
2754 569 2985 635 σταυροῦ
3014 567 3110 635 τὴν
3139 564 3445 633 οἰκονομίαν
3471 565 3774 633 παρῃτεῖτο

2203 654 2292 706 τὸν
2322 653 2566 712 θάνατον,
2594 653 2726 705 ἀλλά
2749 653 2837 704 διὰ
2863 653 2923 704 τὸ
2952 654 3076 713 τοὺς
3109 652 3362 721 ἀπείρους
3387 652 3451 718 τῇ
3486 645 3776 714 οἰκονομίᾳ

2208 739 2417 808 μέλλειν
2442 741 2532 791 ἐπὶ
2551 739 2628 808 τῷ
2654 735 2871 808 σταυρῷ
2897 736 3355 798 σκανδαλίζεσθαι.
3378 733 3546 802 ταύτῃ
3570 733 3775 800 κέχρη-

2205 843 2292 879 ται
2322 828 2387 895 τῇ
2411 828 2580 896 φωνῇ.
2607 826 2717 878 Καὶ
2749 825 2905 878 πάλιν
2933 823 3260 890 ἠκολούθησε
3287 821 3458 890 ταύτῃ
3486 823 3550 888 τῇ
3585 819 3774 886 ἐννοίᾳ

2206 916 2238 982 ή
2273 911 2559 984 μαρτυρία.
2597 913 3013 979 Προσεύχεσθε
3035 950 3050 974 ,
3093 910 3192 961 ἵνα
3219 908 3304 976 μὴ
3334 905 3644 970 εἰσέλθητε
3683 905 3776 968 εἰς

2209 1000 2556 1066 πειρασμόν.
2604 999 2819 1066 ’Έτεροι
2863 997 2917 1048 δὲ
2966 996 3428 1062 ἐσυκοφάντησαν,
3484 990 3558 1052 ὡς
3611 990 3776 1058 ἡμῶν

2209 1084 2536 1155 εἰρηκότωνο
2569 1085 2615 1135 εί
2657 1084 2922 1151 ἐνδέχεται
2973 1082 3145 1150 ἐτέρῳ
3184 1080 3369 1149 τρόπῳ
3409 1077 3635 1130 θανάτου
3667 1076 3778 1142 τὴν

2209 1169 2513 1238 οἰκονομίαν
2551 1169 2919 1237 ἐκπληρῶσαι.
2949 1165 3118 1218 Τοῦτο
3135 1165 3203 1217 ’δὲ
3231 1164 3352 1217 οὔτε
3384 1166 3617 1232 εἴρηται,
3648 1160 3774 1213 οὔτε

2211 1253 2550 1323 λεχθήσεται.
2587 1254 2698 1304 Ούκ
2751 1249 2920 1313 εἶπον,
2970 1252 3140 1320 ἐτέρῳ
3173 1250 3418 1318 θανάτῳ·
3453 1247 3564 1300 ἀλλ’
3596 1248 3776 1310 εἶπον,

2213 1341 2382 1410 ἐτέρῳ
2428 1341 2612 1410 τρόπῳ
2635 1341 2732 1408 τήν
2759 1338 3062 1407 οἰκονομίαν
3087 1335 3452 1407 πληρωθῆναι·
3475 1333 3776 1392 τουτέστιν,

2214 1425 2367 1488 ἐκτὸς
2400 1425 2649 1478 θανάτου.
2695 1424 2767 1476 Τὸ
2794 1424 2900 1492 γάρ
2937 1425 3195 1493 ποτήριον
3229 1423 3547 1491 ήρμήνευσα
3569 1435 3582 1449 ·
3617 1418 3680 1469 τὸ
3719 1417 3779 1468 δὲ

2215 1511 2432 1579 ἑτέρως,
2453 1511 2528 1573 ὡς
2555 1511 2615 1563 τὸ
2635 1510 2790 1572 ἐκτὸς
2819 1510 3064 1562 θανάτου.
3095 1509 3202 1560 Καὶ
3224 1507 3381 1559 τοῦτο
3409 1505 3640 1572 ἐγένετο,
3676 1503 3780 1570 οὐχ

2215 1597 2288 1659 ὡς
2331 1598 2540 1665 ἀληθῶς
2578 1596 3004 1666 παραιτουμένου
3049 1594 3141 1647 τοῦ
3184 1594 3386 1661 Κυρίου
3424 1596 3514 1642 τὸν
3549 1591 3782 1643 θάνατον

2217 1683 2356 1753 ὑπὲρ
2387 1682 2478 1735 τοῦ
2507 1682 2733 1750 κόσμου,
2773 1680 2920 1752 [452]
2949 1680 3085 1733 ἀλλά
3127 1680 3224 1748 τὴν
3251 1679 3348 1746 τῆς
3383 1675 3580 1745 σαρκὸς
3615 1674 3783 1728 ἀσθέ-

2217 1786 2363 1822 νειαν
2393 1769 2773 1837 πιστουμένου,
2809 1768 2890 1820 ὅτι
2921 1765 3056 1836 σὰρξ
3087 1762 3154 1834 ἦν
3183 1764 3398 1832 ἀληθῶς
3429 1763 3492 1814 τὸ
3521 1760 3782 1824 δειλιοῦν,

2217 1855 2276 1906 τὸ
2313 1855 2723 1924 ταραττόμενον.
2769 1853 2839 1906 Τὸ
2868 1852 2975 1920 γὰρ
3007 1851 3239 1917 πνεῦμα
3277 1851 3600 1916 πρόθυμον,
3630 1847 3670 1913 ἠ
3715 1846 3785 1897 δὲ

2219 1939 2370 2008 σὰρξ
2404 1939 2687 2004 ἀσθενής.
2727 1939 2804 2008 Τῇ
2847 1939 3008 2006 σαρκὶ
3035 1937 3104 1989 τά
3132 1939 3348 2006 ῥήματα
3379 1936 3474 2003 τῆς
3498 1935 3784 1992 ἀσθενείας

2221 2025 2546 2095 ἐπέγραψεν,
2595 2026 2656 2077 ού
2685 2026 2781 2094 τῆς
2826 2024 3075 2092 θεότητος
3104 2022 3199 2092 τὴν
3231 2020 3510 2074 αύθεντίαν
3553 2018 3781 2088 ἔτρωσε.

2221 2114 2283 2166 Τί
2312 2112 2616 2174 διαϐάλλεις
2659 2109 2695 2162 ἃ.
2726 2111 2799 2179 μὴ
2831 2110 3001 2176 λέγω;
3029 2109 3080 2160 τί
3110 2109 3458 2174 συκοφαντεῖς
3502 2104 3540 2157 ἃ.
3577 2106 3651 2174 μὴ
3685 2122 3788 2172 κη-

2225 2200 2402 2269 ρύττω
2426 2214 2440 2262 ;
2472 2198 2656 2264 ἕτερον
2685 2196 2882 2265 τρόπον
2917 2192 3067 2246 εἶπον
3089 2211 3101 2223 °
3127 2194 3187 2245 οὐ
3216 2193 3466 2253 θανάτου,
3504 2191 3617 2243 ἀλλ’
3647 2192 3790 2242 01x0-

2224 2284 2432 2354 νομίας.
2479 2283 2552 2335 Ού
2580 2281 2686 2353 γάρ
2737 2282 2968 2350 εἴρηται·
3007 2281 3067 2330 Εἰ
3095 2279 3344 2338 δυνατὸν,
3375 2277 3695 2346 ἁμειφθήτω
3726 2275 3789 2326 τὸ

2227 2374 2480 2440 ποτήριον
2511 2369 2686 2422 τοῦτο.
2736 2368 2844 2435 Τῆς
2882 2365 3077 2435 σαρκὸς
3106 2367 3138 2434 ὴ
3185 2365 3432 2416 ἀσθένεια
3460 2403 3474 2422 ,
3507 2365 3603 2432 τῆς
3636 2364 3789 2415 ἐναν-

2225 2457 2555 2529 θρωπήσεως
2594 2455 2654 2505 τὸ
2688 2452 2878 2513 πάθος.
2926 2451 3224 2517 Φθέγγεται
3271 2451 3336 2501 τὰ
3363 2450 3459 2517 τῆς
3501 2448 3788 2510 ἀσθενείας

2229 2544 2443 2613 ῥήματα
2467 2580 2481 2604 ,
2515 2540 2602 2591 ἵνα
2631 2538 2777 2608 δείξῃ
2812 2539 2892 2588 ὅτι
2922 2535 3126 2603 ταύτην
3155 2535 3422 2586 ἐνδέδυται
3465 2533 3561 2603 τὴν
3603 2532 3787 2601 φύσιν,

2226 2629 2322 2698 τὴν
2351 2626 2631 2680 δειλιῶσαν
2656 2624 2746 2676 τὸν
2774 2623 3018 2676 θάνατον.
3049 2622 3164 2672 ’Ἱνα
3186 2621 3242 2672 δέ
3270 2620 3341 2689 μὴ
3363 2620 3519 2672 πάλιν
3553 2622 3617 2688 τῇ
3649 2618 3793 2682 λέξει

2228 2715 2548 2785 δουλεύσῃς,
2579 2715 2641 2765 ἐκ
2681 2709 2994 2780 περιουσίας
3040 2710 3259 2760 κάκεῖνο
3311 2708 3652 2776 παρήγαγον,
3710 2706 3792 2757 ὃτι

2231 2805 2376 2863 ποῖος
2407 2800 2580 2867 λόγος,
2609 2799 2733 2858 τοὺς
2768 2798 2862 2866 μὲν
2917 2795 3242 2856 ἀποστόλους
3278 2793 3537 2860 γενναίως
3568 2791 3659 2841 τὸν
3693 2789 3794 2841 θά-

2230 2903 2385 2939 νατον
2418 2886 2771 2945 καταπατεῖν,
2806 2882 2894 2933 τὸν
2923 2881 2977 2932 δὲ
3013 2880 3120 2931 τῶν
3146 2878 3450 2930 ἀποστόλων
3483 2874 3684 2943 Κύριον
3707 2874 3796 2925 δε-

2230 2973 2394 3024 διέναι
2424 2972 2516 3022 καὶ
2541 2970 2760 3038 τρέμειν
2785 2968 2882 3035 τὴν
2907 2964 2999 3016 τοῦ
3039 2964 3263 3016 θανάτου
3295 2964 3520 3030 πεῖραν;
3567 2958 3707 3028 Ἐρῶ
3740 2957 3798 3010 δὲ

2236 3059 2329 3112 καὶ
2359 3057 2531 3109 ταῦτα
2562 3055 2655 3106 νῦν
2677 3095 2689 3118 ,
2722 3050 2957 3118 ἀδελφοί.
2999 3049 3204 3110 Παῦλος
3252 3048 3311 3098 οὐ
3347 3047 3504 3115 μόνον
3540 3045 3758 3112 δεθῆναι
3780 3083 3795 3106 ,

2235 3147 2370 3200 ἀλλά
2397 3148 2491 3199 καὶ
2523 3144 2808 3198 ἀποθανεῖν
2839 3140 2980 3209 ὑπὲρ
3008 3137 3102 3191 105
3131 3138 3390 3205 ὀνόματος
3432 3135 3526 3186 τοῦ
3557 3133 3796 3202 Χριστοῦ

2234 3237 2560 3292 νεανιεύεται
2588 3273 2602 3295 ,
2635 3232 2728 3285 καὶ
2775 3233 2802 3282 6
2846 3229 3056 3282 Παύλου
3090 3227 3290 3296 Κύριος
3329 3226 3672 3294 παραιτεῖται
3709 3223 3801 3274 τὸν

2237 3326 2492 3386 θάνατονς
2529 3323 2634 3376 Καὶ
2665 3319 2874 3373 Παύλου
2901 3318 2998 3386 μὲν
3019 3318 3078 3369 οὐ
3111 3315 3503 3386 συνθρύπτεται
3525 3315 3557 3382 ή
3581 3313 3798 3384 καρδία,

2238 3414 2269 3479 ή
2296 3413 2350 3462 δὲ
2379 3411 2471 3462 105
2494 3409 2725 3477 Χριστοῦ
2750 3407 2895 3474 ψυχὴ
2924 3405 3273 3473 ταράττεται;
3303 3403 3431 3455 Νῦν
3454 3403 3583 3468 γάρ,
3611 3402 3800 3470 φησὶν,

2237 3501 2274 3565 ἡ
2300 3500 2467 3567 ψυχή
2498 3515 2616 3566 μου
2643 3497 3004 3561 τετάρακται.
3038 3492 3219 3551 Ταῦτα
3252 3494 3426 3544 πάντα
3455 3491 3560 3543 ὑπὸ
3591 3491 3801 3559 μάρτυ-

2240 3607 2322 3641 σιν
2346 3591 2472 3658 ὑμῖν
2501 3587 2865 3656 ἐφθεγξάμην.
2912 3585 3049 3636 Ἀλλ’
3071 3584 3131 3636 ού
3154 3584 3328 3635 πείθει
3353 3598 3412 3633 σε
3437 3581 3609 3633 ταῦτα
3629 3599 3644 3648 ;
3667 3581 3802 3634 ἀλλά

2237 3682 2316 3743 τὸ,
2343 3683 2409 3732 Εἰ
2439 3680 2714 3738 δυνατὸν,
2741 3678 2820 3731 ἔτι
2843 3676 3177 3739 σκανδαλίζει
3210 3691 3303 3738 σε;
3333 3675 3459 3737 Ναὶ,
3491 3674 3643 3741 φησί.
3669 3675 3802 3726 Συν-

2239 3773 2496 3841 έλθωμεν,
2533 3770 2768 3837 ἀδελφοὶ,
2798 3769 2872 3837 τῷ
2915 3768 3219 3836 φιλονείκῳ,
3246 3765 3713 3835 φιλονεικήσωμεν
3736 3766 3803 3836 τῇ

2239 3863 2462 3931 δυνάμει
2482 3861 2578 3929 τῆς
2600 3858 2852 3926 ἀληθείας
2879 3860 3086 3928 ἐγεῖραι
3110 3860 3232 3919 τοὺς
3260 3858 3521 3916 πεσόντας
3547 3858 3612 3924 τῇ
3638 3855 3804 3906 ἀσθε-

2241 3953 2358 4021 νείᾳ
2381 3952 2478 4019 τῆς
2505 3949 2777 4010 ἀπιστίας.
2815 3949 2875 4000 Εί
2907 3945 3052 4016 εἶχεν
3086 3946 3328 4012 ἐξουσίαν
3361 3948 3389 3997 6
3413 3946 3646 4012 Χριστὸς
3666 3984 3680 4006 ,
3709 3945 3806 3996 οὐκ

2243 4042 2308 4095 ἂν
2336 4038 2454 4093 εἷπε
2475 4041 2552 4101 τὸ,
2578 4042 2646 4092 El
2675 4038 2955 4100 δυνατόν,
2982 4035 3341 4104 παρελθάτω.
3367 4032 3574 4085 Οὐκοῦν
3604 4034 3809 4085 καὶτὸν

2242 4131 2374 4182 Θεὸν
2407 4131 2668 4192 αίτίασαι,
2705 4128 2790 4180 διὰ
2818 4127 2909 4179 τοῦ
2941 4127 3104 4197 νόμου
3137 4125 3471 4194 κεχρημένον
3495 4125 3601 4175 τινὶ
3631 4124 3806 4187 λέξει,

2243 4223 2377 4275 πολὺ
2411 4223 2510 4288 τῆς
2553 4219 2717 4273 αὑτοῦ
2767 4219 3010 4281 ἐξουσίας
3042 4215 3440 4286 κεχωρισμένῃ.
3486 4213 3652 4279 Λέγει
3701 4216 3810 4284 γὰρ

2244 4314 2377 4382 πρὸς
2402 4313 2490 4364 16v
2519 4312 2752 4364 Μωῦσέα
2774 4349 2787 4370 ,
2824 4311 2908 4362 ὅτε
2938 4308 3111 4361 ἐλάλει
3137 4309 3199 4358 ἐκ
3223 4304 3313 4357 τοῦ
3343 4305 3500 4374 ὅρους
3531 4306 3665 4357 Σινᾶ
3683 4346 3697 4367 ,
3725 4306 3812 4359 διὰ

2244 4403 2343 4470 τῆς
2393 4402 2631 4470 μεγάλης
2674 4401 2885 4468 ἐκείνης
2917 4400 3010 4450 καὶ
3050 4397 3282 4465 φοϐερᾶς
3337 4396 3690 4461 ἐπιφανείαςο
3725 4396 3811 4448 ὅτε

2248 4495 2354 4553 πᾶς
2379 4494 2406 4543 6
2431 4491 2559 4551 λαὸς
2600 4492 2849 4560 έτρεμεν,
2885 4489 3095 4541 ἀκούων
3121 4487 3303 4555 φωνὴν
3334 4485 3469 4537 Θεοῦ
3512 4485 3715 4548 ζῶντος
3739 4503 3752 4517 ·
3785 4486 3812 4536 6

2247 4582 2465 4634 πάντων
2502 4581 2639 4649 ἔχων
2677 4581 2776 4649 τὴν
2822 4578 3065 4643 ἐξουσίαν
3086 4616 3098 4638 ,
3130 4578 3222 4628 καὶ
3272 4576 3444 4628 πάντα
3475 4574 3676 4627 διέπων
3705 4578 3815 4637 τοῖς

2248 4675 2410 4732 πᾶσι,
2441 4671 2587 4737 λέγει
2618 4668 2694 4738 τῷ
2737 4669 2964 4738 Μωῦσῇ,
2999 4669 3027 4718 6
3057 4667 3186 4728 Θεὸς
3223 4667 3250 4719 6
3291 4667 3358 4716 τά
3393 4665 3569 4717 πάντα
3597 4664 3774 4725 διδούς
3797 4677 3812 4692 ⁸

2255 4763 2347 4825 Τίς
2373 4761 2547 4812 δώσει
2577 4759 2762 4821 οὕτως
2801 4754 2952 4810 εἶναι
2974 4757 3086 4822 τὴν
3117 4755 3367 4821 καρδίαν
3390 4753 3588 4806 αὐτῶν
3612 4754 3685 4805 ἐν
3713 4755 3816 4805 a1)-

2248 4849 2371 4913 τοῖς
2392 4890 2404 4912 ,
2449 4847 2604 4899 ὥστε
2638 4845 2947 4913 φοϐεῖσθαί
2966 4861 3042 4909 με
3069 4843 3163 4893 καί
3196 4839 3579 4908 φιμιλάξασθαι
3616 4841 3818 4904 πάσας

2249 4936 2354 4999 τὰς
2383 4935 2626 5002 ἡμέρας,
2660 4934 2758 4984 ἵνα
2780 4927 2848 4984 εὖ
2882 4926 2919 4999 ᾖ
2947 4929 3147 4992 αὐτοῖς
3171 4929 3266 4980 καί
3303 4925 3426 4992 τοῖς
3451 4926 3688 4992 τέκνοις
3718 4929 3820 4979 αὺ-

2251 5027 2396 5087 τῶν;
2427 5026 2591 5092 Λέγει
2619 5025 2646 5075 6
2669 5024 2795 5082 Θεός
2813 5038 2827 5050 ⁸
2868 5021 2965 5084 Τίς
2996 5020 3171 5071 δώσει
3201 5018 3278 5082 τῷ
3315 5017 3443 5080 λαῷ
3467 5019 3657 5080 τούτῳ
3679 5035 3819 5083 καρ-

2252 5116 2423 5181 δίαν;
2445 5116 2554 5168 Καὶ
2587 5115 2690 5175 τίς,
2714 5107 2756 5164 ὧ
2786 5112 3047 5172 Δέσποτα,
3069 5109 3207 5178 ὑπὲρ
3242 5109 3299 5160 σέ
3329 5109 3562 5177 στερεὸς,
3592 5108 3680 5159 ἴνα
3711 5106 3814 5174 δῷ;

2253 5207 2313 5256 ού
2349 5206 2411 5256 σὺ
2452 5201 2502 5256 εἰ
2545 5206 2573 5254 6
2607 5203 2778 5262 διδοὺς
2807 5200 3001 5260 πάντα,
3053 5199 3146 5249 καὶ
3179 5199 3412 5267 μάλιστα
3456 5199 3522 5248 τά
3565 5199 3643 5258 εἰς
3671 5196 3818 5247 εὐσέ-

2256 5295 2406 5348 ϐειαν
2438 5290 2810 5349 συντείνοντας
2844 5288 2906 5339 Εἰ
2945 5287 3017 5357 μὴ
3060 5288 3123 5339 σὺ
3151 5283 3293 5356 ἦσθα
3322 5289 3351 5339 6
3381 5287 3550 5347 διδοὺς
3591 5285 3816 5352 καρδίαν

2255 5385 2461 5453 ἀγαθὴν
2482 5385 2590 5443 τοῖς
2613 5379 2866 5447 ἀγαπῶσί
2894 5395 2975 5440 σε,
3003 5380 3049 5429 εἰ
3080 5377 3152 5446 μὴ
3175 5379 3237 5430 σὺ
3262 5373 3312 5428 εἷ
3332 5378 3358 5427 6
3379 5376 3571 5435 διδοὺς,
3597 5374 3712 5434 πῶς
3740 5389 3817 5424 σοι

2257 5475 2416 5528 Δαυῒδ
2457 5469 2849 5541 προσεύχεται,
2893 5468 3155 5535 Καρδίαν
3193 5467 3452 5530 καθαρὰν
3496 5463 3710 5514 κτίσον
3751 5463 3818 5514 ἐν

2256 5567 2456 5634 ἑμοὶ,ό
2486 5563 2664 5625 Θεός,
2708 5559 2948 5628 Καρδίαν
2979 5556 3220 5625 καθαρὰν
3257 5554 3404 5622 παρά
3452 5551 3544 5602 σοῦ
3579 5551 3815 5603 αἰτοῦσιν

2259 5658 2306 5708 οἱ
2342 5655 2646 5724 προφῆται,
2683 5650 2774 5701 καὶ
2807 5650 2874 5700 τὰ
2907 5649 3036 5702 ἄλλα
3081 5647 3224 5716 δῶρα
3257 5644 3322 5695 151
3363 5641 3574 5708 ἀγαθὰ,
3607 5643 3696 5692 καὶ
3723 5639 3815 5710 τῆς
