3996 6428
222 326 331 380 425

228 438 242 483 t
268 433 485 485 Danish.
512 433 568 487 3.
600 429 843 499 52-35).
894 430 959 483 Et
978 438 1097 497 post
1121 438 1316 481 tantam
1341 427 1656 495 theologiam
1682 425 1787 476 ait:

232 541 247 571 ι
272 522 365 574 Hic
384 531 469 574 est
492 521 633 573 Deus
670 531 869 584 noster,
890 536 993 571 non
1017 517 1359 573 aestimabitur
1383 517 1519 570 alius
1538 517 1602 569 ad
1627 532 1745 570 eum
1771 534 1788 566 ι

225 610 381 675 (Ibid.
405 628 454 663 υ.
486 611 725 680 '56.-58).
776 610 1149 664 Animadverte
1178 608 1478 677 diligenter,
1508 623 1611 676 quo
1642 618 1795 676 pacto

223 700 444 753 alterum
467 698 733 753 excludat.
772 718 789 750 ι
837 699 950 753 Non
980 697 1333 752 aestimabitur
1374 698 1510 750 alios
1551 698 1615 749 ad
1648 714 1789 750 eum.

224 788 425 841 Invenit
470 803 683 842 omnem
730 788 869 842 viam
922 789 1177 852 scientiar,
1217 797 1270 840 et
1312 787 1455 841 dedit
1485 802 1599 839 eam
1628 788 1792 841 Jacob

223 894 383 946 puero
408 893 530 944 suo,
554 888 607 933 et
630 878 791 933 Israel
827 879 1017 933 dilecto
1048 895 1144 932 suo
1165 881 1265 949 (α).
1292 881 1417 935 Post
1443 880 1555 933 haec
1578 880 1627 931 in
1652 888 1789 931 terra

220 972 362 1022 visus
388 977 473 1022 est
496 1008 512 1031 ,
545 976 600 1021 et
635 983 754 1022 cum
782 967 1081 1023 hominibus
1124 981 1470 1024 conversatus
1508 978 1608 1023 est.
1642 987 1659 1020 ι
1698 968 1791 1020 llic

221 1058 352 1112 Deus
382 1066 570 1112 noster
601 1058 665 1112 ad
704 1074 859 1127 quem
888 1074 991 1111 non
1018 1060 1366 1113 mStimabitur
1393 1060 1547 1121 alius,
1575 1060 1625 1111 in
1649 1067 1787 1111 terra

219 1147 357 1201 visus
384 1155 471 1201 est
497 1155 697 1201 etcum
728 1147 1031 1201 hominibus
1078 1158 1421 1202 conversatus
1462 1159 1542 1201 est
1586 1159 1786 1216 postea.

223 1235 377 1288 Vides
402 1237 682 1290 veritatem
709 1237 1116 1290 continuatam?
1146 1237 1279 1291 Vide
1312 1248 1367 1291 ut
1390 1239 1555 1290 errori
1586 1238 1785 1290 aditum

216 1327 555 1393 intercludat,
578 1344 645 1381 ne
663 1328 875 1382 Judzeus
894 1331 1167 1383 veritatem
1188 1330 1538 1383 calumnietur
1552 1339 1606 1383 et
1625 1329 1785 1393 dicat,

218 1418 355 1472 Deus
405 1419 554 1473 visus
593 1428 674 1472 est
722 1434 753 1472 a
804 1418 1015 1489 Moyse;
1070 1420 1312 1487 apparuit
1355 1420 1495 1473 enim
1546 1420 1683 1472 Deus
1737 1418 1787 1471 in

214 1520 416 1563 monte.
454 1509 653 1563 Praeter
680 1526 800 1563 eum
830 1525 934 1564 non
961 1521 1041 1565 est
1064 1512 1199 1565 alius
1226 1529 1238 1562 :
1269 1527 1366 1564 nec
1411 1512 1553 1579 ejicit
1578 1512 1786 1565 Patrem

212 1614 240 1653 a
265 1600 447 1653 divina
477 1599 752 1669 dignitate.
805 1602 961 1655 Pater
988 1602 1032 1655 si
1070 1602 1214 1655 solus
1262 1604 1560 1657 nominatus
1610 1604 1786 1667 fuerit,

212 1690 656 1745 exterminabitue
690 1690 877 1744 Filium
905 1705 933 1743 a
965 1692 1229 1744 communi
1261 1692 1785 1761 dignitate?Qoando

213 1781 342 1835 dicit
368 1782 509 1834 Deus
530 1822 544 1844 ,
576 1782 691 1833 sive
721 1781 876 1833 Pater
895 1822 909 1843 ,
942 1781 1053 1834 sive
1094 1780 1133 1833 F
1139 1781 1256 1834 ilius
1278 1823 1291 1845 ,
1324 1797 1381 1834 se
1406 1782 1575 1834 sohnn
1626 1797 1787 1836 unum

214 1887 353 1937 esse,
385 1887 492 1923 non
517 1878 674 1938 negat
703 1882 903 1923 natura:
924 1886 1033 1924 suae
1053 1872 1397 1924 COﬂStll'llllll].
1422 1872 1578 1925 Pater
1598 1872 1785 1926 Filium

214 1976 314 2013 non
342 1960 510 2028 ejicit,
540 1959 706 2012 Filius
729 1975 829 2012 non
862 1970 1012 2028 negat
1049 1960 1291 2025 Patrem;
1327 1961 1419 2013 sed
1451 1978 1568 2015 cum
1596 1962 1785 2017 similia

213 2054 482 2119 dicuntur,
514 2062 697 2106 contra
739 2054 998 2108 idolorum
1027 2070 1264 2109 errorem
1313 2073 1493 2111 sermo
1540 2060 1781 2112 habetur.

212 2146 317 2199 Cur
344 2154 534 2197 contra
560 2143 895 2211 Unigenitum
925 2146 1305 2215 blasphemiam
1336 2150 1601 2215 apparas?
1628 2149 1787 2202 ldolis

214 2234 351 2291 Deus
379 2249 487 2288 non
517 2234 609 2288 dat
644 2234 864 2303 gloriam
903 2250 1084 2299 suam;
1124 2253 1188 2289 an
1217 2253 1388 2306 neque
1427 2240 1474 2291 ei
1510 2239 1599 2291 dat
1627 2255 1783 2308 quem

214 2323 436 2393 genuit?
468 2323 567 2376 Dat
605 2332 750 2377 certe
773 2338 875 2376 non
901 2325 1187 2378 secundum
1209 2328 1450 2395 gratiam,
1475 2327 1565 2381 sed
1597 2342 1787 2381 secun-

213 2413 337 2466 dum
388 2420 593 2466 natura!
637 2414 979 2466 consortium.
1022 2414 1169 2468 Unde
1218 2432 1345 2468 vero
1394 2416 1785 2471 demonstratur

215 2502 481 2555 Christum
530 2502 747 2569 gloriam
795 2502 964 2555 Patris
1004 2504 1285 2570 accipere?
1326 2506 1412 2557 Ait
1441 2508 1582 2559 enim
1612 2523 1625 2559 :
1654 2506 1781 2560 Clo-

214 2591 339 2645 riam
366 2607 529 2643 meam
572 2591 718 2643 alteri
746 2606 843 2644 non
877 2590 1004 2644 dabo
1030 2593 1048 2661 (
1072 2591 1196 2645 lsai.
1226 2595 1311 2647 4‘2.
1340 2594 1429 2663 8).

283 2684 335 2736 τ.
379 2682 518 2735 Audi
555 2680 678 2749 quid
718 2682 831 2748 ipse
868 2682 1116 2736 Servator
1152 2698 1271 2735 cum
1316 2688 1569 2753 apostolis
1606 2688 1780 2742 disse-

219 2788 341 2827 rens
361 2772 506 2826 dicat
530 2793 541 2826 :
566 2770 690 2825 Cum
713 2775 902 2825 venerit
922 2772 1087 2825 Filius
1117 2774 1329 2828 hominis
1354 2778 1405 2827 iu
1430 2778 1589 2845 gloria
1614 2776 1783 2830 Patris

213 2864 289 2916 sui
315 2862 506 2930 (Marc.
534 2862 586 2916 8.
616 2862 750 2926 58);
786 2872 1060 2930 postquam
1093 2863 1178 2915 ille
1209 2864 1351 2931 prius
1377 2866 1625 2931 dixisset,
1657 2865 1782 2919 Glo-

215 2953 342 3003 riam
369 2967 531 3003 nteam
565 2950 711 3003 alteri
740 2967 837 3003 non
864 2951 1008 3002 dabo.
1040 2948 1286 3005 Scrutare
1314 2953 1531 3015 dictum,
1562 2964 1613 3007 et
1641 2955 1785 3009 inve-

216 3043 328 3096 nies
357 3056 597 3095 sensum.
633 3040 859 3093 Gloriam
907 3059 1099 3107 meam,
1132 3058 1235 3095 non
1281 3044 1444 3109 dixit,
1494 3045 1630 3099 Filio
1666 3061 1783 3099 meo

217 3148 321 3186 non
346 3131 505 3192 dabo,
533 3131 646 3195 sed,
671 3131 828 3184 Alteri
858 3149 955 3184 non
983 3133 1130 3185 dabo.
1160 3134 1393 3187 Alterum
1424 3145 1593 3189 autem
1624 3148 1701 3189 est
1732 3138 1780 3190 id

218 3222 355 3287 quod
377 3231 459 3275 est
480 3221 708 3273 alienum
738 3236 765 3273 a
790 3222 1077 3286 consortio,
1108 3232 1159 3275 et
1184 3238 1211 3273 a
1241 3233 1421 3276 natura
1450 3236 1779 3292 separatum;

218 3312 384 3368 Filius
413 3321 591 3365 autem
633 3327 738 3365 non
765 3324 845 3365 cst
870 3314 1004 3366 alter
1037 3331 1048 3364 :
1082 3314 1209 3366 Nam
1241 3313 1351 3384 Ego
1378 3326 1423 3367 et
1450 3316 1605 3369 Pater
1628 3334 1783 3369 unum

218 3417 408 3453 sumus.
444 3400 599 3452 Clare
619 3414 747 3469 ergo
774 3399 1187 3455 demonstratum
1212 3412 1312 3465 cst,
1344 3404 1491 3467 illud,
1518 3404 1584 3458 Ut
1603 3422 1785 3475 cogno-

216 3499 415 3543 scantte
438 3490 601 3543 solum
627 3506 794 3542 verum
816 3489 975 3543 Deum
996 3491 1165 3560 (Joan.
1198 3492 1281 3545 10.
1305 3492 1417 3561 50),
1444 3508 1545 3547 non
1577 3496 1784 3549 auferre

216 3594 247 3632 ει
272 3580 407 3632 Filio
429 3621 441 3639 .
474 3594 595 3633 esse
624 3595 802 3632 verum
854 3581 1035 3633 Deum.
1083 3580 1157 3633 Ne
1205 3582 1449 3649 repudies
1486 3599 1783 3638 sermonem

215 3682 331 3720 eum
359 3668 648 3731 calumnia,
678 3670 823 3737 quasi
852 3682 1041 3722 sensus
1067 3680 1341 3736 Suspectus
1366 3672 1579 3725 relictus
1599 3672 1668 3726 sit
1694 3692 1706 3725 :
1735 3676 1787 3727 id

215 3759 352 3827 quod
397 3759 535 3826 passi
581 3770 701 3812 sunt
737 3760 949 3828 quidam
993 3777 1022 3815 e
1067 3760 1316 3815 fratribus
1363 3765 1499 3817 circa
1542 3767 1777 3819 calicem.

216 3853 290 3903 Ac
314 3851 359 3901 si
388 3848 530 3902 enim
576 3851 831 3902 sententia
862 3852 1176 3904 solutionem
1210 3866 1313 3904 non
1355 3854 1641 3920 accepisset
1663 3898 1676 3913 .
1708 3858 1784 3909 sic

216 3942 607 3993 accusationem
646 3942 954 3994 intulerunt.
989 3942 1116 3995 Nam
1145 3943 1389 3996 dixerunt
1417 3963 1429 3996 :
1461 3944 1782 4014 SnSpensam

216 4039 268 4082 et
293 4029 577 4082 sublimem
606 4030 813 4097 reliquit
839 4030 1277 4098 disquisitiOnem.
1298 4032 1431 4096 Quid
1458 4041 1654 4097 autem,
1686 4036 1787 4085 lra-

222 4129 347 4180 tres,
380 4117 606 4185 amplius
626 4118 903 4171 dicendum
934 4119 1283 4187 suppetebat?
1315 4120 1436 4187 quid
1466 4122 1608 4189 prius
1633 4123 1786 4175 dictis

216 4207 399 4260 deerat
426 4206 491 4259 ad
518 4206 1018 4261 demonstrationem
1041 4209 1063 4260 ?
1108 4208 1284 4261 Primo
1310 4210 1541 4277 quidem,
1577 4211 1637 4264 Si
1668 4228 1785 4279 pos-

215 4298 356 4349 sibile
385 4306 479 4359 est,
508 4307 725 4350 transeat
749 4315 781 4349 a
808 4314 887 4350 me
914 4300 1046 4352 calix
1072 4300 1163 4351 iste
1194 4296 1415 4369 (Matth.
1441 4300 1528 4354 26.
1554 4303 1622 4355 59
1646 4305 1662 4371 )
1693 4321 1704 4354 :
1735 4314 1788 4357 et

215 4388 277 4441 ad
310 4387 361 4440 id
393 4387 532 4455 quod
562 4402 657 4456 per
702 4388 842 4440 illam
887 4388 1172 4443 dictionem
1218 4391 1512 4458 suggeritur
1538 4390 1786 4461 (videtur

213 4478 355 4530 enim
385 4477 550 4530 dictio
576 4478 954 4546 Supplieantem
986 4480 1083 4531 sub
1108 4480 1261 4531 aliam
1292 4490 1606 4549 potestatem
1639 4484 1784 4537 redi—

213 4567 419 4634 gere),
464 4566 736 4619 attulimus
768 4581 950 4620 vocem
998 4568 1139 4621 illam
1186 4568 1433 4633 Domini,
1479 4586 1597 4637 quas
1640 4574 1785 4627 omni

212 4668 356 4711 certe
386 4657 560 4710 divina
590 4660 901 4711 auctoritate
931 4659 1081 4727 plena
1109 4668 1220 4721 est,
1255 4661 1583 4729 dicentisque
1610 4664 1780 4733 digni-

214 4756 375 4799 tatem
420 4747 639 4800 exhibet
686 4765 697 4799 :
744 4746 1046 4800 Potestatent
1094 4748 1248 4800 habeo
1302 4752 1517 4816 ponendi
1565 4755 1785 4806 animam

214 4854 394 4899 meam,
419 4847 464 4890 et
491 4847 776 4905 potestatem
803 4838 956 4891 habeo
978 4840 1204 4890 sumendi
1230 4856 1337 4891 eam
1365 4840 1539 4909 (Joau.
1567 4843 1781 4913 10.18),

214 4926 550 4994 diximusque
575 4927 703 4980 illud
725 4967 737 4987 ,
774 4926 980 4991 Habeo,
1011 4928 1297 4981 divinitatis
1328 4933 1596 4999 proprium
1626 4948 1743 4987 esse
1768 4950 1781 4999 ;

214 5014 339 5071 illud
369 5033 501 5071 vero
536 5036 547 5071 :
576 5018 637 5071 Si
677 5020 908 5087 possibile
936 5030 1005 5071 est
1026 5061 1038 5083 ,
1070 5030 1286 5073 transeat
1328 5039 1358 5073 a
1397 5040 1473 5077 me
1502 5024 1635 5078 calix
1672 5026 1779 5092 iste,

216 5108 421 5161 ratione
448 5108 622 5161 carnis
652 5108 847 5161 dictum
878 5123 995 5161 esse
1018 5149 1032 5171 ,
1080 5126 1183 5163 non
1227 5113 1428 5165 ratione
1458 5113 1742 5169 divinitatis
1767 5158 1780 5181 ,

212 5206 369 5264 atque
427 5197 643 5263 insuper
697 5198 900 5251 Domini
958 5198 1315 5253 testimonium
1365 5202 1680 5260 adduximus
1732 5208 1782 5261 in

211 5286 713 5351 conﬁrmationem;
758 5288 1101 5355 quamobrem
1144 5291 1276 5342 dixit
1313 5309 1323 5342 :
1358 5290 1578 5360 Spiritus
1609 5312 1782 5363 prom-

272 5398 350 5465 (a)_
381 5397 437 5445 In
458 5405 619 5465 Grzeco
637 5432 652 5454 ,
684 5412 909 5458 ἧταημινῳ.
935 5399 1104 5465 itaque
1127 5400 1275 5449 electo
1311 5404 1431 5465 apud
1468 5403 1783 5465 Augustinum

211 5457 292 5506 lib.
336 5459 353 5505 l
398 5464 564 5527 contra
581 5457 820 5527 faustum
844 5457 1156 5527 ‘Mauieh'a‘um
1178 5476 1317 5527 ,ueap.
1342 5457 1435 5521 145,
1463 5472 1513 5527 et
1537 5457 1581 5511 ἷῖι
1611 5466 1785 5527 Vigilio

209 5519 436 5577 Talsensi
464 5518 547 5564 lib.
578 5517 595 5564 l
624 5527 786 5565 contra
832 5521 1035 5576 Arrium,
1063 5517 1319 5569 Sabellium
1362 5517 1696 5573 et't'hotinum'
1733 5542 1780 5574 [ι.

213 5580 289 5633 15,
315 5585 367 5626 et
404 5578 485 5625 lib.
516 5579 533 5624 1
578 5586 741 5626 contra
784 5579 1101 5640 \‘artmadum,
1128 5594 1231 5641 cap.
1256 5582 1300 5641 2,
1327 5585 1574 5634 manifesta
1622 5600 1782 5636 corru-

213 5640 309 5687 ptio
335 5646 426 5687 est.
455 5637 661 5687 (‘otclen

212 5644 309 5701 ptio
335 5646 426 5688 est.
455 5644 661 5688 (‘otcten

1173 314 1236 369 IN
1274 312 1476 368 ιιι.υο
1518 352 1532 370 .
1564 309 1633 365 IN
1672 310 1810 378 QUA
1850 309 2271 377 POTl-LS'I‘ATE,
2314 313 2468 369 ETC.

3379 347 3492 399 426

1908 433 2020 491 plus
2048 436 2140 490 est,
2167 443 2285 480 caro
2312 439 2479 482 autem
2501 431 2704 498 infirma
2725 432 2936 502 (Matth.
2965 435 3051 491 26.
3082 439 3172 508 41)
3199 457 3211 491 :
3240 452 3291 494 et
3314 457 3490 497 anno-

1908 515 2133 568 tavimus
2163 531 2274 569 rem
2305 532 2425 572 esse
2448 518 2907 589 absurdissimam,
2936 541 3054 580 cum
3084 527 3198 597 ipse
3224 531 3478 589 Dominus

1904 606 2049 657 carni
2081 606 2375 674 adscribat,
2408 625 2505 664 nos
2543 612 2593 664 in
2623 613 2854 668 divinam
2888 618 3214 684 majestatem
3244 622 3370 677 dicti
3403 628 3484 678 vi-

1904 692 2106 748 litatem
2128 696 2413 764 conjicere.
2440 699 2541 754 Sed
2566 711 2622 755 ot
2645 702 2854 758 Domini
2881 719 3099 775 scopum
3120 710 3474 780 declaremus,

1902 798 1999 838 cur
2042 801 2233 855 nempe
2281 788 2506 854 dixerit,
2549 792 2797 848 Transeat
2824 812 2855 848 a
2884 814 2962 850 me
2998 800 3133 852 calix
3156 816 3174 853 :
3203 818 3306 855 non
3336 807 3475 871 quod

1903 872 2170 944 refugeret
2210 880 2383 932 crucis
2410 879 2878 949 dispensationem,
2908 897 3131 942 mortem
3163 894 3471 955 recusabat;

1902 965 1996 1018 sed
2019 967 2139 1031 quia
2165 967 2394 1036 imperiti
2414 969 2553 1023 circa
2574 971 3023 1040 dispensationem
3049 978 3212 1045 illam,
3239 981 3289 1033 in
3316 996 3481 1037 eruce-

1901 1055 2204 1109 scandalum
2233 1059 2438 1126 passuri
2466 1069 2652 1124 erant,
2684 1061 2784 1116 hac
2810 1077 2936 1117 usus
2964 1077 3044 1119 est
3072 1084 3217 1123 voce.
3251 1071 3474 1125 lterum-

1902 1161 2005 1213 que
2034 1146 2168 1201 hanc
2196 1150 2512 1203 sententiam
2540 1161 2818 1220 sequutum
2845 1162 2927 1208 est
2956 1154 3054 1209 hoc
3078 1160 3431 1215 testimonium
3456 1182 3468 1217 :

1903 1234 2085 1301 Orate,
2117 1247 2170 1289 ut
2196 1253 2297 1290 non
2326 1238 2526 1292 intretis
2545 1241 2596 1292 in
2626 1243 2947 1295 teutationem
2976 1243 3179 1313 (Ibid.).
3212 1248 3313 1300 Alii
3343 1266 3471 1303 vero

1899 1326 2203 1381 calumniati
2229 1338 2384 1393 sunt,
2412 1345 2476 1383 ac
2500 1331 2542 1383 si
2572 1330 2888 1386 dixissemus
2920 1355 2932 1388 :
2966 1334 3020 1389 Si
3064 1336 3172 1390 fieri
3205 1350 3381 1406 posset
3414 1353 3469 1395 ut

1898 1415 2004 1467 alio
2037 1418 2221 1470 mortis
2250 1433 2445 1486 genere
2470 1422 2818 1474 meonomiam
2848 1423 3111 1491 impleret.
3159 1426 3271 1481 Hoc
3300 1444 3486 1496 iporro'

1899 1520 1997 1559 nec
2027 1505 2221 1560 dictum
2250 1510 2364 1571 fuit,
2396 1525 2494 1563 nec
2520 1511 2726 1565 dicetur
2751 1527 3020 1581 umquam.
3054 1515 3165 1569 Non
3196 1517 3337 1582 dixi,
3366 1520 3471 1572 alia

1897 1604 2103 1658 morte,
2134 1595 2226 1649 sed
2256 1597 2358 1649 alio
2388 1598 2545 1651 modo
2569 1602 2919 1654 meonomiam
2952 1604 3153 1672 impleri
3180 1622 3193 1669 ;
3238 1607 3337 1661 hoc
3362 1619 3463 1672 est,

1898 1686 2027 1737 citra
2069 1696 2315 1739 mortem.
2344 1686 2472 1739 Nam
2504 1689 2719 1743 calicem
2750 1691 3125 1760 interpretatus
3148 1710 3266 1749 sum
3293 1714 3305 1748 :
3340 1699 3464 1752 illud

1896 1783 2071 1827 autem
2112 1774 2299 1837 aliter,
2347 1785 2633 1844 tamquam,
2677 1778 2808 1832 citra
2852 1790 3097 1835 mortem.
3148 1787 3320 1852 Atque
3366 1787 3464 1840 hoc

1899 1862 2092 1917 factum
2123 1874 2223 1927 est,
2258 1881 2363 1917 non
2390 1867 2529 1934 quod
2556 1883 2678 1922 vere
2705 1869 2956 1925 Dominus
2983 1878 3303 1929 recusaverit
3330 1879 3476 1931 mori-

1899 1968 1996 2020 pro
2023 1954 2218 2007 mundo
2244 1971 2257 2017 ;
2291 1955 2381 2009 sed
2409 1956 2546 2025 quod
2591 1958 2749 2013 tidem
2778 1958 2950 2015 facere
2976 1963 3201 2017 voluerit
3238 1966 3462 2020 inﬁrmi-

1896 2044 1985 2096 tati
2029 2044 2238 2106 carnis,
2288 2056 2446 2113 atque
2488 2048 2768 2103 ostendere
2796 2064 3009 2105 carnem
3041 2069 3164 2107 vere
3208 2056 3368 2109 luisse
3411 2060 3459 2112 id

1894 2132 2034 2202 quod
2062 2134 2307 2199 timebat,
2339 2144 2392 2189 et
2424 2137 2731 2192 turbabatur
2762 2159 2775 2193 :
2806 2156 2925 2193 nam
2955 2140 3175 2206 Spiritus
3204 2157 3460 2214 promptus

1892 2233 1984 2287 est,
2024 2240 2142 2276 caro
2185 2233 2349 2276 autent
2394 2227 2617 2293 inﬁrma.
2648 2228 2803 2281 Carni
2834 2232 2994 2284 verba
3024 2232 3340 2287 inﬁrmitatis
3370 2237 3464 2288 atl-

1893 2314 2110 2375 scribit,
2145 2314 2431 2369 divinitatis
2460 2317 2791 2384 majestatem
2822 2334 2926 2372 non
2961 2320 3111 2373 la‘sit.
3146 2322 3252 2375 Cur
3275 2327 3458 2378 crimi-

1892 2403 2035 2456 naris
2064 2418 2178 2470 qua:
2219 2419 2321 2456 non
2349 2404 2511 2457 dico?
2548 2420 2645 2459 cur
2681 2407 3016 2460 calomniaris
3045 2425 3161 2477 qua:
3188 2427 3292 2465 non
3322 2428 3458 2480 prai-

1891 2492 2055 2547 dico?
2097 2495 2268 2547 Alium
2304 2495 2515 2548 modum
2544 2496 2649 2548 dixi
2676 2512 2690 2559 ;
2735 2512 2839 2549 non
2866 2503 3051 2552 mortis
3070 2541 3085 2565 ,
3118 2502 3211 2555 sed
3240 2516 3459 2556 oecono—

1893 2584 2033 2637 mite.
2057 2582 2236 2652 Neque
2258 2586 2397 2638 enim
2420 2585 2615 2639 dictum
2639 2596 2737 2649 est,
2760 2586 2812 2639 Si
2837 2588 3085 2654 possibile
3107 2600 3207 2653 est,
3228 2600 3462 2647 nmtetur

1890 2674 2024 2727 calix
2074 2676 2192 2727 iste.
2243 2674 2430 2727 Carnis
2475 2684 2556 2729 est
2601 2676 2911 2741 inﬁrmitas,
2962 2678 3336 2735 incarnationis
3378 2692 3458 2737 est

1890 2761 2087 2829 passio.
2117 2761 2323 2815 Profert
2352 2762 2673 2816 infirmitatis
2701 2764 2891 2828 verba,
2925 2776 2980 2818 ut
3002 2768 3248 2821 ostendat
3272 2784 3334 2823 se
3363 2770 3461 2825 hac

1893 2852 2130 2907 indutum
2161 2868 2280 2907 esse
2327 2863 2512 2907 natura
2533 2896 2548 2918 ,
2580 2870 2696 2923 qua:
2726 2865 2949 2909 mortem
2998 2858 3261 2913 formidat.
3296 2860 3365 2915 Ut
3394 2878 3460 2916 ne

1893 2954 2069 2997 autem
2114 2958 2322 2996 rursum
2366 2944 2583 2998 dictioni
2632 2945 2867 3011 servias,
2900 2962 2963 3000 ex
3007 2948 3292 3003 abundanti
3334 2951 3457 3005 illml

1892 3050 2101 3105 quoque
2148 3035 2337 3089 adduxi
2385 3058 2396 3090 :
2437 3053 2556 3104 qua:
2599 3047 2681 3092 est
2724 3039 2896 3105 ratio,
2937 3042 3204 3107 apostolos
3251 3042 3459 3098 fortiter

1892 3136 2114 3180 mortem
2144 3129 2457 3181 conculcare
2477 3169 2489 3193 ,
2522 3129 2879 3197 apostolorum
2922 3146 3048 3185 vero
3081 3132 3358 3187 Dominum
3391 3137 3460 3187 ti-

1890 3216 2086 3269 muisse
2112 3224 2164 3269 et
2194 3216 2463 3270 horruisse
2504 3219 2687 3270 mortis
2731 3220 3045 3273 accessum?
3091 3221 3211 3276 lla‘c
3240 3234 3291 3276 et
3323 3239 3479 3277 nunc-

1890 3305 2093 3365 dicam,
2126 3306 2335 3359 fratres.
2376 3307 2568 3360 Paulus
2598 3324 2699 3361 non
2727 3310 2896 3361 solum
2928 3311 3151 3378 alligari,
3182 3313 3273 3365 sed
3301 3313 3460 3366 etiam

1893 3395 2025 3447 mori
2058 3404 2273 3462 propter
2302 3410 2492 3449 nomen
2521 3396 2715 3450 Christi
2748 3408 2984 3466 paratum
3012 3416 3067 3453 se
3098 3412 3313 3457 strenue
3341 3420 3463 3471 pro-

1894 3487 2132 3546 nuntiat,
2168 3487 2314 3540 Pauli
2344 3502 2471 3541 vero
2498 3488 2751 3542 Dominus
2791 3490 2922 3543 mori
2954 3502 3161 3544 reeuSat
3194 3494 3337 3562 (A‘ct.
3368 3494 3459 3547 Ἡ.

1895 3574 2047 3645 15)?
2080 3576 2145 3629 Et
2177 3576 2319 3629 Pauli
2351 3577 2561 3645 quidem
2592 3592 2685 3631 cor
2730 3593 2835 3632 non
2881 3590 3100 3643 mmret,
3132 3583 3305 3635 anima
3337 3599 3463 3638 vero

1892 3664 2091 3718 Christi
2124 3666 2402 3719 turbatur?
2433 3667 2563 3720 Nam
2595 3669 2667 3720 ait
2698 3685 2709 3720 :
2740 3668 2891 3720 Nunc
2918 3671 3090 3722 anima
3120 3688 3226 3725 mea
3266 3673 3463 3725 turbata

1892 3768 1961 3809 est
1983 3756 2159 3824 (Joan.
2186 3759 2271 3810 12.
2295 3759 2409 3827 2'7).
2445 3758 2567 3811 llmc
2594 3760 2766 3810 omnia
2792 3760 2938 3812 vobis
2967 3762 3189 3814 testibus
3216 3762 3461 3827 loquutus

1894 3863 2029 3901 sum.
2064 3849 2255 3902 Verum
2290 3850 2371 3902 Itis
2406 3865 2509 3902 non
2540 3850 2921 3918 olitemperas?
2952 3851 3042 3904 sed
3071 3852 3219 3919 illud,
3253 3853 3313 3906 Si
3343 3870 3462 3920 pos-

1892 3938 2034 3990 sibile
2058 3947 2148 4000 est,
2191 3937 2364 3991 adhuc
2406 3939 2724 3992 offendiculo
2760 3948 2840 3991 est
2883 3940 3016 3993 tibi?
3060 3941 3199 3995 Sane
3224 3943 3459 4010 quidem,

1893 4030 1983 4080 ait.
2014 4029 2444 4098 Congrediamur,
2465 4029 2672 4093 fratres,
2692 4045 2811 4083 cum
2831 4033 3181 4097 eontentioso,
3202 4034 3464 4101 simulque

1894 4120 2123 4170 nitamur
2162 4120 2209 4171 vi
2257 4121 2495 4172 veritatis
2540 4120 2659 4171 illos
2702 4120 2906 4186 erigere
2947 4123 3034 4189 qui
3081 4124 3464 4177 incredulitatis

1896 4208 2198 4262 infirmitate
2242 4209 2371 4276 lapsi
2414 4217 2554 4261 sunt.
2586 4208 2641 4261 Si
2673 4218 2988 4277 potestatem
3018 4210 3285 4265 habuisset
3313 4212 3468 4265 Chri-

1894 4308 2007 4351 stus
2029 4338 2043 4361 ,
2077 4314 2185 4351 non
2221 4299 2474 4363 dixisset,
2506 4298 2565 4353 Si
2595 4300 2830 4367 possibile
2855 4310 2961 4365 est,
2995 4310 3230 4354 transeat.
3260 4304 3469 4357 Accusa

1894 4401 2021 4455 ergo
2048 4386 2206 4439 etiam
2234 4387 2421 4450 Deum,
2451 4388 2539 4455 qui
2568 4388 2618 4441 in
2648 4388 2763 4456 lege
2790 4389 2853 4441 iis
2874 4389 3049 4444 verbis
3071 4406 3195 4443 usus
3217 4402 3319 4457 est,
3348 4409 3467 4459 qua:

1894 4477 1960 4530 ab
1985 4476 2097 4545 ejus
2121 4484 2384 4544 potestate
2412 4477 2565 4545 longe
2586 4476 2803 4530 distent.
2833 4479 2920 4531 Ait
2945 4479 3085 4532 enim
3112 4478 3276 4549 Moysi
3303 4481 3464 4545 Deus,

1894 4580 2012 4620 cum
2061 4567 2367 4635 loqueretur
2412 4566 2463 4619 in
2497 4576 2678 4620 monte
2724 4566 2847 4621 Sina
2875 4606 2890 4630 ,
2938 4584 3032 4636 per
3060 4584 3307 4637 magnum
3338 4570 3466 4624 illud

1896 4656 2236 4723 terribilisque
2254 4664 2517 4708 ostentum
2548 4673 2559 4707 :
2590 4672 2708 4708 eum
2737 4658 2910 4710 omnis
2941 4664 3189 4712 tremeret
3219 4660 3464 4729 populos,

1894 4745 2112 4798 audiens
2141 4758 2324 4798 vocem
2355 4745 2445 4797 Dei
2474 4745 2700 4797 viventis
2728 4763 2740 4796 :
2770 4748 2858 4814 qui
2886 4747 3120 4801 omnium
3148 4757 3464 4816 potestatem

1895 4835 2086 4897 habet,
2119 4843 2171 4886 et
2198 4835 2374 4887 omnia
2417 4834 2661 4887 omnibus
2688 4834 2991 4903 dispensat,
3024 4837 3092 4889 ait
3136 4837 3309 4907 Moysi.
3330 4839 3469 4891 Deus

1894 4926 2127 4977 omnium
2159 4924 2377 4992 largitor
2408 4939 2421 4974 :
2464 4922 2585 4987 Quis
2615 4923 2751 4975 dabit
2772 4940 2879 4977 esse
2905 4941 2991 4979 cor
3016 4942 3186 4978 eorum
3214 4928 3264 4978 iu
3292 4928 3381 4991 eis,
3412 4938 3467 4979 ut

1896 5015 2102 5066 timeant
2141 5029 2223 5064 mc
2242 5052 2256 5077 ,
2289 5022 2334 5065 et
2364 5014 2644 5064 custodiant
2672 5014 2899 5067 omnibus
2938 5016 3146 5081 diebus,
3176 5028 3228 5068 ut
3259 5016 3377 5070 bene
3405 5018 3468 5069 sit

1894 5104 1982 5167 eis,
2009 5114 2053 5155 et
2087 5103 2206 5170 ﬁliis
2236 5117 2405 5153 eorum
2436 5101 2607 5170 (Deut.
2634 5103 2685 5156 5.
2712 5102 2850 5172 ‘29)?
2882 5104 3011 5157 Dicit
3040 5105 3199 5169 Deus,
3232 5106 3355 5172 Quis
3376 5109 3469 5160 da-

1896 5194 1961 5245 bit
1990 5193 2176 5261 populo
2205 5193 2320 5243 huic
2348 5193 2479 5244 cor?
2510 5193 2575 5245 Et
2603 5192 2741 5260 quis,
2768 5193 3023 5259 Domine,
3053 5204 3104 5249 te
3137 5196 3378 5259 validior,
3414 5205 3469 5250 ιιι

1891 5283 2021 5337 det?
2052 5298 2228 5336 nonne
2256 5292 2308 5335 tu
2339 5298 2400 5337 es
2436 5284 2524 5351 qui
2566 5294 2752 5337 cuncta
2783 5283 2899 5349 das,
2934 5287 3226 5353 praesertim
3254 5303 3371 5354 qua:
3401 5288 3467 5341 ad

1894 5376 2141 5440 pietatem
2188 5373 2474 5439 spectant?
2522 5372 2629 5426 Nisi
2681 5383 2733 5425 tu
2778 5389 2833 5426 es
2864 5376 2951 5443 qui
2998 5392 3091 5429 cor
3135 5376 3330 5430 bonum
3374 5378 3470 5430 das

1892 5460 2231 5529 diligentibus
2274 5470 2324 5514 te
2346 5501 2359 5524 ,
2390 5462 2488 5514 nisi
2522 5472 2575 5515 tu
2605 5477 2662 5515 es
2700 5464 2788 5532 qui
2834 5464 3041 5533 largiris
3065 5508 3081 5529 ,
3111 5482 3277 5535 quare
3308 5468 3470 5522 David

1895 5550 1996 5601 hoc
2026 5564 2052 5599 a
2095 5558 2144 5601 te
2172 5550 2339 5617 petit,
2374 5550 2471 5603 Cor
2510 5552 2749 5605 mundum
2782 5570 2895 5607 crea
2933 5559 2983 5609 in
3014 5557 3255 5617 me,Dctts
3282 5556 3466 5629 (Psal.

1894 5640 1978 5695 50.
2009 5639 2107 5709 12)
2130 5642 2149 5691 '?
2179 5639 2279 5696 Cur
2307 5643 2558 5700 mundum
2591 5662 2617 5698 ιι
2648 5655 2696 5699 te
2728 5649 2991 5715 postulant
3022 5651 3315 5722 prophetar,
3340 5654 3469 5707 alia.
