3996 6440
495 335 609 388 427

503 441 609 494 que
637 425 772 477 bona
799 436 1041 488 munera,
1067 429 1228 491 atque
1257 419 1432 474 cordis
1461 418 1742 488 puritatem
1768 435 1782 470 :
1813 426 1868 470 et
1897 416 2083 469 huma-

509 530 572 568 na
601 523 755 568 utens
784 527 914 566 voce
948 510 1103 575 dicis,
1149 511 1273 579 Quis
1315 509 1452 562 dabit
1481 509 1669 576 popqu
1698 507 1813 560 huic
1853 522 1937 561 cor
1955 505 1980 556 2
2013 504 2079 557 Et

504 604 624 670 quis
672 604 792 672 plus
837 603 930 656 dat
977 616 1134 669 quam
1181 601 1280 653 tu?
1314 598 1684 654 Verumtamen
1717 597 1839 650 licet
1883 603 1936 647 tu
1968 608 2078 661 prae

505 693 742 746 bonitate
779 692 858 746 sic
897 691 1145 760 loquutus
1174 690 1248 743 sis
1267 727 1282 750 ,
1315 697 1368 741 at
1406 688 1595 742 beatus
1617 687 1825 755 Moyses
1847 698 1956 738 non
1983 681 2078 734 ad-

504 780 657 835 haesit
694 779 929 835 sermoni
959 789 1048 833 tuo
1067 821 1082 842 ,
1110 777 1207 833 sed
1235 776 1520 846 publicavit
1548 774 1877 841 majestatem
1908 781 2074 834 tuam,

503 871 737 925 ostendit
765 871 1134 924 auctoritatem
1156 908 1172 934 ,
1205 867 1452 935 patefecit
1481 867 1792 935 potentiam.
1823 865 1960 918 Dicit
1985 875 2078 930 po-

501 962 628 1032 pnl)
662 962 716 1016 in
745 960 1155 1016 Deutcronomio
1185 957 1371 1013 :Dedit
1400 957 1532 1012 vobis
1557 955 1806 1010 Dominus
1831 954 1970 1009 Deus
1993 972 2079 1010 cor

510 1053 580 1103 ad
607 1051 884 1116 sciendum,
911 1059 957 1104 et
983 1049 1154 1102 oculos
1176 1048 1245 1101 ad
1278 1047 1545 1100 videndum
1563 1087 1578 1110 ,
1607 1056 1654 1098 et
1695 1061 1842 1099 aures
1879 1046 1947 1099 ad
1985 1061 2078 1098 au-

501 1140 738 1193 diendum
763 1155 917 1208 usque
945 1139 998 1192 in
1021 1139 1154 1190 diem
1181 1141 1312 1190 hanc
1342 1135 1524 1207 (Deut.
1554 1134 1643 1189 29.
1669 1136 1703 1189 ι
1720 1135 1762 1204 ).

571 1229 627 1282 8.
672 1227 832 1282 Vides
856 1227 1006 1280 illum
1036 1226 1164 1281 dare
1188 1240 1281 1279 cor
1301 1265 1316 1288 ,
1344 1226 1536 1279 oculos
1554 1264 1568 1288 ,
1601 1237 1756 1276 aures
1783 1230 1837 1276 et
1861 1220 2077 1274 omnia?

502 1319 603 1388 Qui
630 1333 759 1386 ergo
787 1319 831 1372 is
857 1317 945 1386 qui
972 1315 1149 1370 omnia
1191 1315 1281 1368 dat
1307 1314 1544 1377 dicebat,
1576 1313 1700 1378 Quis
1725 1311 1860 1363 dabit
1889 1311 2077 1379 populo

501 1410 616 1464 huic
657 1425 744 1462 cor
785 1409 929 1462 tale?
956 1421 1062 1476 quo
1089 1414 1244 1475 pacto
1282 1417 1484 1464 rursus,
1518 1402 1617 1455 nisi
1648 1402 1760 1470 ipse
1785 1415 1878 1455 cor
1902 1401 2074 1465 daret,

500 1504 702 1557 diceret
736 1515 829 1569 per
849 1497 1186 1552 Ezechielem
1223 1512 1235 1547 :
1271 1492 1338 1548 Et
1366 1493 1624 1548 extraham
1652 1508 1714 1545 ex
1737 1492 1806 1544 eis
1834 1506 1920 1543 cor
1947 1491 2078 1558 lapi-

503 1595 672 1654 deum,
702 1600 749 1645 et
778 1589 908 1642 dabo
931 1587 1005 1641 eis
1027 1601 1115 1639 cor
1136 1599 1392 1648 corneum,
1419 1592 1466 1634 et
1490 1582 1704 1634 scribam
1734 1581 1891 1650 legem
1915 1595 2076 1632 meam

503 1685 556 1736 in
585 1681 822 1736 cordibus
849 1695 1023 1733 eorum
1052 1675 1265 1749 (Ezech.
1291 1675 1378 1729 11.
1402 1673 1498 1738 19;
1520 1672 1633 1726 Jer.
1658 1673 1746 1727 51.
1771 1671 1900 1739 53)?
1929 1670 2079 1723 Sicut

503 1787 634 1843 ergo
655 1773 760 1827 illic
787 1773 901 1839 ipse
927 1770 1088 1833 Deus,
1109 1768 1199 1838 qui
1220 1767 1350 1821 dare
1373 1774 1547 1835 potest
1570 1780 1666 1818 cor
1685 1764 1904 1827 bonum,
1927 1761 2074 1826 dicit,

504 1862 632 1928 Quis
655 1863 790 1915 dabit
813 1862 836 1914 .9
862 1862 933 1915 ita
953 1868 1007 1914 et
1023 1857 1333 1927 Unigenitus
1356 1856 1547 1918 Patris,
1573 1857 1662 1924 qui
1694 1861 1954 1923 potestate
1979 1866 2074 1906 sua

503 1953 678 2021 replet
721 1951 904 2004 orbem
951 1958 1212 2003 terrarum
1236 1986 1251 2011 ,
1299 1945 1530 2014 dicitque
1574 1959 1695 1998 cum
1723 1943 2072 1997 auctoritate:

503 2042 812 2096 Potestatem
840 2041 995 2093 habeo
1026 2038 1244 2108 ponendi
1269 2038 1489 2090 animam
1509 2051 1693 2099 meam,
1716 2044 1762 2087 et
1787 2043 2077 2103 potestatem

504 2135 659 2188 habeo
684 2132 909 2188 sumendi
926 2129 1228 2200 eam(.loan.
1259 2127 1346 2182 10.
1373 2127 1464 2196 18)
1495 2141 1509 2186 :
1541 2126 1715 2180 adhuc
1735 2123 2000 2193 responde
2023 2130 2077 2176 et

505 2241 572 2280 ex
605 2226 831 2277 humana
862 2224 1030 2275 forma
1058 2230 1113 2274 et
1137 2219 1345 2273 ratione
1368 2217 1597 2272 carnalis
1626 2215 1964 2276 inﬁrmitatis,
1993 2213 2076 2266 his

505 2315 683 2368 verbis
717 2329 730 2365 :
764 2313 825 2368 Si
853 2311 1087 2380 possibile
1110 2319 1220 2375 est,
1259 2315 1475 2361 transeat
1502 2322 1534 2357 a
1560 2322 1636 2358 me
1676 2305 1809 2357 calix
1843 2301 2073 2374 (Matth.

506 2404 597 2458 9.6.
628 2403 694 2457 '59
719 2404 760 2471 ).
790 2402 868 2455 Ne
896 2402 1052 2470 igitur
1093 2397 1488 2452 calumniemiui
1519 2396 1658 2448 circa
1700 2408 1762 2446 ea
1791 2407 1909 2460 quae
1937 2391 2076 2445 dicta

509 2511 617 2550 non
649 2496 890 2555 fuerunt,
931 2489 1025 2543 sed
1053 2488 1307 2541 inhasrete
1335 2487 1398 2539 iis
1417 2524 1433 2548 ,
1463 2499 1578 2553 quin
1607 2483 1886 2552 prazdicata
1911 2489 2034 2533 sunt
2059 2497 2075 2534 :

505 2602 573 2640 ne
593 2581 948 2640 crimiuemini
969 2581 1287 2643 doctrinam,
1311 2578 1400 2645 qui
1421 2589 1634 2631 sensum
1656 2588 1761 2629 non
1784 2572 2073 2643 percipitis.

507 2676 631 2730 Seio
669 2673 808 2727 unde
851 2674 903 2726 in
945 2671 1262 2726 calumniam
1307 2679 1619 2737 prorumpas
1647 2683 1660 2718 :
1688 2665 1798 2719 scio
1825 2661 1965 2717 unde
2001 2663 2078 2716 sic

505 2767 726 2820 allectus
753 2763 851 2821 sis.
892 2762 1164 2816 Humanus
1198 2767 1282 2814 est
1309 2758 1526 2812 affectus
1547 2797 1561 2820 ,
1594 2754 1803 2809 invidiae
1836 2752 2074 2807 morbus.

505 2856 637 2912 Nam
681 2863 738 2909 ut
779 2855 964 2908 oculus
1001 2852 1044 2906 si
1093 2864 1255 2920 purus
1297 2848 1384 2912 sit,
1431 2854 1618 2901 cuncta
1660 2855 1804 2899 recte
1832 2843 1974 2897 videt
2013 2856 2077 2897 ac

506 2947 803 3010 discernit;
851 2946 931 2999 sin
982 2944 1155 2997 fumus
1200 2941 1489 3005 invaserit,
1536 2949 1590 2993 et
1634 2934 2076 3006 pulchritudinem

508 3037 655 3090 visus
693 3034 1056 3097 labefactarit,
1087 3040 1177 3085 aut
1219 3031 1263 3084 si
1309 3027 1477 3097 pulvis
1521 3025 1801 3090 inciderit,
1835 3023 2078 3079 obtundit

505 3127 716 3190 visum;
765 3139 936 3192 neque
965 3132 1110 3177 recte
1139 3120 1282 3174 videt
1309 3128 1369 3174 ut
1405 3126 1528 3171 ante
1559 3135 1574 3170 :
1607 3117 1677 3169 ita
1704 3129 1844 3168 nune
1869 3126 2079 3182 quoque

506 3217 779 3272 auditores
804 3214 1020 3283 singuli,
1049 3213 1224 3266 donec
1251 3223 1440 3280 purum
1471 3208 1671 3261 habent
1695 3204 1816 3258 ﬁdei
1845 3203 2075 3266 oculum,

506 3322 694 3378 puram
723 3304 964 3359 caritatis
991 3302 1315 3372 palpebram,
1349 3308 1493 3353 recte
1520 3311 1756 3366 pureque
1781 3294 1961 3348 vident
1985 3310 1999 3358 ;
2027 3303 2080 3347 at

511 3399 555 3454 si
586 3399 759 3452 fumus
785 3394 1132 3464 blasphemia:
1157 3392 1296 3446 dicta
1323 3389 1590 3451 invaserit,
1618 3397 1708 3440 aut
1737 3385 1945 3439 invidia:
1967 3385 2081 3452 pul-

507 3491 587 3542 vis
610 3489 844 3540 animum
874 3483 1115 3544 Subierit,
1151 3481 1330 3535 turbat
1356 3480 1625 3542 intuitum,
1657 3477 1955 3543 mentisque
1983 3489 2079 3542 pu-

508 3581 719 3636 ritatem
748 3578 883 3631 tollit
907 3592 926 3640 ;
955 3589 1018 3628 ac
1051 3587 1171 3642 qum
1201 3586 1306 3625 non
1334 3571 1566 3632 audivit,
1607 3568 1873 3621 audivisse
1912 3573 2077 3633 putat,

509 3683 732 3740 quaeque
773 3665 1007 3727 audivit,
1055 3677 1162 3717 non
1207 3660 1370 3728 probe
1419 3657 1699 3713 intellexit.
1747 3656 2083 3722 Quapropter

510 3775 631 3816 cum
660 3757 979 3827 praevideret
1021 3753 1196 3811 divina
1234 3750 1506 3817 Scriptura
1541 3745 1859 3800 offendicula
1897 3757 2081 3798 eorum

510 3849 600 3918 qui
626 3848 678 3900 in
718 3847 883 3901 sacris
913 3843 1081 3898 literis
1106 3840 1422 3908 cogitatione
1445 3837 1739 3891 oberraturi
1765 3841 1940 3897 erant,
1969 3833 2086 3902 qui-

513 3938 635 3992 dam
679 3952 742 3990 ex
783 3932 1060 4004 pmphetis
1097 3929 1341 3984 clamavit
1378 3935 1498 3997 post
1535 3927 1804 3993 impletam
1847 3923 2084 3978 divinam

515 4027 946 4096 praedicationem
979 4039 993 4074 :
1027 4020 1153 4084 Quis
1182 4019 1399 4087 sapiens,
1428 4027 1473 4070 et
1499 4016 1740 4086 intelliget
1767 4016 1873 4068 hac
1894 4015 1918 4067 7
1941 4022 1987 4067 et
2012 4013 2086 4066 uir

515 4115 733 4186 prudens
756 4154 771 4176 ,
814 4122 862 4166 et
905 4118 1166 4180 cognoscet
1195 4114 1301 4159 htec
1321 4109 1346 4159 γ
1390 4105 1525 4169 Quia
1553 4114 1702 4158 recta:
1739 4105 1832 4158 uite
1856 4102 2084 4167 Domini,

512 4204 636 4275 justi
661 4201 986 4255 ambulabunt
1015 4199 1066 4250 in
1093 4194 1329 4265 eis(0see
1367 4195 1452 4248 ii.
1483 4195 1595 4262 10).
1628 4193 1704 4246 Ne
1733 4195 1909 4261 itaque
1929 4233 1943 4253 ,
1976 4190 2086 4244 fra-

514 4303 627 4355 ter,
670 4291 828 4345 verba
874 4296 1156 4342 convertas
1199 4285 1250 4338 in
1295 4282 1627 4338 offendicula.
1677 4280 1860 4335 Nudus
1888 4293 2086 4342 sermo,

516 4381 656 4438 nuda
686 4381 900 4433 veritas.
933 4376 1047 4430 Non
1076 4388 1211 4428 unus
1232 4414 1247 4439 ,
1281 4386 1384 4425 non
1413 4371 1518 4424 duo
1538 4410 1552 4434 ,
1585 4384 1689 4423 non
1724 4369 1907 4423 decem
1928 4407 1942 4432 ,
1984 4381 2088 4420 non

516 4482 728 4528 centum
760 4470 1039 4523 audierunt
1067 4507 1082 4531 ,
1113 4462 1394 4519 multitudo
1422 4469 1504 4514 est
1543 4461 1798 4513 immensa
1840 4466 1895 4511 et
1937 4456 2090 4509 inmi-

519 4578 686 4617 mera.
738 4560 961 4626 Pelagus
1004 4554 1212 4624 pietatis
1255 4562 1335 4606 est
1379 4551 1654 4613 Ecclesia,
1701 4564 1803 4601 non
1848 4546 2090 4600 ﬂuetibus

517 4657 791 4725 agitatum,
839 4650 932 4704 sed
978 4648 1081 4701 ﬁde
1127 4646 1361 4715 plenum.
1407 4641 1560 4710 Apud
1602 4654 1700 4693 nos
1743 4653 1846 4692 non
1894 4638 2091 4706 patitur

520 4743 848 4809 naufragium
888 4736 1084 4807 scapha
1114 4734 1400 4796 doctrinae,
1429 4745 1532 4783 non
1575 4729 1808 4797 pellitur,
1842 4741 1945 4780 non
1979 4735 2090 4778 tur-

522 4839 674 4895 batur
702 4877 715 4899 ,
747 4845 854 4888 non
883 4825 1286 4895 tempestatibus
1326 4821 1588 4893 agitatur;
1633 4817 1726 4872 sed
1763 4827 1819 4870 ut
1857 4815 1922 4869 ad
1951 4823 2092 4869 tran-

2015 298 2287 365 lNCEltTl

3652 332 3774 387 428

2191 423 2412 490 quillum
2441 435 2647 495 portum
2672 427 2724 482 in
2751 427 2953 482 animas
2975 427 3300 498 diligentium
3325 428 3489 484 Deum
3517 432 3759 500 appellit.

2185 511 2359 578 Atque
2414 513 2525 568 haec
2577 515 2851 570 hactenus.
2905 517 3166 571 Caeterum
3233 517 3362 572 illud
3413 520 3766 574 considerare

2183 610 2411 668 oportet,
2438 613 2650 659 sanctos
2678 607 2770 661 Dei
2805 607 2857 660 in
2884 608 3176 661 calumnias
3205 607 3459 662 incidere.
3491 609 3627 675 Quid
3658 611 3766 663 mi-

2183 704 2299 744 rum
2326 692 2370 744 si
2410 707 2510 746 nos
2540 694 2674 747 viles
2694 735 2708 758 ,
2755 694 3000 760 humiles,
3043 699 3131 763 qui
3159 696 3289 752 nihil
3318 712 3500 752 sumus
3525 740 3540 763 ,
3579 709 3642 754 ut
3685 700 3765 753 ita

2182 777 2376 843 dicam,
2408 781 2683 836 calumniis
2715 783 3060 851 impetimur?
3103 787 3293 840 Annon
3317 787 3507 840 audisti
3541 788 3766 843 Davidis

2183 867 2363 932 verba,
2391 867 2545 937 Eripe
2571 887 2649 924 me
2673 889 2704 924 a
2728 872 2993 926 calumniis
3023 874 3278 927 hominum
3308 874 3383 947 (a)
3415 874 3599 948 (Psol.
3627 878 3758 932 “'8‘.

2187 957 2288 1012 154
2321 957 2382 1025 )?
2410 959 2734 1014 Calumniam
2780 962 2920 1030 passi
2961 972 3084 1016 sunt
3108 964 3266 1017 etiam
3307 967 3472 1020 sancti
3500 966 3762 1021 Servato-

2183 1046 2257 1099 ris
2287 1049 2543 1114 apostoli,
2589 1060 2646 1103 ut
2686 1052 2759 1104 ait
2798 1059 2855 1105 et
2897 1051 3081 1105 beatus
3109 1052 3303 1107 Paulus
3341 1072 3358 1110 :
3397 1056 3464 1108 Et
3498 1073 3596 1109 non
3625 1058 3759 1109 sicut

2182 1133 2607 1203 blasphemamur,
2635 1148 2681 1191 et
2703 1141 2831 1191 sicut
2857 1141 2999 1192 aiunt
3025 1141 3226 1209 quidam
3255 1158 3343 1194 nos
3371 1143 3553 1207 dicere,
3581 1145 3755 1213 facia-

2180 1239 2291 1275 mus
2321 1223 2476 1287 mala,
2503 1234 2557 1277 ut
2585 1228 2782 1280 veniant
2810 1228 2938 1280 bona
2965 1227 3151 1295 (Rom.
3180 1230 3232 1283 5.
3255 1230 3349 1298 8).
3377 1231 3492 1284 Non
3522 1247 3752 1297 interea,

2180 1325 2300 1363 cum
2349 1312 2545 1365 sanctis
2592 1314 2852 1368 calumnia
2902 1317 3160 1382 affectus;
3208 1319 3306 1371 etsi
3355 1318 3600 1387 indignus
3647 1323 3757 1375 sim

2180 1409 2483 1454 sanctorum
2505 1404 2796 1456 consortio.
2819 1404 3032 1460 .ludiees
3054 1420 3148 1460 vos
3169 1422 3358 1462 omnes
3378 1410 3567 1473 habeo,
3590 1417 3763 1478 atque

2179 1500 2305 1546 ante
2327 1507 2419 1545 vos
2445 1507 2631 1548 omnes
2653 1508 2989 1550 communem
3014 1497 3226 1552 Patrem
3248 1507 3506 1561 nostrum,
3530 1499 3619 1566 qui
3643 1514 3759 1555 non

2181 1596 2246 1635 ex
2278 1581 2616 1649 prejudicata
2641 1584 2911 1651 opinione,
2944 1584 3038 1639 sed
3065 1600 3123 1639 re
3148 1587 3356 1654 cognita
3386 1587 3605 1654 iudicat.
3637 1586 3758 1640 No-

2181 1671 2253 1723 vit
2276 1671 2625 1739 cogitationes
2654 1683 2862 1727 uostras
2881 1715 2895 1739 ,
2929 1675 3200 1744 cognoscit
3221 1685 3274 1730 et
3301 1677 3483 1741 verba,
3512 1677 3653 1744 quod
3681 1679 3760 1733 ab

2180 1760 2295 1828 ipso
2325 1761 2436 1815 hinc
2477 1762 2649 1817 edocti
2698 1763 2972 1819 fuerimus.
3022 1766 3357 1822 Postulamus
3386 1783 3414 1821 a
3445 1768 3592 1822 vobis
3620 1785 3761 1822 num

2179 1850 2584 1918 reprehenderit
2613 1853 2750 1908 dicta
2771 1895 2788 1920 ,
2832 1870 2999 1924 eaque
3028 1858 3318 1912 correxerit
3353 1875 3367 1911 :
3404 1873 3581 1912 verum
3614 1859 3758 1914 nihil

2178 1943 2475 2012 suspicatus
2502 1953 2603 1999 est.
2634 1944 2793 2000 Certe
2831 1947 2876 2000 si
2920 1948 3288 2012 emendasset,
3322 1963 3424 2002 non
3457 1949 3580 2003 odio
3603 1989 3620 2015 ,
3651 1950 3756 2005 sed

2178 2037 2401 2091 caritate
2429 2046 2602 2091 motus
2631 2038 2682 2092 id
2712 2037 2946 2094 fecisset.
2989 2040 3154 2106 Quem
3196 2041 3335 2094 enim
3378 2040 3546 2108 diligit
3571 2049 3752 2108 pater,

2178 2129 2387 2196 arguit;
2419 2143 2574 2198 quem
2606 2144 2733 2184 vero
2761 2144 2865 2182 non
2892 2130 3139 2196 corrigit,
3167 2130 3655 2199 aversatur(Prov.
3685 2133 3743 2185 5.

2181 2217 2293 2288 12).
2318 2217 2677 2273 Admiraudus
2701 2228 2877 2272 autem
2907 2218 2994 2272 hic
3021 2227 3172 2288 pater
3197 2228 3250 2274 et
3273 2228 3416 2274 recte
3440 2220 3575 2273 dicta
3600 2236 3754 2274 eom-

2179 2307 2400 2376 probat,
2442 2316 2497 2362 et
2524 2323 2736 2362 errores
2778 2307 3042 2362 emendat.
3077 2308 3189 2361 Hoc
3228 2311 3367 2362 enim
3413 2310 3577 2377 patris
3617 2323 3756 2377 pro-

2179 2400 2348 2467 prium
2376 2409 2477 2464 est,
2507 2409 2650 2453 recte
2669 2399 2807 2454 dicta
2834 2415 2897 2453 ac
2917 2414 3036 2453 cum
3067 2399 3168 2453 ﬁde
3195 2401 3475 2467 praedicata
3503 2400 3756 2454 laudibus

2179 2488 2470 2542 celebrare.
2503 2488 2707 2542 Sufficit
2754 2503 2878 2555 ergo
2925 2488 3160 2540 omnium
3200 2489 3365 2540 instar
3403 2489 3518 2555 ejus
3557 2489 3758 2542 suffra~

2178 2575 2320 2644 gium
2351 2615 2366 2640 ,
2394 2585 2552 2645 atque
2577 2576 2628 2628 in
2659 2575 2845 2644 primis
2882 2574 3195 2628 sanctissimi
3221 2575 3334 2629 Dei.
3361 2574 3622 2628 Czeterum
3651 2577 3758 2644 pia:

2182 2663 2550 2719 adhaereamus
2578 2665 2841 2733 religioni,
2870 2678 3142 2718 servemus
3172 2663 3326 2718 ﬁdem
3356 2664 3756 2718 intemeratam.

2180 2754 2395 2810 Credite
2423 2753 2674 2820 veritati,
2715 2768 2782 2808 ne
2809 2751 3154 2808 contradicite
3189 2752 3416 2806 veritati.
3463 2752 3541 2806 Ne
3591 2753 3760 2807 ﬁdem

2180 2844 2446 2900 adulteres
2466 2885 2481 2910 ,
2513 2843 2743 2898 divinam
2767 2851 3007 2896 naturam
3038 2857 3105 2896 ne
3141 2840 3345 2895 curiose
3373 2843 3617 2909 explores
3637 2882 3652 2906 ,
3683 2857 3759 2895 ne

2179 2936 2492 2992 mortalibus
2532 2934 2822 2989 ratiociniis
2871 2934 3220 2987 immortalem
3255 2932 3558 3001 dignitatem
3587 2933 3760 3002 subji-

2180 3027 2309 3081 cias.
2341 3025 2642 3080 Periculosa
2666 3034 2748 3079 est
2768 3023 3222 3078 ratiocinationum
3245 3023 3361 3087 via;
3394 3032 3500 3075 tuta
3521 3032 3575 3076 et
3597 3022 3757 3076 firma

2181 3117 2524 3185 intelligentia
2579 3115 2926 3170 confessionis
2980 3114 3120 3168 ﬁdei.
3181 3115 3312 3168 Vera
3364 3115 3621 3183 sapientia
3669 3124 3762 3168 est

2181 3207 2336 3261 ﬁdes.
2367 3207 2502 3261 Audi
2544 3206 2668 3275 quid
2711 3203 2852 3258 dicat
2891 3203 3124 3258 divinum
3155 3203 3423 3256 oraculum
3457 3219 3470 3254 :
3498 3203 3635 3255 Nam
3663 3214 3761 3256 etsi

2180 3297 2291 3363 quis
2320 3298 2412 3350 erit
2442 3299 2691 3365 perfectus
2719 3295 2848 3348 inter
2886 3294 3021 3360 ﬁlios
3061 3293 3351 3354 hominum,
3385 3291 3428 3344 si
3454 3290 3516 3343 ab
3541 3292 3633 3344 illo
3661 3292 3762 3343 ab-

2182 3387 2331 3458 fuerit
2361 3403 2420 3439 ea
2449 3401 2561 3455 quae
2588 3402 2619 3437 a
2645 3395 2692 3438 te
2716 3394 2786 3438 est
2813 3384 3080 3452 sapientia,
3109 3383 3178 3435 ad
3205 3383 3415 3435 nihilum
3438 3383 3762 3450 reputabitur

2182 3476 2337 3545 (Sap.
2367 3476 2419 3530 9.
2446 3474 2524 3543 6).
2557 3474 2700 3543 Fuge
2725 3473 3064 3542 quaestiones,
3093 3485 3264 3538 neque
3283 3471 3442 3524 verba
3467 3469 3590 3524 fidei
3619 3485 3763 3538 pne-

2183 3566 2343 3620 feras.
2376 3565 2594 3618 Paulum
2631 3564 2765 3616 habe
2791 3563 3122 3629 magistrum,
3154 3561 3362 3614 Petrum
3384 3560 3485 3613 tibi
3510 3560 3762 3614 adscribo

2190 3664 2571 3724 praeceptorem
2607 3671 2619 3704 :
2657 3653 2865 3706 illorum
2906 3650 3065 3704 ﬁdem
3110 3658 3329 3703 sectare.
3363 3650 3497 3702 Audi
3539 3649 3759 3703 Petrum

2187 3744 2453 3798 dicentem
2486 3760 2498 3795 :
2528 3740 2608 3796 Tu
2634 3757 2684 3795 es
2709 3739 2959 3804 Christus,
2989 3740 3154 3793 Filius
3184 3739 3276 3793 Dei
3306 3740 3400 3792 vivi
3427 3738 3638 3807 (Matth.
3664 3741 3758 3793 16.

2187 3833 2278 3901 6).
2309 3832 2541 3899 Sequere
2569 3830 2787 3884 Paulum
2815 3837 2994 3898 aperte
3026 3828 3214 3881 Filium
3247 3827 3339 3883 Dei
3365 3828 3752 3890 celebrantem,

2188 3937 2250 3978 ac
2277 3923 2435 3977 modo
2460 3920 2673 3990 quidem
2713 3920 2975 3973 dicentem
3002 3918 3296 3988 :Loquutus
3333 3929 3404 3972 est
3446 3917 3588 3971 nobis
3614 3917 3758 3972 Deus

2189 4016 2240 4067 in
2267 4013 2423 4077 Filio,
2454 4028 2542 4082 per
2564 4027 2708 4080 quem
2732 4011 2848 4081 fecit
2866 4020 2914 4064 et
2939 4013 3124 4063 uacula
3149 4025 3166 4062 :
3189 4011 3272 4076 qui
3293 4025 3403 4062 cum
3431 4009 3494 4061 sit
3519 4009 3765 4076 splendor

2189 4105 2365 4174 gloria:
2390 4143 2404 4168 ,
2433 4111 2480 4155 et
2519 4103 2685 4171 ﬁgura
2732 4101 3051 4162 substantiae,
3082 4107 3378 4167 portamque
3418 4101 3589 4150 omnia
3617 4097 3766 4151 verbo

2190 4194 2387 4248 virtutis
2416 4209 2521 4245 suae
2548 4192 2743 4262 (Hebr.
2770 4192 2820 4244 1.
2843 4191 2897 4242 9..
2922 4189 2988 4257 5)
3016 4206 3027 4239 :
3057 4188 3214 4241 modo
3241 4189 3430 4241 iterum
3466 4188 3768 4256 prmdican-

2193 4297 2338 4352 tem,
2371 4285 2459 4339 ubi
2499 4285 2565 4338 de
2601 4283 2798 4337 Judaais
2826 4283 2972 4350 agit:
3003 4281 3228 4346 Quorum
3268 4289 3432 4348 patres
3476 4281 3659 4344 nostri,
3703 4296 3771 4332 ex

2191 4380 2369 4447 quibus
2411 4386 2484 4430 est
2529 4374 2759 4429 Christus
2805 4373 3075 4426 secundum
3104 4387 3338 4435 carnem,
3380 4371 3464 4438 qui
3503 4380 3576 4422 est
3617 4386 3772 4437 super

2194 4469 2362 4522 omnia
2404 4465 2539 4518 Dens
2582 4463 2862 4518 benedictus
2903 4464 2956 4514 in
3001 4461 3186 4514 strcula
3225 4459 3544 4513 sa'culorum.
3585 4460 3748 4512 Amen

2197 4559 2368 4632 (flant.
2398 4559 2447 4614 9.
2485 4557 2561 4625 5).

2262 4756 2332 4814 (ιι)
2355 4753 2424 4801 Ita
2449 4746 2804 4814 quoqueailus.
2821 4752 2888 4794 De
2910 4743 3117 4794 diversis
3138 4742 3359 4807 malignis
3383 4741 3774 4804 cogitationibus,

2197 4807 2303 4879 cap.
2317 4807 2504 4863 ultimo.
2529 4807 2732 4859 Coteler.
