3996 6426
202 390 308 443 427

204 483 423 553 καρδίας
453 483 830 554 καθαρότητα·
878 485 971 538 καὶ
1014 485 1190 553 λέγεις
1223 481 1537 552 ἀνθρωπίνῃ
1569 496 1768 547 κεχρη-

204 565 357 632 μένος
403 567 595 634 φωνῇ,
636 566 729 630 Τίς
760 564 936 619 δώσει
972 563 1053 629 σιῷ
1100 564 1226 629 λαῷ
1259 566 1446 624 τούτῳ
1485 560 1767 627 καρδίανὶ

201 643 307 695 Καὶ
330 644 412 706 τίς
439 647 468 696 6
495 645 676 697 πλεῖόν
706 663 796 698 σου
825 645 996 708 διδούς
1021 663 1034 708 ;
1065 648 1210 716 Πλὴν
1241 647 1288 697 εί
1320 646 1412 696 καὶ
1438 644 1500 695 σὺ
1526 643 1600 704 ὼς
1634 642 1769 706 ἀγα·

200 723 286 786 θὸς
327 724 501 786 οὕτως
550 725 826 793 ἐφθέγξω,
859 726 972 780 ἀλλ’
1002 727 1030 776 6
1071 727 1337 796 μακάριος
1387 725 1624 791 Μωῦσῆς
1671 722 1769 772 οὐκ

197 804 532 874 ἡκολούθησέ
563 823 654 857 σου
677 811 743 877 τῇ
773 807 935 872 λέξει,
965 807 1327 880 ἀλλ’ἐκήρυξέ
1355 823 1448 858 σου
1469 805 1567 875 τὴν
1593 801 1767 867 ἀξίαν,

195 886 361 950 ἱδειξε
388 888 490 956 τὴν
526 888 830 952 αὑθεντίαν,
873 891 1136 959 ἐγνώρισέ
1168 908 1261 943 σου
1304 890 1401 960 τὴν
1430 885 1766 940 δυναστείαν.

196 971 353 1036 Λέγει
386 969 466 1039 τῷ
503 969 616 1038 λαῷ
657 971 714 1023 ἐν
742 971 819 1041 τῷ
859 974 1260 1043 Δευτερονομίῳ
1292 991 1305 1004 ·
1339 971 1598 1024 Ἔδωκεν
1629 968 1771 1034 ὑμῖν

195 1054 409 1118 Κύριος
442 1055 476 1106 ό
521 1052 663 1118 Θεὸς
695 1055 946 1120 καρδίαν
992 1055 1242 1121 ειδέναι,
1299 1054 1397 1107 καὶ
1426 1051 1771 1120 ὀφθαλμοὺς

188 1134 466 1196 βλέπειν,
495 1134 590 1186 καί
615 1130 734 1187 ὦτα
763 1136 1024 1201 ἀκούειν,
1041 1137 1150 1202 ἕως
1163 1137 1272 1204 τῆς
1285 1135 1510 1204 ἡμέρας
1530 1135 1766 1200 ταύτης.

259 1222 334 1284 η’.
382 1216 547 1284 Ὁρᾷς
585 1218 665 1269 ὅτι
696 1218 948 1287 καρδίαν,
998 1221 1091 1273 καὶ
1126 1219 1470 1289 ὀφθαλμοὺς,
1499 1217 1593 1271 καὶ
1619 1212 1767 1280 ὦτα,

193 1297 285 1348 καὶ
317 1296 387 1349 τά
421 1298 598 1350 πάντα
631 1300 660 1350 6
707 1299 868 1362 αὐτὸς
898 1300 1117 1368 δίδωσι;
1159 1301 1282 1364 Πῶς
1310 1297 1403 1353 οὖν
1434 1301 1462 1352 ὁ
1493 1300 1562 1352 τὰ
1594 1298 1770 1351 πάντα

191 1377 365 1439 διδοὺς
399 1379 592 1446 ἔλεγε,
645 1382 740 1445 Τίς
775 1380 952 1434 δώσει
1003 1382 1082 1446 τῷ
1113 1381 1241 1446 λαῷ
1287 1385 1475 1448 τούτῳ
1523 1382 1771 1448 καρδίαν

193 1463 515 1527 τοιαύτην;
550 1460 698 1536 [455]
733 1462 848 1525 πῶς
881 1463 936 1515 δὲ
963 1463 1145 1526 πάλιν,
1172 1468 1218 1517 εί
1251 1466 1324 1536 μὴ
1348 1465 1506 1527 αὐτὸς
1534 1459 1599 1533 ἦν
1625 1466 1650 1515 6
1688 1463 1769 1515 δι-

190 1541 310 1604 δοὺς
334 1542 588 1611 καρδίαν,
619 1543 768 1610 ἔλεγε
793 1544 878 1596 διὰ
906 1545 998 1597 τοῦ
1037 1544 1296 1616 ἰεξεκιήλ
1315 1565 1328 1577 ·
1357 1546 1465 1600 Καὶ
1483 1545 1770 1597 ἐκσπάσω

190 1624 258 1686 ἐξ
296 1623 502 1677 αὐτῶν
551 1623 665 1690 τὴν
709 1625 955 1693 καρδίαν
1002 1627 1115 1695 τὴν
1153 1630 1412 1696 λιθίνη-ν,
1460 1628 1558 1681 καὶ
1601 1626 1772 1678 δώσω

191 1705 396 1771 αὐτοῖς
434 1705 684 1773 καρδίαν
729 1710 1045 1775 σαρκίνην,
1084 1711 1182 1762 καὶ
1217 1710 1422 1779 γράψω
1452 1710 1555 1763 τὸν
1586 1713 1772 1776 νόμον

185 1807 303 1858 μου
339 1790 409 1842 ἐν
440 1789 569 1854 ταῖς
598 1789 864 1858 καρδίαις
896 1791 1126 1854 αὑτῶν;
1154 1793 1363 1863 Ὥσπερ
1404 1789 1496 1846 οὖν
1535 1795 1650 1844 ἐκεῖ
1677 1792 1766 1843 αὺ-

192 1872 282 1934 τδς
310 1874 337 1925 ό
365 1872 523 1935 Θεὸς,
556 1875 584 1924 6
617 1871 913 1942 δυνάμενος
948 1872 1128 1926 δοῦναι
1164 1875 1389 1944 καρδίαν
1418 1874 1647 1944 ἀγαθὴν,
1688 1875 1774 1927 λέ-

191 1972 277 2021 γει
299 1970 312 1983 ·
356 1956 456 2019 Τίς
476 1954 656 2008 δώσει
680 1973 695 2021 ;
730 1955 899 2018 οὕτως
930 1957 1024 2008 καὶ
1045 1958 1072 2007 6
1093 1957 1396 2027 Μονογενὴς
1416 1956 1508 2009 τοῦ
1538 1956 1771 2025 Πατρδς,

193 2040 252 2090 ἐν
284 2037 507 2106 ἐξουσίᾳ
538 2037 762 2107 πληρῶν
792 2037 890 2107 τὴν
918 2039 1264 2108 οίκουμένην,
1292 2040 1386 2092 καὶ
1430 2039 1601 2107 λέγων
1635 2038 1774 2109 μετά

192 2118 502 2181 αὑθεντίας,
547 2119 868 2179 Ἐξουσίαν
893 2121 1010 2185 ἔχω
1037 2121 1223 2174 θεῖναι
1251 2122 1366 2188 τὴν
1395 2120 1606 2189 ψυχήν
1629 2138 1772 2189 μου,

193 2201 290 2254 καὶ
328 2201 623 2264 ἐξουσίαν
651 2201 769 2267 ἔχω
797 2202 1005 2255 λαϐεῖν
1030 2204 1246 2270 αὐτὴν,
1289 2205 1642 2274 ἀποκρίνεται
1678 2205 1776 2259 πά-

192 2285 272 2338 λιν
299 2283 378 2354 τῷ
423 2283 748 2353 ἀνθρωπίνῳ
783 2286 1052 2354 σχήματι,
1081 2287 1146 2337 ἐκ
1177 2287 1470 2354 προσώπου
1498 2287 1595 2356 τῆς
1636 2287 1776 2340 κατὰ

195 2367 374 2436 σάρκα
409 2365 694 2429 ἀσθενείας
733 2366 933 2433 λέγων·
970 2369 1036 2419 El
1085 2365 1384 2431 δυνατὸν,
1427 2367 1776 2434 παρελθάτω

193 2449 292 2502 ἀπ’
316 2448 465 2516 ἐμοῦ
504 2448 568 2500 τὸ
604 2446 909 2515 ποτήριον.
951 2449 1044 2518 Μὴ
1072 2449 1251 2502 τοίνυν
1298 2451 1680 2517 συκοφαντεῖτε
1706 2449 1775 2502 τά

197 2531 269 2598 μὴ
316 2529 618 2599 λεγόμενα,
663 2530 797 2583 άλλά
840 2535 1099 2601 στοιχεῖτε
1147 2535 1260 2595 τοῖς
1309 2533 1731 2601 κηρυττομένοις
1757 2549 1771 2562 ·

198 2613 269 2682 μὴ
294 2612 610 2664 διαϐάλλετε
634 2612 729 2681 τὴν
758 2612 1123 2676 διδασκαλίαν,
1160 2614 1235 2684 μὴ
1265 2613 1777 2682 καταλαμϐάνοντες

202 2697 288 2765 τὴν
319 2696 546 2748 ἐννοιαν.
591 2691 721 2747 υἷδα
754 2696 915 2748 πόθεν
957 2698 1036 2759 είς
1065 2698 1317 2767 διαϐολὴν
1352 2697 1732 2760 ἐξολισθαίνεις
1757 2715 1770 2728 ·

198 2774 306 2832 οἶδα
332 2778 508 2831 ταῦτα
554 2778 718 2831 πόθεν
762 2778 1012 2848 πάσχεις.
1062 2779 1424 2849 Ἀνθρώπινον
1471 2781 1532 2832 τὺ
1581 2781 1771 2843 πάθος.

198 2859 463 2929 βασκανία
506 2863 538 2928 ἡ
577 2861 754 2922 νόσος.
807 2862 1016 2931 Ὥσπερ
1049 2863 1157 2932 γὰρ
1205 2865 1232 2914 6
1264 2862 1573 2930 ὀφθαλμὸς,
1605 2863 1700 2913 ἐὰν

197 2943 465 3013 καθαρὸς,
505 2943 679 2994 πάντα
715 2942 850 3011 ὀρθὰ
904 2943 1088 3012 βλέπει
1121 2946 1214 2996 καὶ
1247 2943 1547 3011 διακρίνει,
1583 2944 1677 2995 ἐάν
1710 2942 1767 2994 δὲ

196 3027 398 3087 καπνὸς
420 3023 728 3093 ἐπεισέλθῃ,
747 3024 838 3076 καὶ
851 3023 1155 3094 λυμήνηται
1175 3028 1242 3077 τά
1264 3025 1433 3096 κάλλη
1457 3025 1554 3094 τῆς
1574 3025 1773 3093 ὅψεως,

195 3107 224 3176 ἢ
259 3106 540 3175 κονιορτὸς
575 3107 787 3176 ἐμπέσῃ
807 3147 821 3171 ,
849 3105 1114 3175 ἀμϐλύνει
1143 3107 1241 3176 τὴν
1264 3105 1407 3175 δψιν,
1443 3106 1537 3160 καὶ
1563 3107 1624 3158 οὐ
1651 3105 1774 3176 βλέ-

194 3205 280 3240 πει
308 3188 513 3250 καλῶς,
542 3186 617 3250 ῶς
640 3185 744 3257 1:96
767 3187 954 3239 :06:ou
983 3188 1209 3244 ἔϐλεπεν
1233 3190 1407 3258 ὀρθῶς
1432 3207 1445 3220 ·
1481 3188 1654 3250 οὕτως
1678 3186 1772 3240 καὶ

195 3269 285 3322 νῦν
331 3271 443 3322 τῶν
478 3269 760 3340 ἀκροατῶν
804 3270 1054 3333 ἕκαστος,
1087 3270 1192 3333 ἕως
1237 3271 1476 3341 καθαρὸν
1507 3271 1619 3340 ἔχει
1673 3270 1768 3322 πί-

198 3369 364 3414 στεως
394 3351 549 3420 δμμα
571 3390 585 3412 ,
624 3351 861 3422 καθαρὸν
885 3352 1106 3422 ἀγάπης
1147 3352 1409 3422 βλέφαρον
1428 3392 1442 3415 ,
1469 3353 1644 3422 ὀρθῶς
1679 3355 1773 3406 καὶ

196 3433 452 3502 καθαρῶς
490 3433 624 3502 ὁρᾷ·
655 3433 750 3484 ἐάν
779 3434 833 3486 δὲ
863 3433 1068 3495 καπνὸς
1102 3433 1449 3503 βλασφημίας
1480 3435 1772 3504 ἐπεισέλθῃ

194 3519 301 3578 τοῖς
352 3515 668 3584 λεγομένοις
689 3553 702 3573 ,
731 3515 762 3584 ἦ
796 3516 1068 3584 κονιορτὸς
1116 3517 1415 3586 βασκανίας
1461 3519 1560 3588 τὴν
1595 3517 1773 3588 ψυχήν

195 3597 486 3668 ὑποδρά;ιῃ
509 3637 525 3659 ,
571 3596 711 3648 θολοῖ
754 3597 852 3666 τὴν
881 3597 1022 3665 ὄψιν,
1055 3598 1148 3650 καὶ
1169 3599 1418 3665 ἀφανίζει
1453 3599 1514 3651 :6
1534 3600 1772 3670 καθαρὸν

194 3679 287 3749 τῆς
326 3678 598 3742 διανοίας,
647 3680 739 3732 καὶ
784 3679 819 3732 ἀ
871 3681 946 3750 μὴ
991 3681 1242 3749 ήκουσεν,
1287 3682 1537 3751 ήκουσεν,
1593 3684 1686 3735 καὶ
1738 3684 1773 3736 ὃ.

192 3765 427 3832 ήκουσεν
447 3801 460 3823 ,
490 3761 551 3812 οὐ
582 3761 759 3822 καλῶς
781 3762 1018 3830 ἐνόησεν.
1072 3762 1230 3816 Ὅθεν
1275 3764 1556 3833 προειδυῖα.
1589 3767 1620 3835 ὴ
1653 3765 1770 3818 θεία

193 3843 385 3915 Γραφὴ
421 3843 492 3895 :6
536 3842 940 3913 προσκόμματα
985 3845 1093 3897 τῶν
1127 3845 1426 3914 μελλόντων
1467 3849 1531 3916 τῇ
1561 3847 1772 3918 διανοίᾳ

194 3926 563 3997 προσκόπτειν
592 3927 700 3988 τοῖς
743 3929 906 3996 ίεροῖς
939 3933 1248 3999 γράμμασι,
1278 3929 1371 3981 καί
1419 3929 1519 3980 πού
1556 3947 1638 3992 τις
1663 3930 1771 3983 τῶν

192 4008 492 4080 προφητῶν
524 4009 671 4072 ἐϐόα,
700 4012 834 4078 μετά
855 4011 914 4062 :6
939 4011 1222 4081 πληρῶσαι
1242 4013 1302 4065 :6
1324 4013 1464 4064 θεῖον
1487 4017 1768 4084 κήρυγμα·

197 4095 289 4158 Τίς
319 4091 541 4160 σοφὸς,
575 4090 672 4143 καί
709 4092 970 4157 συνήσει
1008 4093 1225 4154 ταῦτα;
1252 4095 1348 4146 καὶ
1386 4095 1541 4162 ἀνὴρ
1571 4098 1774 4162 φρόνι-

186 4194 320 4245 μος,
349 4175 451 4227 καὶ
470 4173 756 4243 γνώσεται
778 4175 963 4232 ταῦτα
985 4192 1003 4238 ;
1031 4178 1159 4229 Ὅτι
1181 4177 1399 4230 εὐθεῖαι
1419 4182 1472 4230 οί
1501 4179 1625 4231 όδοί
1655 4183 1771 4231 Κυ-

187 4261 346 4328 ρίου,
384 4258 607 4310 δίκαιοι
642 4259 1037 4324 πορεύσονται
1078 4261 1147 4312 ἐν
1188 4260 1416 4325 αὐταῖς.
1454 4261 1545 4330 Μὴ
1569 4261 1767 4322 τοίνυν,

194 4341 416 4409 ἀδελφέ,
446 4338 769 4408 μεθάρπαζε
806 4341 1026 4409 ῥήματα
1060 4343 1139 4403 είς
1173 4342 1597 4411 προσ-κόμματα.
1664 4344 1768 4395 Γυ-

193 4425 319 4491 μνὸς
354 4424 382 4475 6
411 4421 586 4488 λόγος,
612 4421 791 4490 γυμνὴ
812 4424 844 4491 ἡ
868 4422 1111 4491 ἀλήθεια.
1143 4425 1253 4488 Οὐχ
1281 4419 1379 4487 εἷς,
1409 4425 1469 4475 οὐ
1499 4425 1765 4494 δεύτερος,

189 4507 248 4557 οὐ
275 4506 506 4565 δέκατος
531 4541 544 4563 ,
584 4503 682 4572 οὐχ
722 4504 1011 4567 ἐκατοστὸς
1036 4507 1063 4556 ὁ
1093 4504 1357 4567 ἀκούσας,
1391 4506 1592 4575 πλῆθός
1621 4508 1768 4560 ἐστιν

190 4588 419 4656 ἄπειρον
447 4597 497 4645 θ,
533 4583 731 4653 πλῆθος
753 4583 1140 4654 ἀναρίθμητον.
1170 4587 1408 4655 Πέλαγός
1441 4591 1586 4639 ἐστιν
1614 4589 1769 4640 εὐσε-

191 4671 342 4733 ϐείας
381 4671 416 4739 ἡ
447 4667 762 4737 Ἐκκλησία,
789 4670 849 4720 οὺ
879 4671 1134 4738 κυμάτων
1161 4671 1607 4740 πεπληρωμένον,
1633 4671 1768 4724 ἀλλὰ

253 4845 278 4874 ⁸
303 4843 446 4892 Hunc
465 4841 523 4890 ad
564 4853 724 4890 sacras
745 4841 1005 4890 conciones
1032 4855 1317 4892 concursum
1361 4846 1631 4892 auditorum
1657 4847 1767 4890 ὠθι-

191 4906 326 4966 σμὸν,
349 4905 520 4964 θλίψιν,
535 4904 864 4966 στενοχωρίαν,
890 4916 1020 4966 εωρε
1039 4904 1766 4966 memoraulPalrcs,prz£cipue

193 4963 561 5026 n'oslermotlue
586 4965 648 5010 de
673 4963 807 5026 more
827 4977 933 5010 cum
959 4963 1230 5026 Christiano
1258 4965 1393 5026 Lupo
1416 4963 1596 5026 accipio
1614 4963 1766 5026 νει-ὕει

192 5024 406 5073 Νθειοτὶἰ
431 5044 441 5071 :
472 5025 632 5090 Pareo
658 5022 1053 5091 enignLquoniam
1074 5031 1117 5091 οι
1140 5037 1227 5086 ego
1248 5022 1385 5091 valde
1408 5022 1765 5091 sum'goligqmw

188 5092 234 5136 et
258 5099 338 5134 vos
361 5085 556 5133 omnino
577 5085 946 5146 constricti;seu
960 5097 1022 5130 ex
1049 5086 1141 5132 alia
1165 5085 1405 5140 νετςὶοηε,
1427 5085 1766 5146 εοηδιίριῐιίοηε

192 5145 438 5203 laboratis,
453 5158 615 5207 graece
637 5145 969 5207 proculdubio
986 5146 1301 5206 σφιγγόμενοι.
1330 5146 1380 5194 In
1394 5145 1600 5196 nomina
1629 5147 1763 5196 Pauli

1159 359 1226 414 1N
1264 358 1500 427 ILLUD,
1541 359 1608 414 IN
1640 360 1782 427 QUA
1825 359 2254 426 POTESTATE,
2294 359 2453 415 ETC.

3331 383 3444 438 4‘28

1876 478 2110 541 πίστεως
2151 480 2339 548 γέμον.
2375 480 2450 532 O6
2492 471 2718 544 ναυαγεῖ
2745 478 2875 548 παρ’
2915 479 3046 548 ἡμῖν
3075 478 3135 530 :6
3163 478 3260 549 τῆς
3302 479 3448 533 διδασ-

1878 559 2107 621 σκαλίας
2141 563 2367 628 σκάφος,
2392 561 2453 611 οὐ
2476 559 2755 624 τύπτεται,
2781 560 2852 610 06‘
2870 559 3216 629 ταράττεται,
3247 559 3308 611 οὐ
3341 577 3448 629 χει-

1879 640 2108 708 μάζεται
2129 659 2143 672 ο
2191 642 2305 694 ἀλλ’
2344 643 2420 703 ὡς
2452 641 2626 694 εὖδιον
2663 640 2857 710 λιμένα
2883 642 2960 702 είς
2992 641 3090 703 τάς
3128 641 3304 709 ψυχὰς
3339 640 3450 693 τῶν

1875 721 1965 774 τὸν
1997 721 2195 791 Κύριον
2223 719 2560 789 ἀγαπώντων
2591 721 2896 789 ὁρμίζεται.
2941 721 3101 771 Ἀλλά
3139 720 3312 773 ταῦτα
3344 721 3444 790 μὲν

1876 805 1955 865 είς
1977 805 2250 859 τοσοῦτον.
2296 804 2502 856 Ἐκεῖνο
2533 803 2588 855 δὲ
2612 803 2692 854 δεῖ
2713 804 2954 866 σκοπεῖν,
2989 803 3069 854 6::
3100 803 3150 853 οί
3183 802 3326 869 ἅγιοι
3352 801 3449 856 τοῦ

1876 885 2010 938 Θεοῦ
2041 887 2403 939 ὑποπίπτουσι
2425 885 2826 953 συκοφαντίαις.
2860 881 2925 936 Τί
2945 883 3005 936 :6
3039 883 3372 952 θαυμαστὸν,
3400 884 3450 936 εί

1877 971 2038 1039 ἡμεῖς
2068 969 2117 1021 οί
2145 968 2402 1032 εὐτελεῖς,
2432 968 2526 1021 καὶ
2548 969 2812 1031 ταπεινοὶ,
2836 968 2931 1020 καὶ
2960 967 3021 1019 τὸ
3047 967 3230 1036 μηδὲν,
3271 967 3348 1030 ὡς
3373 969 3452 1020 ει-

1877 1053 2019 1111 πεῖν,
2058 1052 2238 1112 ὄντες,
2265 1047 2745 1117 συκοφαντούμεθα
2771 1064 2784 1112 ;
2814 1049 2885 1100 ’Ἦ
2913 1049 3012 1101 οὐκ
3042 1049 3279 1118 ἤκουσας
3329 1047 3452 1110 πῶς

1875 1135 1904 1185 6
1934 1133 2097 1186 Δαυῖδ
2148 1150 2310 1203 φησι·
2354 1132 2568 1186 Ῥῦσαί
2605 1149 2682 1200 με
2731 1132 2846 1186 ἀπὸ
2886 1133 3298 1199 συκοφαντίας
3345 1132 3450 1185 ἁν-

1877 1216 2124 1283 θρώπων
2139 1233 2160 1281 ;
2202 1213 2755 1285 Ἐσυκοφαντήθησαν
2783 1215 2877 1266 καὶ
2896 1214 2945 1266 οί
2971 1214 3114 1281 ἅγιοι
3143 1213 3234 1265 τοῦ
3265 1213 3450 1282 Σωτῆ-

1878 1318 1970 1370 ρος
1998 1299 2305 1357 ἀπόστολοι,
2326 1298 2402 1360 ώς
2427 1297 2578 1364 ἐλεγε
2605 1299 2698 1350 καὶ
2724 1299 2751 1349 6
2777 1297 3044 1368 μακάριος
3069 1295 3276 1358 Παῦλος
3292 1311 3303 1322 ·
3336 1294 3450 1348 Kal

1871 1381 1980 1451 μὴ,
2004 1380 2198 1446 καθὼς
2213 1381 2756 1448 βλασφημούμεθα,
2778 1378 2873 1431 καί
2899 1378 3090 1443 καθώς
3112 1379 3263 1444 φασί
3291 1394 3452 1443 τινες

1876 1462 2033 1532 ἡμᾶς
2058 1462 2274 1531 λέγειν,
2306 1462 2394 1515 ὅτι
2423 1461 2772 1530 Ποιήσωμεν
2793 1461 2864 1513 τὰ
2886 1461 3055 1526 κακὰ,
3086 1462 3187 1514 ἵνα
3210 1459 3357 1527 ἔλθῃ
3379 1462 3452 1513 τὰ

1876 1547 2085 1616 ἀγαθά.
2114 1546 2188 1598 06
2214 1545 2484 1613 λυποῦμαι
2513 1543 2650 1614 μετὰ
2670 1543 2778 1595 τῶν
2808 1543 2976 1609 άγίων
3015 1558 3452 1610 συκοφαντουμε-

1877 1645 1966 1691 νος
1991 1667 2004 1688 ,
2040 1628 2088 1679 εί
2130 1627 2224 1679 καὶ
2263 1625 2480 1690 ἀνάξιός
2525 1627 2639 1693 είμι
2674 1624 2781 1676 τῶν
2817 1624 3007 1691 ἁγίων.
3055 1624 3202 1692 Ἐχω
3244 1624 3451 1687 πάντας

1879 1711 2023 1778 ὑμᾶς
2052 1708 2265 1780 κριτὰς,
2301 1709 2395 1760 καὶ
2425 1706 2531 1776 πρὸ
2565 1707 2785 1758 πάντων
2815 1707 2968 1775 ὑμῶν
2988 1706 3078 1759 τὸν
3100 1707 3274 1758 κοινὸν
3294 1707 3451 1775 ήμ⁶ῶν

1877 1793 2117 1862 Πατέρα,
2148 1789 2300 1861 [454⁵1
2334 1790 2395 1842 οὐ
2423 1787 2686 1858 προλήψει
2721 1788 2992 1858 κρίνοντα,
3023 1787 3136 1840 ἀλλ’
3165 1788 3341 1857 ἐννοίᾳ
3367 1788 3448 1839 δι-

1876 1874 2132 1939 κάξοντα.
2165 1870 2320 1926 Οἶδεν
2351 1872 2509 1942 ήμῶν
2537 1872 2606 1923 :6
2643 1872 2908 1939 νοήματα,
2953 1869 3207 1937 γνωρίζει
3249 1872 3341 1920 καὶ⁸
3381 1868 3452 1922 τά

1877 1958 2098 2026 ῥήματα
2122 1997 2137 2020 ,
2177 1957 2260 2008 ὅτι
2299 1954 2357 2020 ἐξ
2401 1952 2564 2006 αὑτοῦ
2599 1951 2997 2021 ἐπαιδεύθημεν
3041 1950 3233 2003 ταῦτα.
3279 1951 3452 2004 Ἀντι-

1877 2039 2140 2107 ϐάλλομεν
2169 2039 2309 2107 πρὸς
2330 2038 2503 2105 ὑμᾶς,
2535 2037 2582 2086 εί
2607 2033 2894 2086 ἐπέλειπτο
2929 2034 2956 2073 ιι
2987 2034 3093 2085 τῶν
3123 2033 3448 2102 είρημένων,

1875 2121 2165 2191 διορθῶσαι
2205 2120 2272 2172 τά
2300 2118 2565 2189 εἰρημένα
2583 2134 2596 2147 ο
2627 2115 2740 2167 ἀλλ’
2765 2117 2861 2184 οὐχ
2896 2116 3214 2170 ύπελάϐετο.
3251 2117 3314 2168 Εἰ
3342 2117 3452 2186 γάρ

1875 2199 1967 2256 οὖν
2006 2201 2384 2272 διωρθώσατο,
2421 2201 2481 2251 οὐ
2539 2197 2730 2267 μισῶν,
2784 2197 2918 2250 ἀλλά
2954 2197 3181 2265 ἀγαπῶν
3204 2215 3217 2226 ·
3252 2198 3310 2250 ὃν
3343 2197 3451 2266 γάρ

1877 2286 2071 2354 ἀγαπᾷ
2107 2283 2319 2353 Πατὴρ,
2356 2281 2604 2350 ἐλέγχει·
2635 2278 2693 2331 ὃν
2731 2279 2786 2331 δὲ
2823 2280 2883 2332 οὐ
2922 2279 3266 2349 διορθοῦται,
3317 2281 3452 2330 ἀπο-

1879 2368 2191 2436 στρέφεται.
2232 2365 2290 2416 ὐ
2324 2364 2380 2416 δὲ
2409 2362 2708 2432 θαυμάσιος
2748 2355 2902 2423 οὗτος
2928 2362 3116 2430 Πατὴρ
3146 2362 3236 2413 καὶ
3256 2359 3324 2414 :6
3355 2376 3452 2413 κα-

1875 2447 1983 2510 λῶς
2010 2447 2280 2516 λεγόμενα
2321 2444 2665 2514 ἀποδέχεται,
2694 2445 2788 2495 καὶ
2823 2446 2932 2506 τοῖς
2973 2443 3328 2511 ἐσφαλμένοις
3353 2443 3452 2494 ἐπα

1878 2529 1999 2596 άγει
2023 2529 2118 2596 τὴν
2143 2525 2620 2597 διόρθωσιν.ἰ“οῦτο
2640 2525 2748 2595 γὰρ
2765 2525 2972 2594 Πατρὺς
3002 2525 3147 2585 ίδιον,
3166 2523 3451 2593 βραϐεύειν

1876 2613 1985 2663 τοῖς
2028 2610 2210 2672 καλῶς
2245 2609 2585 2678 λεγομένοις,
2621 2609 2713 2660 καὶ.
2755 2607 2891 2675 μετὰ
2926 2608 3158 2668 πίστεως
3181 2623 3449 2676 κηρυττο-

1880 2694 2080 2762 μένοις.
2129 2692 2312 2762 Ἀρκεῖ
2337 2692 2516 2742 τοίνυν
2554 2689 2673 2741 ἀντὶ
2712 2689 2927 2740 πάντων
2959 2690 2990 2757 ή
3022 2687 3198 2755 ψῆφος
3242 2688 3408 2738 αὑτοῦ
3431 2726 3449 2752 ,

1877 2775 1971 2827 καὶ
2007 2773 2114 2843 πρὸ
2162 2773 2326 2825 αὑτοῦ
2361 2771 2520 2824 πάλιν
2553 2773 2587 2838 ἡ
2626 2769 2719 2821 :06
2763 2769 3027 2836 παναγίου
3062 2768 3220 2820 Θεοῦ.
3286 2767 3452 2837 Ἐχώ-

1880 2855 2019 2922 μεθα
2044 2856 2099 2905 δὲ
2138 2857 2232 2922 τῆς
2265 2853 2543 2912 εὐσεϐείας
2568 2889 2582 2912 ,
2613 2849 2934 2918 φυλάξωμεν
2973 2850 3069 2917 τὴν
3109 2849 3290 2900 πίστιν
3325 2850 3452 2902 ἀσα-

1878 2934 2083 2988 λευτον.
2125 2933 2416 2986 Πιστεύετε
2455 2937 2520 2999 τῇ
2552 2930 2798 3000 ἀληθείᾳ,
2819 2931 2913 2981 καὶ
2945 2931 3018 2998 μὴ
3048 2930 3353 2996 ἀντιλέγετε
3381 2935 3448 3001 τῇ

1879 3017 2127 3087 ἀληθείᾳ.
2162 3016 2252 3086 Μὴ
2293 3015 2655 3086 παραγράφου
2683 3014 2780 3083 τὴν
2813 3011 2992 3063 πίστιν
3012 3049 3026 3073 ,
3070 3011 3144 3080 μὴ
3172 3013 3452 3080 πολυπρα-

1879 3101 2068 3167 γμόνει
2095 3101 2194 3168 τὴν
2214 3099 2363 3152 θείαν
2397 3098 2580 3167 φύσιν,
2614 3096 2688 3166 μὴ
2710 3095 2984 3166 ὑποϐάλῃς
3014 3095 3292 3163 λογισμοῖς
3318 3096 3449 3165 θνη-

1877 3186 1987 3246 τοῖς
2007 3183 2104 3252 τὴν
2127 3183 2390 3234 ἀθάνατον
2413 3181 2588 3244 ἀξίαν.
2629 3179 2959 3248 Ἐπισφαλὴς
2981 3181 3013 3247 ἠ
3040 3179 3148 3229 τῶν
3175 3178 3449 3246 λογισμῶν

1877 3265 1992 3328 ὁδός
2015 3282 2028 3294 '
2064 3265 2313 3334 ἀσφαλὴς
2357 3265 2452 3316 καὶ
2490 3262 2684 3331 βεϐαία
2719 3263 2752 3330 ή
2801 3261 2978 3312 ἔννοια
3012 3261 3107 3329 τῆς
3158 3260 3300 3312 κατά
3346 3261 3447 3329 τὴν

1879 3349 2058 3400 πίστιν
2094 3349 2400 3416 ὁμολογίας.
2444 3347 2509 3397 Ἠ
2559 3343 2762 3413 ἀληθὴς
2811 3343 2969 3409 σοφία
3000 3344 3033 3412 ὴ
3064 3342 3247 3404 πίστις
3280 3344 3447 3396 ἐστίν.

1879 3431 2078 3482 Ἀκουε
2104 3429 2157 3481 τί
2187 3447 2319 3497 φησι
2362 3429 2422 3480 τὸ
2453 3427 2594 3480 θεῖον
2622 3426 2799 3493 λόγιον
2825 3439 2838 3454 ⁸
2875 3424 3003 3478 Κᾶν
3032 3425 3140 3493 γὰρ
3172 3419 3210 3494 ᾖ
3241 3443 3330 3490 τις
3358 3425 3451 3478 τέ-

1874 3514 2037 3575 λειος
2067 3511 2136 3563 ἐν
2159 3511 2311 3576 υἱοῖς
2356 3509 2702 3576 ἀνθρώπων,
2737 3504 2843 3571 τῆς
2866 3507 3025 3574 παρὰ
3069 3507 3185 3560 σοῦ
3228 3509 3450 3574 σοφίας

1874 3594 2173 3661 ἀπούσης,
2201 3595 2286 3658 εὶς
2307 3591 2487 3645 οὐδὲν
2510 3589 2951 3659 λογισθήσεται.
2987 3589 3156 3656 Φεῦγε
3188 3591 3255 3641 :6
3286 3589 3452 3660 ζητή-

1881 3693 2042 3747 ματα,
2070 3678 2163 3729 καὶ
2195 3675 2270 3745 μὴ
2293 3674 2532 3744 προτίμα
2560 3674 2661 3741 τῆς
2685 3672 2918 3735 πίστεως
2943 3673 3011 3724 τά
3037 3673 3103 3742 ρή
3115 3689 3278 3741 ματα.
3311 3673 3452 3725 Παῦ-

1878 3762 1965 3812 λον
1995 3759 2083 3828 ἔχε
2125 3758 2459 3818 διδάσκαλον,
2502 3756 2708 3824 Πέτρον
2737 3755 3041 3824 ἐπιγράφου
3095 3753 3448 3824 καθηγητήν·

1877 3846 1940 3912 τῇ
1967 3843 2144 3894 πίστει
2174 3841 2397 3892 ἐκείνων
2419 3836 2859 3907 ἐξακολούθησον.
2893 3839 3089 3889 Ἀκουε
3124 3837 3331 3907 Πέτρου
3365 3838 3452 3889 λέ-

1879 3940 2065 3990 γοντος
2089 3939 2101 3954 ⁸
2140 3922 2224 3976 Σὺ
2261 3917 2319 3974 εἷ
2354 3924 2386 3974 ό
2415 3920 2696 3988 Χριστὸς,
2735 3923 2766 3972 ό
2823 3919 2955 3984 Υίὸς
2997 3919 3101 3972 τοῦ
3142 3919 3292 3972 Θεοῦ
3343 3919 3451 3972 τοῦ

1880 4004 2113 4070 ζῶντος.
2168 4003 2473 4056 Ἀκολούθει
2503 4004 2579 4071 τῷ
2615 4002 2840 4072 Παύλῳ,
2870 4002 3056 4067 σαφῶς
3082 4001 3170 4053 τὸν
3190 4002 3283 4054 τοῦ
3311 3999 3447 4053 Θεοῦ

1880 4088 2005 4140 Υίὸν
2033 4086 2374 4157 ἀνυμνοῦντι,
2395 4089 2488 4139 καὶ
2517 4090 2588 4155 πῆ
2617 4087 2712 4154 μὲν
2739 4086 2968 4153 λέγοντι,
2991 4087 3072 4137 ὅτι
3110 4084 3450 4153 Ἐλάλγρσεν

1878 4171 2020 4237 ἡμῖν
2037 4173 2068 4223 ό
2087 4170 2224 4231 Θεὸς
2239 4171 2307 4222 ὲν
2331 4169 2458 4234 Υίῷ,
2479 4165 2635 4223 δι’οὗ
2652 4167 2908 4232 καὶτοὺς
2923 4167 3142 4231 αἰῶνας
3164 4167 3412 4234 ἐποίησε
3432 4186 3446 4197 ·

1877 4252 1944 4316 ὃς
1976 4251 2062 4303 ὢν
2087 4252 2453 4319 ἀπαύγασμα
2481 4251 2591 4315 τῆς
2619 4249 2804 4314 δόξης
2824 4291 2836 4312 ,
2875 4250 2973 4301 καὶ
3000 4249 3304 4315 χαρακτὴρ
3337 4249 3446 4314 τῆς

1877 4335 2284 4398 ὑποστάσεως,
2311 4333 2504 4400 φέρων
2525 4349 2586 4383 τε
2618 4333 2689 4383 τὰ
2720 4330 2917 4384 πάντα
2938 4332 3016 4393 τῷ
3040 4333 3199 4398 λόγῳ
3219 4331 3329 4398 τῆς
3349 4332 3451 4384 δυ-

1874 4419 2103 4485 νάμεως
2134 4416 2318 4469 αὑτοῦ
2341 4431 2354 4443 ·
2382 4418 2458 4484 πῆ
2485 4417 2541 4468 δὲ
2567 4415 2728 4466 πάλιν
2762 4415 3105 4484 κηρύττοντι,
3137 4417 3195 4466 ἐν
3224 4415 3300 4482 τῷ
3321 4414 3448 4482 περὶ

1888 4501 2152 4552 Ἰουδαίων
2176 4515 2188 4527 ⁸
2221 4495 2329 4550 Ὧν
2350 4503 2401 4552 οί
2428 4498 2677 4565 πατέρες
2704 4498 2892 4565 ἡμῶν,
2925 4498 2992 4559 ἐξ
3024 4491 3109 4550 ὧν
3127 4497 3159 4546 ό
3195 4497 3450 4564 Χριστὸς

1875 4587 2023 4638 κατὰ
2046 4584 2262 4649 σάρκα,
2295 4588 2326 4638 ό
2351 4582 2435 4634 ὢν
2455 4582 2549 4634 ἐπὶ
2574 4583 2816 4634 πάντων
2839 4582 2982 4646 Θεὸς
3005 4584 3332 4650 εὐλογητὸς
3362 4583 3448 4643 εἰς

1873 4667 2014 4732 τοὺς
2039 4665 2256 4730 αἰῶνας
2285 4663 2402 4717 τῶν
2432 4664 2679 4717 αἰώνων.
2732 4663 2933 4732 Ἀμήν.

1873 4841 2089 4889 Emiseni
2121 4856 2130 4887 :
2161 4841 2453 4902 Στενοχωρία
2476 4843 2569 4887 τῶν
2610 4842 2849 4901 ἡμετέρων
2892 4842 3103 4902 ἀδελφῶν
3127 4841 3297 4902 ἕξωσεν
3321 4841 3447 4898 ἡμᾶς

1871 4906 1965 4949 τῶν
1986 4898 2392 4961 σκαμμάτων·’ὲυί
2427 4903 2626 4949 adsonat
2649 4898 2931 4961 '(Ere'gorius
2971 4898 3221 4959 Nyssenus
3256 4898 3446 4946 Oratio-

1872 4963 2015 5010 nibus
2036 4965 2082 5008 in
2105 4961 2164 5009 40
2207 4972 2462 5021 martyres.
2495 4962 2689 5010 (Ionsuli
2716 4977 2910 5022 quoque
2951 4963 3095 5009 velim
3125 4961 3448 5009 Sozomenum

1872 5023 1955 5070 lib.
1979 5024 2028 5082 8,
2055 5037 2153 5083 cap.
2180 5023 2226 5080 5,
2252 5024 2472 5070 eLVitam
2493 5025 2818 5082 (Zhrysoslomi
2847 5036 2935 5084 per
2958 5025 3278 5084 Anonymum.
3299 5035 3346 5068 η.
3367 5023 3440 5070 δῦ.

1870 5085 2099 5133 Cornea.

1932 5145 1958 5182 δ
1983 5145 2194 5194 Coleler.
2219 5147 2345 5206 conj.
2372 5145 2639 5201 ἐπείληπτο.
