3984 6446
519 357 634 413 429
1975 348 2098 406 SEV

2205 349 2344 407 IAN!

3654 379 3779 433 430

1949 967 2011 1026 Μ
2018 965 2210 1026 ΟΝΙΤ
2216 966 2330 1028 UM

587 1209 737 1285 [455]
756 1211 813 1264 In
839 1211 1096 1266 Vaticano
1115 1211 1315 1266 Codice
1345 1227 1496 1264 num.
1524 1210 1679 1276 1500,
1697 1211 1860 1281 inque
1885 1212 2004 1268 aliis
2024 1211 2416 1267 Codicibuslun
2443 1213 2732 1268 conciones
2749 1214 2973 1268 Joannis
2990 1214 3356 1285 Chrysostomi
3380 1214 3598 1269 nomine
3629 1231 3788 1271 com-

515 1314 743 1372 parent;
775 1303 824 1356 id
863 1303 1180 1358 curantibus
1210 1301 1465 1363 librariis,
1491 1309 1549 1354 ut
1578 1313 1816 1371 qua‘stus
1841 1317 2005 1355 causa
2033 1311 2238 1369 quanto
2279 1301 2431 1370 plura
2461 1311 2686 1370 possent
2723 1301 3092 1371 Chrysostomi
3145 1304 3364 1356 nomine
3394 1304 3783 1357 inscriberent.

516 1395 587 1448 At
621 1410 740 1448 esse
765 1393 1040 1448 Severiani
1064 1393 1303 1461 episcopi
1332 1392 1656 1446 Gabalorum
1685 1403 1893 1447 constat
1924 1412 1937 1447 :
1972 1395 2133 1461 idque
2164 1393 2469 1446 luculenter
2495 1394 2732 1446 declarat
2763 1393 2986 1448 Cosmas
3015 1393 3296 1463 {Egyptius
3320 1394 3370 1446 in
3405 1394 3788 1465 Topograpbia

516 1499 614 1539 sua
669 1485 972 1537 Christiana
1008 1498 1037 1535 a
1093 1483 1249 1536 nobis
1294 1483 1436 1536 edita
1465 1499 1608 1536 anno
1649 1484 1804 1548 1706,
1861 1485 1949 1537 ubi
2005 1501 2058 1552 p.
2093 1483 2216 1547 5:20,
2262 1491 2545 1553 postquam
2587 1483 2872 1552 Theophili
2933 1485 3278 1540 Alexandrini
3326 1485 3525 1554 aliquot
3571 1487 3687 1540 loca
3719 1502 3790 1541 ex

517 1574 774 1642 Epistolis
819 1572 1098 1626 festalibus
1137 1574 1408 1638 attulerat,
1462 1575 1529 1629 ad
1560 1574 1909 1630 Severianum
1946 1576 2270 1631 Gabalorum
2302 1577 2512 1636 transit.
2559 1591 2720 1644 quem
2753 1575 3038 1644 Theophili
3082 1577 3407 1646 συμμύστην
3444 1587 3598 1631 vocat
3638 1597 3652 1632 :
3689 1581 3790 1633 καὶ

517 1665 707 1719 τοῦτον
758 1666 813 1719 δὲ
847 1668 1316 1738 παραδραμόντες,
1360 1669 1452 1722 ἐπὶ
1498 1669 1587 1723 τὸν
1613 1671 1735 1723 κατ’
1759 1673 1933 1722 ἐκεῖνο
1971 1669 2163 1738 καιροῦ
2195 1669 2523 1740 συμμύστην
2565 1670 2654 1723 τὸν
2681 1669 2777 1739 τῆς
2807 1669 3067 1722 Γαϐἁλων
3107 1671 3403 1725 ἐπίσκοπον
3431 1673 3786 1741 Σευηριανὸν,

516 1758 796 1829 τέταρτον,
832 1760 1200 1828 μετέλθωμεν.
1245 1760 1432 1814 Verum
1466 1764 1560 1814 hoc
1609 1763 1822 1815 dimisso
1867 1761 2098 1827 (Theoplii

2245 1762 2314 1814 ad
2353 1761 2520 1812 alium
2551 1761 2658 1828 ipsi
2686 1761 2942 1829 (aqualem
2970 1770 3018 1814 et
3063 1771 3423 1831 symmystam,
3461 1761 3791 1816 Cabalorum

513 1849 714 1901 scilicet
748 1850 1043 1916 episcopum
1072 1847 1435 1914 Severianum,
1465 1859 1713 1919 quartum
1744 1866 1980 1912 numero,
2014 1859 2370 1902 transeamus.
2404 1848 2542 1902 Hinc
2575 1849 2742 1903 multa
2789 1849 3055 1919 longaque
3085 1849 3382 1919 fragmenta
3412 1850 3575 1918 hujus
3602 1851 3791 1918 operis

518 1944 586 1998 ad
627 1943 850 1996 verbum
886 1943 1074 2005 refert,
1102 1959 1222 2010 qua:
1257 1959 1358 1996 nos
1395 1943 1506 1995 suis
1531 1943 1666 1996 locis
1702 1943 2031 1997 contulimus
2064 1958 2188 1996 cum
2231 1952 2377 1996 textu
2419 1951 2628 1997 nostro.
2669 1945 2851 2011 Itaque
2873 1944 3148 1997 orationes
3170 1943 3446 1998 Severiani
3471 1944 3589 1998 sine
3619 1945 3792 1998 dubio

517 2041 671 2088 sunt.
710 2033 786 2086 De
821 2034 904 2086 liis
950 2033 1253 2087 audiendus
1288 2031 1522 2087 Savilius
1555 2034 1609 2087 in
1643 2033 1788 2088 notis
1818 2050 1873 2102 p.
1920 2034 2044 2096 871,
2091 2035 2180 2088 ubi
2215 2034 2280 2087 de
2318 2035 2641 2102 quibusdam
2673 2033 3009 2087 orationibus
3047 2034 3114 2086 ab
3145 2049 3203 2087 se
3254 2049 3376 2087 cum
3407 2032 3788 2102 Cbrysostomi

517 2126 779 2194 operibus
804 2125 966 2180 editis
993 2141 1159 2197 agens
1203 2127 1281 2180 sic
1328 2129 1402 2180 ait
1433 2143 1446 2177 :
1484 2146 1502 2178 ι
1547 2126 1717 2182 Hasce
1747 2142 1939 2181 novem
1970 2129 2244 2182 orationes
2277 2135 2569 2194 sequentes
2604 2127 2723 2180 ideo
2759 2127 2948 2195 adjeci,
2983 2125 3107 2195 quia
3133 2126 3186 2178 in
3213 2125 3555 2178 bibliothecis
3580 2125 3786 2192 passim

519 2216 865 2286 reperiantur
909 2218 1011 2272 sub
1053 2219 1273 2274 nomine
1310 2218 1703 2288 Chrysostomi,
1738 2235 1860 2273 cum
1903 2228 2078 2273 tamen
2113 2220 2283 2288 ipsius
2326 2233 2433 2271 non
2470 2216 2612 2280 sint;
2651 2227 2704 2270 et
2753 2218 2807 2270 in
2849 2217 2970 2270 aliis
2998 2217 3418 2270 correctioribus
3462 2215 3616 2268 libris
3662 2213 3789 2267 aliis

517 2308 853 2373 auctoribus,
883 2309 1042 2377 idque
1069 2325 1216 2373 vere,
1246 2311 1643 2365 adscribantur.
1689 2310 1764 2364 De
1795 2310 1878 2363 his
1903 2325 1998 2364 sex
2036 2311 2369 2365 orationibus
2401 2311 2502 2363 alia
2528 2310 2690 2363 etiam
2717 2311 2855 2363 ratio
2890 2310 3010 2374 fuit,
3041 2309 3183 2379 quod
3214 2309 3421 2362 nonabs
3449 2322 3506 2359 re
3531 2316 3786 2375 putarem

519 2407 734 2453 exstare
764 2398 980 2468 publice
1005 2411 1418 2455 monumentum
1446 2401 1767 2470 eloquentiae
1795 2401 1982 2455 ferrea:
2014 2400 2156 2455 illius
2183 2402 2376 2463 aetatis,
2409 2416 2530 2469 qua:
2557 2410 2734 2452 tamen
2766 2415 2889 2453 cum
2917 2411 3104 2454 nostro
3127 2415 3292 2452 aureo
3322 2398 3542 2449 ﬂumine
3571 2395 3785 2464 judicio

517 2493 732 2547 aurium
761 2492 894 2562 .ejus
942 2494 1121 2546 saeculi
1158 2493 1522 2562 comparanda
1553 2492 1848 2546 videretur.
1897 2492 2034 2545 Nota
2076 2493 2222 2546 enim
2259 2490 2484 2544 Joannis
2531 2492 2703 2545 nostri
2754 2501 2809 2545 et
2861 2490 3138 2544 Severiani
3171 2489 3409 2544 rivalitas
3455 2504 3521 2543 ex
3553 2489 3788 2542 historia

518 2584 907 2652 ecclesiastica,
957 2595 1084 2641 nota
1129 2587 1489 2656 lmperatricis
1535 2585 1795 2640 Eudoxia:
1841 2602 1940 2656 pro
1986 2585 2282 2640 Severiano
2317 2593 2507 2637 contra
2533 2583 2798 2638 Joannem
2831 2584 3029 2638 studia.
3067 2601 3086 2634 ι

527 2821 3770 2848 mam

1208 3063 1366 3184 IN
1442 3059 1948 3188 MUNDI
2043 3055 3067 3184 CREATIONEM
3110 3143 3157 3177 .

1828 3373 2090 3434 ORATIO
2127 3374 2362 3434 PRIMA.

590 3837 694 3900 Εἰς
735 3834 848 3899 τὴν
895 3831 1136 3901 πρώτην
1181 3829 1408 3898 ἡμέραν
1456 3828 1566 3896 τῆς
1615 3833 2008 3899 κοσμοποιίας
2047 3843 2096 3884 ι.

591 3923 658 3969 α’.
694 3915 849 3988 [456]
882 3918 1035 3969 Πᾶσα
1056 3914 1333 3975 εὐσεϐείας
1364 3912 1617 3974 ὑπόθεσις
1638 3913 1745 3966 τῶν
1769 3914 1954 3984 ψυχῶν
1983 3917 2099 3967 ὲστι

519 3998 626 4052 τῶν
665 4001 949 4068 ἡμετέρων
981 3996 1282 4066 διόρθωσις.
1320 3995 1460 4065 Πρὸς
1495 3994 1697 4063 ταύτην
1733 3995 1839 4064 γὰρ
1861 3995 1956 4065 τὴν
1990 3995 2098 4048 τῶν

519 4082 707 4150 ψυχῶν
747 4081 902 4151 ἡμῶν
943 4081 1214 4151 σωτηρίαν
1251 4079 1349 4148 ὁρᾷ
1390 4079 1566 4130 πάντα
1590 4077 1656 4128 τὰ
1687 4078 1784 4146 τῆς
1820 4077 2100 4140 εὐσεϐείας

520 4164 881 4233 παιδεύματα.
916 4163 1130 4231 Ταύτην
1159 4160 1287 4228 γοῦν
1323 4161 1412 4210 καὶ
1437 4163 1463 4212 ὁ
1504 4159 1597 4211 τοῦ
1649 4159 1782 4210 Θεοῦ
1843 4177 2100 4229 πραγμαο

520 4249 734 4300 τεύεται
767 4247 942 4312 λόγος,
967 4245 1170 4314 ταύτην
1210 4247 1237 4296 ὁ
1270 4243 1539 4305 Μωῦσέως
1575 4243 1885 4295 ὑποτίθεται
1914 4245 2098 4312 νόμος,

520 4331 723 4396 ταύτην
744 4329 1099 4398 κηρύττουσιν
1117 4329 1172 4379 αί
1195 4344 1277 4378 νοε
1289 4329 1374 4395 ρα“ι
1399 4326 1504 4378 τῶν
1525 4327 1817 4395 προφητῶν
1835 4326 2098 4392 γλῶσσαι,

523 4414 662 4482 ὑπὲρ
690 4411 889 4479 ταύτης
921 4411 1200 4477 ἁσιγήτοις
1233 4409 1460 4476 στόμασι
1490 4407 1683 4475 βοῶσιν
1709 4409 1756 4459 οί
1794 4409 2096 4460 ἀπόστολοι.

521 4496 704 4548 Πάντα
732 4493 839 4561 γὰρ
866 4493 1004 4561 ὑπὲρ
1045 4492 1200 4558 ἡμῶν
1238 4494 1330 4542 καὶ
1375 4490 1440 4542 δι’
1475 4493 1642 4559 ἡμᾶς,
1674 4491 1758 4542 ἵνα
1797 4491 1932 4559 πρὸς
1961 4492 2093 4560 διόρ·

522 4577 686 4630 θωσιν
715 4576 990 4646 δραμόντα
1019 4574 1085 4624 τὰ
1111 4573 1354 4642 ἡμέτερα
1387 4573 1485 4640 τῆς
1529 4572 1806 4635 εὐσεϐείας
1836 4573 2101 4636 καταξιω-

523 4661 610 4730 οῇ.
644 4661 798 4711 Πᾶσα
832 4660 929 4728 μὲν
954 4653 1047 4710 οὖν
1070 4657 1245 4724 βίϐλος
1280 4656 1408 4722 ἁγία
1437 4655 1688 4724 ἀφορμὴν
1711 4657 1820 4724 ἔχει
1848 4656 1945 4726 τὴν
1963 4659 2100 4726 ἡμε-

521 4745 684 4812 τέραν
719 4742 1012 4810 σωτηρίαν,
1039 4739 1110 4800 ὡς
1150 4739 1317 4805 ἔφθην
1355 4739 1540 4789 εἰπών.
1570 4737 1715 4805 Λῦτη
1742 4738 1796 4790 δὲ
1825 4741 1854 4804 ὴ
1881 4741 1979 4808 τῆς
2011 4741 2098 4809 δη-

527 4826 815 4896 μιουργίας
862 4823 1061 4892 βίϐλος,
1098 4823 1240 4890 ἀρχὴ
1275 4823 1364 4871 καὶ
1405 4821 1553 4888 πηγὴ
1587 4821 1678 4871 καὶ
1719 4819 1945 4889 δύναμίς
1986 4824 2101 4874 ἐστι

523 4910 740 4960 πάντων
779 4907 887 4957 τῶν
917 4907 973 4955 ὲν
999 4907 1146 4974 νόμῳ
1180 4905 1270 4954 καὶ
1311 4904 1632 4971 προφήταις.
1680 4905 1789 4954 Καὶ
1808 4903 1995 4973 ὥσπερ
2027 4901 2102 4956 oi-

522 5008 618 5042 κον
664 4991 760 5056 οὐχ
795 4982 904 5040 οἷον
935 5004 994 5038 τε
1046 4987 1264 5053 στῆναι,
1294 4985 1542 5052 Θεμε)ίου
1593 4985 1664 5052 μὴ
1723 4986 2098 5054 ὑποκειμένου,

520 5072 688 5132 οὕτως
720 5071 840 5122 οὐδὲ
889 5070 957 5120 τὰ
1001 5070 1098 5135 τῆς
1143 5067 1498 5135 δημιουργίας
1541 5067 1708 5135 κάλλη
1759 5068 1987 5136 λάμψαι,
2025 5071 2096 5138 μὴ

521 5153 619 5218 τῆς
651 5152 1008 5219 δημιουργίας
1053 5151 1148 5216 τὴν
1183 5150 1355 5218 ἀρχὴν
1399 5149 1798 5217 ἀπολαϐούσης.
1839 5145 1966 5201 Οἶδα
2003 5152 2098 5220 μὲν

522 5232 636 5295 οὖν,
672 5235 752 5285 ὅτι
786 5233 966 5284 πολλοὶ
992 5232 1099 5283 τῶν
1134 5231 1299 5298 ἁγίων
1335 5232 1592 5301 Πατέρων
1627 5233 1873 5302 καθῆκαν
1907 5233 1985 5295 είς
2007 5234 2098 5285 τὸν

585 5361 608 5385 α
635 5359 684 5404 ln
714 5358 820 5404 cod.
859 5356 1016 5403 Vatic.
1038 5369 1177 5418 num.
1227 5354 1350 5402 £260:
1381 5353 1470 5403 τοῦ
1512 5355 1660 5403 αὐτοῦ
1698 5357 1891 5418 (supple
1916 5360 2100 5418 Χρυσο-

525 5421 724 5477 στομου)
756 5421 818 5471 εἰς
841 5421 925 5472 τήν
950 5417 1140 5477 πρώτην
1183 5418 1364 5477 ἡμέραν
1405 5423 1488 5472 τῆς
1527 5417 1855 5478 κοσμοποιίας.
1892 5417 2101 5466 Sal/ilius

527 5487 678 5527 totum
707 5481 901 5524 titulum
927 5482 992 5523 sit:
1019 5477 1322 5524 concinnavit
1347 5491 1356 5523 :
1404 5478 1687 5537 Σεϐηριανοῦ
1719 5480 1980 5526 ἐπισκόπου
2007 5481 2100 5525 Γα-

526 5544 680 5603 tii/inv
703 5542 768 5603 εἰς
795 5542 877 5594 τήν
897 5539 1212 5603 κοσμοποιίαν
1231 5538 1362 5598 λόγοι
1388 5541 1452 5600 ἓξ,
1483 5540 1811 5603 Χρυσοστὸμῳ
1845 5541 1894 5588 δὲ
1916 5542 1960 5589 ἓν
1981 5557 2102 5588 τισιν

523 5602 578 5649 ἀν
590 5602 715 5662 ειγρά
725 5618 819 5661 ροις
841 5603 1000 5660 ἐπιγρα
1010 5600 1212 5660 φάμενοι.

2201 3836 2300 3924 τῆς
2331 3835 2690 3924 δημιουργίας
2711 3839 2886 3924 λόγον,
2919 3843 3088 3898 πολλὰ
3106 3848 3199 3900 καὶ
3223 3852 3432 3920 μεγάλα
3467 3855 3558 3907 καὶ
3591 3857 3784 3924 ἔνδοξα

2201 3921 2612 4010 ελρηκότεςηὼς
2647 3923 2816 4010 illo?)
2860 3927 3015 4010 ἁγίου
3069 3930 3382 4002 Πνεῦματος
3432 3921 3785 4010 ὲπεμέτρησε

2202 4003 2380 4070 χάρις.
2435 4005 2543 4088 Καὶ
2594 4005 2804 4057 πολλῶν
2856 4009 2948 4059 καὶ
2996 4012 3245 4080 μεγάλων
3299 4018 3393 4069 καὶ
3445 4003 3782 4088 θαυμαστῶν

2202 4085 2631 4174 προειρημένων,
2662 4088 2811 4174 οὐδὲν
2862 4091 3056 4174 κωλύει
3097 4095 3186 4148 καὶ
3235 4096 3301 4149 τὰ
3340 4101 3469 4168 παρ’
3502 4085 3659 4169 ἡμῶν
3684 4107 3784 4174 ρη-

2203 4164 2380 4255 θῇναι,
2406 4166 2574 4255 ὼςιᾶν
2661 4170 2753 4255 τοῦ
2779 4172 2932 4238 ἁγίου
2955 4175 3268 4244 Πνεῦματος
3297 4164 3575 4253 χορηγήσῂ
3598 4164 3780 4255 χάρις.

2203 4244 2412 4330 Ὠσπερ
2446 4248 2553 4318 γὰρ
2580 4252 2627 4301 οί
2658 4252 2764 4321 πρὸ
2787 4255 2941 4321 ἡμῶν
2967 4257 3065 4309 οὐκ
3098 4244 3511 4330 ὲνεποδίσόησαν

2203 4329 2309 4398 πρὸ
2326 4331 2524 4392 αὐτῶν,
2565 4331 2732 4395 οὕτως
2763 4336 2880 4387 οὐδὲ
2907 4339 3065 4406 ἡμεῖς
3101 4341 3203 4392 ὑπὸ
3228 4342 3335 4393 τῶν
3373 4329 3477 4412 πρὸ
3512 4348 3610 4414 τῆς
3638 4350 3785 4417 ἡμε-

2198 4412 2360 4481 τέρας
2391 4417 2600 4479 γενεᾶς.
2629 4417 2734 4469 Καὶ
2759 4417 2864 4486 γὰρ
2913 4421 3184 4482 κάκείνοις
3213 4426 3303 4474 καὶ
3346 4426 3473 4492 ἡμῖν
3523 4412 3619 4478 καὶ
3660 4412 3786 4492 *τοῖς

2201 4496 2307 4565 πρὸ
2327 4497 2544 4548 ἐκείνων
2575 4499 2674 4566 μία
2699 4501 2844 4550 ἐστὶν
2875 4503 2906 4570 ὴ
2938 4503 3092 4569 χάρις
3113 4505 3144 4572 ἡ
3162 4507 3469 4573 χορηγοῦσα
3493 4509 3588 4559 τοῦ
3620 4511 3783 4576 ἁγίου

2203 4577 2521 4648 Πνεῦματος
2559 4582 2656 4650 τὴν
2683 4583 2932 4652 δύναμιν.
2962 4584 3160 4638 Πάντα
3189 4587 3317 4657 γὰρ,
3344 4592 3526 4656 φησὶν,
3551 4593 3790 4660 ἐνεργεῖ

2202 4661 2271 4712 ἓν
2303 4665 2398 4715 καὶ
2449 4664 2514 4716 τὸ
2554 4665 2698 4716 αὐτὸ
2744 4667 3005 4733 Πνεῦμα,
3051 4667 3318 4736 διαιροῦν
3376 4672 3492 4738 ἰδίᾳ
3545 4673 3788 4741 ἑκάστῳ

2203 4744 2396 4808 καθὼς
2416 4745 2725 4806 βούλεται.
2769 4749 2843 4798 Οὐ
2889 4749 3064 4801 τοίνυν
3105 4751 3173 4802 τὰ
3208 4753 3356 4820 παρὰ
3381 4753 3488 4803 τῶν
3522 4755 3785 4824 Πατέρων

2205 4827 2543 4890 ἐκϐάλλεται,
2578 4829 2711 4888 ἀλλὰ
2737 4829 2803 4880 τὰ
2831 4833 2957 4899 παρ’
2981 4832 3136 4900 ἡμῶν
3183 4833 3561 4904 παρατίθεται.
3604 4836 3784 4909 Κᾶνῇ

2208 4909 2416 4981 μεγάλα
2447 4912 2514 4962 τὰ
2543 4913 2668 4979 παρ’
2699 4911 2895 4973 αὐτῶν,
2941 4913 3113 4982 μικρὰ
3147 4915 3202 4966 δὲ
3237 4899 3304 4966 τὰ
3340 4915 3609 4986 ἡμέτερα,
3647 4899 3786 4972 ἀλλὰ

2207 4992 2662 5061 συνοικοδομείται
2699 4994 2944 5055 ἐκείνοις.
2999 4996 3208 5065 ’Ὠσπερ
3262 4997 3368 5067 γὰρ
3413 4998 3558 5052 λίθον
3609 4987 3784 5069 μέγαν

2206 5074 2372 5127 κύϐου
2401 5074 2551 5138 τάξιν
2584 5076 2830 5144 φέροντα,
2863 5077 2920 5128 ὲν
2958 5077 3211 5148 οἰκοδομῇ
3245 5080 3504 5146 παγέντα,
3535 5084 3629 5133 καὶ
3655 5085 3785 5152 ἠρέ-

2210 5176 2285 5227 μα
2313 5159 2686 5227 σαλευόμενον,
2721 5159 2912 5229 μικρὸς
2963 5160 3287 5230 ὑποϐληθείς
3325 5163 3471 5227 λίθος
3516 5167 3780 5236 στηρίξεν

2206 5241 2345 5294 οὕτω
2396 5242 2486 5293 καὶ
2542 5243 2608 5293 τὰ
2662 5242 2765 5295 ὑπὸ
2797 5242 2905 5294 τῶν
2953 5243 3209 5312 Πατέρων
3261 5247 3544 5315 εἰρημένα,
3581 5249 3783 5317 μικρὶς

2207 5325 2520 5394 προσθήκας
2549 5323 2833 5392 δεχόμενα,
2857 5323 3075 5394 μείζονα
3106 5329 3204 5395 τὴν
3229 5329 3514 5398 οἰκοδομὴν
3541 5330 3780 5398 τῆςἘκ-

2206 5410 2432 5478 κλησίας
2487 5409 2878 5479 ἀπεργάζεται.
2922 5409 3228 5478 Παρακαλῶ
3274 5411 3330 5463 δὲ
3369 5412 3468 5481 τὴν
3510 5413 3783 5481 ὑμετέραν

2209 5493 2449 5562 ἀγάπην,
2481 5495 2598 5554 ταῖς
2621 5491 2852 5552 ἐννοίαις
2889 5489 2997 5542 τῶν
3032 5490 3334 5561 λεγομένων
3365 5497 3672 5564 προσέχειν·
3709 5495 3781 5564 μὴ

2213 5578 2261 5627 εί
2287 5577 2430 5639 ξέναι
2459 5576 2594 5629 είσὶν
2647 5575 2761 5629 ἀλλ’
2787 5576 2835 5627 εί
2869 5574 3088 5645 ἀληθεῖς
3123 5577 3477 5648 ὑπάρχουσιν.
3519 5578 3656 5632 Οὔτε
3677 5579 3783 5648 γὰρ
