3984 6422
167 383 287 439 429
1245 362 1333 419 DE
1378 363 1600 423 MUNDI
1637 364 2033 422 CliEATlONE
2076 365 2330 423 ORATIO
2372 366 2412 421 Ι.

3360 402 3474 457 430

326 639 3459 665 mw

736 980 846 1041 AD
888 980 1045 1041 SEX
1091 977 1486 1040 HOMILIAS
1529 976 1959 1040 SEVERIANI
2001 979 2110 1039 DE
2150 979 2411 1041 MUNDI
2455 980 2941 1043 CREATIONE.

256 1224 432 1291 Quam
461 1232 618 1280 vocat
650 1223 883 1279 Savilius
906 1224 1273 1293 eloquentiam
1319 1222 1574 1288 ferream,
1598 1238 1697 1293 ego
1726 1232 1875 1277 certe
1900 1223 2170 1294 φλυαρίαν
2202 1224 2455 1291 dixerim,
2481 1234 2535 1281 et
2567 1226 2985 1296 loquacitatem;
3010 1245 3135 1285 nam
3165 1232 3255 1286 ubi
3281 1233 3468 1293 facun-

183 1316 332 1371 dium
356 1320 473 1372 vult
511 1317 791 1379 exhibere,
842 1316 916 1371 ibi
945 1315 1119 1370 futilia
1167 1315 1405 1384 loquitur
1446 1333 1458 1367 :
1494 1330 1676 1367 rerum
1719 1315 2047 1369 naturalium
2095 1317 2542 1386 perquisitionem
2573 1319 2895 1389 plerumque
2934 1323 3259 1392 aggreditur,
3313 1335 3369 1378 et
3400 1326 3465 1382 ad

189 1425 454 1463 nauseam
495 1423 670 1477 usque
696 1407 960 1472 explorat,
1000 1421 1210 1475 suoque
1242 1421 1415 1468 more,
1449 1404 1705 1458 nimirum
1740 1406 1945 1475 inepte,
1977 1406 2227 1461 edisserit
2258 1426 2271 1461 :
2303 1408 2580 1464 auditores
2609 1419 2789 1464 autem
2822 1427 2885 1466 ea
2917 1413 2985 1467 de
3025 1428 3187 1467 causa
3226 1431 3467 1483 conque-

186 1509 301 1553 stos
325 1500 578 1570 objurgat
606 1500 831 1562 acriter;
869 1499 941 1552 ita
970 1498 1038 1552 de
1066 1497 1291 1563 mundo,
1327 1511 1490 1566 quem
1530 1496 1823 1550 rotundum
1864 1512 1986 1551 esse
2021 1507 2202 1567 negat,
2241 1498 2308 1552 de
2335 1499 2479 1569 igne,
2520 1501 2587 1555 de
2618 1517 2777 1570 aqua,
2814 1504 2936 1572 plus
2965 1519 3125 1571 quam
3157 1506 3289 1559 satis
3317 1516 3468 1560 esset

184 1593 317 1660 agit.
378 1594 440 1643 ln
477 1591 642 1645 rebus
692 1589 849 1644 seriis
901 1588 1192 1658 aliquando
1224 1595 1478 1656 nugatur,
1532 1596 1593 1640 ut
1647 1602 1773 1641 cum
1818 1588 1943 1642 inde
1997 1589 2193 1657 probat
2236 1590 2501 1644 Adamum
2549 1592 2806 1646 habuisse
2868 1592 3118 1661 spiritum
3169 1595 3468 1662 prophetia:

184 1684 329 1751 quod
360 1684 582 1747 dixerit,
624 1682 736 1735 Hoc
783 1698 920 1735 nunc
972 1698 1027 1735 os
1058 1697 1122 1734 ea:
1154 1681 1354 1733 ossibus
1401 1681 1550 1742 meis,
1607 1687 1713 1733 etc.
1763 1678 1901 1734 Nam
1939 1682 2232 1751 quomodo,
2291 1683 2485 1752 inquit,
2535 1683 2675 1738 scire
2705 1692 2918 1751 poterat
2975 1699 3032 1737 se
3077 1700 3199 1738 ossa
3241 1685 3463 1749 habere,

185 1781 277 1849 qui
312 1796 436 1835 ossa
467 1794 567 1832 sua
591 1792 870 1853 nunquam
898 1776 1125 1839 viderat,
1177 1774 1281 1828 nisi
1313 1774 1565 1844 spiritum
1593 1774 1896 1844 prophetia:
1946 1776 2263 1831 habuisset?
2303 1776 2427 1831 Haec
2467 1778 2522 1831 in
2568 1778 2814 1832 oratione
2851 1778 3059 1847 quinta.
3109 1777 3467 1833 Tolerabilius

187 1874 421 1929 fortasse
445 1882 550 1936 est,
592 1873 692 1926 etsi
726 1871 875 1941 parvi
923 1871 1104 1940 pretii,
1136 1870 1190 1924 id
1216 1870 1361 1939 quod
1393 1870 1447 1923 in
1472 1870 1662 1925 eadem
1693 1872 1940 1925 oratione
1970 1873 2046 1926 ait
2076 1890 2093 1927 :
2127 1874 2248 1927 ideo
2277 1875 2468 1926 AAAM
2513 1889 2716 1927 nomen
2770 1874 3085 1943 impositum
3120 1889 3240 1928 esse
3288 1875 3466 1943 primo

188 1969 418 2032 homini,
449 1968 581 2039 quia
611 1968 713 2022 hoc
736 1967 956 2021 nomine
985 1976 1219 2035 quatuor
1242 1966 1458 2020 climata
1503 1982 1600 2035 per
1632 1967 1784 2035 prim:

1893 1970 2048 2022 iteras
2074 1968 2467 2038 designantur:
2504 1987 2559 2031 α,
2595 1967 2849 2037 ἀνατολὴ,
2884 1968 2932 2031 δ,
2962 1967 3131 2030 δύσις,
3168 1984 3204 2020 α
3243 1969 3465 2037 ἄρκτος,

192 2077 251 2128 μ,
282 2058 624 2131 μεσημϐρία,
660 2058 851 2119 oriens,
892 2059 1151 2119 occidens,
1213 2059 1518 2125 septentrio,
1560 2056 1824 2119 meridies,
1870 2074 1980 2112 non
2011 2058 2301 2113 advertens
2332 2061 2436 2113 hoc
2482 2074 2684 2113 nomen
2735 2058 2997 2114 llebraice
3047 2057 3132 2112 vel
3176 2060 3469 2114 Chaldaicc

190 2153 506 2222 impositum
545 2152 750 2207 Adamo
803 2152 992 2217 fuisse,
1050 2153 1251 2221 quibus
1306 2153 1503 2223 linguis
1554 2154 1657 2207 ista
1705 2154 1982 2207 climatum
2035 2153 2359 2223 significatio
2397 2170 2494 2223 per
2528 2154 2732 2223 primas
2780 2154 2964 2207 literas
3016 2170 3125 2207 non
3174 2154 3466 2215 indicatur,

192 2258 351 2317 atque
395 2248 535 2301 adeo
568 2262 730 2313 casu,
785 2263 895 2301 non
947 2248 1195 2313 consilio,
1246 2248 1449 2302 factum
1507 2258 1566 2302 ut
1615 2249 1669 2302 in
1716 2248 1904 2304 Graaco
1950 2249 2173 2304 nomine
2222 2260 2456 2319 quatuor
2498 2250 2777 2305 climatum
2824 2252 3013 2319 prima:
3065 2250 3233 2304 litera:
3269 2251 3469 2318 depre-

197 2340 592 2392 hcnderentur.

267 2456 479 2509 llabitaa
514 2466 641 2509 sunt
674 2458 755 2511 ha:
789 2457 1062 2512 orationes
1123 2458 1177 2511 in
1210 2457 1653 2528 Quadragesima,
1710 2468 1770 2514 ut
1818 2476 1926 2514 non
1957 2461 2127 2515 semel
2170 2460 2226 2514 in
2256 2460 2431 2532 prima
2461 2461 2642 2515 innuit
2674 2460 3019 2515 Severianus.
3052 2460 3257 2513 Harum
3295 2459 3466 2512 inter-

199 2548 557 2614 pretationem
606 2548 852 2602 Latinam
893 2566 1086 2604 novam
1134 2552 1466 2622 paravimus.

210 2891 3475 2919 mm

1279 2981 2411 3175 SEVERIANI,

1152 3222 1828 3293 GABALORUM
1875 3222 2355 3293 EPISCOPI
2414 3205 2533 3306 (α),

736 3384 939 3493 nu
1012 3390 1606 3500 MUNDI
1680 3386 2957 3523 CREATIONEM,

1524 3578 1828 3639 ORATIO
1870 3577 2144 3638 PRIMA.

1602 3720 2081 3797 “GP..—

502 3882 565 3935 In
595 3884 809 3951 primum
834 3880 963 3934 diem
989 3881 1253 3933 creationis
1288 3881 1482 3932 mundi.

273 4016 325 4068 l.
351 4014 632 4081 Scriptura:
656 4028 815 4065 sacrm
839 4012 1058 4081 dignitas
1088 4012 1389 4078 utilitasque.
1422 4008 1647 4062 Exordio
1671 4024 1781 4060 mo-

200 4104 415 4159 destiam
444 4104 667 4171 spirante
694 4103 887 4155 animos
909 4102 1218 4154 audientium
1244 4101 1337 4154 sibi
1358 4100 1591 4153 conciliat
1614 4109 1783 4152 orator

200 4207 389 4250 noster.
415 4225 490 4237 —-
515 4195 747 4261 Quodvis
793 4194 999 4263 pietatis
1048 4201 1414 4261 argumentum
1436 4231 1452 4256 ,
1488 4193 1782 4243 animarum

199 4304 505 4348 nOStrarum
542 4289 841 4344 emendatio
870 4296 969 4343 est.
1004 4287 1081 4341 Ad
1114 4286 1250 4340 hanc
1296 4286 1437 4339 enim
1487 4286 1782 4338 animarum

200 4384 426 4436 salutem
468 4380 643 4434 omnia
674 4380 883 4447 pietatis
912 4379 1148 4431 instituta
1195 4377 1505 4444 respiciunt.
1540 4376 1683 4428 llanc
1731 4382 1785 4427 et

202 4474 293 4528 Dei
322 4486 505 4527 sermo
529 4480 800 4540 operatur,
821 4471 956 4523 hanc
976 4479 1029 4524 et
1049 4468 1243 4537 Moysis
1269 4469 1353 4522 lex
1378 4468 1625 4531 insinuat,
1650 4466 1783 4520 hanc

202 4562 495 4632 praedicant
523 4560 826 4629 spirituales
870 4559 975 4612 illa:
1007 4557 1383 4626 prophetarum
1430 4557 1622 4625 lingua:
1654 4572 1665 4607 :
1700 4556 1783 4609 in-

202 4651 447 4708 cessabili
474 4664 605 4704 voce
630 4664 728 4718 pro
754 4649 853 4703 hac
876 4650 1107 4703 clamant
1133 4649 1381 4717 apostoli.
1404 4648 1593 4701 Omnia
1623 4646 1785 4716 siqui-

202 4743 321 4797 dem
366 4756 464 4809 pro
492 4739 644 4795 nobis
668 4780 683 4805 ,
714 4748 770 4794 et
808 4746 1024 4807 pr0pter
1050 4751 1147 4789 nos
1177 4752 1191 4787 :
1226 4746 1282 4789 ut
1323 4738 1447 4790 dum
1488 4745 1668 4789 nostra
1717 4734 1785 4789 ad

203 4833 628 4888 emendationem
659 4837 965 4900 properant,
994 4828 1242 4895 pietatem
1272 4842 1373 4880 nos
1415 4840 1781 4895 assequamur.

203 4926 391 4979 Omnis
418 4925 595 4992 itaque
625 4930 837 4976 sanctus
864 4920 999 4973 liber
1024 4918 1211 4971 salutis
1240 4926 1437 4970 nostra:
1467 4930 1623 4969 causa
1650 4915 1781 4969 scri-

204 5026 324 5082 ptus
352 5021 462 5077 est,
493 5022 549 5065 ut
594 5011 750 5066 modo
792 5009 1053 5063 dicebam.
1084 5007 1181 5061 Hie
1210 5021 1367 5074 porro
1402 5005 1685 5059 creationis
1724 5005 1786 5058 li-

207 5108 299 5160 ber
320 5147 335 5170 ,
368 5104 519 5173 origo
543 5144 557 5168 ,
591 5102 709 5156 fons
736 5111 793 5155 et
825 5101 995 5155 virtus
1032 5107 1113 5153 est
1140 5113 1324 5152 eorum
1355 5097 1594 5151 omnium
1620 5136 1635 5161 ,
1668 5110 1785 5163 quae

269 5236 339 5297 (a)
372 5234 430 5297 In
452 5230 879 5297 Codicejlaticano
900 5242 1032 5297 num.
1046 5230 1144 5297 7560
1162 5241 1173 5275 :
1193 5226 1407 5287 ejusdem
1429 5224 1620 5297 (supple
1639 5223 1787 5297 (1mg;-

206 5285 397 5346 sostoini
426 5307 443 5342 :
466 5305 576 5341 nam
600 5290 922 5349 Chrysostomi
946 5296 1059 5337 sunt
1083 5302 1141 5336 ea
1164 5285 1274 5349 quae
1310 5285 1629 5349 preccdunt).
1647 5285 1785 5349 _lnfra_

206 5345 406 5405 Savilius
426 5360 582 5403 totum
603 5345 796 5400 titulun.
817 5352 886 5398 sic
908 5345 1212 5397 concinnavit
1248 5363 1259 5395 :
1295 5345 1553 5402 Seueriani.
1572 5345 1788 5407 Episcopi

209 5416 509 5470 nebularum,
531 5413 582 5462 in
605 5411 771 5461 mundi
791 5408 1079 5470 creationem
1097 5422 1337 5457 sermorws
1360 5421 1466 5470 sex,
1492 5406 1663 5470 qui,_in
1687 5406 1788 5470 qui-

212 5477 411 5526 busdam
432 5468 786 5536 exemplaribus
805 5509 818 5530 ,
847 5469 1175 5536 Chrysostqmo
1198 5468 1554 5536 adscribuntur.
1584 5468 1787 5517 Combe-

210 5539 373 5595 fisius,
398 5536 483 5598 qui
511 5530 797 5598 un'o_$avilio
821 5538 897 5580 est
918 5542 1035 5577 usus
1078 5530 1349 5591 (repetens
1382 5531 1503 5598 typis
1536 5542 1788 5598 sermones

213 5599 296 5646 hos
318 5587 497 5646 séx'io
526 5593 824 5643 Bibliotheca?
854 5587 1130 5639 Gra'corunt
1160 5587 1353 5648 patrum
1378 5587 1598 5638 ,itictario
1636 5587 1786 5636 nat-is-

210 5656 474 5706 sinwmom.
508 5657 552 5712 1,
579 5669 625 5716 p.
653 5654 761 5709 211,
786 5666 911 5715 sqq.,
930 5651 1081 5702 Paris.
1114 5651 1246 5707 167:2,
1270 5651 1396 5712 fol.),
1424 5652 1525 5700 hare
1547 5657 1785 5712 postrema

211 5720 272 5768 de
294 5718 631 5780 ῦπγευδιοωο
655 5716 817 5765 tacuit.

1897 3879 1947 3930 in
1972 3879 2083 3945 lege
2120 3887 2172 3930 et
2218 3876 2268 3930 in
2300 3874 2571 3944 prophetis
2600 3872 2792 3939 scripta
2840 3882 2981 3925 sunt.
3028 3874 3103 3925 Ac
3130 3871 3475 3940 quemadmo—

1893 3969 2017 4021 dum
2070 3982 2172 4021 non
2218 3974 2392 4035 potest
2432 3966 2620 4017 domus
2659 3966 2773 4016 sine
2815 3962 3155 4016 fundamento
3184 3974 3365 4025 stare,
3394 3962 3472 4016 sic

1894 4075 1991 4113 nec
2019 4060 2157 4112 varia
2187 4067 2547 4111 creaturarum
2580 4052 2907 4122 pulchritudo
2937 4052 3309 4118 splendescere
3328 4092 3342 4115 ,
3370 4050 3470 4103 nisi

1892 4151 2089 4204 creatio
2116 4150 2222 4215 ipsa
2255 4148 2459 4200 initium
2489 4144 2751 4197 habuerit.
2781 4142 2901 4195 Scio
2945 4143 3137 4195 multos
3165 4157 3230 4194 ex
3274 4141 3472 4195 sanctis

1894 4241 2129 4307 patribus
2149 4239 2215 4292 de
2237 4237 2507 4291 creatione
2536 4235 2692 4288 verba
2722 4232 2927 4295 fecisse,
2947 4234 3215 4299 multaque
3243 4240 3297 4286 et
3320 4248 3473 4300 egre-

1890 4333 1972 4400 gia
1999 4332 2197 4385 dixisse
2218 4373 2231 4391 ,
2254 4339 2311 4383 ut
2353 4329 2580 4397 Spiritus
2623 4326 2805 4395 gratia:
2845 4338 3089 4378 mensura
3122 4323 3250 4391 ipsis
3282 4324 3469 4377 collata

1894 4424 2031 4475 tulit.
2065 4421 2209 4475 Licet
2252 4429 2429 4473 autem
2460 4418 2625 4471 multa
2650 4458 2665 4479 ,
2697 4415 2891 4469 eximia
2927 4424 2979 4468 et
3026 4414 3284 4467 mirabilia
3330 4414 3470 4468 dicta

1893 4513 2124 4575 fuerint,
2178 4510 2307 4564 nihil
2362 4519 2504 4563 vetat
2550 4508 2834 4577 quominus
2883 4514 2936 4558 et
2984 4514 3161 4556 nostra
3208 4503 3468 4570 dicamus,

1893 4615 2049 4673 prout
2099 4603 2327 4672 Spiritus
2368 4601 2534 4669 gratia
2579 4592 3075 4650 subministraverit.
3109 4591 3470 4655 Quemadmo-

1892 4697 2016 4750 dum
2043 4696 2181 4749 enim
2204 4707 2297 4745 eos
2322 4692 2411 4759 qui
2442 4698 2564 4742 ante
2593 4702 2689 4741 nos
2732 4687 2878 4739 fuere
2918 4699 3023 4736 non
3062 4682 3348 4737 cohibuere
3376 4699 3470 4736 ve-

1894 4796 2064 4839 terum
2095 4783 2309 4848 seripta,
2334 4780 2410 4834 sic
2448 4792 2547 4831 nec
2576 4776 2648 4828 illi
2674 4776 2762 4844 qui
2797 4789 2891 4827 nos
2923 4782 3344 4841 praecesserunt,
3374 4787 3471 4826 nos

1892 4877 2148 4930 arcebunt
2190 4874 2256 4926 ab
2286 4871 2544 4924 instituto.
2573 4868 2627 4921 Si
2668 4866 2880 4935 quidem
2922 4874 2975 4919 et
3020 4865 3124 4917 illis
3159 4874 3211 4917 et
3239 4865 3390 4918 nobis
3416 4873 3473 4921 et

1892 4966 2277 5035 antiquioribus
2309 4978 2407 5017 una
2437 4973 2509 5015 e5!
2537 4960 2700 5028 gratia
2726 4975 2843 5027 qua:
2872 4956 3095 5025 Spiritus
3117 4959 3279 5010 sancti
3304 4957 3476 5009 virtu-

1895 5067 2000 5111 tem
2034 5054 2352 5122 suppeditet.
2388 5051 2573 5103 Omnia
2600 5049 2761 5112 cnim,
2792 5048 2978 5115 inquit,
3011 5056 3248 5114 operatur
3270 5062 3401 5097 unus
3425 5056 3473 5097 et

1893 5150 2022 5201 idem
2053 5147 2296 5215 Spiritus,
2325 5143 2549 5195 dividens
2578 5138 2787 5209 singulis
2828 5147 2975 5207 prout
3011 5138 3110 5189 vult
3132 5137 3205 5203 (l.
3238 5134 3355 5188 Cor.
3382 5134 3469 5187 1⁸2.

1896 5242 2004 5310 Η).
2039 5239 2149 5292 Νοη
2172 5252 2298 5305 ergo
2329 5251 2392 5289 ea
2421 5249 2538 5303 quas
2560 5248 2588 5284 a
2617 5231 2851 5300 patribus
2880 5228 3016 5282 dicta
3046 5236 3169 5281 sunt
3194 5226 3472 5279 climinan-

1896 5344 1999 5396 tur,
2017 5331 2109 5385 sed
2137 5338 2316 5382 nostra
2346 5327 2451 5379 illis
2476 5332 2827 5392 apponuntur.
2854 5318 3103 5386 Quamvis
3132 5331 3315 5385 magna
3348 5323 3474 5367 sunt

1895 5438 2078 5478 eorum
2129 5420 2298 5481 dicta,
2334 5426 2515 5470 nostra
2559 5422 2733 5465 autem
2781 5412 2965 5479 exigua
2992 5449 3007 5473 ,
3037 5407 3151 5461 haec
3195 5414 3368 5458 tamen
3420 5404 3471 5455 in

1895 5511 2134 5567 eamdem
2176 5516 2491 5562 structuram
2535 5510 2799 5571 aptantur.
2832 5498 2902 5553 Ut
2930 5499 3068 5551 enim
3096 5494 3321 5564 lapmem
3354 5505 3465 5542 ma-

1895 5619 2055 5675 guum
2084 5603 2133 5654 in
2166 5600 2283 5655 eubi
2315 5597 2535 5652 formam
2568 5602 2823 5661 aptatum,
2858 5591 2908 5641 in
2941 5596 3254 5641 structuram
3285 5581 3473 5633 admo-

1897 5672 2037 5759 tum,
2074 5702 2126 5748 et
2169 5692 2377 5761 paulum
2408 5694 2677 5743 nutantem
2700 5724 2713 5751 ,
2744 5682 3007 5752 subjectus
3052 5677 3222 5731 firmat
3252 5672 3473 5740 exiguus
