3984 6472
448 424 558 478 431

458 524 590 591 lapis
637 541 649 577 :
672 523 748 578 sic
768 539 830 578 ea
856 539 976 592 quae
992 539 1021 576 a
1040 523 1278 576 Patribus
1302 521 1440 576 dicta
1468 531 1608 584 sunt,
1631 522 1837 591 exiguis
1861 538 2041 578 acces-

457 614 698 667 sionibus
728 615 899 682 majus
931 614 1182 667 Ecclesiae
1223 613 1501 667 :editieium
1534 614 1878 666 constituunt.
1915 614 2044 667 Pre-

455 717 551 755 cor
571 711 750 756 autem
779 703 1052 756 caritatem
1083 711 1311 755 vestram
1333 743 1347 765 ,
1377 713 1434 754 ut
1469 702 1732 754 dictorum
1763 704 2041 756 sententiis

455 793 778 856 attendatis;
807 809 910 846 non
940 809 1005 844 an
1036 808 1184 846 nova:
1214 793 1339 856 sint,
1360 792 1450 845 sed
1477 808 1542 845 an
1579 808 1736 846 verte.
1761 793 1875 846 Non
1899 793 2040 848 enim

453 883 594 952 quod
623 897 718 936 usu
757 882 936 936 tritum
960 893 1060 947 est,
1093 897 1304 950 semper
1327 899 1506 936 verum
1532 899 1546 946 ;
1579 898 1751 951 neque
1775 884 1915 952 quod
1945 899 2042 937 no-

451 987 600 1036 vum,
634 971 753 1025 ideo
781 973 966 1025 falsum
998 987 1012 1025 :
1041 971 1135 1026 sed
1164 987 1376 1040 semper
1401 971 1714 1039 exploratur
1737 988 1804 1026 an
1834 988 1895 1027 ea
1922 988 2040 1042 quae

451 1061 702 1116 dicuntur
733 1077 854 1117 vera
880 1063 1006 1129 sint,
1038 1077 1103 1114 an
1133 1062 1283 1116 falsa.
1315 1063 1463 1132 Rogo
1502 1073 1677 1117 autem
1706 1079 1771 1117 ne
1800 1066 1951 1132 quis,
1983 1073 2040 1118 ut

450 1156 655 1207 amicus
676 1153 742 1207 ad
764 1157 986 1222 gratiam
1017 1155 1133 1207 sine
1163 1155 1407 1209 examine
1436 1170 1735 1209 sermonem
1767 1156 2000 1224 excipiat
2019 1196 2034 1220 ,

449 1259 587 1300 neve
610 1254 665 1298 ut
693 1245 937 1299 inimicus
963 1246 1053 1298 illa
1083 1246 1231 1314 quasi
1263 1247 1536 1314 peregrina
1566 1256 1801 1316 respuat,
1831 1247 1924 1301 sed
1955 1248 2036 1302 vi-

447 1335 573 1390 deat
601 1336 796 1404 ubique
827 1353 951 1390 num
985 1337 1178 1392 veritas
1201 1337 1354 1392 dictis
1384 1337 1611 1406 palmam
1642 1340 1857 1392 tribuat.

518 1427 574 1480 2.
605 1426 813 1480 Genesis
843 1436 1020 1480 auctor
1041 1427 1243 1496 Moyses
1268 1438 1313 1481 et
1340 1429 1541 1496 Spiritu
1568 1438 1740 1482 sancto
1766 1429 2033 1483 revelaute.

449 1515 658 1585 Duplex
688 1517 881 1586 Moysis
913 1535 1114 1587 scapus.
1139 1519 1239 1572 Cur
1272 1519 1594 1572 invisibilium
1631 1521 1931 1573 creationem
1961 1529 2038 1573 ta-

449 1608 572 1660 cuit.
602 1637 671 1647 —
699 1606 765 1660 In
795 1609 1060 1675 principio,
1094 1609 1258 1675 inquit
1284 1650 1297 1673 ,
1330 1609 1445 1678 fecit
1474 1608 1606 1662 Deus
1633 1608 1812 1662 ca'lum
1852 1619 1898 1664 et
1931 1620 2036 1662 ter-

447 1714 560 1750 ram
585 1697 733 1768 (Gen.
762 1698 813 1751 l.
840 1699 917 1760 1).
937 1698 1060 1751 Ηωο
1091 1698 1315 1752 historia
1338 1699 1532 1768 Moysis
1562 1700 1878 1768 legislatoris
1901 1716 2037 1770 Opus

447 1798 548 1852 est,
574 1799 628 1842 et
655 1789 884 1858 Spiritus
910 1790 1077 1843 sancti
1107 1791 1380 1845 revelatio.
1407 1791 1656 1846 Continet
1681 1801 1857 1846 autem
1887 1808 2037 1847 crea-

447 1881 644 1933 tionem
675 1881 768 1934 Dei
799 1881 989 1935 virtute
1015 1877 1224 1947 factam,
1249 1897 1344 1950 per
1372 1882 1732 1950 prepheticam
1758 1899 1885 1938 vero
1910 1900 2034 1955 gra-

445 1971 573 2024 tiam
603 1971 767 2040 Moysi
816 1972 1125 2025 revelatam.
1157 1971 1270 2026 Non
1300 1975 1441 2027 enim
1474 1973 1588 2028 hzec
1615 1975 1821 2046 Moyses
1860 1986 1918 2030 ut
1953 1977 2036 2030 hi-

443 2063 844 2134 storiographus
867 2066 1022 2130 dixit,
1047 2066 1138 2120 sed
1174 2075 1226 2119 ut
1250 2066 1528 2135 propheta.
1563 2068 1652 2121 llla
1678 2069 1873 2138 quippe
1900 2069 2034 2123 dixit

442 2169 563 2223 qua:
596 2169 700 2208 non
736 2155 973 2221 viderat,
1003 2167 1057 2211 et
1099 2157 1184 2210 illa
1225 2157 1458 2211 narravit
1499 2174 1722 2226 quorum
1766 2169 2036 2228 spectator

445 2261 550 2300 non
584 2247 770 2301 fuerat.
800 2247 865 2303 Ut
892 2249 1034 2302 enim
1067 2248 1271 2318 pridem
1319 2250 1414 2303 tria
1459 2265 1578 2304 esse
1618 2252 1910 2320 prophetiae
1936 2268 2032 2322 ge-

444 2355 573 2394 nera
604 2355 723 2395 esse
752 2341 1004 2407 diximus,
1040 2342 1268 2410 primum
1297 2343 1462 2397 verbo
1486 2385 1500 2406 ,
1529 2345 1822 2398 secundum
1847 2359 2028 2414 opere,

443 2431 658 2484 tertium
686 2446 848 2499 opere
874 2440 928 2486 et
965 2447 1213 2487 sermone
1242 2449 1254 2484 :
1284 2433 1364 2486 sic
1390 2443 1442 2485 et
1474 2444 1580 2487 tres
1603 2435 1711 2502 jam
1741 2435 2032 2502 prophetia:

442 2531 624 2591 partes
666 2523 1039 2576 constituimus
1081 2539 1094 2574 :
1140 2522 1472 2592 prophetiam
1523 2523 1591 2577 de
1647 2524 2028 2592 praesentibus,

443 2613 775 2682 prephetiam
801 2614 867 2668 de
906 2613 1128 2679 futuris,
1161 2622 1212 2666 et
1251 2613 1582 2681 prephetiam
1619 2613 1687 2667 dc
1725 2615 2029 2682 prmteritis.

441 2703 683 2772 Exempli
714 2720 875 2759 causa
925 2721 1029 2758 non
1075 2705 1258 2759 aderat
1301 2705 1464 2758 Isaias
1509 2705 1766 2773 propheta
1811 2706 1874 2758 iis
1913 2720 2030 2772 qua:

439 2794 540 2847 sub
567 2793 748 2861 Moyse
775 2803 919 2862 gesta
945 2805 1072 2848 sunt
1103 2812 1114 2847 :
1145 2794 1236 2847 sed
1280 2796 1402 2863 quia
1433 2794 1653 2862 spiritus
1683 2794 1881 2864 Moysis
1918 2802 2033 2848 erat

439 2880 492 2935 in
521 2881 646 2943 illo,
676 2882 764 2950 qui
804 2897 866 2935 ca
911 2882 1008 2948 ipsi
1040 2883 1332 2945 revelarct,
1379 2882 1429 2934 id
1462 2882 1737 2949 prophetia
1775 2893 1907 2935 erat.
1938 2884 2032 2936 Est

442 2973 568 3028 item
603 2973 879 3042 prophetia
911 2974 1070 3026 etiam
1100 2973 1167 3026 de
1200 2973 1551 3041 praesentibus
1577 2989 1590 3038 ;
1620 2984 1676 3026 ut
1702 2973 1744 3025 si
1777 2973 1894 3042 quis
1932 2988 2028 3027 co-

440 3079 553 3118 ram
587 3063 843 3132 proliheta
882 3063 1079 3131 aliquid
1106 3063 1157 3115 in
1189 3063 1365 3116 animo
1394 3077 1612 3116 versans
1639 3103 1653 3124 ,
1683 3064 1948 3116 occultum
1979 3065 2029 3117 ei

438 3172 558 3211 esse
585 3157 728 3220 velit,
763 3165 817 3210 ct
846 3156 1102 3224 propheta
1126 3155 1294 3225 ipsum
1327 3164 1530 3224 arguat,
1564 3164 1619 3208 ut
1650 3153 1873 3208 Elisueus
1904 3170 2026 3223 erga

437 3248 583 3302 Giczi
619 3246 761 3308 fecit,
795 3246 967 3300 futura
1001 3248 1364 3314 prmnuntians
1405 3257 1458 3298 et
1503 3245 1708 3299 occulta
1760 3247 2024 3300 revelatis.

437 3338 650 3407 Moyses
672 3354 789 3408 quae
819 3339 1088 3406 prieterita
1113 3348 1267 3390 erant
1291 3337 1499 3405 aperuit
1527 3353 1538 3389 :
1573 3336 1660 3390 alii
1688 3353 1806 3404 qua:
1831 3336 2022 3391 futura.

439 3433 513 3486 lta
539 3432 696 3499 igitur
719 3441 802 3484 est
830 3430 951 3484 huic
989 3430 1226 3483 historia:
1254 3428 1657 3491 attendendum,
1692 3444 1796 3483 non
1824 3438 1880 3482 ut
1902 3443 2027 3481 nar-

438 3523 652 3585 rationi,
677 3524 768 3576 sed
801 3533 860 3576 ut
886 3525 1121 3577 historia:
1159 3538 1319 3585 verte,
1353 3537 1471 3589 qua:
1501 3537 1592 3589 per
1616 3522 1870 3590 Spiritum
1899 3538 2026 3576 san-

436 3622 579 3666 ctum
629 3612 830 3679 prolata
868 3613 957 3664 sit.
987 3612 1115 3676 Quis
1147 3627 1304 3678 porro
1353 3619 1436 3663 est
1472 3611 1744 3677 propheta:
1794 3611 2026 3678 scopus?

441 3705 554 3756 Duo
582 3703 792 3772 Moyses
817 3703 866 3755 in
899 3703 1171 3771 proposito
1201 3701 1388 3764 habet,
1417 3710 1471 3755 et
1495 3701 1793 3754 doctrinam
1832 3702 2022 3764 edere,

435 3803 489 3847 et
513 3794 654 3861 leges
680 3793 905 3846 sancire.
942 3793 1234 3861 chislator
1259 3793 1400 3846 enim
1429 3807 1548 3845 cum
1577 3793 1682 3854 sit,
1713 3808 1815 3844 non
1849 3802 2024 3845 tamen

435 3901 464 3938 a
497 3885 698 3953 legibus
729 3884 954 3951 incepit,
980 3883 1072 3936 sed
1107 3899 1135 3936 a
1165 3883 1454 3936 creatione.
1486 3881 1591 3936 Cur
1639 3893 1813 3937 autem
1854 3885 2026 3952 primo

437 3977 600 4028 voluit
632 3975 794 4028 Deum
839 3974 1122 4027 ostendere
1160 3974 1466 4028 Creatorem
1498 3985 1552 4028 et
1584 3975 1862 4028 Dominum
1907 3977 2026 4028 uni-

436 4065 618 4119 versi?
651 4064 716 4119 Ut
749 4065 888 4118 Deus
917 4080 1035 4118 esse
1065 4064 1541 4131 demonstraretur,
1567 4066 1654 4133 qui
1686 4083 1787 4119 non
1815 4066 2022 4130 alienis,

437 4155 531 4210 sed
571 4155 680 4208 suis
721 4155 890 4222 legem
925 4165 1164 4222 poneret.
1194 4153 1305 4208 Nisi
1336 4155 1477 4209 enim
1523 4156 1668 4224 prius
1707 4155 2027 4210 ostendisset

436 4261 558 4298 eum
614 4244 794 4297 mundi
845 4245 1227 4309 Conditorem,
1279 4260 1382 4298 non
1435 4245 1537 4300 ﬁde
1581 4245 1771 4314 dignus
1814 4246 2026 4300 habitus

436 4335 625 4389 fuisset
673 4334 852 4388 mundi
897 4335 1213 4403 Legislator.
1252 4335 1381 4389 Nam
1429 4336 1615 4389 alienis
1653 4337 1820 4404 legem
1862 4336 2020 4400 dare,

435 4427 726 4480 violentum
751 4442 764 4488 ;
794 4442 918 4479 suos
945 4437 1120 4480 autem
1150 4427 1447 4491 instituere,
1477 4436 1892 4480 consentaneum
1919 4437 2019 4479 est.

437 4516 895 4583 Quemadmodum
923 4516 1154 4570 Joannes
1175 4516 1495 4584 evangelista
1523 4533 1626 4570 non
1661 4518 1804 4583 prius
1828 4517 1969 4583 leges
1995 4532 2023 4568 a

438 4607 654 4662 Christo
683 4608 814 4658 latas
859 4607 1063 4674 posuit,
1094 4622 1250 4674 quam
1291 4607 1405 4673 ejus
1434 4608 1760 4660 dominatum
1805 4605 2026 4658 dixisset

440 4700 523 4754 his
549 4698 723 4752 verbis
753 4714 764 4748 :
799 4697 863 4749 In
904 4698 1152 4763 principio
1179 4707 1283 4750 erat
1319 4697 1548 4758 Verbum,
1581 4707 1628 4748 et
1677 4695 1892 4749 Verbum
1921 4703 2026 4747 erat

439 4791 579 4858 apud
611 4789 813 4853 Deum,
846 4799 891 4840 et
923 4787 1061 4841 Deus
1102 4799 1206 4841 erat
1249 4788 1476 4841 Verbum.
1529 4786 1713 4840 Omnia
1744 4794 1831 4855 per
1864 4787 2025 4854 ipsum

442 4885 576 4952 facta
623 4892 738 4934 sunt
765 4921 778 4943 ,
809 4891 854 4932 et
890 4882 995 4933 sine
1026 4881 1134 4949 ipso
1161 4882 1351 4945 factum
1387 4890 1461 4933 est
1491 4882 1619 4934 nihil
1663 4881 1796 4950 quod
1835 4884 2025 4949 factum

439 4983 528 5026 est.
555 4971 623 5024 In
649 4973 757 5040 ipso
787 4973 884 5026 vita
913 4982 1040 5036 erat,
1071 4981 1114 5024 et
1145 4973 1245 5024 vita
1269 4982 1373 5024 erat
1399 4974 1489 5025 lux
1514 4974 1789 5025 hominum.
1816 4971 1880 5023 In
1909 4989 2026 5039 pro-

444 5063 557 5130 pria
586 5064 752 5125 venit,
789 5073 835 5114 ct
866 5064 945 5116 sui
974 5079 1085 5114 eum
1130 5080 1228 5114 non
1273 5074 1563 5128 receperunt
1595 5061 1770 5130 (Joan.
1803 5064 1853 5115 1.
1890 5063 1937 5114 1.
1971 5063 2024 5114 5.

442 5157 494 5208 4.
533 5155 654 5220 ll).
683 5153 813 5206 Cum
859 5153 1081 5206 dixisset
1128 5168 1246 5206 eum
1291 5153 1545 5218 Opiﬁcem
1589 5160 1642 5205 ct
1680 5151 2023 5214 Creatorem,

445 5256 570 5299 tunc
593 5244 794 5296 inducit
818 5244 960 5294 illum
988 5244 1260 5297 doctorem
1290 5254 1340 5296 et
1365 5242 1744 5310 Legislatorem
1769 5241 2026 5294 universi.

453 5341 681 5392 Rursum
714 5335 846 5386 alius
874 5333 1067 5402 Moysis
1099 5349 1307 5401 scapus.
1339 5334 1444 5386 Cur
1471 5333 1658 5386 beatus
1686 5332 1892 5400 Moyses
1918 5345 2024 5382 ca:-

450 5431 554 5483 lum
588 5426 930 5486 memoravit,
968 5433 1180 5487 terram,
1216 5441 1361 5478 mare
1384 5465 1397 5488 ,
1428 5440 1589 5493 aquas
1623 5435 1675 5478 ct
1708 5439 1768 5477 ea
1810 5438 1926 5492 qua:
1962 5437 2025 5475 ex

446 5521 553 5574 illis
595 5531 752 5583 sunt,
788 5519 1091 5587 angelorum
1121 5526 1294 5568 autem
1319 5557 1331 5581 ,
1361 5517 1797 5584 archangelorum
1820 5556 1834 5579 ,
1870 5513 2028 5566 Sera-

451 5610 596 5680 phim
646 5621 695 5662 et
741 5608 1022 5662 Cherubim
1072 5606 1267 5659 nullam
1323 5607 1645 5660 mentionem
1700 5605 2026 5670 fecit?Quia

452 5700 703 5752 nimirum
731 5700 1112 5766 lcgislationem
1141 5695 1204 5748 ad
1231 5698 1478 5762 temporis
1509 5698 1647 5749 illius
1670 5697 2028 5749 conditionem

448 5790 681 5858 aptabat.
709 5789 935 5844 Noverat
957 5789 1094 5843 cnim
1125 5787 1431 5855 quibuscom
1467 5786 1789 5852 loqueretur,
1822 5803 1938 5841 cum
1965 5788 2026 5851 iis

1904 412 2274 470 SEVERIANI

3624 444 3744 498 432

2155 541 2347 593 nempe
2385 529 2476 596 qui
2513 529 2850 601 exJEgypto
2879 534 3076 604 egressi
3123 546 3309 599 erant.
3343 542 3432 608 qui
3459 541 3742 612 Egyptia-

2148 631 2268 670 cum
2299 633 2558 685 errorem,
2591 623 2757 676 solem
2777 664 2792 685 ,
2824 625 3031 687 lunam,
3063 627 3264 693 stellas,
3293 629 3501 696 ﬂuvios,
3534 632 3737 699 fontes,

2147 722 2312 776 aquas
2339 710 2651 765 didicerant.
2682 713 3031 770 lnvisibilium
3061 733 3188 788 ergo
3217 722 3484 777 creatione
3510 726 3696 779 relicta
3718 767 3737 792 ,

2147 797 2213 848 de
2242 799 2532 854 visibilihus
2559 802 2718 855 verba
2748 802 2906 869 facit,
2932 813 2991 858 ut
3018 808 3366 874 persuaderet
3397 812 3475 864 eis
3502 814 3590 881 qui
3620 816 3740 869 ha-c

2147 889 2440 943 adorahant
2461 932 2475 955 ,
2503 899 2560 945 ut
2597 909 2664 947 ne
2703 895 2788 948 illa
2814 896 2946 950 deos
2983 912 3102 952 esse
3140 910 3417 967 putarent,
3445 904 3540 956 sed
3568 919 3738 972 Opera

2148 978 2264 1034 Dei.
2293 979 2406 1035 Non
2439 996 2658 1037 necesse
2688 999 2914 1054 namque
2945 996 3091 1051 erat,
3122 997 3179 1042 ut
3212 990 3317 1045 illis
3342 994 3654 1061 angelorum
3679 1003 3739 1051 et

2145 1068 2585 1138 archangelorum
2630 1074 2872 1128 notitiam
2919 1075 3104 1140 daret,
3151 1094 3219 1134 ne
3262 1096 3471 1134 rursum
3519 1083 3739 1139 illorum

2145 1161 2508 1229 aagritudinem
2538 1164 2722 1218 aleret.
2745 1166 2874 1220 Nam
2901 1169 2964 1233 si,
2997 1170 3201 1226 etiamsi
3225 1188 3328 1226 non
3354 1174 3614 1239 viderent,
3637 1192 3736 1230 an-

2145 1250 2294 1318 gelos
2321 1260 2496 1306 tamen
2530 1269 2650 1308 esse
2677 1255 2945 1324 dixerunt,
2976 1260 3145 1314 multo
3172 1264 3356 1331 magis,
3389 1264 3433 1317 si
3455 1266 3738 1321 audissent

2143 1344 2366 1410 angelos
2394 1354 2486 1397 aut
2527 1346 2879 1417 archangelos
2902 1391 2917 1415 ,
2948 1361 3219 1420 putassent
3259 1355 3378 1408 illos
3415 1372 3535 1412 esse
3575 1357 3732 1413 deos.

2144 1431 2250 1485 Sed
2299 1433 2484 1487 czelum
2533 1447 2824 1500 memorat.
2861 1449 3054 1494 terram
3081 1482 3095 1504 ,
3125 1454 3334 1498 montes
3358 1485 3372 1509 ,
3423 1461 3591 1515 aquas
3613 1488 3628 1511 .
3679 1458 3738 1502 et

2144 1521 2319 1573 omnia
2342 1537 2460 1591 quae
2485 1538 2550 1578 ex
2577 1525 2681 1579 illis
2708 1537 2830 1580 sunt
2853 1545 2868 1592 ;
2893 1540 2950 1582 ut
2981 1532 3279 1586 visibilihus
3299 1535 3618 1589 invisiliilem
3650 1538 3736 1589 in-

2144 1620 2483 1680 terpretetur,
2513 1625 2565 1668 et
2594 1633 2658 1670 ex
2687 1620 2940 1686 operibus
2973 1621 3232 1691 Opiﬁcem
3272 1626 3581 1693 prodat.Sic
3602 1645 3735 1698 ergo

2142 1711 2301 1756 etiam
2331 1712 2438 1758 tres
2466 1708 2613 1773 pueri
2645 1708 2917 1779 Babylone
2962 1713 3216 1767 fecerunt.
3244 1716 3375 1782 Quia
3414 1720 3556 1771 enim
3587 1721 3732 1786 apud

2140 1801 2354 1860 gentem
2399 1794 2540 1849 illam
2591 1799 2937 1854 versabantur
2975 1802 3084 1856 Deo
3135 1804 3398 1858 inimicam
3431 1825 3443 1859 :
3479 1822 3577 1861 nec
3615 1823 3737 1863 erat

2143 1883 2236 1936 Dei
2266 1886 2532 1954 cognitio,
2565 1887 2659 1942 sed
2691 1888 2827 1943 idola
2875 1892 3186 1946 colebantur
3210 1935 3224 1957 ,
3257 1895 3307 1948 in
3349 1895 3565 1952 fornace
3606 1914 3733 1954 cum

2139 1985 2323 2030 essent
2341 2018 2355 2042 ,
2382 1977 2627 2033 dicebant
2659 1997 2671 2031 :
2700 1979 2986 2037 Benedicite
3009 2025 3022 2048 ,
3066 1988 3235 2040 omnia
3284 2005 3436 2057 opera
3479 1989 3692 2044 Domini
3715 2033 3732 2057 ,

2141 2065 2361 2122 Domino
2390 2069 2548 2140 (Dan.
2568 2073 2620 2126 5.
2641 2072 2752 2145 57).
2784 2073 2890 2129 Cur
2919 2093 3023 2131 non
3050 2078 3313 2145 dicebant,
3347 2083 3555 2150 Angeli,
3588 2085 3733 2147 caeli,

2142 2168 2303 2226 terra,
2337 2161 2491 2230 ignis,
2515 2179 2675 2233 aqua,
2707 2165 2891 2236 frigus,
2923 2180 3102 2235 aastns,
3129 2181 3182 2226 et
3211 2173 3422 2236 similia,
3453 2177 3547 2229 sed
3574 2191 3734 2230 crea-

2141 2249 2337 2304 tionem
2369 2251 2638 2321 sigillatim
2681 2271 2990 2314 enumerant
3019 2262 3042 2314 ?
3069 2261 3136 2316 Ut
3174 2273 3467 2318 creaturam
3511 2281 3732 2322 omnem

2138 2339 2441 2404 abluerent,
2472 2352 2525 2397 et
2554 2353 2720 2399 totum
2744 2350 3009 2417 opilicium
3043 2353 3358 2408 mundarent
3382 2396 3396 2419 ,
3423 2357 3733 2427 nullamque

2137 2431 2500 2501 relinquerent
2558 2437 2844 2505 impietatis
2907 2445 3210 2499 scintillam.
3266 2446 3731 2512 Quemadmodum

2137 2522 2297 2575 etiam
2327 2524 2425 2578 hoc
2463 2525 2581 2580 loco
2609 2527 2817 2599 Moyses
2846 2541 2900 2584 ut
2928 2547 3139 2586 omnem
3168 2534 3539 2606 Egyptiacum
3572 2555 3729 2592 erro—

2138 2625 2250 2663 rem
2284 2628 2312 2664 a
2342 2612 2540 2667 Judaeis
2565 2617 2862 2672 eliminarct
2886 2660 2900 2683 ,
2933 2622 3122 2676 ea-luin
3154 2632 3208 2676 et
3237 2633 3428 2678 terram
3461 2636 3516 2680 ut
3545 2639 3731 2682 creata

2138 2716 2432 2772 memorat,
2464 2717 2519 2760 nt
2546 2707 2658 2761 hzrc
2701 2707 2835 2762 facta
2862 2726 2981 2766 esse
3009 2714 3348 2780 ostenderet,
3380 2727 3434 2770 et
3467 2717 3730 2786 Opiﬁeem

2137 2792 2450 2850 declararet.
2481 2797 2546 2850 In
2573 2800 2822 2870 principio
2851 2805 3034 2855 creavit
3070 2804 3208 2858 Deus
3233 2809 3412 2858 cretum
3437 2817 3484 2860 et
3515 2818 3727 2864 terram.

2208 2884 2259 2938 5.
2309 2886 2466 2939 Verba
2511 2888 2742 2957 Moysis,
2792 2892 2844 2944 in
2905 2891 3163 2959 principio
3211 2905 3362 2958 erat,
3405 2912 3520 2949 cum
3562 2901 3730 2953 verbis

2135 2973 2428 3035 Joannis,in
2451 2977 2711 3045 principio
2731 2979 2870 3044 fecit,
2894 2991 3267 3050 comparantur.
3286 2985 3502 3039 Aricinos
3522 2997 3566 3039 et
3581 2990 3730 3041 Ano-

2134 3080 2288 3117 mwos
2314 3065 2590 3135 redarguit.
2625 3067 2739 3120 Duo
2763 3067 3078 3124 Testamenta
3097 3088 3199 3126 uno
3219 3070 3527 3126 Patreorta.
3546 3106 3598 3116 -—
3625 3077 3730 3133 llic

2136 3152 2266 3205 mihi
2296 3155 2530 3207 animum
2553 3155 2766 3210 adhibe.
2791 3157 2901 3228 Ego
2932 3160 3096 3214 miror
3119 3164 3388 3231 quomodo
3413 3165 3647 3221 Joannes
3668 3177 3731 3222 et

2137 3244 2342 3314 Moyses
2375 3246 2512 3301 idem
2553 3248 2862 3314 principium
2904 3249 3152 3304 habeant.
3182 3253 3310 3306 Nam
3343 3254 3428 3309 hic
3454 3257 3581 3310 dicit
3609 3276 3622 3309 :
3661 3257 3732 3312 In

2137 3337 2386 3404 principio
2413 3339 2596 3391 creavit
2621 3355 2637 3402 ;
2671 3339 2759 3393 ille
2788 3355 2914 3392 vero
2941 3342 3014 3394 ait
3039 3361 3050 3395 :
3085 3341 3149 3395 In
3180 3345 3426 3414 principio
3456 3358 3583 3402 erat.
3615 3349 3728 3403 Ve-

2135 3441 2252 3479 rum
2281 3435 2335 3481 et
2365 3427 2454 3480 ille
2479 3428 2698 3494 utiliter,
2727 3439 2780 3485 et
2810 3429 2895 3484 hic
2919 3433 3150 3499 preprie.
3183 3433 3280 3488 Ubi
3307 3450 3538 3504 namque
3565 3453 3730 3493 crea-

2137 3517 2209 3569 tio
2231 3529 2364 3580 erat,
2393 3517 2524 3570 dixit
2552 3518 2776 3587 Moyses,
2805 3519 2984 3582 Fecit;
3015 3521 3100 3573 ubi
3127 3535 3252 3575 vero
3275 3524 3511 3587 Creator,
3544 3531 3732 3592 posuit

2133 3607 2455 3673 evangelista
2479 3647 2492 3667 ,
2528 3605 2672 3656 Erat.
2707 3607 2926 3660 Multum
2974 3618 3148 3661 autem
3189 3619 3271 3662 est
3313 3610 3636 3666 discriminis
3667 3627 3731 3670 et

2135 3693 2394 3747 intervalli
2420 3695 2557 3748 inter
2581 3695 2728 3759 illud,
2756 3694 2934 3757 Fecit;
2962 3705 3015 3750 et
3043 3697 3191 3760 illud,
3216 3697 3346 3750 Erat
3375 3716 3392 3752 :
3419 3701 3548 3754 illud
3575 3705 3728 3759 enim

2133 3801 2252 3840 cum
2299 3796 2423 3840 ante
2469 3802 2575 3839 non
2623 3797 2796 3851 esset,
2841 3787 3034 3842 factum
3080 3799 3160 3842 est
3193 3808 3205 3843 :
3235 3790 3320 3844 hic
3348 3807 3474 3845 vero
3507 3809 3730 3863 semper

2133 3888 2265 3934 erat.
2299 3879 2366 3931 In
2397 3879 2646 3947 principio
2673 3880 2822 3945 fecit,
2860 3889 2945 3945 et,
2979 3879 3045 3933 In
3085 3882 3331 3952 principio
3357 3895 3482 3937 erat.
3519 3885 3609 3939 Dei
3636 3898 3731 3944 est

2132 3985 2282 4036 esse,
2312 3978 2609 4023 creaturam
2641 3986 2767 4022 vero
2807 3970 2947 4033 ﬁeri,
2981 3981 3036 4024 ut
3060 3981 3114 4024 et
3152 3974 3474 4041 evangelista
3525 3974 3725 4029 distin-

2133 4063 2262 4130 guit.
2296 4060 2426 4114 Nam
2458 4060 2524 4114 de
2544 4061 2824 4115 Servatore
2846 4062 2921 4113 ait
2951 4077 2964 4112 :
2997 4059 3064 4113 In
3086 4061 3459 4130 principioerat
3482 4060 3732 4127 Verbum,

2131 4161 2178 4204 et
2209 4149 2421 4203 Verbum
2447 4159 2553 4202 erat
2581 4150 2719 4218 apud
2746 4149 2929 4215 Deum,
2953 4160 3000 4202 et
3030 4149 3165 4203 Deus
3193 4161 3299 4204 erat
3338 4150 3575 4203 Verbum.
3605 4150 3728 4205 Hoc

2134 4253 2238 4296 erat
2265 4243 2318 4294 in
2345 4241 2615 4311 principio.
2643 4239 2708 4293 In
2744 4241 2855 4307 ipso
2884 4241 2983 4292 vita
3012 4249 3138 4304 erat,
3167 4249 3214 4293 et
3241 4240 3342 4292 vita
3371 4250 3476 4292 erat
3508 4240 3597 4292 lux
3620 4246 3725 4294 ho-

2133 4335 2345 4386 minum.
2364 4333 2547 4387 Sexies
2573 4333 2724 4394 dixit,
2746 4331 2890 4394 Erat,
2915 4339 2971 4384 ut
2999 4330 3285 4397 explicaret
3316 4330 3431 4398 ejus
3456 4332 3728 4384 exsisten-

2135 4422 2281 4475 tiam.
2305 4422 2380 4475 De
2426 4420 2622 4472 famulo
2665 4429 2838 4471 autem
2867 4460 2880 4482 ,
2913 4430 3189 4487 pOSIquam
3241 4419 3550 4487 przedicavit
3591 4435 3723 4474 eum

2132 4513 2222 4580 qui
2252 4520 2385 4574 erat,
2425 4522 2479 4563 et
2507 4511 2649 4563 venit
2675 4510 2738 4562 ad
2767 4525 2978 4564 servum
3005 4510 3282 4573 Joannem,
3316 4510 3447 4564 dixit
3481 4529 3494 4564 :
3525 4510 3728 4565 Factus

2133 4611 2206 4655 est
2232 4602 2400 4653 homo.
2436 4601 2577 4654 Deus
2605 4611 2738 4662 erat,
2772 4599 2931 4653 homo
2958 4609 3133 4653 autem
3162 4601 3332 4654 factus
3359 4609 3459 4653 est.
3491 4600 3642 4666 Quod
3672 4603 3728 4656 si

2133 4695 2201 4748 de
2239 4692 2524 4747 Servatore
2571 4690 2748 4746 dicere
2773 4692 3003 4746 audeant
3035 4709 3046 4743 :
3075 4692 3325 4747 Servalor
3349 4694 3509 4746 etiam
3546 4693 3730 4748 factus

2135 4794 2236 4844 est,
2267 4783 2395 4836 nihil
2428 4782 2666 4836 differret
2691 4797 2718 4834 a
2753 4791 2912 4836 terra.
2949 4783 3195 4835 Animum
3222 4782 3415 4835 adhibe
3439 4823 3453 4846 ,
3484 4798 3671 4848 qna~so
3708 4801 3723 4835 :

2134 4877 2177 4931 si
2208 4875 2351 4929 dicat
2374 4873 2654 4926 haereticus
2685 4891 2697 4925 :
2724 4872 2965 4926 Christus
2995 4871 3160 4924 factus
3186 4882 3318 4935 erat,
3344 4886 3448 4923 non
3480 4879 3598 4924 erat
3623 4887 3729 4924 an-

2136 4976 2346 5033 tequam
2378 4966 2560 5025 ﬁeret,
2589 4963 2713 5031 quid
2745 4977 2870 5029 ergo
2902 4963 3018 5030 plus
3061 4961 3301 5021 habebit,
3335 4975 3493 5028 quam
3528 4970 3670 5014 terra
3702 4967 3727 5015 2’

2137 5056 2265 5111 Nam
2293 5055 2359 5109 de
2386 5065 2524 5108 terra
2571 5068 2779 5121 quoque
2806 5054 2878 5104 ait
2916 5051 3125 5120 Moyses
3159 5068 3170 5103 :
3203 5049 3362 5102 Terra
3387 5059 3556 5102 autem
3587 5061 3723 5102 erat.

2135 5148 2188 5201 Si
2219 5148 2376 5215 igitur
2402 5144 2526 5198 illud
2559 5161 2572 5196 :
2603 5142 2668 5193 In
2701 5141 2951 5209 principio
2977 5151 3101 5205 erat,
3127 5139 3194 5195 de
3221 5140 3492 5194 creatione
3519 5139 3722 5192 intelli-

2134 5248 2283 5307 gunt,
2318 5253 2423 5289 non
2456 5236 2521 5287 de
2546 5244 2744 5286 aeterna
2774 5241 2963 5286 natura
2997 5249 3010 5298 ;
3040 5231 3169 5284 nihil
3203 5233 3320 5299 plus
3347 5230 3526 5290 habet,
3556 5244 3723 5296 quam

2137 5339 2296 5382 terra.
2329 5327 2394 5378 Et
2421 5326 2558 5377 Deus
2589 5322 2820 5376 Verbum
2850 5333 2964 5377 erat
2985 5365 2998 5385 ,
3028 5331 3083 5376 et
3131 5330 3269 5375 terra
3313 5327 3428 5372 erat
3459 5335 3470 5367 :
3505 5317 3598 5369 sed
3631 5318 3726 5372 ille

2135 5418 2342 5489 quidem
2369 5419 2415 5468 in
2442 5413 2699 5484 principio
2718 5427 2851 5475 erat,
2879 5431 2980 5465 non
3001 5415 3164 5466 iactus
3189 5424 3400 5476 semper
3414 5411 3681 5462 exsistens
3706 5427 3722 5463 ε

2140 5520 2280 5562 terra
2328 5520 2453 5559 vero
2493 5505 2628 5556 facta
2665 5513 2797 5556 erat.
2835 5500 2946 5553 Non
2986 5504 3128 5553 enim
3165 5501 3309 5568 prius
3340 5498 3470 5551 dixit
3502 5498 3724 5566 legisla-

2140 5609 2239 5662 tor,
2265 5594 2422 5650 Terra
2461 5602 2586 5654 erat,
2610 5592 2783 5646 donec
2810 5592 3009 5644 diceret
3033 5607 3044 5640 :
3079 5589 3142 5642 In
3172 5589 3418 5656 principio
3441 5591 3556 5656 fecit
3584 5588 3725 5640 Deus

2139 5692 2314 5742 cretum
2354 5698 2398 5739 et
2439 5697 2660 5743 terram;
2690 5684 2912 5752 primum
2939 5680 3107 5743 dixit,
3139 5678 3299 5743 Fecit,
3331 5688 3512 5746 postea
3549 5692 3679 5730 vero
3707 5719 3722 5740 ,

2149 5781 2267 5833 Em!
2317 5777 2523 5832 Scimus
2549 5783 2694 5830 certe
2721 5815 2735 5840 ,
2765 5768 2988 5838 fratres,
3017 5771 3110 5824 has
3142 5770 3362 5825 subtiles
3392 5769 3727 5838 qmestioncs
