3984 6424
201 398 308 453 431

195 506 330 561 τὸΐν
355 505 613 576 συνηθείᾳ
635 507 851 568 πάντως
879 505 1096 575 ἀληθὲς,
1127 505 1250 559 οὔτε
1283 509 1343 560 τὸ
1393 509 1540 574 ξένον
1572 509 1784 578 ψευδές·

193 589 327 643 ἀλλὰ
366 588 643 658 πανταχοῦ
693 588 937 658 ζητεῖται
975 590 1025 640 εἰ
1051 589 1338 660 ἀλήθειαῆ
1375 591 1569 658 ψεῦδος
1601 590 1671 644 τά
1702 591 1789 643 λετ

193 674 418 744 γόμενα.
480 673 639 738 Ἀξιῶ
676 673 732 725 δὲ
787 674 927 742 μήτε
968 673 1043 735 ὡς
1090 674 1242 739 φίλον
1292 674 1417 726 τινὰ
1461 676 1788 746 χαρίσασθαι

193 756 562 821 ἀνεξετάστως
594 755 882 825 δεχόμενον
909 757 1036 818 τοὺς
1061 756 1274 824 λόγους·
1319 759 1458 828 μήτε
1487 759 1560 821 ὡς
1593 759 1787 830 ἐχθρὸν

192 838 470 904 ξενίζοντα
501 838 779 890 ἐκὸάλλειν
832 839 921 889 τὸν
961 837 1137 905 λόγον·
1193 839 1308 890 ἀλλ’
1339 841 1472 910 ὁρᾷν
1509 841 1785 910 πανταχοῦ

193 919 345 990 [457]
382 921 431 970 εἰ
455 919 686 989 ἀλήθειά
717 921 864 972 ἐστιν
891 921 1053 988 ήτοῖς
1079 919 1392 990 λεγομένοις
1421 923 1782 992 βραϐεύουσα.

260 1058 326 1125 β’.
375 1060 431 1109 Ἐ
436 1076 470 1109 ν
498 1058 674 1126 ἀρχῇ,
709 1059 892 1127 φησὶν,
920 1059 1211 1124 ἐποίησεν
1238 1063 1270 1114 ό
1309 1061 1452 1127 Θεὸς
1478 1062 1584 1115 τὸν
1611 1065 1786 1129 οὐρα-

187 1140 299 1193 νὸν
328 1141 427 1192 καὶ
455 1141 569 1207 τὴν
599 1141 734 1209 γῆν.
754 1143 813 1193 Ἡ
839 1141 1201 1211 ἱστορίααῦτη
1234 1143 1352 1194 ἐστὶ
1381 1143 1480 1212 μὲν
1505 1145 1786 1206 Μωῦσέως

187 1221 280 1274 τοῦ
334 1222 625 1292 νομοθέτου
682 1223 1042 1292 σύγγραμμα,
1107 1225 1200 1276 καὶ
1259 1224 1580 1293 Πνεύματος
1624 1226 1782 1294 ἁγίου

187 1305 560 1373 ἀποκάλυψις·
615 1304 858 1375 περιέχει
901 1305 958 1355 δὲ
1001 1304 1360 1375 δημιουργίαν
1407 1306 1634 1376 δυνάμει
1685 1307 1783 1375 μὲν

187 1387 320 1439 Θεοῦ
357 1388 684 1457 γεναμένην,
721 1390 1032 1457 προφητικῇ
1089 1387 1144 1438 δὲ
1178 1389 1361 1458 χάριτι
1395 1389 1617 1440 Μωῦσεῖ
1647 1390 1784 1440 ἀποο

186 1469 576 1537 καλυφθεῖσαν.
603 1469 677 1520 Οὐ
720 1469 828 1538 γὰρ
866 1465 1017 1519 εἶπεν
1045 1468 1217 1520 ταῦτα
1266 1469 1507 1538 Μωῡσῆς
1535 1469 1609 1532 ὡς
1638 1471 1783 1521 ίστο-

187 1552 500 1622 ριογράφος,
530 1549 643 1602 ἀλλ’
687 1550 760 1613 ὼς
810 1551 1116 1620 προφήτης.
1159 1545 1295 1601 Εἷπε
1330 1551 1438 1621 γὰρ
1467 1549 1502 1603 ἃ.
1545 1550 1618 1621 μή
1653 1548 1780 1615 εἶδε,

185 1637 278 1688 καὶ
311 1636 614 1705 διηγήσατο
668 1629 742 1686 ὧν
793 1633 990 1703 θεατής
1035 1635 1134 1685 οὐκ
1160 1633 1395 1701 ἐγένετο.
1426 1634 1637 1705 ’Ὠσπερ
1669 1635 1779 1705 γάρ

183 1719 312 1785 τρία
344 1717 460 1786 εῐδη
492 1716 828 1786 προφητείας
877 1717 1180 1786 εἰρήκαμεν
1213 1716 1400 1781 πάλαι,
1436 1718 1519 1769 ὅτι
1568 1717 1782 1786 πρῶτον

189 1802 286 1871 μὲν
317 1797 458 1862 εἰδος
508 1799 841 1869 προφητείας
873 1798 934 1850 τὸ
974 1801 1170 1864 εἰπεῖν,
1226 1799 1482 1869 δεύτερον
1523 1799 1579 1851 δὲ
1614 1801 1676 1853 τὸ
1710 1800 1778 1852 δι’

184 1885 370 1951 ἔργου,
409 1881 588 1952 τρίτον
614 1882 674 1934 16
689 1881 753 1933 δι’
777 1882 937 1951 ἔργου
969 1882 1061 1934 καὶ
1090 1882 1268 1950 λόγου·
1302 1881 1446 1935 οὕτω
1467 1884 1559 1935 καὶ
1589 1882 1781 1936 ἐνταῦ-

185 1965 254 2018 Θα
291 1966 420 2035 τρία
453 1964 591 2035 μέρη
621 1965 976 2035 προφητείας·
1032 1967 1340 2036 προφητεία
1371 1966 1503 2036 περὶ
1544 1965 1651 2017 τῶν
1697 1967 1782 2018 ἐνο

183 2049 459 2108 εστώτων,
485 2048 788 2116 προφητεία
821 2048 946 2118 περὶ
977 2047 1085 2099 τῶν
1120 2048 1441 2118 μελλόντων,
1471 2048 1777 2117 προφητεία

184 2133 314 2200 περὶ
351 2130 461 2182 τῶν
518 2128 914 2200 παρελθόντων.
963 2125 1109 2192 Οἷον,
1147 2130 1206 2182 οὑ
1255 2131 1437 2199 παρῆν
1474 2132 1778 2200 προφήτης,

184 2217 316 2284 φέρε
344 2215 519 2265 εἰπεῖν
563 2213 810 2274 Ἡσαΐας,
849 2215 958 2274 τοῖς
990 2213 1081 2266 ἐπὶ
1128 2213 1406 2274 Μωῦσέως
1447 2213 1778 2282 γενομένοις·

183 2297 297 2350 ἀλλ’
324 2294 514 2365 ἐπειδὴ
533 2295 592 2346 τὸ
612 2294 830 2363 πνεῦμα
865 2295 1142 2358 Μωῡσέως
1169 2292 1236 2366 ῆν
1267 2297 1324 2347 ἐν
1349 2295 1519 2365 αὐτῷ,
1570 2297 1774 2348 ἀποκα-

184 2379 385 2432 λύπτον
415 2376 564 2446 αὐτῷ
594 2377 662 2430 τὰ
719 2377 1004 2447 γενόμενα,
1066 2378 1374 2450 προφητεία
1407 2375 1497 2448 ἦν.
1534 2380 1688 2431 Ἔστι
1722 2379 1779 2430 δὲ

185 2459 340 2524 αὖθις
365 2464 670 2532 προφητεία
706 2461 797 2511 καὶ
839 2461 931 2511 ἐπὶ
960 2461 1068 2513 τῶν
1115 2462 1421 2531 παρόντων·
1465 2462 1540 2524 ὡς
1577 2464 1670 2514 ὲάν
1696 2477 1778 2523 τις

183 2547 278 2598 καὶ
323 2545 419 2595 ἐπὶ
464 2541 558 2594 τοῦ
592 2542 870 2611 προφήτου
905 2542 1076 2604 ἑστὼς
1126 2542 1250 2613 θέλῃ
1283 2542 1487 2614 κρύψαι
1524 2561 1574 2595 τι
1603 2546 1661 2595 ἐν
1711 2547 1778 2615 τῇ

181 2628 414 2698 διανοίᾳ,
450 2626 543 2676 καὶ
577 2626 604 2676 ὀ
639 2626 918 2694 προφήτης
950 2625 1145 2695 ἐλέγχῃ
1190 2628 1352 2677 αὑτὸν
1373 2664 1386 2687 ,
1433 2626 1508 2687 ὼς
1541 2627 1568 2676 6
1606 2625 1781 2677 Ἐλισ-

185 2714 335 2774 σαῖος
390 2710 484 2762 τὸν
511 2707 682 2772 nam,
739 2709 808 2761 τά
842 2708 1105 2778 μέλλοντα
1162 2708 1555 2779 προσημαίνων
1589 2710 1682 2761 καὶ
1712 2708 1779 2760 τά

184 2792 544 2864 κεκρυμμένα
575 2790 848 2844 δεικνύων.
874 2791 1114 2860 Μωῦσῆς
1131 2786 1251 2843 εἷπε
1281 2792 1351 2843 τά
1385 2791 1776 2860 προγεγονότα,

182 2875 334 2929 ἄλλοι
373 2876 445 2926 τὰ
507 2872 787 2926 μέλλοντα.
846 2873 1030 2933 Οὕτως
1091 2868 1182 2926 οὖν
1239 2873 1318 2925 δεῖ
1361 2872 1649 2945 προσέγειν
1707 2875 1774 2919 *ἦ

187 2957 404 3028 ἱστορίᾳ
437 2956 632 3027 ταύτῃ,
664 2957 760 3025 οὐχ
784 2956 856 3018 ῶς
884 2955 1202 3025 διηγήματι,
1228 2955 1340 3007 ἀλλ’
1364 2954 1438 3017 ὼς
1473 2953 1780 3024 προφητείᾳ

185 3043 417 3112 ἀληθινῇ
470 3042 536 3091 ἐκ
571 3039 885 3109 Πνεύματος
929 3039 1084 3106 ἁγίου
1122 3037 1480 3108 λελαλημένῃ.
1531 3038 1624 3100 Τίς
1657 3038 1713 3090 δὲ
1750 3039 1780 3089 6

187 3126 387 3186 σκοπὸς
411 3122 488 3193 τῷ
518 3125 766 3191 προφήτῃ
787 3141 801 3186 ;
819 3123 922 3174 Δύο
938 3123 1251 3193 πρόκεινται
1273 3123 1501 3175 Μωῦσεῖ
1526 3119 1774 3189 ποιῆσαι,

185 3209 278 3262 καὶ
299 3205 654 3260 διδασκαλίαν
687 3204 963 3268 ἐκθέσθαι,
1007 3204 1100 3256 καὶ
1130 3203 1452 3273 νομοθεσίαν
1482 3204 1775 3256 ὑποτυπῶ-

186 3308 296 3345 σαι.
335 3289 655 3359 Νομοθέτης
688 3289 794 3359 γὰρ
813 3288 908 3352 ῶν,
933 3288 993 3340 οὑ
1023 3287 1237 3358 πρῶτον
1268 3288 1466 3358 ήρξατο
1493 3289 1592 3358 τῆς
1620 3305 1778 3359 νομο-

186 3373 397 3436 θεσίας,
429 3371 566 3424 ἀλλά
597 3371 696 3440 τῆς
726 3370 1104 3441 δημιουργίας.
1137 3369 1289 3421 Διατί
1319 3368 1376 3422 δέ
1400 3368 1613 3440 πρῶτον
1643 3370 1776 3439 ἠθέ-

185 3456 317 3526 λησε
348 3454 519 3520 δεῖξαι
550 3453 642 3507 16v
665 3453 795 3506 Θεὸν
815 3452 1145 3523 δημιουργὸν
1193 3451 1288 3504 τοῦ
1320 3454 1521 3516 παντὸς
1557 3453 1650 3505 καὶ
1681 3455 1777 3506 Δε-

188 3538 429 3607 σπότηνς
465 3537 582 3588 Ἵνα
604 3536 788 3606 δειχθῇ
819 3535 970 3598 Θεός·
1000 3537 1100 3588 οὐκ
1127 3535 1429 3608 ἀλλοτρίοις
1448 3535 1772 3606 νομοθετῶν,

187 3620 320 3673 ἀλλά
353 3621 468 3681 τοῖς
520 3619 690 3682 ἰδίοις.
743 3618 807 3670 Et
841 3618 916 3688 μὴ
957 3619 1066 3688 γὰρ
1113 3617 1331 3690 πρῶτον
1384 3618 1585 3682 ἔδειξεν
1614 3619 1776 3672 αὑτὸν

185 3701 517 3774 δημιουργὸν
546 3700 639 3752 τοῦ
688 3700 916 3768 κόσμου,
962 3702 1063 3752 οὐκ
1112 3701 1176 3752 ἂν
1225 3699 1533 3764 ἀξιόπιστος
1561 3701 1776 3772 ἐδείχθη

185 3786 485 3857 νομοθέτης
513 3782 606 3836 τοῦ
642 3783 868 3852 κόσμου.
891 3781 964 3832 Τὸ
985 3783 1095 3848 γάρ
1127 3783 1427 3852 ἀλλοτρίοις
1444 3783 1773 3853 νομοθετεῖν,

186 3871 328 3942 βίας·
379 3869 441 3921 16
495 3867 550 3919 δὲ
600 3869 724 3929 τοὺς
758 3866 922 3928 ἰδίους
955 3865 1252 3927 παιδεύειν,
1289 3866 1630 3927 ἀκολουθίας.
1666 3868 1774 3918 Kal

183 3953 375 4023 ὥσπερ
422 3950 716 4018 ἰωάννηςό
747 3947 1149 4018 Εὑαγγελιστὴς
1177 3949 1236 4000 οὑ
1263 3947 1477 4018 πρῶτον
1498 3948 1652 4011 ἔταξε
1676 3948 1770 4000 τοῦ

185 4031 424 4104 Χριστοῦ
463 4032 563 4101 τὴν
584 4030 925 4101 νομοθεσίαν,
951 4030 1054 4092 ἕως
1079 4026 1231 4084 εἷπεν
1263 4029 1427 4083 αὑτοῦ
1451 4030 1548 4102 τὴν
1576 4031 1772 4084 δεσπο-

184 4114 571 4180 τείαν,εῐπών·
619 4115 713 4166 Ἐν
751 4111 908 4182 ἀρχῇ
952 4109 1029 4181 ἦν
1068 4116 1100 4165 ό
1137 4114 1351 4181 Λόγος,
1389 4113 1485 4165 καί
1510 4116 1542 4165 ό
1583 4114 1772 4182 Λόγος

184 4197 262 4271 ἦν
295 4199 449 4268 πρὸς
469 4197 574 4250 τὸν
605 4197 773 4260 Θεὸν,
799 4198 894 4249 καί
923 4195 1066 4258 Θεὸς
1085 4191 1164 4263 ἦν
1187 4198 1219 4248 ό
1238 4196 1447 4262 Λόγος.
1475 4195 1678 4248 Πάντα
1698 4196 1772 4249 δι’

184 4283 372 4338 αὐτοῦ
402 4279 659 4349 ἐγένετο,
693 4284 791 4332 καὶ
821 4278 998 4346 χωρὶς
1021 4277 1206 4330 αὑτοῦ
1239 4277 1476 4344 ἐγένετο
1503 4277 1644 4331 οὐδὲ
1680 4278 1770 4344 ἒν,

186 4366 217 4420 ὸ
241 4367 511 4436 γέγονεν.
560 4364 662 4416 Ἐν
683 4360 843 4426 αὐτῷ
864 4361 974 4428 ζωὴ
1013 4359 1110 4432 ἦν,
1135 4361 1232 4414 καί
1255 4364 1292 4429 ἡ
1329 4359 1439 4428 ζωὴ
1465 4357 1543 4430 ἦν
1564 4361 1629 4413 τὸ
1646 4359 1773 4429 φῶς

187 4447 304 4502 τῶν
331 4446 676 4513 ἀνθρώπων.
709 4448 813 4510 Εἰς
846 4446 917 4498 τὰ
947 4445 1068 4498 Ζδια
1090 4443 1257 4516 ἦλθε,
1297 4446 1396 4498 καὶ
1420 4448 1473 4499 οἰ
1499 4445 1632 4498 ἴδιοι
1667 4449 1774 4498 αὑ-

188 4533 292 4585 τὸν
316 4532 388 4583 οὺ
427 4527 793 4596 παρέλαϐον.
829 4529 958 4582 Ὅτε
1007 4525 1161 4581 εἶπεν
1203 4530 1362 4582 αὐτὸν
1400 4528 1634 4599 Ποιητὴν
1679 4528 1770 4580 καὶ

189 4611 552 4684 Δημιουργὸν,
578 4611 697 4662 τότε
723 4611 933 4678 εἰσάγει
965 4612 1126 4664 αὑτὸν
1147 4611 1465 4666 διδάσκαλον
1486 4613 1579 4664 καὶ
1610 4629 1770 4681 νομο-

190 4697 349 4766 θέτην
387 4693 483 4746 τοῦ
539 4693 758 4757 παντός.
811 4694 978 4746 Πάλιν
1029 4695 1186 4757 ἄλλος
1242 4696 1439 4758 σκοπὸς
1471 4698 1767 4760 Μωῡσέως·

188 4780 338 4834 Διατί
362 4780 390 4830 6
421 4778 687 4848 μακάριος
716 4777 958 4847 Μωῦσῆς
984 4779 1215 4847 ουρανοῦ
1241 4779 1341 4846 μὲν
1374 4780 1768 4849 ἐμνημόνευσε,

191 4864 282 4917 καὶ
316 4863 420 4930 γῆς
457 4863 551 4914 καὶ
575 4861 848 4933 θαλάσσης
871 4863 963 4916 καὶ
984 4862 1212 4924 ὑδάτων,
1249 4863 1468 4914 καὶτῶν
1490 4863 1548 4926 ἐξ
1569 4863 1769 4929 αὐτῶν,

195 4946 441 5014 ἀγγέλων
468 4944 525 4995 δὲ
556 4945 590 5014 ἢ
609 4946 1038 5016 ἀρχαγγέλων,ἢ
1066 4945 1364 5016 Σεραφεὶμ,
1396 4945 1429 5014 ἢ
1465 4946 1772 5016 Χερουϐεὶμ

190 5030 290 5083 οὐκ
314 5025 755 5096 ὲμνημόνευσεν;
805 5028 1022 5098 Ἐπειδὴ
1046 5030 1137 5080 καὶ
1155 5027 1252 5098 τήν
1285 5028 1606 5097 νομοθεσίαν
1636 5029 1771 5097 πρὸς

191 5115 315 5175 τοὺς
352 5111 471 5163 τότε
505 5111 730 5178 καιροὺς
753 5110 1012 5181 ἥρμοζεν.
1053 5113 1204 5183 ᾚδει
1231 5113 1339 5183 γὰρ
1373 5109 1453 5175 οἷς
1481 5113 1767 5180 διελέγετο,

192 5197 305 5257 τοῖς
333 5191 636 5257 ἐξελθοῦσιν
663 5195 726 5244 ἐκ
752 5195 848 5262 τῆς
872 5194 1169 5262 Αἰγύπτου,
1200 5198 1311 5258 τοῖς
1337 5196 1435 5266 τὴν
1475 5198 1772 5264 Αἰγυπτιαο

194 5278 295 5348 κήν
329 5275 537 5346 πλάνην
561 5274 842 5344 μαθοῦσιν,
875 5276 1026 5342 ἣλιον
1053 5279 1147 5330 καὶ
1189 5278 1417 5348 σελήνην
1448 5279 1541 5331 καὶ
1574 5279 1768 5348 ἄστρα,

195 5361 473 5429 ποταμοὺς
511 5359 604 5410 καὶ
632 5358 814 5426 πηγὰς
857 5358 950 5408 καὶ
983 5358 1167 5412 ὕδατα.
1205 5361 1510 5414 Κατέλιπεν
1556 5358 1646 5415 οὖν
1676 5363 1773 5432 τὴν

193 5442 300 5495 τῶν
323 5443 569 5512 ἀοράτων
601 5441 977 5511 δημιουργίαν,
1009 5443 1101 5493 καὶ
1119 5447 1264 5495 κενοῖ
1290 5443 1376 5496 τὸν
1411 5443 1565 5512 λόγον
1587 5445 1676 5496 ἐπὶ
1704 5446 1772 5498 τά

197 5525 345 5598 [ιδε]
375 5524 649 5596 ὁρώμενα,
681 5524 764 5576 ἵνα
795 5523 956 5593 πείσῃ
1004 5525 1128 5586 τοὺς
1158 5525 1366 5589 τούτοις
1407 5528 1773 5598 προσκυνοῦν-

194 5625 291 5672 τας
325 5608 400 5678 μὴ
425 5607 666 5677 νομίζειν
682 5606 818 5660 αὑτά
841 5605 1014 5668 θεοὺς,
1046 5606 1160 5659 ἀλλ’
1186 5609 1324 5678 ἔργα
1357 5611 1635 5664 Θεοῦ.Καὶ
1666 5611 1773 5681 γάρ

196 5693 295 5746 οὐκ
338 5688 407 5762 ἦν
433 5694 725 5761 ἀναγκαῖον
752 5693 871 5746 τότε
916 5693 1082 5756 δεῖξαι
1117 5694 1343 5757 ἐκείνοις
1370 5697 1498 5767 περί
1529 5698 1774 5766 ἀγγέλων

196 5775 291 5828 καὶ
325 5777 699 5847 ἀρχαγγέλων,
745 5778 830 5830 ἵνα
865 5776 939 5847 μὴ
971 5777 1130 5834 πάλιν
1159 5777 1334 5851 θρέψῃ
1359 5781 1538 5837 αὐτῶν
1564 5783 1661 5856 τήν
1694 5781 1771 5835 νό-

1245 395 1331 452 ὒΕ
1371 396 1588 453 MUNDI
1619 399 1802 454 ωιΕΑ
1819 398 2015 454 [IGNE
2052 401 2308 459 ORATIO
2352 406 2389 461 1.

3355 423 3469 477 432

1896 514 2094 601 σον-Εἰ
2135 515 2245 585 γὰρ
2292 517 2366 587 μὴ
2398 517 2685 586 βλέποντες
2719 523 2980 590 ἀγγέλους
3019 521 3178 580 εἶπαν
3213 540 3261 594 ι,
3291 529 3473 601 πολλῷ

1892 597 2189 684 μᾶλλον,λεί
2216 601 2454 684 ἤκουσαν
2488 606 2753 670 ἀγγέλους
2786 608 2818 676 ἢ
2871 609 3263 678 ἀρχαγγέλους,
3291 597 3472 684 ἐνόμιλ

1891 695 1989 731 σαν
2018 681 2256 745 ἐκείνους
2284 683 2438 748 θεοὺς
2463 684 2621 739 εἶναι.
2673 688 2830 742 Ἀλλά
2873 695 3200 762 μνημονεύει
3240 681 3469 764 οὐρανοῦ

1889 762 1983 845 καὶ
2010 764 2131 831 γῆς.
2163 764 2331 833 ὀρέων
2353 770 2446 819 καὶ
2465 768 2688 834 ὑδάτων,
2710 774 2801 824 καὶ
2822 773 2930 826 τῶν
2955 774 3012 838 ἐξ
3034 777 3207 828 αὐτῶν
3229 762 3467 845 πάντων,

1890 843 1975 896 ἵνα
2021 847 2128 897 ἀπὸ
2152 847 2260 897 τῶν
2289 848 2582 917 ὁρωμένων
2618 852 2931 925 ἑρμηνεύσῃ
2976 856 3065 909 τὸν
3094 857 3345 927 ἀόρατον,
3377 843 3470 912 καί.

1888 927 1994 978 ἀπὸ
2011 927 2118 978 τῶν
2141 928 2315 997 ἔργων
2342 930 2486 1002 δείξῃ
2514 932 2604 984 τὸν
2649 935 2920 1006 τεχνίτην.
2952 937 3136 1001 Οὕτως
3163 938 3257 992 οὖν
3289 944 3381 994 καὶ
3418 943 3468 994 οἰ

1885 1012 2037 1095 τρεῖς
2065 1011 2251 1095 παῖδες
2290 1012 2347 1062 ἐν
2382 1015 2660 1067 Βαϐυλῶνι
2689 1018 2974 1088 ἐποίησαν.
3025 1021 3243 1094 Ἐπειδὴ
3273 1025 3382 1095 γὰρ
3411 1027 3469 1078 ἐν

1885 1093 1962 1161 τῷ
1991 1093 2132 1146 έθνει
2159 1090 2300 1164 ἦσαν
2336 1097 2529 1164 ἐκείνῳ
2553 1100 2630 1163 τῷ
2661 1100 2937 1172 θεομάχῳ,
2970 1105 3065 1156 καὶ
3109 1107 3209 1158 οὐκ
3330 1090 3465 1159 Θεοῦ

1886 1173 2104 1241 γνῶσις,
2138 1176 2252 1227 ἀλλ’
2283 1176 2477 1230 εἴδωλα
2509 1187 2918 1249 προσεκυνείτο,
2955 1186 3011 1236 ἐν
3051 1189 3115 1255 τῇ
3146 1173 3362 1258 καμίνῳ
3383 1189 3469 1242 δν-

1885 1274 1974 1320 τες
2018 1258 2286 1325 λέγουσιν·
2325 1265 2664 1332 Εὑλογεῖτε,
2717 1267 2913 1320 πάντα
2941 1267 3012 1320 τὰ
3044 1269 3187 1338 é‘pra
3220 1272 3463 1337 Κυρίου,

1884 1340 1990 1426 τὸν
2011 1343 2250 1426 Κύριον.
2277 1346 2430 1396 Διατί
2459 1347 2557 1399 οὐκ
2581 1344 2754 1414 εἷπον,
2793 1352 3069 1419 Ἄγγελοι.
3099 1354 3336 1424 οὐρανοὶ,
3372 1357 3466 1426 γῆ,

1884 1423 2017 1493 πῦρ,
2079 1425 2243 1496 ὕδωρ,
2290 1428 2481 1499 ψῦχος,
2513 1432 2721 1502 καῦμα,
2779 1436 2872 1488 καὶ
2903 1437 3000 1487 ὅσα
3039 1423 3286 1500 τοιαῦτα,
3333 1423 3468 1493 ἀλλά

1883 1506 1984 1593 τῂν
2030 1508 2391 1579 δημιουργίαν
2443 1515 2735 1584 ἀριθμοῦσι
2783 1518 2920 1570 κατὰ
2955 1519 3152 1589 μέρος;
3186 1523 3302 1573 Ἵνα
3340 1521 3468 1593 ὃλην

1885 1589 2122 1642 πλύνωσι
2185 1593 2282 1662 τήν
2316 1595 2514 1656 κτίσιν,
2564 1599 2655 1650 καὶ
2684 1600 2811 1668 ὃλην
2842 1601 3180 1670 καθαρίσωσι
3232 1604 3332 1672 τήν
3373 1589 3469 1673 δη-

1886 1675 2194 1744 μιουργίαν,
2227 1678 2320 1728 καὶ
2357 1679 2559 1748 μηδένα
2599 1682 3018 1754 καταλ[ε]ίπωσι
3067 1684 3339 1754 σπινθῆρα
3368 1689 3466 1755 τῆς

1884 1757 2158 1820 ἀσεϐείας.
2194 1760 2404 1832 Ὥσπερ
2431 1764 2524 1815 καὶ
2557 1764 2788 1818 ἐνταῦθα
2822 1766 3064 1836 Μωῦσῆς
3099 1766 3333 1837 θελήσας
3358 1769 3468 1822 τῶν

1898 1840 2164 1894 Ἰουδαίων
2207 1843 2305 1913 τὴν
2357 1847 2735 1919 Αἰγυπτιακὴν
2764 1851 3034 1903 ἀπελάσαι
3068 1850 3296 1920 πλάνην,
3334 1869 3467 1921 μνη-

1886 1923 2099 1991 μονεύει
2130 1927 2222 1977 καὶ
2251 1927 2480 1996 ούρανοῦ
2516 1931 2607 1980 καὶ
2635 1932 2738 2000 γῆς
2757 1931 2830 1994 ὼς
2848 1933 3173 2002 γενομένων,
3208 1935 3293 1988 ἴνα
3319 1934 3469 2006 δείξῃ

1881 2005 1948 2057 τὰ
1985 2009 2345 2076 πεποιημένα,
2400 2012 2494 2063 καὶ
2556 2015 2906 2085 μνημονεύσῃ
2960 2017 3051 2068 τὸν
3105 2005 3463 2086 πεποιηκότα·

1895 2088 1992 2140 Ἐν
2016 2089 2172 2159 ἀρχῇ
2200 2093 2494 2160 ἐποίησεν
2530 2099 2562 2148 ό
2610 2098 2755 2161 Θεὸς
2789 2097 2896 2149 τὸν
2935 2100 3193 2167 οὐρανὸν
3223 2101 3319 2154 καί
3353 2098 3468 2168 τὴν

1880 2189 2017 2240 την.

1952 2253 2022 2321 γ’.
2038 2249 2165 2308 Ὧδέ
2192 2273 2280 2325 μοι
2309 2257 2400 2310 τὸν
2435 2257 2578 2313 νοῦν.
2626 2260 2768 2327 Ἐγὼ
2794 2261 3057 2331 θαυμάζω
3073 2263 3188 2326 πῶς
3215 2264 3468 2333 Ἰωάννης

1881 2338 1976 2388 καὶ
2003 2337 2237 2407 Μωῦσῆς
2259 2341 2318 2391 16
2341 2341 2472 2392 αὐτὸ
2494 2342 2780 2412 προοίμιον
2810 2345 2989 2413 ἔσχον.
3027 2347 3136 2398 Kal
3174 2345 3282 2416 γὰρ
3309 2339 3466 2409 οὗτος

1880 2419 2046 2489 λέγει·
2093 2421 2185 2474 Ἐν
2223 2422 2378 2490 ἀρχῇ
2403 2425 2672 2491 ἐποίησε·
2709 2427 2957 2489 κάκεῖνος
2983 2428 3150 2495 λέγει·
3184 2429 3285 2482 Ἑν
3306 2427 3465 2496 ἀρχῇ

1880 2501 1978 2573 ἦν.
2028 2505 2188 2558 Ἀ).λά
2234 2511 2485 2570 κάκεῖνος
2539 2510 2848 2579 χρησίμως,
2896 2514 2990 2563 καὶ
3038 2506 3191 2575 οὗτος
3237 2512 3462 2580 κυρίως.

1883 2587 2057 2639 Ὅπου
2127 2588 2226 2657 μὲν
2290 2590 2399 2660 γάρ
2451 2591 2813 2662 δημιουργία,
2884 2592 3042 2656 ἔταξε
3094 2595 3334 2662 Μωῠσῆς
3366 2595 3463 2656 16.

1893 2668 2216 2736 Ἐποίησεν
2241 2689 2253 2700 ·
2287 2673 2421 2724 ὅπου
2465 2675 2521 2725 δὲ
2558 2675 2918 2744 δημιουργὸς,
2964 2676 3118 2741 ἔταξε
3153 2677 3246 2738 16,
3278 2673 3406 2742 Ἦν,
3437 2680 3466 2730 ὁ

1880 2752 2288 2821 εὐαγγελιστής.
2324 2755 2464 2808 Πολὺ
2491 2755 2546 2808 δὲ
2580 2757 2640 2809 τὸ
2680 2758 2843 2824 μέσον
2879 2758 2993 2823 τοῦ,
3041 2759 3337 2824 Ἐποίησε,
3371 2761 3466 2814 καὶ

1877 2834 1993 2897 τοῦ,
2025 2831 2144 2887 Ἦν
2163 2852 2175 2864 ·
2212 2835 2272 2887 τὸ
2304 2837 2402 2906 μὲν
2429 2839 2538 2908 γὰρ
2562 2839 2797 2906 ἐγένετο,
2833 2840 2904 2909 μὴ
2934 2840 3012 2904 ὃν,
3042 2843 3070 2894 6
3098 2841 3154 2894 δέ
3175 2838 3244 2912 ῆν
3265 2843 3350 2894 ἀεὶ
3369 2842 3462 2894 ῶν.

1892 2919 1987 2970 Ἐν
2011 2919 2168 2987 ἀρχῇ
2195 2920 2466 2989 ἐποίησε·
2503 2925 2597 2975 καὶ
2619 2963 2633 2984 ,
2677 2926 2779 2976 Ἐν
2806 2924 2966 2993 ἀρχῇ
2991 2922 3087 2994 ἦν.
3129 2924 3264 2978 Θεοῦ
3305 2929 3369 2980 16
3393 2924 3466 2978 εί-

1879 3019 1985 3064 ναι,
2015 3004 2329 3073 κτισμάτων
2362 3005 2418 3056 δέ
2445 3005 2506 3057 16
2528 3006 2792 3074 γίνεσθαι,
2835 3007 3022 3078 ὥσπερ
3051 3009 3145 3061 καὶ
3177 3011 3204 3061 6
3233 3008 3464 3076 εὐαγγε-

1877 3085 2062 3155 λιστὴς
2092 3086 2318 3155 μερίζει.
2348 3088 2482 3158 Περὶ
2501 3090 2600 3158 μέν
2630 3090 2737 3158 γὰρ
2762 3089 2854 3141 τοῦ
2874 3091 3123 3160 Σωτῆρος
3143 3090 3323 3159 λέγει·
3364 3093 3466 3145 Ἐν

1876 3165 2032 3234 ἀρχῇ
2069 3163 2146 3236 ἦν
2171 3170 2202 3219 ό
2235 3169 2442 3236 Λόγος,
2476 3168 2574 3221 καὶ
2605 3172 2638 3222 ό
2668 3170 2858 3237 Λόγος
2881 3165 2960 3238 ἦν
2982 3172 3131 3236 πρὸς
3160 3172 3265 3224 τὸν
3294 3173 3461 3234 Θεὸν,

1878 3249 1976 3301 καὶ
2010 3248 2154 3314 Θεὸς
2183 3245 2262 3318 ἦν
2287 3253 2319 3303 ό
2358 3251 2566 3319 Λόγος.
2596 3249 2782 3317 Οὗτος
2808 3249 2889 3321 ἦν
2918 3254 2987 3306 ἐν
3013 3254 3190 3322 ἀρχῇ.
3234 3257 3335 3308 Ἐν
3358 3259 3466 3309 αὑ-

1877 3328 1956 3394 τῷ
1977 3328 2089 3398 ζωὴ
2121 3327 2218 3400 ἦν,
2247 3334 2345 3384 καί
2376 3334 2414 3399 ἡ
2447 3332 2558 3400 ζωὴ
2606 3330 2686 3403 ἦν
2707 3337 2771 3387 τὸ
2800 3335 2926 3403 φῶς
2966 3335 3085 3389 τῶν
3114 3337 3461 3402 ἀνθρώπων.

1888 3412 2148 3478 Ἐξάκιςδ
2183 3414 2331 3482 λέγει
2368 3415 2451 3476 16,
2478 3411 2608 3480 Ἦν,
2642 3419 2727 3470 ἵνα
2771 3419 3083 3491 ἐρμηνεύσῃ
3117 3420 3178 3473 τὸ
3209 3422 3287 3473 δν.
3327 3423 3465 3492 Περὶ

1875 3495 1931 3548 δὲ
1953 3494 2045 3548 τοῦ
2065 3498 2296 3561 οἰκέτου,
2321 3499 2406 3550 ὅτε
2431 3500 2664 3569 ἐκήρυξε
2690 3501 2780 3552 τὸν
2803 3501 2948 3563 ὄντα,
2975 3504 3067 3556 καὶ
3086 3499 3247 3573 ἦλθεν
3264 3507 3344 3567 εἰς
3370 3505 3463 3558 τὸν

1875 3577 2060 3631 δοῦλον
2113 3580 2204 3633 τὸν
2266 3581 2548 3651 Ἰωάννην,
2597 3583 2775 3651 λέγει·
2822 3585 3091 3653 Ἐγένετο
3127 3586 3458 3656 ἅνθρωπος.

1875 3660 2008 3724 Θεὸς
2031 3657 2120 3733 ἦν,
2147 3663 2430 3734 ἄνθρωπος
2460 3666 2514 3718 δὲ
2536 3668 2770 3734 ἐγένετο.
2799 3669 2862 3720 Εἰ
2887 3668 2943 3721 δὲ
2964 3670 3055 3722 καὶ
3081 3671 3206 3740 περί
3229 3671 3322 3724 τοῦ
3349 3672 3462 3724 Σω-

1875 3743 2042 3813 τῆρος
2061 3746 2299 3815 τολμῶσι
2325 3747 2520 3816 λέγειν,
2550 3751 2633 3802 ὅτι
2656 3751 2748 3802 καὶ
2774 3751 2802 3801 6
2831 3752 3021 3822 Σωτήρ
3050 3753 3337 3822 γενόμενος
3366 3749 3456 3824 ἦν,

1876 3827 2029 3878 οὐδὲν
2062 3827 2306 3898 διαφέρει
2337 3831 2432 3898 τῆς
2473 3832 2597 3900 γῆς.
2639 3833 2902 3902 Πρόσεχε,
2942 3836 3278 3904 παρακαλῶ·
3329 3837 3457 3889 Ἐὰν

1875 3906 2005 3979 εἴπῃ
2032 3910 2060 3961 6
2093 3911 2388 3979 αἰρετικδς,
2419 3913 2498 3965 ὅτι
2530 3914 2761 3982 Χριστὸς
2791 3914 3079 3984 γενόμενος
3105 3912 3193 3981 ἦν,
3225 3917 3351 3988 πρὶν
3373 3936 3458 3986 γε-

1875 3996 2059 4048 νέσθαι
2091 3996 2190 4048 οὐκ
2223 3991 2312 4066 ἦν,
2352 3995 2404 4048 τί
2435 3995 2595 4048 πλέον
2622 3997 2732 4066 ἔχει
2760 3998 2858 4068 τῆς
2888 3999 3022 4068 γῆς;
3055 4001 3164 4053 Kal
3202 4000 3309 4071 γὰρ
3330 4002 3458 4073 περὶ

1874 4081 1972 4150 τῆς
2005 4081 2107 4148 γῆς
2132 4073 2251 4130 εἶπε
2280 4079 2522 4148 Μωῦσῆς
2545 4096 2557 4108 ⁸
2592 4080 2659 4133 Ἢ
2685 4080 2753 4133 δὲ
2778 4079 2852 4150 τῆ
2881 4077 2978 4152 ἦν.
3010 4083 3072 4134 El
3103 4079 3195 4135 οῦν
3229 4084 3306 4147 16,
3357 4085 3459 4138 Ἐν

1875 4160 2034 4229 ἀρχῇ
2061 4156 2160 4230 ἦν,
2201 4163 2280 4222 εἰς
2314 4160 2531 4230 ποίησιν
2563 4161 2895 4231 λαμϐάνουσι
2915 4203 2929 4226 ,
2976 4167 3070 4218 καὶ
3100 4166 3159 4217 οὐ
3191 4166 3330 4219 κατά
3360 4167 3458 4237 τὴν

1876 4245 2042 4296 ἀΐδιον
2074 4244 2254 4312 φύσιν,
2288 4244 2436 4297 οὐδὲν
2472 4245 2631 4298 πλέον
2659 4246 2768 4316 ἔχει
2809 4251 2906 4317 τῆς
2943 4248 3066 4317 γῆς.
3113 4251 3220 4303 Καὶ
3265 4253 3295 4302 6
3326 4251 3457 4315 Θεὸς

1875 4327 2045 4393 Λόγος
2066 4323 2155 4398 ἦν,
2185 4329 2280 4380 καὶ
2301 4331 2328 4398 ή
2351 4331 2418 4399 γῆ
2443 4325 2511 4399 ἦν
2527 4347 2541 4361 ·
2564 4329 2678 4382 ἀλλ’
2701 4332 2818 4383 ἐκεῖ
2836 4343 2857 4369 ε
2895 4333 2992 4401 μὲν
3013 4335 3070 4385 ἐν
3094 4334 3233 4404 ἀρχῇ
3261 4331 3348 4404 ἦν,
3382 4335 3456 4406 μὴ

1875 4409 2180 4478 γενόμενος,
2209 4410 2293 4462 ἀεὶ
2331 4411 2406 4462 ῶν
2429 4428 2443 4444 ·
2470 4413 2503 4481 ή
2532 4411 2588 4464 δὲ
2605 4412 2675 4481 γῆ
2701 4414 2966 4483 γενομένη
2987 4410 3074 4484 ῆν.
3108 4417 3180 4467 Οὑ
3209 4417 3317 4485 γὰρ
3336 4412 3456 4469 εἷπε

1875 4493 2088 4560 πρῶτον
2112 4494 2139 4544 6
2154 4493 2466 4563 νομοθέτης,
2496 4495 2554 4550 Ἠ
2575 4494 2643 4546 δὲ
2664 4495 2740 4562 γνῆ
2756 4491 2855 4563 ἦν,
2878 4497 2980 4559 ἓως
2996 4499 3083 4550 ὅτε
3104 4495 3253 4552 εἶπεν
3268 4541 3282 4563 ,
3305 4497 3455 4570 [459]

1886 4576 1987 4626 Ἰτῗν
2018 4575 2177 4642 ἀρχῇ
2207 4577 2494 4641 ἐποίησεν
2533 4581 2564 4629 ό
2601 4577 2741 4642 Θεός
2785 4579 2890 4630 τὸν
2921 4580 3183 4647 οὐρανὸν
3211 4581 3310 4633 καί
3344 4582 3458 4649 τὴν

1873 4658 2016 4726 γῆν·
2063 4659 2277 4727 πρῶτον
2321 4659 2400 4719 16,
2453 4660 2770 4727 Ἐποίησε,
2801 4663 2894 4714 καὶ
2919 4664 3037 4715 τότε
3067 4663 3158 4727 16,
3195 4659 3325 4719 'Hr.
3359 4666 3455 4718 οτ.

1871 4740 2039 4810 δάμεν
2071 4738 2194 4804 οὖν,
2227 4740 2466 4809 ἀδελφοὶ,
2505 4743 2585 4794 ὅτι
2619 4743 2688 4795 τὰ
2734 4743 2906 4797 λεπτὰ
2959 4744 3130 4798 ταῦτα
3165 4746 3456 4817 ζητήματα

1871 4822 2104 4892 δυσχερῆ
2140 4823 2386 4890 φαίνεται
2425 4826 2544 4887 ταῖς
2582 4827 2689 4876 τῶν
2721 4825 2931 4878 πολλῶν
2969 4827 3250 4891 διανοίαις.
3296 4829 3455 4883 Ἀλλά

1871 4905 1952 4957 δεῖ
1978 4907 2034 4956 ἐν
2060 4905 2241 4973 ἡμέρα.
2267 4906 2518 4975 νηστείας
2540 4907 2836 4977 νηφούσαις
2869 4908 3066 4978 μᾶλλον
3110 4912 3229 4971 ταῖς
3255 4909 3453 4978 ψυχαῖς

1873 4987 2000 5056 περὶ
2030 4986 2138 5039 τῶν
2173 4987 2486 5060 βαθυτέρων
2518 4991 2802 5060 νοημάτων
2838 4991 3200 5056 διαλέγεσθαι.
3230 4991 3331 5045 Ἐν
3357 4991 3454 5059 ἀρ-

1873 5067 1952 5135 χὴ
1984 5065 2080 5136 ἦν’
2115 5071 2231 5134 καὶ,
2276 5071 2378 5123 Ἐν
2401 5072 2557 5139 ἀρχῇ
2580 5074 2846 5138 ἐποίησε·
2884 5073 2970 5125 διά
3002 5072 3159 5124 τοῦτο
3184 5072 3244 5125 16
3268 5074 3453 5144 προοί-

1876 5167 1997 5220 μιον
2023 5151 2133 5204 ἴσον
2159 5149 2312 5205 εἷπον
2331 5153 2379 5216 ἀ,
2412 5155 2506 5206 Ἐν
2523 5153 2700 5222 ἀρχῇ,
2725 5157 2816 5207 καὶ
2842 5155 2937 5208 Ἐν
2961 5154 3139 5224 ἀρχῇ,
3164 5158 3249 5210 ἵνα
3265 5156 3449 5227 δειχθῇ

1939 5307 1964 5335 ⁸
1990 5306 2070 5354 Sic
2087 5307 2365 5370 Yalinanus.
2399 5309 2446 5356 In
2488 5309 2636 5357 Savil.
2663 5309 2795 5356 εἶπαν
2821 5309 2986 5369 deest,
3009 5312 3136 5370 quod
3161 5311 3241 5359 hic
3287 5317 3447 5359 tamen

1873 5368 2234 5434 gecqssafium,
2287 5376 2338 5417 ut
2379 5372 2480 5430 ipse
2510 5370 2845 5434 fubodqralus
2875 5368 2994 5434 est;
3019 5368 3138 5434 [Infra
3176 5385 3262 5434 pro
3301 5374 3451 5434 ὀρέων

1872 5426 2128 5504 (Ξοῐηοθίίξ.
2171 5426 2293 5505 ιεεὶιῐ
2312 5426 2477 5505 ἀέριον.
2509 5430 2570 5505 Eg
2593 5431 2781 5480 duabus
2809 5438 2922 5480 ante
2943 5433 2996 5494 γ’
3021 5426 3342 5481 lineis'idem'
3362 5446 3450 5494 pro

1879 5493 2177 5596 μνῃμῑονώσῃ
2202 5493 2345 5566 palm!
2375 5493 2672 5563 ἑρμηνεύσῃ..
2798 5556 2806 5564 ⁹
3364 5493 3372 5494 “

2013 5552 2114 5599 llud
2141 5555 2290 5608 ἑξάκις
2313 5554 2455 5600 deest
2492 5565 2540 5599 In
2566 5554 2775 5602 bam.“
2796 5567 2844 5602 ιη
2868 5553 3119 5604 Comheﬂs.
3143 5553 3246 5602 Sed
3273 5553 3321 5600 in
3357 5553 3448 5604 Va-

1876 5615 2047 5676 ljcano‘
2078 5613 2262 5675 legitur
2304 5622 2466 5676 rcctq;
2514 5627 2622 5662 nam
2646 5614 2703 5674 ἦν
2746 5617 2912 5663 sexies
2954 5615 3002 5663 in
3037 5615 3207 5675 primi:
3235 5621 3448 5676 quatuor

1875 5672 2074 5722 Joannis
2095 5672 2313 5723 vérsibus
2345 5672 2547 5735 legitur.

1934 5735 1960 5764 ο
1987 5735 2242 5783 (ζοηὼθίίε.
2269 5735 2456 5790 ἐκεῖνος.

1939 5795 1963 5835 δ
1991 5796 2144 5846 Valic.
2170 5797 2275 5844 ἴσον
2300 5797 2458 5845 εἰπεῖν.
2485 5797 2635 5848 Savil.
2659 5798 2765 5847 ἴσον
2778 5799 2925 5859 εἶπον,
2939 5797 3136 5860 melius,
3153 5805 3207 5847 ul
3229 5798 3424 5846 νωθωυ
