3984 6488
487 578 585 652 μία
621 577 744 650 ῥίζα
786 577 883 647 τῆς
916 574 1217 641 εὐσεϐείας,
1251 577 1283 645 ἡ
1320 574 1573 629 κάκεῖνον
1597 574 1930 629 παιδεύσασα
1972 575 2063 627 τὸν

482 664 800 735 νομοθέτην,
835 664 928 715 καὶ
961 662 1149 715 τοῦτον
1173 661 1456 731 φωτίσασα
1483 663 1574 715 τὸν
1600 662 1870 731 θεολόγον.
1902 661 2074 715 Ἀδελ-

483 755 582 820 φαὶ
626 751 733 820 γὰρ
762 751 816 801 αἱ
845 748 937 801 δύο
974 749 1260 819 Διαθῆκαι,
1292 749 1352 814 ἐξ
1394 750 1511 813 ἐνὸς
1542 751 1754 820 Πατρὸς
1793 750 2029 802 τεθεῖσαι
2056 765 2071 780 '

479 837 570 891 διὰ
602 836 759 889 τοῦτο
785 837 881 888 καὶ
909 834 1213 905 συμφώνως
1244 836 1334 889 τὸν
1363 836 1519 903 λόγον
1548 837 1883 907 προφέρουσι
1909 852 1923 864 ·
1952 852 2075 906 σχε-

480 925 570 978 δὸν
592 925 701 996 γὰρ
731 928 764 996 ἡ
799 924 935 994 αὑτὴ
962 924 1126 979 εἰκὼν
1166 924 1259 979 καὶ
1281 926 1534 995 ὁμοιότης
1552 926 1805 995 ὑπάρχει.
1835 925 1945 979 Καὶ
1966 924 2070 977 ὦσε

479 1030 587 1083 περ
609 1016 665 1066 ἐν
691 1012 947 1081 ἀδελφαῖς
976 1012 1033 1077 ἐξ
1059 1013 1175 1076 ἐνὸς
1202 1012 1405 1083 πατρὸς
1428 1013 1868 1082 γεγεννημέναις,
1903 1015 2073 1082 πρόσ-

479 1116 597 1153 εστι
638 1103 738 1171 τῆς
769 1099 1085 1171 ὁμοιότητος
1130 1098 1199 1152 τὰ
1250 1098 1534 1169 ἰδιώματα,
1568 1098 1740 1164 οὕτως
1797 1100 1981 1170 ἐπειδὴ
2016 1095 2072 1153 αἱ

478 1186 575 1240 δύο
616 1186 885 1256 Διαθῆκαι
928 1186 985 1253 ἐξ
1030 1186 1149 1249 ἐνὸς
1188 1186 1402 1255 Πατρὸς
1445 1186 1838 1257 ἐγεννήθησαν,
1870 1186 2072 1257 πολλὴν

482 1274 668 1345 έχουσι
687 1273 785 1344 τὴν
806 1274 1123 1343 ἐμφέρειαν.
1163 1272 1381 1343 Ἀμέλει
1410 1275 1506 1326 καὶ
1532 1275 1590 1324 ἐν
1610 1276 1677 1343 τῇ
1706 1273 1922 1343 Παλαιᾷ
1948 1277 2072 1326 Δια-

479 1362 622 1435 θήκῃ
645 1365 968 1432 προηγεῖται
1007 1361 1200 1432 νόμος,
1229 1360 1323 1415 καὶ
1359 1361 1714 1415 ἀκολουθοῦσι
1757 1363 2068 1432 προφῆται,

476 1452 573 1503 καὶ
602 1452 659 1502 ὲν
678 1449 743 1520 τῇ
779 1449 875 1520 νέᾳ
904 1450 1085 1519 χάριτι
1124 1452 1449 1519 προηγεῖται
1478 1448 1536 1500 τὸ
1571 1449 1902 1517 Εὑαγγέλιον
1921 1487 1935 1513 ,
1976 1448 2072 1502 καὶ

476 1536 863 1590 ἀκολουθοῦσιν
879 1536 1184 1588 ἀπόστολοι.
1235 1536 1382 1588 Ἐκεῖ
1406 1535 1611 1588 δώδεκα
1632 1536 1926 1606 προφῆται,
1949 1535 2075 1589 ἐκα-

477 1639 601 1684 στος
625 1634 651 1662 α
685 1621 795 1675 τῶν
820 1620 1055 1675 δώδεκα·
1086 1621 1293 1675 δώδεκα
1314 1622 1363 1673 οἱ
1394 1623 1521 1690 περὶ
1559 1620 1719 1691 Ὠσηέ
1740 1637 1754 1650 ⁸
1785 1621 2068 1692 τέσσαρες,

487 1708 736 1772 Ἡσαΐας,
784 1708 1071 1779 Ἱερεμίας,
1116 1708 1415 1779 Ἰεζεκιὴλ,
1452 1708 1670 1779 Δανιήλ.
1716 1708 1804 1761 Ἐν
1842 1711 1907 1779 τῇ
1955 1709 2072 1779 Νέᾳ

475 1799 682 1854 δώδεκα
714 1802 1019 1866 ἀπόστολοι,
1051 1802 1146 1855 καὶ
1176 1802 1442 1871 τέσσαρες
1474 1800 1878 1869 εὑαγγελισταί.
1926 1801 2074 1853 Ἐκεῖ

474 1885 639 1939 πάλιν
666 1886 855 1958 πρώτη
879 1887 1067 1957 κλῆσις
1090 1886 1225 1940 Θεοῦ
1246 1888 1355 1941 ἀπὸ
1378 1887 1621 1955 ἀδελφῶν
1646 1887 1849 1957 ῆρξατο
1869 1903 1882 1917 ·
1909 1886 2068 1940 ἔλαϐε

473 1971 582 2045 γὰρ
610 1973 702 2025 τὸν
732 1972 974 2041 Μωῡσῆν
1009 1974 1103 2026 καὶ
1139 1974 1229 2027 τὸν
1275 1974 1486 2046 Ἀαρὼν
1513 1973 1761 2045 πρώτους
1791 1976 2068 2045 κήρυκας*

472 2060 568 2111 καὶ
598 2060 656 2110 ἐν
675 2059 752 2129 τῷ
783 2061 1100 2131 Εὑαγγελίῳ
1128 2060 1352 2132 πρώτην
1378 2060 1571 2131 κλῆσιν
1604 2063 1838 2114 ποιεῖται
1860 2060 2067 2130 Πέτρου

472 2146 568 2198 καὶ
602 2147 873 2217 Ἀνδρέου.
915 2150 1093 2201 Κάκεῖ
1129 2150 1228 2218 μὲν
1263 2149 1409 2219 ἁπλῆ
1446 2150 1626 2217 χάρις,
1661 2143 1761 2204 ὧδε
1795 2151 1851 2201 δὲ
1882 2149 2068 2204 διπλά-

473 2252 608 2291 σιον.
648 2238 793 2290 Ἐκεῖ
838 2237 946 2308 γάρ
983 2238 1074 2290 δύο
1107 2238 1323 2306 ἀδελφοὶ
1356 2237 1666 2308 ἐκλήθησαν
1698 2240 1938 2309 Μωῦσῆς
1973 2243 2066 2293 καὶ

484 2321 726 2392 Ἀαρών·
757 2324 991 2377 ἐνταῦθα
1012 2326 1069 2377 δὲ
1096 2326 1256 2395 διπλῆ
1287 2325 1417 2388 δυὰς
1444 2324 1711 2394 ἀδελφῶν,
1745 2326 1950 2397 Πέτρος
1973 2330 2066 2381 καὶ

484 2408 758 2479 Ἀνδρέας,
799 2410 1051 2473 Ἰάκωϐος
1077 2412 1168 2464 καὶ
1206 2413 1479 2481 Ἰωάννης.
1520 2413 1735 2483 Ἐπειδὴ
1756 2413 2018 2484 ἠθέλησεν
2038 2415 2065 2467 6

471 2496 663 2568 Σωτὴρ
698 2498 795 2565 τὴν
827 2499 966 2550 κατά
992 2499 1053 2550 τὸ
1084 2498 1237 2566 ἀγιον
1265 2499 1488 2569 Πνεῦμα
1510 2500 1732 2570 ἀγάπην
1756 2502 2065 2555 ἐντυπῶσαι

470 2583 622 2653 ⁴ἡμῖν,
659 2586 751 2636 καὶ
780 2585 1040 2653 ἀδελφοὺς
1075 2586 1298 2656 ποιῆσαι
1327 2590 1393 2657 τῇ
1427 2586 1664 2640 διαθέσει
1688 2588 1882 2659 καὶτῷ
1905 2589 2065 2641 πνεύ·

472 2686 638 2740 ματι,
672 2670 829 2723 ἔλαϐε
867 2672 1115 2741 θεμέλιον
1150 2673 1248 2743 τὴν
1283 2673 1477 2741 φύσιν,
1522 2676 1614 2727 καὶ
1653 2675 1964 2745 προσέπηξε
1996 2676 2065 2729 τά

468 2758 567 2828 τῆς
597 2758 810 2826 φύσεως
846 2761 1147 2832 σπλάγχνα,
1181 2762 1276 2815 καὶ
1311 2766 1367 2815 ἐν
1394 2763 1577 2835 ἐκείνῃ
1605 2765 1949 2835 ἐποικοδομεῖ
1973 2765 2064 2817 τὸν

469 2845 719 2915 θεμέλιον
748 2848 847 2916 τῆς
893 2849 1237 2918 Ἐκκλησίας.
1269 2850 1488 2921 Πρῶτον
1513 2852 1736 2920 σημεῖον
1764 2853 1819 2902 ἐν
1851 2855 1914 2922 τῇ
1947 2853 2062 2904 Ha-

467 2933 595 3004 λαιᾷ
629 2936 657 2986 6
706 2936 952 3004 ποταμὸς
994 2938 1073 2998 είς
1122 2933 1260 3005 αἷμα
1309 2938 1808 3008 μεταϐαλλόμενος-
1846 2939 2060 3009 πρῶτον

470 3024 694 3090 σημεῖον
718 3023 773 3073 ἐν
801 3025 868 3091 τῇ
893 3023 1062 3092 Καινῇ
1090 3024 1148 3075 τὸ
1178 3023 1319 3094 ὕδωρ
1348 3027 1425 3087 είς
1455 3021 1618 3079 οἶνον.
1656 3026 1794 3078 Ἀλλ’
1824 3027 1924 3078 οὑκ
1945 3026 2059 3080 ἔστι

467 3107 561 3162 τοῦ
589 3108 853 3175 παρόντος
882 3109 1073 3180 καιροῦ
1108 3111 1287 3163 πᾶσαν
1314 3115 1485 3164 εἰπεῖν
1523 3114 1719 3183 ἐφεξῆς
1756 3114 1854 3183 τὴν
1881 3115 2058 3181 ὁμοιό-

466 3212 634 3265 τητα·
668 3196 746 3259 εἰς
771 3196 827 3247 δὲ
854 3196 914 3248 τὸ
943 3198 1303 3267 προκείμενον
1337 3200 1741 3270 ἐπανέλθωμεν.
1779 3202 1881 3254 Ἐν
1901 3202 2059 3270 ἀρχῇ

465 3283 757 3351 ἐποίησεν
786 3288 818 3337 ό
848 3284 991 3350 Θεὸς
1021 3287 1125 3339 τὸν
1154 3288 1415 3354 οὐρανὸν
1440 3289 1537 3341 καὶ
1572 3290 1686 3354 τὴν
1710 3289 1845 3358 γῆν.
1884 3291 1970 3342 Ἐν
2001 3290 2060 3355 ἓξ

465 3372 705 3441 ἡμέραις
752 3372 1006 3442 ἐποίησεν
1041 3376 1069 3426 6
1113 3374 1243 3437 Θεὸς
1272 3375 1339 3427 τά
1367 3377 1561 3429 πάντα.
1622 3377 1759 3428 Ἀλλ’
1792 3380 1823 3447 ὴ
1866 3378 2055 3449 πρώτη

466 3460 650 3529 ἡμέρα
682 3460 927 3531 διαφέρει
956 3462 1063 3512 τῶν
1105 3462 1277 3514 ἄλλων
1314 3464 1420 3515 τῶν
1459 3464 1577 3532 μετ’
1612 3466 1799 3530 αὑτήν.
1847 3466 1924 3535 Τῇ
1956 3465 2057 3533 μὲν

465 3548 575 3617 γὰρ
598 3547 787 3618 πρώτῃ
817 3549 1001 3619 ἡμέρα
1033 3551 1288 3620 ἐποίησεν
1316 3553 1344 3603 6
1378 3552 1509 3614 Θεὸς
1527 3554 1589 3605 ἐκ
1623 3553 1697 3623 μὴ
1725 3553 1894 3606 ὄντων
1912 3570 1925 3583 σ
1948 3555 2057 3606 ἀπὸ

462 3634 520 3685 δὲ
552 3634 646 3703 τῆς
671 3635 926 3705 δευτέρας
956 3638 1169 3706 ἡμέρας
1202 3638 1355 3689 οὐδὲν
1388 3642 1642 3709 ἐποίησεν
1673 3641 1699 3690 6
1721 3641 1855 3703 Θεὸς
1883 3643 1945 3694 ἐκ
1979 3641 2053 3711 μὴ

463 3720 653 3782 ὄντων,
678 3721 792 3773 ἀλλ’
817 3716 891 3773 ὧν
921 3723 1145 3792 ἐποίησε
1176 3726 1240 3792 τῇ
1280 3723 1469 3795 πρώτῃ
1501 3726 1681 3795 ἡμέρᾳ
1704 3768 1717 3791 ,
1759 3727 2053 3795 μετέϐαλεν

462 3807 538 3870 ὡς
570 3808 823 3877 ἠθέλησε.
872 3810 943 3862 Σὺ
990 3810 1047 3862 δὲ
1085 3812 1111 3861 6
1149 3812 1485 3880 σκεψάμενος
1520 3813 1613 3864 καλ⁸
1659 3814 1974 3883 ἐρευνήσας,
2004 3815 2051 3867 εἰ

466 3896 565 3963 μὲν
591 3896 866 3966 εὑρίσκεις
897 3897 1183 3967 ἀλήθειαν,
1232 3897 1596 3969 συμφώνησον
1619 3917 1633 3932 ο
1665 3902 1714 3952 εί
1741 3902 1797 3954 δὲ
1819 3902 1915 3972 οὑχ
1960 3902 2051 3954 εὑ-

464 3981 674 4053 ρίσκεις
708 3984 985 4053 ἀλήθειαν,
1026 3986 1342 4055 κατηγόρει,
1390 3987 1482 4038 καὶ
1511 3987 1735 4057 δέχομαι
1771 3988 1869 4060 τὴν
1916 4007 2051 4043 κατ-

462 4070 691 4137 ηγορίαν
712 4087 725 4100 ο
760 4071 913 4140 φέρει
938 4072 1047 4141 γάρ
1080 4089 1167 4142 μοι
1193 4073 1389 4143 πολλὴν
1417 4073 1734 4142 ἀπολογίαν.

534 4154 596 4209 δ’.
639 4155 717 4226 Τῇ
756 4156 852 4225 μὲν
885 4153 978 4209 οὖν
1012 4157 1203 4229 πρώτῃ
1234 4160 1416 4231 ἡμέρᾳ
1447 4160 1700 4231 ἐποίησεν
1732 4163 1759 4214 6
1791 4162 1921 4227 Θεὸς
1951 4163 2049 4227 τὰς

464 4243 595 4308 ῦλας
641 4245 749 4296 τῶν
797 4246 1143 4315 κτισμάτων-
1188 4252 1308 4311 ταῖς
1346 4249 1403 4301 δὲ
1434 4249 1623 4312 ἄλλαις
1667 4251 1900 4321 ἡμέραις
1948 4252 2046 4322 τὴν

461 4331 743 4401 μόρφωσιν
775 4332 868 4383 καὶ
899 4332 995 4401 τὴν
1020 4334 1378 4404 διακόσμησιν
1402 4336 1510 4388 τῶν
1537 4337 1872 4407 κτισμάτων.
1921 4333 2045 4391 Οἷόν

455 4434 507 4470 τι
533 4418 675 4487 λέγω
699 4434 711 4446 °
759 4419 1011 4489 Ἐποίησε
1042 4421 1131 4474 τὸν
1166 4422 1391 4493 οὐρανὸν
1431 4425 1504 4492 μὴ
1544 4424 1693 4485 ὄντα,
1726 4427 1786 4477 οὑ
1821 4424 2039 4489 τοῦτον,

454 4507 592 4559 ἀλλά
624 4508 713 4560 τὸν
761 4507 1045 4577 ὑπεράνω’
1094 4504 1247 4572 οὗτος
1291 4510 1399 4580 γὰρ
1428 4513 1493 4580 τῇ
1529 4511 1760 4581 δευτέρᾳ
1802 4513 2036 4578 ἐγένετο.

456 4592 609 4665 [MO]
644 4594 924 4664 Ἐποίησεν
950 4597 978 4647 6
1007 4596 1137 4659 Θεὸς
1168 4596 1257 4649 τὸν
1284 4598 1507 4668 οὐρανὸν
1529 4599 1618 4651 τὸν
1648 4599 1756 4651 ἄνω
1775 4638 1788 4661 ,
1822 4601 1949 4669 περὶ
1979 4594 2038 4654 οὗ

455 4683 549 4734 καὶ
580 4684 607 4733 6
626 4681 788 4735 Δαυῒδ
817 4682 963 4749 λέγει
988 4700 1001 4713 ·
1041 4684 1093 4735 ’0
1120 4685 1374 4752 οὐρανὸς
1403 4685 1509 4737 τοῦ
1536 4686 1795 4753 οὐρανοῦ
1822 4686 1901 4751 τῷ
1925 4691 2039 4740 Κυ-

448 4768 580 4833 ρίῳ.
645 4768 923 4838 ’Υπερῴον
967 4770 1022 4821 δέ
1065 4772 1180 4824 ἐστι
1212 4771 1387 4823 τοῦτο.
1423 4774 1531 4825 Καὶ
1583 4774 1772 4844 ὥσπερ
1804 4776 1861 4826 ὲν
1902 4776 2037 4845 οἴκῳ

452 4852 708 4923 διωρόφῳ
741 4855 1025 4923 μεσολαϐεῖ
1047 4857 1212 4927 στέγη
1240 4858 1379 4928 9.6m
1395 4860 1421 4898 ι’
1443 4900 1457 4924 ,
1489 4859 1661 4922 οὕτως
1684 4862 1758 4923 ώς
1778 4860 1873 4913 ἕνα
1890 4858 2035 4915 οἶκον

453 4942 642 5003 κτίσας
672 4943 700 4993 6
730 4943 931 5013 Κύριος
971 4944 1062 4997 τὸν
1094 4946 1329 5014 κόσμον,
1361 4947 1532 5017 μέσην
1565 4948 1761 5017 στέγην
1798 4949 2033 5019 ἐπέθηκε

450 5028 542 5079 τὸν
572 5028 798 5096 οὑρανὸν
831 5031 1038 5093 τοῦτον,
1063 5034 1154 5084 καὶ
1178 5033 1432 5101 ὑπεράνω
1454 5034 1521 5086 τά
1554 5034 1741 5090 ὕδατα.
1761 5035 1859 5087 Διὰ
1876 5035 2032 5088 τοῦτο

450 5115 595 5182 λέγει
619 5116 807 5166 Δαυῖδο
836 5118 899 5167 '0
922 5118 1216 5186 στενάζων
1241 5120 1420 5172 ὕδασι
1450 5120 1523 5173 τὰ
1560 5120 1798 5188 ὑπερῷα
1822 5122 2027 5175 αὑτοῦ.

462 5202 743 5271 Ἐποίησεν
763 5199 854 5254 οῦν
882 5204 971 5254 τὸν
993 5206 1217 5275 οὐρανὸν
1244 5207 1315 5277 μὴ
1334 5207 1481 5270 ὸντα,
1500 5208 1598 5277 τὴν
1622 5210 1725 5277 γῆν
1750 5210 1825 5279 μὴ
1842 5205 2026 5275 οὖσαν,

452 5290 547 5352 τὰς
577 5289 843 5350 ἀϐύσσους
877 5290 950 5358 μὴ
986 5290 1169 5354 οὔσας,
1198 5294 1450 5363 ἀνέμους,
1482 5294 1666 5366 ἀέρας,
1702 5296 1829 5367 πῦρ,
1864 5296 2024 5367 ὕδωρ.

450 5379 674 5431 Πάντων
708 5376 814 5428 τῶν
851 5378 1155 5447 γενομένων
1198 5382 1297 5449 τὴν
1341 5381 1473 5451 ὓλην
1501 5386 1565 5453 τῇ
1597 5382 1785 5455 πρώτῃ
1845 5385 2027 5455 ἡμέρᾳ.

450 5466 723 5533 ἐποίησεν.
761 5466 919 5517 Ἀλλὰ
952 5466 1167 5528 πάντως
1202 5468 1315 5536 ἐρεῖ
1340 5485 1452 5531 τις,
1475 5470 1785 5539 Γέγραπται
1822 5471 1919 5540 μὲν
1946 5472 2026 5523 ὅτι

448 5554 670 5624 ἐποίησε
702 5555 791 5606 τὸν
822 5554 1045 5624 οὐρανὸν
1074 5557 1166 5606 καὶ
1195 5556 1291 5625 τὴν
1317 5555 1438 5624 γῆν,
1478 5558 1606 5628 περὶ
1634 5558 1688 5610 δὲ
1715 5557 1905 5621 ὓδατος
1936 5558 2025 5611 καὶ

512 5732 537 5794 _‘
560 5732 803 5794 Ἕκαστος
824 5731 967 5779 deest
995 5732 1042 5779 in
1069 5730 1237 5789 Savil.,
1266 5730 1606 5794 claudicatque
1630 5734 1896 5783 sententia.

507 5790 537 5831 Β
558 5792 756 5858 Εοδιιιειε
782 5794 859 5858 καί
885 5796 1101 5854 ὑπεράνω
1122 5795 1169 5842 δέ
1196 5795 1295 5843 ἐστι
1318 5795 1504 5853 τούτου,
1526 5790 1607 5843 καὶ
1630 5798 1693 5850 ὡς
1714 5796 1760 5843 έν
1783 5799 1901 5858 οἴκῳ
1925 5800 2019 5846 διο-

446 5855 575 5917 ρόφῳ
604 5855 933 5914 μεσολαϐεῖ-ται
960 5862 1042 5911 τῆς
1064 5864 1148 5916 γῆς
1171 5858 1330 5917 μέσον.
1384 5874 1385 5877 ‘

1947 453 2316 515 SEVERIANI

3655 477 3775 532 434

2179 574 2351 646 πυρὸς
2375 574 2468 627 καὶ
2488 573 2647 643 ἀέρος
2671 573 2730 627 οὐ
2750 572 3080 645 γέγραπται.
3105 573 3328 645 Πρῶτον
3357 572 3454 644 μὲν
3474 568 3588 636 οὖν,
3616 574 3778 628 ἀδελ·

2175 663 2287 730 φοὶ,
2331 662 2425 731 ἀφ’
2463 656 2523 714 οὗ
2576 656 2697 713 εἷπε
2744 661 2837 714 τὸν
2882 661 3109 731 οὐρανὸν
3155 662 3248 714 καὶ
3274 660 3371 731 τὴν
3419 660 3524 731 γῆν
3544 662 3774 731 γεγενῆ-

2177 748 2321 813 σθαι,
2349 750 2412 801 ἐκ
2440 750 2544 800 τῶν
2561 747 2928 819 περιεχόντων
2946 750 3220 818 ἡρμήνευε
3237 758 3259 786 ο
3285 748 3352 801 τά
3372 748 3771 818 περιεχόμενα.

2188 836 2275 899 Ὠς
2303 835 2412 904 γὰρ
2444 836 2533 888 ὅτε
2562 832 2737 900 εἶπεν,
2787 835 3110 900 Ἐποίησεν
3145 837 3177 888 ὀ
3216 835 3363 898 Θεὸς
3390 835 3497 887 τὸν
3538 834 3775 903 ἅνθρωο

2179 936 2312 988 πον,
2350 922 2504 991 χοῦν
2538 922 2743 976 λαϐὼν
2774 922 2895 977 ἀπὸ
2928 920 3037 989 τῆς
3064 921 3195 991 γῆς,
3238 918 3359 975 εἷπε
3393 922 3491 991 μὲν
3536 921 3601 973 τὸ
3632 922 3779 976 πλά-

2175 1026 2307 1079 σμα,
2330 1010 2430 1063 οὑκ
2447 1010 2721 1081 ἠρίθμησε
2743 1010 2800 1063 δὲ
2828 1010 2895 1063 τὰ
2922 1010 3077 1080 μέλη,
3106 1009 3227 1063 οὑδέ
3255 1004 3409 1062 εἶπεν
3429 1025 3441 1037 '
3481 1008 3777 1077 Ἐποίησεν

2174 1099 2202 1150 6
2239 1098 2369 1161 Θεὸς
2400 1098 2731 1170 ὀφθαλμοὺς,
2775 1100 2869 1157 και
2906 1093 3041 1159 ὦτα,
3076 1098 3171 1151 καί
3207 1086 3366 1170 ῥῖνα*
3403 1096 3541 1151 ἀλλά
3572 1098 3653 1166 τῷ
3691 1099 3775 1149 εί-

2176 1189 2297 1238 πεῖν
2328 1186 2418 1239 τὸν
2453 1187 2739 1257 ἄνθρωπον
2771 1186 2868 1240 ὅλα
2892 1185 3298 1256 συμπεριέλαϐε
3314 1184 3379 1238 τά
3412 1185 3568 1255 μέλη·
3595 1184 3775 1248 οῦτως

2174 1271 2490 1339 εἰπὼν,Τὸν
2508 1274 2771 1341 οὐρανὸν
2796 1273 2893 1326 καὶ
2933 1271 3046 1339 τὴν
3076 1271 3194 1339 γῆν
3224 1274 3513 1338 ἐποίησεν
3532 1275 3564 1325 ὀ
3598 1273 3771 1336 Θεὸς,

2176 1360 2580 1429 συμπεριέλαϐε
2616 1360 2816 1423 πάντα,
2845 1360 2939 1411 καὶ
2969 1362 3331 1429 συνεισήγαγε
3360 1360 3455 1411 καὶ
3484 1357 3548 1410 τὸ
3572 1357 3772 1421 σκότος

2174 1447 2268 1499 καὶ
2315 1446 2413 1509 τὰς
2457 1446 2727 1509 ἀϐύσσους
2781 1448 3184 1516 γεγενημένας·
3236 1446 3461 1509 Σκότος
3504 1445 3614 1514 γὰρ
3664 1440 3771 1513 ἦν,

2175 1534 2365 1603 φησὶν,
2395 1533 2599 1587 ἐπάνω
2628 1531 2738 1600 τῆς
2765 1534 3063 1589 ἀϐύσσου.
3116 1533 3384 1596 Ἀϐυσσος
3434 1533 3490 1586 δὲ
3520 1532 3773 1587 καλεῖται

2173 1622 2236 1675 τὸ
2264 1621 2469 1694 πλῆθος
2494 1622 2603 1675 τῶν
2629 1623 2857 1677 ὑδάτων.
2881 1624 3003 1677 ’Ὁτι
3032 1623 3090 1677 δὲ
3121 1624 3213 1676 καὶ
3232 1621 3459 1677 ἄϐυσσοι
3490 1621 3769 1689 ἐγένοντο,

2178 1713 2452 1780 μαρτυρεῖ
2485 1711 2519 1781 ἡ
2565 1710 2605 1761 Γ
2609 1710 2756 1781 ραφὴ
2791 1710 3060 1779 λέγουσα·
3103 1710 3221 1778 Πρὸ
3256 1709 3363 1763 τοῦ
3407 1710 3516 1775 τὰς
3571 1710 3771 1762 d660-

2172 1814 2322 1863 σους
2347 1797 2617 1863 ποιῆσαι,
2641 1798 2755 1865 πρὸ
2784 1798 2889 1853 τοῦ
2906 1799 3018 1867 τὴν
3034 1797 3151 1868 γῆν
3169 1798 3467 1867 γενέσθαι.
3488 1797 3651 1849 Ὥστε
3669 1796 3771 1848 καὶ

2172 1885 2395 1939 ἄϐυσσοι
2421 1886 2685 1952 ἐγένοντο.
2708 1882 2838 1939 Εἶτα
2862 1886 2955 1939 καὶ
2975 1888 3002 1939 6
3024 1885 3132 1955 ἀὴρ
3154 1884 3282 1936 πότε
3309 1884 3545 1952 ἐγένετο,
3564 1883 3767 1936 ἄκουε·

2173 1972 2280 2026 Καὶ
2314 1973 2549 2041 πνεῦμα
2583 1974 2731 2027 Θεοῦ
2757 1973 3076 2042 ἐπεφέρετο
3116 1971 3317 2025 ἐπάνω
3356 1969 3475 2023 τῶν
3502 1970 3766 2025 ὑδάτων.

2172 2061 2398 2131 Πνεῦμα
2419 2061 2475 2113 δὲ
2498 2062 2557 2113 οὑ
2589 2063 2649 2114 τὸ
2681 2062 2836 2129 ἆγιον
2865 2062 3012 2129 λέγει
3052 2061 3283 2114 ἐνταῦθα
3303 2078 3316 2091 ο
3349 2060 3407 2111 ού
3433 2058 3541 2127 γάρ
3562 2059 3631 2127 τῇ
3657 2056 3772 2109 κτί-

2173 2167 2253 2202 σει
2287 2150 2695 2221 συναριθμεῖται
2742 2150 2803 2202 τὸ
2847 2151 3103 2204 ἀκτιστον
3131 2166 3145 2180 ο
3183 2148 3317 2202 ἀλλά
3347 2144 3565 2216 πνεῦμα
3609 2143 3772 2197 καλεῖ

2170 2236 2266 2307 τὴν
2294 2237 2388 2289 τοῦ
2415 2237 2577 2306 ἀέρος
2609 2238 2847 2306 κίνησιν.
2886 2237 2997 2290 Καὶ
3032 2236 3222 2307 ὥσπερ
3254 2237 3312 2288 ἐν
3357 2234 3435 2302 τῷ
3476 2232 3635 2303 Ἠλίᾳ.
3670 2230 3769 2300 γέ-

2167 2339 2411 2395 γραπται
2437 2325 2513 2395 τῷ
2533 2326 2785 2395 προφήτῃ
2802 2341 2814 2352 ·
2834 2324 2942 2378 Καὶ
2967 2326 3000 2377 ό
3023 2322 3280 2392 οὐρανὸς
3300 2321 3770 2375 συνεσκότασεν

2168 2412 2237 2463 ἐν
2256 2410 2482 2480 νεφέλῃ
2515 2410 2612 2465 καί
2640 2413 2934 2480 πνεύματι
2958 2425 2971 2439 ’
2997 2408 3140 2461 οῦτω
3163 2411 3254 2461 καὶ
3284 2407 3517 2461 ἐνταῦθα
3544 2407 3768 2476 πνεῦμα

2166 2498 2267 2567 τὴν
2296 2498 2390 2550 τοῦ
2431 2499 2595 2568 ἀέρος
2639 2498 2787 2566 λέγει
2827 2498 3009 2566 φύσιν.
3043 2496 3243 2549 Λοιπὸν
3283 2495 3529 2548 λείπεται
3559 2494 3764 2561 δεῖξαι,

2169 2586 2271 2640 ποῦ
2302 2587 2363 2640 τὸ
2388 2586 2498 2656 πῦρ
2535 2588 2774 2656 ἐγένετο.
2808 2584 2974 2639 Εἶπεν
3004 2588 3033 2638 6
3073 2585 3205 2648 Θεός
3224 2602 3236 2615 ·
3265 2584 3584 2651 Γενηθήτω
3612 2581 3767 2651 φῶς,

2168 2676 2260 2727 καὶ
2298 2676 2515 2742 ἐγένετο
2550 2678 2583 2745 ή
2625 2675 2719 2728 τοῦ
2744 2674 2912 2746 πυρὸς
2950 2674 3111 2743 φύσις
3136 2688 3147 2700 ·
3180 2673 3240 2725 οὑ
3266 2672 3376 2743 γὰρ
3413 2672 3572 2741 μόνον
3604 2669 3769 2724 τοῦτο

2166 2762 2226 2813 τὸ
2252 2762 2363 2831 πῦρ
2406 2763 2554 2815 ἐστιν
2579 2803 2593 2827 ,
2628 2761 2764 2815 ἀλλά
2807 2763 2899 2815 καὶ
2929 2763 2985 2814 αἱ
3026 2761 3139 2815 ἄνω
3182 2759 3440 2830 δυνάμεις
3476 2758 3589 2828 πῦρ
3631 2760 3765 2821 εἰσι,

2167 2850 2262 2902 καὶ
2292 2851 2552 2918 συγγενές
2579 2851 2695 2903 ἐστι
2721 2850 2782 2901 τὸ
2801 2850 2914 2902 ἀνω
2944 2848 3055 2917 πῦρ
3094 2848 3285 2901 τούτου
3316 2847 3407 2900 τοῦ
3440 2847 3572 2917 παρ’
3606 2850 3763 2917 ἡμῖν.

2164 2939 2386 3007 Ζητείτε
2433 2937 2490 2989 δὲ
2516 2977 2528 2997 ,
2565 2938 2645 2989 ὅτι
2689 2936 2751 2988 τὸ
2798 2937 2897 3005 μὲν
2946 2936 3270 3000 σϐέννυται,
3298 2935 3358 2988 τὸ
3402 2935 3458 2988 δὲ
3508 2936 3569 2987 ού
3607 2936 3767 2987 σϐέν-

2163 3043 2341 3080 νυται.
2404 3024 2559 3077 Ἐπεὶ
2618 3024 2711 3077 καὶ
2755 3025 2883 3087 τοὺς
2930 3024 3197 3092 ἀγγέλους
3238 3024 3495 3094 ἐποίησεν
3541 3026 3569 3076 6
3628 3024 3768 3085 Θεὸς

2166 3114 2473 3184 πνεύματα,
2501 3114 2593 3166 καὶ
2628 3113 2727 3177 τὰς
2752 3112 2930 3183 ψυχὰς
2962 3113 3121 3183 ἡμῶν
3155 3112 3461 3183 πνεύματα,
3497 3111 3635 3163 ἀλλά
3662 3129 3767 3173 τας

2168 3201 2266 3271 μὲν
2303 3201 2480 3269 ψυχὰς
2513 3201 2670 3270 ἡμῶν
2699 3203 2755 3254 ἐν
2784 3200 3021 3269 σώμασι,
3049 3201 3175 3264 τοὺς
3197 3200 3252 3253 δὲ
3291 3200 3557 3267 ἀγγέλους
3597 3200 3767 3261 ἐκτὸς

2167 3288 2455 3357 σωμάτων.
2492 3288 2704 3357 Ὥσπερ
2742 3283 2834 3341 οῦν
2866 3289 2957 3341 ἐπὶ
2988 3287 3099 3340 τῶν
3126 3287 3316 3356 ψυχῶν
3347 3288 3441 3339 καὶ
3469 3286 3577 3339 τῶν
3600 3288 3769 3352 ἀγγέ-

2163 3374 2293 3437 λων,
2324 3373 2468 3427 οὕτω
2496 3376 2589 3427 καὶ
2610 3376 2703 3427 ἐπὶ
2740 3374 2832 3427 τοῦ
2867 3374 3039 3445 πυρὸς
3088 3375 3235 3426 ἔστιν
3272 3375 3417 3426 ἰδεῖν.
3455 3373 3527 3424 Τὸ
3556 3374 3668 3443 πῦρ
3701 3374 3769 3426 τὸ

2163 3464 2275 3516 ἄνω
2298 3463 2427 3515 ἄνευ
2464 3462 2619 3532 ῦλης,
2648 3463 2711 3515 τὸ
2737 3464 2847 3535 πῦρ
2874 3466 2935 3517 τὸ
2978 3465 3130 3517 κάτω
3164 3462 3303 3534 μετά
3336 3462 3467 3531 ὕλης
3489 3478 3504 3493 ⁸
3539 3462 3599 3514 τὸ
3644 3463 3764 3536 γὰρ

2162 3551 2273 3604 ἅνω
2306 3550 2417 3619 πῦρ
2448 3551 2708 3619 συγγενὲς
2752 3552 2957 3604 τούτων
2991 3552 3158 3613 ἐστὶν,
3190 3551 3376 3620 ὥσπερ
3407 3550 3501 3602 καὶ
3533 3552 3565 3619 ἡ
3602 3550 3762 3621 ψυχὴ

2160 3640 2317 3709 ἡμῶν
2361 3642 2631 3709 συγγενὴς
2663 3640 2912 3708 ἀγγέλων
2935 3659 2947 3672 ι
2984 3641 3117 3693 καθὸ
3165 3642 3407 3694 κάκεῖνοι
3437 3641 3758 3708 πνεύματα,

2158 3733 2251 3785 καὶ
2274 3728 2433 3786 αὗται
2461 3733 2769 3802 πνεύματα,
2794 3733 2869 3796 ώς
2900 3736 2991 3787 καὶ
3024 3736 3073 3787 οἱ
3105 3738 3251 3805 τρεῖς
3282 3735 3468 3798 παῖδες
3493 3734 3721 3802 λέγουσι
3742 3752 3758 3765 ·

2157 3826 2495 3895 Εὑλογεῖτε,
2526 3828 2837 3896 πνεύματα
2864 3828 2960 3880 καὶ
2991 3829 3183 3896 ψυχαὶ
3222 3827 3497 3881 δικαίων
3535 3830 3627 3881 καὶ
3646 3828 3763 3882 πάο

2156 3917 2271 3970 λιν·
2322 3920 2376 3972 Ὀ
2423 3920 2610 3973 ποιῶν
2648 3920 2792 3986 τοὺς
2838 3920 3131 3989 ἀγγέλους
3176 3921 3363 3975 αὐτοῦ
3414 3923 3754 3990 πνεύματα.

2156 4010 2295 4064 Οῠτε
2322 4006 2414 4065 οὖν
2441 4011 2586 4081 ψυχὴ
2614 4013 2742 4066 ἀνευ
2768 4012 3018 4079 σώματος
3041 4014 3310 4082 φαίνεται,
3335 4012 3457 4066 οῦτε
3486 4013 3598 4084 πῦρ
3617 4016 3757 4070 ἄνευ

2157 4102 2474 4167 στυππείου,
2506 4104 2537 4172 ἢ
2572 4103 2920 4174 κληματίδος,
2954 4104 2986 4174 ἦ
3019 4104 3211 4175 ἐτέρας
3242 4104 3371 4176 ὕλης
3406 4104 3552 4157 ἔστιν
3596 4106 3753 4164 ἰδεῖν.

2155 4197 2272 4249 ’Ἰνα
2297 4196 2353 4248 δὲ
2381 4196 2563 4266 δειχθῇ
2590 4197 2668 4249 ὅτι
2698 4196 2759 4249 τὸ
2788 4197 2899 4267 πῦρ
2926 4197 3082 4249 τοῦτο
3114 4198 3215 4251 οὐκ
3254 4198 3398 4251 ἐστιν
3442 4199 3750 4270 ἀλλότριον,

2152 4289 2186 4357 ἡ
2232 4287 2407 4350 κτίσις
2457 4288 2719 4340 διδάσκει.
2755 4287 2947 4340 Πολλοὶ
2998 4290 3105 4359 γὰρ
3155 4289 3417 4352 πολλάκις
3450 4292 3603 4361 παρᾶ
3647 4288 3751 4345 τώ

2152 4372 2304 4448 ἡλίου
2331 4378 2663 4443 δανείζονται
2697 4379 2828 4448 πῦρ,
2861 4380 2954 4431 καὶ
2997 4379 3259 4432 ἅπτουσιν
3279 4396 3291 4410 '
3328 4381 3375 4431 εί
3405 4381 3461 4432 δὲ
3487 4377 3554 4451 ἦν
3587 4382 3752 4436 ἀλλό-

2149 4487 2318 4540 τριον,
2346 4470 2461 4531 πῶς
2488 4469 2546 4521 τὸ
2568 4469 2847 4538 ἀλλότριον
2874 4470 2930 4534 ἐξ
2952 4469 3115 4523 αὑτοῦ
3141 4470 3502 4540 ἐλαμϐάνετο;
3532 4473 3749 4540 Ἀλλως

2151 4560 2299 4631 [Mi]
2336 4561 2391 4612 δὲ
2418 4560 2591 4622 οὕτως
2620 4561 2677 4613 ἐν
2706 4560 2783 4630 τῷ
2810 4560 3024 4633 οὐρανῷ
3053 4561 3164 4629 πῦρ
3199 4564 3345 4616 ἐστιν
3377 4564 3539 4617 ἀῦλον
3573 4565 3741 4635 μέγα,

2148 4651 2222 4713 ὡς
2255 4652 2348 4702 καὶ
2378 4650 2434 4701 ἐν
2453 4650 2531 4721 τῷ
2560 4651 2674 4721 ὄρει
2705 4652 2834 4721 Σινᾷ
2863 4652 2974 4722 πῦρ
3002 4653 3257 4723 φανῆναι,
3280 4654 3455 4725 ὄπερά
3480 4657 3541 4709 οὑ
3564 4657 3744 4722 ξύλων

2147 4740 2543 4809 ὑποκειμένων,
2569 4740 2685 4794 ἀλλ’
2716 4742 2775 4807 ἐξ
2809 4741 2975 4795 αὑτοῦ
3011 4744 3101 4796 τοῦ
3135 4744 3299 4797 ἀΰλου
3330 4746 3502 4815 πυρὸς
3529 4748 3744 4818 ἢγαγεν

2145 4833 2173 4883 6
2207 4830 2337 4893 Θεὸς
2368 4835 2447 4895 εἰς
2476 4832 2633 4885 θέαν*
2664 4834 2759 4886 καλ⁴
2802 4834 2878 4897 ὡς
2911 4835 2975 4888 ἂν
3010 4836 3152 4889 εἴποι
3187 4854 3270 4898 τις
3296 4832 3618 4892 εἶναιτοῦτο
3651 4859 3742 4909 μι-

2144 4922 2276 4991 κρὸν
2310 4922 2370 4975 τὸ
2400 4923 2512 4994 πῦρ
2555 4924 2687 4994 παρ’
2728 4925 2903 4978 ἐκεῖνο
2948 4926 3007 4978 τὸ
3054 4927 3219 4995 μέγα,
3252 4926 3427 4991 οὕτως
3457 4925 3553 4983 οῦν
3587 4930 3738 4999 λέγει

2143 5014 2236 5065 καὶ
2283 5015 2557 5084 Μωῦσῆς’
2628 5015 2728 5079 Ἐξ
2790 5017 3048 5083 οίυοανοῦ
3097 5018 3387 5085 ἐποίησεν
3437 5022 3471 5073 ὁ
3521 5023 3738 5089 Κύριος

2141 5104 2457 5170 ἀκουστὴν
2495 5104 2706 5172 φωνὴν
2747 5107 2955 5167 αὐτοῦ.
2991 5106 3089 5161 καί
3125 5108 3357 5173 ἔδειξεν
3400 5113 3434 5164 ὀ
3482 5112 3630 5177 Θεὸς
3667 5113 3731 5165 τὸ

2140 5196 2259 5262 πῦρ
2285 5196 2471 5249 αὑτοῦ
2494 5197 2557 5248 τὸ
2580 5196 2735 5263 μέγα
2755 5215 2767 5227 ’
2803 5198 2890 5250 ἵνα
2913 5198 3062 5272 δείξῃ
3103 5200 3260 5252 τοῦτο
3292 5201 3509 5271 μικρὸν.
3545 5203 3731 5257 Πάντα

2138 5281 2231 5337 οῦν
2266 5284 2375 5354 πῦρ
2412 5286 2545 5346 ἐστι,
2584 5287 2677 5338 καὶ
2724 5287 2999 5358 ἀστραπὴ,
3040 5288 3133 5340 καὶ
3182 5291 3228 5341 οἱ
3280 5290 3531 5361 ἀστέρες,
3581 5294 3675 5344 καὶ
3702 5296 3728 5345 6

2137 5376 2417 5445 ἧλιος,καὶ
2460 5378 2493 5445 ἠ
2540 5378 2756 5449 σελήνη,
2793 5381 2887 5433 καλ⁵
2916 5380 2975 5433 τὸ
3004 5382 3133 5452 παρ’
3159 5384 3289 5451 ημῖν
3316 5383 3427 5453 πῦρ
3465 5385 3727 5452 συγγενές

2138 5470 2272 5521 ἐστι.
2298 5468 2407 5521 Καὶ
2431 5468 2593 5537 βλέπε
2625 5471 2740 5535 πῶς
2768 5473 3087 5541 συγγένειαν
3114 5473 3223 5544 ἔχει
3249 5477 3281 5544 ἡ
3305 5474 3561 5545 ἀστραπὴ
3590 5480 3723 5546 πρὸς

2134 5556 2260 5618 τοὺς
2297 5557 2530 5626 ἀστέρας
2558 5558 2621 5609 ἐκ
2646 5557 2739 5610 τοῦ
2781 5560 3041 5631 ὀνόματος
3063 5578 3075 5592 '
3107 5562 3359 5633 ἀστραπὴ
3399 5565 3491 5615 καὶ
3524 5564 3717 5635 ἄστρα.

2142 5796 2150 5805 ”
2198 5736 2220 5805 ς
2254 5733 2406 5781 Valic.
2433 5741 2485 5783 el
2508 5734 2708 5784 Cosmas
2749 5738 3035 5801 ἡρμήνευσε,
3059 5739 3168 5789 Sav.
3211 5739 3427 5801 indeque
3453 5740 3714 5792 Combcﬂs.

2137 5797 2357 5857 ἐμήνυσε.

2199 5855 2225 5895 d
2245 5856 2400 5918 Ὅπερ
2424 5857 2640 5907 additum
2664 5872 2693 5906 ρ
2717 5858 2866 5909 Savil.
