3984 6416
192 417 299 472 433

204 520 490 575 multorum
522 517 714 571 animis
756 516 1006 570 molestas
1042 516 1227 570 videri.
1260 516 1452 570 Verum
1483 524 1691 584 oportet
1721 515 1772 567 in

204 609 285 662 die
309 608 522 676 jejunii,
551 621 671 660 cum
699 606 1060 675 vigilantiores
1088 606 1280 658 anima:
1309 613 1452 667 sunt,
1483 605 1549 657 de
1575 604 1777 656 altiori-

202 702 297 754 bus
320 700 483 753 verba
516 699 710 752 facere.
752 695 821 750 In
850 699 1096 765 principio
1138 707 1277 762 erat,
1309 706 1395 760 et,
1434 695 1496 748 In
1532 696 1777 763 principio

203 790 349 858 fecit;
392 789 515 841 ideo
556 786 832 841 exordium
864 800 960 855 par
988 800 1106 840 esse
1148 785 1277 849 dixi,
1312 784 1373 837 In
1403 784 1669 852 principio,
1700 790 1774 844 et,

203 878 265 933 In
312 878 609 948 principio;
646 885 703 930 ut
739 876 1163 938 demonstretur,
1208 890 1364 928 unam
1407 889 1527 928 esse
1570 873 1777 941 pietatis

199 969 452 1030 radicem,
477 983 596 1036 quae
624 974 679 1020 et
707 967 873 1031 illum,
908 981 1098 1034 nempe
1128 966 1504 1033 Iegislatorem,
1532 964 1773 1027 instituit,

199 1070 248 1114 et
293 1060 469 1123 hunc,
521 1059 822 1126 theologum
862 1057 1095 1121 scilicet,
1153 1056 1481 1109 illuminavit.
1517 1055 1776 1110 Germana

198 1151 392 1218 quippe
421 1157 547 1201 sunt
566 1146 673 1201 duo
702 1148 1059 1208 Testamenta,
1089 1161 1195 1198 uno
1217 1146 1373 1198 Patre
1397 1154 1510 1197 orta
1537 1162 1548 1196 :
1581 1144 1698 1199 ideo
1726 1144 1775 1196 in

198 1253 446 1291 sermone
488 1236 865 1290 consentiunt:
901 1235 1010 1289 fere
1058 1236 1197 1288 enim
1237 1235 1419 1287 eadem
1452 1234 1653 1301 imago,
1682 1248 1776 1285 ea-

197 1328 316 1381 dem
351 1326 646 1380 similitudo
671 1333 767 1378 est.
802 1325 878 1377 Ac
904 1323 1348 1391 quemadmodum
1395 1324 1447 1376 in
1487 1321 1774 1391 germanis,

200 1434 301 1471 uno
331 1427 482 1485 patre
508 1417 638 1469 ortis
660 1456 675 1479 ,
716 1415 914 1469 similes
958 1424 1081 1468 sunt
1108 1418 1459 1484 proprietates
1491 1435 1503 1469 :
1534 1415 1611 1468 sic
1654 1416 1775 1483 quia

199 1510 302 1563 duo
332 1510 671 1563 Testamenta
703 1520 807 1559 uno
833 1506 987 1559 Patre
1012 1516 1128 1560 orta
1158 1516 1300 1571 sunt,
1334 1506 1551 1559 multam
1582 1505 1779 1558 habent

199 1598 617 1653 similitudinem.
650 1592 791 1650 Sane
824 1605 878 1649 et
923 1596 974 1647 in
1006 1594 1179 1649 Veteri
1210 1596 1550 1649 Testamento
1579 1608 1778 1661 praece-

199 1687 273 1739 dit
293 1686 395 1749 lex,
420 1692 477 1738 et
498 1692 791 1750 sequuntur
814 1682 1103 1751 prophetae,
1127 1692 1179 1737 et
1204 1684 1254 1736 in
1286 1697 1424 1736 nova
1452 1682 1615 1750 gratia
1644 1694 1778 1749 prai-

199 1776 339 1830 cedit
357 1772 729 1839 Evangelium,
752 1784 803 1827 et
838 1782 1129 1841 sequuntur
1158 1774 1402 1842 apostoli.
1438 1772 1549 1825 Illic
1574 1770 1776 1824 duode-

199 1867 299 1917 cim
334 1863 610 1931 prophetae
634 1903 649 1927 ,
672 1872 725 1915 et
761 1864 951 1931 singuli
989 1872 1111 1916 sunt
1135 1878 1200 1917 ex
1227 1878 1448 1916 numero
1490 1860 1773 1914 duodeno;

200 1954 482 2008 duodecim
512 1963 632 2006 sunt
658 1952 792 2006 Osee
819 1962 873 2007 et.
906 1954 1093 2022 reliqui
1130 1973 1143 2008 :
1172 1962 1431 2022 quatuor,
1464 1952 1621 2005 Isaias
1644 1991 1658 2013 ,
1689 1950 1779 2004 Je-

198 2045 426 2108 remias,
464 2042 741 2104 Ezechiel,
770 2043 970 2096 Daniel.
1002 2043 1055 2096 In
1096 2042 1244 2096 Novo
1276 2042 1613 2096 Testamento
1641 2041 1777 2094 duo-

198 2132 367 2185 decim
412 2131 675 2199 apostoli,
708 2141 761 2185 et
803 2142 1027 2199 quatuor
1068 2132 1423 2200 evangelista.
1456 2130 1567 2184 Illic
1595 2145 1776 2184 rursus

200 2223 367 2289 prima
412 2222 620 2274 vocatio
666 2222 755 2274 Dei
782 2236 811 2273 a
854 2221 1103 2275 fratribus
1146 2224 1308 2290 coepit
1352 2241 1364 2274 :
1410 2223 1612 2290 accepit
1636 2222 1775 2275 enim

200 2312 440 2380 Moysem
468 2319 523 2363 et
550 2314 810 2364 Aaronem
857 2311 1055 2379 primos
1080 2325 1348 2378 praecones
1389 2312 1476 2365 :in
1490 2311 1777 2379 Evangelio

201 2414 411 2468 quoque
441 2400 661 2467 primam
684 2400 1010 2453 vocationem
1040 2399 1163 2453 facit
1188 2400 1328 2454 Petri
1353 2409 1405 2453 et
1433 2400 1676 2454 Andreae.
1714 2400 1777 2452 Et

201 2491 305 2545 illic
331 2491 550 2561 quidem
582 2492 806 2559 simplex
833 2491 1021 2560 gratia,
1043 2490 1128 2543 hic
1157 2499 1331 2543 autem
1360 2490 1521 2559 duplo
1550 2490 1772 2543 auctior.

201 2579 310 2633 Illic
337 2582 479 2633 enim
504 2581 609 2633 duo
639 2581 826 2633 fratres
852 2580 1022 2633 vocati
1051 2589 1190 2644 sunt,
1222 2580 1429 2650 Moyses
1462 2588 1515 2632 et
1554 2582 1728 2631 Aaron
1758 2593 1772 2642 ;

202 2670 285 2725 hic
314 2682 499 2725 autem
531 2672 610 2724 bis
646 2671 747 2724 duo
779 2671 989 2733 fratres,
1019 2670 1207 2725 Petrus
1232 2680 1289 2725 et
1331 2670 1588 2734 Andreas,
1620 2670 1777 2724 Jaco-

201 2758 296 2813 bus
320 2769 375 2813 et
397 2760 650 2814 Joannes.
684 2760 812 2826 Quia
842 2761 1010 2813 voluit
1032 2760 1286 2815 Servator
1310 2775 1426 2814 eam
1448 2777 1565 2829 quae
1588 2776 1777 2815 secun-

202 2851 319 2902 dum
348 2852 602 2918 Spiritum
626 2861 861 2903 sanetum
892 2859 976 2905 est
1002 2852 1272 2904 caritatem
1301 2850 1451 2904 nobis
1481 2851 1770 2915 insinuare,

202 2950 252 2992 et
279 2940 467 2993 fratres
497 2940 686 2993 allectu
713 2940 866 2993 simul
913 2949 966 2993 et
1013 2940 1197 3006 spiritu
1238 2939 1431 3004 facere,
1464 2939 1775 2992 fundamen-

202 3038 306 3081 tum
335 3031 562 3097 sumpsit
604 3039 862 3091 naturam,
891 3029 1214 3098 inseruitque
1242 3040 1441 3081 natura:
1471 3030 1695 3092 viscera,
1724 3039 1777 3081 et

202 3118 250 3169 in
303 3118 390 3172 illa
445 3117 882 3183 supermdificavit
923 3118 1317 3171 fundamentum
1361 3118 1628 3171 Ecclesiae.
1658 3117 1775 3170 Pri-

201 3224 341 3261 mum
396 3210 603 3276 signum
654 3210 705 3261 in
740 3209 917 3263 Veteri
962 3210 1057 3262 fuit
1084 3216 1315 3262 mutatus
1364 3210 1414 3263 in
1463 3210 1772 3277 sanguinem

200 3299 424 3360 fluvius;
460 3300 686 3366 primum
731 3300 936 3365 signum
979 3300 1029 3352 in
1074 3299 1221 3352 Novo
1253 3298 1350 3351 fuit
1379 3301 1598 3351 mutatio
1626 3314 1774 3367 aqua:

202 3390 250 3442 in
284 3389 487 3441 viuum.
520 3387 711 3441 Verum
744 3404 846 3441 non
891 3397 971 3441 est
1010 3390 1284 3456 prtesentis
1327 3389 1580 3457 temporis
1608 3397 1773 3441 totam

199 3479 597 3532 similitudinem
626 3479 875 3546 deinceps
915 3480 1159 3547 persequi
1193 3498 1204 3532 :
1240 3479 1332 3532 sed
1372 3479 1436 3532 ad
1479 3480 1773 3533 institutum

200 3579 548 3622 revertamur.
580 3567 644 3620 In
672 3568 916 3635 principio
957 3568 1072 3633 fecit
1108 3566 1244 3621 Deus
1282 3570 1456 3621 cwlum
1487 3579 1531 3621 et
1569 3578 1770 3621 terram.

200 3657 296 3713 Sex
330 3660 537 3711 dierum
567 3659 735 3725 spatio
762 3657 884 3710 fecit
931 3656 1068 3710 Deus
1102 3659 1298 3710 omnia.
1329 3658 1431 3712 Sed
1459 3658 1628 3727 prima
1657 3657 1771 3713 dies

198 3748 375 3801 differt
420 3762 446 3798 a
483 3746 843 3814 sequentibus.
874 3744 1002 3798 Nam
1049 3747 1216 3813 prima
1265 3745 1350 3799 die
1395 3746 1515 3799 fecit
1544 3747 1679 3800 Deus
1708 3761 1773 3799 ex

200 3855 299 3891 non
333 3837 665 3891 exstantibus
709 3852 721 3887 :
772 3850 802 3888 a
846 3834 1079 3888 secundo
1118 3844 1294 3887 autem
1342 3834 1427 3888 die
1472 3835 1600 3887 nihil
1651 3834 1775 3889 fecit

200 3930 333 3983 Deus
362 3944 429 3981 ex
470 3942 571 3979 non
600 3927 961 3989 exstantibus;
993 3926 1085 3979 sed
1132 3941 1195 3979 ex
1243 3927 1303 3978 iis
1345 3941 1460 3993 quae
1492 3926 1658 3994 prima
1689 3926 1775 3981 die

200 4020 397 4073 fecerat
428 4018 650 4069 mutavit
680 4026 734 4068 ut
764 4016 945 4069 voluit.
970 4016 1047 4069 Tu
1091 4031 1216 4069 vero
1249 4016 1327 4068 his
1354 4015 1698 4069 consideratis
1721 4026 1776 4070 et

197 4109 507 4175 exploratis,
540 4108 583 4159 si
614 4105 887 4159 veritatem
914 4104 1299 4173 deprehendis,
1328 4119 1607 4158 assensum
1633 4120 1773 4173 pra:-

198 4199 301 4261 be;
336 4200 420 4250 sin
461 4212 564 4249 non
609 4195 993 4263 deprehendis,
1045 4196 1259 4260 incusa,
1304 4203 1358 4249 et
1385 4198 1774 4250 accusationem

198 4288 418 4340 admitto
451 4305 462 4340 :
497 4286 545 4339 id
599 4286 739 4339 enim
784 4286 1001 4339 multaut
1042 4285 1367 4341 defensionis
1413 4301 1594 4341 ansam
1644 4287 1774 4341 mibi

203 4380 421 4446 prmbel.

266 4472 318 4524 4.
340 4469 591 4524 Ctelorum
608 4471 844 4537 formatio
858 4470 1209 4538 (a).Primo
1229 4472 1402 4541 itaque
1417 4473 1776 4528 diecreatura-

198 4578 312 4614 rum
339 4561 616 4612 materiam
637 4558 756 4612 fecit
778 4560 933 4621 Deus;
962 4560 1174 4629 reliquis
1194 4577 1319 4615 vero
1336 4562 1522 4616 diebus
1552 4566 1772 4616 formam

198 4661 506 4705 etnrnalunl
525 4663 905 4704 creaturarum.
928 4652 1168 4720 Exempli
1187 4667 1342 4705 causa
1368 4694 1381 4717 ,
1413 4652 1535 4705 fecit
1561 4654 1770 4717 cmlum,

198 4742 331 4810 quod
346 4751 467 4793 ante
488 4756 588 4793 non
608 4751 865 4805 erat;non
889 4740 988 4793 hoc
1012 4740 1219 4803 caelum,
1245 4741 1336 4793 sed
1364 4741 1503 4809 quod
1533 4742 1774 4809 superius

202 4844 279 4887 est
303 4852 313 4886 :
351 4834 451 4885 hoc
479 4833 673 4900 quippe
697 4832 883 4885 caelum
911 4831 1143 4884 secundo
1169 4831 1255 4884 die
1282 4830 1475 4884 factum
1504 4840 1603 4885 est.
1627 4831 1777 4885 Fecit

201 4925 332 4977 Deus
348 4924 537 4976 cmlum
564 4924 824 4989 superius,
841 4921 905 4974 de
924 4936 1028 4989 quo
1054 4920 1218 4973 David
1241 4940 1251 4973 :
1274 4920 1461 4973 Caelum
1478 4922 1585 4972 01011
1605 4920 1777 4973 Domi-

197 5030 257 5065 no
280 5014 450 5082 (Psal.
474 5012 594 5065 H5.
630 5010 735 5079 l6).
763 5010 891 5063 Illud
920 5026 1046 5064 vero
1075 5012 1223 5078 quasi
1246 5025 1547 5077 supremum
1577 5010 1776 5063 tabula-

200 5114 303 5157 :um
322 5113 421 5158 est.
449 5107 523 5155 Ac
549 5100 987 5169 quemadmodum
1016 5100 1069 5153 in
1087 5101 1244 5153 domo
1256 5099 1477 5153 duarum
1496 5101 1771 5166 contigna-

198 5197 396 5247 tiouum
428 5190 1013 5245 intercedittabulattun
1043 5190 1270 5243 medium
1295 5206 1306 5241 :
1338 5189 1416 5243 sic
1443 5200 1494 5241 et
1517 5190 1770 5241 Dominus

198 5285 444 5337 mundum
459 5298 647 5337 creans
668 5297 763 5335 ceu
781 5282 1014 5345 domum,
1045 5280 1271 5333 medium
1288 5280 1573 5332 tabulatum
1599 5279 1774 5346 posuit

196 5374 293 5427 hoc
316 5376 503 5428 caelum
523 5415 536 5437 ,
554 5380 608 5425 et
626 5386 781 5440 supra
814 5371 957 5424 illum
982 5384 1159 5436 aquas.
1181 5368 1304 5422 Ideo
1331 5369 1403 5422 ait
1436 5369 1599 5423 David
1624 5387 1635 5421 :
1675 5370 1774 5435 Qui

194 5469 311 5533 tegis
332 5467 472 5533 aquis
490 5465 747 5531 superiora
760 5463 869 5526 eius
886 5460 1051 5533 (Psal.
1077 5461 1195 5513 I05.
1218 5461 1291 5529 5).
1316 5461 1463 5514 Fecit
1493 5462 1648 5530 igitur
1667 5475 1771 5514 caa-

196 5571 295 5606 .um
320 5556 458 5623 quod
472 5564 595 5608 ante
612 5570 713 5608 non
733 5564 862 5617 erat,
880 5562 1069 5607 terram
1091 5567 1207 5620 qua:
1219 5562 1339 5605 ante
1352 5569 1454 5606 non
1476 5560 1603 5617 erat,
1630 5555 1776 5622 abys-

244 5682 324 5751 .(n)
358 5693 467 5740 Qum
507 5684 956 5751 sequuntur_af_lert
995 5684 1185 5733 Cosmus
1227 5682 1477 5745 (-911118
1522 5686 1569 5732 111
1617 5684 1775 5734 Colle-

197 5746 350 5792 ctione
375 5756 536 5795 nostra
559 5756 609 5795 't.
638 5746 681 5803 2,
710 5760 755 5807 .
783 5747 891 5799 520.

1264 399 1352 457 DE
1394 401 1605 456 MUNDI
1644 398 2034 454 CREATIONE
2070 400 2321 457 ORATIO
2361 403 2399 456 I.

3348 414 3459 470 434

1882 528 1972 570 sos
1988 531 2103 585 qua:
2120 526 2243 572 ante
2257 533 2359 571 non
2377 526 2551 583 erant,
2574 529 2779 583 ventos.
2804 535 3005 587 aerem,
3027 522 3222 593 ignem,
3240 539 3453 594 aquam.

1883 605 2125 660 Omnium
2142 622 2260 675 qua:
2287 606 2420 660 facta
2443 617 2566 662 sunt
2583 612 2858 664 materiam
2878 614 3044 680 prima
3066 614 3151 668 die
3179 615 3321 668 fecit.
3349 616 3455 670 Sed

1884 695 2021 748 haud
2042 696 2199 749 dubie
2226 696 2362 750 dicet
2394 697 2583 766 aliquis
2607 715 2620 749 :
2650 698 2916 767 Scriptum
2945 712 3027 755 est
3053 704 3225 771 ipsum
3260 704 3453 758 fecisse

1882 785 2067 838 carlum
2108 794 2161 839 et
2204 796 2431 851 terram,
2473 787 2540 840 de
2568 802 2702 856 aqua
2724 830 2738 853 ,
2786 789 2906 858 igne
2941 800 2995 844 et
3036 807 3159 845 aere
3186 807 3291 845 non
3319 795 3455 846 scri-

1883 886 2029 943 ptum
2055 884 2157 928 est.
2188 875 2366 928 Primo
2393 877 2598 944 itaque,
2624 877 2812 931 fratres
2834 917 2848 941 ,
2880 895 2943 932 ex
2976 895 3078 947 quo
3108 880 3240 934 dixit
3267 884 3455 936 malum

1882 974 1936 1017 et
1969 974 2160 1017 terram
2199 963 2335 1017 facta
2362 980 2481 1019 esse
2509 1006 2523 1030 ,
2554 982 2622 1018 ex
2666 967 2730 1019 iis
2772 983 2889 1035 quae
2927 970 3199 1023 continent
3236 986 3297 1025 ea
3338 986 3456 1040 quae

1884 1054 2223 1107 continentur
2266 1054 2532 1107 indicavit.
2577 1054 2722 1108 Sicut
2766 1058 2905 1110 enim
2934 1072 3052 1111 cum
3095 1058 3273 1125 dixit,
3312 1060 3457 1116 Fecit

1883 1142 2018 1195 Deus
2044 1144 2289 1196 hominem
2314 1145 2564 1212 pulverem
2585 1147 2830 1212 accipiens
2855 1148 2916 1199 de
2941 1158 3075 1200 terra
3104 1151 3248 1219 (Gen.
3286 1154 3337 1205 2.
3378 1154 3456 1221 7),

1882 1235 2148 1302 opicium
2177 1235 2347 1298 dixit,
2380 1252 2483 1290 non
2512 1237 2748 1292 membra
2774 1241 3105 1293 enumeravit
3133 1258 3145 1292 :
3177 1256 3349 1308 neque
3369 1241 3455 1295 di-

1883 1326 1959 1378 xit
1984 1342 1995 1377 :
2029 1324 2175 1378 Fecit
2205 1324 2344 1379 Deus
2369 1327 2573 1391 oculos,
2604 1335 2852 1393 etaures,
2884 1338 2939 1383 et
2960 1344 3136 1394 nares,
3165 1331 3256 1384 sed
3282 1330 3454 1385 homi-

1884 1429 2003 1466 nem
2033 1413 2235 1475 dicens,
2263 1416 2437 1468 omnia
2461 1416 2615 1469 simul
2646 1417 2879 1472 membra
2909 1420 3309 1487 comprehendit
3334 1438 3347 1471 :
3377 1421 3455 1475 sic

1881 1517 2001 1557 cum
2031 1503 2159 1556 dicit
2189 1543 2203 1566 ,
2235 1503 2397 1557 Deum
2444 1504 2633 1559 fecisse
2668 1507 2854 1560 caelum
2903 1517 2955 1561 et
2999 1518 3190 1562 terram
3219 1550 3233 1573 ,
3264 1520 3453 1563 cuncta

1881 1592 2191 1659 complexus
2218 1602 2319 1658 est,
2352 1602 2405 1647 et
2432 1609 2532 1647 una
2565 1598 2811 1650 tenebras
2836 1606 2891 1650 et
2933 1598 3154 1667 abyssos
3178 1597 3344 1651 factas
3370 1600 3453 1651 in-

1881 1682 2023 1735 duxit
2052 1700 2065 1735 :
2094 1698 2214 1735 nam
2237 1682 2493 1749 Tenebrte,
2519 1685 2709 1754 inquit,
2742 1697 2882 1739 erant
2907 1704 3055 1756 super
3082 1689 3260 1756 faciem
3288 1689 3452 1757 abyssi

1881 1773 1900 1839 (
1923 1770 2049 1824 Gen.
2082 1772 2134 1827 I.
2166 1772 2200 1823 2
2219 1773 2255 1840 ).
2289 1773 2526 1843 Abyssus
2554 1790 2681 1828 vero
2708 1785 2929 1829 vocatur
2956 1791 3208 1845 aquarum
3236 1792 3449 1845 gurges.

1880 1860 2029 1926 Quod
2057 1869 2231 1913 autem
2252 1863 2409 1915 etiam
2442 1863 2616 1932 abyssi
2646 1864 2796 1917 facta:
2819 1867 2942 1928 sint,
2970 1866 3278 1919 testificatur
3305 1866 3449 1920 Scri-

1882 1959 2031 2019 ptura
2075 1950 2256 2003 dicens
2296 1969 2307 2003 :
2356 1951 2636 2020 Antequam
2670 1956 2874 2022 abyssos
2921 1957 3263 2015 constitueret,
3312 1967 3452 2008 ante-

1879 2056 2031 2108 quam
2066 2049 2248 2091 terram
2282 2050 2471 2092 crearet
2502 2042 2518 2107 (
2552 2041 2705 2093 Prov.
2730 2042 2782 2095 8.
2808 2043 2897 2095 24.
2928 2042 2996 2095 26
3021 2043 3060 2112 ).
3090 2042 3265 2110 Itaque
3300 2044 3450 2096 facta:

1879 2138 2032 2182 erant
2070 2130 2267 2198 abyssi.
2300 2130 2498 2183 Deinde
2529 2146 2618 2183 aer
2655 2146 2866 2198 quoque
2907 2132 3240 2199 quandonam
3281 2132 3450 2186 factus

1879 2218 1947 2270 sit
1969 2218 2090 2270 audi
2113 2237 2125 2268 :
2152 2217 2217 2269 Et
2236 2218 2443 2284 spiritus
2473 2219 2564 2270 Dei
2596 2220 2845 2287 ferebatur
2869 2236 3018 2286 super
3038 2236 3192 2288 aquas
3222 2219 3367 2288 (Gen.
3394 2222 3447 2273 1.

1878 2304 1959 2373 2).
1986 2306 2085 2359 Hic
2115 2320 2218 2358 non
2249 2306 2501 2373 Spiritum
2547 2318 2785 2360 sanctum
2827 2310 2987 2372 dicit;
3021 2325 3125 2361 non
3157 2311 3296 2362 enim
3326 2325 3448 2364 cum

1880 2396 2138 2449 creaturis
2179 2406 2555 2449 annumeratur
2599 2398 2649 2449 id
2681 2399 2819 2465 quod
2860 2399 3154 2452 increatum
3186 2409 3266 2452 est
3307 2418 3318 2451 :
3355 2401 3448 2454 sed

1881 2487 2121 2553 Spiritum
2164 2493 2317 2539 vocat
2356 2487 2493 2540 aeris
2536 2496 2753 2539 motum.
2797 2490 2873 2540 Ac
2908 2489 3350 2556 quemadmodum
3392 2493 3445 2543 in

1882 2575 1993 2629 Elia
2025 2575 2275 2642 propheta
2318 2576 2570 2644 scriptum
2600 2586 2680 2630 est
2713 2596 2726 2629 :
2761 2576 2826 2629 Et
2864 2580 3040 2631 caelum
3085 2582 3447 2633 contenebravit

1880 2667 1929 2719 in
1952 2669 2079 2719 nube
2106 2677 2149 2719 et
2175 2670 2354 2735 spiritu
2377 2670 2454 2737 (5.
2485 2668 2610 2737 Reg.
2637 2670 2720 2723 13.
2750 2670 2861 2737 45)
2892 2673 2969 2723 sic
2997 2681 3043 2723 et
3077 2670 3175 2723 hoc
3205 2672 3319 2725 loco
3342 2673 3449 2740 spie

1880 2758 2037 2810 ritum
2081 2768 2233 2810 vocat
2277 2761 2413 2811 aeris
2459 2770 2720 2812 naturam.
2754 2760 2971 2813 Demum
3004 2770 3247 2828 superest
3274 2770 3327 2813 ut
3358 2776 3449 2814 os-

1880 2848 2174 2907 tendamus,
2193 2848 2405 2900 ubinam
2425 2848 2557 2916 iguis
2574 2847 2741 2901 factus
2765 2849 2851 2900 sit.
2878 2847 3017 2900 Dixit
3037 2848 3190 2912 Deus,
3216 2849 3333 2900 Fiat
3360 2852 3450 2902 lux

1884 2936 2030 3006 (Gen.
2060 2938 2110 2990 1.
2139 2937 2219 3004 9.),
2244 2946 2297 2990 et
2317 2936 2451 2990 facta
2474 2949 2553 2990 est
2577 2938 2711 3005 ignis
2733 2948 2917 2990 natura
2944 2955 2956 2989 :
2990 2954 3093 2990 non
3117 2938 3284 2991 solum
3305 2939 3446 2991 enim

1880 3028 1964 3079 hic
1996 3027 2127 3094 ignis
2155 3028 2381 3089 exsistit,
2413 3027 2503 3078 sed
2533 3028 2690 3079 etiam
2721 3042 2965 3093 supernae
2993 3036 3282 3094 potestates
3310 3028 3446 3095 ignis

1879 3125 2041 3180 Sunt,
2070 3115 2349 3184 affinisque
2376 3124 2458 3168 est
2484 3131 2746 3183 supernus
2778 3116 2865 3169 ille
2895 3156 2909 3179 ,
2954 3115 3075 3168 huic
3102 3126 3286 3169 nostro
3316 3118 3443 3184 igni.

1878 3207 2140 3273 Qttmritur
2164 3216 2359 3268 autem,
2384 3221 2476 3257 cur
2495 3206 2578 3258 hic
2602 3206 2982 3275 exstinguatur,
3006 3206 3091 3259 ille
3116 3220 3240 3257 vero
3270 3221 3444 3260 secus.

1878 3299 2006 3365 Quia
2032 3298 2245 3366 angelos
2286 3298 2408 3350 fecit
2438 3297 2573 3350 Deus
2598 3297 2811 3363 spiritus
2841 3338 2855 3361 ,
2887 3297 3195 3364 animasque
3240 3303 3447 3348 nostras

1878 3388 2001 3440 item
2026 3387 2261 3454 spiritus,
2285 3386 2376 3439 scd
2411 3386 2615 3437 animas
2637 3393 2845 3438 nostras
2874 3385 2923 3437 in
2950 3399 3205 3452 corpore,
3232 3385 3448 3452 angelos

1877 3486 2053 3530 autem
2082 3487 2231 3529 extra
2257 3490 2501 3543 corpora.
2556 3475 3013 3542 Quemadmodum
3054 3476 3210 3544 igitur
3254 3476 3304 3528 in
3336 3476 3451 3527 ani-

1877 3567 2061 3620 mabus
2090 3576 2143 3619 et
2167 3565 2217 3619 in
2244 3566 2463 3634 angelis,
2497 3565 2573 3618 sic
2602 3573 2656 3619 et
2680 3566 2732 3618 in
2756 3566 2873 3633 igne
2897 3580 3005 3618 rem
3033 3581 3091 3618 se
3121 3564 3314 3619 habere
3334 3579 3451 3617 cer-

1878 3657 2040 3709 nitur.
2084 3655 2221 3724 Ignis
2262 3669 2521 3724 supernus
2558 3656 2672 3709 sine
2715 3659 2935 3708 materia
2971 3696 2985 3719 ,
3033 3655 3166 3723 ignis
3211 3654 3449 3707 infernus

1878 3762 1996 3800 cum
2022 3746 2269 3799 materia:
2298 3746 2529 3798 carlestis
2552 3746 2692 3798 enim
2724 3745 2857 3813 ignis
2886 3745 2966 3797 his
2989 3754 3069 3797 est
3091 3743 3287 3806 affinis,
3313 3745 3451 3795 sicut

1878 3846 1931 3891 et
1973 3837 2145 3888 anima
2188 3844 2368 3889 nostra
2413 3833 2584 3886 affinis
2620 3842 2701 3886 est
2747 3834 2984 3901 angelis:
3025 3843 3081 3885 ut
3120 3834 3193 3886 illi
3232 3835 3450 3900 spiritus

1879 3937 2033 3989 sunt,
2068 3927 2144 3979 sic
2172 3936 2224 3978 et
2253 3925 2335 3977 Ine
2364 3932 2486 3978 sunt
2510 3923 2726 3991 spiritus
2747 3963 2761 3987 ,
2786 3931 2843 3975 ut
2862 3923 3020 3975 etiam
3053 3932 3161 3975 tres
3192 3923 3338 3990 pueri
3364 3922 3448 3972 di-

1880 4029 2003 4071 cunt
2029 4036 2041 4071 :
2069 4016 2587 4083 Benedicite,spiritus
2621 4023 2667 4066 et
2704 4014 2883 4065 anima:
2902 4016 3153 4082 justorum
3187 4011 3205 4081 (
3235 4011 3366 4062 Dan.
3393 4011 3444 4063 5.

1880 4108 1968 4173 86)
2041 4122 2101 4160 ac
2129 4120 2357 4169 rursum,
2385 4104 2484 4169 Qui
2514 4104 2632 4171 facit
2657 4104 2862 4170 angelos
2890 4118 3006 4154 suos
3033 4102 3196 4165 Spiritt
3218 4117 3239 4146 ,
3273 4098 3443 4168 (Psat.

1881 4196 2001 4250 105.
2036 4198 2069 4249 4
2096 4196 2133 4265 ).
2166 4194 2344 4261 Neque
2374 4194 2531 4261 igitur
2558 4192 2731 4244 anima
2774 4191 2887 4244 sine
2917 4204 3142 4258 corpore
3182 4194 3401 4254 apparet
3431 4226 3445 4251 ,

1882 4303 2051 4357 neque
2077 4288 2247 4356 ignem
2272 4287 2386 4339 sine
2411 4295 2621 4353 stuppa,
2647 4283 2731 4336 vel
2760 4292 3032 4337 sarmento
3052 4323 3066 4347 ,
3090 4282 3171 4333 vel
3195 4281 3295 4333 alia
3327 4295 3439 4331 ma

1882 4379 2008 4432 teria
2054 4377 2234 4430 videre
2274 4384 2373 4427 est.
2419 4374 2490 4429 Ut
2523 4382 2697 4426 autem
2742 4373 3049 4426 ostendatur
3095 4370 3235 4422 hunc
3276 4370 3447 4435 ignem

1879 4484 1984 4523 non
2014 4482 2132 4521 esse
2160 4466 2391 4520 alienum
2410 4505 2426 4529 ,
2472 4463 2523 4517 id
2553 4464 2711 4517 (10001
2740 4464 2851 4530 ipsa
2885 4471 3088 4515 natura.
3114 4458 3261 4511 Multi
3292 4472 3447 4509 nam-

1880 4575 1982 4626 que
2008 4572 2147 4624 s-.epc
2177 4572 2240 4609 ex
2263 4556 2377 4607 sole
2408 4555 2578 4621 ignem
2613 4561 2937 4615 mutuantur,
2961 4558 3015 4602 et
3036 4547 3329 4602 accendunt
3355 4564 3367 4598 :
3404 4546 3447 4598 si

1880 4657 2053 4700 autem
2083 4646 2286 4697 alienus
2315 4654 2476 4707 esset,
2508 4641 2777 4710 quomodo
2808 4641 3036 4693 alienum
3068 4655 3132 4692 ex
3158 4640 3269 4706 ipso
3307 4638 3448 4689 acci-

1883 4735 2136 4805 peretur?
2164 4735 2411 4803 Alioquin
2442 4742 2546 4785 tam
2577 4734 2758 4800 ingens
2804 4733 2854 4784 in
2905 4731 3035 4785 caelo
3066 4730 3198 4797 ignis
3228 4740 3311 4781 est
3335 4730 3450 4783 sine

1881 4827 2120 4885 materia,
2145 4834 2201 4877 ut
2230 4826 2279 4876 111
2311 4832 2487 4876 11101110
2516 4822 2638 4876 Sina
2667 4822 2800 4888 ignis
2827 4829 3122 4887 appareret,
3142 4834 3296 4887 quem
3329 4818 3450 4872 abs-

1881 4933 1983 4987 que
2021 4917 2173 4983 lignis
2228 4914 2478 4981 subjectis
2511 4954 2524 4972 ,
2553 4912 2645 4964 sed
2693 4927 2755 4963 ex
2801 4911 2915 4977 ipso
2952 4909 3185 4962 materize
3230 4918 3450 4977 experte

1884 5010 2002 5077 igne
2024 5007 2089 5060 ad
2113 5005 2463 5074 Spectaculum
2494 5002 2678 5055 eduxit
2708 5002 2871 5059 Deus,
2896 5010 2949 5052 ut
2970 5000 3228 5068 quispiam
3257 5000 3451 5052 dixerit

1884 5111 2099 5165 parvum
2132 5108 2249 5147 esse
2297 5094 2435 5144 hunc
2474 5092 2650 5159 ignem
2682 5106 2800 5143 cum
2830 5090 2920 5141 illo
2952 5090 3147 5156 ingenti
3176 5102 3451 5155 compara-

1884 5199 2015 5241 tum.
2062 5188 2149 5242 Sic
2190 5186 2361 5252 itaque
2406 5185 2479 5235 ait
2521 5182 2762 5251 Moyses:
2796 5180 2872 5233 De
2913 5182 3034 5233 rwlo
3073 5181 3293 5230 auditam
3339 5178 3450 5246 fecit

1882 5281 2132 5333 Dominus
2174 5293 2339 5329 vocem
2381 5292 2521 5327 suam
2557 5315 2571 5335 ,
2611 5284 2655 5325 et
2688 5274 2897 5325 astendit
2940 5271 3075 5323 Deus
3114 5272 3275 5339 ignem
3305 5283 3447 5321 suum

1884 5368 2161 5442 magnum(
2192 5367 2338 5421 Deut.
2372 5368 2424 5419 4.
2453 5366 2522 5419 56
2553 5366 2605 5434 );
2638 5375 2691 5416 ut
2732 5364 3121 5419 demonstraret
3162 5362 3296 5412 hunc
3332 5371 3450 5409 esse

1885 5479 2121 5533 parvum.
2151 5459 2336 5513 Omnia
2365 5459 2535 5525 itaque
2563 5457 2695 5524 ignis
2718 5464 2855 5517 sunt,
2890 5464 2939 5506 ct
2967 5454 3159 5520 fulgur,
3184 5460 3234 5505 et
3260 5448 3445 5508 stellae,

1884 5563 1936 5607 et
1965 5553 2041 5605 sol
2064 5560 2114 5603 et
2141 5550 2283 5609 luna,
2316 5548 2523 5615 illisque
2555 5556 2735 5599 noster
2757 5544 2887 5613 ignis
2918 5543 3091 5594 affinis
3117 5549 3215 5591 cst.
3239 5538 3298 5589 Et
3330 5536 3449 5588 vide

1884 5658 2040 5711 quam
2082 5639 2390 5691 affinitatem
2434 5636 2662 5689 habeant
2942 5640 2994 5684 01
3028 5634 3242 5695 ,
3277 5623 3447 5689 fulgur

1886 5742 1937 5787 ct
1964 5730 2151 5796 8101110,
2178 5730 2263 5784 vel
2288 5745 2351 5783 ex
2380 5729 2491 5797 ipso
2518 5727 2766 5790 nomine;
3052 5727 3103 5772 01
3302 5756 3317 5782 ,
3344 5713 3445 5766 ful-
