3984 6442
491 457 604 514 435

490 577 589 628 gur
613 567 667 614 et
689 557 872 612 stella.
905 555 1156 610 Servator
1181 560 1380 614 autem,
1414 558 1467 602 ut
1493 544 1794 601 ostenderet
1820 544 1992 613 ignem
2013 553 2067 598 et

493 653 668 722 fulgur
694 651 883 704 similia
910 663 1030 702 esse
1055 687 1070 711 ,
1093 647 1166 699 ait
1197 645 1247 697 in
1277 638 1564 707 Evangelia
1587 655 1600 692 :
1627 638 1855 691 Lucerna
1885 653 2067 699 corpo-

490 744 563 796 ris
582 750 654 794 est
675 739 868 793 oculus.
897 737 958 792 Si
979 737 1152 790 oculus
1173 744 1284 785 tuus
1304 733 1454 799 fuerit
1476 728 1691 791 lucidus,
1711 735 1868 778 totum
1888 740 2072 792 corpus

494 841 634 884 tuum
656 828 879 882 lucidum
904 827 996 878 erit
1016 824 1229 894 (Matth.
1257 823 1309 876 6.
1332 821 1449 888 22).
1475 819 1599 872 Hinc
1621 820 1890 873 Servator.
1917 815 2072 868 Dein-

491 920 560 973 de
581 918 882 986 subiungit:
908 916 974 970 Ut
1003 931 1115 966 cum
1140 912 1341 965 lucerna
1360 911 1561 979 fulgure
1579 908 1833 960 illuminat
1853 914 1899 958 te
1920 904 2072 976 (Luc.

499 1011 584 1062 Il.
619 1007 746 1076 56);
778 1008 1006 1060 lucerna:
1031 1005 1204 1072 fulgur
1227 1017 1425 1056 vocans
1455 1001 1688 1053 lucernae
1717 998 1996 1066 fulgorem.

568 1099 620 1153 5.
648 1096 836 1150 Omnia
858 1096 1016 1162 igitur
1045 1093 1180 1146 facta
1208 1100 1332 1146 sunt
1364 1109 1377 1144 :
1409 1090 1546 1159 ignis
1574 1088 1744 1141 factus
1769 1095 1870 1150 est,
1895 1084 2074 1154 abyssi

496 1189 649 1243 factae
676 1196 799 1240 sunt
823 1229 835 1248 ,
870 1187 1011 1240 venti
1037 1226 1052 1249 ,
1098 1194 1324 1253 quatuor
1352 1183 1616 1236 elementa
1646 1219 1661 1244 ,
1695 1189 1829 1232 terra
1855 1217 1870 1240 ,
1900 1178 2034 1246 ignis
2059 1218 2073 1242 ,

499 1294 654 1347 aqua,
685 1293 796 1331 aer.
826 1276 957 1330 Nam
986 1290 1104 1344 qua:
1129 1275 1385 1328 omiserat
1401 1274 1550 1341 quasi
1575 1271 1661 1324 hic
1685 1269 1905 1323 resumit
1931 1267 2079 1338 Moy-

497 1383 584 1424 ses
604 1369 818 1423 dicens:
853 1367 958 1422 Sex
981 1367 1153 1420 diebus
1178 1365 1293 1434 fecit
1322 1364 1459 1417 Deus
1485 1364 1661 1417 cretum
1691 1371 1735 1415 et
1759 1371 1946 1414 terram
1976 1401 1988 1422 ,
2032 1369 2078 1413 et

501 1460 670 1511 omnia
694 1473 808 1526 qua:
828 1458 880 1510 in
902 1458 971 1510 eis
999 1465 1116 1510 sunt
1143 1455 1335 1525 (Exod.
1363 1453 1454 1508 20.
1481 1450 1590 1523 11).
1619 1449 2076 1517 Quemadmodum

499 1559 677 1604 autem
705 1549 944 1617 corporis
973 1564 1078 1602 non
1109 1547 1286 1602 omnia
1316 1546 1552 1599 membra
1583 1544 1738 1605 dixit.
1770 1543 1848 1597 sic
1876 1557 1938 1596 ea
1961 1558 2078 1609 qua:

499 1639 566 1693 ad
597 1640 920 1694 creationem
951 1646 1192 1706 spectant
1213 1652 1318 1690 non
1349 1635 1701 1696 enumeravit,
1737 1632 1943 1686 etiamsi
1967 1646 2084 1684 om-

500 1731 587 1784 nia
609 1745 730 1784 cum
753 1728 952 1782 mundo
978 1729 1082 1782 sint
1106 1728 1337 1782 condita.
1371 1725 1426 1781 Si
1468 1740 1627 1794 porro
1655 1739 1758 1777 non
1779 1731 1922 1778 esset
1949 1722 2083 1792 ignis

500 1821 556 1874 in
584 1829 746 1883 terra,
771 1834 878 1872 non
908 1818 1066 1873 hodie
1093 1820 1264 1888 ignem
1285 1835 1348 1872 ex
1377 1826 1523 1886 petra
1551 1816 1861 1881 educerent,
1893 1830 1996 1868 non
2017 1829 2082 1868 ex

502 1910 688 1980 ligno;
721 1911 960 1965 collisum
998 1912 1192 1980 quippe
1237 1911 1438 1978 lignum
1488 1910 1662 1978 ignem
1710 1907 1922 1961 emittit.
1951 1907 2084 1960 Ani-

503 2017 649 2054 mum
688 2017 814 2071 ergo
839 2003 1123 2072 diligenter
1150 2003 1364 2057 adhibe.
1400 2002 1638 2056 Tenebrae
1663 2043 1677 2068 ,
1709 2001 1875 2069 inquit
1901 2041 1916 2065 ,
1942 2009 2086 2052 erant

504 2107 654 2160 super
683 2093 861 2162 faciem
894 2094 1062 2162 abyssi
1105 2091 1123 2164 (
1150 2092 1278 2147 Gen.
1313 2093 1363 2146 1.
1394 2093 1429 2145 ‘2
1452 2095 1490 2160 ).
1542 2091 1753 2160 Ergone
1779 2130 1794 2152 ,
1838 2088 2042 2157 inquies
2068 2127 2085 2154 ,

509 2180 654 2235 Deus
685 2182 929 2236 tenebras
959 2183 1122 2236 fecit?
1149 2183 1358 2237 Scimus
1387 2182 1546 2234 altam
1580 2195 1698 2234 esse
1724 2179 2043 2233 sententiam
2070 2195 2083 2230 :

507 2271 602 2325 sed
633 2273 754 2339 quia
777 2273 828 2324 in
860 2281 1001 2326 coetu
1043 2288 1187 2341 saepe
1221 2287 1402 2326 sumus
1446 2287 1633 2326 eorum
1664 2312 1679 2336 ,
1708 2284 1934 2338 quorum
1966 2282 2088 2337 pars

509 2361 681 2414 amico
708 2361 928 2414 audiunt
960 2364 1139 2414 animo
1159 2403 1173 2426 ,
1210 2377 1332 2430 pars
1357 2377 1484 2416 vero
1511 2359 1904 2429 reprehendere
1946 2368 2090 2412 sata-

510 2461 642 2518 gunt
675 2467 690 2514 ;
738 2464 962 2505 necesse
1005 2461 1087 2505 est
1125 2453 1348 2505 verbum
1382 2469 1486 2506 non
1517 2453 1633 2506 sine
1658 2452 1901 2504 examine
1927 2451 2091 2504 relin-

512 2555 704 2607 quere,
732 2556 799 2595 ne
825 2549 944 2609 post
973 2557 1160 2611 magna
1188 2543 1447 2610 promissa
1481 2585 1496 2608 ,
1528 2543 1718 2612 exigua
1750 2551 2088 2611 praestemus.

512 2628 791 2684 Undenam
821 2647 949 2701 ergo
975 2633 1214 2687 tenebrze
1240 2633 1262 2685 ?
1290 2633 1421 2686 Nam
1451 2634 1590 2687 Deus
1625 2675 1639 2699 ,
1683 2634 1930 2702 inquiunt
1955 2673 1970 2697 ,
1997 2632 2092 2686 has

511 2737 618 2776 non
645 2721 801 2776 fecit:
833 2723 973 2778 Deus
993 2725 1134 2778 enim
1169 2766 1182 2789 ,
1214 2726 1359 2778 aiunt
1388 2766 1403 2789 ,
1434 2740 1604 2794 neque
1633 2725 1966 2779 tenebrarum
1991 2740 2094 2779 ne—

512 2825 619 2879 que
662 2812 906 2881 caliginis
951 2814 1127 2882 Opifex
1159 2826 1259 2868 est.
1293 2815 1428 2882 Quid
1459 2816 1615 2882 igitur
1657 2826 1780 2867 sunt
1807 2815 2041 2868 tenebra:
2071 2817 2093 2868 ?

512 2899 659 2954 Multi
688 2900 939 2956 dixerunt
961 2917 1080 2957 esse
1106 2904 1220 2956 caeli
1266 2904 1529 2956 tunbram.
1567 2903 1697 2956 Nam
1724 2944 1737 2965 ,
1760 2903 1908 2956 aiunt
1933 2944 1945 2965 .
1972 2919 2095 2958 cum

513 2991 703 3044 cadum
729 2992 974 3061 superius
998 2992 1268 3046 conditum
1315 3002 1429 3058 est,
1458 3007 1578 3046 cum
1627 3007 1856 3060 superna
1897 2993 2095 3046 lumina

514 3086 751 3140 nondum
791 3095 1000 3150 essent,
1033 3086 1228 3140 nudata
1257 3097 1370 3140 erat
1398 3095 1535 3140 terra
1561 3126 1576 3151 ,
1605 3097 1658 3141 et
1686 3085 1840 3140 facta:
1871 3095 1994 3139 sunt
2016 3095 2096 3139 te-

515 3177 715 3231 nebrte.
761 3177 830 3231 At
860 3178 1047 3232 caelum
1077 3192 1363 3246 supermun
1396 3176 1628 3229 lucidum
1660 3185 1742 3230 est
1771 3218 1785 3240 ,
1818 3193 1921 3230 non
1951 3186 2098 3230 tene-

517 3268 735 3321 brosum
760 3285 774 3333 ;
800 3277 960 3338 atque
988 3269 1196 3323 etiamsi
1222 3284 1326 3322 non
1356 3268 1577 3322 haberet
1600 3268 1767 3322 solem
1794 3309 1808 3332 ,
1844 3269 2020 3322 lunam
2044 3276 2099 3323 et

518 3357 707 3412 stellas
739 3399 754 3422 ,
787 3358 956 3426 ipsam
985 3367 1224 3411 naturam
1257 3374 1349 3425 per
1372 3372 1429 3411 se
1451 3359 1819 3425 splendentem
1857 3359 2097 3412 haberet.

518 3449 571 3502 Si
599 3463 726 3518 ergo
742 3451 929 3503 caelum
960 3449 1295 3514 imminebat,
1323 3459 1569 3516 terraque
1590 3463 1822 3517 eximansa
1853 3459 2000 3516 erat,
2034 3450 2099 3503 il-

521 3539 718 3607 ludque
753 3554 985 3609 superne
1033 3539 1284 3606 lucebat,
1314 3549 1366 3593 et
1402 3538 1514 3592 haec
1547 3539 1719 3593 lucem
1758 3539 2056 3608 excipiebat
2085 3579 2099 3601 ,

519 3628 783 3682 undenam
817 3629 1050 3684 tenebrae
1075 3631 1098 3682 ἲ
1123 3629 1247 3683 Mihi
1276 3638 1419 3683 certe
1449 3628 1674 3692 videtur,
1698 3629 1946 3698 quoniam
1965 3645 2100 3698 aqua

519 3731 677 3774 terra:
707 3721 1044 3788 superﬁciem
1073 3723 1319 3790 tegebat,
1350 3721 1650 3790 nebulaque
1690 3730 1743 3775 et
1769 3723 1940 3791 caligo
1960 3722 2101 3775 circa

518 3825 685 3879 aquas
707 3811 1036 3864 consistebat
1064 3851 1079 3876 ,
1112 3811 1251 3880 quod
1281 3813 1442 3865 etiam
1477 3826 1617 3865 nunc
1643 3813 1858 3865 evenire
1880 3812 2016 3865 solet
2048 3813 2099 3865 in

521 3901 828 3957 ﬂuminibus
861 3943 876 3966 ,
914 3902 1292 3957 obscuritatem
1317 3904 1462 3956 illam
1489 3903 1772 3971 caliginem
1800 3903 2099 3958 excitasse:

520 3993 795 4061 nubesque
839 3993 1030 4048 fecisse
1063 4034 1079 4058 ,
1110 4008 1173 4048 ac
1224 3993 1390 4048 nubes
1432 3994 1811 4048 obumbrantes
1856 3995 2102 4049 tenebras

521 4084 816 4138 induxisse.
839 4085 990 4151 Quod
1022 4094 1199 4138 autem
1224 4092 1393 4139 nubes
1425 4085 1670 4140 tenebras
1698 4087 1916 4150 excitet,
1948 4086 1995 4138 id
2023 4086 2105 4139 dit

522 4175 596 4228 cit
617 4173 924 4243 Scriptura:
959 4175 1020 4227 Et
1060 4177 1239 4229 cwlum
1265 4175 1637 4228 ebtenebratum
1678 4185 1748 4228 est
1791 4176 1844 4228 in
1891 4176 2101 4230 nubibus

525 4265 615 4328 (ὅ.
649 4263 777 4334 Reg.
808 4265 893 4319 18.
914 4265 1041 4335 45).
1076 4266 1460 4319 [hereticorum
1491 4275 1672 4321 autem
1701 4267 1970 4337 allegoria:
1997 4282 2103 4321 non

525 4354 832 4425 ignoranda;
871 4363 1014 4409 sunt.
1049 4355 1272 4422 Quidam
1300 4355 1535 4409 ltreretici
1568 4356 1748 4410 dicere
1793 4357 1904 4408 ausi
1932 4367 2053 4409 sunt
2086 4399 2100 4422 ,

527 4446 778 4501 tenebras
803 4461 923 4500 esse
952 4445 1221 4499 diabolum
1246 4446 1348 4514 (α),
1377 4446 1627 4516 abyssum
1656 4460 1782 4499 vero
1811 4445 2102 4498 daamonas:

522 4536 736 4608 quando
778 4545 955 4589 autem
991 4534 1124 4588 dixit
1166 4535 1306 4589 Deus
1341 4554 1353 4588 :
1389 4534 1508 4587 Fiat
1551 4536 1676 4598 lux;
1707 4535 1758 4588 id
1789 4543 1866 4588 est
1918 4535 2104 4601 Filius,

525 4629 674 4681 aiunt
699 4646 710 4678 :
735 4626 848 4680 Non
875 4609 1189 4694 modo'ergo
1214 4627 1228 4657 ¹
1260 4625 1335 4678 illi
1363 4625 1564 4679 honore
1586 4641 1682 4694 par
1712 4634 1791 4678 est
1821 4625 2062 4680 diabolus
2087 4668 2102 4691 ,

525 4719 620 4773 sed
671 4720 830 4772 etiam
880 4720 970 4772 illo
1010 4720 1206 4772 senior.
1243 4718 1434 4772 Verum
1488 4719 1624 4772 hanc
1665 4718 1987 4786 impietatem
2038 4734 2105 4773 ne

524 4822 947 4863 commemorare
974 4809 1185 4870 quidem
1215 4824 1310 4876 par
1332 4818 1412 4862 est
1435 4825 1451 4865 :
1472 4809 1565 4863 sed
1595 4809 1713 4861 ideo
1740 4809 2054 4876 protulimus
2086 4851 2102 4875 ,

525 4913 594 4952 ne
618 4912 682 4953 ea
709 4912 830 4967 quin
856 4898 996 4952 dicta
1025 4910 1148 4952 sunt
1169 4899 1504 4968 ignoraretis.
1539 4898 1797 4952 Tenebra:
1821 4915 1949 4968 ergo
1977 4908 2102 4955 tunc

525 4987 629 5043 illa:
653 5003 722 5042 es
752 4988 979 5042 nubibus
1020 4997 1190 5042 crant.
1239 4988 1327 5042 Sic
1367 4989 1510 5043 enim
1555 4990 1606 5041 in
1638 4989 1870 5059 Egypto
1897 5005 2105 5060 quoque

527 5079 761 5134 tenebrae
786 5087 938 5133 erant
961 5121 974 5141 .
1007 5096 1110 5133 non
1139 5079 1280 5150 quod
1309 5096 1414 5134 nox
1441 5089 1583 5135 esset
1607 5120 1622 5145 ,
1652 5081 1746 5134 sed
1768 5081 1908 5149 quod
1936 5083 2105 5152 caligo

526 5177 672 5222 esset
701 5167 913 5220 inducta
959 5167 979 5241 (
1010 5168 1177 5222 Exod.
1209 5168 1297 5223 10.
1327 5169 1398 5222 22
1425 5185 1530 5239 sqq.
1567 5168 1587 5240 )
1634 5169 1723 5225 Sic
1751 5179 1803 5224 et
1843 5172 1892 5224 in
1926 5182 2104 5226 monte

527 5259 654 5313 Sina
682 5257 879 5312 factum
907 5269 1027 5324 est;
1062 5260 1293 5315 tenebrae
1330 5271 1482 5314 erant
1525 5278 1627 5316 non
1675 5279 1741 5318 ex
1789 5273 1980 5329 nocte,
2012 5265 2104 5319 sed

593 5407 757 5468 {Haec
799 5405 850 5454 in
888 5404 1058 5468 Savilio
1080 5405 1406 5468 additamento
1444 5413 1580 5455 aucta
1623 5406 1853 5468 leguntur
1891 5409 1938 5456 in
1979 5409 2106 5459 hunc

527 5465 963 5535 modum:
985 5473 1150 5535 autent
1166 5466 1292 5516 dixit
1316 5475 1444 5535 Deus
1469 5479 1484 5515 :
1517 5486 1538 5513 α
1558 5469 1664 5535 Fiat
1676 5465 1793 5535 llux,
1818 5486 1840 5512 ι
1866 5468 1934 5535 sic
1959 5471 2107 5533 impe-

527 5527 654 5575 ravit
677 5534 729 5576 ut
741 5527 893 5576 Filius
915 5527 1084 5586 ﬁeret;
1106 5532 1151 5575 et
1174 5541 1264 5576 non
1279 5529 1561 5578 erubescunt
1586 5530 1829 5579 diabolum
1845 5531 2006 5580 dicere
2026 5527 2104 5582 se-

534 5587 718 5653 niorem
741 5587 881 5653 Fitio.
910 5589 958 5637 si
991 5588 1118 5653 enim
1140 5588 1328 5653 tia-mon
1350 5590 1408 5638 sit
1433 5589 1648 5653 abyssus,
1667 5598 1710 5640 et
1735 5591 1952 5641 diabolus
1976 5601 2104 5643 tene-

528 5647 648 5716 brat,
686 5656 731 5715 et
767 5649 809 5698 si
840 5662 962 5716 0}th
980 5651 1080 5706 iam
1115 5649 1329 5716 abyssus
1347 5658 1392 5698 et
1422 5647 1952 5716 teriebrx'exsisterent.
1979 5663 2106 5705 Deus

529 5707 746 5776 dixerit:
773 5709 921 5759 «'Iviut
946 5710 1092 5776 lux,»
1115 5718 1158 5759 et
1179 5707 1269 5776 ius:
1288 5711 1348 5760 sit
1374 5711 1561 5776 Filius;
1584 5727 1674 5764 non
1697 5714 1838 5764 modo
1855 5707 1982 5776 ergo.
2007 5724 2101 5767 etc.

591 5771 666 5822 (al
701 5778 794 5821 tloc
815 5773 1139 5822 contendebat
1159 5773 1410 5834 Origenes.

1940 424 2309 485 SEVERIANI

3659 446 3782 501 436

2187 541 2329 596 nube
2351 538 2702 594 obumbrante
2735 541 2754 611 (
2788 539 2934 592 Deut.
2969 542 3022 594 4.
3053 541 3111 595 11
3146 538 3189 610 ).
3213 539 3300 594 Sic
3329 539 3487 595 etiam
3519 539 3570 594 in
3599 555 3769 598 cruce

2177 633 2375 686 Christi
2407 631 2638 686 tenebrm
2667 631 2817 684 facta:
2845 641 2968 684 sunt
2994 671 3008 694 ,
3055 646 3159 684 non
3206 631 3524 685 adveniente
3556 641 3720 684 nocte
3749 671 3765 694 ,

2178 726 2270 780 sed
2299 726 2482 778 umbra
2506 734 2560 777 et
2587 724 2948 776 obstruetione
2979 722 3135 775 facta.
3161 722 3233 775 Ita
3261 738 3362 774 non
3390 731 3601 790 oportet
3628 721 3773 774 divi-

2180 831 2245 868 na
2269 815 2478 882 eloquia
2535 822 2737 867 temere
2763 813 2996 881 aggredi.
3035 812 3098 865 Et
3128 813 3334 881 spiritus
3363 812 3456 864 Dci
3481 813 3772 880 superfere-

2180 904 2327 956 batur
2351 919 2504 970 super
2527 901 2750 973 aquam(
2783 901 2908 955 Gen.
2944 904 2995 956 1.
3027 902 3061 954 2
3093 903 3130 969 ).
3158 901 3410 969 Spiritum
3448 910 3607 954 vocat
3634 917 3771 954 ven-

2183 1003 2316 1055 tum.
2348 1002 2403 1045 ut
2426 992 2548 1045 alibi
2572 992 2696 1045 dicit
2729 1008 2740 1043 :
2782 991 2846 1043 In
2873 992 3051 1060 spiritu
3071 992 3340 1044 vehementi
3363 1001 3587 1044 conteres
3611 1007 3771 1044 naves

2184 1083 2392 1136 Tharsis
2426 1083 2596 1152 (Psal.
2628 1085 2714 1137 47.
2746 1085 2835 1152 8):
2871 1084 3113 1150 spiritum
3147 1097 3346 1136 vocans
3374 1085 3510 1134 aeris
3539 1094 3772 1136 motum.

2181 1173 2260 1227 Ne
2294 1183 2447 1242 putes
2476 1175 2619 1227 enim
2659 1174 2798 1226 aliud
2844 1189 2964 1227 esse
3002 1180 3179 1226 aerem
3211 1215 3223 1238 ,
3256 1183 3307 1226 et
3334 1174 3473 1226 aliud
3501 1183 3721 1227 \elllllm
3759 1191 3773 1226 :

2187 1264 2300 1332 ipse
2329 1266 2524 1332 quippe
2551 1279 2643 1317 aer
2679 1264 2975 1317 concitatus
3016 1274 3232 1316 ventum
3267 1262 3388 1316 facit
3415 1304 3430 1327 ,
3476 1274 3531 1316 ut
3558 1263 3780 1329 experi-

2186 1366 2369 1409 mento
2390 1356 2788 1422 comprobatur.
2825 1354 2978 1422 Smpe
3010 1354 3168 1422 igitur
3190 1353 3400 1407 ﬂabello
3428 1363 3518 1406 aut
3545 1354 3778 1408 sindone

2185 1444 2524 1512 tranquillum
2554 1459 2730 1498 aerem
2759 1458 3164 1497 commovemus
3190 1484 3202 1505 ,
3255 1453 3307 1495 et
3345 1458 3410 1495 ex
3450 1443 3594 1494 aeris
3623 1454 3778 1496 motu

2188 1545 2406 1588 ventum
2432 1534 2671 1588 facimus.
2704 1535 2916 1604 Utergo
2943 1551 3009 1588 ex
3037 1535 3151 1603 ipso
3171 1534 3356 1602 spiritu
3379 1534 3786 1588 demonstrare-

2188 1635 2275 1679 tur
2303 1635 2517 1679 ventum
2561 1641 2679 1680 esse
2723 1625 2860 1679 aeris
2905 1634 3109 1678 motum
3131 1664 3147 1687 ,
3191 1622 3290 1676 hac
3314 1623 3382 1676 de
3409 1637 3570 1676 causa
3601 1623 3741 1676 dixit
3764 1663 3780 1685 ,

2190 1714 2635 1783 Superfercbatur.
2671 1715 2948 1782 Proprium
2974 1713 3116 1768 enim
3153 1722 3310 1766 vento
3337 1723 3419 1766 est
3446 1721 3503 1765 ut
3533 1713 3786 1782 superfe-

2188 1817 2338 1861 ratur
2363 1808 2638 1861 creatiuni.
2685 1806 2832 1860 Dixit
2866 1805 3004 1859 Deus
3035 1845 3049 1868 ,
3093 1804 3214 1858 Fiat
3241 1805 3348 1858 lux.
3376 1804 3481 1858 Cur
3508 1820 3615 1856 non
3649 1804 3788 1857 dixit

2190 1897 2420 1966 Moyses,
2456 1898 2599 1950 Dixit
2626 1897 2764 1950 Deus
2793 1937 2806 1959 ,
2841 1894 2960 1948 Fiat
2989 1895 3174 1949 cmlum
3199 1934 3212 1957 ,
3245 1893 3330 1946 fiat
3359 1907 3508 1946 mare
3530 1931 3548 1957 ,
3581 1894 3677 1947 sed
3713 1893 3785 1945 ibi

2190 1986 2404 2054 quidem
2428 2028 2442 2051 ,
2469 1985 2613 2038 Fecit
2639 2026 2651 2048 ,
2684 1984 2771 2039 hic
2791 1999 2919 2038 vero
2937 2025 2950 2048 ,
2983 1983 3156 2048 Dixit,
3183 1983 3610 2052 quandoquidem
3641 1983 3788 2051 apud

2192 2089 2292 2129 nos
2319 2091 2496 2130 sermo
2521 2074 2777 2144 prmccdit
2805 2089 2939 2144 opus
2964 2092 2976 2126 :
3001 2089 3121 2127 nam
3150 2074 3321 2142 primo
3344 2073 3572 2126 dicimus
3594 2115 3608 2138 ,
3634 2073 3790 2127 dein.

2192 2164 2260 2217 de
2300 2164 2565 2218 facimus?
2592 2164 2889 2219 Ostendere
2918 2164 3101 2218 volens
3128 2163 3295 2217 Deum
3347 2163 3520 2231 primo
3559 2161 3742 2217 facere
3767 2179 3784 2228 ;

2193 2262 2253 2306 ut
2274 2255 2416 2308 omni
2443 2269 2692 2309 sermone
2711 2254 3033 2308 velociorem
3060 2255 3385 2308 creationem
3414 2267 3532 2306 esse
3562 2253 3791 2307 demon-

2195 2354 2362 2407 stret;
2394 2345 2610 2414 quando
2632 2345 2907 2400 materiam
2933 2346 3131 2399 virtute
3159 2359 3252 2398 sua
3278 2353 3442 2403 creat.
3474 2344 3602 2398 dicit
3629 2343 3787 2409 illud,

2197 2436 2343 2490 Fecit
2369 2437 2619 2506 ;quando
2644 2445 2823 2491 autem
2847 2436 3022 2490 omnia
3052 2437 3188 2490 Deus
3219 2444 3505 2489 ornaturus
3531 2444 3672 2500 erat,
3695 2452 3792 2490 or-

2196 2538 2354 2583 natus
2383 2541 2558 2583 autem
2583 2528 2886 2597 huiusmodi
2919 2529 3236 2598 principium
3260 2528 3346 2582 ius
3377 2537 3512 2592 erat,
3547 2537 3676 2581 tunc
3703 2529 3790 2580 in-

2197 2620 2342 2673 ducit
2371 2621 2692 2672 concinnum
2722 2632 3046 2672 sermonem.
3078 2617 3144 2672 Et
3172 2619 3294 2686 quia
3318 2632 3529 2671 rursum
3551 2618 3787 2685 primum

2200 2708 2291 2762 Dei
2337 2722 2470 2776 opus
2510 2709 2599 2760 lux
2632 2749 2645 2765 .
2694 2717 3021 2776 postremum
3071 2722 3197 2761 vero
3246 2707 3408 2761 homo
3454 2707 3582 2760 fuit:
3615 2708 3794 2776 primo

2199 2798 2340 2851 Deus
2356 2799 2525 2852 lucem
2540 2807 2791 2866 operatur
2808 2800 2992 2860 verbo,
3015 2805 3284 2865 postremo
3302 2797 3573 2850 hominem
3598 2811 3788 2865 opere,

2205 2904 2233 2941 a
2269 2889 2386 2942 luce
2411 2890 2460 2941 in
2489 2891 2658 2942 lucem
2685 2889 2959 2942 desinens.

2271 2977 2322 3032 6.
2358 2976 2523 3030 Homo
2557 2977 2805 3044 quomodo
2845 2977 2950 3029 lux.
2988 3005 3052 3014 —
3078 2975 3354 3041 Quomodo
3385 2985 3564 3028 autem
3615 2976 3785 3029 homo

2202 3065 2289 3119 lux
2318 3067 2404 3129 sit,
2441 3066 2584 3120 audi.
2611 3067 2724 3119 Lux
2753 3081 2838 3119 res
2868 3065 3104 3120 ostendit
3129 3083 3141 3118 :
3171 3065 3257 3118 lux
3283 3065 3462 3119 mundi
3489 3065 3654 3119 homo
3673 3076 3790 3120 est:

2203 3155 2478 3224 ingressus
2515 3155 2753 3208 ostendit
2799 3155 2891 3209 tibi
2925 3155 3096 3209 lucem
3129 3155 3280 3218 artis,
3317 3155 3487 3210 lucem
3522 3157 3791 3210 scientia}.

2204 3246 2315 3301 Lux
2365 3247 2604 3301 ostendit
2652 3246 3001 3312 frumentum,
3031 3246 3376 3316 intelligentia
3408 3263 3598 3316 panem
3633 3249 3796 3312 fecit;

2206 3338 2297 3391 lux
2324 3337 2563 3391 ostendit
2590 3338 2760 3391 vinea:
2795 3353 2948 3390 uvam
2975 3355 2987 3399 ;
3016 3338 3102 3390 lux
3134 3337 3500 3406 intelligentiae
3548 3338 3802 3393 exhibuit

2207 3431 2389 3484 vinum
2413 3470 2426 3493 ,
2467 3429 2608 3499 quod
2639 3429 2691 3482 in
2721 3444 2823 3482 uva
2870 3430 3208 3494 continetur,
3239 3429 3326 3481 lux
3354 3431 3681 3483 monstravit
3730 3431 3802 3483 la-

2210 3537 2371 3583 nam,
2430 3522 2520 3574 lux
2552 3520 2785 3573 hominis
2831 3519 3076 3573 exhibuit
3125 3528 3326 3572 vestem
3373 3518 3502 3572 :lux
3559 3521 3805 3574 ostendit

2210 3621 2470 3674 montem.
2505 3612 2594 3664 lux
2630 3611 2998 3680 intelligentiae
3019 3609 3643 3679 exhilmitlapicidinam.
3671 3612 3801 3666 ldeo

2207 3701 2459 3756 Servator
2489 3701 2661 3754 lucem
2689 3710 2846 3754 vocat
2887 3701 3161 3769 apostolos
3190 3700 3272 3754 bis
3292 3702 3471 3755 verbis
3497 3719 3509 3753 :
3552 3701 3652 3755 Vos
3677 3705 3802 3757 estis

2211 3791 2300 3844 lux
2325 3793 2497 3844 mundi
2523 3792 2733 3859 (Matth.
2761 3792 2813 3845 5.
2840 3791 2950 3860 14).
2985 3789 3092 3845 Cur
3121 3792 3238 3845 illos
3258 3792 3430 3846 lucem
3460 3803 3620 3846 vocat
3639 3793 3800 3848 ?Non

2211 3890 2268 3933 ut
2295 3880 2416 3934 illos
2442 3881 2639 3935 officiat
2676 3882 2883 3936 honore
2915 3891 3123 3934 tantum
3146 3921 3160 3940 .
3202 3882 3295 3936 sed
3340 3883 3502 3936 etiam
3537 3892 3593 3936 ut
3643 3899 3800 3953 spem

2209 3969 2621 4022 resurrectionis
2648 3969 2915 4023 ostendat.
2947 3969 3407 4036 Quemadmodum
3429 3973 3572 4024 enim
3590 3971 3679 4024 lux
3708 3989 3802 4025 ve-

2210 4073 2366 4127 spere
2387 4058 2637 4112 occidens
2666 4073 2770 4112 non
2812 4060 2988 4128 perit,
3030 4059 3124 4112 sed
3155 4058 3518 4122 absconditur,
3567 4071 3621 4114 et
3653 4073 3803 4129 post—

2210 4163 2368 4214 quam
2392 4147 2601 4201 occulta
2624 4146 2745 4212 fuit,
2778 4161 2990 4201 rursum
3018 4155 3243 4215 apparet
3271 4164 3282 4198 :
3316 4148 3394 4200 sic
3434 4157 3489 4202 et
3517 4148 3681 4202 homo
3703 4165 3797 4204 ve-

2212 4236 2290 4290 lut
2325 4237 2376 4289 in
2411 4251 2660 4290 occasum
2716 4236 3002 4306 quemdam
3042 4236 3096 4288 in
3138 4237 3440 4304 sepulcrum
3483 4238 3756 4293 demissus
3781 4281 3793 4302 ,

2211 4328 2624 4381 resurrectionis
2657 4342 2868 4380 rursum
2897 4326 3036 4380 ortui
3060 4338 3324 4380 servatur.
3369 4327 3491 4380 Fiat
3517 4330 3625 4382 lux.
3655 4330 3801 4385 Dixit

2214 4415 2414 4470 factam
2447 4433 2608 4480 esse;
2642 4432 2748 4485 quo
2782 4426 2961 4471 autem
2988 4418 3172 4480 modo,
3199 4434 3303 4471 non
3343 4418 3656 4486 declaravit,
3707 4439 3802 4476 ne-

2215 4519 2320 4572 que
2346 4505 2505 4558 etiam
2523 4505 2724 4558 didicit.
2747 4503 2879 4559 Nam
2893 4505 3132 4574 quodlux
3160 4505 3293 4560 facta
3320 4507 3408 4571 sit,
3434 4508 3626 4576 inquit,
3653 4509 3794 4564 bene

2214 4595 2335 4648 novi
2368 4614 2382 4650 :
2414 4595 2686 4664 quomodo
2708 4604 2885 4651 autem
2911 4596 3046 4653 facta
3073 4598 3144 4651 sit
3171 4613 3274 4652 non
3306 4598 3478 4668 capio.
3511 4599 3638 4654 Ideo
3665 4601 3797 4655 Ser-

2216 4695 2370 4739 valor
2391 4688 2650 4755 apostolis
2680 4687 2892 4742 dicebat
2925 4705 2937 4738 :
2972 4686 3093 4742 Non
3119 4699 3338 4742 vestrum
3387 4700 3459 4744 est
3487 4708 3637 4745 nosse
3663 4705 3793 4746 tem—

2212 4791 2336 4844 pora
2361 4777 2437 4830 vel
2481 4788 2734 4831 momenta
2756 4820 2770 4842 ,
2800 4794 2913 4847 qua:
2939 4779 3101 4832 Pater
3128 4783 3290 4849 posuit
3318 4783 3369 4834 in
3397 4799 3490 4835 sua
3529 4794 3796 4852 potestate

2211 4867 2343 4934 (Act.
2372 4869 2424 4921 1.
2450 4869 2525 4935 7).
2577 4869 2736 4936 Atqui
2790 4883 2893 4922 non
2925 4877 3010 4923 est
3050 4881 3288 4924 nostrum
3340 4888 3504 4929 nosse
3551 4886 3792 4944 tempora

2211 4957 2292 5010 vel
2317 4967 2591 5011 momenta
2616 4999 2630 5023 ,
2668 4967 2722 5011 et
2763 4959 3047 5012 Dominum
3093 4967 3392 5029 temporum
3425 4962 3795 5036 Opificemquc

2209 5047 2536 5101 saeculorum
2567 5056 2820 5114 poterunt
2850 5047 3081 5102 humana
3111 5052 3393 5105 ratiocinia
3427 5055 3792 5121 comprehen-

2209 5135 2375 5190 dere?
2401 5135 2545 5188 Dixit
2571 5135 2732 5201 Deus,
2767 5135 2885 5189 Fiat
2916 5136 3005 5192 lux
3034 5154 3052 5190 :
3081 5148 3125 5191 et
3155 5139 3290 5208 facta
3310 5149 3383 5192 est
3410 5141 3501 5193 lux
3555 5141 3711 5211 (Gen.
3740 5147 3792 5198 1.

2210 5227 2288 5297 3).
2332 5226 2377 5282 Ο
2431 5236 2670 5281 sanctam
2711 5228 2853 5281 illam
2887 5243 3239 5300 magnamque
3279 5231 3610 5300 potentiam!
3641 5248 3677 5287 o
3709 5235 3793 5288 in-

2209 5319 2388 5388 gentia
2418 5318 2673 5372 miraeula
2700 5320 2713 5372 !
2741 5317 2904 5373 Facta
2931 5330 3005 5373 est
3027 5322 3119 5375 lux
3146 5336 3163 5373 :
3204 5331 3249 5374 et
3270 5329 3424 5374 vocat
3451 5321 3588 5377 Deus
3631 5324 3789 5379 lucem

2213 5407 2366 5471 diem,
2397 5417 2442 5461 et
2463 5409 2690 5462 tenebras
2718 5418 2910 5462 noctem
2941 5408 3092 5479 (Gen.
3134 5411 3183 5464 1.
3217 5411 3295 5477 5).
3325 5409 3432 5465 Cur
3455 5427 3616 5480 porro
3647 5417 3788 5471 die-

2213 5511 2389 5570 ἠμέραν
2433 5501 2626 5554 vocat?
2685 5501 2946 5566 Quoniam
2996 5501 3253 5571 quidquid
3286 5501 3461 5556 laetum
3490 5515 3544 5558 et
3575 5505 3744 5563 hilare
3770 5551 3785 5573 ,

2215 5601 2381 5663 ἥμερον
2433 5592 2547 5647 sive
2584 5593 2737 5647 dulce
2765 5592 2980 5648 dicitur.
3024 5593 3149 5648 Ideo
3193 5593 3352 5647 etiam
3403 5596 3783 5668 benignitatem

2217 5693 2488 5754 ἡμερότητα
2529 5698 2782 5738 vocamus
2802 5725 2816 5748 ,
2850 5694 2906 5740 et
2925 5684 3131 5739 cicures
3156 5683 3455 5740 animantes
3483 5695 3679 5758 ἡμέρους
3707 5689 3786 5744 di-

2213 5774 2400 5828 cimus.
2429 5773 2494 5829 Et
2521 5774 2710 5829 vocavit
2742 5773 2877 5829 Deus
2894 5774 3056 5829 lucem
3077 5773 3207 5827 diem
3231 5813 3249 5841 ,
3273 5782 3319 5827 et
3340 5776 3564 5832 tenebras
3590 5779 3784 5832 vocavit
