3984 6412
176 367 286 422 435

197 461 304 513 Καὶ
329 461 357 512 6
385 458 576 529 Σωτὴρ
601 458 676 521 δέ,
705 459 790 512 ἵνα
816 458 983 530 δείξῃ,
1017 461 1095 512 ὅτι
1127 463 1187 510 τὸ
1218 459 1327 529 πῦρ
1350 460 1496 528 καὶὴ
1525 455 1776 526 ἀστραπὴ

199 548 462 614 συγγενές
495 548 634 612 ἐστι,
663 548 809 614 λέγει
840 550 897 599 ἐν
929 548 1008 616 τῷ
1046 548 1361 616 Εὕαγγελίῳ
1387 564 1399 576 ’
1448 547 1509 598 '0
1553 546 1782 612 λύχνος

197 634 300 687 τοῦ
330 633 607 701 σώματός
622 634 791 686 ἐστιν
815 637 847 684 ό
867 634 1193 700 ὀφθαλμός.
1211 633 1352 684 Ἐὰν
1375 629 1488 685 οὖν
1509 633 1540 683 ό
1562 631 1782 697 ὀφθαλ-

190 723 302 790 μός
336 739 454 774 σου
485 721 768 789 φωτεινὸς
789 715 849 788 ᾖ,
875 721 1011 773 ὅλον
1049 721 1113 770 τὸ
1151 718 1320 786 σῶμά
1347 735 1463 771 σου
1493 715 1783 786 φωτεινόν

193 810 385 861 ἔσται.
425 809 610 861 Ταῦτα
656 811 684 860 6
734 808 941 876 Σωτήρ.
983 802 1113 858 Εἶτα
1149 807 1376 871 ἐπάγει·
1415 805 1514 868 Ὧς
1563 803 1708 854 ὅταν
1749 804 1781 853 ό

193 898 426 962 λύχνος
463 894 538 962 τῇ
576 893 855 985 dorem-117
888 892 1101 960 φωτίζῃ
1128 909 1201 944 σε
1228 909 1240 922 ·
1283 893 1475 963 λύχνου
1498 891 1780 962 ἀστραπὴν

191 981 361 1033 εἰπὼν
391 983 488 1051 τὴν
516 982 688 1051 αὕγὴν
719 980 812 1052 τοῦ
843 980 1052 1047 λύχνου.

259 1076 324 1120 ε’.
367 1071 554 1120 Πάντα
583 1065 672 1120 οῦν
700 1069 944 1135 ἐγένετο·
997 1067 1108 1135 πῦρ
1141 1065 1377 1134 ἐγένετο,
1406 1064 1628 1118 ἄϐυσσοι
1661 1063 1784 1129 ἐγέσο

191 1175 365 1218 νοντο,
397 1160 610 1224 ἄνεμοι,
645 1157 713 1208 τὰ
746 1158 984 1226 τέσσαρα
1017 1158 1275 1224 στοιχεῖα,
1309 1154 1401 1222 γῆ,
1447 1153 1578 1222 πῦρ,
1612 1151 1779 1220 ὕδωρ,

192 1245 317 1314 ἀήρ.
361 1243 471 1295 Καὶ
515 1242 621 1311 γάρ
669 1241 810 1312 ἅπερ
862 1242 1187 1312 παρέλειψεν
1228 1241 1302 1302 ὡς
1347 1243 1404 1292 ἐν
1451 1238 1779 1309 παραδόξῳἰ

192 1330 690 1398 ἀνακεφαλαιοῦται
737 1330 976 1398 Μωῦσῆς
1019 1329 1223 1396 λέγων·
1269 1329 1372 1382 Ἐν
1422 1327 1490 1391 ἐξ
1535 1326 1780 1394 ἡμέραις

190 1421 484 1486 ἐποίησεν
514 1420 546 1472 ὀ
577 1418 720 1482 Θεὸς
756 1417 861 1471 τὸν
892 1415 1154 1484 οὐρανὸν
1201 1417 1297 1469 καὶ
1347 1416 1462 1483 τὴν
1501 1416 1636 1486 γῆν,
1680 1414 1780 1467 καὶ

192 1507 390 1559 πάντα
423 1507 491 1559 τὰ
517 1506 584 1558 ἐν
605 1506 1046 1575 ιιὺτοῖς.”Ωσπερ
1071 1504 1128 1556 δὲ
1160 1504 1252 1556 ἐπί
1281 1503 1374 1555 τοῦ
1402 1501 1650 1572 σώματος
1681 1501 1780 1554 οὐκ

192 1588 311 1644 εἷπε
341 1594 522 1645 πάντα
551 1593 617 1644 τά
648 1592 806 1662 μέλη,
830 1591 1001 1654 οὕτως
1028 1591 1147 1644 οὺδέ
1169 1591 1261 1642 ἐπὶ
1294 1593 1391 1660 τῆς
1425 1589 1780 1661 δημιουργίας

192 1679 622 1748 ἐξηριθμήσατο,
673 1681 720 1730 εί
770 1679 862 1731 καὶ
912 1679 1089 1731 πάντα
1133 1677 1650 1746 συγκατεσκευάσθη
1703 1675 1781 1746 τῷ

193 1767 404 1834 κόσμῳ.
434 1765 497 1815 Ei
527 1764 581 1814 δέ
620 1765 694 1834 μὴ
719 1759 785 1832 ἦν
813 1765 871 1818 ἐν
903 1766 968 1835 τῇ
1007 1766 1076 1835 γῇ
1122 1764 1254 1833 πῦρ,
1295 1765 1394 1816 οὑκ
1436 1764 1501 1816 ἂν
1543 1765 1778 1834 σήμερον

191 1852 299 1902 ἀπὸ
332 1851 540 1919 πέτρας
573 1849 682 1919 πῦρ
709 1850 980 1914 ἐξέϐαλον,
1013 1851 1045 1920 ἢ
1077 1851 1182 1903 ἀπὸ
1211 1850 1400 1916 ξύλου·
1448 1849 1780 1921 παρατριϐό-

196 1955 354 2005 μενον
384 1937 496 2006 γὰρ
519 1936 580 1988 τὸ
607 1935 758 1999 ξύλον
785 1935 894 2006 πῦρ
918 1939 1100 2007 γεννᾷ.
1133 1937 1373 2008 Πρόσεχε
1397 1932 1489 1990 οῦν
1515 1936 1775 2005 ἀκριϐῶς.

193 2029 418 2091 Σκότος
465 2020 568 2094 ἦν,
599 2027 780 2094 φησὶν,
825 2025 1024 2078 ἐπάνω
1057 2024 1168 2092 τῆς
1205 2021 1653 2094 ἀϐύσσουΪΑρα
1687 2020 1778 2077 οὖν

195 2114 403 2174 σκότος,
436 2113 621 2181 φησιν,
653 2115 681 2165 6
700 2112 830 2175 Θεὸς
859 2112 1111 2182 ἐποίησεν
1134 2131 1147 2178 ;
1173 2113 1407 2182 Οἴδαμεν
1429 2109 1522 2165 06v
1541 2113 1622 2165 ὅτι
1644 2112 1776 2181 βαθὺ

193 2201 250 2251 τὸ
279 2202 462 2271 νόημα
485 2217 498 2231 ·
531 2199 644 2254 ἀλλ’
676 2201 862 2270 ἐπειδὴ
913 2200 1115 2270 μεταξύ
1165 2203 1332 2269 ἐσμεν
1383 2199 1640 2262 πολλάκις
1685 2202 1778 2253 καὶ

194 2287 296 2338 τῶν
339 2285 643 2356 ἀγαπητῶς
692 2286 1019 2348 ἀκουόντων,
1059 2287 1282 2340 καὶτῶν
1311 2286 1776 2358 ἐπιλαμϐάνεσθαι

194 2372 514 2439 φιλούντων,
542 2373 752 2443 ἀνάγκη
801 2374 877 2443 μὴ
915 2373 1276 2442 παραλείπειν
1298 2374 1654 2439 ἀνεξέταστον
1687 2374 1777 2426 τὸν

193 2461 367 2527 λόγον,
399 2462 486 2512 ἵνα
520 2460 594 2530 μὴ
624 2460 831 2530 μεγάλη
863 2462 962 2529 μὲν
989 2461 1286 2528 ἐπαγγελία
1317 2458 1373 2534 ᾖ,
1413 2463 1603 2531 μικρὸν
1634 2463 1691 2514 δὲ
1717 2462 1778 2513 τὸ

193 2548 560 2616 ἀποτέλεσμα.
596 2546 765 2600 Πόθεν
791 2545 883 2599 06v
909 2547 968 2599 16
997 2549 1220 2612 σκότος;
1265 2550 1321 2599 Ὀ
1343 2549 1449 2619 γὰρ
1470 2550 1600 2610 Θεὸς
1624 2550 1772 2615 αὐτὸ,

196 2636 380 2704 φησὶν,
411 2635 510 2685 οὐκ
542 2634 797 2702 ἐποίησε·
833 2633 962 2696 Θεὸς
988 2635 1116 2704 γάρ,
1158 2637 1342 2704 φησὶν,
1369 2636 1492 2688 οὕτε
1529 2637 1774 2699 σκότους,

192 2721 313 2772 οὕτε
345 2720 580 2787 γνόφους
605 2722 752 2773 ἐστὶν
782 2723 1038 2792 ἐργάτης.
1059 2723 1122 2774 Τί
1144 2741 1269 2776 ποτε
1295 2721 1385 2776 οῦν
1416 2727 1531 2776 ἐστι
1556 2723 1772 2788 σκότος;

194 2807 384 2858 Πολλοὶ
413 2806 684 2876 ἠθέλησαν
717 2809 912 2871 εἰπεῖν,
948 2809 1302 2879 ἀποσκίασμα
1331 2806 1466 2864 εἶναι
1497 2810 1589 2862 τοῦ
1612 2811 1775 2880 οὐρα-

192 2893 411 2955 νοῦ.Ὠς
462 2892 570 2962 γάρ
617 2895 850 2961 ἐγένετο,
883 2897 1064 2964 φησὶν,
1097 2897 1124 2946 6
1171 2896 1395 2966 οὐρανὸς
1441 2898 1468 2948 6
1515 2897 1642 2960 ἄνω,
1682 2895 1774 2949 καὶ

193 2981 413 3052 ἐλείφθη
441 2981 508 3031 τὰ
545 2980 699 3050 φῶτα
728 2982 791 3033 τα
823 2982 954 3043 ἄνω,
987 2980 1274 3052 ἐγυμνώθη
1307 2983 1428 3051 ήγῆ
1451 2984 1543 3034 καὶ
1562 2984 1776 3052 ἐγένετο

197 3071 406 3130 σκότος.
427 3069 564 3120 Ἀλλ’
603 3071 630 3119 6
663 3070 886 3138 οὐρανὸς
920 3069 1031 3120 ἀνω
1067 3071 1325 3134 φωτεινὸς
1359 3071 1527 3132 ἐστιν,
1560 3073 1619 3123 οὐ
1649 3089 1774 3124 σκο-

191 3159 385 3222 τεινὸς,
414 3158 514 3211 κᾶν
547 3159 620 3228 μὴ
644 3155 754 3226 εἶχε
778 3159 866 3209 τὸν
886 3159 1056 3227 ἣλιον,
1079 3158 1112 3225 ἣ
1128 3158 1225 3227 τὴν
1251 3159 1498 3229 σελήνην,
1519 3161 1550 3229 ἦ
1575 3160 1769 3233 ἄστρα,

193 3247 360 3315 αὐτὴν
401 3243 512 3314 εἶχε
550 3247 646 3314 τὴν
677 3245 835 3312 φύσιν
869 3245 1208 3313 λάμπουσαν.
1254 3246 1314 3297 Εἰ
1353 3243 1444 3298 οὖν
1481 3249 1507 3296 ό
1547 3248 1772 3317 οὐρανὸς

192 3336 480 3396 ἐπέκειτο,
523 3333 556 3402 ὴ
595 3332 647 3384 δέ
686 3333 754 3401 γῆ
793 3333 1048 3402 ἧπλωτο,
1091 3335 1117 3384 6
1156 3333 1385 3402 λάμπων
1425 3334 1628 3388 ἀνωθεν
1657 3377 1670 3399 ,
1711 3336 1770 3388 τὸ

192 3419 564 3489 φωτιζόμενον
601 3419 864 3483 κάτωθεν,
907 3419 1068 3472 πόθεν
1107 3420 1164 3472 τὸ
1206 3422 1436 3487 σκότος;
1490 3424 1641 3493 Ἐμοὶ
1679 3420 1770 3477 οὖν

189 3510 355 3571 δοκεῖ,
386 3508 574 3577 ἐπειδὴ
602 3508 903 3571 ἐπεπόλαζε
929 3507 990 3560 16
1024 3508 1166 3579 ὕδωρ
1192 3513 1255 3580 τῇ
1290 3513 1382 3581 γῇ,
1408 3511 1571 3579 ἀχλὺς
1598 3512 1652 3562 δέ
1680 3513 1772 3565 καὶ

190 3600 386 3665 γνόφος
427 3600 552 3666 περὶ
584 3596 650 3648 τα
683 3596 850 3650 ὕδατα
885 3597 1242 3667 συνειστήκει,
1269 3597 1297 3649 ὃ
1324 3600 1414 3650 καὶ
1443 3601 1648 3667 γίνεται
1677 3600 1770 3652 νῦν

369 3687 418 3744 ῖς
455 3686 736 3750 ποταμοῖς,
771 3684 803 3752 ἡ
834 3683 997 3752 ἀχλὺς
1025 3683 1219 3750 ννόφον
1240 3685 1522 3753 ἐγείρουσα
1547 3688 1768 3756 ἐποίησε

192 3772 438 3839 νεφέλας,
459 3769 514 3840 [4
529 3770 606 3840 ιε]
628 3771 682 3822 αί
699 3769 915 3838 νεφέλαι
932 3770 1346 3835 ἐπισκιάζουσαι
1375 3774 1559 3836 σκότος
1582 3776 1766 3844 ἐποίη-

195 3878 310 3914 σαν.
345 3861 469 3911 ’Ὁτι
509 3860 565 3911 δέ
601 3859 800 3928 ἐγείρει
835 3859 1030 3928 νεφέλη
1060 3860 1268 3922 σκότος,
1301 3860 1445 3928 λέγει
1473 3864 1506 3932 ή
1535 3864 1722 3935 Γραφή
1753 3882 1764 3892 ·

192 3949 291 3999 Καὶ
316 3950 347 3999 o'
368 3945 624 4011 οίιρανὸς
642 3946 1095 3998 συνεσκότασεν
1110 3947 1176 3998 ἐν
1193 3948 1492 4015 νεφέλαις.
1513 3951 1675 4004 Δεῖδέ
1693 3952 1767 4022 μή

192 4035 404 4099 ἀγνοεῖν
443 4033 534 4083 καὶ
569 4031 674 4083 τῶν
711 4031 1001 4102 αίρετικῶν
1035 4031 1134 4094 τάς
1163 4033 1511 4104 ἀλληγορίας,
1561 4037 1767 4106 Αἱρετι-

192 3687 280 3736 ἐπὶ
304 3702 364 3736 το

190 4120 270 4169 κοί
316 4135 463 4179 τινες
513 4118 812 4186 ἐτόλμησαν
864 4121 1056 4180 εἰπεῖν,
1096 4121 1176 4171 ὅτι
1235 4122 1424 4184 σκότος
1467 4126 1495 4176 6
1527 4123 1767 4188 διάϐολός

188 4207 351 4267 ἐστιν,
380 4208 412 4273 ή
437 4203 492 4255 δὲ
521 4203 751 4266 ἄϐυσσος
777 4206 825 4255 οἱ
854 4205 1105 4273 δαίμονες
1123 4224 1134 4236 ο
1171 4208 1255 4258 ὅτε
1284 4208 1337 4260 δέ
1362 4205 1512 4263 εἶπεν
1540 4213 1566 4262 6
1593 4214 1722 4276 Θεός
1747 4231 1760 4244 ·

188 4291 504 4356 Γενηθήτω
531 4289 654 4358 φῶς
679 4307 691 4318 ·
723 4293 1013 4353 τουτέστιν,
1040 4293 1067 4343 6
1091 4293 1216 4354 Υἱός
1238 4294 1262 4331 δ
1281 4310 1294 4321 ·
1325 4295 1382 4346 οὑ
1415 4296 1571 4363 μόνον
1599 4297 1762 4350 αὑτοῦ

188 4383 331 4431 ἐστιν
368 4378 629 4445 ἰσότιμος,
665 4379 798 4430 ἀλλά
833 4381 924 4430 καὶ
948 4381 1337 4450 πρεσϐύτερος.
1381 4384 1539 4435 ’Λλλά
1562 4385 1763 4455 ταύτης

190 4469 283 4535 μὲν
308 4468 412 4534 τῆς
451 4466 704 4529 ἀσεϐείας
730 4467 845 4519 ούδέ
885 4470 1252 4538 μνημονεῦσαι
1275 4472 1356 4524 δεῖ
1379 4490 1390 4502 ·
1419 4474 1556 4544 ὑπὲρ
1585 4475 1639 4527 δὲ
1667 4477 1760 4528 τοῦ

189 4554 260 4622 μὴ
288 4554 506 4618 ἀγνοεῖν
548 4553 689 4620 ὑμᾶς
727 4555 794 4606 τα
827 4554 1090 4624 λεγόμενα
1121 4561 1534 4628 παρηγάγομεν.
1567 4562 1759 4626 Σκότος

185 4641 362 4690 τοίνυν
395 4633 462 4708 ἦν
485 4639 607 4691 τότε
638 4638 696 4690 τὸ
727 4640 788 4691 ἐκ
820 4641 926 4692 τῶν
960 4644 1214 4710 νεφελῶν.
1252 4645 1406 4697 Οὕτω
1431 4649 1539 4717 γὰρ
1569 4644 1635 4718 ἧν
1667 4652 1760 4702 καὶ

185 4727 240 4776 ἐν
267 4725 529 4794 Αἰγύπτῳ
575 4726 783 4788 σκότος,
837 4727 896 4778 0")
955 4729 1145 4791 νυκτὸς
1190 4729 1374 4799 οὕσης,
1416 4733 1529 4784 ἀλλ’
1564 4736 1758 4804 ἀχλύος

185 4815 507 4882 γεναμένης.
540 4813 723 4876 Οὕτως
748 4810 815 4883 ἦν
842 4815 935 4866 καὶ
957 4817 1014 4868 ἐν
1041 4816 1118 4884 τῷ
1153 4817 1267 4887 ὄρει
1291 4821 1420 4889 Σινᾷ
1440 4839 1452 4851 ο
1488 4823 1673 4886 σκότος
1693 4822 1760 4894 ἦν

182 4903 240 4953 06
275 4901 469 4962 νυκτὸς
502 4901 829 4970 γεναμένης,
853 4902 988 4955 ἀλλά
1013 4905 1238 4974 νεφέλης
1268 4910 1616 4981 σκιαζούσης.
1656 4915 1760 4966 Ui)-

182 5007 284 5052 τως
313 4990 530 5056 ἐγένετο
572 4992 664 5041 καὶ
694 4990 786 5040 ἐπὶ
824 4990 913 5042 τοῦ
955 4993 1189 5062 σταυροῦ
1225 4997 1316 5046 τοῦ
1356 4999 1591 5066 Χριστοῦ
1636 5003 1758 5053 σκό-

240 5170 265 5198 ι
295 5167 378 5222 «ος
425 5167 472 5214 έν
495 5166 765 5236 παραδόξῳ,
807 5168 876 5214 sic
918 5166 1215 5236 \'§lic_anus__:
1244 5173 1330 5236 _sic~
1353 5176 1499 5221 etiam
1524 5175 1755 5236 Savilius,

180 5228 272 5276 alio
294 5236 461 5299 tamen
488 5230 763 5299 exginp‘ifnfi
790 5241 921 5299 usus.
956 5229 1279 5299 Se_d_conjicii
1302 5234 1360 5299 _év
1381 5237 1591 5299 παρόδῳ.
1618 5228 1756 5288 ιὶρεί

179 5297 338 5336 autem
364 5290 412 5336 ἐν
455 5289 652 5349 παρόδῳ
692 5289 770 5335 hic
801 5291 985 5353 melius
1011 5289 1194 5353 haberé
1232 5289 1476 5353 videatur',
1510 5289 1757 5351 liblmmus

182 5357 368 5412 Iexlum
390 5358 603 5404 mutare,
635 5362 744 5412 cum
770 5351 986 5408 alioquin
1011 5352 1313 5404 Severianus
1333 5369 1428 5404 non
1456 5351 1564 5408 raro
1584 5363 1755 5412 inscii-

179 5415 247 5457 tas
272 5411 531 5458 verborum
555 5411 771 5457 rationes
793 5418 1025 5459 sectetur.

237 5471 262 5508 ὓ
286 5471 434 5536 Addit
454 5471 888 5536 SaYili1061é01w,
923 5474 948 5518 6
973 5471 1078 5536 1'16;
1101 5473 1178 5521 ἵνα
1199 5478 1385 5536 γένηται
1411 5479 1530 5529 εἷπε·
1566 5483 1644 5530 καὶ
1667 5485 1752 5533 οὐκ

177 5533 472 5607 αῖςχέινονται
494 5533 584 5607 τὸν,
601 5534 820 5607 διάξω).ον
851 5534 1164 5607 πρεσϐύτερον
1184 5533 1394 5598 λέγοντες
1415 5541 1498 5589 τοῦ
1541 5544 1670 5592 Υἱοῦ,
1698 5550 1752 5594 Εἰ

176 5594 614 5664 τάρραἑμωνβειῖὶγ
646 5595 871 5664 ἀὲυσεοςν
896 5597 922 5640 ὁ
945 5595 996 5664 δὲ
1029 5594 1256 5664 διάϐολοέ
1272 5602 1458 5658 σκότος.
1486 5607 1607 5664 μετά
1637 5608 1752 5655 ταῦ-

177 5669 231 5730 ξὶα
248 5656 296 5730 δέ
319 5655 493 5730 εἶπενό
515 5655 917 5730 Θεοςκιςενῖηθήτω
940 5657 993 5702 τὸ
1009 5660 1130 5730 φῶς,
1157 5663 1414 5725 τουτέστιν,
1431 5655 1624 5730 ’δ’Υιός,
1649 5677 1745 5719 εις.

178 5713 323 5765 Paulo
347 5723 458 5778 post
480 5716 608 5764 idem
623 5715 729 5762 οὐδὲ
752 5717 871 5771 ὅλως
895 5734 951 5775 μν
971 5751 981 5762 .
1005 5713 1112 5768 ἔδει.

507 5800 778 5864 ΡΑτιιοι.
828 5805 944 5864 Gn.
998 5805 1148 5865 LVI.

1275 344 1362 399 DE
1402 342 1617 401 MUNDI
1656 339 2053 397 CREATIONE
2087 342 2343 399 ORATIO
2384 346 2423 398 I.

3357 357 3470 410 430

1888 473 1998 520 τος,
2028 460 2088 511 06
2117 460 2306 521 νυκτὸς
2339 459 2688 528 ἐπελθούσης,
2714 456 2851 511 αλλά
2895 457 3228 527 σκιάσματος
3256 455 3351 510 καὶ
3375 459 3470 512 ἁν-

1885 543 2190 612 τιφράξεως
2222 561 2354 611 γενα
2363 546 2545 614 μένης.
2569 544 2752 607 Οὕτως
2777 545 2836 596 06
2857 543 2937 596 δεῖ
2969 543 3151 605 ἁπλῶς
3173 545 3470 613 ἐπιχειρεῖν

1886 634 1993 691 τοῖς
2029 631 2192 693 θείοις
2237 633 2455 698 λογίοις.
2513 634 2621 686 Καὶ
2672 633 2905 701 πνεῦμα
2951 633 3098 685 Θεοῦ
3149 632 3470 700 ἐπεφέρετο

1884 717 2082 771 ἐπάνω
2129 719 2237 773 τοῦ
2284 721 2520 784 ὓδατος.
2552 720 2775 789 Πνεῦμα
2820 719 2976 771 καλεῖ
3012 719 3102 772 τὸν
3132 720 3352 788 ἄνεμον,
3391 718 3468 782 ὡς

1884 805 2030 872 λέγει
2077 805 2337 874 ἀλλαχοῦ·
2397 809 2491 858 Ἐν
2544 807 2831 874 πνεύματι
2884 807 3063 872 ,βιαίῳ
3114 808 3468 874 συντρίψεις

1883 892 2065 944 πλοῖα
2105 893 2390 960 Θαρσεῖς·
2419 894 2634 962 πνεῦμα
2665 894 2842 945 καλῶν
2879 895 2978 963 τὴν
3007 893 3098 946 τοῦ
3129 894 3287 962 ἀέρος
3317 893 3469 963 κίνη-

1885 996 1988 1032 σιν.
2027 979 2116 1047 Μὴ
2144 979 2252 1048 γάρ
2278 981 2504 1050 νομίσῃς
2540 980 2666 1032 ἄλλο
2693 976 2830 1031 εἶναι
2868 980 3025 1050 ἀέρα,
3069 982 3162 1032 καὶ
3192 980 3318 1033 ἄλλο
3347 979 3469 1033 ἄνε-

1886 1082 1985 1132 μον
2009 1082 2022 1095 ·
2053 1067 2212 1128 αὐτὸς
2241 1066 2348 1137 γὰρ
2384 1069 2411 1118 ό
2438 1068 2545 1138 ἀὴρ
2583 1067 2896 1135 κινούμενος
2944 1071 3087 1118 ποιεῖ
3131 1067 3351 1131 ἄνεμον,
3391 1067 3467 1130 ὡς

1887 1155 2156 1223 μαρτυρεῖ
2183 1153 2393 1216 τούτοις
2427 1157 2458 1222 ἡ
2497 1158 2678 1222 πεῖρα.
2719 1153 2980 1217 Πολλάκις
3010 1150 3101 1207 οῦν
3131 1156 3162 1222 ἢ
3194 1155 3410 1223 ριπιδίῳ
3431 1154 3466 1222 ἢ

1888 1239 2080 1291 σινδόνι
2113 1240 2451 1309 ἡσυχάζοντα
2482 1242 2570 1292 τὸν
2603 1241 2741 1312 ἀέρα
2771 1241 3052 1311 κινοῦμεν,
3079 1244 3170 1293 καὶ
3209 1241 3467 1311 ποιοῦμεν

1885 1326 1992 1377 ἀπὸ
2017 1326 2112 1394 τῆς
2147 1328 2415 1397 κινήσεως
2444 1330 2536 1380 τοῦ
2565 1327 2722 1398 ἀέρος
2753 1328 2970 1398 ἄνεμον.
3013 1329 3129 1381 Ἵνα
3161 1323 3253 1381 οῦν
3283 1328 3465 1399 δειχθῇ

1885 1412 1950 1463 ἐκ
1976 1411 2068 1463 τοῦ
2103 1413 2432 1482 πνεύματος,
2478 1417 2560 1467 ὅτι
2587 1415 2615 1466 ὁ
2649 1414 2847 1484 ἄνεμος
2875 1417 3035 1487 ἀέρος
3071 1416 3188 1469 ἐστὶ
3230 1415 3462 1485 κίνησις,

1881 1499 1967 1552 διὰ
1997 1500 2156 1552 τοῦτο
2203 1495 2377 1564 εἶπεν,
2419 1500 2788 1570 Ἐπεφέρετοο
2832 1504 2962 1556 ίδιον
3001 1503 3110 1574 γὰρ
3152 1503 3354 1573 ἀνέμου
3405 1505 3468 1556 16

1883 1586 2239 1657 ἐπιφέρεσθαι
2277 1590 2340 1656 τῇ
2369 1589 2716 1660 δημιουργίᾳ.
2765 1586 2951 1644 Εἶπεν
2993 1592 3026 1642 ό
3075 1591 3241 1654 Θεός·
3277 1591 3466 1656 Γενη-

1883 1674 2038 1740 θήτω
2076 1674 2221 1742 φῶς.
2292 1677 2444 1729 Διατί
2492 1677 2567 1747 μὴ
2617 1673 2739 1729 εἷπε
2795 1678 3058 1748 Μωῦσῆς,
3101 1679 3182 1730 ὅτι
3234 1676 3399 1731 Εἶπεν
3436 1679 3468 1731 6

1881 1760 2050 1822 Θεός·
2085 1763 2374 1833 Γενηθήτω
2420 1764 2666 1836 οὐρανὸς,
2711 1764 2994 1835 γενηθήτω
3038 1765 3304 1828 θάλασσα,
3354 1766 3468 1819 ἀλλ’

1881 1848 1998 1899 ἐκεῖ
2028 1849 2147 1916 μὲν,
2185 1850 2521 1913 Ἐποίησεν,
2569 1847 2671 1904 ὧδε
2723 1851 2801 1916 δέ,
2858 1847 3066 1917 Εἶπεν,
3095 1853 3284 1924 ἐπειδὴ
3335 1854 3466 1925 παρ’

1881 1936 2012 2004 ἡμῖν
2047 1940 2368 2006 προηγεῖται
2399 1938 2556 2006 λόγος
2584 1937 2676 1991 τοῦ
2708 1939 2869 2008 ἔργου
2891 1955 2904 1969 ·
2939 1939 3154 2008 πρῶτον
3176 1940 3284 2011 γὰρ
3317 1941 3468 2008 λέγο-

1884 2039 2002 2091 μεν,
2043 2017 2160 2075 εἶτα
2212 2025 2595 2094 ἐργαζόμεθας
2645 2027 2977 2096 Βουλόμενος
3021 2027 3191 2092 δεῖξαι
3217 2028 3304 2080 τὸν
3336 2027 3469 2080 Θεὸν

1880 2109 2097 2180 πρῶτον
2154 2112 2544 2182 ἐργαζόμενον,
2610 2113 2698 2168 ἵνα
2753 2115 2952 2178 παντὸς
2999 2114 3156 2182 λόγου
3208 2113 3470 2186 ὀξυτέραν

1880 2197 2208 2268 παραστήσῃ
2249 2197 2346 2266 τὴν
2387 2197 2775 2270 δημιουργίαν·
2819 2202 2906 2255 ὅτε
2937 2199 3035 2272 μὲν
3067 2202 3167 2264 τας
3210 2201 3340 2265 ὕλας
3373 2203 3468 2272 ἐρ-

1877 2283 2103 2350 γάζεται
2166 2285 2431 2354 δυνάμει,
2483 2285 2633 2354 λέγει
2691 2287 2790 2354 τὸ,
2862 2289 3213 2356 Ἐποίησεν·
3269 2289 3358 2342 ὅτε
3411 2289 3470 2342 δὲ

1878 2369 2069 2437 ἔμελλε
2098 2374 2323 2440 κοσμεῖν
2342 2372 2408 2424 τά
2437 2375 2636 2438 πάντα,
2661 2374 2803 2445 ἀρχὴ
2823 2375 2882 2428 δέ
2901 2376 2994 2429 τοῦ
3026 2377 3233 2446 κόσμου
3266 2375 3328 2428 τὸ
3352 2376 3468 2444 φῶς

1877 2453 1964 2526 ἦν,
1998 2457 2206 2524 εἰσάγει
2237 2457 2394 2525 λόγον
2419 2459 2747 2528 ἁρμόζοντα.
2776 2462 2888 2513 Καὶ
2909 2462 3093 2532 ἐπειδὴ
3125 2463 3288 2514 πάλιν
3312 2462 3468 2532 πρῶ-

1877 2561 1966 2596 τον
1991 2543 2147 2613 ἔργον
2175 2545 2310 2598 Θεοῦ
2341 2545 2474 2613 φῶς,
2507 2547 2813 2600 τελευταῖον
2834 2549 2890 2602 δέ
2913 2549 3074 2619 ἔργον
3101 2549 3234 2602 Θεοῦ
3262 2549 3468 2619 ἀνθρω-

1879 2648 1978 2692 πος
2014 2626 2081 2700 ἦν
2103 2647 2116 2658 ·
2149 2631 2364 2701 πρῶτον
2393 2633 2684 2702 ἐργάζεται
2711 2634 2843 2698 Θεὸς
2873 2635 3014 2706 λόγῳ
3041 2637 3101 2688 τὸ
3134 2637 3268 2706 φῶς,
3311 2637 3468 2690 ὓστε-

1881 2734 1970 2786 ρον
1996 2717 2052 2769 δὲ
2082 2718 2173 2769 τὸν
2203 2718 2487 2788 ἄνθρωπον
2513 2721 2679 2790 ἔργῳ,
2715 2722 2822 2774 ἀπὸ
2862 2723 3038 2791 φωτὸς
3067 2726 3146 2786 είς
3181 2724 3297 2792 φῶς
3333 2741 3468 2795 συμ-

1878 2804 1983 2874 πλη
1994 2804 2099 2874 ρῶν
2107 2844 2119 2857 .

1948 2899 2018 2956 ς’.
2050 2893 2157 2944 Καὶ
2189 2892 2305 2956 πῶς
2328 2894 2442 2960 φῶς
2465 2895 2558 2948 καὶ
2586 2895 2892 2966 ἄνθρωπος,
2916 2899 3102 2953 ἄκουε.
3125 2899 3198 2952 Τὸ
3223 2900 3336 2966 φῶς
3355 2901 3464 2953 δεί-

1877 2997 2030 3030 κνυσι
2056 2979 2123 3031 τὰ
2151 2980 2307 3032 ὄντα·
2335 2981 2394 3032 16
2418 2982 2531 3049 φῶς
2559 2985 2652 3035 τοῦ
2683 2985 2884 3053 κόσμου
2907 2988 2934 3038 6
2955 2986 3238 3054 ἄνθρωπος
3258 3004 3269 3016 ·
3298 2988 3464 3040 είσελ-

1876 3065 1984 3117 θὼν
2017 3065 2183 3129 ἔδειξέ
2217 3083 2297 3118 σοι
2337 3066 2452 3134 φῶς
2477 3068 2695 3138 τέχνης,
2729 3071 2843 3138 φῶς
2874 3071 3205 3141 ἐπιστήμης.
3250 3074 3322 3125 T6
3346 3073 3464 3141 φῶς

1874 3153 2040 3217 ἔδειξε
2067 3154 2228 3218 σῖτον,
2261 3155 2294 3224 ἡ
2329 3154 2542 3217 σύνεσις
2571 3157 2826 3226 ἐποίησεν
2856 3159 3048 3228 ἄρτον·
3074 3160 3132 3211 τὸ
3154 3159 3267 3227 φῶς
3295 3159 3463 3226 ἔδειξέ

1873 3241 1963 3293 τὸν
1987 3241 2180 3311 βότρυν
2212 3245 2312 3313 τῆς
2330 3243 2598 3312 ἀμπέλου,
2632 3245 2692 3296 τὸ
2725 3245 2839 3314 φῶς
2872 3247 2969 3315 τῆς
3005 3248 3276 3311 συνέσεως
3293 3249 3462 3314 ἔδειξε

1872 3329 1963 3382 τὸν
2001 3324 2141 3381 οἶνον
2171 3329 2260 3381 τὸν
2300 3330 2358 3380 ἐν
2387 3329 2463 3398 τῷ
2499 3329 2683 3402 βότρυῖ
2705 3347 2717 3359 ·
2761 3332 2820 3384 τὸ
2860 3333 2973 3401 φῶς
3003 3334 3168 3398 ἔδειξε
3197 3336 3258 3387 16
3293 3336 3460 3406 ἔριον,

1872 3415 1931 3467 τὸ
1961 3415 2075 3483 φῶς
2100 3414 2194 3467 τοῦ
2219 3417 2505 3486 ἀνθρώπου
2537 3419 2734 3482 ἔδειξεν
2769 3420 2980 3488 ἱμάτιον
3001 3439 3014 3452 ο
3037 3423 3097 3473 16
3125 3423 3239 3490 φῶς
3261 3424 3461 3488 ἔδειξεν

1872 3502 2017 3572 ὄρος,
2057 3503 2116 3554 τὸ
2160 3503 2274 3571 φῶς
2326 3503 2424 3572 τῆς
2481 3505 2750 3567 συνέσεως
2806 3506 2974 3574 ἔδειξε
3033 3508 3318 3577 λατομίαν.
3359 3513 3461 3566 Διὰ

1870 3589 2027 3640 τοῦτο
2052 3590 2145 3642 καὶ
2174 3591 2202 3642 6
2242 3591 2431 3661 Σωτὴρ
2478 3591 2591 3658 φῶς
2621 3593 2776 3644 καλεῖ
2812 3594 2938 3657 τοὺς
2979 3594 3328 3661 ἀποστόλους,
3370 3598 3461 3652 λέο

1871 3693 1982 3741 γων
2000 3691 2012 3702 ·
2061 3677 2257 3744 ’Υμεῖς
2285 3678 2425 3729 ἐστε
2453 3678 2517 3730 τὸ
2543 3678 2667 3747 φῶς
2691 3679 2797 3734 τοῦ
2827 3684 3081 3751 κόσμου.
3122 3684 3274 3738 Διατί
3305 3685 3460 3738 καλεῖ

1871 3761 2068 3824 αὐτοὺς
2107 3762 2250 3830 φῶςς
2293 3763 2403 3831 Ούχ
2428 3765 2513 3816 ἴνα
2544 3766 2740 3829 αὐτοὺς
2771 3769 2980 3840 τιμήσῃ
3011 3769 3190 3838 μόνον,
3225 3772 3338 3824 ἀλλ’
3372 3773 3458 3828 ἵνα

1872 3851 1964 3900 καὶ
2002 3850 2099 3918 τὴν
2131 3848 2281 3919 [443]
2321 3850 2512 3902 ἐλπίδα
2542 3853 2641 3922 τῆς
2669 3854 3020 3919 ἀναστάσεως
3040 3857 3208 3929 δείξῃ.
3245 3860 3456 3931 Ὥσπερ

1870 3937 1977 4004 γὰρ
2029 3936 2086 3988 16
2147 3935 2263 4005 φῶς
2299 3936 2536 4008 ἑσπέρας
2593 3939 2768 4000 δῦνον,
2815 3942 2913 3995 οὐκ
2962 3944 3278 4011 ἀπόλλυται,
3318 3948 3456 4002 ἀλλά

1870 4021 2192 4090 κρύπτεται,
2231 4024 2325 4076 καὶ
2375 4022 2709 4093 κρυϐόμενον
2757 4027 2922 4079 πάλιν
2956 4029 3236 4096 φαίνεται·
3281 4032 3454 4098 οὕτως

1869 4111 1961 4160 καὶ
1998 4113 2025 4162 6
2072 4109 2356 4179 ἄνθρωπος
2403 4111 2478 4173 ὡς
2522 4114 2600 4173 είς
2647 4111 2795 4164 δύσιν
2829 4114 2951 4166 τινὰ
2978 4115 3056 4184 τῷ
3080 4116 3234 4188 τάφῳ
3274 4137 3454 4190 παρα-

1868 4197 2159 4265 πεμφθεὶς,
2198 4197 2360 4250 πάλιν
2403 4200 2468 4266 τῇ
2507 4198 2738 4270 ἀνατολῇ
2773 4200 2871 4269 τῆς
2911 4201 3260 4270 ἀναστάσεως
3292 4210 3452 4279 τετήο

1869 4299 2048 4351 ρηται.
2102 4285 2419 4349 Γενηθήτω
2463 4283 2607 4351 φῶς.
2660 4281 2794 4338 Εἶπε
2838 4288 2898 4339 16
2931 4289 3240 4358 γενόμενον,
3277 4293 3368 4346 τὸν
3394 4295 3451 4347 δὲ

1867 4370 2062 4439 τρόπον
2083 4369 2182 4422 οὔκ
2205 4371 2494 4439 ἐμήνυσεν,
2526 4371 2641 4425 ἀλλ’
2664 4373 2783 4426 οὐδὲ
2817 4375 3040 4442 ἔμαθεν.
3080 4378 3198 4430 Ὅτι
3223 4380 3319 4449 μὲν
3343 4383 3450 4451 γὰρ

1865 4458 2079 4524 ἐγένετο
2109 4457 2242 4525 φῶς,
2267 4455 2402 4521 οἶδα,
2448 4461 2640 4528 φησίν·
2669 4460 2731 4512 τὸ
2751 4461 2807 4513 δὲ
2833 4463 2949 4524 πῶς
2981 4464 3215 4529 ἐγένετο,
3257 4468 3318 4518 06
3349 4486 3450 4521 κα-

1864 4545 2210 4613 ταλαμϐάνω.
2246 4546 2345 4597 Διά
2383 4545 2536 4597 τοῦτο
2565 4549 2657 4599 καὶ
2692 4550 2720 4599 6
2759 4550 2950 4620 Σωτήρ
2987 4551 3138 4619 ἔλεγε
3176 4558 3284 4617 τοῖς
3307 4557 3444 4610 ἀπο-

1866 4633 2097 4694 στόλοις·
2138 4633 2258 4699 Οὺχ
2299 4631 2465 4700 ὑμῶν
2510 4632 2639 4686 ἐστι
2672 4635 2890 4701 γνῶναι
2940 4642 3198 4706 χρόνους
3238 4643 3274 4711 ἢ
3318 4663 3447 4697 και-

1856 4719 2026 4785 ροὺς,
2050 4717 2156 4780 οὓς
2185 4721 2217 4769 ό
2257 4719 2455 4785 Πατὴρ
2479 4721 2643 4772 ἔθετο
2673 4722 2741 4774 ἐν
2763 4722 2837 4790 τῇ
2862 4725 2979 4793 ίδίςι
3005 4728 3274 4795 ἐξουσίᾳ.
3311 4728 3443 4784 Εἶτα

1864 4807 2086 4874 χρόνους
2114 4805 2145 4874 ῆ
2177 4807 2395 4876 καιροὺς
2431 4805 2529 4858 οῦκ
2577 4809 2722 4860 ἐστιν
2757 4811 2914 4880 ἡμῶν
2958 4815 3176 4880 γνῶναι,
3208 4819 3300 4868 καὶ
3351 4819 3443 4870 τὸν

1863 4894 2137 4961 Δεσπότην
2165 4893 2271 4944 τῶν
2303 4894 2507 4962 χρόνων
2536 4895 2631 4947 καὶ
2680 4896 2769 4949 τὸν
2814 4901 3040 4972 ποιητήν
3078 4904 3186 4956 τῶν
3229 4905 3442 4959 αίώνων

1863 4980 1972 5031 ἔστι
1991 4979 2265 5047 λογισμοῖς
2285 4981 2605 5034 καταλαϐεῖν
2621 4984 3002 5054 ἀνθρωπίνοις;
3025 4989 3208 5041 Εἶπεν
3223 4994 3254 5043 ό
3273 4994 3435 5057 Θεός·

1862 5063 2176 5128 Γενηθήτω
2217 5062 2374 5130 φῶς·
2430 5065 2529 5118 καὶ
2575 5068 2809 5134 ἐγένετο
2854 5067 2998 5135 φῶς.
3036 5072 3099 5122 Ὢ
3131 5074 3228 5142 τῆς
3276 5077 3438 5142 ἀγίας

1859 5146 2072 5214 ἐκείνης
2112 5146 2203 5228 καὶ
2241 5147 2478 5218 μεγάλης
2528 5148 2842 5217 δυνάμεωςί
2878 5151 2922 5203 ὢ
2955 5155 3203 5222 μεγάλων
3230 5157 3438 5228 θαυμά-

1857 5231 1997 5281 τωνι
2047 5227 2307 5295 Ἐγένετο
2340 5231 2487 5298 φῶς,
2517 5232 2614 5284 καὶ
2648 5234 2806 5284 καλεῖ
2826 5238 2858 5287 ὁ
2889 5238 3033 5301 Θεὸς
3054 5239 3119 5292 τὸ
3148 5241 3270 5308 φῶς
3297 5227 3435 5309 ἠμέ-

1850 5329 1989 5377 par,
2029 5313 2126 5364 καὶ
2158 5312 2225 5364 τὸ
2255 5315 2473 5380 σκότος
2503 5317 2710 5368 νύκτα.
2739 5319 2892 5370 Διατί
2921 5321 2976 5372 δὲ
3006 5324 3218 5392 ἡμέραν
3245 5325 3431 5388 καλεῖς

1869 5395 2084 5464 Ἐπειδὴ
2113 5397 2220 5448 πᾶν
2243 5398 2464 5466 φαιδρὸν
2493 5399 2582 5449 καὶ
2613 5399 2812 5469 ἱλαρὸν,
2838 5402 3043 5474 ἥμερον
3078 5405 3310 5473 λέγεται.
3334 5409 3432 5461 Διά

1855 5477 2012 5529 τοῦτο
2060 5478 2152 5530 καὶ
2190 5480 2287 5548 τὴν
2340 5480 2750 5548 φιλανθρωπίαν
2781 5485 3089 5556 ἡμερότητα
3137 5487 3428 5558 καλοῦμεν,

1856 5561 1949 5612 καὶ
1980 5561 2048 5611 τά
2079 5560 2242 5632 θηρία
2265 5562 2332 5612 τὰ
2367 5564 2617 5633 χειροήθη
2640 5565 2820 5635 ἥμερα
2843 5569 3129 5638 καλοῦμεν.
3163 5572 3268 5624 Καὶ
3291 5571 3431 5624 ἐκά-

1854 5646 2040 5695 λεσεν
2057 5646 2088 5695 ό
2105 5645 2247 5708 Θεὸς
2274 5646 2334 5695 τὸ
2350 5644 2473 5711 φῶς
2495 5646 2737 5713 ἡμέραν,
2756 5651 2849 5702 καὶ
2868 5651 2931 5702 τὸ
2945 5653 3164 5716 σκότος
3175 5654 3431 5708 ἐκάλεσε

1855 5725 2064 5780 νύκτα.
2089 5727 2275 5780 Νύκτα
2295 5727 2433 5778 διατί
2458 5745 2470 5791 ;
2500 5730 2618 5782 Ὅτι
2652 5733 2804 5784 νυκτὶ
2827 5734 2913 5786 τὸν
2934 5735 3213 5801 ἄνθρωπον
3236 5738 3430 5792 καθεύ-

3045 5819 3118 5875 9.7
