3984 6408
527 306 644 364 437

520 426 676 519 δοντα
705 425 1119 519 eic‘ﬁﬂ6pvncw
1133 431 1374 519 θανάτου
1398 434 1575 511 φέρει,
1598 448 1882 517 μονονουχὶ
1904 450 2080 519 λέγων
2103 467 2116 480 ’

521 510 699 599 Μάθε,
711 512 985 584 ανθρωπε,
1005 520 1087 583 τίς
1103 516 1171 573 εῐ.
1191 521 1397 592 Θνητὸς
1414 510 1484 590 εί,
1506 526 1658 599 ὕπνῳ
1671 510 1961 599 δουλεῦειςο
1979 510 2123 590 διατί

518 597 755 691 τὰμὺλπέρ
770 602 833 691 σὲ
861 606 1102 678 φαντάζῃ
1126 625 1141 672 ;
1177 609 1245 662 'H
1266 611 1374 682 γὰρ
1391 613 1489 678 νὺξ
1512 597 1790 691 κατανυγή
1818 597 1984 676 ἐστιν·
2003 624 2125 679 ὅθεν

520 687 614 741 καὶ
627 689 790 743 Δαυτδ
807 707 990 762 φησιν’
1006 696 1064 747 Ἃ
1080 696 1288 764 λέγετε
1303 699 1376 752 ἐν
1388 701 1518 767 ταῖς
1528 687 1804 772 καρδίαις
1823 709 2009 777 ὑμῶν,
2023 711 2121 764 έπί

517 774 650 840 ταῖς
664 777 889 843 κοίταις
906 779 1076 847 ὑμῶν
1086 786 1480 854 κατανύγητε.
1500 789 1718 860 Ἀμέλει
1730 774 1906 848 κεῖται
1920 774 2015 850 ἄνθ
2027 815 2126 867 ρω-

519 883 619 929 πος
644 867 701 919 ἐν
731 869 908 933 νυκτὶ,
941 869 1065 924 οὔτε
1092 875 1305 946 νεκρὸς,
1345 877 1470 931 οὒτε
1503 881 1635 943 ζῶν.
1688 883 1996 956 Ἐρώτησον
2034 890 2122 940 αἱ-

519 956 764 1025 ρετικόν·
793 959 859 1011 Τί
901 962 1016 1012 ἐστι
1038 979 1051 1027 ;
1071 960 1193 1050 ςῶν
1217 966 1250 1035 ἢ
1277 967 1470 1037 νεκρός
1497 987 1510 1036 ;
1545 971 1656 1024 Καὶ
1702 973 1797 1026 ἐὰν
1839 975 1941 1044 μὲν
1968 979 2118 1050 εἴπῃ,

516 1044 657 1109 Ζῶν,
694 1046 838 1098 εἰπέ·
859 1049 1014 1102 Διατί
1037 1045 1132 1103 οῦν
1163 1053 1263 1106 οὐκ
1284 1055 1599 1112 αἰσθάνεται
1626 1059 1734 1113 τῶν
1755 1044 2118 1138 λαλούντων-ζῆ

516 1134 964 1204 περιπατούντων
983 1153 996 1200 ;
1016 1138 1141 1192 Ἐάν
1166 1140 1222 1193 δὲ
1249 1142 1401 1214 εἴπῃ,
1429 1145 1510 1198 ὃτι
1531 1147 1764 1219 Νεκρὸς,
1800 1152 1920 1204 εἰπέ
1940 1168 1953 1181 ⁸
1993 1134 2119 1217 Πῶς

512 1215 608 1274 οῦν
641 1222 902 1287 ἁναπνεῖ;
925 1225 986 1276 τὸ
1012 1226 1121 1296 γάρ
1147 1228 1384 1298 ἐμπνέον
1403 1232 1503 1285 οὐκ
1531 1215 1661 1288 ἔστιν
1681 1237 1875 1308 νεκρόν
1905 1256 1914 1268 ·
1943 1239 2005 1292 τὸ
2042 1215 2116 1312 μή

514 1308 906 1379 αἰσθανόμενον
935 1313 1036 1366 οὐκ
1067 1315 1182 1368 ἐστι
1211 1316 1321 1380 ζῶν
1347 1335 1360 1350 ο
1393 1321 1588 1375 σαυτὸν
1619 1323 1679 1375 ού
1706 1324 1942 1394 βλέπεις,
1980 1308 2118 1382 ἁλλὰ

512 1396 584 1449 τὰ
605 1396 743 1485 ύπὲρ
768 1399 827 1450 σὲ
859 1400 1129 1474 φαντάζῃ.
1175 1404 1335 1457 Ἀλλὰ
1365 1406 1538 1462 ταῦτα
1560 1410 1874 1480 ἀρκούντως
1911 1415 1990 1476 είς
2021 1415 2116 1485 τήν

513 1481 742 1553 πρώτην
788 1485 1004 1557 ἡμέραν
1047 1490 1307 1560 εἰρήσθω.
1358 1495 1641 1549 Κατέλαϐε
1678 1497 1787 1570 γὰρ
1820 1502 1852 1570 ή
1884 1481 2112 1571 ἑσπέρα,

510 1569 702 1641 ὥσπερ
730 1573 892 1627 κάκεῖ
917 1573 986 1628 τά
1017 1577 1116 1646 τῆς
1143 1577 1370 1650 πρώτης
1396 1583 1631 1654 ἡμέρας,
1662 1569 1767 1638 καί
1789 1589 1932 1642 κατὰ
1954 1569 2114 1641 δύνα-

513 1675 630 1727 μιν,
673 1660 722 1712 εί
757 1660 853 1714 καὶ¹
891 1660 1060 1730 βαθέα
1086 1659 1156 1736 ἦν
1186 1666 1254 1719 τὰ
1295 1669 1566 1739 νοήματα,
1613 1671 1763 1743 ὅμως
1790 1672 2111 1744 ἐξεθέμεθα.

509 1744 633 1798 Τῶν
661 1746 718 1799 δὲ
750 1748 959 1802 πιστῶν
986 1752 1134 1805 ἐστιν
1168 1754 1461 1826 ἐρευνῆσαι
1494 1758 1565 1811 τὰ
1588 1758 1871 1830 λεχθέντα,
1901 1764 1995 1816 καὶ
2017 1763 2112 1835 ξη-

508 1833 672 1905 τῆσαι
691 1835 790 1906 τήν
818 1838 1079 1909 ίστορίαν.

581 1922 648 1986 ζ’.
693 1923 887 1995 Ἡμεῖς
908 1926 963 1979 δὲ
991 1928 1248 1998 νηστείας
1281 1931 1434 1996 ὄντες
1466 1933 1630 2003 ἁγίας
1660 1935 1978 2009 θρέμματα,
2017 1942 2112 1995 καὶ

508 2009 569 2097 ἐν
596 2010 834 2084 ἀτροφίᾳ
863 2016 1137 2085 σωμάτων
1157 2021 1541 2090 τρυφήσαντες
1566 2025 1634 2078 τά
1665 2026 1915 2097 οὐράνια,
1946 2046 2112 2082 σπου-

510 2095 765 2168 δάσωμεν
813 2101 913 2172 τὴν
967 2105 1225 2174 νηστείαν
1271 2108 1434 2175 ἁγίαν
1489 2095 1758 2179 φυλάξαιῖ
1797 2114 2112 2184 Ἀγιάσατε

510 2185 643 2257 γὰρ,
694 2187 847 2256 φησὶ,
884 2193 1195 2258 νηστείαν.
1246 2195 1436 2266 Ἡμεῖς
1488 2199 1658 2271 αὐτὴν
1695 2201 2030 2273 ἁγιάζομεν,
2075 2205 2109 2276 ἢ

515 2273 608 2326 ὑπ’
644 2274 815 2346 αὐτῆς
841 2277 1220 2349 ἁγιαζόμεθας
1273 2283 1434 2336 Ἀλλὰ
1467 2285 1588 2338 ἀντὶ
1611 2287 1706 2339 τοῦ
1751 2289 1914 2357 ἁγίαν
1943 2273 2112 2361 αὐτὴν

513 2360 768 2429 φυλάξαι,
801 2362 962 2417 τοῦτο
991 2366 1215 2436 εἴρηκεν
1245 2371 1273 2421 6
1307 2374 1611 2443 προφήτης.
1637 2375 1849 2448 ’Ὠσπερ
1882 2378 1989 2450 γάρ
2022 2360 2111 2432 ὅτε

509 2447 782 2520 εὐχόμεθα
803 2489 818 2516 ,
867 2452 1229 2525 Ἁγιασθήτω
1253 2457 1318 2512 τὸ
1340 2459 1527 2529 ὄνομά
1548 2479 1686 2529 σου,
1711 2447 1833 2535 οὐχ).
1856 2467 1937 2519 ὅτι
1960 2447 2111 2539 ’ὑπὲρ

509 2535 604 2591 τοῦ
637 2540 898 2611 ὀνόματος
945 2545 1110 2597 αὑτοῦ
1139 2547 1412 2618 εὐχόμεθα
1453 2551 1552 2621 (τὸ
1591 2551 1701 2623 γὰρ
1733 2555 1902 2625 ὄνομα
1943 2535 2109 2609 αὐτοῦ

508 2627 726 2695 ἁγιάζει
767 2631 987 2702 πάντα),
1019 2634 1135 2688 ἁλλ’
1170 2638 1358 2708 ἐπειδὴ
1404 2639 1465 2692 τὸ
1507 2641 1680 2708 ὄνομα
1718 2643 1884 2697 αὑτοῦ
1925 2646 2112 2698 ἐπικέ-

508 2714 705 2785 κληται
742 2718 878 2786 ήμῖν
907 2721 1249 2790 (Χριστιανοὶ
1298 2727 1407 2795 γάρ
1450 2726 1558 2780 ἀπὸ
1614 2729 1852 2798 Χριστοῦ
1916 2731 2111 2784 καλού-

508 2803 698 2874 μεθα),
740 2804 889 2874 λέγει
915 2825 927 2836 ·
961 2808 1036 2862 Τὸ
1090 2811 1265 2880 ὄνομά
1324 2831 1419 2867 σου
1469 2817 1553 2884 ἐφ’
1589 2818 1723 2887 ήμῖν
1769 2818 2106 2889 ἁγιασθήτω.

512 2890 673 2978 Παρὰ
700 2893 808 2965 γὰρ
839 2894 919 2965 τῷ
954 2896 1097 2967 ἁγίῳ
1119 2897 1297 2953 πάντα
1325 2901 1456 2970 ἅγια
1477 2919 1490 2933 ·
1527 2905 1622 2956 καὶ
1653 2905 1761 2975 γὰρ
1783 2905 1931 2959 οὐδὲν
1974 2907 2111 2978 πλη·

508 2977 686 3044 σιὰζει
713 2980 834 3052 Θεῷ
869 2981 944 3054 μὴ
981 2983 1041 3036 δν
1072 2985 1256 3054 ἁγιον·
1289 2987 1443 3055 ἅγιος
1478 2989 1586 3060 γὰρ
1611 2992 1639 3043 6
1661 2990 1794 3055 Θεὸς
1831 2994 1888 3045 ἐν
1931 2977 2111 3063 ἁγίοις

505 3070 943 3140 αναπαυόμενος.
981 3073 1093 3126 Καὶ⁷
1121 3074 1149 3124 ὁ
1178 3075 1406 3145 οὐρανὸς
1448 3077 1504 3130 δέ
1553 3079 1720 3134 αὑτοῦ
1757 3080 1947 3149 ἁγιος·
1985 3085 2110 3135 Ἑπ-

505 3155 828 3210 σκοὺσεται
864 3158 972 3230 γὰρ
1009 3161 1197 3214 αὑτοῦ
1225 3162 1295 3227 ἐξ
1319 3166 1579 3232 οὐρανοῦ
1609 3167 1783 3236 ἁγίου
1811 3170 2016 3223 αὐτοῦ.
2045 3172 2108 3223 Οί

506 3242 728 3311 ἄγγελοι
752 3244 898 3312 ἆγιοι
917 3259 932 3273 ·
965 3247 1152 3300 Ὅταν
1172 3248 1322 3318 ἔλθη
1355 3254 1386 3304 ό
1419 3252 1551 3316 Υἱὸς
1574 3254 1680 3307 τοῦ
1702 3255 2018 3324 ἀνθρώπου
2039 3258 2110 3311 ἐνν

504 3329 582 3399 τῇ
610 3331 760 3400 δόξῃ
790 3335 980 3388 αὑτοῦ
997 3336 1150 3404 μετὰ
1174 3337 1294 3389 τῶν
1313 3339 1500 3408 ἁγίων
1518 3342 1791 3411 ἀγγέλων
1806 3346 2013 3400 αὐτοῦ.
2042 3348 2108 3400 Ἡ

505 3417 581 3488 ’γῆ
605 3419 803 3489 ἔχουσα
821 3423 918 3491 τὴν
938 3422 1197 3494 λατρείαν
1217 3424 1366 3498 [444]
1395 3427 1545 3495 ἁγία·
1576 3431 1684 3484 Καὶ
1711 3430 1980 3498 θελήσει,
2006 3452 2108 3505 φη-

509 3505 585 3571 σὶ,
611 3506 970 3577 διαστρέψαι
997 3509 1295 3579 διαθήκην
1311 3515 1407 3567 ἐπὶ
1434 3514 1553 3584 γῆν
1573 3518 1753 3586 ἁγίαν
1768 3521 1972 3574 αὐτοῦ.
1997 3522 2108 3574 Καὶ

504 3594 534 3646 6
563 3593 748 3659 Δαυῒδ,
774 3597 807 3666 ή
835 3596 973 3668 αὐλὴ
1000 3598 1130 3666 ἁγία
1153 3616 1166 3630 ·
1203 3603 1684 3669 Προσκυνήσατε
1712 3604 1791 3670 τῷ
1818 3609 2011 3674 Κιφίῳ
2039 3610 2109 3662 ἐν

508 3681 678 3749 αὐλιῇ
705 3683 845 3752 ἁγίᾳ
874 3686 1081 3740 αὑτοῦ.
1100 3687 1161 3739 '0
1196 3687 1444 3754 Ἡσαΐας,
1491 3692 1520 3744 6
1553 3691 1682 3754 ναὸς
1712 3693 1886 3762 ἆγιος·
1912 3695 2108 3765 ’Ἄγιος

506 3769 614 3842 γάρ
663 3773 696 3824 ό
735 3772 883 3837 ναός
916 3790 1055 3837 σου,
1093 3777 1441 3844 θαυμαστὸς
1495 3780 1564 3832 έν
1607 3779 1988 3851 δικαιοσύνῃ.
2026 3783 2106 3838 Τά

507 3857 758 3926 πρόόατα
813 3860 880 3912 τά
920 3861 1092 3929 ἄλογα
1124 3863 1194 3914 τὰ
1233 3863 1355 3916 τότε
1401 3865 1641 3935 θυόμενα
1689 3869 1822 3935 ἅγια
1850 3870 2103 3938 ἐλέγετοο

517 3945 609 4011 Ὡς
636 3948 921 4013 πρόϐατα,
949 3950 1134 4020 φησὶν,
1160 3951 1297 4020 ἅγια
1329 3953 1400 4004 ἐν
1435 3953 1854 4026 Ἰερουσαλήμ.
1899 3959 1965 4012 Ἡ
1988 3961 2105 4013 δια-

505 4032 652 4104 θήκη
683 4035 815 4103 ἁγία
834 4051 847 4064 ·
904 4036 1012 4090 Καὶ
1061 4037 1403 4108 δυναμώσει
1429 4044 1582 4110 μετὰ
1623 4044 1874 4098 πολλῶν
1900 4046 2104 4113 διαθὴ-

505 4137 624 4187 κην
653 4123 832 4190 ἁγίαν
867 4124 1076 4178 αὐτοῦ.
1104 4126 1250 4193 Αὐτὴ
1283 4131 1315 4196 ή
1360 4130 1512 4193 πόλις
1542 4131 1674 4198 ἁγία
1708 4131 1927 4200 ἐλέγετο
1947 4149 1962 4163 ⁸
1996 4135 2107 4189 Καὶ

505 4207 604 4260 ἐπὶ
630 4208 747 4276 τὴν
771 4211 955 4263 πόλιν
983 4211 1100 4278 τ’ὴν
1127 4213 1308 4282 ἁγίαν
1345 4217 1460 4281 τὴν
1488 4217 1605 4270 τῶν
1639 4226 1912 4288 πατέρων
1937 4223 2108 4290 ἡμῶν

518 4292 936 4365 Ἰερουσαλήμ.
975 4298 1142 4350 Οὐδὲν
1191 4298 1300 4370 γὰρ
1353 4303 1717 4373 προσέρχεται
1767 4307 1888 4376 Θεῷ
1933 4310 2005 4379 μὴ
2047 4311 2105 4362 ὃν

505 4381 683 4449 ἅγιον.
715 4382 806 4435 Διὸ
832 4382 981 4451 λέγει
1011 4385 1224 4449 Παῦλος
1244 4403 1255 4416 ·
1284 4390 1394 4441 Καὶ
1419 4391 1526 4442 τὸν
1547 4392 1867 4460 ἁγιασμόν,
1895 4392 1966 4449 οὗ
1996 4413 2108 4462 χω·

499 4467 600 4537 ρίς
620 4469 820 4536 οὐδεὶς
846 4470 1056 4539 ὄψεται
1084 4475 1253 4530 Θεόν.
1307 4475 1740 4547 Ἐνηστεύσαμεν
1778 4480 1886 4532 ἀπὸ
1915 4483 2103 4552 ἁρτου’

507 4559 898 4630 νηστεύσωμεν
937 4564 1031 4615 καὶ
1083 4564 1196 4617 ἀπὸ
1236 4565 1472 4629 ἀδικίας.
1505 4568 1618 4621 Οὐκ
1655 4569 1858 4633 ἐσθίεις
1904 4573 2102 4641 άρτον;

511 4645 588 4717 μὴ
626 4649 810 4720 φάγῃς
857 4651 1067 4720 σάρκας
1116 4655 1384 4724 πενήτων,
1434 4656 1520 4709 ἵνα
1554 4657 1630 4729 μὴ
1664 4660 1792 4730 εἴπῃ
1833 4660 1928 4714 καὶ
1977 4664 2107 4733 περὶ

509 4735 604 4788 σοῦ
635 4737 664 4788 6
695 4736 860 4800 Θεός·
909 4741 974 4791 Ol
1009 4744 1433 4809 κατεσθίοντες
1483 4745 1591 4798 τὸν
1649 4749 1808 4801 λαόν
1858 4766 1979 4817 μου
2036 4751 2106 4802 ἐν

501 4824 728 4892 ,βρώσει
751 4826 956 4894 ἄρτου.
978 4829 1052 4880 Οὐ
1080 4829 1254 4893 πίνεις
1280 4827 1451 4895 οἷνον;
1481 4835 1554 4904 μὴ
1577 4835 1788 4906 μεθύσῃ
1818 4853 1877 4889 σε
1910 4837 2101 4908 θυμὸς,

513 4913 603 4965 ἵνα
630 4913 703 4983 μὴ
734 4914 1024 4989 ἁκούσῃὶς]
1051 4916 1203 4988 παρὰ
1221 4917 1316 4970 τοῦ
1341 4921 1659 4989 νομοθέτου·,
1684 4924 1878 4992 Θυμὸς
1900 4927 2105 4993 αὐτοῖς

509 5001 661 5054 κατὰ
690 4999 806 5068 τὴν
838 5005 1122 5071 ὁμοίωσιν
1149 5004 1258 5059 τοῦ
1294 5007 1515 5075 ὄφεως’
1555 5011 1647 5062 καὶ
1681 5012 1866 5076 πάλιν,
1909 5016 2105 5083 Θυμὸς

508 5088 854 5155 δρακόντων
907 5094 939 5144 ό
975 5088 1138 5159 οἶνος
1171 5095 1391 5149 αὐτῶν.
1428 5097 1597 5151 Ὅταν
1632 5102 1737 5171 γάρ
1776 5101 1968 5174 θλίψῃς
2004 5104 2101 5156 πέ·

508 5193 666 5246 νητα,
686 5178 778 5229 καὶ
803 5178 1054 5248 στενάξῃ,
1070 5181 1163 5232 ἐπὶ
1185 5182 1278 5235 τοῦ
1302 5183 1437 5237 Θεοῦ
1463 5185 1657 5254 εὑρέθη
1678 5199 1702 5226 δ
1726 5189 1918 5242 ἐσθίων
1939 5190 2103 5260 ἄρτον

507 5264 780 5335 δακρύων.
813 5265 912 5318 Διὰ
938 5265 1096 5319 τοῦτο
1119 5267 1267 5336 λέγει
1297 5272 1390 5323 καὶ
1423 5273 1451 5324 6
1479 5272 1611 5336 Θεός
1635 5290 1646 5300 ·
1709 5275 2104 5333 Ἐκαλύπτετε

507 5353 579 5404 ἑν
606 5351 863 5421 δάκρυσι
897 5353 964 5405 τὸ
995 5356 1428 5425 θυσιαστήριόν
1469 5379 1608 5428 μου.
1655 5364 1906 5431 Ἐγκαλεῖ
1950 5363 2042 5419 οὖν
2077 5371 2104 5420 6

509 5440 642 5504 Θεὸς
679 5444 792 5504 τοῖς
831 5443 1110 5496 κλαίουσιν
1159 5446 1252 5498 ἐπὶ
1307 5449 1401 5500 τοῦ
1452 5450 1842 5522 θυσιαστηρίου
1891 5456 2097 5524 λέγων·

520 5528 743 5597 ’1ερεῖς,
774 5531 1107 5596 εἰσέλθητε,
1155 5535 1491 5592 κλαύσατε.
1542 5539 1681 5592 Ἀλλ’
1731 5543 1972 5610 ἐγκαλεῖ,
2005 5545 2101 5615 οὐχ

535 5755 549 5769 ι
572 5695 703 5814 ἦξε
726 5695 883 5748 Vatic.
912 5696 1111 5762 melius,
1139 5701 1190 5749 ni
1219 5697 1386 5762 fallor,
1409 5714 1552 5764 quam
1575 5705 1725 5755 Savil.
1755 5707 1830 5756 ἐπὶ
1855 5709 1936 5757 τὸν
1961 5711 2100 5771 Θεὸν,

535 5769 608 5814 up:
672 5774 710 5813 ς.

508 5769 710 5816 ευριυης.

1988 325 2361 387 SEVERIANI

3717 367 3835 421 438

2233 449 2312 500 ὅτι
2355 449 2570 504 ἔκλαιον
2614 454 2789 520 αὐτοὶ,
2840 457 2955 511 ἁλλ’
2985 457 3172 531 ἐπειδὴ
3210 463 3259 515 οί
3303 461 3648 534 ἀδικούμενοι
3707 467 3831 520 ἐκεῖ

2231 537 2586 609 ἐνετύγχανον
2629 543 2721 596 ἐπὶ
2763 546 2858 598 τοῦ
2900 546 3319 620 θυσιαστηρίου,
3363 553 3588 622 ὀρφανοί
3625 569 3685 604 τε
3731 554 3830 606 καὶ

2229 624 2415 694 χῆραι.
2465 628 2575 681 Καὶ
2617 631 2705 683 ἴνα
2745 631 2912 705 δείξῃ,
2954 635 3034 687 ὅτι
3079 636 3207 706 περὶ
3247 638 3469 691 ἐκείνων
3520 639 3690 706 λέγει,
3727 641 3830 692 ἐπι-

2229 713 2426 781 ήγαγε·
2458 718 2775 787 κλαυθμῷ,
2797 723 2893 774 καὶ
2919 723 3169 788 κοπετῷ,
3199 725 3300 778 καὶ
3319 724 3503 792 κόπῳ.
3526 728 3648 780 Ἔτι
3671 726 3826 791 ἄξιον

2228 800 2516 871 ἐπιϐλέψαι
2551 805 2643 858 ἐπὶ
2665 807 2764 870 τὰς
2801 808 2988 872 θυσίας
3019 810 3193 879 ἡμῶν.
3222 813 3517 883 Πρόκειται
3549 809 3643 866 οὖν
3692 817 3832 884 τρά-

2230 886 2366 950 πεζα
2397 888 2576 960 ψυχῆς
2605 892 2634 943 6
2663 893 2755 945 τοῦ
2779 894 2913 947 Θεοῦ
2952 895 3128 964 λόγος.
3159 899 3326 969 Σῶμα
3356 899 3618 970 νηστεῦον
3660 902 3827 969 ἁγιά-

2224 973 2396 1044 ζεται,
2437 977 2583 1051 ψυχή
2629 980 2704 1053 μὴ
2756 985 3067 1055 τρεφομένη
3112 987 3410 1058 φθείρεται.
3444 989 3661 1043 Γένοιτο
3683 990 3742 1043 δὲ
3765 991 3828 1043 τὸ

2227 1061 2325 1132 μὲν
2351 1063 2511 1134 σῶμα
2544 1068 2827 1136 νηστεύειν
2849 1071 2957 1124 ἁπὸ
2981 1073 3413 1144 ἁμαρτημάτων,
3442 1075 3542 1147 τὴν
3562 1076 3619 1129 δὲ
3643 1077 3826 1147 ψυχὴν

2222 1151 2495 1222 ἐντρυφᾷν
2540 1157 2653 1218 τοῖς
2692 1155 2858 1221 θείοις
2889 1158 3174 1229 δόγμασιν.
3216 1162 3291 1214 Οὐ
3339 1163 3470 1234 δύνῃ
3513 1163 3569 1215 δὲ
3617 1165 3825 1218 ἐσθίειν

2221 1239 2385 1309 ἄρτον
2417 1241 2656 1310 Χριστοῦ
2681 1244 2775 1296 καὶ
2805 1244 2970 1315 ἁρτον
2995 1247 3264 1318 δακρύων,
3299 1249 3378 1311 ὡς
3401 1250 3550 1316 λέγει
3575 1252 3787 1314 Παῦλος
3807 1268 3822 1282 ’

2224 1327 2307 1378 Οὺ
2341 1325 2607 1382 δύνασθε
2642 1331 2934 1399 τραπέζης
2961 1335 3218 1402 Χριστοῦ
3251 1337 3530 1407 μετέχειν
3549 1339 3651 1391 καί
3685 1356 3823 1408 τρα-

2219 1411 2399 1480 πέζης
2439 1414 2781 1486 δαιμονίων.
2823 1423 2916 1473 Δεῖ
2959 1422 3140 1475 τοίνυν
3181 1423 3272 1476 τὸν
3324 1425 3655 1494 νηστεύοντα
3711 1428 3822 1479 άπ-

2219 1500 2437 1570 έχεσθαι
2456 1505 2565 1556 ἀπὸ
2595 1504 2922 1576 βρωμάτων,
2957 1509 3053 1561 καὶ
3096 1509 3307 1580 πρῶτόν
3337 1529 3402 1579 γε
3426 1513 3534 1566 άπὸ
3560 1515 3823 1585 ἁμαρτη-

2222 1588 2428 1657 μάτων.
2463 1593 2574 1646 Καὶ
2601 1593 2709 1664 γάρ
2745 1595 2866 1648 καθ’
2901 1595 3142 1666 ἑκάστην
3193 1598 3408 1669 ἡμέραν
3468 1601 3695 1669 ἄγγελοι
3728 1619 3824 1672 ση-

2222 1677 2619 1747 μειοῦνται,τίς
2654 1683 2912 1752 προέθετο
2939 1685 3241 1755 ἀπέχεσθαι
3272 1688 3378 1740 ἀπὸ
3411 1688 3749 1754 πλεονεξίας,
3783 1691 3818 1759 ἢ

2217 1765 2496 1835 πορνείας,
2533 1766 2565 1836 ἢ
2597 1767 2810 1833 ἀδικίας
2835 1770 2884 1824 1³.
2921 1771 3137 1836 Ταύτας
3167 1773 3276 1843 γάρ
3303 1773 3405 1838 τὰς
3443 1777 3702 1847 νηστείας
3723 1778 3820 1830 καὶ

2217 1854 2440 1921 ἄγγελοι
2465 1857 2894 1929 ἁναγράφονται,
2929 1862 3024 1914 καὶ
3048 1861 3179 1926 Θεὸς
3223 1863 3562 1933 ταμιεύεται.
3600 1865 3818 1935 ’Ὠσπερ

2217 1941 2348 2012 γάρ,
2391 1944 2633 2014 ἀδελφοὶ,
2672 1947 2780 2000 ἀπὸ
2813 1948 2920 2001 τῶν
2964 1950 3289 2020 ἁναφορῶνα
3339 1951 3389 2003 οἱ
3427 1952 3689 2021 ἄρχοντες
3738 1953 3820 2023 τῷ

2218 2029 2430 2100 βασιλεῖ
2461 2035 2641 2088 πάντα
2679 2035 2974 2106 μηνύουσιν
2995 2078 3009 2101 ,
3038 2036 3212 2100 οὕτως
3235 2041 3330 2092 καὶ
3361 2041 3411 2093 οἱ
3463 2040 3687 2107 ἄγγελοι
3738 2039 3820 2110 τῷ

2215 2119 2333 2188 Θεῷ
2360 2120 2538 2174 πάντα
2562 2120 2632 2175 τά
2661 2125 2944 2192 γινόμενα,
2976 2127 3076 2178 οὐκ
3103 2125 3402 2192 ἀγνοοῦντα
3439 2127 3817 2191 διδάσκοντες,

2215 2205 2353 2259 ἀλλὰ
2381 2207 2476 2278 τὴν
2515 2208 2894 2283 λειτουργικὴν
2931 2210 3084 2276 τάξιν
3133 2212 3231 2281 τῆς
3277 2212 3642 2284 δημιουργίας
3676 2212 3816 2283 πλη-

2219 2295 2459 2364 ροῦντες,
2508 2295 2651 2365 Ἐγὼ
2680 2299 2994 2370 ἐμακάρισα
3022 2300 3088 2353 ἂν
3131 2299 3390 2371 μυριάκις
3423 2299 3514 2353 τὸν
3540 2299 3815 2361 ἐσθίοντα,

2215 2380 2247 2449 ἢ
2289 2379 2380 2432 τὸν
2417 2382 2745 2451 νηστεύοντα
2800 2386 2894 2437 καὶ
2937 2385 3247 2439 ἀδικοῦντα.
3281 2385 3468 2440 Ταῦτα
3514 2386 3693 2454 λέγω,
3751 2389 3815 2438 οὐ

2214 2469 2468 2538 νηστείαν
2495 2469 2659 2536 λύων,
2688 2471 2802 2524 ἁλλ’
2835 2472 3118 2526 εὐσέϐειαν
3161 2473 3466 2544 κηρύττων.
3496 2475 3572 2526 Οὐ
3612 2474 3725 2544 γὰρ
3756 2474 3818 2526 τὸ

2215 2559 2408 2623 φαγεῖν
2458 2558 2646 2625 κακὸν,
2680 2559 2817 2612 ἁλλὰ
2851 2559 2912 2612 τὸ
2957 2560 3293 2630 ἁμαρτάνειν
3335 2564 3592 2632 πονηρὸν,
3627 2560 3816 2624 καθὼς

2213 2644 2362 2712 λέγει
2383 2647 2409 2698 6
2438 2647 2572 2709 Θεὸς
2599 2649 2728 2718 περί
2781 2667 2925 2713 τινος
2957 2650 3165 2704 δικαίου
3187 2667 3200 2679 ο
3239 2651 3303 2702 '0
3335 2649 3530 2718 πατήρ
3559 2665 3679 2703 σου
3703 2651 3818 2704 οὐκ

2213 2730 2416 2800 ἔφαγε,
2448 2734 2543 2786 καί
2574 2735 2640 2787 τὸ
2673 2735 2901 2804 θέλημά
2920 2753 3039 2804 μου
3062 2736 3378 2802 ἐποίησεν.
3413 2736 3568 2789 Οὕτω
3609 2736 3675 2807 δὴ
3723 2737 3818 2789 καὶ

2213 2819 2447 2888 ἀλλαχοῦ
2471 2837 2482 2849 ·
2515 2823 2779 2884 Νηστεία
2801 2825 2838 2892 ἡ
2857 2822 3084 2891 τετρὰς,
3103 2822 3201 2875 καί
3217 2825 3470 2889 νηστεία
3491 2825 3528 2891 ἠ
3547 2824 3812 2893 πέμπτη,

2217 2907 2366 2979 1445]
2393 2909 2490 2964 καί
2518 2913 2770 2978 νηστεία
2799 2915 2836 2982 ἠ
2859 2912 3099 2978 δεκάτη.
3124 2912 3295 2965 ἔσται
3325 2911 3472 2982 ὑμῖν
3501 2914 3590 2976 είς
3619 2913 3816 2981 χαρὰν

2213 2998 2311 3050 καὶ
2339 2999 2426 3063 είς
2455 2999 2844 3068 εὐφροσύνην
2885 2999 2984 3053 καὶ
3031 3001 3118 3065 εἰς
3155 2997 3360 3066 ἑορτὰς
3419 2998 3673 3066 ἀγαθὰς,
3715 2999 3816 3052 καί

2211 3083 2327 3152 τὴν
2358 3084 2651 3151 ἀλήθειαν
2677 3086 3052 3156 ἀγαπήσατε.
3073 3085 3215 3138 Ἀλλ’
3238 3084 3520 3154 ἐπέλαμψε
3537 3084 3600 3136 τὸ
3618 3084 3814 3154 αἰσθη-

2211 3173 2302 3227 τὸν
2337 3174 2472 3242 φῶς,
2506 3175 2594 3228 ἴνα
2633 3176 2879 3247 κηρυχθῇ
2927 3178 2955 3227 ὁ
2997 3174 3091 3226 τοῦ
3124 3174 3301 3242 φωτὸς
3342 3174 3605 3242 ἐργάτης.
3665 3176 3814 3227 Κατ-

2211 3261 2449 3333 έλαὸενή
2475 3264 2683 3334 ἐσπέρα
2709 3264 3083 3333 σφραγίζουσα
3104 3264 3200 3332 τῆς
3228 3262 3441 3332 ἡμέρας
3471 3262 3565 3313 τὸν
3587 3262 3809 3332 δρόμον.

2210 3350 2366 3420 Καλὴ
2416 3353 2447 3420 ή
2491 3351 2666 3421 ἁρχὴ,
2714 3350 3068 3421 προστεθήτω
3121 3350 3181 3402 τὸ
3227 3349 3401 3412 τέλος.
3462 3349 3555 3419 Μὴ
3598 3349 3812 3404 ἁπώθει

2211 3439 2420 3503 κακῶς,
2466 3439 2581 3493 ἁλλ’
2627 3440 2790 3493 ἄκουε
2841 3438 2935 3490 τοῦ
2970 3437 3172 3490 Δαυῖδ’
3226 3439 3330 3503 Είς
3379 3437 3443 3490 τὸ
3491 3437 3695 3502 τέλος,
3725 3437 3811 3507 μὴ

2211 3526 2581 3595 διαφθείρῃς.
2619 3527 2676 3579 '0
2709 3527 2766 3580 δὲ
2811 3526 2943 3588 Θεὸς
2988 3524 3082 3577 τοῦ
3118 3524 3296 3592 φωτὸς
3349 3524 3540 3577 τούτου
3599 3526 3812 3587 πάντας

2213 3615 2357 3684 ὑμᾶς
2403 3615 2612 3686 φωτίσῃ
2663 3614 2827 3683 λόγῳ,
2863 3614 3035 3684 νόμῳ,
3086 3613 3288 3674 πίστει,
3319 3612 3671 3685 δικαιοσύνῃ,
3706 3629 3811 3666 σω-

2212 3703 2476 3775 φροσύνῃ,
2505 3704 2563 3756 ἐν
2592 3702 2812 3774 Χριστῷ
2853 3701 3028 3772 Ἰησοῦ
3061 3700 3139 3772 τῷ
3188 3701 3378 3772 Κυρίῳ
3420 3701 3602 3770 ήμῶν,
3651 3701 3719 3753 δι’
3749 3693 3808 3753 οὗ

2213 3794 2307 3845 καὶ
2333 3791 2451 3863 μεθ’
2479 3786 2539 3845 οῦ
2581 3791 2657 3861 τῷ
2685 3791 2860 3861 Πατρὶ
2893 3789 3049 3854 δόξα,
3082 3790 3198 3858 ἅμα
3225 3788 3303 3858 τῷ
3327 3789 3468 3859 ἁγίῳ
3503 3788 3807 3859 Ιινεύματι,

2214 3883 2292 3946 είς
2316 3882 2442 3943 τοὺς
2470 3880 2672 3942 αἰῶνας
2696 3878 2806 3930 τῶν
2842 3877 3074 3931 αἰώνων.
3124 3876 3316 3946 Ἀμήν.

2217 4050 2327 4106 Τοῦ
2367 4047 2552 4102 αὐτοῦ
2595 4050 2681 4121 είς
2717 4045 2833 4121 τὴν
2869 4045 3156 4121 δευτέραν
3189 4042 3563 4121 ἡμέραν-τῆς
3587 4061 3810 4121 κοσμο-

2281 4122 2500 4185 ποιίας,
2535 4120 2632 4193 καί
2665 4119 2834 4193 ῌπρὸς
2862 4116 2972 4169 τόν
2994 4115 3248 4193 ,εἰπόντα
3289 4113 3449 4193 αύτῷ
3472 4129 3486 4143 ο
3525 4113 3807 4193 Οαὺκαέδει

2283 4171 3056 4260 ημᾶίτοὺςίΧρισὲιανοῂς
3092 4183 3296 4253 λέγειν
3337 4171 3435 4235 ἐπὶ
3484 4183 3593 4236 τοῦ
3642 4184 3807 4254 ἁγιά-

2283 4255 2530 4330 σματος·
2568 4259 2774 4328 Κύριος
2805 4255 3055 4309 Σαϐαὼθ.

2287 4394 2354 4440 α’.
2389 4386 2583 4455 Ψυχῆς
2617 4383 2779 4436 πόθον
2814 4383 3018 4454 ἐγείρει
3070 4382 3205 4435 Θεοῦ
3241 4383 3397 4451 λόγος
3429 4426 3442 4448 ,
3482 4384 3578 4437 καὶ
3617 4383 3808 4453 ὥσπερ

2210 4473 2334 4526 τινὰ
2371 4473 2632 4544 λαμπάδα
2661 4473 3006 4544 περιτίθησιν
3035 4472 3168 4544 αὐτῇ
3205 4473 3304 4545 τὴν
3341 4472 3537 4544 χαρὰν,
3593 4474 3684 4527 ἵνα
3716 4474 3807 4527 καὶ

2209 4563 2334 4626 τοὺς
2365 4562 2662 4630 λογισμοὺς
2696 4560 3105 4631 λαμπρύνηται,
3132 4560 3226 4614 καὶ
3265 4563 3363 4632 τὴν
3399 4561 3644 4616 διάνοιαν
3683 4580 3808 4631 φαι-

2209 4649 2499 4721 δρύνηται,
2553 4651 2644 4703 καὶ
2676 4648 2743 4701 τὰ
2795 4649 3169 4720 ἁμαρτήματα
3199 4649 3562 4718 καθαίρηται,
3599 4652 3695 4704 καὶ
3738 4649 3809 4703 τὰ

2211 4740 2457 4808 νοήματα
2488 4737 2810 4806 φωτίζηται.
2829 4736 3085 4799 Τοιοῦτός
3105 4737 3254 4789 ἐστιν
3279 4738 3308 4788 6
3329 4735 3420 4788 τοῦ
3456 4737 3594 4789 Θεοῦ
3624 4737 3800 4805 λόγος.

2211 4827 2388 4896 Ὅπερ
2421 4827 2530 4896 γάρ
2563 4827 2707 4878 ἐστιν
2733 4826 2900 4895 ἀκόνη
2932 4824 3157 4894 σιδήρῳ,
3188 4823 3347 4877 τοῦτο
3373 4824 3507 4877 Θεοῦ
3544 4825 3705 4893 λόγος
3738 4826 3805 4894 τῇ

2207 4914 2375 4984 ψυχῇ.
2408 4915 2468 4966 'H
2497 4914 2661 4982 ἀκόνη
2692 4914 2790 4983 οὐχ
2823 4913 2881 4964 ἓν
2901 4930 2953 4964 τι
2984 4910 3268 4982 χαρίζεται
3293 4911 3371 4982 τῷ
3404 4912 3629 4984 σιδήρῳ,
3671 4911 3806 4965 ἁλλὰ

2211 5005 2426 5076 πρῶτον
2462 5002 2625 5056 αὐτὸν
2660 5001 3068 5070 παρασκευάζει
3106 5001 3416 5053 ἀποπτύσαι
3436 5001 3529 5054 τὸν
3551 5001 3659 5054 ίόν”
3688 4995 3805 5052 εἶτα

2211 5097 2386 5164 παχὺν
2416 5094 2544 5145 ὄντα
2574 5090 2847 5152 λεπτύνει,
2877 5088 3089 5158 ἀμϐλὺν
3129 5087 3258 5141 ὄντα
3290 5087 3490 5152 όξύνει,
3528 5085 3804 5139 σκοτεινὸν

2207 5185 2336 5237 ὄντα
2388 5179 2716 5251 λαμπρύνει,
2760 5178 2980 5248 σμήχει,
3027 5175 3329 5246 φαιδρύνει,
3371 5175 3572 5238 όξύνει.
3612 5173 3803 5236 Οὕτως

2206 5268 2299 5326 οὖν
2331 5274 2477 5324 ἐστιν
2507 5269 2535 5320 6
2574 5266 2667 5320 τοῦ
2715 5265 2850 5319 Θεοῦ
2896 5265 3072 5332 λόγος,
3105 5263 3275 5316 ποιῶν
3315 5263 3412 5334 τὴν
3453 5259 3634 5330 ψυχὴν
3670 5262 3802 5313 ἀπο-

2210 5363 2410 5416 πτύσαι
2448 5357 2538 5410 τὸν
2574 5357 2648 5410 ἱὸν
2686 5355 2787 5424 τῆς
2827 5353 3121 5424 ἁμαρτίας,
3148 5352 3411 5422 ἀμϐλεῖαν
3454 5344 3623 5400 οὖσαν
3677 5348 3800 5413 ὀξύ-

2209 5469 2332 5512 νων,
2359 5448 2593 5516 παχεῖαν
2620 5439 2784 5498 οὖσαν
2813 5442 3108 5507 λεπτύνων,
3136 5439 3414 5508 σκοτεινὴν
3459 5432 3626 5489 οὖσαν
3662 5436 3798 5506 λαμ-

2272 5586 2298 5624 ικ
2323 5583 2468 5646 Addit
2493 5581 2603 5646 su.
2625 5580 2753 5646 ma;
2780 5575 3246 5646 ἑτεραςᾴμριρτίαῆη
3267 5632 3304 5646 ,κ
3338 5629 3427 5646 ,μ
3447 5632 3486 5646 Α,
3530 5645 3546 5646 ἡ
3589 5634 3599 5644 .

2274 5649 2296 5676 ο
2323 5629 2584 5706 Ἧᾶψορά,
2602 5629 2772 5709 νέίαιξο
2794 5629 3164 5709 a_d'pfinl‘iﬁe~m.
3584 5632 3794 5709 ίιι

2206 5691 2548 5757 sarionﬂrécb.
2575 5691 2752 5756 ὒὶίάπὸ
2777 5691 3164 5764 τῶν’ἁναφορῶν,
3190 5694 3271 5756 qui
3297 5691 3486 5743 libello:
3509 5691 3789 5756 imperalon'

2209 5767 2483 5834 oﬂ'crebaul.
