3984 6412
174 358 276 413 437

184 478 395 522 noctem.
426 466 650 522 Noctem
671 466 886 536 quare?
926 463 1059 533 Quia
1086 472 1248 521 noctu
1272 464 1629 519 dormientem
1666 461 1763 516 ho-

182 561 374 614 minem
404 560 456 613 in
488 558 679 614 mortis
731 558 1045 613 memoriam
1099 565 1319 612 revocat
1369 555 1760 625 propemodum

182 652 399 704 dicens:
432 650 619 714 Disce,
677 650 860 715 homo,
903 649 1027 719 quid
1073 649 1168 703 sis.
1202 648 1445 704 Mortalis
1472 662 1555 713 es,
1583 646 1760 701 somni

180 742 354 793 virtuti
384 740 635 795 addictus
669 759 681 795 :
710 756 805 794 cur
846 756 908 795 ea
931 756 1048 809 qua:
1077 755 1236 807 supra
1266 751 1315 794 te
1343 748 1467 793 sunt
1504 739 1763 808 imagina-

177 833 289 888 ris?
322 832 440 886 Nox
469 833 616 887 enim
647 832 988 901 eompuuctio
1018 840 1102 886 est
1130 848 1144 886 :
1176 830 1523 900 quamobrem
1549 830 1624 883 ait
1657 829 1760 883 Da-

179 924 257 976 \‘id
292 942 304 976 :
336 924 466 990 Quae
492 924 658 977 dicitis
679 924 729 975 in
750 922 983 976 cordibus
1008 923 1203 987 vestris,
1234 922 1285 975 in
1313 922 1561 977 cubilibus
1589 922 1764 976 vestris

176 1014 571 1083 compungintini
618 1012 785 1084 (Psal.
832 1014 885 1068 4.
914 1013 992 1081 5).
1024 1013 1162 1067 Vere
1186 1016 1332 1082 jacet
1388 1014 1548 1067 homo
1577 1023 1760 1076 noctu,

179 1114 343 1167 neque
375 1106 641 1163 mortuus,
691 1113 864 1167 neque
892 1098 1065 1152 vivus.
1096 1099 1374 1167 interroga
1409 1098 1718 1153 hmreticum
1746 1115 1759 1150 :

177 1190 305 1255 Quid
340 1190 461 1243 est?
518 1190 741 1244 vivusne
777 1204 844 1243 an
898 1190 1180 1243 mortuus?
1208 1188 1265 1244 Si
1296 1190 1512 1253 dixerit,
1551 1189 1715 1243 Vivus
1745 1230 1759 1255 ,

178 1296 372 1350 repone
402 1280 478 1334 illi
507 1298 518 1331 :
546 1280 654 1334 Cur
684 1295 813 1349 ergo
841 1295 943 1335 nec
986 1280 1269 1349 loquentes
1296 1294 1396 1335 nec
1425 1280 1763 1336 ambulantes

178 1372 371 1427 sentit?
402 1372 458 1425 Si
489 1371 706 1435 dixerit,
738 1371 998 1432 Mortuus.
1032 1380 1085 1425 tu
1112 1371 1276 1426 dicito
1300 1388 1313 1424 :
1337 1370 1617 1438 Quomodo
1634 1385 1762 1439 ergo

177 1463 443 1531 respirat?
497 1460 641 1532 quod
691 1461 835 1516 enim
873 1461 1138 1531 respirat,
1189 1477 1295 1516 non
1345 1470 1427 1517 est
1456 1470 1758 1515 mortuum:

177 1558 310 1625 quod
344 1574 450 1610 non
490 1556 677 1621 sentit,
706 1572 812 1610 non
838 1565 923 1610 est
946 1556 1122 1610 vivum
1150 1573 1162 1607 :
1192 1557 1422 1623 teipsum
1448 1571 1551 1607 non
1585 1554 1759 1617 vides,

177 1650 261 1701 sed
291 1664 411 1717 qua:
432 1663 600 1716 supra
630 1657 678 1699 te
705 1656 830 1700 sunt
869 1647 1199 1715 imaginaris.
1234 1646 1429 1699 Verum
1459 1644 1575 1699 btec
1630 1645 1761 1698 satis

176 1741 309 1792 circa
343 1740 575 1807 primam
602 1737 744 1791 diem
785 1736 925 1792 dicta
950 1738 1074 1791 sint.
1105 1737 1265 1791 Venit
1294 1738 1489 1806 quippe
1512 1750 1758 1804 vespera,

177 1841 227 1883 ut
250 1832 412 1885 etiam
443 1830 553 1883 illic
576 1844 694 1898 qua:
718 1828 783 1881 ad
798 1830 1026 1899 primam
1054 1829 1195 1883 diem
1216 1836 1460 1897 spectant
1483 1828 1756 1891 desinunt,

177 1932 221 1976 ct
249 1937 344 1990 pro
374 1921 651 1985 facuitate,
680 1922 781 1975 etsi
819 1918 1111 1989 profundos
1131 1934 1340 1987 sensus,
1378 1920 1761 1988 explicavimus

178 2024 367 2068 tamen.
406 2013 577 2067 Porro
607 2011 843 2068 ﬁdelium
870 2019 958 2066 est
989 2010 1132 2066 dicta
1158 2011 1465 2081 explorare,
1494 2022 1551 2069 et
1583 2013 1757 2071 histo-

176 2106 297 2159 riam
316 2105 638 2175 disquirere.

240 2197 291 2249 7.
342 2196 614 2265 Jejunium
667 2199 915 2266 quontodo
960 2200 1371 2269 sancti/iocatus;
1422 2202 1764 2272 jejunandun'.

176 2288 391 2341 maxime
416 2305 448 2340 a
472 2290 707 2357 peccatis.
736 2319 805 2328 —
826 2289 937 2345 Nos
956 2300 1133 2345 autem
1164 2293 1300 2346 sacri
1320 2292 1509 2362 jejuuii
1539 2293 1760 2361 alumni,

176 2390 223 2433 et
252 2382 301 2433 in
329 2382 656 2435 abstinentia
675 2396 929 2450 corporea
955 2383 1159 2438 deliciis
1178 2384 1415 2439 fruentes
1434 2385 1757 2450 οωιεειὶδιιε,

175 2482 412 2525 sanctum
454 2473 714 2541 jejunium
760 2488 979 2527 servare
1016 2490 1275 2528 conemur
1321 2492 1335 2529 :
1387 2475 1753 2543 Sanctiﬁcate,

176 2562 374 2631 inquit,
397 2564 659 2630 jejunium
689 2561 844 2631 (Joel.
873 2564 926 2616 1.
959 2564 1069 2632 14).
1102 2564 1279 2619 Nosne
1308 2566 1434 2619 illud
1461 2566 1761 2621 sanctiﬁca-

174 2667 321 2718 mus,
353 2653 512 2705 anah
559 2653 649 2707 illo
678 2653 1109 2707 sanctiﬁcamur?
1146 2655 1337 2709 Verum
1386 2656 1437 2709 id
1466 2656 1593 2710 dicit
1641 2672 1762 2725 pro-

175 2743 350 2813 pheta,
376 2752 436 2797 ut
458 2743 587 2797 illud
614 2754 853 2797 sanctum
883 2745 1265 2799 custodiamus.
1298 2746 1759 2811 Quemadmodum

176 2835 311 2887 enim
360 2849 481 2888 cum
531 2835 799 2901 precando
862 2835 1125 2901 dicimus,
1175 2837 1537 2903 Sanctiﬁcetur
1583 2854 1763 2891 nomen

174 2932 307 2977 tuum
336 2923 549 2995 (Matth.
582 2925 632 2978 6.
660 2926 710 2978 9.
732 2926 962 2993 H),non
989 2942 1086 2996 pro
1110 2929 1322 2982 nomine
1336 2928 1451 2997 ejus
1484 2943 1765 2997 prccanmr

175 3016 391 3083 (nomen
420 3015 617 3084 quippe
644 3017 758 3084 ejus
788 3018 967 3071 omnia
1009 3020 1353 3089 sanctilicat),
1397 3022 1491 3075 sed
1523 3023 1641 3088 quia
1678 3038 1764 3075 uo-

174 3120 292 3160 men
324 3107 446 3175 ejus
475 3108 774 3160 invocatum
802 3118 886 3162 est
916 3124 1077 3177 super
1104 3125 1199 3164 nos
1222 3109 1533 3180 (Christiani
1561 3115 1703 3167 enim
1732 3129 1763 3167 a

173 3198 387 3255 Christo
414 3198 682 3267 dicimur),
710 3199 817 3266 ait,
849 3199 1054 3254 Nomen
1085 3210 1230 3255 tuum
1262 3204 1313 3256 in
1345 3204 1498 3258 nobis
1530 3204 1763 3258 sanctiﬁ-

173 3300 342 3343 cetur.
378 3290 534 3357 Apud
566 3298 807 3344 sanctum
860 3292 1002 3345 enim
1045 3294 1221 3346 omnia
1269 3303 1453 3347 sancta
1482 3302 1648 3347 sunt:
1694 3294 1765 3349 ad

174 3381 339 3434 Deum
388 3382 585 3448 quippe
625 3381 755 3434 nihil
801 3396 905 3436 non
959 3394 1198 3438 sanctum
1244 3385 1450 3439 accedit
1490 3402 1503 3438 :
1548 3396 1764 3440 sanctus

179 3474 312 3527 enim
364 3474 507 3526 Deus
554 3484 670 3536 cst,
715 3475 767 3527 in
814 3477 1015 3530 sanctis
1064 3478 1367 3544 quiescens.
1410 3479 1547 3546 Quin
1603 3480 1763 3533 etiam

173 3564 360 3617 ca'lum
403 3564 521 3631 ejus
566 3575 806 3617 sanctum
838 3574 920 3619 est
962 3583 974 3617 :
1026 3582 1145 3621 nam
1199 3566 1454 3622 Exaudiet
1502 3571 1650 3623 illum
1704 3573 1767 3625 de

173 3655 292 3705 cwlo
310 3663 489 3705 sancto
507 3671 595 3706 suo
612 3653 775 3725 (Psal.
799 3656 965 3725 19.7).
997 3658 1179 3727 Angcli
1194 3674 1405 3727 quoque
1420 3662 1616 3714 sancti:
1637 3661 1765 3716 Cum

175 3745 355 3795 venerit
385 3742 557 3796 Filius
580 3746 796 3798 hominis
822 3747 874 3799 in
899 3748 1062 3817 gloria
1091 3764 1183 3800 sua
1207 3765 1321 3801 cum
1348 3752 1535 3805 sanctis
1572 3752 1767 3822 angelis

172 3836 271 3887 suis
301 3834 497 3903 (Marc.
528 3835 581 3889 8.
612 3836 726 3905 38).
756 3837 925 3891 Terra
954 3840 1005 3893 in
1034 3857 1138 3909 qua
1172 3842 1259 3895 Dei
1311 3842 1485 3897 cultus
1530 3858 1713 3899 sancta
1752 3866 1763 3901 :

174 3924 235 3978 Et
264 3927 433 3991 volet,
488 3926 690 3995 inquit,
734 3940 949 3982 evertere
992 3940 1338 3985 testamentum
1388 3950 1541 4004 super
1582 3946 1767 3989 (errant

172 4032 399 4072 sanctam
430 4021 558 4097 ejus.
585 4019 651 4073 Et
677 4020 858 4073 Davidi
890 4022 1010 4074 aula
1032 4033 1213 4076 sancta
1246 4034 1327 4078 est
1358 4046 1369 4077 :
1404 4028 1627 4080 Adorate
1652 4027 1765 4079 Do-

174 4112 362 4162 minum
391 4111 445 4161 in
476 4109 599 4162 aula
618 4120 792 4163 sancta
810 4111 918 4181 ejus
948 4111 1115 4182 (l’sal.
1144 4115 1230 4168 95.
1257 4115 1333 4185 9).
1372 4117 1521 4171 Idem
1556 4134 1766 4187 quoque

172 4200 419 4266 templum
452 4208 683 4252 sanctum
729 4200 898 4255 dicit:
942 4219 1063 4256 nam
1106 4204 1355 4258 Sanctum
1403 4217 1473 4260 est
1524 4211 1767 4275 templum

173 4300 333 4355 tuum,
358 4290 591 4343 mirabile
615 4292 667 4344 in
695 4293 926 4361 wquitate
952 4292 1067 4365 (Ps.
1100 4297 1188 4348 64.
1214 4297 1265 4350 5.
1292 4298 1372 4365 ii).
1394 4295 1531 4353 Oves
1554 4316 1767 4368 quoque

174 4383 401 4436 rationis
433 4390 684 4450 expertes
705 4423 719 4447 ,
770 4399 887 4452 quae
918 4392 1042 4439 tunc
1078 4386 1510 4451 itmnolabantur,
1567 4401 1766 4443 δειηιτιιυ

172 4484 324 4527 erant
356 4492 368 4525 ε
411 4472 480 4526 Ut
510 4490 654 4539 oves,
691 4474 859 4544 inquit
884 4516 898 4539 ,
930 4486 1118 4529 sancta:
1142 4478 1192 4529 in
1226 4478 1508 4533 Jerusalem
1549 4480 1764 4549 (Ezeclt.

173 4564 257 4616 36.
289 4564 401 4632 58).
445 4563 846 4617 Testamentum
890 4582 1101 4635 quoque
1138 4578 1421 4622 sanctum:
1470 4570 1535 4623 Et
1576 4574 1765 4640 conﬁr-

172 4655 323 4707 mabit
349 4672 468 4709 cum
514 4657 685 4709 multis
712 4666 1057 4711 testamentum
1082 4673 1311 4713 sanctum
1344 4679 1487 4715 suum
1520 4663 1682 4729 (Dan.
1709 4668 1761 4720 9.

170 4750 281 4818 27).
320 4749 463 4803 Urbs
486 4750 597 4818 ipsa
625 4766 833 4820 quoque
864 4761 1045 4805 sancta
1073 4753 1348 4807 dicebatur
1376 4771 1389 4807 :
1419 4754 1487 4807 Et
1512 4773 1662 4824 super
1690 4760 1765 4810 ci-

171 4842 373 4893 vitatem
396 4853 627 4893 sanctam
670 4852 870 4911 patrum
896 4854 1181 4897 nostrorum
1206 4844 1491 4900 Jerusalem
1521 4847 1681 4918 (Ibid.
1715 4869 1763 4905 v.

171 4932 281 5000 24).
306 4930 451 4985 Nihil
480 4931 675 4999 quippe
704 4948 807 4987 non
830 4946 1068 4987 sanctum
1092 4936 1299 4990 accedit
1328 4938 1394 4992 ad
1426 4938 1611 4993 Deum.
1642 4941 1767 4995 Ideo

174 5024 245 5076 ait
271 5022 474 5076 Paulus
506 5038 516 5072 :
550 5021 615 5073 Et
657 5025 1074 5090 sanctimoniam,
1106 5028 1214 5079 sine
1251 5044 1351 5093 qua
1396 5046 1538 5081 nemo
1583 5031 1764 5084 videbit

172 5114 334 5166 Deum
354 5111 539 5179 (Hebr.
573 5111 656 5165 12.
682 5115 794 5182 14).
827 5115 1191 5185 Jejunavimus
1219 5134 1247 5171 a
1276 5134 1409 5187 pane
1431 5136 1443 5183 ;
1463 5120 1767 5189 jejunemus

172 5207 321 5261 etab
364 5206 667 5274 iniquitate.
715 5206 828 5261 Non
856 5209 1091 5264 comedis
1140 5214 1371 5278 panem?
1400 5212 1475 5265 Ne
1516 5214 1765 5267 comedas

172 5311 365 5353 carnes
397 5312 717 5366 pauperum,
754 5314 818 5353 ne
844 5300 910 5355 de
942 5311 992 5356 te
1018 5318 1232 5372 quoque
1274 5304 1415 5357 dicat
1445 5306 1582 5359 Deus
1618 5325 1629 5359 :
1668 5306 1766 5371 Qui

172 5393 413 5446 devorant
435 5391 626 5461 plebem
655 5408 815 5445 meam
843 5395 895 5445 in
920 5397 1028 5448 cibo
1056 5398 1203 5466 panis
1234 5395 1402 5467 (Psal.
1436 5398 1521 5451 15.
1545 5397 1621 5468 Δ).
1650 5398 1763 5451 Non

174 5486 309 5540 bibis
335 5485 559 5539 vinum?
589 5485 662 5538 Ne
690 5484 837 5539 furor
869 5487 1098 5542 inebriet
1127 5498 1205 5552 te,
1243 5506 1308 5543 ne
1338 5489 1524 5543 audias
1544 5505 1573 5542 a
1606 5490 1764 5559 legis-

174 5576 341 5631 latore
374 5596 387 5631 :
440 5576 607 5631 Furor
638 5578 738 5631 illis
777 5579 1051 5631 secundum
1090 5581 1473 5635 similitudinem
1518 5584 1763 5650 serpentis

176 5666 344 5736 (Psal.
375 5668 463 5723 57.
508 5670 601 5739 5);
648 5684 711 5723 ac
739 5685 989 5731 rursum,
1044 5670 1219 5725 Furor
1263 5675 1541 5727 draconum
1594 5676 1762 5726 vinum

172 5774 343 5812 eorum
372 5760 549 5833 (Deut.
580 5762 667 5815 32.
715 5764 826 5831 55).
850 5762 979 5817 Cum
1019 5765 1160 5817 enim
1196 5778 1483 5835 pauperem
1508 5765 1761 5823 amixeris

1236 346 1325 403 DE
1362 344 1580 403 MUNDI
1616 342 2009 402 CREATIONE
2046 342 2304 401 ORATIO
2335 343 2397 399 ll.

3340 368 3454 425 438

1873 462 1944 516 ita
1971 469 2031 516 ut
2065 461 2414 532 ingemiscat,
2447 458 2493 515 is
2517 459 2657 528 apud
2704 459 2869 515 Deum
2900 460 3148 517 inventus
3175 468 3259 516 est
3282 474 3464 515 come-

1871 552 2005 607 dens
2034 567 2226 622 panem
2254 553 2634 621 lacrymarum.
2670 549 2900 621 Ideoque
2920 552 2997 607 ait
3024 552 3162 607 Deus
3198 569 3211 605 :
3250 551 3464 622 Opem-

1872 644 1999 698 batt's
2034 644 2269 713 lacrymis
2308 643 2471 697 altare
2512 659 2677 697 meum
2708 641 2961 713 (Malaclt.
3012 643 3067 696 2.
3106 641 3217 714 15).
3261 642 3463 712 Repre-

1872 735 2130 790 henditne
2155 749 2283 805 ergo
2324 734 2465 789 Deus
2490 748 2585 789 eos
2612 734 2702 804 qui
2732 734 3005 805 plorarent
3046 733 3110 788 ad
3137 734 3307 790 altare
3326 778 3343 801 ,
3370 734 3462 803 qui

1872 826 2028 889 dicit,
2073 826 2409 889 Sacerdotes,
2456 827 2675 891 intrate,
2707 837 2753 880 et
2801 826 2998 896 plorata
3033 826 3192 895 (loel.
3234 828 3285 880 1.
3334 826 3460 895 13)?

1876 920 2069 973 Verum
2097 917 2442 988 reprehendit
2466 935 2588 983 eos,
2619 935 2724 974 non
2755 920 2895 990 quod
2924 919 3151 986 ﬁerent,
3192 919 3286 975 sed
3318 920 3459 989 quod

1872 1011 1904 1063 ii
1938 1011 2025 1079 qui
2055 1010 2302 1079 injuriam
2330 1012 2464 1078 passi
2496 1018 2677 1065 essent
2696 1052 2710 1076 ,
2734 1009 2917 1080 pupilli
2942 1019 2996 1065 et
3016 1010 3190 1064 vidum
3211 1049 3226 1074 ,
3262 1010 3367 1063 illic
3393 1008 3460 1062 ad

1870 1100 2041 1154 altare
2069 1100 2452 1169 supplicarent.
2485 1100 2659 1170 thue
2684 1100 2929 1155 ostendat
2950 1115 3007 1155 se
3034 1099 3100 1154 de
3121 1099 3224 1155 illis
3250 1114 3462 1154 sermo-

1872 1206 1993 1245 nem
2025 1191 2257 1256 habere,
2285 1192 2591 1260 subjuuxit:
2620 1190 2683 1244 In
2709 1193 2859 1260 ﬂetu,
2910 1200 2955 1243 et
3006 1190 3244 1259 planctu,
3297 1202 3343 1242 et
3368 1188 3463 1241 do-

1870 1282 1976 1334 lore
2008 1281 2165 1351 (Joel.
2189 1281 2242 1334 2.
2277 1282 2344 1335 12
2374 1282 2413 1351 ).
2466 1282 2687 1350 Insuper
2733 1296 2945 1351 mquum
2975 1291 3057 1336 est
3082 1291 3140 1336 ut
3163 1281 3230 1335 ad
3258 1282 3461 1335 hostias

1870 1381 2081 1427 nostras
2105 1374 2341 1426 animum
2370 1373 2740 1426 adhibeamus.
2774 1372 3097 1441 Proponitur
3120 1387 3247 1442 ergo
3277 1386 3460 1425 mensa

1868 1461 2060 1513 animae
2080 1500 2093 1524 ,
2126 1476 2319 1531 nempe
2351 1462 2440 1514 Dei
2469 1462 2713 1515 verbum.
2756 1460 2963 1531 Corpus
2986 1461 3194 1529 jejunio
3226 1460 3464 1515 sanctiﬁ-

1868 1560 2040 1617 catur,
2064 1552 2239 1606 anima
2259 1553 2377 1605 cibo
2398 1568 2589 1621 expers
2610 1554 2992 1621 corrumpitur.
3026 1552 3240 1608 Utinam
3267 1566 3463 1620 corpus

1852 1644 2073 1721 Ajcjunet
2099 1660 2127 1697 a
2162 1645 2393 1713 peccatis
2414 1685 2431 1712 ,
2456 1646 2629 1699 anima
2654 1660 2783 1700 vero
2809 1646 2861 1699 in
2884 1644 3078 1699 divinis
3115 1643 3455 1698 documentis

1868 1736 2209 1792 conviveturl
2242 1736 2358 1793 Non
2402 1748 2555 1808 potes
2580 1737 2865 1793 comedere
2886 1753 3075 1807 panem
3119 1737 3357 1804 Christi,
3406 1746 3463 1792 et

1869 1844 2058 1897 panem
2089 1829 2445 1901 lacrymarum
2472 1871 2485 1893 ,
2512 1839 2568 1883 ut
2597 1831 2670 1883 ait
2696 1828 2890 1884 Paulus
2922 1846 2932 1881 :
2968 1828 3090 1882 Non
3112 1830 3316 1898 potestis
3341 1845 3461 1898 par-

1868 1920 2042 1989 ticipes
2072 1937 2179 1974 esse
2223 1938 2407 1975 mensa:
2436 1920 2623 1976 Christi
2645 1961 2658 1986 ,
2682 1930 2726 1975 et
2754 1935 2937 1974 mensa:
2979 1919 3342 1977 dtemouiorunt
3381 1918 3425 1984 ll
3444 1958 3457 1971 .

1866 2010 1985 2066 Cor.
2012 2012 2098 2066 10.
2118 2011 2232 2081 21).
2256 2014 2421 2069 Debet
2446 2028 2571 2083 ergo
2588 2013 2632 2068 is
2650 2014 2735 2083 qui
2759 2012 2964 2083 jejunat
2981 2012 3247 2068 abstinere
3268 2028 3298 2065 a
3315 2012 3457 2078 cibu,

1866 2103 1959 2158 sed
1998 2105 2261 2173 prmcipue
2283 2120 2313 2159 a
2350 2106 2601 2174 peccatis.
2638 2105 2847 2159 Etenim
2878 2104 3051 2172 angeli
3098 2103 3335 2173 quotidie
3365 2118 3459 2156 no-

1869 2204 2016 2260 tant,
2062 2197 2179 2264 quis
2209 2196 2547 2264 proposuerit
2589 2196 2860 2250 abstinete
2900 2195 2969 2249 ab
3010 2194 3261 2258 avaritia,
3310 2203 3397 2247 aut
3427 2208 3457 2246 a

1866 2283 2239 2347 fornicatione,
2276 2295 2369 2340 aut
2390 2286 2455 2340 ab
2487 2286 2781 2355 iniquitate.
2816 2285 2940 2339 llzec
2958 2284 3151 2354 quippe
3177 2284 3378 2353 jejunia
3406 2292 3461 2338 et

1863 2376 2039 2443 angeli
2091 2376 2464 2443 perscribunt,
2516 2386 2571 2429 ct
2612 2377 2749 2429 Deus
2796 2377 2845 2427 in
2892 2374 3143 2428 thesauro
3195 2371 3455 2428 recondit.

1866 2467 2324 2533 Quemadmodum
2353 2469 2493 2522 enim
2513 2510 2525 2530 ,
2553 2467 2743 2522 fratres
2764 2508 2777 2530 ,
2804 2467 2879 2520 illi
2912 2467 3007 2519 viri
3040 2466 3275 2535 primarii
3308 2464 3397 2535 qui
3427 2480 3457 2518 a

1866 2560 2061 2615 libellis
2091 2560 2417 2629 supplicibus
2439 2570 2562 2613 sunt
2584 2560 2896 2629 Imperatori
2923 2569 3115 2613 cuncta
3146 2558 3417 2613 declarant
3442 2575 3454 2611 :

1865 2653 1943 2706 sic
1969 2661 2021 2705 et
2051 2653 2223 2721 angeli
2253 2668 2314 2707 ea
2342 2668 2459 2721 qua:
2489 2652 2621 2706 ﬁunt
2649 2652 2825 2706 omnia
2857 2651 2966 2705 Deo
2990 2650 3314 2720 signiﬁcant,
3352 2663 3457 2703 non

1867 2746 2201 2813 ignorantem
2230 2744 2490 2799 docentes
2512 2784 2527 2809 ,
2552 2744 2645 2799 sed
2678 2744 3015 2799 ministrandi
3046 2744 3288 2800 ordinem
3319 2758 3462 2798 erea-

1868 2848 2003 2893 tura:
2032 2839 2336 2908 implentes.
2372 2840 2480 2906 ligo
2526 2838 2833 2893 sexcenties
2877 2838 3170 2893 beatiorem
3205 2836 3461 2905 praedica-

1867 2930 2036 2982 vcrim
2095 2930 2505 2995 comedentem,
2554 2945 2710 2997 quam
2771 2929 3102 2997 jejunantem
3169 2938 3224 2982 et
3280 2927 3462 2996 iniquo

1867 3030 2134 3091 agentem.
2170 3022 2291 3074 Ilmc
2319 3021 2441 3075 dico
2463 3063 2477 3084 ,
2529 3036 2632 3074 non
2658 3021 2917 3089 jejunium
2946 3020 3156 3073 solvens
3176 3058 3190 3082 ,
3222 3016 3315 3072 sed
3345 3018 3461 3086 pie-

1870 3122 2032 3166 tatem
2062 3112 2375 3181 prtcdicans.
2429 3112 2540 3165 Non
2584 3112 2725 3165 enim
2767 3109 3053 3165 comedere
3096 3110 3322 3173 malum,
3365 3107 3459 3163 sed

1870 3218 2093 3273 peccare
2137 3218 2357 3273 pravum
2387 3213 2497 3267 est,
2543 3202 2992 3273 quemadmodum
3038 3202 3167 3255 dicit
3214 3202 3353 3256 Deus
3394 3200 3462 3255 de

1863 3293 2009 3361 justo
2033 3293 2263 3362 quodam
2295 3310 2307 3345 :
2340 3292 2496 3345 Pater
2518 3303 2631 3346 tuus
2663 3309 2828 3345 nonne
2854 3294 3109 3358 comedit,
3140 3301 3186 3345 et
3225 3292 3461 3344 volunta-

1872 3397 1968 3438 tem
1991 3402 2153 3439 meam
2183 3387 2298 3457 fecit
2330 3385 2511 3457 (Zacli.
2548 3386 2601 3440 8.
2655 3385 2742 3455 19)
2767 3386 2789 3437 Υ
2821 3385 2908 3439 Sic
2930 3396 2982 3439 et
3008 3384 3131 3438 alibi
3160 3402 3173 3436 :
3201 3383 3463 3453 Jejuniunt

1870 3489 2105 3548 quartum
2127 3520 2141 3545 ,
2168 3488 2213 3532 et
2232 3480 2487 3549 jejunium
2515 3479 2745 3546 quintum
2771 3518 2785 3541 ,
2816 3488 2862 3530 et
2881 3478 3139 3545 jejunium
3170 3476 3419 3530 decimum
3443 3517 3459 3541 ,

1871 3570 1961 3622 erit
1988 3570 2124 3622 vobis
2165 3570 2218 3621 in
2247 3569 2488 3637 gaudium
2533 3568 2655 3620 etin
2698 3568 2925 3621 la'titiam
2955 3576 3001 3618 et
3042 3567 3095 3618 in
3126 3566 3462 3618 solemuitatcs

1873 3660 2049 3723 bonas,
2079 3668 2123 3712 et
2150 3659 2407 3712 veritatem
2434 3658 2647 3728 diligite.
2674 3656 2780 3712 Sed
2810 3656 2983 3711 illuxit
3009 3656 3098 3709 lux
3125 3657 3339 3711 sensilis
3358 3700 3373 3721 ,
3405 3666 3463 3709 ut

1874 3750 2004 3805 lucis
2035 3747 2225 3819 Opifex
2264 3748 2666 3817 praedicaretur.
2695 3746 2924 3801 Advenit
2945 3761 3168 3815 vespera
3200 3745 3307 3800 diei
3342 3760 3464 3801 cur-

1872 3857 1991 3897 sum
2022 3841 2333 3910 obsignans.
2354 3839 2559 3893 Bonum
2592 3838 2933 3908 principium,
2972 3838 3091 3891 ﬁnis
3114 3836 3357 3891 addatur.
3386 3836 3464 3890 Ne

1874 3933 2013 3987 male
2040 3931 2299 4001 repellas,
2338 3930 2430 3984 sed
2465 3929 2589 3984 audi
2615 3929 2865 3984 Davidcm
2900 3948 2911 3983 :
2945 3928 3011 3982 1η
3046 3928 3231 3998 ﬁnem,
3261 3945 3322 3983 ne
3352 3946 3463 3983 cor-

1873 4046 2081 4097 rumpas
2104 4027 2270 4096 (Psal.
2306 4028 2393 4080 74.
2421 4024 2635 4095 titulus).
2654 4026 2793 4078 Deus
2828 4034 3004 4077 autem
3030 4024 3160 4077 lucis
3190 4024 3345 4092 hujus
3366 4038 3464 4076 vos

1872 4135 2059 4173 omnes
2088 4118 2374 4182 illuminct,
2405 4117 2565 4171 verbo
2586 4157 2599 4179 ,
2619 4116 2767 4184 lege.
2800 4114 2922 4173 ﬁde.
2954 4114 3062 4181 just
3084 4116 3173 4178 tia,
3193 4116 3460 4179 Custitalt‘,

1874 4213 1924 4266 in
1956 4210 2167 4265 Christo
2206 4210 2331 4263 Jesu
2367 4208 2589 4261 Domino
2619 4216 2801 4260 nostro
2823 4246 2837 4271 ,
2875 4222 2966 4273 [)11'
2996 4221 3151 4273 quem
3172 4215 3226 4260 et
3248 4206 3462 4274 quicum

1876 4304 2017 4358 Patri
2057 4304 2258 4373 gloria,
2292 4301 2449 4354 simul
2496 4315 2615 4354 cum
2657 4298 2857 4368 Spiritu
2901 4306 3121 4365 s:u.cto,
3170 4297 3221 4351 in
3268 4297 3463 4352 saecula

1874 4397 2210 4450 saeculorum.
2242 4397 2431 4447 Amen.

1876 4488 2117 4557 Ejusdem
2146 4489 2197 4539 in
2225 4486 2500 4539 secundum
2532 4486 2661 4538 diem
2688 4486 2955 4539 creationis
2976 4526 2989 4547 ,
3016 4492 3061 4537 et
3085 4483 3324 4535 adversus
3350 4497 3464 4535 eum

1944 4580 2028 4649 qui
2079 4578 2170 4631 sibi
2217 4577 2451 4642 dixerat,
2501 4592 2600 4629 non
2623 4586 2851 4643 oportere
2899 4592 2988 4628 nos
3043 4573 3357 4628 Christianos
3408 4575 3463 4626 iu

1943 4668 2344 4734 sanctiﬁcatione
2374 4667 2567 4729 dicere,
2597 4666 2733 4719 Deus
2772 4664 3025 4717 Sabaoth.

1947 4763 1996 4815 1.
2033 4760 2268 4829 Efﬁcacia
2290 4758 2423 4812 verbi
2457 4758 2629 4810 divini.
2660 4757 2973 4810 Abstinentia
2999 4766 3157 4810 mater
3192 4757 3290 4825 piw
3317 4772 3463 4810 men-

1876 4853 1956 4905 tis.
1986 4881 2055 4891 —
2088 4850 2262 4903 Animi
2292 4848 2621 4903 desiderium
2664 4850 2861 4903 excitat
2914 4848 3127 4903 divinus
3170 4862 3377 4913 sermo,
3409 4858 3464 4902 et

1873 4942 2021 5011 quasi
2047 4943 2317 4995 lucernam
2345 4940 2633 5009 quamdam
2670 4940 2769 5008 ipsi
2800 4939 3047 5007 gaudium
3074 4940 3425 5007 circumponit
3446 4981 3460 5002 ,

1876 5043 1930 5087 ut
1974 5042 2028 5087 et
2056 5033 2333 5087 ratiocinia
2369 5032 2631 5096 illustret,
2664 5042 2717 5085 et
2765 5040 3000 5084 mentem
3051 5031 3351 5095 exhilaret,
3409 5041 3463 5084 et

1876 5134 2093 5192 peccata
2146 5124 2451 5192 abstergat,
2496 5131 2550 5177 et
2603 5136 2760 5176 sensa
2807 5122 3088 5175 illuminet.
3147 5120 3460 5191 Hujusmodi

1872 5227 1956 5271 est
2006 5217 2095 5271 Dei
2132 5232 2332 5271 sermo.
2367 5216 2497 5269 Nam
2544 5215 2685 5288 quod
2712 5230 2804 5269 cos
2832 5214 3005 5279 ferro,
3063 5213 3114 5267 id
3146 5215 3336 5267 animm
3368 5214 3462 5267 Dei

1874 5323 2069 5363 sermo.
2095 5308 2200 5362 Cos
2230 5323 2335 5361 non
2365 5323 2527 5362 unam
2548 5307 2721 5361 solum
2751 5321 2863 5359 rem
2888 5306 3030 5359 ferro
3060 5306 3265 5359 confert
3296 5322 3309 5357 :
3339 5320 3462 5357 nam

1874 5400 2047 5469 primo
2070 5400 2239 5468 ipsum
2270 5408 2554 5469 praeparat,
2588 5408 2645 5451 ut
2665 5400 2961 5469 rubiginem
2991 5408 3237 5465 respuat:
3268 5398 3463 5451 deinde

1874 5507 2112 5545 crassum
2144 5502 2428 5555 extenuat,
2463 5493 2708 5547 obtusum
2741 5492 2916 5555 acuit,
2960 5490 3244 5543 obscurum
3291 5491 3466 5544 reddit

1874 5582 2103 5636 lucidum
2129 5625 2141 5645 ,
2172 5585 2470 5637 abstersum
2494 5626 2508 5648 ,
2538 5583 2792 5647 nitidum,
2825 5592 3057 5635 acutum.
3090 5580 3178 5635 Sic
3203 5596 3261 5635 se
3301 5580 3461 5636 habet

1874 5674 1967 5726 Dei
2008 5688 2185 5727 sermo
2213 5693 2224 5726 :
2254 5673 2415 5727 efﬁcit
2448 5682 2503 5727 ut
2551 5674 2723 5726 anima
2778 5674 3073 5741 rubiginem
3124 5675 3321 5742 peccati
3369 5691 3455 5726 re-

1878 5774 2052 5835 spuat,
2095 5768 2337 5822 obtusum
2367 5766 2509 5820 illam
2534 5768 2690 5833 acuit,
2725 5780 2955 5820 crassam
2990 5767 3235 5822 subtilem
3263 5765 3457 5830 reddit,
