  <div class='ocr_page' id='page_1' title='image "/cluster/home/n/w/nwhite01/storage/ocr_20150623/56/ien.35556001660836/435.png"; bbox 0 0 3984 6478; ppageno 0'>
   <div class='ocr_carea' id='block_1_1' title="bbox 442 488 558 544">
    <p class='ocr_par' dir='ltr' id='par_1_1' title="bbox 442 488 558 544">
     <span class='ocr_line' id='line_1_1' title="bbox 442 488 558 544; baseline -0.009 0"><span class='ocrx_word' id='word_1_1' title='bbox 442 488 558 544; x_wconf 85' lang='grc'><strong>439</strong></span> 
     </span>
    </p>
   </div>
   <div class='ocr_carea' id='block_1_2' title="bbox 444 549 2030 647">
    <p class='ocr_par' dir='ltr' id='par_1_2' title="bbox 444 549 2030 647">
     <span class='ocr_line' id='line_1_2' title="bbox 444 549 2030 647; baseline -0.028 -5"><span class='ocrx_word' id='word_1_2' title='bbox 444 590 727 641; x_wconf 74' lang='lat' dir='ltr'><strong>obscuram</strong></span> <span class='ocrx_word' id='word_1_3' title='bbox 768 572 1055 647; x_wconf 78' lang='lat' dir='ltr'><strong>splendore</strong></span> <span class='ocrx_word' id='word_1_4' title='bbox 1105 566 1288 623; x_wconf 85' lang='lat' dir='ltr'><strong>afficit.</strong></span> <span class='ocrx_word' id='word_1_5' title='bbox 1338 559 1461 615; x_wconf 70' lang='lat' dir='ltr'><strong>Vult</strong></span> <span class='ocrx_word' id='word_1_6' title='bbox 1504 564 1682 611; x_wconf 90' lang='lat' dir='ltr'><strong>autem</strong></span> <span class='ocrx_word' id='word_1_7' title='bbox 1727 549 1823 606; x_wconf 85' lang='lat' dir='ltr'><strong>Dei</strong></span> <span class='ocrx_word' id='word_1_8' title='bbox 1851 558 2030 602; x_wconf 82' lang='lat' dir='ltr'><strong>sermo</strong></span> 
     </span>
    </p>
   </div>
   <div class='ocr_carea' id='block_1_3' title="bbox 446 636 2030 745">
    <p class='ocr_par' dir='ltr' id='par_1_3' title="bbox 446 636 2030 745">
     <span class='ocr_line' id='line_1_3' title="bbox 446 636 2030 745; baseline -0.029 -11"><span class='ocrx_word' id='word_1_9' title='bbox 446 693 546 734; x_wconf 90' lang='lat' dir='ltr'><strong>uos</strong></span> <span class='ocrx_word' id='word_1_10' title='bbox 570 636 876 745; x_wconf 83' lang='lat' dir='ltr'><strong>splendidos</strong></span> <span class='ocrx_word' id='word_1_11' title='bbox 905 679 1025 720; x_wconf 85' lang='lat' dir='ltr'><strong>esse</strong></span> <span class='ocrx_word' id='word_1_12' title='bbox 1051 656 1344 717; x_wconf 88' lang='lat' dir='ltr'><strong>secundum</strong></span> <span class='ocrx_word' id='word_1_13' title='bbox 1366 645 1606 720; x_wconf 79' lang='lat' dir='ltr'><strong>Apostoli</strong></span> <span class='ocrx_word' id='word_1_14' title='bbox 1626 643 1871 699; x_wconf 79' lang='lat' dir='ltr'><strong>allectum</strong></span> <span class='ocrx_word' id='word_1_15' title='bbox 1903 639 1919 669; x_wconf 85' lang='grc'>¹</span> <span class='ocrx_word' id='word_1_16' title='bbox 1945 636 2030 691; x_wconf 84' lang='lat' dir='ltr'><strong>di-</strong></span> 
     </span>
    </p>
   </div>
   <div class='ocr_carea' id='block_1_4' title="bbox 449 728 2034 825">
    <p class='ocr_par' dir='ltr' id='par_1_4' title="bbox 449 728 2034 825">
     <span class='ocr_line' id='line_1_4' title="bbox 449 728 2034 825; baseline -0.03 1"><span class='ocrx_word' id='word_1_17' title='bbox 449 768 658 825; x_wconf 85' lang='lat' dir='ltr'><strong>centis:</strong></span> <span class='ocrx_word' id='word_1_18' title='bbox 695 763 762 819; x_wconf 89' lang='lat' dir='ltr'><strong>Ut</strong></span> <span class='ocrx_word' id='word_1_19' title='bbox 791 760 899 814; x_wconf 86' lang='lat' dir='ltr'><strong>sitis</strong></span> <span class='ocrx_word' id='word_1_20' title='bbox 929 757 1057 810; x_wconf 82' lang='lat' dir='ltr'><strong>sicut</strong></span> <span class='ocrx_word' id='word_1_21' title='bbox 1086 747 1358 805; x_wconf 80' lang='lat' dir='ltr'><strong>luminaria</strong></span> <span class='ocrx_word' id='word_1_22' title='bbox 1385 744 1440 796; x_wconf 85' lang='lat' dir='ltr'><strong>in</strong></span> <span class='ocrx_word' id='word_1_23' title='bbox 1464 737 1672 801; x_wconf 84' lang='lat' dir='ltr'><strong>munda,</strong></span> <span class='ocrx_word' id='word_1_24' title='bbox 1696 733 1898 787; x_wconf 80' lang='lat' dir='ltr'><strong>verbum</strong></span> <span class='ocrx_word' id='word_1_25' title='bbox 1921 728 2034 781; x_wconf 67' lang='lat' dir='ltr'><strong>vitta</strong></span> 
     </span>
    </p>
   </div>
   <div class='ocr_carea' id='block_1_5' title="bbox 452 820 2032 924">
    <p class='ocr_par' dir='ltr' id='par_1_5' title="bbox 452 820 2032 924">
     <span class='ocr_line' id='line_1_5' title="bbox 452 820 2032 924; baseline -0.026 -10"><span class='ocrx_word' id='word_1_26' title='bbox 452 820 756 913; x_wconf 46' lang='lat' dir='ltr'><strong>Eiidem.</strong></span> <span class='ocrx_word' id='word_1_27' title='bbox 800 848 1057 924; x_wconf 77' lang='lat' dir='ltr'><strong>(Philipp.</strong></span> <span class='ocrx_word' id='word_1_28' title='bbox 1089 845 1144 897; x_wconf 80' lang='lat'><strong>2.</strong></span> <span class='ocrx_word' id='word_1_29' title='bbox 1194 841 1281 896; x_wconf 83' lang='grc'><strong>15.</strong></span> <span class='ocrx_word' id='word_1_30' title='bbox 1311 837 1422 904; x_wconf 84' lang='grc'><strong>16).</strong></span> <span class='ocrx_word' id='word_1_31' title='bbox 1470 833 1609 887; x_wconf 82' lang='lat' dir='ltr'><strong>Ecce</strong></span> <span class='ocrx_word' id='word_1_32' title='bbox 1653 820 2032 897; x_wconf 83' lang='lat' dir='ltr'><strong>splendorem!</strong></span> 
     </span>
    </p>
   </div>
   <div class='ocr_carea' id='block_1_6' title="bbox 454 914 2031 1003">
    <p class='ocr_par' dir='ltr' id='par_1_6' title="bbox 454 914 2031 1003">
     <span class='ocr_line' id='line_1_6' title="bbox 454 914 2031 1003; baseline -0.025 1"><span class='ocrx_word' id='word_1_33' title='bbox 454 950 575 1003; x_wconf 85' lang='lat' dir='ltr'><strong>Vult</strong></span> <span class='ocrx_word' id='word_1_34' title='bbox 597 961 695 1002; x_wconf 92' lang='lat' dir='ltr'><strong>nos</strong></span> <span class='ocrx_word' id='word_1_35' title='bbox 717 958 839 1000; x_wconf 88' lang='lat' dir='ltr'><strong>esse</strong></span> <span class='ocrx_word' id='word_1_36' title='bbox 868 956 974 994; x_wconf 88' lang='lat' dir='ltr'><strong>non</strong></span> <span class='ocrx_word' id='word_1_37' title='bbox 998 939 1217 991; x_wconf 89' lang='lat' dir='ltr'><strong>obtusos</strong></span> <span class='ocrx_word' id='word_1_38' title='bbox 1240 971 1252 995; x_wconf 88' lang='lat'><strong>,</strong></span> <span class='ocrx_word' id='word_1_39' title='bbox 1276 929 1366 983; x_wconf 91' lang='lat' dir='ltr'><strong>sed</strong></span> <span class='ocrx_word' id='word_1_40' title='bbox 1397 932 1617 980; x_wconf 91' lang='lat' dir='ltr'><strong>acutos:</strong></span> <span class='ocrx_word' id='word_1_41' title='bbox 1654 934 1775 973; x_wconf 90' lang='lat' dir='ltr'><strong>nam</strong></span> <span class='ocrx_word' id='word_1_42' title='bbox 1805 933 1819 969; x_wconf 91' lang='lat'><strong>:</strong></span> <span class='ocrx_word' id='word_1_43' title='bbox 1863 914 2031 973; x_wconf 83' lang='lat' dir='ltr'><strong>Vivus,</strong></span> 
     </span>
    </p>
   </div>
   <div class='ocr_carea' id='block_1_7' title="bbox 457 1002 2039 1108">
    <p class='ocr_par' dir='ltr' id='par_1_7' title="bbox 457 1002 2039 1108">
     <span class='ocr_line' id='line_1_7' title="bbox 457 1002 2039 1108; baseline -0.025 -14"><span class='ocrx_word' id='word_1_44' title='bbox 457 1039 661 1108; x_wconf 86' lang='lat' dir='ltr'><strong>inquit,</strong></span> <span class='ocrx_word' id='word_1_45' title='bbox 691 1044 761 1089; x_wconf 83' lang='lat' dir='ltr'><strong>est</strong></span> <span class='ocrx_word' id='word_1_46' title='bbox 789 1046 953 1087; x_wconf 84' lang='lat' dir='ltr'><strong>sermo</strong></span> <span class='ocrx_word' id='word_1_47' title='bbox 983 1026 1074 1079; x_wconf 89' lang='lat' dir='ltr'><strong>Dci</strong></span> <span class='ocrx_word' id='word_1_48' title='bbox 1095 1066 1110 1091; x_wconf 93' lang='lat'><strong>,</strong></span> <span class='ocrx_word' id='word_1_49' title='bbox 1140 1030 1184 1077; x_wconf 88' lang='lat' dir='ltr'><strong>et</strong></span> <span class='ocrx_word' id='word_1_50' title='bbox 1207 1020 1380 1090; x_wconf 68' lang='lat' dir='ltr'><strong>efﬁcax</strong></span> <span class='ocrx_word' id='word_1_51' title='bbox 1398 1057 1412 1079; x_wconf 92' lang='lat'><strong>,</strong></span> <span class='ocrx_word' id='word_1_52' title='bbox 1445 1023 1490 1067; x_wconf 89' lang='lat' dir='ltr'><strong>et</strong></span> <span class='ocrx_word' id='word_1_53' title='bbox 1520 1007 1874 1081; x_wconf 79' lang='lat' dir='ltr'><strong>penetrabilior</strong></span> <span class='ocrx_word' id='word_1_54' title='bbox 1903 1002 2039 1057; x_wconf 89' lang='lat' dir='ltr'><strong>omni</strong></span> 
     </span>
    </p>
   </div>
   <div class='ocr_carea' id='block_1_8' title="bbox 453 1106 2043 1199">
    <p class='ocr_par' dir='ltr' id='par_1_8' title="bbox 453 1106 2043 1199">
     <span class='ocr_line' id='line_1_8' title="bbox 453 1106 2043 1199; baseline -0.023 -15"><span class='ocrx_word' id='word_1_55' title='bbox 453 1106 626 1199; x_wconf 71' lang='lat' dir='ltr'><strong>gladio</strong></span> <span class='ocrx_word' id='word_1_56' title='bbox 655 1123 863 1193; x_wconf 73' lang='lat' dir='ltr'><strong><em>ancipiti</em></strong></span> <span class='ocrx_word' id='word_1_57' title='bbox 911 1118 1095 1188; x_wconf 77' lang='lat' dir='ltr'><strong>(Hebr.</strong></span> <span class='ocrx_word' id='word_1_58' title='bbox 1122 1116 1176 1169; x_wconf 76' lang='grc'><strong>4.</strong></span> <span class='ocrx_word' id='word_1_59' title='bbox 1209 1110 1319 1181; x_wconf 66' lang='grc'><strong>12).</strong></span> <span class='ocrx_word' id='word_1_60' title='bbox 1371 1106 1497 1162; x_wconf 82' lang='lat' dir='ltr'><strong>Vult</strong></span> <span class='ocrx_word' id='word_1_61' title='bbox 1538 1116 1634 1157; x_wconf 87' lang='lat' dir='ltr'><strong>nos</strong></span> <span class='ocrx_word' id='word_1_62' title='bbox 1676 1114 1783 1153; x_wconf 91' lang='lat' dir='ltr'><strong>non</strong></span> <span class='ocrx_word' id='word_1_63' title='bbox 1835 1109 2043 1150; x_wconf 80' lang='lat' dir='ltr'><strong>crassos</strong></span> 
     </span>
    </p>
   </div>
   <div class='ocr_carea' id='block_1_9' title="bbox 456 1184 2041 1283">
    <p class='ocr_par' dir='ltr' id='par_1_9' title="bbox 456 1184 2041 1283">
     <span class='ocr_line' id='line_1_9' title="bbox 456 1184 2041 1283; baseline -0.02 -16"><span class='ocrx_word' id='word_1_64' title='bbox 456 1233 604 1283; x_wconf 59' lang='lat' dir='ltr'><strong>esse,</strong></span> <span class='ocrx_word' id='word_1_65' title='bbox 654 1213 747 1269; x_wconf 89' lang='lat' dir='ltr'><strong>sed</strong></span> <span class='ocrx_word' id='word_1_66' title='bbox 794 1206 1198 1280; x_wconf 86' lang='lat' dir='ltr'><strong>cogitationibus</strong></span> <span class='ocrx_word' id='word_1_67' title='bbox 1249 1206 1480 1253; x_wconf 81' lang='lat' dir='ltr'><strong>mentem</strong></span> <span class='ocrx_word' id='word_1_68' title='bbox 1518 1190 1764 1246; x_wconf 92' lang='lat' dir='ltr'><strong>subtilem</strong></span> <span class='ocrx_word' id='word_1_69' title='bbox 1797 1184 2041 1240; x_wconf 87' lang='lat' dir='ltr'><strong>reddere.</strong></span> 
     </span>
    </p>
   </div>
   <div class='ocr_carea' id='block_1_10' title="bbox 462 1281 2043 1364">
    <p class='ocr_par' dir='ltr' id='par_1_10' title="bbox 462 1281 2043 1364">
     <span class='ocr_line' id='line_1_10' title="bbox 462 1281 2043 1364; baseline -0.025 0"><span class='ocrx_word' id='word_1_70' title='bbox 462 1309 558 1364; x_wconf 77' lang='lat' dir='ltr'><strong>Ubi</strong></span> <span class='ocrx_word' id='word_1_71' title='bbox 590 1307 733 1363; x_wconf 90' lang='lat' dir='ltr'><strong>enim</strong></span> <span class='ocrx_word' id='word_1_72' title='bbox 759 1301 1027 1359; x_wconf 75' lang='lat' dir='ltr'><strong>crassities</strong></span> <span class='ocrx_word' id='word_1_73' title='bbox 1048 1339 1062 1361; x_wconf 90' lang='lat'><strong>,</strong></span> <span class='ocrx_word' id='word_1_74' title='bbox 1092 1295 1161 1348; x_wconf 91' lang='lat' dir='ltr'><strong>ibi</strong></span> <span class='ocrx_word' id='word_1_75' title='bbox 1185 1292 1354 1346; x_wconf 82' lang='lat' dir='ltr'><strong>aliena</strong></span> <span class='ocrx_word' id='word_1_76' title='bbox 1377 1302 1407 1341; x_wconf 90' lang='lat' dir='ltr'><strong>a</strong></span> <span class='ocrx_word' id='word_1_77' title='bbox 1439 1285 1531 1340; x_wconf 89' lang='lat' dir='ltr'><strong>Dei</strong></span> <span class='ocrx_word' id='word_1_78' title='bbox 1553 1281 1719 1336; x_wconf 87' lang='lat' dir='ltr'><strong>verbo</strong></span> <span class='ocrx_word' id='word_1_79' title='bbox 1742 1290 1897 1332; x_wconf 90' lang='lat' dir='ltr'><strong>mens</strong></span> <span class='ocrx_word' id='word_1_80' title='bbox 1923 1284 2005 1329; x_wconf 91' lang='lat' dir='ltr'><strong>est</strong></span> <span class='ocrx_word' id='word_1_81' title='bbox 2030 1290 2043 1326; x_wconf 91' lang='lat'><strong>:</strong></span> 
     </span>
    </p>
   </div>
   <div class='ocr_carea' id='block_1_11' title="bbox 461 1365 2047 1454">
    <p class='ocr_par' dir='ltr' id='par_1_11' title="bbox 461 1365 2047 1454">
     <span class='ocr_line' id='line_1_11' title="bbox 461 1365 2047 1454; baseline -0.024 1"><span class='ocrx_word' id='word_1_82' title='bbox 461 1400 552 1453; x_wconf 90' lang='lat' dir='ltr'><strong>ubi</strong></span> <span class='ocrx_word' id='word_1_83' title='bbox 579 1406 758 1452; x_wconf 90' lang='lat' dir='ltr'><strong>autem</strong></span> <span class='ocrx_word' id='word_1_84' title='bbox 782 1392 991 1448; x_wconf 90' lang='lat' dir='ltr'><strong>subtilis</strong></span> <span class='ocrx_word' id='word_1_85' title='bbox 1018 1396 1119 1447; x_wconf 89' lang='lat' dir='ltr'><strong>est,</strong></span> <span class='ocrx_word' id='word_1_86' title='bbox 1145 1392 1266 1454; x_wconf 88' lang='lat' dir='ltr'><strong>apta</strong></span> <span class='ocrx_word' id='word_1_87' title='bbox 1294 1379 1393 1449; x_wconf 91' lang='lat' dir='ltr'><strong>legi</strong></span> <span class='ocrx_word' id='word_1_88' title='bbox 1418 1377 1614 1432; x_wconf 63' lang='lat' dir='ltr'><strong>divinat</strong></span> <span class='ocrx_word' id='word_1_89' title='bbox 1638 1370 1888 1429; x_wconf 86' lang='lat' dir='ltr'><strong>efficitur.</strong></span> <span class='ocrx_word' id='word_1_90' title='bbox 1922 1365 2047 1419; x_wconf 90' lang='lat' dir='ltr'><strong>Ideo</strong></span> 
     </span>
    </p>
   </div>
   <div class='ocr_carea' id='block_1_12' title="bbox 462 1456 2050 1543">
    <p class='ocr_par' dir='ltr' id='par_1_12' title="bbox 462 1456 2050 1543">
     <span class='ocr_line' id='line_1_12' title="bbox 462 1456 2050 1543; baseline -0.022 -2"><span class='ocrx_word' id='word_1_91' title='bbox 462 1489 531 1543; x_wconf 91' lang='lat' dir='ltr'><strong>de</strong></span> <span class='ocrx_word' id='word_1_92' title='bbox 560 1484 911 1542; x_wconf 89' lang='lat' dir='ltr'><strong>crassioribus</strong></span> <span class='ocrx_word' id='word_1_93' title='bbox 939 1479 1069 1532; x_wconf 92' lang='lat' dir='ltr'><strong>dicit</strong></span> <span class='ocrx_word' id='word_1_94' title='bbox 1094 1474 1367 1542; x_wconf 83' lang='lat' dir='ltr'><strong>Scriptura</strong></span> <span class='ocrx_word' id='word_1_95' title='bbox 1399 1486 1413 1522; x_wconf 89' lang='lat'>:</span> <span class='ocrx_word' id='word_1_96' title='bbox 1447 1465 1513 1519; x_wconf 82' lang='lat' dir='ltr'><strong>Et</strong></span> <span class='ocrx_word' id='word_1_97' title='bbox 1543 1461 1754 1516; x_wconf 81' lang='lat' dir='ltr'><strong>comedit</strong></span> <span class='ocrx_word' id='word_1_98' title='bbox 1782 1456 1942 1512; x_wconf 87' lang='lat' dir='ltr'><strong>Jacob</strong></span> <span class='ocrx_word' id='word_1_99' title='bbox 1963 1497 1978 1523; x_wconf 87' lang='lat'><strong>,</strong></span> <span class='ocrx_word' id='word_1_100' title='bbox 2002 1464 2050 1507; x_wconf 87' lang='lat' dir='ltr'><strong>et</strong></span> 
     </span>
    </p>
   </div>
   <div class='ocr_carea' id='block_1_13' title="bbox 465 1549 2053 1635">
    <p class='ocr_par' dir='ltr' id='par_1_13' title="bbox 465 1549 2053 1635">
     <span class='ocr_line' id='line_1_13' title="bbox 465 1549 2053 1635; baseline -0.02 -6"><span class='ocrx_word' id='word_1_101' title='bbox 465 1584 720 1629; x_wconf 77' lang='lat' dir='ltr'><strong>saturatas</strong></span> <span class='ocrx_word' id='word_1_102' title='bbox 756 1582 863 1635; x_wconf 87' lang='lat' dir='ltr'><strong>est,</strong></span> <span class='ocrx_word' id='word_1_103' title='bbox 913 1579 960 1623; x_wconf 87' lang='lat' dir='ltr'><strong>et</strong></span> <span class='ocrx_word' id='word_1_104' title='bbox 998 1566 1376 1634; x_wconf 83' lang='lat' dir='ltr'><strong>impinguatus,</strong></span> <span class='ocrx_word' id='word_1_105' title='bbox 1424 1559 1760 1614; x_wconf 85' lang='lat' dir='ltr'><strong>incrassatus,</strong></span> <span class='ocrx_word' id='word_1_106' title='bbox 1810 1549 2053 1601; x_wconf 87' lang='lat' dir='ltr'><strong>dilatatus</strong></span> 
     </span>
    </p>
   </div>
   <div class='ocr_carea' id='block_1_14' title="bbox 464 1638 2050 1736">
    <p class='ocr_par' dir='ltr' id='par_1_14' title="bbox 464 1638 2050 1736">
     <span class='ocr_line' id='line_1_14' title="bbox 464 1638 2050 1736; baseline -0.021 -14"><span class='ocrx_word' id='word_1_107' title='bbox 464 1679 534 1722; x_wconf 84' lang='lat' dir='ltr'><strong>est</strong></span> <span class='ocrx_word' id='word_1_108' title='bbox 565 1686 580 1721; x_wconf 93' lang='lat'><em>:</em></span> <span class='ocrx_word' id='word_1_109' title='bbox 607 1667 871 1736; x_wconf 80' lang='lat' dir='ltr'><strong>dereliquit</strong></span> <span class='ocrx_word' id='word_1_110' title='bbox 914 1661 1080 1714; x_wconf 84' lang='lat' dir='ltr'><strong>Deum</strong></span> <span class='ocrx_word' id='word_1_111' title='bbox 1126 1662 1369 1727; x_wconf 76' lang='lat' dir='ltr'><strong>factorem</strong></span> <span class='ocrx_word' id='word_1_112' title='bbox 1394 1665 1541 1705; x_wconf 83' lang='lat' dir='ltr'><strong>suum</strong></span> <span class='ocrx_word' id='word_1_113' title='bbox 1572 1644 1749 1717; x_wconf 87' lang='lat' dir='ltr'><strong>(Deut.</strong></span> <span class='ocrx_word' id='word_1_114' title='bbox 1797 1641 1887 1695; x_wconf 68' lang='lat'><strong>32.</strong></span> <span class='ocrx_word' id='word_1_115' title='bbox 1937 1638 2050 1707; x_wconf 78' lang='grc'><strong>15).</strong></span> 
     </span>
    </p>
   </div>
   <div class='ocr_carea' id='block_1_15' title="bbox 468 1737 2056 1828">
    <p class='ocr_par' dir='ltr' id='par_1_15' title="bbox 468 1737 2056 1828">
     <span class='ocr_line' id='line_1_15' title="bbox 468 1737 2056 1828; baseline -0.02 -15"><span class='ocrx_word' id='word_1_116' title='bbox 468 1762 581 1828; x_wconf 80' lang='lat' dir='ltr'><strong>Age</strong></span> <span class='ocrx_word' id='word_1_117' title='bbox 605 1762 1000 1825; x_wconf 81' lang='lat' dir='ltr'><strong>crgo,nostram</strong></span> <span class='ocrx_word' id='word_1_118' title='bbox 1045 1761 1254 1818; x_wconf 90' lang='lat' dir='ltr'><strong>quoque</strong></span> <span class='ocrx_word' id='word_1_119' title='bbox 1285 1746 1375 1799; x_wconf 89' lang='lat' dir='ltr'><strong>Dei</strong></span> <span class='ocrx_word' id='word_1_120' title='bbox 1424 1752 1603 1796; x_wconf 91' lang='lat' dir='ltr'><strong>sermo</strong></span> <span class='ocrx_word' id='word_1_121' title='bbox 1628 1737 1860 1790; x_wconf 88' lang='lat' dir='ltr'><strong>illustret</strong></span> <span class='ocrx_word' id='word_1_122' title='bbox 1908 1744 2056 1784; x_wconf 91' lang='lat' dir='ltr'><strong>men-</strong></span> 
     </span>
    </p>
   </div>
   <div class='ocr_carea' id='block_1_16' title="bbox 470 1827 2057 1915">
    <p class='ocr_par' dir='ltr' id='par_1_16' title="bbox 470 1827 2057 1915">
     <span class='ocr_line' id='line_1_16' title="bbox 470 1827 2057 1915; baseline -0.019 -14"><span class='ocrx_word' id='word_1_123' title='bbox 470 1861 577 1903; x_wconf 91' lang='lat' dir='ltr'><strong>tem</strong></span> <span class='ocrx_word' id='word_1_124' title='bbox 599 1888 613 1915; x_wconf 93' lang='lat'><strong>,</strong></span> <span class='ocrx_word' id='word_1_125' title='bbox 644 1846 874 1900; x_wconf 79' lang='lat' dir='ltr'><strong>maxime</strong></span> <span class='ocrx_word' id='word_1_126' title='bbox 912 1839 1184 1912; x_wconf 82' lang='lat' dir='ltr'><strong>proposito</strong></span> <span class='ocrx_word' id='word_1_127' title='bbox 1206 1833 1408 1905; x_wconf 85' lang='lat' dir='ltr'><strong>jejunio</strong></span> <span class='ocrx_word' id='word_1_128' title='bbox 1429 1872 1443 1897; x_wconf 91' lang='lat'><strong>,</strong></span> <span class='ocrx_word' id='word_1_129' title='bbox 1474 1827 1613 1899; x_wconf 91' lang='lat' dir='ltr'><strong>quod</strong></span> <span class='ocrx_word' id='word_1_130' title='bbox 1652 1830 1904 1881; x_wconf 78' lang='lat' dir='ltr'><strong>extenuat</strong></span> <span class='ocrx_word' id='word_1_131' title='bbox 1931 1835 2057 1874; x_wconf 88' lang='lat' dir='ltr'><strong>cor-</strong></span> 
     </span>
    </p>
   </div>
   <div class='ocr_carea' id='block_1_17' title="bbox 478 1909 2062 2009">
    <p class='ocr_par' dir='ltr' id='par_1_17' title="bbox 478 1909 2062 2009">
     <span class='ocr_line' id='line_1_17' title="bbox 478 1909 2062 2009; baseline -0.022 -14"><span class='ocrx_word' id='word_1_132' title='bbox 478 1955 607 2009; x_wconf 88' lang='lat' dir='ltr'><strong>pora</strong></span> <span class='ocrx_word' id='word_1_133' title='bbox 628 1979 643 2004; x_wconf 91' lang='lat'><strong>,</strong></span> <span class='ocrx_word' id='word_1_134' title='bbox 676 1948 727 1993; x_wconf 91' lang='lat' dir='ltr'><strong>et</strong></span> <span class='ocrx_word' id='word_1_135' title='bbox 754 1909 987 1991; x_wconf 85' lang='lat' dir='ltr'><strong>mentem</strong></span> <span class='ocrx_word' id='word_1_136' title='bbox 1016 1909 1244 1986; x_wconf 72' lang='lat' dir='ltr'><strong>exacuit.</strong></span> <span class='ocrx_word' id='word_1_137' title='bbox 1275 1925 1371 1978; x_wconf 87' lang='lat' dir='ltr'><strong>Est</strong></span> <span class='ocrx_word' id='word_1_138' title='bbox 1390 1922 1532 1977; x_wconf 91' lang='lat' dir='ltr'><strong>enim</strong></span> <span class='ocrx_word' id='word_1_139' title='bbox 1570 1914 1893 1972; x_wconf 80' lang='lat' dir='ltr'><strong>abstinentia</strong></span> <span class='ocrx_word' id='word_1_140' title='bbox 1920 1909 2062 1980; x_wconf 83' lang='lat' dir='ltr'><strong>jeju-</strong></span> 
     </span>
    </p>
   </div>
   <div class='ocr_carea' id='block_1_18' title="bbox 477 2000 2058 2083">
    <p class='ocr_par' dir='ltr' id='par_1_18' title="bbox 477 2000 2058 2083">
     <span class='ocr_line' id='line_1_18' title="bbox 477 2000 2058 2083; baseline -0.02 0"><span class='ocrx_word' id='word_1_141' title='bbox 477 2030 548 2083; x_wconf 93' lang='lat' dir='ltr'><strong>uii</strong></span> <span class='ocrx_word' id='word_1_142' title='bbox 579 2028 754 2083; x_wconf 91' lang='lat' dir='ltr'><strong>omnis</strong></span> <span class='ocrx_word' id='word_1_143' title='bbox 774 2020 1212 2080; x_wconf 86' lang='lat' dir='ltr'><strong>sanctiﬁcationis</strong></span> <span class='ocrx_word' id='word_1_144' title='bbox 1235 2015 1435 2078; x_wconf 81' lang='lat' dir='ltr'><strong>nutrix,</strong></span> <span class='ocrx_word' id='word_1_145' title='bbox 1464 2006 1811 2076; x_wconf 72' lang='lat' dir='ltr'><strong>etmaterpia:</strong></span> <span class='ocrx_word' id='word_1_146' title='bbox 1842 2000 2058 2058; x_wconf 88' lang='lat' dir='ltr'><strong>mentis.</strong></span> 
     </span>
    </p>
   </div>
   <div class='ocr_carea' id='block_1_19' title="bbox 480 2094 2063 2188">
    <p class='ocr_par' dir='ltr' id='par_1_19' title="bbox 480 2094 2063 2188">
     <span class='ocr_line' id='line_1_19' title="bbox 480 2094 2063 2188; baseline -0.018 -14"><span class='ocrx_word' id='word_1_147' title='bbox 480 2121 594 2174; x_wconf 89' lang='lat' dir='ltr'><strong>Non</strong></span> <span class='ocrx_word' id='word_1_148' title='bbox 612 2117 869 2188; x_wconf 69' lang='lat' dir='ltr'><strong>qumritur</strong></span> <span class='ocrx_word' id='word_1_149' title='bbox 897 2110 1167 2182; x_wconf 92' lang='lat' dir='ltr'><strong>quomodo</strong></span> <span class='ocrx_word' id='word_1_150' title='bbox 1193 2107 1495 2176; x_wconf 65' lang='lat' dir='ltr'><strong>ji-juuemus</strong></span> <span class='ocrx_word' id='word_1_151' title='bbox 1522 2108 1723 2155; x_wconf 86' lang='lat' dir='ltr'><strong>tantum</strong></span> <span class='ocrx_word' id='word_1_152' title='bbox 1742 2137 1757 2156; x_wconf 92' lang='lat'><strong>.</strong></span> <span class='ocrx_word' id='word_1_153' title='bbox 1780 2094 1873 2149; x_wconf 91' lang='lat' dir='ltr'><strong>sed</strong></span> <span class='ocrx_word' id='word_1_154' title='bbox 1904 2105 2063 2162; x_wconf 88' lang='lat' dir='ltr'><strong>quam</strong></span> 
     </span>
    </p>
   </div>
   <div class='ocr_carea' id='block_1_20' title="bbox 483 2183 2067 2282">
    <p class='ocr_par' dir='ltr' id='par_1_20' title="bbox 483 2183 2067 2282">
     <span class='ocr_line' id='line_1_20' title="bbox 483 2183 2067 2282; baseline -0.02 -15"><span class='ocrx_word' id='word_1_155' title='bbox 483 2212 568 2282; x_wconf 92' lang='lat' dir='ltr'><strong>pie</strong></span> <span class='ocrx_word' id='word_1_156' title='bbox 589 2183 916 2280; x_wconf 81' lang='lat' dir='ltr'><strong>jejunemus.</strong></span> <span class='ocrx_word' id='word_1_157' title='bbox 943 2203 1085 2257; x_wconf 84' lang='lat' dir='ltr'><strong>Multi</strong></span> <span class='ocrx_word' id='word_1_158' title='bbox 1113 2201 1186 2255; x_wconf 88' lang='lat' dir='ltr'><strong>ob</strong></span> <span class='ocrx_word' id='word_1_159' title='bbox 1229 2197 1434 2267; x_wconf 90' lang='lat' dir='ltr'><strong>publica</strong></span> <span class='ocrx_word' id='word_1_160' title='bbox 1465 2206 1642 2248; x_wconf 89' lang='lat' dir='ltr'><strong>rerqu</strong></span> <span class='ocrx_word' id='word_1_161' title='bbox 1672 2186 1883 2257; x_wconf 87' lang='lat' dir='ltr'><strong>negotia</strong></span> <span class='ocrx_word' id='word_1_162' title='bbox 1929 2183 2067 2254; x_wconf 86' lang='lat' dir='ltr'><strong>jeju-</strong></span> 
     </span>
    </p>
   </div>
   <div class='ocr_carea' id='block_1_21' title="bbox 484 2274 2065 2365">
    <p class='ocr_par' dir='ltr' id='par_1_21' title="bbox 484 2274 2065 2365">
     <span class='ocr_line' id='line_1_21' title="bbox 484 2274 2065 2365; baseline -0.021 -7"><span class='ocrx_word' id='word_1_163' title='bbox 484 2310 646 2365; x_wconf 86' lang='lat' dir='ltr'><strong>nant;</strong></span> <span class='ocrx_word' id='word_1_164' title='bbox 676 2298 767 2355; x_wconf 91' lang='lat' dir='ltr'><strong>sed</strong></span> <span class='ocrx_word' id='word_1_165' title='bbox 796 2312 899 2351; x_wconf 90' lang='lat' dir='ltr'><strong>nou</strong></span> <span class='ocrx_word' id='word_1_166' title='bbox 927 2300 1200 2363; x_wconf 76' lang='lat' dir='ltr'><strong>reputatur</strong></span> <span class='ocrx_word' id='word_1_167' title='bbox 1220 2289 1296 2343; x_wconf 89' lang='lat' dir='ltr'><strong>eis</strong></span> <span class='ocrx_word' id='word_1_168' title='bbox 1318 2288 1369 2341; x_wconf 91' lang='lat' dir='ltr'><strong>in</strong></span> <span class='ocrx_word' id='word_1_169' title='bbox 1396 2283 1675 2354; x_wconf 91' lang='lat' dir='ltr'><strong>jejunium.</strong></span> <span class='ocrx_word' id='word_1_170' title='bbox 1698 2278 1903 2345; x_wconf 88' lang='lat' dir='ltr'><strong>Scopus</strong></span> <span class='ocrx_word' id='word_1_171' title='bbox 1923 2274 2065 2329; x_wconf 91' lang='lat' dir='ltr'><strong>enim</strong></span> 
     </span>
    </p>
   </div>
   <div class='ocr_carea' id='block_1_22' title="bbox 482 2366 2070 2464">
    <p class='ocr_par' dir='ltr' id='par_1_22' title="bbox 482 2366 2070 2464">
     <span class='ocr_line' id='line_1_22' title="bbox 482 2366 2070 2464; baseline -0.02 -17"><span class='ocrx_word' id='word_1_172' title='bbox 482 2393 775 2464; x_wconf 87' lang='lat' dir='ltr'><strong>judicatur,</strong></span> <span class='ocrx_word' id='word_1_173' title='bbox 818 2402 923 2441; x_wconf 91' lang='lat' dir='ltr'><strong>non</strong></span> <span class='ocrx_word' id='word_1_174' title='bbox 969 2381 1261 2437; x_wconf 90' lang='lat' dir='ltr'><strong>necessitas</strong></span> <span class='ocrx_word' id='word_1_175' title='bbox 1307 2382 1610 2431; x_wconf 87' lang='lat' dir='ltr'><strong>coronatur.</strong></span> <span class='ocrx_word' id='word_1_176' title='bbox 1643 2370 1701 2423; x_wconf 91' lang='lat' dir='ltr'><strong>ln</strong></span> <span class='ocrx_word' id='word_1_177' title='bbox 1742 2366 1845 2421; x_wconf 89' lang='lat' dir='ltr'><strong>hoc</strong></span> <span class='ocrx_word' id='word_1_178' title='bbox 1885 2374 2070 2419; x_wconf 87' lang='lat' dir='ltr'><strong>sancto</strong></span> 
     </span>
    </p>
   </div>
   <div class='ocr_carea' id='block_1_23' title="bbox 488 2457 2075 2545">
    <p class='ocr_par' dir='ltr' id='par_1_23' title="bbox 488 2457 2075 2545">
     <span class='ocr_line' id='line_1_23' title="bbox 488 2457 2075 2545; baseline -0.021 -6"><span class='ocrx_word' id='word_1_179' title='bbox 488 2494 628 2539; x_wconf 87' lang='lat' dir='ltr'><strong>statu</strong></span> <span class='ocrx_word' id='word_1_180' title='bbox 661 2482 843 2535; x_wconf 83' lang='lat' dir='ltr'><strong>beatus</strong></span> <span class='ocrx_word' id='word_1_181' title='bbox 882 2477 1088 2545; x_wconf 86' lang='lat' dir='ltr'><strong>Moyses</strong></span> <span class='ocrx_word' id='word_1_182' title='bbox 1116 2472 1167 2525; x_wconf 92' lang='lat' dir='ltr'><strong>iu</strong></span> <span class='ocrx_word' id='word_1_183' title='bbox 1198 2479 1377 2525; x_wconf 91' lang='lat' dir='ltr'><strong>monte</strong></span> <span class='ocrx_word' id='word_1_184' title='bbox 1423 2474 1477 2519; x_wconf 91' lang='lat' dir='ltr'><strong>ct</strong></span> <span class='ocrx_word' id='word_1_185' title='bbox 1498 2466 1668 2533; x_wconf 85' lang='lat' dir='ltr'><strong>legem</strong></span> <span class='ocrx_word' id='word_1_186' title='bbox 1696 2457 1990 2513; x_wconf 83' lang='lat' dir='ltr'><strong>docebatur</strong></span> <span class='ocrx_word' id='word_1_187' title='bbox 2019 2461 2075 2506; x_wconf 88' lang='lat' dir='ltr'><strong>et</strong></span> 
     </span>
    </p>
   </div>
   <div class='ocr_carea' id='block_1_24' title="bbox 486 2552 2071 2647">
    <p class='ocr_par' dir='ltr' id='par_1_24' title="bbox 486 2552 2071 2647">
     <span class='ocr_line' id='line_1_24' title="bbox 486 2552 2071 2647; baseline -0.021 -17"><span class='ocrx_word' id='word_1_188' title='bbox 486 2574 837 2647; x_wconf 81' lang='lat' dir='ltr'><strong>creationem.</strong></span> <span class='ocrx_word' id='word_1_189' title='bbox 873 2567 1110 2621; x_wconf 77' lang='lat' dir='ltr'><strong>Diximus</strong></span> <span class='ocrx_word' id='word_1_190' title='bbox 1139 2576 1269 2631; x_wconf 83' lang='lat' dir='ltr'><strong>ergo</strong></span> <span class='ocrx_word' id='word_1_191' title='bbox 1311 2560 1557 2613; x_wconf 85' lang='lat' dir='ltr'><strong>hesterna</strong></span> <span class='ocrx_word' id='word_1_192' title='bbox 1586 2555 1671 2607; x_wconf 89' lang='lat' dir='ltr'><strong>die</strong></span> <span class='ocrx_word' id='word_1_193' title='bbox 1704 2552 1871 2606; x_wconf 90' lang='lat' dir='ltr'><strong>Deum</strong></span> <span class='ocrx_word' id='word_1_194' title='bbox 1893 2589 1908 2613; x_wconf 94' lang='lat'><strong>,</strong></span> <span class='ocrx_word' id='word_1_195' title='bbox 1950 2561 2071 2600; x_wconf 90' lang='lat' dir='ltr'><strong>cum</strong></span> 
     </span>
    </p>
   </div>
   <div class='ocr_carea' id='block_1_25' title="bbox 492 2640 2077 2735">
    <p class='ocr_par' dir='ltr' id='par_1_25' title="bbox 492 2640 2077 2735">
     <span class='ocr_line' id='line_1_25' title="bbox 492 2640 2077 2735; baseline -0.019 -15"><span class='ocrx_word' id='word_1_196' title='bbox 492 2667 663 2735; x_wconf 80' lang='lat' dir='ltr'><strong>legem</strong></span> <span class='ocrx_word' id='word_1_197' title='bbox 696 2678 787 2730; x_wconf 87' lang='lat' dir='ltr'><strong>per</strong></span> <span class='ocrx_word' id='word_1_198' title='bbox 812 2660 1043 2729; x_wconf 81' lang='lat' dir='ltr'><strong>Moysem</strong></span> <span class='ocrx_word' id='word_1_199' title='bbox 1059 2656 1277 2708; x_wconf 89' lang='lat' dir='ltr'><strong>daturus</strong></span> <span class='ocrx_word' id='word_1_200' title='bbox 1301 2657 1462 2712; x_wconf 85' lang='lat' dir='ltr'><strong>esset,</strong></span> <span class='ocrx_word' id='word_1_201' title='bbox 1486 2645 1657 2717; x_wconf 87' lang='lat' dir='ltr'><strong>primo</strong></span> <span class='ocrx_word' id='word_1_202' title='bbox 1683 2657 1742 2697; x_wconf 91' lang='lat' dir='ltr'><strong>se</strong></span> <span class='ocrx_word' id='word_1_203' title='bbox 1767 2640 2077 2694; x_wconf 77' lang='lat' dir='ltr'><strong>Creatorem</strong></span> 
     </span>
    </p>
   </div>
   <div class='ocr_carea' id='block_1_26' title="bbox 494 2729 2079 2815">
    <p class='ocr_par' dir='ltr' id='par_1_26' title="bbox 494 2729 2079 2815">
     <span class='ocr_line' id='line_1_26' title="bbox 494 2729 2079 2815; baseline -0.019 -6"><span class='ocrx_word' id='word_1_204' title='bbox 494 2729 823 2815; x_wconf 88' lang='lat' dir='ltr'><strong>ostendisse,</strong></span> <span class='ocrx_word' id='word_1_205' title='bbox 858 2766 919 2804; x_wconf 92' lang='lat' dir='ltr'><strong>ac</strong></span> <span class='ocrx_word' id='word_1_206' title='bbox 954 2746 1146 2802; x_wconf 86' lang='lat' dir='ltr'><strong>deinde</strong></span> <span class='ocrx_word' id='word_1_207' title='bbox 1174 2742 1576 2812; x_wconf 83' lang='lat' dir='ltr'><strong>[.cgislatorem.</strong></span> <span class='ocrx_word' id='word_1_208' title='bbox 1604 2729 1882 2801; x_wconf 83' lang='lat' dir='ltr'><strong>Quomodo</strong></span> <span class='ocrx_word' id='word_1_209' title='bbox 1927 2735 2079 2797; x_wconf 81' lang='lat' dir='ltr'><strong>pote-</strong></span> 
     </span>
    </p>
   </div>
   <div class='ocr_carea' id='block_1_27' title="bbox 502 2827 2078 2903">
    <p class='ocr_par' dir='ltr' id='par_1_27' title="bbox 502 2827 2078 2903">
     <span class='ocr_line' id='line_1_27' title="bbox 502 2827 2078 2903; baseline -0.019 -1"><span class='ocrx_word' id='word_1_210' title='bbox 502 2857 621 2903; x_wconf 90' lang='lat' dir='ltr'><strong>rant</strong></span> <span class='ocrx_word' id='word_1_211' title='bbox 659 2845 825 2901; x_wconf 81' lang='lat' dir='ltr'><strong>Juda-i</strong></span> <span class='ocrx_word' id='word_1_212' title='bbox 856 2842 1107 2903; x_wconf 81' lang='lat' dir='ltr'><strong>credere,</strong></span> <span class='ocrx_word' id='word_1_213' title='bbox 1140 2839 1307 2892; x_wconf 90' lang='lat' dir='ltr'><strong>Deum</strong></span> <span class='ocrx_word' id='word_1_214' title='bbox 1352 2833 1541 2887; x_wconf 83' lang='lat' dir='ltr'><strong>fecisse</strong></span> <span class='ocrx_word' id='word_1_215' title='bbox 1578 2827 1764 2882; x_wconf 71' lang='lat' dir='ltr'><strong>ezclum</strong></span> <span class='ocrx_word' id='word_1_216' title='bbox 1797 2832 1850 2879; x_wconf 91' lang='lat' dir='ltr'><strong>et</strong></span> <span class='ocrx_word' id='word_1_217' title='bbox 1878 2831 2078 2876; x_wconf 88' lang='lat' dir='ltr'><strong>terram</strong></span> 
     </span>
    </p>
   </div>
   <div class='ocr_carea' id='block_1_28' title="bbox 503 2911 2081 3001">
    <p class='ocr_par' dir='ltr' id='par_1_28' title="bbox 503 2911 2081 3001">
     <span class='ocr_line' id='line_1_28' title="bbox 503 2911 2081 3001; baseline -0.019 -8"><span class='ocrx_word' id='word_1_218' title='bbox 503 2948 555 2993; x_wconf 87' lang='lat' dir='ltr'><strong>et</strong></span> <span class='ocrx_word' id='word_1_219' title='bbox 584 2936 762 2990; x_wconf 88' lang='lat' dir='ltr'><strong>omnia</strong></span> <span class='ocrx_word' id='word_1_220' title='bbox 785 2948 901 3001; x_wconf 83' lang='lat' dir='ltr'><strong>quae</strong></span> <span class='ocrx_word' id='word_1_221' title='bbox 934 2932 985 2984; x_wconf 90' lang='lat' dir='ltr'><strong>in</strong></span> <span class='ocrx_word' id='word_1_222' title='bbox 1012 2930 1089 2985; x_wconf 86' lang='lat' dir='ltr'><strong>eis</strong></span> <span class='ocrx_word' id='word_1_223' title='bbox 1118 2933 1241 2979; x_wconf 87' lang='lat' dir='ltr'><strong>sunt</strong></span> <span class='ocrx_word' id='word_1_224' title='bbox 1260 2966 1275 2990; x_wconf 93' lang='lat'><strong>,</strong></span> <span class='ocrx_word' id='word_1_225' title='bbox 1299 2923 1401 2978; x_wconf 90' lang='lat' dir='ltr'><strong>nisi</strong></span> <span class='ocrx_word' id='word_1_226' title='bbox 1428 2920 1573 2990; x_wconf 90' lang='lat' dir='ltr'><strong>prius</strong></span> <span class='ocrx_word' id='word_1_227' title='bbox 1600 2914 1853 2971; x_wconf 89' lang='lat' dir='ltr'><strong>miracula</strong></span> <span class='ocrx_word' id='word_1_228' title='bbox 1880 2911 2081 2967; x_wconf 84' lang='lat' dir='ltr'><strong>edidis-</strong></span> 
     </span>
    </p>
   </div>
   <div class='ocr_carea' id='block_1_29' title="bbox 502 3006 2082 3092">
    <p class='ocr_par' dir='ltr' id='par_1_29' title="bbox 502 3006 2082 3092">
     <span class='ocr_line' id='line_1_29' title="bbox 502 3006 2082 3092; baseline -0.017 -10"><span class='ocrx_word' id='word_1_229' title='bbox 502 3038 582 3083; x_wconf 89' lang='lat' dir='ltr'><strong>set</strong></span> <span class='ocrx_word' id='word_1_230' title='bbox 628 3031 678 3079; x_wconf 89' lang='lat' dir='ltr'><strong>in</strong></span> <span class='ocrx_word' id='word_1_231' title='bbox 726 3023 985 3092; x_wconf 76' lang='lat' dir='ltr'><strong>IEgypto,</strong></span> <span class='ocrx_word' id='word_1_232' title='bbox 1034 3035 1153 3088; x_wconf 73' lang='lat' dir='ltr'><strong>qum</strong></span> <span class='ocrx_word' id='word_1_233' title='bbox 1202 3018 1373 3086; x_wconf 89' lang='lat' dir='ltr'><strong>ipsum</strong></span> <span class='ocrx_word' id='word_1_234' title='bbox 1413 3025 1534 3067; x_wconf 91' lang='lat' dir='ltr'><strong>esse</strong></span> <span class='ocrx_word' id='word_1_235' title='bbox 1583 3008 1728 3063; x_wconf 84' lang='lat' dir='ltr'><strong>orbis</strong></span> <span class='ocrx_word' id='word_1_236' title='bbox 1773 3006 2082 3060; x_wconf 84' lang='lat' dir='ltr'><strong>Creatorem</strong></span> 
     </span>
    </p>
   </div>
   <div class='ocr_carea' id='block_1_30' title="bbox 504 3093 2085 3185">
    <p class='ocr_par' dir='ltr' id='par_1_30' title="bbox 504 3093 2085 3185">
     <span class='ocr_line' id='line_1_30' title="bbox 504 3093 2085 3185; baseline -0.017 -12"><span class='ocrx_word' id='word_1_237' title='bbox 504 3113 949 3185; x_wconf 86' lang='lat' dir='ltr'><strong>comprobarent?</strong></span> <span class='ocrx_word' id='word_1_238' title='bbox 996 3111 1259 3164; x_wconf 89' lang='lat' dir='ltr'><strong>Docemus</strong></span> <span class='ocrx_word' id='word_1_239' title='bbox 1306 3120 1405 3160; x_wconf 90' lang='lat' dir='ltr'><strong>nos</strong></span> <span class='ocrx_word' id='word_1_240' title='bbox 1448 3110 1506 3155; x_wconf 92' lang='lat' dir='ltr'><strong>ut</strong></span> <span class='ocrx_word' id='word_1_241' title='bbox 1532 3099 1850 3154; x_wconf 91' lang='lat' dir='ltr'><strong>suadeamus</strong></span> <span class='ocrx_word' id='word_1_242' title='bbox 1891 3112 1904 3146; x_wconf 93' lang='lat'>:</span> <span class='ocrx_word' id='word_1_243' title='bbox 1946 3093 2085 3148; x_wconf 87' lang='lat' dir='ltr'><strong>Deus</strong></span> 
     </span>
    </p>
   </div>
   <div class='ocr_carea' id='block_1_31' title="bbox 505 3186 2087 3274">
    <p class='ocr_par' dir='ltr' id='par_1_31' title="bbox 505 3186 2087 3274">
     <span class='ocr_line' id='line_1_31' title="bbox 505 3186 2087 3274; baseline -0.018 -9"><span class='ocrx_word' id='word_1_244' title='bbox 505 3210 784 3274; x_wconf 87' lang='lat' dir='ltr'><strong>suadet,ut</strong></span> <span class='ocrx_word' id='word_1_245' title='bbox 808 3206 1020 3258; x_wconf 89' lang='lat' dir='ltr'><strong>doceat.</strong></span> <span class='ocrx_word' id='word_1_246' title='bbox 1051 3201 1181 3267; x_wconf 87' lang='lat' dir='ltr'><strong>Quia</strong></span> <span class='ocrx_word' id='word_1_247' title='bbox 1213 3198 1423 3268; x_wconf 83' lang='lat' dir='ltr'><strong>Moyses</strong></span> <span class='ocrx_word' id='word_1_248' title='bbox 1448 3191 1785 3262; x_wconf 71' lang='lat' dir='ltr'><strong>eXpositurus</strong></span> <span class='ocrx_word' id='word_1_249' title='bbox 1822 3186 2087 3240; x_wconf 87' lang='lat' dir='ltr'><strong>dicturus-</strong></span> 
     </span>
    </p>
   </div>
   <div class='ocr_carea' id='block_1_32' title="bbox 508 3284 2087 3369">
    <p class='ocr_par' dir='ltr' id='par_1_32' title="bbox 508 3284 2087 3369">
     <span class='ocr_line' id='line_1_32' title="bbox 508 3284 2087 3369; baseline -0.018 -14"><span class='ocrx_word' id='word_1_250' title='bbox 508 3318 609 3369; x_wconf 87' lang='lat' dir='ltr'><strong>que</strong></span> <span class='ocrx_word' id='word_1_251' title='bbox 632 3305 743 3354; x_wconf 89' lang='lat' dir='ltr'><strong>erat</strong></span> <span class='ocrx_word' id='word_1_252' title='bbox 760 3339 776 3360; x_wconf 94' lang='lat'><strong>,</strong></span> <span class='ocrx_word' id='word_1_253' title='bbox 803 3297 967 3349; x_wconf 89' lang='lat' dir='ltr'><strong>Deum</strong></span> <span class='ocrx_word' id='word_1_254' title='bbox 998 3292 1185 3347; x_wconf 79' lang='lat' dir='ltr'><strong>fecisse</strong></span> <span class='ocrx_word' id='word_1_255' title='bbox 1211 3288 1399 3341; x_wconf 83' lang='lat' dir='ltr'><strong>caelum</strong></span> <span class='ocrx_word' id='word_1_256' title='bbox 1423 3325 1437 3348; x_wconf 85' lang='lat'><strong>,</strong></span> <span class='ocrx_word' id='word_1_257' title='bbox 1464 3291 1519 3338; x_wconf 88' lang='lat' dir='ltr'><strong>et</strong></span> <span class='ocrx_word' id='word_1_258' title='bbox 1547 3292 1742 3336; x_wconf 82' lang='lat' dir='ltr'><strong>terram</strong></span> <span class='ocrx_word' id='word_1_259' title='bbox 1762 3318 1777 3343; x_wconf 88' lang='lat'><strong>,</strong></span> <span class='ocrx_word' id='word_1_260' title='bbox 1806 3284 1860 3331; x_wconf 89' lang='lat' dir='ltr'><strong>et</strong></span> <span class='ocrx_word' id='word_1_261' title='bbox 1903 3289 2051 3329; x_wconf 89' lang='lat' dir='ltr'><strong>mare</strong></span> <span class='ocrx_word' id='word_1_262' title='bbox 2069 3311 2087 3335; x_wconf 87' lang='lat'><strong>,</strong></span> 
     </span>
    </p>
   </div>
   <div class='ocr_carea' id='block_1_33' title="bbox 510 3366 2091 3455">
    <p class='ocr_par' dir='ltr' id='par_1_33' title="bbox 510 3366 2091 3455">
     <span class='ocr_line' id='line_1_33' title="bbox 510 3366 2091 3455; baseline -0.019 -11"><span class='ocrx_word' id='word_1_263' title='bbox 510 3403 564 3445; x_wconf 87' lang='lat' dir='ltr'><strong>et</strong></span> <span class='ocrx_word' id='word_1_264' title='bbox 587 3389 762 3443; x_wconf 88' lang='lat' dir='ltr'><strong>omnia</strong></span> <span class='ocrx_word' id='word_1_265' title='bbox 790 3400 909 3455; x_wconf 71' lang='lat' dir='ltr'><strong>qua:</strong></span> <span class='ocrx_word' id='word_1_266' title='bbox 935 3384 985 3437; x_wconf 89' lang='lat' dir='ltr'><strong>in</strong></span> <span class='ocrx_word' id='word_1_267' title='bbox 1010 3382 1087 3435; x_wconf 91' lang='lat' dir='ltr'><strong>eis</strong></span> <span class='ocrx_word' id='word_1_268' title='bbox 1107 3388 1265 3444; x_wconf 90' lang='lat' dir='ltr'><strong>sunt,</strong></span> <span class='ocrx_word' id='word_1_269' title='bbox 1297 3375 1396 3430; x_wconf 91' lang='lat' dir='ltr'><strong>nisi</strong></span> <span class='ocrx_word' id='word_1_270' title='bbox 1419 3373 1565 3443; x_wconf 89' lang='lat' dir='ltr'><strong>prius</strong></span> <span class='ocrx_word' id='word_1_271' title='bbox 1593 3366 1853 3424; x_wconf 89' lang='lat' dir='ltr'><strong>mirabilia</strong></span> <span class='ocrx_word' id='word_1_272' title='bbox 1884 3374 2091 3434; x_wconf 86' lang='lat' dir='ltr'><strong>patras-</strong></span> 
     </span>
    </p>
   </div>
   <div class='ocr_carea' id='block_1_34' title="bbox 512 3454 2091 3546">
    <p class='ocr_par' dir='ltr' id='par_1_34' title="bbox 512 3454 2091 3546">
     <span class='ocr_line' id='line_1_34' title="bbox 512 3454 2091 3546; baseline -0.018 -12"><span class='ocrx_word' id='word_1_273' title='bbox 512 3488 592 3534; x_wconf 91' lang='lat' dir='ltr'><strong>set</strong></span> <span class='ocrx_word' id='word_1_274' title='bbox 620 3479 670 3532; x_wconf 92' lang='lat' dir='ltr'><strong>iu</strong></span> <span class='ocrx_word' id='word_1_275' title='bbox 701 3454 934 3546; x_wconf 65' lang='lat' dir='ltr'><strong>.Egypto</strong></span> <span class='ocrx_word' id='word_1_276' title='bbox 953 3513 965 3537; x_wconf 91' lang='lat'><strong>,</strong></span> <span class='ocrx_word' id='word_1_277' title='bbox 998 3479 1052 3525; x_wconf 91' lang='lat' dir='ltr'><strong>et</strong></span> <span class='ocrx_word' id='word_1_278' title='bbox 1072 3470 1491 3524; x_wconf 80' lang='lat' dir='ltr'><strong>demonStrasset</strong></span> <span class='ocrx_word' id='word_1_279' title='bbox 1512 3462 1683 3530; x_wconf 90' lang='lat' dir='ltr'><strong>ipsum</strong></span> <span class='ocrx_word' id='word_1_280' title='bbox 1709 3471 1829 3513; x_wconf 88' lang='lat' dir='ltr'><strong>esse</strong></span> <span class='ocrx_word' id='word_1_281' title='bbox 1854 3454 2091 3510; x_wconf 90' lang='lat' dir='ltr'><strong>omnium</strong></span> 
     </span>
    </p>
   </div>
   <div class='ocr_carea' id='block_1_35' title="bbox 513 3551 2093 3631">
    <p class='ocr_par' dir='ltr' id='par_1_35' title="bbox 513 3551 2093 3631">
     <span class='ocr_line' id='line_1_35' title="bbox 513 3551 2093 3631; baseline -0.02 -2"><span class='ocrx_word' id='word_1_282' title='bbox 513 3588 691 3628; x_wconf 84' lang='lat' dir='ltr'><strong>rerum</strong></span> <span class='ocrx_word' id='word_1_283' title='bbox 721 3577 1020 3625; x_wconf 89' lang='lat' dir='ltr'><strong>creatarum</strong></span> <span class='ocrx_word' id='word_1_284' title='bbox 1071 3563 1328 3631; x_wconf 85' lang='lat' dir='ltr'><strong>Opificem</strong></span> <span class='ocrx_word' id='word_1_285' title='bbox 1350 3600 1363 3624; x_wconf 90' lang='lat'><strong>,</strong></span> <span class='ocrx_word' id='word_1_286' title='bbox 1394 3569 1501 3609; x_wconf 92' lang='lat' dir='ltr'><strong>non</strong></span> <span class='ocrx_word' id='word_1_287' title='bbox 1532 3551 1831 3606; x_wconf 90' lang='lat' dir='ltr'><strong>crediturus</strong></span> <span class='ocrx_word' id='word_1_288' title='bbox 1860 3554 1976 3600; x_wconf 91' lang='lat' dir='ltr'><strong>erat</strong></span> <span class='ocrx_word' id='word_1_289' title='bbox 1997 3559 2093 3613; x_wconf 87' lang='lat' dir='ltr'><strong>po-</strong></span> 
     </span>
    </p>
   </div>
   <div class='ocr_carea' id='block_1_36' title="bbox 516 3637 2097 3735">
    <p class='ocr_par' dir='ltr' id='par_1_36' title="bbox 516 3637 2097 3735">
     <span class='ocr_line' id='line_1_36' title="bbox 516 3637 2097 3735; baseline -0.022 -14"><span class='ocrx_word' id='word_1_290' title='bbox 516 3667 669 3735; x_wconf 90' lang='lat' dir='ltr'><strong>pulus</strong></span> <span class='ocrx_word' id='word_1_291' title='bbox 696 3665 859 3718; x_wconf 89' lang='lat' dir='ltr'><strong>Deum</strong></span> <span class='ocrx_word' id='word_1_292' title='bbox 897 3658 1089 3713; x_wconf 88' lang='lat' dir='ltr'><strong>fecisse</strong></span> <span class='ocrx_word' id='word_1_293' title='bbox 1115 3653 1300 3708; x_wconf 71' lang='lat' dir='ltr'><strong>cmlum</strong></span> <span class='ocrx_word' id='word_1_294' title='bbox 1332 3659 1385 3704; x_wconf 90' lang='lat' dir='ltr'><strong>et</strong></span> <span class='ocrx_word' id='word_1_295' title='bbox 1407 3656 1624 3701; x_wconf 85' lang='lat' dir='ltr'><strong>terram.</strong></span> <span class='ocrx_word' id='word_1_296' title='bbox 1671 3638 1923 3696; x_wconf 86' lang='lat' dir='ltr'><strong>Extendit</strong></span> <span class='ocrx_word' id='word_1_297' title='bbox 1952 3637 2097 3704; x_wconf 88' lang='lat' dir='ltr'><strong>prius</strong></span> 
     </span>
    </p>
   </div>
   <div class='ocr_carea' id='block_1_37' title="bbox 522 3729 2096 3824">
    <p class='ocr_par' dir='ltr' id='par_1_37' title="bbox 522 3729 2096 3824">
     <span class='ocr_line' id='line_1_37' title="bbox 522 3729 2096 3824; baseline -0.02 -12"><span class='ocrx_word' id='word_1_298' title='bbox 522 3757 734 3824; x_wconf 85' lang='lat' dir='ltr'><strong>Moyses</strong></span> <span class='ocrx_word' id='word_1_299' title='bbox 763 3765 955 3806; x_wconf 83' lang='lat' dir='ltr'><strong>manus</strong></span> <span class='ocrx_word' id='word_1_300' title='bbox 993 3761 1116 3801; x_wconf 85' lang='lat' dir='ltr'><strong>suas</strong></span> <span class='ocrx_word' id='word_1_301' title='bbox 1140 3746 1190 3797; x_wconf 91' lang='lat' dir='ltr'><strong>in</strong></span> <span class='ocrx_word' id='word_1_302' title='bbox 1216 3743 1434 3805; x_wconf 55' lang='lat' dir='ltr'><strong>caelum,</strong></span> <span class='ocrx_word' id='word_1_303' title='bbox 1463 3746 1514 3793; x_wconf 90' lang='lat' dir='ltr'><strong>et</strong></span> <span class='ocrx_word' id='word_1_304' title='bbox 1540 3734 1748 3791; x_wconf 88' lang='lat' dir='ltr'><strong>demisit</strong></span> <span class='ocrx_word' id='word_1_305' title='bbox 1782 3729 2096 3800; x_wconf 89' lang='lat' dir='ltr'><strong>grandinem</strong></span> 
     </span>
    </p>
   </div>
   <div class='ocr_carea' id='block_1_38' title="bbox 518 3823 2093 3916">
    <p class='ocr_par' dir='ltr' id='par_1_38' title="bbox 518 3823 2093 3916">
     <span class='ocr_line' id='line_1_38' title="bbox 518 3823 2093 3916; baseline -0.02 -14"><span class='ocrx_word' id='word_1_306' title='bbox 518 3860 572 3902; x_wconf 86' lang='lat' dir='ltr'><strong>et</strong></span> <span class='ocrx_word' id='word_1_307' title='bbox 614 3823 791 3916; x_wconf 83' lang='lat' dir='ltr'><strong>ignem</strong></span> <span class='ocrx_word' id='word_1_308' title='bbox 815 3884 828 3906; x_wconf 91' lang='lat'><strong>,</strong></span> <span class='ocrx_word' id='word_1_309' title='bbox 860 3839 1149 3906; x_wconf 90' lang='lat' dir='ltr'><strong>didicitque</strong></span> <span class='ocrx_word' id='word_1_310' title='bbox 1192 3832 1415 3903; x_wconf 86' lang='lat' dir='ltr'><strong>pepulus</strong></span> <span class='ocrx_word' id='word_1_311' title='bbox 1455 3843 1552 3899; x_wconf 88' lang='lat' dir='ltr'><strong>per</strong></span> <span class='ocrx_word' id='word_1_312' title='bbox 1588 3823 1798 3879; x_wconf 87' lang='lat' dir='ltr'><strong>ﬁdelem</strong></span> <span class='ocrx_word' id='word_1_313' title='bbox 1844 3834 2093 3881; x_wconf 88' lang='lat' dir='ltr'><strong>servum,</strong></span> 
     </span>
    </p>
   </div>
   <div class='ocr_carea' id='block_1_39' title="bbox 519 3908 2099 3991">
    <p class='ocr_par' dir='ltr' id='par_1_39' title="bbox 519 3908 2099 3991">
     <span class='ocr_line' id='line_1_39' title="bbox 519 3908 2099 3991; baseline -0.02 -1"><span class='ocrx_word' id='word_1_314' title='bbox 519 3940 662 3991; x_wconf 85' lang='lat' dir='ltr'><strong>illam</strong></span> <span class='ocrx_word' id='word_1_315' title='bbox 692 3931 967 3988; x_wconf 85' lang='lat' dir='ltr'><strong>mortalem</strong></span> <span class='ocrx_word' id='word_1_316' title='bbox 997 3928 1271 3981; x_wconf 80' lang='lat' dir='ltr'><strong>dexteram</strong></span> <span class='ocrx_word' id='word_1_317' title='bbox 1299 3920 1463 3975; x_wconf 89' lang='lat' dir='ltr'><strong>verbo</strong></span> <span class='ocrx_word' id='word_1_318' title='bbox 1495 3916 1588 3970; x_wconf 89' lang='lat' dir='ltr'><strong>Dei</strong></span> <span class='ocrx_word' id='word_1_319' title='bbox 1633 3922 1831 3967; x_wconf 90' lang='lat' dir='ltr'><strong>motam</strong></span> <span class='ocrx_word' id='word_1_320' title='bbox 1854 3952 1869 3976; x_wconf 93' lang='lat'><strong>,</strong></span> <span class='ocrx_word' id='word_1_321' title='bbox 1910 3908 2099 3963; x_wconf 69' lang='lat' dir='ltr'><strong>cadum</strong></span> 
     </span>
    </p>
   </div>
   <div class='ocr_carea' id='block_1_40' title="bbox 521 3999 2103 4083">
    <p class='ocr_par' dir='ltr' id='par_1_40' title="bbox 521 3999 2103 4083">
     <span class='ocr_line' id='line_1_40' title="bbox 521 3999 2103 4083; baseline -0.016 -6"><span class='ocrx_word' id='word_1_322' title='bbox 521 4023 854 4083; x_wconf 87' lang='lat' dir='ltr'><strong>turbavisse,</strong></span> <span class='ocrx_word' id='word_1_323' title='bbox 904 4028 957 4073; x_wconf 90' lang='lat' dir='ltr'><strong>et</strong></span> <span class='ocrx_word' id='word_1_324' title='bbox 1000 4023 1297 4070; x_wconf 85' lang='lat' dir='ltr'><strong>creaturam</strong></span> <span class='ocrx_word' id='word_1_325' title='bbox 1342 4004 1743 4063; x_wconf 89' lang='lat' dir='ltr'><strong>commiscuisse</strong></span> <span class='ocrx_word' id='word_1_326' title='bbox 1777 4019 1789 4053; x_wconf 88' lang='lat'><strong>:</strong></span> <span class='ocrx_word' id='word_1_327' title='bbox 1828 3999 2103 4066; x_wconf 87' lang='lat' dir='ltr'><strong>multoque</strong></span> 
     </span>
    </p>
   </div>
   <div class='ocr_carea' id='block_1_41' title="bbox 524 4090 2103 4186">
    <p class='ocr_par' dir='ltr' id='par_1_41' title="bbox 524 4090 2103 4186">
     <span class='ocr_line' id='line_1_41' title="bbox 524 4090 2103 4186; baseline -0.022 -14"><span class='ocrx_word' id='word_1_328' title='bbox 524 4115 716 4186; x_wconf 86' lang='lat' dir='ltr'><strong>potiori</strong></span> <span class='ocrx_word' id='word_1_329' title='bbox 745 4112 948 4165; x_wconf 79' lang='lat' dir='ltr'><strong>ratione</strong></span> <span class='ocrx_word' id='word_1_330' title='bbox 976 4108 1069 4160; x_wconf 90' lang='lat' dir='ltr'><strong>Dei</strong></span> <span class='ocrx_word' id='word_1_331' title='bbox 1097 4103 1332 4173; x_wconf 81' lang='lat' dir='ltr'><strong>jubentis</strong></span> <span class='ocrx_word' id='word_1_332' title='bbox 1358 4099 1633 4153; x_wconf 80' lang='lat' dir='ltr'><strong>dexteram</strong></span> <span class='ocrx_word' id='word_1_333' title='bbox 1672 4090 1968 4145; x_wconf 86' lang='lat' dir='ltr'><strong>lirtnavisse</strong></span> <span class='ocrx_word' id='word_1_334' title='bbox 1996 4102 2103 4142; x_wconf 75' lang='lat' dir='ltr'><strong>cm-</strong></span> 
     </span>
    </p>
   </div>
   <div class='ocr_carea' id='block_1_42' title="bbox 522 4186 2107 4262">
    <p class='ocr_par' dir='ltr' id='par_1_42' title="bbox 522 4186 2107 4262">
     <span class='ocr_line' id='line_1_42' title="bbox 522 4186 2107 4262; baseline -0.021 0"><span class='ocrx_word' id='word_1_335' title='bbox 522 4209 630 4262; x_wconf 91' lang='lat' dir='ltr'><strong>lum</strong></span> <span class='ocrx_word' id='word_1_336' title='bbox 659 4215 711 4259; x_wconf 93' lang='lat' dir='ltr'><strong>et</strong></span> <span class='ocrx_word' id='word_1_337' title='bbox 734 4200 984 4257; x_wconf 82' lang='lat' dir='ltr'><strong>fundasse</strong></span> <span class='ocrx_word' id='word_1_338' title='bbox 1010 4208 1229 4251; x_wconf 90' lang='lat' dir='ltr'><strong>terram.</strong></span> <span class='ocrx_word' id='word_1_339' title='bbox 1258 4192 1424 4245; x_wconf 83' lang='lat' dir='ltr'><strong>Nemo</strong></span> <span class='ocrx_word' id='word_1_340' title='bbox 1446 4186 1586 4242; x_wconf 90' lang='lat' dir='ltr'><strong>enim</strong></span> <span class='ocrx_word' id='word_1_341' title='bbox 1613 4192 1911 4237; x_wconf 84' lang='lat' dir='ltr'><strong>creaturam</strong></span> <span class='ocrx_word' id='word_1_342' title='bbox 1932 4186 2107 4232; x_wconf 85' lang='lat' dir='ltr'><strong>movet</strong></span> 
     </span>
    </p>
   </div>
   <div class='ocr_carea' id='block_1_43' title="bbox 522 4269 2107 4364">
    <p class='ocr_par' dir='ltr' id='par_1_43' title="bbox 522 4269 2107 4364">
     <span class='ocr_line' id='line_1_43' title="bbox 522 4269 2107 4364; baseline -0.018 -14"><span class='ocrx_word' id='word_1_343' title='bbox 522 4297 609 4364; x_wconf 88' lang='lat' dir='ltr'><strong>qui</strong></span> <span class='ocrx_word' id='word_1_344' title='bbox 640 4310 745 4349; x_wconf 91' lang='lat' dir='ltr'><strong>non</strong></span> <span class='ocrx_word' id='word_1_345' title='bbox 773 4300 958 4346; x_wconf 89' lang='lat' dir='ltr'><strong>auctor</strong></span> <span class='ocrx_word' id='word_1_346' title='bbox 978 4288 1094 4358; x_wconf 86' lang='lat' dir='ltr'><strong>ejus</strong></span> <span class='ocrx_word' id='word_1_347' title='bbox 1124 4287 1209 4339; x_wconf 90' lang='lat' dir='ltr'><strong>sit.</strong></span> <span class='ocrx_word' id='word_1_348' title='bbox 1230 4277 1627 4337; x_wconf 88' lang='lat' dir='ltr'><strong>Ostendendum</strong></span> <span class='ocrx_word' id='word_1_349' title='bbox 1649 4287 1775 4343; x_wconf 88' lang='lat' dir='ltr'><strong>ergo</strong></span> <span class='ocrx_word' id='word_1_350' title='bbox 1803 4278 1921 4326; x_wconf 89' lang='lat' dir='ltr'><strong>erat</strong></span> <span class='ocrx_word' id='word_1_351' title='bbox 1942 4269 2107 4323; x_wconf 87' lang='lat' dir='ltr'><strong>Deum</strong></span> 
     </span>
    </p>
   </div>
   <div class='ocr_carea' id='block_1_44' title="bbox 523 4363 2104 4439">
    <p class='ocr_par' dir='ltr' id='par_1_44' title="bbox 523 4363 2104 4439">
     <span class='ocr_line' id='line_1_44' title="bbox 523 4363 2104 4439; baseline -0.017 0"><span class='ocrx_word' id='word_1_352' title='bbox 523 4385 713 4439; x_wconf 89' lang='lat' dir='ltr'><strong>fecisse</strong></span> <span class='ocrx_word' id='word_1_353' title='bbox 744 4393 978 4437; x_wconf 88' lang='lat' dir='ltr'><strong>terram:</strong></span> <span class='ocrx_word' id='word_1_354' title='bbox 1009 4375 1250 4433; x_wconf 77' lang='lat' dir='ltr'><strong>extendit</strong></span> <span class='ocrx_word' id='word_1_355' title='bbox 1297 4372 1505 4439; x_wconf 80' lang='lat' dir='ltr'><strong>Moyses</strong></span> <span class='ocrx_word' id='word_1_356' title='bbox 1532 4379 1745 4421; x_wconf 90' lang='lat' dir='ltr'><strong>manum</strong></span> <span class='ocrx_word' id='word_1_357' title='bbox 1790 4363 1841 4416; x_wconf 89' lang='lat' dir='ltr'><strong>in</strong></span> <span class='ocrx_word' id='word_1_358' title='bbox 1877 4371 2070 4415; x_wconf 90' lang='lat' dir='ltr'><strong>terram</strong></span> <span class='ocrx_word' id='word_1_359' title='bbox 2090 4400 2104 4424; x_wconf 90' lang='lat'><strong>,</strong></span> 
     </span>
    </p>
   </div>
   <div class='ocr_carea' id='block_1_45' title="bbox 525 4450 2110 4536">
    <p class='ocr_par' dir='ltr' id='par_1_45' title="bbox 525 4450 2110 4536">
     <span class='ocr_line' id='line_1_45' title="bbox 525 4450 2110 4536; baseline -0.018 -6"><span class='ocrx_word' id='word_1_360' title='bbox 525 4485 578 4530; x_wconf 90' lang='lat' dir='ltr'><strong>et</strong></span> <span class='ocrx_word' id='word_1_361' title='bbox 591 4475 833 4529; x_wconf 84' lang='lat' dir='ltr'><strong>exierunt</strong></span> <span class='ocrx_word' id='word_1_362' title='bbox 847 4470 1131 4536; x_wconf 84' lang='lat' dir='ltr'><strong>sciniphes.</strong></span> <span class='ocrx_word' id='word_1_363' title='bbox 1144 4459 1618 4517; x_wconf 81' lang='lat' dir='ltr'><strong>Demonstrandum</strong></span> <span class='ocrx_word' id='word_1_364' title='bbox 1636 4454 1810 4508; x_wconf 91' lang='lat' dir='ltr'><strong>denuo</strong></span> <span class='ocrx_word' id='word_1_365' title='bbox 1826 4450 2110 4506; x_wconf 87' lang='lat' dir='ltr'><strong>eratDeum</strong></span> 
     </span>
    </p>
   </div>
   <div class='ocr_carea' id='block_1_46' title="bbox 528 4540 2107 4631">
    <p class='ocr_par' dir='ltr' id='par_1_46' title="bbox 528 4540 2107 4631">
     <span class='ocr_line' id='line_1_46' title="bbox 528 4540 2107 4631; baseline -0.02 -10"><span class='ocrx_word' id='word_1_366' title='bbox 528 4566 719 4621; x_wconf 84' lang='lat' dir='ltr'><strong>fecisse</strong></span> <span class='ocrx_word' id='word_1_367' title='bbox 769 4565 942 4631; x_wconf 89' lang='lat' dir='ltr'><strong>ignem</strong></span> <span class='ocrx_word' id='word_1_368' title='bbox 972 4576 984 4611; x_wconf 75' lang='grc' dir='ltr'>ε</span> <span class='ocrx_word' id='word_1_369' title='bbox 1016 4556 1220 4623; x_wconf 90' lang='lat' dir='ltr'><strong>accepit</strong></span> <span class='ocrx_word' id='word_1_370' title='bbox 1264 4552 1471 4620; x_wconf 86' lang='lat' dir='ltr'><strong>Moyses</strong></span> <span class='ocrx_word' id='word_1_371' title='bbox 1502 4545 1735 4600; x_wconf 73' lang='lat' dir='ltr'><strong>favillam</strong></span> <span class='ocrx_word' id='word_1_372' title='bbox 1764 4542 1830 4595; x_wconf 89' lang='lat' dir='ltr'><strong>de</strong></span> <span class='ocrx_word' id='word_1_373' title='bbox 1858 4540 2107 4601; x_wconf 82' lang='lat' dir='ltr'><strong>fornace,</strong></span> 
     </span>
    </p>
   </div>
   <div class='ocr_carea' id='block_1_47' title="bbox 527 4630 2112 4726">
    <p class='ocr_par' dir='ltr' id='par_1_47' title="bbox 527 4630 2112 4726">
     <span class='ocr_line' id='line_1_47' title="bbox 527 4630 2112 4726; baseline -0.02 -12"><span class='ocrx_word' id='word_1_374' title='bbox 527 4671 581 4715; x_wconf 91' lang='lat' dir='ltr'><strong>et</strong></span> <span class='ocrx_word' id='word_1_375' title='bbox 608 4657 832 4726; x_wconf 86' lang='lat' dir='ltr'><strong>sparsit,</strong></span> <span class='ocrx_word' id='word_1_376' title='bbox 862 4663 916 4708; x_wconf 91' lang='lat' dir='ltr'><strong>et</strong></span> <span class='ocrx_word' id='word_1_377' title='bbox 942 4648 1310 4720; x_wconf 62' lang='lat' dir='ltr'><strong>JEgyptiorum</strong></span> <span class='ocrx_word' id='word_1_378' title='bbox 1343 4655 1564 4709; x_wconf 87' lang='lat' dir='ltr'><strong>corpora</strong></span> <span class='ocrx_word' id='word_1_379' title='bbox 1601 4630 2112 4705; x_wconf 83' lang='lat' dir='ltr'><strong>replevitulceribns</strong></span> 
     </span>
    </p>
   </div>
   <div class='ocr_carea' id='block_1_48' title="bbox 529 4722 2112 4805">
    <p class='ocr_par' dir='ltr' id='par_1_48' title="bbox 529 4722 2112 4805">
     <span class='ocr_line' id='line_1_48' title="bbox 529 4722 2112 4805; baseline -0.02 -1"><span class='ocrx_word' id='word_1_380' title='bbox 529 4750 757 4805; x_wconf 74' lang='lat' dir='ltr'><strong>flammae</strong></span> <span class='ocrx_word' id='word_1_381' title='bbox 802 4748 968 4800; x_wconf 85' lang='lat' dir='ltr'><strong>instar</strong></span> <span class='ocrx_word' id='word_1_382' title='bbox 990 4737 1334 4795; x_wconf 74' lang='lat' dir='ltr'><strong>ferventibus.</strong></span> <span class='ocrx_word' id='word_1_383' title='bbox 1364 4728 1764 4787; x_wconf 88' lang='lat' dir='ltr'><strong>Ostendendum</strong></span> <span class='ocrx_word' id='word_1_384' title='bbox 1803 4733 1919 4779; x_wconf 88' lang='lat' dir='ltr'><strong>erat</strong></span> <span class='ocrx_word' id='word_1_385' title='bbox 1949 4722 2112 4775; x_wconf 91' lang='lat' dir='ltr'><strong>Deum</strong></span> 
     </span>
    </p>
   </div>
   <div class='ocr_carea' id='block_1_49' title="bbox 529 4810 2114 4905">
    <p class='ocr_par' dir='ltr' id='par_1_49' title="bbox 529 4810 2114 4905">
     <span class='ocr_line' id='line_1_49' title="bbox 529 4810 2114 4905; baseline -0.019 -11"><span class='ocrx_word' id='word_1_386' title='bbox 529 4839 720 4894; x_wconf 76' lang='lat' dir='ltr'><strong>fecisse</strong></span> <span class='ocrx_word' id='word_1_387' title='bbox 750 4849 939 4905; x_wconf 86' lang='lat' dir='ltr'><strong>aquam</strong></span> <span class='ocrx_word' id='word_1_388' title='bbox 976 4851 988 4887; x_wconf 96' lang='lat'>:</span> <span class='ocrx_word' id='word_1_389' title='bbox 1020 4838 1217 4885; x_wconf 90' lang='lat' dir='ltr'><strong>mutata</strong></span> <span class='ocrx_word' id='word_1_390' title='bbox 1246 4836 1327 4881; x_wconf 89' lang='lat' dir='ltr'><strong>est</strong></span> <span class='ocrx_word' id='word_1_391' title='bbox 1354 4837 1488 4892; x_wconf 89' lang='lat' dir='ltr'><strong>aqua</strong></span> <span class='ocrx_word' id='word_1_392' title='bbox 1519 4821 1568 4873; x_wconf 91' lang='lat' dir='ltr'><strong>in</strong></span> <span class='ocrx_word' id='word_1_393' title='bbox 1596 4815 1929 4886; x_wconf 86' lang='lat' dir='ltr'><strong>sanguinem.</strong></span> <span class='ocrx_word' id='word_1_394' title='bbox 1961 4810 2114 4866; x_wconf 85' lang='lat' dir='ltr'><strong>Mon-</strong></span> 
     </span>
    </p>
   </div>
   <div class='ocr_carea' id='block_1_50' title="bbox 528 4905 2115 4985">
    <p class='ocr_par' dir='ltr' id='par_1_50' title="bbox 528 4905 2115 4985">
     <span class='ocr_line' id='line_1_50' title="bbox 528 4905 2115 4985; baseline -0.018 0"><span class='ocrx_word' id='word_1_395' title='bbox 528 4929 804 4985; x_wconf 89' lang='lat' dir='ltr'><strong>strandum</strong></span> <span class='ocrx_word' id='word_1_396' title='bbox 829 4935 943 4980; x_wconf 90' lang='lat' dir='ltr'><strong>crat</strong></span> <span class='ocrx_word' id='word_1_397' title='bbox 969 4924 1157 4978; x_wconf 79' lang='lat' dir='ltr'><strong>fecisse</strong></span> <span class='ocrx_word' id='word_1_398' title='bbox 1188 4934 1334 4973; x_wconf 91' lang='lat' dir='ltr'><strong>mare</strong></span> <span class='ocrx_word' id='word_1_399' title='bbox 1366 4933 1379 4967; x_wconf 84' lang='lat'><strong>:</strong></span> <span class='ocrx_word' id='word_1_400' title='bbox 1410 4928 1557 4968; x_wconf 89' lang='lat' dir='ltr'><strong>mare</strong></span> <span class='ocrx_word' id='word_1_401' title='bbox 1581 4919 1635 4965; x_wconf 87' lang='lat' dir='ltr'><strong>ut</strong></span> <span class='ocrx_word' id='word_1_402' title='bbox 1666 4920 1816 4979; x_wconf 89' lang='lat' dir='ltr'><strong>petra</strong></span> <span class='ocrx_word' id='word_1_403' title='bbox 1843 4907 1989 4961; x_wconf 89' lang='lat' dir='ltr'><strong>stetit</strong></span> <span class='ocrx_word' id='word_1_404' title='bbox 2018 4905 2115 4975; x_wconf 91' lang='lat' dir='ltr'><strong>(a),</strong></span> 
     </span>
    </p>
   </div>
   <div class='ocr_carea' id='block_1_51' title="bbox 529 4995 2120 5084">
    <p class='ocr_par' dir='ltr' id='par_1_51' title="bbox 529 4995 2120 5084">
     <span class='ocr_line' id='line_1_51' title="bbox 529 4995 2120 5084; baseline -0.017 -10"><span class='ocrx_word' id='word_1_405' title='bbox 529 5029 581 5075; x_wconf 92' lang='lat' dir='ltr'><strong>et</strong></span> <span class='ocrx_word' id='word_1_406' title='bbox 613 5016 855 5072; x_wconf 75' lang='lat' dir='ltr'><strong>transivit</strong></span> <span class='ocrx_word' id='word_1_407' title='bbox 882 5014 1133 5084; x_wconf 88' lang='lat' dir='ltr'><strong>populus.</strong></span> <span class='ocrx_word' id='word_1_408' title='bbox 1163 5010 1344 5063; x_wconf 89' lang='lat' dir='ltr'><strong>Primo</strong></span> <span class='ocrx_word' id='word_1_409' title='bbox 1382 5007 1556 5073; x_wconf 87' lang='lat' dir='ltr'><strong>itaque</strong></span> <span class='ocrx_word' id='word_1_410' title='bbox 1583 5016 1673 5071; x_wconf 88' lang='lat' dir='ltr'><strong>per</strong></span> <span class='ocrx_word' id='word_1_411' title='bbox 1696 5014 1856 5069; x_wconf 88' lang='lat' dir='ltr'><strong>opera</strong></span> <span class='ocrx_word' id='word_1_412' title='bbox 1886 4995 2120 5049; x_wconf 88' lang='lat' dir='ltr'><strong>ostendit</strong></span> 
     </span>
    </p>
   </div>
   <div class='ocr_carea' id='block_1_52' title="bbox 533 5087 2121 5165">
    <p class='ocr_par' dir='ltr' id='par_1_52' title="bbox 533 5087 2121 5165">
     <span class='ocr_line' id='line_1_52' title="bbox 533 5087 2121 5165; baseline -0.016 0"><span class='ocrx_word' id='word_1_413' title='bbox 533 5124 655 5165; x_wconf 91' lang='lat' dir='ltr'><strong>eum</strong></span> <span class='ocrx_word' id='word_1_414' title='bbox 682 5122 802 5161; x_wconf 68' lang='lat' dir='ltr'><strong>esse</strong></span> <span class='ocrx_word' id='word_1_415' title='bbox 848 5104 1165 5164; x_wconf 82' lang='lat' dir='ltr'><strong>Dominum,</strong></span> <span class='ocrx_word' id='word_1_416' title='bbox 1208 5096 1507 5164; x_wconf 90' lang='lat' dir='ltr'><strong>deindeque</strong></span> <span class='ocrx_word' id='word_1_417' title='bbox 1540 5091 1718 5145; x_wconf 88' lang='lat' dir='ltr'><strong>verbis</strong></span> <span class='ocrx_word' id='word_1_418' title='bbox 1760 5087 1973 5143; x_wconf 89' lang='lat' dir='ltr'><strong>edocuit</strong></span> <span class='ocrx_word' id='word_1_419' title='bbox 2001 5098 2121 5139; x_wconf 91' lang='lat' dir='ltr'><strong>esse</strong></span> 
     </span>
    </p>
   </div>
   <div class='ocr_carea' id='block_1_53' title="bbox 534 5202 814 5270">
    <p class='ocr_par' dir='ltr' id='par_1_53' title="bbox 534 5202 814 5270">
     <span class='ocr_line' id='line_1_53' title="bbox 534 5202 814 5270; baseline -0.032 -12"><span class='ocrx_word' id='word_1_420' title='bbox 534 5202 814 5270; x_wconf 70' lang='lat' dir='ltr'><strong>Opillf‘t‘ﬂl.</strong></span> 
     </span>
    </p>
   </div>
   <div class='ocr_carea' id='block_1_54' title="bbox 603 5263 2118 5352">
    <p class='ocr_par' dir='ltr' id='par_1_54' title="bbox 603 5263 2118 5352">
     <span class='ocr_line' id='line_1_54' title="bbox 603 5263 2118 5352; baseline -0.02 -6"><span class='ocrx_word' id='word_1_421' title='bbox 603 5294 657 5346; x_wconf 75' lang='lat'><strong>9..</strong></span> <span class='ocrx_word' id='word_1_422' title='bbox 681 5291 908 5345; x_wconf 75' lang='lat' dir='ltr'><strong>Christus</strong></span> <span class='ocrx_word' id='word_1_423' title='bbox 934 5294 1049 5337; x_wconf 84' lang='lat' dir='ltr'><strong>ante</strong></span> <span class='ocrx_word' id='word_1_424' title='bbox 1077 5280 1482 5352; x_wconf 69' lang='lat' dir='ltr'><strong>prmdicationcm</strong></span> <span class='ocrx_word' id='word_1_425' title='bbox 1508 5274 1673 5327; x_wconf 84' lang='lat' dir='ltr'><strong>docuit</strong></span> <span class='ocrx_word' id='word_1_426' title='bbox 1698 5287 1751 5325; x_wconf 84' lang='lat' dir='ltr'><strong>se</strong></span> <span class='ocrx_word' id='word_1_427' title='bbox 1777 5264 1953 5321; x_wconf 82' lang='lat' dir='ltr'><strong>mundi</strong></span> <span class='ocrx_word' id='word_1_428' title='bbox 1987 5263 2118 5329; x_wconf 88' lang='lat' dir='ltr'><strong>Opi-</strong></span> 
     </span>
    </p>
   </div>
   <div class='ocr_carea' id='block_1_55' title="bbox 537 5358 2127 5453">
    <p class='ocr_par' dir='ltr' id='par_1_55' title="bbox 537 5358 2127 5453">
     <span class='ocr_line' id='line_1_55' title="bbox 537 5358 2127 5453; baseline -0.019 -17"><span class='ocrx_word' id='word_1_429' title='bbox 537 5385 681 5453; x_wconf 79' lang='lat' dir='ltr'><strong>ﬁccm</strong></span> <span class='ocrx_word' id='word_1_430' title='bbox 702 5395 825 5433; x_wconf 86' lang='lat' dir='ltr'><strong>esse.</strong></span> <span class='ocrx_word' id='word_1_431' title='bbox 854 5373 1105 5429; x_wconf 84' lang='lat' dir='ltr'><strong>Miracula</strong></span> <span class='ocrx_word' id='word_1_432' title='bbox 1132 5372 1257 5437; x_wconf 80' lang='lat' dir='ltr'><strong>ﬁdes</strong></span> <span class='ocrx_word' id='word_1_433' title='bbox 1277 5370 1516 5438; x_wconf 73' lang='lat' dir='ltr'><strong>sequitur.</strong></span> <span class='ocrx_word' id='word_1_434' title='bbox 1538 5394 1606 5404; x_wconf 94' lang='lat'>—</span> <span class='ocrx_word' id='word_1_435' title='bbox 1630 5363 1717 5418; x_wconf 88' lang='lat' dir='ltr'><strong>Sic</strong></span> <span class='ocrx_word' id='word_1_436' title='bbox 1750 5362 1909 5415; x_wconf 85' lang='lat' dir='ltr'><strong>etiam</strong></span> <span class='ocrx_word' id='word_1_437' title='bbox 1934 5358 2127 5410; x_wconf 79' lang='lat' dir='ltr'><strong>Serva-</strong></span> 
     </span>
    </p>
   </div>
   <div class='ocr_carea' id='block_1_56' title="bbox 571 5456 2124 5593">
    <p class='ocr_par' dir='ltr' id='par_1_56' title="bbox 571 5456 2124 5593">
     <span class='ocr_line' id='line_1_56' title="bbox 571 5456 2124 5593; baseline -0.017 -75"><span class='ocrx_word' id='word_1_438' title='bbox 571 5474 617 5593; x_wconf 63' lang='lat' dir='ltr'><strong>,T’</strong></span> <span class='ocrx_word' id='word_1_439' title='bbox 657 5476 796 5579; x_wconf 53' lang='lat' dir='ltr'><strong>.tuxta</strong></span> <span class='ocrx_word' id='word_1_440' title='bbox 829 5462 1196 5517; x_wconf 75' lang='lat' dir='ltr'><strong>Combefisium,</strong></span> <span class='ocrx_word' id='word_1_441' title='bbox 1220 5456 1489 5518; x_wconf 83' lang='lat' dir='ltr'><strong>legendum</strong></span> <span class='ocrx_word' id='word_1_442' title='bbox 1517 5460 1609 5513; x_wconf 90' lang='lat' dir='ltr'><strong>est,</strong></span> <span class='ocrx_word' id='word_1_443' title='bbox 1635 5457 1931 5515; x_wconf 59' lang='lat' dir='ltr'><strong>praeceptum</strong></span> <span class='ocrx_word' id='word_1_444' title='bbox 1954 5482 1967 5505; x_wconf 88' lang='lat'><strong>,</strong></span> <span class='ocrx_word' id='word_1_445' title='bbox 2004 5458 2090 5507; x_wconf 78' lang='lat' dir='ltr'><strong>pro</strong></span> <span class='ocrx_word' id='word_1_446' title='bbox 2109 5479 2124 5503; x_wconf 92' lang='lat'><strong>,</strong></span> 
     </span>
     <span class='ocr_line' id='line_1_57' title="bbox 607 5544 779 5579; baseline -0.012 0"><span class='ocrx_word' id='word_1_447' title='bbox 607 5544 660 5579; x_wconf 76' lang='lat' dir='ltr'><strong>ec</strong></span> <span class='ocrx_word' id='word_1_448' title='bbox 684 5544 779 5577; x_wconf 87' lang='lat' dir='ltr'><strong>um.</strong></span> 
     </span>
     <span class='ocr_line' id='line_1_58' title="bbox 717 5566 2105 5593; baseline 0 0"><span class='ocrx_word' id='word_1_449' title='bbox 717 5590 734 5593; x_wconf 83' lang='lat'><em>_</em></span> <span class='ocrx_word' id='word_1_450' title='bbox 1215 5592 1221 5593; x_wconf 61' lang='lat'><strong><em>,</em></strong></span> <span class='ocrx_word' id='word_1_451' title='bbox 1256 5592 1263 5593; x_wconf 60' lang='lat'><strong><em>,</em></strong></span> <span class='ocrx_word' id='word_1_452' title='bbox 1297 5591 1304 5593; x_wconf 75' lang='lat'><strong><em>_</em></strong></span> <span class='ocrx_word' id='word_1_453' title='bbox 1467 5572 1780 5593; x_wconf 67' lang='grc' dir='ltr'><strong>η-..ι.,.η,.;.....</strong></span> <span class='ocrx_word' id='word_1_454' title='bbox 1804 5572 1948 5593; x_wconf 63' lang='grc' dir='ltr'><strong>..η-..ει</strong></span> <span class='ocrx_word' id='word_1_455' title='bbox 2010 5566 2105 5593; x_wconf 55' lang='lat' dir='ltr'><strong>Aa;</strong></span> 
     </span>
    </p>
   </div>
   <div class='ocr_carea' id='block_1_57' title="bbox 538 5538 779 5581">
    <p class='ocr_par' dir='ltr' id='par_1_57' title="bbox 538 5538 779 5581">
     <span class='ocr_line' id='line_1_59' title="bbox 538 5538 779 5581; baseline -0.021 1"><span class='ocrx_word' id='word_1_456' title='bbox 538 5538 779 5581; x_wconf 77' lang='lat' dir='ltr'><strong>aITt&#39;ctum.</strong></span> 
     </span>
    </p>
   </div>
   <div class='ocr_carea' id='block_1_58' title="bbox 604 5566 2129 5652">
    <p class='ocr_par' dir='ltr' id='par_1_58' title="bbox 604 5566 2129 5652">
     <span class='ocr_line' id='line_1_60' title="bbox 604 5566 2129 5652; baseline -0.016 -12"><span class='ocrx_word' id='word_1_457' title='bbox 716 5566 981 5644; x_wconf 62' lang='lat' dir='ltr'><strong>lircrteco,</strong></span> <span class='ocrx_word' id='word_1_458' title='bbox 1009 5594 1182 5652; x_wconf 57' lang='grc' dir='ltr'><strong>ιπιιςρώρη</strong></span> <span class='ocrx_word' id='word_1_459' title='bbox 1204 5592 1228 5638; x_wconf 69' lang='grc' dir='ltr'><strong>ἡ</strong></span> <span class='ocrx_word' id='word_1_460' title='bbox 1252 5591 1429 5628; x_wconf 68' lang='grc' dir='ltr'><strong>θάλασσα.</strong></span> <span class='ocrx_word' id='word_1_461' title='bbox 1466 5572 1783 5652; x_wconf 69' lang='lat' dir='ltr'><strong>Combefisius</strong></span> <span class='ocrx_word' id='word_1_462' title='bbox 1804 5572 1981 5652; x_wconf 70' lang='lat' dir='ltr'><strong>vertit,</strong></span> <span class='ocrx_word' id='word_1_463' title='bbox 2008 5566 2129 5617; x_wconf 85' lang='lat' dir='ltr'><strong>divi-</strong></span> 
     </span>
    </p>
   </div>
   <div class='ocr_carea' id='block_1_59' title="bbox 539 5634 2129 5709">
    <p class='ocr_par' dir='ltr' id='par_1_59' title="bbox 539 5634 2129 5709">
     <span class='ocr_line' id='line_1_61' title="bbox 539 5634 2129 5709; baseline -0.015 -8"><span class='ocrx_word' id='word_1_464' title='bbox 539 5634 737 5703; x_wconf 56' lang='lat' dir='ltr'><strong>sm‘n&#39;est</strong></span> <span class='ocrx_word' id='word_1_465' title='bbox 758 5634 931 5705; x_wconf 68' lang='lat' dir='ltr'><strong>mare,</strong></span> <span class='ocrx_word' id='word_1_466' title='bbox 957 5634 1182 5709; x_wconf 70' lang='lat' dir='ltr'><strong>quasi&#39;ab</strong></span> <span class='ocrx_word' id='word_1_467' title='bbox 1201 5634 1438 5709; x_wconf 39' lang='lat' dir='ltr'><strong>sane...</strong></span> <span class='ocrx_word' id='word_1_468' title='bbox 1457 5678 1467 5693; x_wconf 88' lang='lat'><strong>,</strong></span> <span class='ocrx_word' id='word_1_469' title='bbox 1488 5638 1697 5709; x_wconf 58' lang='lat' dir='ltr'><strong>perfero.</strong></span> <span class='ocrx_word' id='word_1_470' title='bbox 1726 5634 1788 5681; x_wconf 85' lang='lat' dir='ltr'><strong>At</strong></span> <span class='ocrx_word' id='word_1_471' title='bbox 1810 5638 1927 5692; x_wconf 87' lang='lat' dir='ltr'><strong>puto</strong></span> <span class='ocrx_word' id='word_1_472' title='bbox 1951 5641 2129 5700; x_wconf 58' lang='grc' dir='ltr'><strong>ιπιτρὼςη</strong></span> 
     </span>
    </p>
   </div>
   <div class='ocr_carea' id='block_1_60' title="bbox 541 5690 2131 5777">
    <p class='ocr_par' dir='ltr' id='par_1_60' title="bbox 541 5690 2131 5777">
     <span class='ocr_line' id='line_1_62' title="bbox 541 5690 2131 5777; baseline -0.019 -12"><span class='ocrx_word' id='word_1_473' title='bbox 541 5727 569 5763; x_wconf 86' lang='lat' dir='ltr'><strong>a</strong></span> <span class='ocrx_word' id='word_1_474' title='bbox 590 5728 725 5777; x_wconf 60' lang='grc' dir='ltr'><strong>παρέω</strong></span> <span class='ocrx_word' id='word_1_475' title='bbox 744 5690 1089 5760; x_wconf 67' lang='lat' dir='ltr'><strong>deduedndum</strong></span> <span class='ocrx_word' id='word_1_476' title='bbox 1108 5718 1236 5775; x_wconf 77' lang='lat' dir='ltr'><strong>esse,</strong></span> <span class='ocrx_word' id='word_1_477' title='bbox 1262 5690 1498 5777; x_wconf 48' lang='lat' dir='ltr'><strong>in&#39;p‘qlrte&#39;</strong></span> <span class='ocrx_word' id='word_1_478' title='bbox 1510 5690 1737 5745; x_wconf 84' lang='lat' dir='ltr'><strong>naturam</strong></span> <span class='ocrx_word' id='word_1_479' title='bbox 1760 5690 2045 5777; x_wconf 31' lang='lat' dir='ltr'><strong>gnatoqtvam</strong></span> <span class='ocrx_word' id='word_1_480' title='bbox 2064 5690 2131 5736; x_wconf 86' lang='lat' dir='ltr'><strong>ait</strong></span> 
     </span>
    </p>
   </div>
   <div class='ocr_carea' id='block_1_61' title="bbox 542 5752 2132 5836">
    <p class='ocr_par' dir='ltr' id='par_1_61' title="bbox 542 5752 2132 5836">
     <span class='ocr_line' id='line_1_63' title="bbox 542 5752 2132 5836; baseline -0.017 -12"><span class='ocrx_word' id='word_1_481' title='bbox 542 5752 781 5836; x_wconf 64' lang='lat' dir='ltr'><strong>Scrqitura</strong></span> <span class='ocrx_word' id='word_1_482' title='bbox 803 5812 815 5829; x_wconf 90' lang='lat'><strong>,</strong></span> <span class='ocrx_word' id='word_1_483' title='bbox 842 5783 973 5819; x_wconf 88' lang='lat' dir='ltr'><strong>mare</strong></span> <span class='ocrx_word' id='word_1_484' title='bbox 986 5752 1132 5836; x_wconf 52' lang='lat' dir='ltr'><strong>quidsi</strong></span> <span class='ocrx_word' id='word_1_485' title='bbox 1146 5752 1347 5836; x_wconf 60' lang='lat' dir='ltr'><strong>_nuirum&#39;</strong></span> <span class='ocrx_word' id='word_1_486' title='bbox 1367 5758 1548 5836; x_wconf 61' lang='lat' dir='ltr'><strong>fuisse;</strong></span> <span class='ocrx_word' id='word_1_487' title='bbox 1574 5764 1711 5836; x_wconf 62' lang='lat' dir='ltr'><strong>certe</strong></span> <span class='ocrx_word' id='word_1_488' title='bbox 1736 5757 1776 5803; x_wconf 93' lang='lat' dir='ltr'><strong>si</strong></span> <span class='ocrx_word' id='word_1_489' title='bbox 1799 5754 1862 5802; x_wconf 90' lang='lat' dir='ltr'><strong>de</strong></span> <span class='ocrx_word' id='word_1_490' title='bbox 1894 5752 2132 5800; x_wconf 83' lang='lat' dir='ltr'><strong>divisione</strong></span> 
     </span>
    </p>
   </div>
   <div class='ocr_carea' id='block_1_62' title="bbox 542 5818 2130 5894">
    <p class='ocr_par' dir='ltr' id='par_1_62' title="bbox 542 5818 2130 5894">
     <span class='ocr_line' id='line_1_64' title="bbox 542 5818 2130 5894; baseline -0.018 -9"><span class='ocrx_word' id='word_1_491' title='bbox 542 5818 690 5885; x_wconf 76' lang='lat' dir='ltr'><strong>maris</strong></span> <span class='ocrx_word' id='word_1_492' title='bbox 725 5818 989 5894; x_wconf 62' lang='lat' dir='ltr'><strong>agdretur,</strong></span> <span class='ocrx_word' id='word_1_493' title='bbox 1017 5818 1156 5875; x_wconf 64' lang='lat' dir='ltr'><strong>&#39;aliud</strong></span> <span class='ocrx_word' id='word_1_494' title='bbox 1195 5820 1513 5886; x_wconf 66' lang='lat' dir='ltr'><strong>quaerendum</strong></span> <span class='ocrx_word' id='word_1_495' title='bbox 1557 5818 1761 5866; x_wconf 84' lang='lat' dir='ltr'><strong>verbum</strong></span> <span class='ocrx_word' id='word_1_496' title='bbox 1806 5822 1945 5871; x_wconf 86' lang='lat' dir='ltr'><strong>erat,</strong></span> <span class='ocrx_word' id='word_1_497' title='bbox 1986 5823 2130 5874; x_wconf 83' lang='lat' dir='ltr'><strong>quam</strong></span> 
     </span>
    </p>
   </div>
   <div class='ocr_carea' id='block_1_63' title="bbox 548 5911 801 5956">
    <p class='ocr_par' dir='ltr' id='par_1_63' title="bbox 548 5911 801 5956">
     <span class='ocr_line' id='line_1_65' title="bbox 548 5911 801 5956; baseline -0.012 -11"><span class='ocrx_word' id='word_1_498' title='bbox 548 5911 783 5956; x_wconf 68' lang='grc' dir='ltr'><strong>ιτιτιτεὺσιω</strong></span> <span class='ocrx_word' id='word_1_499' title='bbox 792 5932 801 5942; x_wconf 90' lang='grc'><strong>.</strong></span> 
     </span>
    </p>
   </div>
   <div class='ocr_carea' id='block_1_64' title="bbox 1860 428 2229 491">
    <p class='ocr_par' dir='ltr' id='par_1_64' title="bbox 1860 428 2229 491">
     <span class='ocr_line' id='line_1_66' title="bbox 1860 428 2229 491; baseline -0.027 1"><span class='ocrx_word' id='word_1_500' title='bbox 1860 432 1985 491; x_wconf 78' lang='lat' dir='ltr'><strong>SEV</strong></span> <span class='ocrx_word' id='word_1_501' title='bbox 1998 428 2229 486; x_wconf 75' lang='lat' dir='ltr'><strong>ERIANI</strong></span> 
     </span>
    </p>
   </div>
   <div class='ocr_carea' id='block_1_65' title="bbox 3612 418 3736 471">
    <p class='ocr_par' dir='ltr' id='par_1_65' title="bbox 3612 418 3736 471">
     <span class='ocr_line' id='line_1_67' title="bbox 3612 418 3736 471; baseline 0 -1"><span class='ocrx_word' id='word_1_502' title='bbox 3612 418 3736 471; x_wconf 78' lang='lat'><strong>440</strong></span> 
     </span>
    </p>
   </div>
   <div class='ocr_carea' id='block_1_66' title="bbox 2140 543 3735 630">
    <p class='ocr_par' dir='ltr' id='par_1_66' title="bbox 2140 543 3735 630">
     <span class='ocr_line' id='line_1_68' title="bbox 2140 543 3735 630; baseline -0.018 -10"><span class='ocrx_word' id='word_1_503' title='bbox 2140 565 2288 620; x_wconf 91' lang='lat' dir='ltr'><strong>toriu</strong></span> <span class='ocrx_word' id='word_1_504' title='bbox 2310 558 2717 630; x_wconf 77' lang='lat' dir='ltr'><strong>Evangelionon</strong></span> <span class='ocrx_word' id='word_1_505' title='bbox 2732 564 2854 610; x_wconf 88' lang='lat' dir='ltr'><strong>ante</strong></span> <span class='ocrx_word' id='word_1_506' title='bbox 2866 552 3044 609; x_wconf 88' lang='lat' dir='ltr'><strong>docuit</strong></span> <span class='ocrx_word' id='word_1_507' title='bbox 3069 563 3227 620; x_wconf 87' lang='lat' dir='ltr'><strong>quam</strong></span> <span class='ocrx_word' id='word_1_508' title='bbox 3245 543 3495 600; x_wconf 80' lang='lat' dir='ltr'><strong>miracula</strong></span> <span class='ocrx_word' id='word_1_509' title='bbox 3513 549 3735 612; x_wconf 81' lang='lat' dir='ltr'><strong>patras-</strong></span> 
     </span>
    </p>
   </div>
   <div class='ocr_carea' id='block_1_67' title="bbox 2142 638 3740 721">
    <p class='ocr_par' dir='ltr' id='par_1_67' title="bbox 2142 638 3740 721">
     <span class='ocr_line' id='line_1_69' title="bbox 2142 638 3740 721; baseline -0.017 -11"><span class='ocrx_word' id='word_1_510' title='bbox 2142 664 2241 710; x_wconf 91' lang='lat' dir='ltr'><strong>set.</strong></span> <span class='ocrx_word' id='word_1_511' title='bbox 2282 655 2517 709; x_wconf 79' lang='lat' dir='ltr'><strong>Primum</strong></span> <span class='ocrx_word' id='word_1_512' title='bbox 2548 652 2777 721; x_wconf 88' lang='lat' dir='ltr'><strong>signum,</strong></span> <span class='ocrx_word' id='word_1_513' title='bbox 2805 646 3029 702; x_wconf 85' lang='lat' dir='ltr'><strong>mutavit</strong></span> <span class='ocrx_word' id='word_1_514' title='bbox 3057 655 3247 711; x_wconf 84' lang='lat' dir='ltr'><strong>aquam</strong></span> <span class='ocrx_word' id='word_1_515' title='bbox 3296 640 3349 692; x_wconf 89' lang='lat' dir='ltr'><strong>in</strong></span> <span class='ocrx_word' id='word_1_516' title='bbox 3379 638 3558 689; x_wconf 85' lang='lat' dir='ltr'><strong>viuum</strong></span> <span class='ocrx_word' id='word_1_517' title='bbox 3582 674 3597 699; x_wconf 90' lang='lat'><strong>,</strong></span> <span class='ocrx_word' id='word_1_518' title='bbox 3631 645 3740 685; x_wconf 84' lang='lat' dir='ltr'><strong>nec</strong></span> 
     </span>
    </p>
   </div>
   <div class='ocr_carea' id='block_1_68' title="bbox 2143 722 3740 813">
    <p class='ocr_par' dir='ltr' id='par_1_68' title="bbox 2143 722 3740 813">
     <span class='ocr_line' id='line_1_70' title="bbox 2143 722 3740 813; baseline -0.016 -14"><span class='ocrx_word' id='word_1_519' title='bbox 2143 754 2266 800; x_wconf 87' lang='lat' dir='ltr'><strong>ante</strong></span> <span class='ocrx_word' id='word_1_520' title='bbox 2307 743 2434 798; x_wconf 89' lang='lat' dir='ltr'><strong>illud</strong></span> <span class='ocrx_word' id='word_1_521' title='bbox 2474 751 2695 813; x_wconf 88' lang='lat' dir='ltr'><strong>apparet</strong></span> <span class='ocrx_word' id='word_1_522' title='bbox 2724 754 2845 794; x_wconf 91' lang='lat' dir='ltr'><strong>cum</strong></span> <span class='ocrx_word' id='word_1_523' title='bbox 2896 735 3141 790; x_wconf 88' lang='lat' dir='ltr'><strong>docuisse</strong></span> <span class='ocrx_word' id='word_1_524' title='bbox 3188 748 3201 785; x_wconf 90' lang='lat'><strong>:</strong></span> <span class='ocrx_word' id='word_1_525' title='bbox 3257 726 3538 798; x_wconf 87' lang='lat' dir='ltr'><strong>oportebat</strong></span> <span class='ocrx_word' id='word_1_526' title='bbox 3587 722 3740 775; x_wconf 91' lang='lat' dir='ltr'><strong>enim</strong></span> 
     </span>
    </p>
   </div>
   <div class='ocr_carea' id='block_1_69' title="bbox 2143 814 3747 907">
    <p class='ocr_par' dir='ltr' id='par_1_69' title="bbox 2143 814 3747 907">
     <span class='ocr_line' id='line_1_71' title="bbox 2143 814 3747 907; baseline -0.016 -16"><span class='ocrx_word' id='word_1_527' title='bbox 2143 835 2448 907; x_wconf 74' lang='lat' dir='ltr'><strong>prtrcedere</strong></span> <span class='ocrx_word' id='word_1_528' title='bbox 2474 847 2629 904; x_wconf 86' lang='lat' dir='ltr'><strong>opus,</strong></span> <span class='ocrx_word' id='word_1_529' title='bbox 2650 841 2704 886; x_wconf 89' lang='lat' dir='ltr'><strong>et</strong></span> <span class='ocrx_word' id='word_1_530' title='bbox 2727 829 2945 884; x_wconf 88' lang='lat' dir='ltr'><strong>verbum</strong></span> <span class='ocrx_word' id='word_1_531' title='bbox 2968 825 3137 894; x_wconf 85' lang='lat' dir='ltr'><strong>sequi.</strong></span> <span class='ocrx_word' id='word_1_532' title='bbox 3166 821 3400 889; x_wconf 84' lang='lat' dir='ltr'><strong>Ideoque</strong></span> <span class='ocrx_word' id='word_1_533' title='bbox 3430 826 3484 871; x_wconf 89' lang='lat' dir='ltr'><strong>et</strong></span> <span class='ocrx_word' id='word_1_534' title='bbox 3505 814 3747 881; x_wconf 91' lang='lat' dir='ltr'><strong>scriptor</strong></span> 
     </span>
    </p>
   </div>
   <div class='ocr_carea' id='block_1_70' title="bbox 2148 907 3745 995">
    <p class='ocr_par' dir='ltr' id='par_1_70' title="bbox 2148 907 3745 995">
     <span class='ocr_line' id='line_1_72' title="bbox 2148 907 3745 995; baseline -0.017 -12"><span class='ocrx_word' id='word_1_535' title='bbox 2148 930 2236 984; x_wconf 91' lang='lat' dir='ltr'><strong>ille</strong></span> <span class='ocrx_word' id='word_1_536' title='bbox 2265 929 2337 981; x_wconf 85' lang='lat' dir='ltr'><strong>ait</strong></span> <span class='ocrx_word' id='word_1_537' title='bbox 2372 947 2382 981; x_wconf 97' lang='lat'>:</span> <span class='ocrx_word' id='word_1_538' title='bbox 2421 926 2651 980; x_wconf 84' lang='lat' dir='ltr'><strong>Primum</strong></span> <span class='ocrx_word' id='word_1_539' title='bbox 2676 923 2876 995; x_wconf 84' lang='lat' dir='ltr'><strong>quidem</strong></span> <span class='ocrx_word' id='word_1_540' title='bbox 2911 932 3191 974; x_wconf 83' lang='lat' dir='ltr'><strong>sermonem</strong></span> <span class='ocrx_word' id='word_1_541' title='bbox 3236 912 3329 985; x_wconf 84' lang='lat' dir='ltr'><strong>feci</strong></span> <span class='ocrx_word' id='word_1_542' title='bbox 3360 910 3425 963; x_wconf 85' lang='lat' dir='ltr'><strong>de</strong></span> <span class='ocrx_word' id='word_1_543' title='bbox 3465 907 3745 969; x_wconf 71' lang='lat' dir='ltr'><strong>omnibus,</strong></span> 
     </span>
    </p>
   </div>
   <div class='ocr_carea' id='block_1_71' title="bbox 2150 997 3745 1089">
    <p class='ocr_par' dir='ltr' id='par_1_71' title="bbox 2150 997 3745 1089">
     <span class='ocr_line' id='line_1_73' title="bbox 2150 997 3745 1089; baseline -0.018 -14"><span class='ocrx_word' id='word_1_544' title='bbox 2150 1039 2179 1075; x_wconf 90' lang='grc' dir='ltr'><em>ο</em></span> <span class='ocrx_word' id='word_1_545' title='bbox 2210 1020 2512 1089; x_wconf 77' lang='grc' dir='ltr'><strong>ΤΙιεορΙιὶΙε,</strong></span> <span class='ocrx_word' id='word_1_546' title='bbox 2534 1033 2645 1089; x_wconf 69' lang='lat' dir='ltr'><strong>quia</strong></span> <span class='ocrx_word' id='word_1_547' title='bbox 2665 1015 2809 1086; x_wconf 74' lang='lat' dir='ltr'><strong>cmpit</strong></span> <span class='ocrx_word' id='word_1_548' title='bbox 2833 1012 2983 1066; x_wconf 82' lang='lat' dir='ltr'><strong>Jesns</strong></span> <span class='ocrx_word' id='word_1_549' title='bbox 3004 1010 3170 1079; x_wconf 74' lang='lat' dir='ltr'><strong>facere</strong></span> <span class='ocrx_word' id='word_1_550' title='bbox 3187 1018 3230 1060; x_wconf 87' lang='lat' dir='ltr'><strong>et</strong></span> <span class='ocrx_word' id='word_1_551' title='bbox 3254 1005 3430 1058; x_wconf 75' lang='lat' dir='ltr'><strong>docere</strong></span> <span class='ocrx_word' id='word_1_552' title='bbox 3451 999 3622 1070; x_wconf 75' lang='lat' dir='ltr'><strong>(AcM</strong></span> <span class='ocrx_word' id='word_1_553' title='bbox 3639 998 3687 1051; x_wconf 85' lang='grc'><strong>,1</strong></span> <span class='ocrx_word' id='word_1_554' title='bbox 3703 997 3745 1065; x_wconf 92' lang='grc'><strong>).</strong></span> 
     </span>
    </p>
   </div>
   <div class='ocr_carea' id='block_1_72' title="bbox 2151 1089 3751 1179">
    <p class='ocr_par' dir='ltr' id='par_1_72' title="bbox 2151 1089 3751 1179">
     <span class='ocr_line' id='line_1_74' title="bbox 2151 1089 3751 1179; baseline -0.016 -12"><span class='ocrx_word' id='word_1_555' title='bbox 2151 1112 2429 1179; x_wconf 82' lang='lat' dir='ltr'><strong>Quomodo</strong></span> <span class='ocrx_word' id='word_1_556' title='bbox 2447 1111 2714 1165; x_wconf 88' lang='lat' dir='ltr'><strong>docuisset</strong></span> <span class='ocrx_word' id='word_1_557' title='bbox 2729 1108 2983 1162; x_wconf 89' lang='lat' dir='ltr'><strong>Servator</strong></span> <span class='ocrx_word' id='word_1_558' title='bbox 3010 1117 3067 1156; x_wconf 93' lang='lat' dir='ltr'><strong>se</strong></span> <span class='ocrx_word' id='word_1_559' title='bbox 3087 1099 3343 1170; x_wconf 88' lang='lat' dir='ltr'><strong>Opificem</strong></span> <span class='ocrx_word' id='word_1_560' title='bbox 3377 1109 3498 1148; x_wconf 87' lang='lat' dir='ltr'><strong>esse</strong></span> <span class='ocrx_word' id='word_1_561' title='bbox 3520 1089 3751 1147; x_wconf 84' lang='lat' dir='ltr'><strong>mundi?</strong></span> 
     </span>
    </p>
   </div>
   <div class='ocr_carea' id='block_1_73' title="bbox 2153 1179 3751 1256">
    <p class='ocr_par' dir='ltr' id='par_1_73' title="bbox 2153 1179 3751 1256">
     <span class='ocr_line' id='line_1_75' title="bbox 2153 1179 3751 1256; baseline -0.016 0"><span class='ocrx_word' id='word_1_562' title='bbox 2153 1203 2262 1256; x_wconf 78' lang='lat' dir='ltr'><strong>Nisi</strong></span> <span class='ocrx_word' id='word_1_563' title='bbox 2289 1202 2430 1254; x_wconf 88' lang='lat' dir='ltr'><strong>enim</strong></span> <span class='ocrx_word' id='word_1_564' title='bbox 2455 1200 2638 1254; x_wconf 92' lang='lat' dir='ltr'><strong>oculos</strong></span> <span class='ocrx_word' id='word_1_565' title='bbox 2664 1197 2793 1252; x_wconf 82' lang='lat' dir='ltr'><strong>caeci</strong></span> <span class='ocrx_word' id='word_1_566' title='bbox 2821 1193 3174 1250; x_wconf 88' lang='lat' dir='ltr'><strong>illuminasset</strong></span> <span class='ocrx_word' id='word_1_567' title='bbox 3199 1229 3213 1253; x_wconf 93' lang='lat'><strong>,</strong></span> <span class='ocrx_word' id='word_1_568' title='bbox 3240 1186 3380 1240; x_wconf 89' lang='lat' dir='ltr'><strong>nulla</strong></span> <span class='ocrx_word' id='word_1_569' title='bbox 3405 1182 3537 1237; x_wconf 90' lang='lat' dir='ltr'><strong>fides</strong></span> <span class='ocrx_word' id='word_1_570' title='bbox 3564 1181 3613 1235; x_wconf 90' lang='lat' dir='ltr'><strong>ei</strong></span> <span class='ocrx_word' id='word_1_571' title='bbox 3645 1179 3751 1232; x_wconf 78' lang='lat' dir='ltr'><strong>ha-</strong></span> 
     </span>
    </p>
   </div>
   <div class='ocr_carea' id='block_1_74' title="bbox 2155 1270 3753 1359">
    <p class='ocr_par' dir='ltr' id='par_1_74' title="bbox 2155 1270 3753 1359">
     <span class='ocr_line' id='line_1_76' title="bbox 2155 1270 3753 1359; baseline -0.015 -12"><span class='ocrx_word' id='word_1_572' title='bbox 2155 1294 2260 1347; x_wconf 85' lang='lat' dir='ltr'><strong>bita</strong></span> <span class='ocrx_word' id='word_1_573' title='bbox 2288 1301 2430 1347; x_wconf 89' lang='lat' dir='ltr'><strong>esset</strong></span> <span class='ocrx_word' id='word_1_574' title='bbox 2457 1291 2653 1346; x_wconf 87' lang='lat' dir='ltr'><strong>dicenti</strong></span> <span class='ocrx_word' id='word_1_575' title='bbox 2690 1307 2702 1344; x_wconf 93' lang='lat'>:</span> <span class='ocrx_word' id='word_1_576' title='bbox 2737 1288 2849 1359; x_wconf 81' lang='lat' dir='ltr'><strong>Ego</strong></span> <span class='ocrx_word' id='word_1_577' title='bbox 2878 1302 2989 1340; x_wconf 87' lang='lat' dir='ltr'><strong>sum</strong></span> <span class='ocrx_word' id='word_1_578' title='bbox 3024 1285 3110 1337; x_wconf 68' lang='lat' dir='ltr'><strong>lux</strong></span> <span class='ocrx_word' id='word_1_579' title='bbox 3131 1279 3312 1333; x_wconf 85' lang='lat' dir='ltr'><strong>mundi</strong></span> <span class='ocrx_word' id='word_1_580' title='bbox 3344 1277 3529 1338; x_wconf 83' lang='lat' dir='ltr'><strong>(Joan.</strong></span> <span class='ocrx_word' id='word_1_581' title='bbox 3566 1272 3619 1327; x_wconf 87' lang='lat'><strong>9.</strong></span> <span class='ocrx_word' id='word_1_582' title='bbox 3652 1270 3753 1339; x_wconf 87' lang='lat'><strong>5).</strong></span> 
     </span>
    </p>
   </div>
   <div class='ocr_carea' id='block_1_75' title="bbox 2155 1364 3759 1444">
    <p class='ocr_par' dir='ltr' id='par_1_75' title="bbox 2155 1364 3759 1444">
     <span class='ocr_line' id='line_1_77' title="bbox 2155 1364 3759 1444; baseline -0.017 -2"><span class='ocrx_word' id='word_1_583' title='bbox 2155 1387 2266 1442; x_wconf 88' lang='lat' dir='ltr'><strong>Nisi</strong></span> <span class='ocrx_word' id='word_1_584' title='bbox 2293 1386 2553 1441; x_wconf 88' lang='lat' dir='ltr'><strong>Lazarum</strong></span> <span class='ocrx_word' id='word_1_585' title='bbox 2592 1381 2928 1444; x_wconf 89' lang='lat' dir='ltr'><strong>suscitasset,</strong></span> <span class='ocrx_word' id='word_1_586' title='bbox 2957 1392 3063 1431; x_wconf 92' lang='lat' dir='ltr'><strong>non</strong></span> <span class='ocrx_word' id='word_1_587' title='bbox 3095 1372 3447 1429; x_wconf 89' lang='lat' dir='ltr'><strong>credidissent</strong></span> <span class='ocrx_word' id='word_1_588' title='bbox 3472 1364 3759 1420; x_wconf 87' lang='lat' dir='ltr'><strong>auditores</strong></span> 
     </span>
    </p>
   </div>
   <div class='ocr_carea' id='block_1_76' title="bbox 2158 1453 3758 1546">
    <p class='ocr_par' dir='ltr' id='par_1_76' title="bbox 2158 1453 3758 1546">
     <span class='ocr_line' id='line_1_78' title="bbox 2158 1453 3758 1546; baseline -0.019 -12"><span class='ocrx_word' id='word_1_589' title='bbox 2158 1479 2352 1534; x_wconf 90' lang='lat' dir='ltr'><strong>dicenti</strong></span> <span class='ocrx_word' id='word_1_590' title='bbox 2387 1495 2401 1532; x_wconf 92' lang='lat'><strong>:</strong></span> <span class='ocrx_word' id='word_1_591' title='bbox 2434 1476 2545 1546; x_wconf 85' lang='lat' dir='ltr'><strong>Ego</strong></span> <span class='ocrx_word' id='word_1_592' title='bbox 2586 1490 2696 1527; x_wconf 86' lang='lat' dir='ltr'><strong>sum</strong></span> <span class='ocrx_word' id='word_1_593' title='bbox 2722 1473 2823 1525; x_wconf 79' lang='lat' dir='ltr'><strong>vita</strong></span> <span class='ocrx_word' id='word_1_594' title='bbox 2857 1482 2902 1523; x_wconf 89' lang='lat' dir='ltr'><strong>et</strong></span> <span class='ocrx_word' id='word_1_595' title='bbox 2937 1464 3233 1521; x_wconf 80' lang='lat' dir='ltr'><strong>resurrectio</strong></span> <span class='ocrx_word' id='word_1_596' title='bbox 3264 1460 3466 1532; x_wconf 82' lang='lat' dir='ltr'><strong>(Joan.</strong></span> <span class='ocrx_word' id='word_1_597' title='bbox 3498 1457 3589 1511; x_wconf 87' lang='grc'><strong>11.</strong></span> <span class='ocrx_word' id='word_1_598' title='bbox 3616 1453 3692 1509; x_wconf 75' lang='lat'><strong>25</strong></span> <span class='ocrx_word' id='word_1_599' title='bbox 3715 1454 3758 1521; x_wconf 83' lang='lat'><strong>).</strong></span> 
     </span>
    </p>
   </div>
   <div class='ocr_carea' id='block_1_77' title="bbox 2158 1545 3765 1638">
    <p class='ocr_par' dir='ltr' id='par_1_77' title="bbox 2158 1545 3765 1638">
     <span class='ocr_line' id='line_1_79' title="bbox 2158 1545 3765 1638; baseline -0.019 -13"><span class='ocrx_word' id='word_1_600' title='bbox 2158 1571 2267 1625; x_wconf 87' lang='lat' dir='ltr'><strong>Nisi</strong></span> <span class='ocrx_word' id='word_1_601' title='bbox 2300 1583 2498 1638; x_wconf 83' lang='lat' dir='ltr'><strong>Spuens</strong></span> <span class='ocrx_word' id='word_1_602' title='bbox 2541 1568 2592 1620; x_wconf 92' lang='lat' dir='ltr'><strong>iu</strong></span> <span class='ocrx_word' id='word_1_603' title='bbox 2620 1574 2816 1620; x_wconf 89' lang='lat' dir='ltr'><strong>terram</strong></span> <span class='ocrx_word' id='word_1_604' title='bbox 2850 1562 3017 1614; x_wconf 89' lang='lat' dir='ltr'><strong>lutum</strong></span> <span class='ocrx_word' id='word_1_605' title='bbox 3069 1556 3300 1618; x_wconf 72' lang='lat' dir='ltr'><strong>fecisset,</strong></span> <span class='ocrx_word' id='word_1_606' title='bbox 3348 1566 3412 1604; x_wconf 90' lang='lat' dir='ltr'><strong>ac</strong></span> <span class='ocrx_word' id='word_1_607' title='bbox 3441 1562 3643 1603; x_wconf 76' lang='lat' dir='ltr'><strong>czecum</strong></span> <span class='ocrx_word' id='word_1_608' title='bbox 3694 1545 3765 1597; x_wconf 82' lang='lat' dir='ltr'><strong>li-</strong></span> 
     </span>
    </p>
   </div>
   <div class='ocr_carea' id='block_1_78' title="bbox 2162 1638 3769 1727">
    <p class='ocr_par' dir='ltr' id='par_1_78' title="bbox 2162 1638 3769 1727">
     <span class='ocr_line' id='line_1_80' title="bbox 2162 1638 3769 1727; baseline -0.019 -10"><span class='ocrx_word' id='word_1_609' title='bbox 2162 1664 2403 1727; x_wconf 89' lang='lat' dir='ltr'><strong>nivissct,</strong></span> <span class='ocrx_word' id='word_1_610' title='bbox 2433 1674 2538 1713; x_wconf 90' lang='lat' dir='ltr'><strong>non</strong></span> <span class='ocrx_word' id='word_1_611' title='bbox 2581 1656 2843 1711; x_wconf 87' lang='lat' dir='ltr'><strong>creditum</strong></span> <span class='ocrx_word' id='word_1_612' title='bbox 2890 1650 3077 1705; x_wconf 86' lang='lat' dir='ltr'><strong>fuisset</strong></span> <span class='ocrx_word' id='word_1_613' title='bbox 3106 1648 3278 1714; x_wconf 87' lang='lat' dir='ltr'><strong>ipsum</strong></span> <span class='ocrx_word' id='word_1_614' title='bbox 3301 1656 3422 1698; x_wconf 89' lang='lat' dir='ltr'><strong>esse</strong></span> <span class='ocrx_word' id='word_1_615' title='bbox 3443 1681 3458 1702; x_wconf 93' lang='lat'><strong>,</strong></span> <span class='ocrx_word' id='word_1_616' title='bbox 3487 1638 3577 1706; x_wconf 89' lang='lat' dir='ltr'><strong>qui</strong></span> <span class='ocrx_word' id='word_1_617' title='bbox 3603 1650 3769 1689; x_wconf 81' lang='lat' dir='ltr'><strong>acce-</strong></span> 
     </span>
    </p>
   </div>
   <div class='ocr_carea' id='block_1_79' title="bbox 2164 1727 3767 1823">
    <p class='ocr_par' dir='ltr' id='par_1_79' title="bbox 2164 1727 3767 1823">
     <span class='ocr_line' id='line_1_81' title="bbox 2164 1727 3767 1823; baseline -0.021 -15"><span class='ocrx_word' id='word_1_618' title='bbox 2164 1764 2257 1823; x_wconf 90' lang='lat' dir='ltr'><strong>pto</strong></span> <span class='ocrx_word' id='word_1_619' title='bbox 2284 1752 2352 1806; x_wconf 92' lang='lat' dir='ltr'><strong>de</strong></span> <span class='ocrx_word' id='word_1_620' title='bbox 2404 1760 2543 1805; x_wconf 91' lang='lat' dir='ltr'><strong>terra</strong></span> <span class='ocrx_word' id='word_1_621' title='bbox 2576 1748 2792 1817; x_wconf 87' lang='lat' dir='ltr'><strong>pulvere</strong></span> <span class='ocrx_word' id='word_1_622' title='bbox 2822 1742 3083 1798; x_wconf 82' lang='lat' dir='ltr'><strong>Adamum</strong></span> <span class='ocrx_word' id='word_1_623' title='bbox 3115 1736 3458 1790; x_wconf 81' lang='lat' dir='ltr'><strong>formaverat.</strong></span> <span class='ocrx_word' id='word_1_624' title='bbox 3496 1727 3607 1783; x_wconf 88' lang='lat' dir='ltr'><strong>Nisi</strong></span> <span class='ocrx_word' id='word_1_625' title='bbox 3639 1740 3767 1779; x_wconf 82' lang='lat' dir='ltr'><strong>ani-</strong></span> 
     </span>
    </p>
   </div>
   <div class='ocr_carea' id='block_1_80' title="bbox 2167 1816 3766 1908">
    <p class='ocr_par' dir='ltr' id='par_1_80' title="bbox 2167 1816 3766 1908">
     <span class='ocr_line' id='line_1_82' title="bbox 2167 1816 3766 1908; baseline -0.02 -10"><span class='ocrx_word' id='word_1_626' title='bbox 2167 1844 2399 1899; x_wconf 87' lang='lat' dir='ltr'><strong>bulasset</strong></span> <span class='ocrx_word' id='word_1_627' title='bbox 2424 1854 2583 1908; x_wconf 91' lang='lat' dir='ltr'><strong>super</strong></span> <span class='ocrx_word' id='word_1_628' title='bbox 2604 1850 2774 1898; x_wconf 87' lang='lat' dir='ltr'><strong>mare,</strong></span> <span class='ocrx_word' id='word_1_629' title='bbox 2809 1848 2913 1888; x_wconf 89' lang='lat' dir='ltr'><strong>non</strong></span> <span class='ocrx_word' id='word_1_630' title='bbox 2945 1831 3090 1884; x_wconf 85' lang='lat' dir='ltr'><strong>visus</strong></span> <span class='ocrx_word' id='word_1_631' title='bbox 3116 1836 3259 1882; x_wconf 88' lang='lat' dir='ltr'><strong>esset</strong></span> <span class='ocrx_word' id='word_1_632' title='bbox 3290 1822 3546 1876; x_wconf 91' lang='lat' dir='ltr'><strong>Dominus</strong></span> <span class='ocrx_word' id='word_1_633' title='bbox 3571 1816 3766 1870; x_wconf 90' lang='lat' dir='ltr'><strong>maris.</strong></span> 
     </span>
    </p>
   </div>
   <div class='ocr_carea' id='block_1_81' title="bbox 2168 1905 3767 1999">
    <p class='ocr_par' dir='ltr' id='par_1_81' title="bbox 2168 1905 3767 1999">
     <span class='ocr_line' id='line_1_83' title="bbox 2168 1905 3767 1999; baseline -0.02 -11"><span class='ocrx_word' id='word_1_634' title='bbox 2168 1933 2277 1989; x_wconf 79' lang='lat' dir='ltr'><strong>Nisi</strong></span> <span class='ocrx_word' id='word_1_635' title='bbox 2304 1933 2633 1999; x_wconf 89' lang='lat' dir='ltr'><strong>iucrepasset</strong></span> <span class='ocrx_word' id='word_1_636' title='bbox 2656 1935 2894 1986; x_wconf 86' lang='lat' dir='ltr'><strong>ventum,</strong></span> <span class='ocrx_word' id='word_1_637' title='bbox 2920 1936 3026 1975; x_wconf 92' lang='lat' dir='ltr'><strong>non</strong></span> <span class='ocrx_word' id='word_1_638' title='bbox 3054 1918 3452 1973; x_wconf 86' lang='lat' dir='ltr'><strong>demonstratus</strong></span> <span class='ocrx_word' id='word_1_639' title='bbox 3476 1917 3623 1963; x_wconf 90' lang='lat' dir='ltr'><strong>esset</strong></span> <span class='ocrx_word' id='word_1_640' title='bbox 3653 1905 3767 1958; x_wconf 87' lang='lat' dir='ltr'><strong>Do-</strong></span> 
     </span>
    </p>
   </div>
   <div class='ocr_carea' id='block_1_82' title="bbox 2169 1996 3774 2086">
    <p class='ocr_par' dir='ltr' id='par_1_82' title="bbox 2169 1996 3774 2086">
     <span class='ocr_line' id='line_1_84' title="bbox 2169 1996 3774 2086; baseline -0.02 -5"><span class='ocrx_word' id='word_1_641' title='bbox 2169 2028 2345 2081; x_wconf 85' lang='lat' dir='ltr'><strong>minus</strong></span> <span class='ocrx_word' id='word_1_642' title='bbox 2368 2033 2667 2078; x_wconf 88' lang='lat' dir='ltr'><strong>ventorum.</strong></span> <span class='ocrx_word' id='word_1_643' title='bbox 2719 2016 3081 2086; x_wconf 86' lang='lat' dir='ltr'><strong>Quamobrcm</strong></span> <span class='ocrx_word' id='word_1_644' title='bbox 3108 2010 3271 2063; x_wconf 84' lang='lat' dir='ltr'><strong>homo</strong></span> <span class='ocrx_word' id='word_1_645' title='bbox 3300 2004 3515 2075; x_wconf 91' lang='lat' dir='ltr'><strong>quidem</strong></span> <span class='ocrx_word' id='word_1_646' title='bbox 3543 1996 3774 2053; x_wconf 82' lang='lat' dir='ltr'><strong>videba-</strong></span> 
     </span>
    </p>
   </div>
   <div class='ocr_carea' id='block_1_83' title="bbox 2174 2086 3776 2186">
    <p class='ocr_par' dir='ltr' id='par_1_83' title="bbox 2174 2086 3776 2186">
     <span class='ocr_line' id='line_1_85' title="bbox 2174 2086 3776 2186; baseline -0.02 -14"><span class='ocrx_word' id='word_1_647' title='bbox 2174 2126 2279 2181; x_wconf 80' lang='lat' dir='ltr'><strong>tur,</strong></span> <span class='ocrx_word' id='word_1_648' title='bbox 2325 2130 2424 2186; x_wconf 87' lang='lat' dir='ltr'><strong>per</strong></span> <span class='ocrx_word' id='word_1_649' title='bbox 2450 2110 2703 2168; x_wconf 86' lang='lat' dir='ltr'><strong>miracula</strong></span> <span class='ocrx_word' id='word_1_650' title='bbox 2742 2117 2926 2163; x_wconf 91' lang='lat' dir='ltr'><strong>autem</strong></span> <span class='ocrx_word' id='word_1_651' title='bbox 2968 2111 3026 2157; x_wconf 88' lang='lat' dir='ltr'><strong>ut</strong></span> <span class='ocrx_word' id='word_1_652' title='bbox 3065 2101 3206 2155; x_wconf 90' lang='lat' dir='ltr'><strong>Deus</strong></span> <span class='ocrx_word' id='word_1_653' title='bbox 3256 2100 3420 2148; x_wconf 89' lang='lat' dir='ltr'><strong>notus</strong></span> <span class='ocrx_word' id='word_1_654' title='bbox 3446 2096 3502 2144; x_wconf 87' lang='lat' dir='ltr'><strong>et</strong></span> <span class='ocrx_word' id='word_1_655' title='bbox 3528 2086 3776 2157; x_wconf 82' lang='lat' dir='ltr'><strong>inclytus</strong></span> 
     </span>
    </p>
   </div>
   <div class='ocr_carea' id='block_1_84' title="bbox 2173 2180 3772 2270">
    <p class='ocr_par' dir='ltr' id='par_1_84' title="bbox 2173 2180 3772 2270">
     <span class='ocr_line' id='line_1_86' title="bbox 2173 2180 3772 2270; baseline -0.021 -6"><span class='ocrx_word' id='word_1_656' title='bbox 2173 2180 2309 2264; x_wconf 84' lang='lat' dir='ltr'><strong>erat.</strong></span> <span class='ocrx_word' id='word_1_657' title='bbox 2330 2180 2593 2262; x_wconf 34' lang='lat' dir='ltr'><strong>’Servator</strong></span> <span class='ocrx_word' id='word_1_658' title='bbox 2618 2204 2794 2270; x_wconf 86' lang='lat' dir='ltr'><strong>itaque</strong></span> <span class='ocrx_word' id='word_1_659' title='bbox 2815 2193 3107 2263; x_wconf 80' lang='lat' dir='ltr'><strong>discipulos</strong></span> <span class='ocrx_word' id='word_1_660' title='bbox 3135 2184 3514 2256; x_wconf 90' lang='lat' dir='ltr'><strong>obstupefecit,</strong></span> <span class='ocrx_word' id='word_1_661' title='bbox 3538 2187 3596 2236; x_wconf 90' lang='lat' dir='ltr'><strong>et</strong></span> <span class='ocrx_word' id='word_1_662' title='bbox 3614 2180 3772 2234; x_wconf 86' lang='lat' dir='ltr'><strong>dice-</strong></span> 
     </span>
    </p>
   </div>
   <div class='ocr_carea' id='block_1_85' title="bbox 2174 2269 3779 2364">
    <p class='ocr_par' dir='ltr' id='par_1_85' title="bbox 2174 2269 3779 2364">
     <span class='ocr_line' id='line_1_87' title="bbox 2174 2269 3779 2364; baseline -0.021 -9"><span class='ocrx_word' id='word_1_663' title='bbox 2174 2301 2305 2355; x_wconf 91' lang='lat' dir='ltr'><strong>bant</strong></span> <span class='ocrx_word' id='word_1_664' title='bbox 2335 2316 2349 2353; x_wconf 92' lang='lat'><strong>:</strong></span> <span class='ocrx_word' id='word_1_665' title='bbox 2382 2296 2559 2364; x_wconf 81' lang='lat' dir='ltr'><strong>Qualis</strong></span> <span class='ocrx_word' id='word_1_666' title='bbox 2612 2303 2682 2346; x_wconf 87' lang='lat' dir='ltr'><strong>est</strong></span> <span class='ocrx_word' id='word_1_667' title='bbox 2713 2269 2835 2349; x_wconf 74' lang='lat' dir='ltr'><strong>liic,</strong></span> <span class='ocrx_word' id='word_1_668' title='bbox 2866 2288 2984 2353; x_wconf 77' lang='lat' dir='ltr'><strong>quia</strong></span> <span class='ocrx_word' id='word_1_669' title='bbox 3012 2282 3149 2338; x_wconf 82' lang='lat' dir='ltr'><strong>venti</strong></span> <span class='ocrx_word' id='word_1_670' title='bbox 3180 2292 3226 2334; x_wconf 88' lang='lat' dir='ltr'><strong>et</strong></span> <span class='ocrx_word' id='word_1_671' title='bbox 3273 2292 3414 2331; x_wconf 88' lang='lat' dir='ltr'><strong>mare</strong></span> <span class='ocrx_word' id='word_1_672' title='bbox 3447 2272 3685 2328; x_wconf 82' lang='lat' dir='ltr'><strong>obediunt</strong></span> <span class='ocrx_word' id='word_1_673' title='bbox 3727 2269 3779 2322; x_wconf 80' lang='lat' dir='ltr'><strong>ei</strong></span> 
     </span>
    </p>
   </div>
   <div class='ocr_carea' id='block_1_86' title="bbox 2179 2362 3776 2467">
    <p class='ocr_par' dir='ltr' id='par_1_86' title="bbox 2179 2362 3776 2467">
     <span class='ocr_line' id='line_1_88' title="bbox 2179 2362 3776 2467; baseline -0.022 -20"><span class='ocrx_word' id='word_1_674' title='bbox 2179 2362 2476 2467; x_wconf 53' lang='lat' dir='ltr'><strong>(nautas.</strong></span> <span class='ocrx_word' id='word_1_675' title='bbox 2502 2387 2572 2440; x_wconf 76' lang='lat'><strong>27</strong></span> <span class='ocrx_word' id='word_1_676' title='bbox 2595 2387 2612 2455; x_wconf 86' lang='lat'>)</span> <span class='ocrx_word' id='word_1_677' title='bbox 2636 2386 2658 2438; x_wconf 63' lang='grc' dir='ltr'><strong>αῖ</strong></span> <span class='ocrx_word' id='word_1_678' title='bbox 2684 2380 2932 2437; x_wconf 84' lang='lat' dir='ltr'><strong>Ostendit</strong></span> <span class='ocrx_word' id='word_1_679' title='bbox 2970 2376 3143 2447; x_wconf 91' lang='lat' dir='ltr'><strong>primo</strong></span> <span class='ocrx_word' id='word_1_680' title='bbox 3164 2372 3427 2427; x_wconf 89' lang='lat' dir='ltr'><strong>elementa</strong></span> <span class='ocrx_word' id='word_1_681' title='bbox 3459 2364 3559 2419; x_wconf 91' lang='lat' dir='ltr'><strong>sibi</strong></span> <span class='ocrx_word' id='word_1_682' title='bbox 3603 2362 3776 2417; x_wconf 83' lang='lat' dir='ltr'><strong>obse-</strong></span> 
     </span>
    </p>
   </div>
   <div class='ocr_carea' id='block_1_87' title="bbox 2180 2454 3781 2556">
    <p class='ocr_par' dir='ltr' id='par_1_87' title="bbox 2180 2454 3781 2556">
     <span class='ocr_line' id='line_1_89' title="bbox 2180 2454 3781 2556; baseline -0.022 -15"><span class='ocrx_word' id='word_1_683' title='bbox 2180 2454 2290 2556; x_wconf 78' lang='lat' dir='ltr'><strong>qui,</strong></span> <span class='ocrx_word' id='word_1_684' title='bbox 2322 2492 2375 2538; x_wconf 88' lang='lat' dir='ltr'><strong>et</strong></span> <span class='ocrx_word' id='word_1_685' title='bbox 2403 2476 2790 2550; x_wconf 86' lang='lat' dir='ltr'><strong>posteaverbis</strong></span> <span class='ocrx_word' id='word_1_686' title='bbox 2816 2471 2995 2526; x_wconf 87' lang='lat' dir='ltr'><strong>docuit</strong></span> <span class='ocrx_word' id='word_1_687' title='bbox 3023 2510 3035 2533; x_wconf 92' lang='lat'><strong>,</strong></span> <span class='ocrx_word' id='word_1_688' title='bbox 3078 2464 3255 2521; x_wconf 90' lang='lat' dir='ltr'><strong>omnia</strong></span> <span class='ocrx_word' id='word_1_689' title='bbox 3299 2476 3395 2532; x_wconf 91' lang='lat' dir='ltr'><strong>per</strong></span> <span class='ocrx_word' id='word_1_690' title='bbox 3431 2460 3605 2528; x_wconf 89' lang='lat' dir='ltr'><strong>ipsum</strong></span> <span class='ocrx_word' id='word_1_691' title='bbox 3632 2454 3781 2509; x_wconf 83' lang='lat' dir='ltr'><strong>facta</strong></span> 
     </span>
    </p>
   </div>
   <div class='ocr_carea' id='block_1_88' title="bbox 2182 2545 3783 2634">
    <p class='ocr_par' dir='ltr' id='par_1_88' title="bbox 2182 2545 3783 2634">
     <span class='ocr_line' id='line_1_90' title="bbox 2182 2545 3783 2634; baseline -0.019 -4"><span class='ocrx_word' id='word_1_692' title='bbox 2182 2545 2320 2630; x_wconf 79' lang='lat' dir='ltr'><strong>esse.</strong></span> <span class='ocrx_word' id='word_1_693' title='bbox 2363 2545 2607 2626; x_wconf 78' lang='lat' dir='ltr'><strong>ostendit</strong></span> <span class='ocrx_word' id='word_1_694' title='bbox 2655 2565 2827 2634; x_wconf 87' lang='lat' dir='ltr'><strong>primo</strong></span> <span class='ocrx_word' id='word_1_695' title='bbox 2876 2561 2963 2615; x_wconf 89' lang='lat' dir='ltr'><strong>illa</strong></span> <span class='ocrx_word' id='word_1_696' title='bbox 3008 2557 3107 2612; x_wconf 88' lang='lat' dir='ltr'><strong>sibi</strong></span> <span class='ocrx_word' id='word_1_697' title='bbox 3160 2552 3401 2621; x_wconf 85' lang='lat' dir='ltr'><strong>obsequi.</strong></span> <span class='ocrx_word' id='word_1_698' title='bbox 3460 2547 3572 2603; x_wconf 87' lang='lat' dir='ltr'><strong>Nisi</strong></span> <span class='ocrx_word' id='word_1_699' title='bbox 3627 2545 3783 2615; x_wconf 84' lang='lat' dir='ltr'><strong>prius</strong></span> 
     </span>
    </p>
   </div>
   <div class='ocr_carea' id='block_1_89' title="bbox 2184 2635 3787 2729">
    <p class='ocr_par' dir='ltr' id='par_1_89' title="bbox 2184 2635 3787 2729">
     <span class='ocr_line' id='line_1_91' title="bbox 2184 2635 3787 2729; baseline -0.018 -11"><span class='ocrx_word' id='word_1_700' title='bbox 2184 2672 2478 2719; x_wconf 89' lang='lat' dir='ltr'><strong>creaturam</strong></span> <span class='ocrx_word' id='word_1_701' title='bbox 2524 2658 2619 2729; x_wconf 89' lang='lat' dir='ltr'><strong>ipsi</strong></span> <span class='ocrx_word' id='word_1_702' title='bbox 2664 2654 2881 2722; x_wconf 86' lang='lat' dir='ltr'><strong>obsequi</strong></span> <span class='ocrx_word' id='word_1_703' title='bbox 2914 2661 3184 2704; x_wconf 84' lang='lat' dir='ltr'><strong>ostensum</strong></span> <span class='ocrx_word' id='word_1_704' title='bbox 3228 2642 3457 2707; x_wconf 88' lang='lat' dir='ltr'><strong>fuisset,</strong></span> <span class='ocrx_word' id='word_1_705' title='bbox 3488 2653 3593 2692; x_wconf 90' lang='lat' dir='ltr'><strong>non</strong></span> <span class='ocrx_word' id='word_1_706' title='bbox 3641 2635 3787 2691; x_wconf 86' lang='lat' dir='ltr'><strong>ﬁdes</strong></span> 
     </span>
    </p>
   </div>
   <div class='ocr_carea' id='block_1_90' title="bbox 2186 2727 3791 2809">
    <p class='ocr_par' dir='ltr' id='par_1_90' title="bbox 2186 2727 3791 2809">
     <span class='ocr_line' id='line_1_92' title="bbox 2186 2727 3791 2809; baseline -0.019 -2"><span class='ocrx_word' id='word_1_707' title='bbox 2186 2753 2362 2807; x_wconf 84' lang='lat' dir='ltr'><strong>habita</strong></span> <span class='ocrx_word' id='word_1_708' title='bbox 2390 2727 2556 2805; x_wconf 65' lang='lat' dir='ltr'><strong>esset</strong></span> <span class='ocrx_word' id='word_1_709' title='bbox 2586 2745 2776 2801; x_wconf 80' lang='lat' dir='ltr'><strong>Joanni</strong></span> <span class='ocrx_word' id='word_1_710' title='bbox 2817 2740 3156 2809; x_wconf 77' lang='lat' dir='ltr'><strong>evangelistm</strong></span> <span class='ocrx_word' id='word_1_711' title='bbox 3204 2731 3400 2788; x_wconf 82' lang='lat' dir='ltr'><strong>dicenti</strong></span> <span class='ocrx_word' id='word_1_712' title='bbox 3431 2747 3443 2782; x_wconf 88' lang='lat'>:</span> <span class='ocrx_word' id='word_1_713' title='bbox 3478 2727 3667 2782; x_wconf 87' lang='lat' dir='ltr'><strong>Omnia</strong></span> <span class='ocrx_word' id='word_1_714' title='bbox 3696 2742 3791 2795; x_wconf 83' lang='lat' dir='ltr'><strong>per</strong></span> 
     </span>
    </p>
   </div>
   <div class='ocr_carea' id='block_1_91' title="bbox 2188 2817 3791 2915">
    <p class='ocr_par' dir='ltr' id='par_1_91' title="bbox 2188 2817 3791 2915">
     <span class='ocr_line' id='line_1_93' title="bbox 2188 2817 3791 2915; baseline -0.019 -15"><span class='ocrx_word' id='word_1_715' title='bbox 2188 2848 2355 2915; x_wconf 84' lang='lat' dir='ltr'><strong>ipsum</strong></span> <span class='ocrx_word' id='word_1_716' title='bbox 2376 2848 2509 2914; x_wconf 80' lang='lat' dir='ltr'><strong>facta</strong></span> <span class='ocrx_word' id='word_1_717' title='bbox 2529 2850 2641 2894; x_wconf 85' lang='lat' dir='ltr'><strong>sunt</strong></span> <span class='ocrx_word' id='word_1_718' title='bbox 2666 2839 2841 2908; x_wconf 85' lang='lat' dir='ltr'><strong>(.loan.</strong></span> <span class='ocrx_word' id='word_1_719' title='bbox 2874 2837 2923 2890; x_wconf 89' lang='grc'><strong>1.</strong></span> <span class='ocrx_word' id='word_1_720' title='bbox 2960 2834 3035 2901; x_wconf 76' lang='grc'><strong>5).</strong></span> <span class='ocrx_word' id='word_1_721' title='bbox 3063 2828 3340 2899; x_wconf 88' lang='lat' dir='ltr'><strong>Quomodo</strong></span> <span class='ocrx_word' id='word_1_722' title='bbox 3366 2822 3627 2880; x_wconf 89' lang='lat' dir='ltr'><strong>creditum</strong></span> <span class='ocrx_word' id='word_1_723' title='bbox 3651 2817 3791 2873; x_wconf 88' lang='lat' dir='ltr'><strong>fuis-</strong></span> 
     </span>
    </p>
   </div>
   <div class='ocr_carea' id='block_1_92' title="bbox 2190 2911 3795 3006">
    <p class='ocr_par' dir='ltr' id='par_1_92' title="bbox 2190 2911 3795 3006">
     <span class='ocr_line' id='line_1_94' title="bbox 2190 2911 3795 3006; baseline -0.019 -13"><span class='ocrx_word' id='word_1_724' title='bbox 2190 2948 2271 2993; x_wconf 90' lang='lat' dir='ltr'><strong>set</strong></span> <span class='ocrx_word' id='word_1_725' title='bbox 2296 2911 2553 3006; x_wconf 86' lang='lat' dir='ltr'><strong>apostolis</strong></span> <span class='ocrx_word' id='word_1_726' title='bbox 2576 2974 2589 2995; x_wconf 91' lang='lat'><strong>,</strong></span> <span class='ocrx_word' id='word_1_727' title='bbox 2623 2931 2739 2985; x_wconf 86' lang='lat' dir='ltr'><strong>rudi</strong></span> <span class='ocrx_word' id='word_1_728' title='bbox 2787 2930 2960 2996; x_wconf 84' lang='lat' dir='ltr'><strong>lingua</strong></span> <span class='ocrx_word' id='word_1_729' title='bbox 2992 2920 3335 2993; x_wconf 89' lang='lat' dir='ltr'><strong>loquentibus</strong></span> <span class='ocrx_word' id='word_1_730' title='bbox 3358 2959 3372 2983; x_wconf 90' lang='lat'><strong>,</strong></span> <span class='ocrx_word' id='word_1_731' title='bbox 3405 2929 3526 2971; x_wconf 87' lang='lat' dir='ltr'><strong>cum</strong></span> <span class='ocrx_word' id='word_1_732' title='bbox 3556 2912 3628 2967; x_wconf 90' lang='lat' dir='ltr'><strong>de</strong></span> <span class='ocrx_word' id='word_1_733' title='bbox 3677 2911 3795 2964; x_wconf 88' lang='lat' dir='ltr'><strong>Deo</strong></span> 
     </span>
    </p>
   </div>
   <div class='ocr_carea' id='block_1_93' title="bbox 2191 3001 3790 3086">
    <p class='ocr_par' dir='ltr' id='par_1_93' title="bbox 2191 3001 3790 3086">
     <span class='ocr_line' id='line_1_95' title="bbox 2191 3001 3790 3086; baseline -0.021 0"><span class='ocrx_word' id='word_1_734' title='bbox 2191 3031 2369 3086; x_wconf 81' lang='lat' dir='ltr'><strong>Verbo</strong></span> <span class='ocrx_word' id='word_1_735' title='bbox 2396 3026 2726 3079; x_wconf 82' lang='lat' dir='ltr'><strong>affirmarent</strong></span> <span class='ocrx_word' id='word_1_736' title='bbox 2749 3064 2761 3083; x_wconf 84' lang='lat'><strong>,</strong></span> <span class='ocrx_word' id='word_1_737' title='bbox 2805 3020 3084 3079; x_wconf 89' lang='lat' dir='ltr'><strong>Creatore,</strong></span> <span class='ocrx_word' id='word_1_738' title='bbox 3132 3013 3417 3067; x_wconf 88' lang='lat' dir='ltr'><strong>Servatore</strong></span> <span class='ocrx_word' id='word_1_739' title='bbox 3443 3047 3457 3071; x_wconf 90' lang='lat'><strong>,</strong></span> <span class='ocrx_word' id='word_1_740' title='bbox 3491 3001 3790 3073; x_wconf 88' lang='lat' dir='ltr'><strong>sapientis-</strong></span> 
     </span>
    </p>
   </div>
   <div class='ocr_carea' id='block_1_94' title="bbox 2193 3096 3797 3182">
    <p class='ocr_par' dir='ltr' id='par_1_94' title="bbox 2193 3096 3797 3182">
     <span class='ocr_line' id='line_1_96' title="bbox 2193 3096 3797 3182; baseline -0.021 -7"><span class='ocrx_word' id='word_1_741' title='bbox 2193 3122 2330 3175; x_wconf 87' lang='lat' dir='ltr'><strong>simo</strong></span> <span class='ocrx_word' id='word_1_742' title='bbox 2366 3160 2379 3182; x_wconf 94' lang='lat'><strong>,</strong></span> <span class='ocrx_word' id='word_1_743' title='bbox 2432 3113 2695 3169; x_wconf 83' lang='lat' dir='ltr'><strong>doctore?</strong></span> <span class='ocrx_word' id='word_1_744' title='bbox 2740 3110 2934 3162; x_wconf 79' lang='lat' dir='ltr'><strong>Verum</strong></span> <span class='ocrx_word' id='word_1_745' title='bbox 2982 3102 3347 3173; x_wconf 64' lang='lat' dir='ltr'><strong>apostolorum</strong></span> <span class='ocrx_word' id='word_1_746' title='bbox 3398 3096 3577 3165; x_wconf 81' lang='lat' dir='ltr'><strong>lingua</strong></span> <span class='ocrx_word' id='word_1_747' title='bbox 3633 3097 3797 3145; x_wconf 85' lang='lat' dir='ltr'><strong>erant</strong></span> 
     </span>
    </p>
   </div>
   <div class='ocr_carea' id='block_1_95' title="bbox 2195 3185 3798 3273">
    <p class='ocr_par' dir='ltr' id='par_1_95' title="bbox 2195 3185 3798 3273">
     <span class='ocr_line' id='line_1_97' title="bbox 2195 3185 3798 3273; baseline -0.019 -8"><span class='ocrx_word' id='word_1_748' title='bbox 2195 3209 2488 3271; x_wconf 84' lang='lat' dir='ltr'><strong>miracula;</strong></span> <span class='ocrx_word' id='word_1_749' title='bbox 2537 3221 2598 3261; x_wconf 94' lang='lat' dir='ltr'><strong>os</strong></span> <span class='ocrx_word' id='word_1_750' title='bbox 2627 3201 2987 3273; x_wconf 85' lang='lat' dir='ltr'><strong>apostolorum</strong></span> <span class='ocrx_word' id='word_1_751' title='bbox 3044 3201 3160 3250; x_wconf 90' lang='lat' dir='ltr'><strong>erat</strong></span> <span class='ocrx_word' id='word_1_752' title='bbox 3215 3200 3457 3246; x_wconf 92' lang='lat' dir='ltr'><strong>mortuus</strong></span> <span class='ocrx_word' id='word_1_753' title='bbox 3482 3185 3798 3243; x_wconf 86' lang='lat' dir='ltr'><strong>suscitatus.</strong></span> 
     </span>
    </p>
   </div>
   <div class='ocr_carea' id='block_1_96' title="bbox 2198 3279 3803 3358">
    <p class='ocr_par' dir='ltr' id='par_1_96' title="bbox 2198 3279 3803 3358">
     <span class='ocr_line' id='line_1_98' title="bbox 2198 3279 3803 3358; baseline -0.02 0"><span class='ocrx_word' id='word_1_754' title='bbox 2198 3301 2418 3358; x_wconf 89' lang='lat' dir='ltr'><strong>claudus</strong></span> <span class='ocrx_word' id='word_1_755' title='bbox 2462 3297 2762 3352; x_wconf 88' lang='lat' dir='ltr'><strong>ambulans.</strong></span> <span class='ocrx_word' id='word_1_756' title='bbox 2803 3288 2956 3357; x_wconf 88' lang='lat' dir='ltr'><strong>Quod</strong></span> <span class='ocrx_word' id='word_1_757' title='bbox 3004 3297 3180 3341; x_wconf 88' lang='lat' dir='ltr'><strong>autem</strong></span> <span class='ocrx_word' id='word_1_758' title='bbox 3229 3279 3486 3335; x_wconf 89' lang='lat' dir='ltr'><strong>miracula</strong></span> <span class='ocrx_word' id='word_1_759' title='bbox 3540 3284 3803 3345; x_wconf 88' lang='lat' dir='ltr'><strong>sequatur</strong></span> 
     </span>
    </p>
   </div>
   <div class='ocr_carea' id='block_1_97' title="bbox 2202 3365 3804 3456">
    <p class='ocr_par' dir='ltr' id='par_1_97' title="bbox 2202 3365 3804 3456">
     <span class='ocr_line' id='line_1_99' title="bbox 2202 3365 3804 3456; baseline -0.019 -8"><span class='ocrx_word' id='word_1_760' title='bbox 2202 3393 2336 3448; x_wconf 88' lang='lat' dir='ltr'><strong>fides</strong></span> <span class='ocrx_word' id='word_1_761' title='bbox 2363 3434 2376 3456; x_wconf 91' lang='lat'><strong>,</strong></span> <span class='ocrx_word' id='word_1_762' title='bbox 2423 3388 2738 3443; x_wconf 84' lang='lat' dir='ltr'><strong>testiﬁcatur</strong></span> <span class='ocrx_word' id='word_1_763' title='bbox 2780 3382 3051 3450; x_wconf 87' lang='lat' dir='ltr'><strong>Scriptura</strong></span> <span class='ocrx_word' id='word_1_764' title='bbox 3079 3378 3293 3441; x_wconf 84' lang='lat' dir='ltr'><strong>dicens:</strong></span> <span class='ocrx_word' id='word_1_765' title='bbox 3320 3372 3421 3426; x_wconf 83' lang='lat' dir='ltr'><strong>Per</strong></span> <span class='ocrx_word' id='word_1_766' title='bbox 3448 3383 3630 3422; x_wconf 84' lang='lat' dir='ltr'><strong>manus</strong></span> <span class='ocrx_word' id='word_1_767' title='bbox 3662 3365 3804 3419; x_wconf 77' lang='lat' dir='ltr'><strong>enim</strong></span> 
     </span>
    </p>
   </div>
   <div class='ocr_carea' id='block_1_98' title="bbox 2202 3455 3804 3554">
    <p class='ocr_par' dir='ltr' id='par_1_98' title="bbox 2202 3455 3804 3554">
     <span class='ocr_line' id='line_1_100' title="bbox 2202 3455 3804 3554; baseline -0.02 -17"><span class='ocrx_word' id='word_1_768' title='bbox 2202 3483 2547 3554; x_wconf 83' lang='lat' dir='ltr'><strong>apostolorum</strong></span> <span class='ocrx_word' id='word_1_769' title='bbox 2608 3476 2793 3547; x_wconf 85' lang='lat' dir='ltr'><strong>ﬁebant</strong></span> <span class='ocrx_word' id='word_1_770' title='bbox 2861 3472 3006 3540; x_wconf 85' lang='lat' dir='ltr'><strong>signa</strong></span> <span class='ocrx_word' id='word_1_771' title='bbox 3066 3480 3253 3536; x_wconf 84' lang='lat' dir='ltr'><strong>magna</strong></span> <span class='ocrx_word' id='word_1_772' title='bbox 3308 3472 3356 3515; x_wconf 88' lang='lat' dir='ltr'><strong>et</strong></span> <span class='ocrx_word' id='word_1_773' title='bbox 3432 3457 3667 3530; x_wconf 85' lang='lat' dir='ltr'><strong>prodigia</strong></span> <span class='ocrx_word' id='word_1_774' title='bbox 3750 3455 3804 3508; x_wconf 85' lang='lat' dir='ltr'><strong>in</strong></span> 
     </span>
    </p>
   </div>
   <div class='ocr_carea' id='block_1_99' title="bbox 2205 3547 3804 3645">
    <p class='ocr_par' dir='ltr' id='par_1_99' title="bbox 2205 3547 3804 3645">
     <span class='ocr_line' id='line_1_101' title="bbox 2205 3547 3804 3645; baseline -0.021 -17"><span class='ocrx_word' id='word_1_775' title='bbox 2205 3547 2365 3645; x_wconf 78' lang='lat' dir='ltr'><strong>plebe.</strong></span> <span class='ocrx_word' id='word_1_776' title='bbox 2414 3569 2695 3638; x_wconf 82' lang='lat' dir='ltr'><strong>Stupebant</strong></span> <span class='ocrx_word' id='word_1_777' title='bbox 2741 3574 2906 3617; x_wconf 87' lang='lat' dir='ltr'><strong>autent</strong></span> <span class='ocrx_word' id='word_1_778' title='bbox 2952 3574 3123 3613; x_wconf 86' lang='lat' dir='ltr'><strong>omnes</strong></span> <span class='ocrx_word' id='word_1_779' title='bbox 3155 3598 3169 3621; x_wconf 90' lang='lat'><strong>,</strong></span> <span class='ocrx_word' id='word_1_780' title='bbox 3216 3553 3475 3623; x_wconf 81' lang='lat' dir='ltr'><strong>magisque</strong></span> <span class='ocrx_word' id='word_1_781' title='bbox 3517 3547 3804 3616; x_wconf 83' lang='lat' dir='ltr'><strong>augebatur</strong></span> 
     </span>
    </p>
   </div>
   <div class='ocr_carea' id='block_1_100' title="bbox 2203 3635 3803 3736">
    <p class='ocr_par' dir='ltr' id='par_1_100' title="bbox 2203 3635 3803 3736">
     <span class='ocr_line' id='line_1_102' title="bbox 2203 3635 3803 3736; baseline -0.018 -17"><span class='ocrx_word' id='word_1_782' title='bbox 2203 3635 2422 3736; x_wconf 72' lang='lat' dir='ltr'><strong>quotidie</strong></span> <span class='ocrx_word' id='word_1_783' title='bbox 2472 3635 2692 3713; x_wconf 80' lang='lat' dir='ltr'><strong>uirorum</strong></span> <span class='ocrx_word' id='word_1_784' title='bbox 2735 3662 2781 3708; x_wconf 89' lang='lat' dir='ltr'><strong>et</strong></span> <span class='ocrx_word' id='word_1_785' title='bbox 2820 3651 3089 3706; x_wconf 83' lang='lat' dir='ltr'><strong>mulierum</strong></span> <span class='ocrx_word' id='word_1_786' title='bbox 3132 3646 3398 3700; x_wconf 85' lang='lat' dir='ltr'><strong>multitudo</strong></span> <span class='ocrx_word' id='word_1_787' title='bbox 3431 3639 3589 3711; x_wconf 86' lang='lat' dir='ltr'><strong>(Act.</strong></span> <span class='ocrx_word' id='word_1_788' title='bbox 3621 3639 3674 3691; x_wconf 84' lang='grc'><strong>5.</strong></span> <span class='ocrx_word' id='word_1_789' title='bbox 3710 3635 3803 3691; x_wconf 73' lang='grc'><strong>12.</strong></span> 
     </span>
    </p>
   </div>
   <div class='ocr_carea' id='block_1_101' title="bbox 2207 3729 3810 3819">
    <p class='ocr_par' dir='ltr' id='par_1_101' title="bbox 2207 3729 3810 3819">
     <span class='ocr_line' id='line_1_103' title="bbox 2207 3729 3810 3819; baseline -0.019 -8"><span class='ocrx_word' id='word_1_790' title='bbox 2207 3729 2292 3811; x_wconf 69' lang='grc'><strong>14.</strong></span> <span class='ocrx_word' id='word_1_791' title='bbox 2325 3765 2372 3809; x_wconf 89' lang='lat' dir='ltr'><strong>et</strong></span> <span class='ocrx_word' id='word_1_792' title='bbox 2401 3753 2456 3806; x_wconf 74' lang='lat'><strong>2.</strong></span> <span class='ocrx_word' id='word_1_793' title='bbox 2479 3753 2557 3819; x_wconf 88' lang='lat'><strong>7).</strong></span> <span class='ocrx_word' id='word_1_794' title='bbox 2610 3744 2976 3803; x_wconf 68' lang='lat' dir='ltr'><strong>Praelucebant</strong></span> <span class='ocrx_word' id='word_1_795' title='bbox 3021 3736 3276 3793; x_wconf 90' lang='lat' dir='ltr'><strong>miracula</strong></span> <span class='ocrx_word' id='word_1_796' title='bbox 3303 3774 3315 3794; x_wconf 85' lang='lat'><strong>.</strong></span> <span class='ocrx_word' id='word_1_797' title='bbox 3345 3741 3401 3785; x_wconf 89' lang='lat' dir='ltr'><strong>et</strong></span> <span class='ocrx_word' id='word_1_798' title='bbox 3439 3729 3810 3797; x_wconf 84' lang='lat' dir='ltr'><strong>sequebantur</strong></span> 
     </span>
    </p>
   </div>
   <div class='ocr_carea' id='block_1_102' title="bbox 2207 3818 3807 3916">
    <p class='ocr_par' dir='ltr' id='par_1_102' title="bbox 2207 3818 3807 3916">
     <span class='ocr_line' id='line_1_104' title="bbox 2207 3818 3807 3916; baseline -0.018 -15"><span class='ocrx_word' id='word_1_799' title='bbox 2207 3848 2473 3916; x_wconf 84' lang='lat' dir='ltr'><strong>dogmata.</strong></span> <span class='ocrx_word' id='word_1_800' title='bbox 2504 3818 2592 3897; x_wconf 88' lang='lat' dir='ltr'><strong>Sic</strong></span> <span class='ocrx_word' id='word_1_801' title='bbox 2622 3848 2676 3893; x_wconf 92' lang='lat' dir='ltr'><strong>et</strong></span> <span class='ocrx_word' id='word_1_802' title='bbox 2703 3837 2753 3890; x_wconf 92' lang='lat' dir='ltr'><strong>iu</strong></span> <span class='ocrx_word' id='word_1_803' title='bbox 2778 3837 2895 3904; x_wconf 88' lang='lat' dir='ltr'><strong>lege</strong></span> <span class='ocrx_word' id='word_1_804' title='bbox 2928 3872 2944 3898; x_wconf 89' lang='lat'><strong>,</strong></span> <span class='ocrx_word' id='word_1_805' title='bbox 2976 3829 3234 3901; x_wconf 71' lang='lat' dir='ltr'><strong>prmibant</strong></span> <span class='ocrx_word' id='word_1_806' title='bbox 3258 3822 3511 3879; x_wconf 90' lang='lat' dir='ltr'><strong>miracula</strong></span> <span class='ocrx_word' id='word_1_807' title='bbox 3555 3820 3607 3873; x_wconf 91' lang='lat' dir='ltr'><strong>in</strong></span> <span class='ocrx_word' id='word_1_808' title='bbox 3630 3818 3807 3889; x_wconf 62' lang='lat' dir='ltr'><strong>Egy-</strong></span> 
     </span>
    </p>
   </div>
   <div class='ocr_carea' id='block_1_103' title="bbox 2211 3912 3808 4012">
    <p class='ocr_par' dir='ltr' id='par_1_103' title="bbox 2211 3912 3808 4012">
     <span class='ocr_line' id='line_1_105' title="bbox 2211 3912 3808 4012; baseline -0.021 -16"><span class='ocrx_word' id='word_1_809' title='bbox 2211 3950 2323 4012; x_wconf 91' lang='lat' dir='ltr'><strong>pto,</strong></span> <span class='ocrx_word' id='word_1_810' title='bbox 2357 3952 2475 4007; x_wconf 73' lang='lat' dir='ltr'><strong>qua:</strong></span> <span class='ocrx_word' id='word_1_811' title='bbox 2502 3932 2791 4004; x_wconf 87' lang='lat' dir='ltr'><strong>probarent</strong></span> <span class='ocrx_word' id='word_1_812' title='bbox 2820 3928 2987 3981; x_wconf 91' lang='lat' dir='ltr'><strong>Deum</strong></span> <span class='ocrx_word' id='word_1_813' title='bbox 3028 3937 3146 3977; x_wconf 90' lang='lat' dir='ltr'><strong>esse</strong></span> <span class='ocrx_word' id='word_1_814' title='bbox 3166 3919 3498 3973; x_wconf 88' lang='lat' dir='ltr'><strong>Creatorem.</strong></span> <span class='ocrx_word' id='word_1_815' title='bbox 3537 3912 3679 3966; x_wconf 88' lang='lat' dir='ltr'><strong>Deus</strong></span> <span class='ocrx_word' id='word_1_816' title='bbox 3707 3926 3808 3963; x_wconf 85' lang='lat' dir='ltr'><strong>au-</strong></span> 
     </span>
    </p>
   </div>
   <div class='ocr_carea' id='block_1_104' title="bbox 2214 4005 3808 4095">
    <p class='ocr_par' dir='ltr' id='par_1_104' title="bbox 2214 4005 3808 4095">
     <span class='ocr_line' id='line_1_106' title="bbox 2214 4005 3808 4095; baseline -0.023 -7"><span class='ocrx_word' id='word_1_817' title='bbox 2214 4045 2341 4095; x_wconf 89' lang='lat' dir='ltr'><strong>tem,</strong></span> <span class='ocrx_word' id='word_1_818' title='bbox 2388 4031 2559 4084; x_wconf 89' lang='lat' dir='ltr'><strong>bonus</strong></span> <span class='ocrx_word' id='word_1_819' title='bbox 2589 4039 2707 4080; x_wconf 90' lang='lat' dir='ltr'><strong>cum</strong></span> <span class='ocrx_word' id='word_1_820' title='bbox 2754 4029 2931 4083; x_wconf 81' lang='lat' dir='ltr'><strong>esset,</strong></span> <span class='ocrx_word' id='word_1_821' title='bbox 2984 4015 3153 4070; x_wconf 90' lang='lat' dir='ltr'><strong>uoluit</strong></span> <span class='ocrx_word' id='word_1_822' title='bbox 3180 4012 3292 4080; x_wconf 88' lang='lat' dir='ltr'><strong>ipse</strong></span> <span class='ocrx_word' id='word_1_823' title='bbox 3320 4008 3466 4063; x_wconf 89' lang='lat' dir='ltr'><strong>solus</strong></span> <span class='ocrx_word' id='word_1_824' title='bbox 3512 4005 3808 4065; x_wconf 87' lang='lat' dir='ltr'><strong>honorari,</strong></span> 
     </span>
    </p>
   </div>
   <div class='ocr_carea' id='block_1_105' title="bbox 2213 4096 3804 4187">
    <p class='ocr_par' dir='ltr' id='par_1_105' title="bbox 2213 4096 3804 4187">
     <span class='ocr_line' id='line_1_107' title="bbox 2213 4096 3804 4187; baseline -0.023 -7"><span class='ocrx_word' id='word_1_825' title='bbox 2213 4126 2308 4180; x_wconf 89' lang='lat' dir='ltr'><strong>sed</strong></span> <span class='ocrx_word' id='word_1_826' title='bbox 2340 4138 2459 4177; x_wconf 91' lang='lat' dir='ltr'><strong>cum</strong></span> <span class='ocrx_word' id='word_1_827' title='bbox 2489 4119 2666 4187; x_wconf 86' lang='lat' dir='ltr'><strong>Moyse</strong></span> <span class='ocrx_word' id='word_1_828' title='bbox 2688 4114 2907 4185; x_wconf 79' lang='lat' dir='ltr'><strong>gloriam</strong></span> <span class='ocrx_word' id='word_1_829' title='bbox 2936 4108 3160 4179; x_wconf 91' lang='lat' dir='ltr'><strong>partitus</strong></span> <span class='ocrx_word' id='word_1_830' title='bbox 3186 4113 3287 4158; x_wconf 88' lang='lat' dir='ltr'><strong>est.</strong></span> <span class='ocrx_word' id='word_1_831' title='bbox 3317 4101 3450 4167; x_wconf 85' lang='lat' dir='ltr'><strong>Quia</strong></span> <span class='ocrx_word' id='word_1_832' title='bbox 3480 4097 3624 4152; x_wconf 91' lang='lat' dir='ltr'><strong>enim</strong></span> <span class='ocrx_word' id='word_1_833' title='bbox 3658 4096 3804 4148; x_wconf 87' lang='lat' dir='ltr'><strong>Deus</strong></span> 
     </span>
    </p>
   </div>
   <div class='ocr_carea' id='block_1_106' title="bbox 2215 4186 3811 4286">
    <p class='ocr_par' dir='ltr' id='par_1_106' title="bbox 2215 4186 3811 4286">
     <span class='ocr_line' id='line_1_108' title="bbox 2215 4186 3811 4286; baseline -0.021 -14"><span class='ocrx_word' id='word_1_834' title='bbox 2215 4234 2279 4272; x_wconf 84' lang='lat' dir='ltr'><strong>ex</strong></span> <span class='ocrx_word' id='word_1_835' title='bbox 2305 4213 2559 4286; x_wconf 80' lang='lat' dir='ltr'><strong>Operibus</strong></span> <span class='ocrx_word' id='word_1_836' title='bbox 2584 4210 2693 4264; x_wconf 90' lang='lat' dir='ltr'><strong>suis</strong></span> <span class='ocrx_word' id='word_1_837' title='bbox 2719 4202 2982 4275; x_wconf 85' lang='lat' dir='ltr'><strong>apparuit,</strong></span> <span class='ocrx_word' id='word_1_838' title='bbox 3016 4199 3224 4267; x_wconf 82' lang='lat' dir='ltr'><strong>Moyses</strong></span> <span class='ocrx_word' id='word_1_839' title='bbox 3248 4206 3461 4263; x_wconf 91' lang='lat' dir='ltr'><strong>quoque</strong></span> <span class='ocrx_word' id='word_1_840' title='bbox 3480 4204 3601 4242; x_wconf 89' lang='lat' dir='ltr'><strong>eum</strong></span> <span class='ocrx_word' id='word_1_841' title='bbox 3636 4186 3811 4255; x_wconf 86' lang='lat' dir='ltr'><strong>gloria</strong></span> 
     </span>
    </p>
   </div>
   <div class='ocr_carea' id='block_1_107' title="bbox 2216 4276 3814 4379">
    <p class='ocr_par' dir='ltr' id='par_1_107' title="bbox 2216 4276 3814 4379">
     <span class='ocr_line' id='line_1_109' title="bbox 2216 4276 3814 4379; baseline -0.023 -14"><span class='ocrx_word' id='word_1_842' title='bbox 2216 4310 2317 4379; x_wconf 84' lang='lat' dir='ltr'><strong>ipsi</strong></span> <span class='ocrx_word' id='word_1_843' title='bbox 2345 4276 2557 4361; x_wconf 44' lang='lat' dir='ltr'><strong>&#39;collata</strong></span> <span class='ocrx_word' id='word_1_844' title='bbox 2587 4302 2732 4355; x_wconf 87' lang='lat' dir='ltr'><strong>visus</strong></span> <span class='ocrx_word' id='word_1_845' title='bbox 2770 4306 2849 4351; x_wconf 87' lang='lat' dir='ltr'><strong>est</strong></span> <span class='ocrx_word' id='word_1_846' title='bbox 2880 4292 3071 4364; x_wconf 72' lang='lat' dir='ltr'><strong>(Exod.</strong></span> <span class='ocrx_word' id='word_1_847' title='bbox 3103 4289 3194 4343; x_wconf 77' lang='lat' dir='ltr'><strong>5t.</strong></span> <span class='ocrx_word' id='word_1_848' title='bbox 3229 4286 3342 4355; x_wconf 70' lang='lat'><strong>29).</strong></span> <span class='ocrx_word' id='word_1_849' title='bbox 3372 4282 3505 4337; x_wconf 87' lang='lat' dir='ltr'><strong>Cum</strong></span> <span class='ocrx_word' id='word_1_850' title='bbox 3546 4279 3689 4333; x_wconf 89' lang='lat' dir='ltr'><strong>enim</strong></span> <span class='ocrx_word' id='word_1_851' title='bbox 3719 4276 3814 4331; x_wconf 87' lang='lat' dir='ltr'><strong>de—</strong></span> 
     </span>
    </p>
   </div>
   <div class='ocr_carea' id='block_1_108' title="bbox 2217 4367 3814 4461">
    <p class='ocr_par' dir='ltr' id='par_1_108' title="bbox 2217 4367 3814 4461">
     <span class='ocr_line' id='line_1_110' title="bbox 2217 4367 3814 4461; baseline -0.024 -6"><span class='ocrx_word' id='word_1_852' title='bbox 2217 4398 2501 4455; x_wconf 89' lang='lat' dir='ltr'><strong>scenderet</strong></span> <span class='ocrx_word' id='word_1_853' title='bbox 2528 4394 2695 4461; x_wconf 83' lang='lat' dir='ltr'><strong>legem</strong></span> <span class='ocrx_word' id='word_1_854' title='bbox 2729 4397 2914 4441; x_wconf 85' lang='lat' dir='ltr'><strong>tenens</strong></span> <span class='ocrx_word' id='word_1_855' title='bbox 2946 4426 2960 4448; x_wconf 92' lang='lat'><strong>,</strong></span> <span class='ocrx_word' id='word_1_856' title='bbox 2991 4397 3058 4435; x_wconf 89' lang='lat' dir='ltr'><strong>ne</strong></span> <span class='ocrx_word' id='word_1_857' title='bbox 3086 4379 3258 4448; x_wconf 89' lang='lat' dir='ltr'><strong>ipsum</strong></span> <span class='ocrx_word' id='word_1_858' title='bbox 3306 4385 3575 4440; x_wconf 88' lang='lat' dir='ltr'><strong>tamquam</strong></span> <span class='ocrx_word' id='word_1_859' title='bbox 3609 4367 3814 4436; x_wconf 76' lang='lat' dir='ltr'><strong>simpli-</strong></span> 
     </span>
    </p>
   </div>
   <div class='ocr_carea' id='block_1_109' title="bbox 2218 4459 3813 4548">
    <p class='ocr_par' dir='ltr' id='par_1_109' title="bbox 2218 4459 3813 4548">
     <span class='ocr_line' id='line_1_111' title="bbox 2218 4459 3813 4548; baseline -0.023 -1"><span class='ocrx_word' id='word_1_860' title='bbox 2218 4506 2335 4547; x_wconf 90' lang='lat' dir='ltr'><strong>cem</strong></span> <span class='ocrx_word' id='word_1_861' title='bbox 2365 4488 2631 4542; x_wconf 83' lang='lat' dir='ltr'><strong>ltominem</strong></span> <span class='ocrx_word' id='word_1_862' title='bbox 2663 4481 3030 4548; x_wconf 87' lang='lat' dir='ltr'><strong>respicerent,</strong></span> <span class='ocrx_word' id='word_1_863' title='bbox 3060 4473 3202 4526; x_wconf 86' lang='lat' dir='ltr'><strong>Deus</strong></span> <span class='ocrx_word' id='word_1_864' title='bbox 3232 4468 3344 4536; x_wconf 84' lang='lat' dir='ltr'><strong>ejus</strong></span> <span class='ocrx_word' id='word_1_865' title='bbox 3391 4464 3595 4515; x_wconf 89' lang='lat' dir='ltr'><strong>vultum</strong></span> <span class='ocrx_word' id='word_1_866' title='bbox 3642 4459 3813 4529; x_wconf 86' lang='lat' dir='ltr'><strong>gloria</strong></span> 
     </span>
    </p>
   </div>
   <div class='ocr_carea' id='block_1_110' title="bbox 2220 4552 3815 4651">
    <p class='ocr_par' dir='ltr' id='par_1_110' title="bbox 2220 4552 3815 4651">
     <span class='ocr_line' id='line_1_112' title="bbox 2220 4552 3815 4651; baseline -0.023 -13"><span class='ocrx_word' id='word_1_867' title='bbox 2220 4583 2428 4651; x_wconf 88' lang='lat' dir='ltr'><strong>replet,</strong></span> <span class='ocrx_word' id='word_1_868' title='bbox 2460 4572 2680 4643; x_wconf 87' lang='lat' dir='ltr'><strong>utquod</strong></span> <span class='ocrx_word' id='word_1_869' title='bbox 2728 4586 2789 4623; x_wconf 80' lang='lat' dir='ltr'><strong>ex</strong></span> <span class='ocrx_word' id='word_1_870' title='bbox 2822 4565 3127 4621; x_wconf 87' lang='lat' dir='ltr'><strong>infirmitate</strong></span> <span class='ocrx_word' id='word_1_871' title='bbox 3156 4568 3357 4613; x_wconf 77' lang='lat' dir='ltr'><strong>natura:</strong></span> <span class='ocrx_word' id='word_1_872' title='bbox 3389 4552 3693 4615; x_wconf 82' lang='lat' dir='ltr'><strong>deficiebat,</strong></span> <span class='ocrx_word' id='word_1_873' title='bbox 3720 4564 3815 4619; x_wconf 87' lang='lat' dir='ltr'><strong>per</strong></span> 
     </span>
    </p>
   </div>
   <div class='ocr_carea' id='block_1_111' title="bbox 2220 4640 3813 4743">
    <p class='ocr_par' dir='ltr' id='par_1_111' title="bbox 2220 4640 3813 4743">
     <span class='ocr_line' id='line_1_113' title="bbox 2220 4640 3813 4743; baseline -0.024 -16"><span class='ocrx_word' id='word_1_874' title='bbox 2220 4640 2422 4743; x_wconf 55' lang='lat' dir='ltr'><strong>gratias</strong></span> <span class='ocrx_word' id='word_1_875' title='bbox 2460 4640 2841 4736; x_wconf 81' lang='lat' dir='ltr'><strong>plenitudinem</strong></span> <span class='ocrx_word' id='word_1_876' title='bbox 2912 4653 3243 4725; x_wconf 87' lang='lat' dir='ltr'><strong>impleretur.</strong></span> <span class='ocrx_word' id='word_1_877' title='bbox 3298 4642 3616 4714; x_wconf 78' lang='lat' dir='ltr'><strong>Cogitabam</strong></span> <span class='ocrx_word' id='word_1_878' title='bbox 3670 4640 3813 4694; x_wconf 89' lang='lat' dir='ltr'><strong>enim</strong></span> 
     </span>
    </p>
   </div>
   <div class='ocr_carea' id='block_1_112' title="bbox 2222 4730 3815 4827">
    <p class='ocr_par' dir='ltr' id='par_1_112' title="bbox 2222 4730 3815 4827">
     <span class='ocr_line' id='line_1_114' title="bbox 2222 4730 3815 4827; baseline -0.023 -10"><span class='ocrx_word' id='word_1_879' title='bbox 2222 4763 2422 4817; x_wconf 86' lang='lat' dir='ltr'><strong>vultum</strong></span> <span class='ocrx_word' id='word_1_880' title='bbox 2451 4756 2618 4827; x_wconf 88' lang='lat' dir='ltr'><strong>gloria</strong></span> <span class='ocrx_word' id='word_1_881' title='bbox 2647 4751 2892 4804; x_wconf 79' lang='lat' dir='ltr'><strong>affectum</strong></span> <span class='ocrx_word' id='word_1_882' title='bbox 2935 4759 3043 4798; x_wconf 90' lang='lat' dir='ltr'><strong>non</strong></span> <span class='ocrx_word' id='word_1_883' title='bbox 3068 4755 3187 4796; x_wconf 88' lang='lat' dir='ltr'><strong>esse</strong></span> <span class='ocrx_word' id='word_1_884' title='bbox 3233 4755 3261 4793; x_wconf 90' lang='lat' dir='ltr'><strong>a</strong></span> <span class='ocrx_word' id='word_1_885' title='bbox 3293 4738 3401 4791; x_wconf 91' lang='lat' dir='ltr'><strong>Deo</strong></span> <span class='ocrx_word' id='word_1_886' title='bbox 3430 4735 3692 4788; x_wconf 87' lang='lat' dir='ltr'><strong>alienum.</strong></span> <span class='ocrx_word' id='word_1_887' title='bbox 3740 4730 3815 4783; x_wconf 89' lang='lat' dir='ltr'><strong>Ita</strong></span> 
     </span>
    </p>
   </div>
   <div class='ocr_carea' id='block_1_113' title="bbox 2224 4822 3819 4924">
    <p class='ocr_par' dir='ltr' id='par_1_113' title="bbox 2224 4822 3819 4924">
     <span class='ocr_line' id='line_1_115' title="bbox 2224 4822 3819 4924; baseline -0.02 -19"><span class='ocrx_word' id='word_1_888' title='bbox 2224 4822 2739 4924; x_wconf 41' lang='lat' dir='ltr'><strong>quoque&#39;Servator</strong></span> <span class='ocrx_word' id='word_1_889' title='bbox 2782 4840 2985 4892; x_wconf 89' lang='lat' dir='ltr'><strong>vultum</strong></span> <span class='ocrx_word' id='word_1_890' title='bbox 3036 4830 3290 4900; x_wconf 87' lang='lat' dir='ltr'><strong>Stephani</strong></span> <span class='ocrx_word' id='word_1_891' title='bbox 3351 4826 3503 4895; x_wconf 89' lang='lat' dir='ltr'><strong>primi</strong></span> <span class='ocrx_word' id='word_1_892' title='bbox 3564 4822 3819 4891; x_wconf 80' lang='lat' dir='ltr'><strong>martyris</strong></span> 
     </span>
    </p>
   </div>
   <div class='ocr_carea' id='block_1_114' title="bbox 2225 4912 3819 5013">
    <p class='ocr_par' dir='ltr' id='par_1_114' title="bbox 2225 4912 3819 5013">
     <span class='ocr_line' id='line_1_116' title="bbox 2225 4912 3819 5013; baseline -0.023 -15"><span class='ocrx_word' id='word_1_893' title='bbox 2225 4912 2508 5013; x_wconf 74' lang='lat' dir='ltr'><strong>splendere</strong></span> <span class='ocrx_word' id='word_1_894' title='bbox 2533 4933 2762 4989; x_wconf 88' lang='lat' dir='ltr'><strong>curavit.</strong></span> <span class='ocrx_word' id='word_1_895' title='bbox 2784 4930 2889 4983; x_wconf 82' lang='lat' dir='ltr'><strong>Cur</strong></span> <span class='ocrx_word' id='word_1_896' title='bbox 2905 4925 3106 4981; x_wconf 83' lang='lat' dir='ltr'><strong>vultum</strong></span> <span class='ocrx_word' id='word_1_897' title='bbox 3129 4918 3389 4989; x_wconf 88' lang='lat' dir='ltr'><strong>Stephani</strong></span> <span class='ocrx_word' id='word_1_898' title='bbox 3416 4912 3704 4984; x_wconf 84' lang='lat' dir='ltr'><strong>Splendere</strong></span> <span class='ocrx_word' id='word_1_899' title='bbox 3734 4925 3819 4965; x_wconf 84' lang='lat' dir='ltr'><strong>cu-</strong></span> 
     </span>
    </p>
   </div>
   <div class='ocr_carea' id='block_1_115' title="bbox 2227 5008 3790 5100">
    <p class='ocr_par' dir='ltr' id='par_1_115' title="bbox 2227 5008 3790 5100">
     <span class='ocr_line' id='line_1_117' title="bbox 2227 5008 3790 5100; baseline -0.02 -8"><span class='ocrx_word' id='word_1_900' title='bbox 2227 5008 2405 5092; x_wconf 77' lang='lat' dir='ltr'><strong>ravit?</strong></span> <span class='ocrx_word' id='word_1_901' title='bbox 2431 5032 2565 5100; x_wconf 90' lang='lat' dir='ltr'><strong>Quia</strong></span> <span class='ocrx_word' id='word_1_902' title='bbox 2599 5038 2655 5083; x_wconf 90' lang='lat' dir='ltr'><strong>ut</strong></span> <span class='ocrx_word' id='word_1_903' title='bbox 2685 5023 3027 5094; x_wconf 87' lang='lat' dir='ltr'><strong>blasphemus</strong></span> <span class='ocrx_word' id='word_1_904' title='bbox 3056 5014 3372 5087; x_wconf 90' lang='lat' dir='ltr'><strong>lapidandus</strong></span> <span class='ocrx_word' id='word_1_905' title='bbox 3401 5020 3516 5067; x_wconf 87' lang='lat' dir='ltr'><strong>erat</strong></span> <span class='ocrx_word' id='word_1_906' title='bbox 3538 5051 3553 5074; x_wconf 88' lang='lat'><strong>,</strong></span> <span class='ocrx_word' id='word_1_907' title='bbox 3586 5024 3712 5064; x_wconf 88' lang='lat' dir='ltr'><strong>cum</strong></span> <span class='ocrx_word' id='word_1_908' title='bbox 3740 5008 3790 5061; x_wconf 90' lang='lat' dir='ltr'><strong>di</strong></span> 
     </span>
    </p>
   </div>
   <div class='ocr_carea' id='block_1_116' title="bbox 2228 5102 3815 5191">
    <p class='ocr_par' dir='ltr' id='par_1_116' title="bbox 2228 5102 3815 5191">
     <span class='ocr_line' id='line_1_118' title="bbox 2228 5102 3815 5191; baseline -0.021 -6"><span class='ocrx_word' id='word_1_909' title='bbox 2228 5137 2394 5191; x_wconf 89' lang='lat' dir='ltr'><strong>ceret,</strong></span> <span class='ocrx_word' id='word_1_910' title='bbox 2431 5124 2589 5177; x_wconf 84' lang='lat' dir='ltr'><strong>Video</strong></span> <span class='ocrx_word' id='word_1_911' title='bbox 2612 5120 2761 5174; x_wconf 75' lang='lat' dir='ltr'><strong>ctelos</strong></span> <span class='ocrx_word' id='word_1_912' title='bbox 2784 5123 3005 5184; x_wconf 82' lang='lat' dir='ltr'><strong>apertos,</strong></span> <span class='ocrx_word' id='word_1_913' title='bbox 3054 5121 3099 5163; x_wconf 87' lang='lat' dir='ltr'><strong>et</strong></span> <span class='ocrx_word' id='word_1_914' title='bbox 3130 5108 3174 5161; x_wconf 88' lang='lat' dir='ltr'><strong><em>F</em></strong></span> <span class='ocrx_word' id='word_1_915' title='bbox 3176 5109 3323 5162; x_wconf 84' lang='lat' dir='ltr'><strong>ilium</strong></span> <span class='ocrx_word' id='word_1_916' title='bbox 3348 5102 3568 5157; x_wconf 84' lang='lat' dir='ltr'><strong>hominis</strong></span> <span class='ocrx_word' id='word_1_917' title='bbox 3596 5109 3815 5155; x_wconf 80' lang='lat' dir='ltr'><strong>stantem</strong></span> 
     </span>
    </p>
   </div>
   <div class='ocr_carea' id='block_1_117' title="bbox 2230 5196 3821 5283">
    <p class='ocr_par' dir='ltr' id='par_1_117' title="bbox 2230 5196 3821 5283">
     <span class='ocr_line' id='line_1_119' title="bbox 2230 5196 3821 5283; baseline -0.019 -8"><span class='ocrx_word' id='word_1_918' title='bbox 2230 5240 2261 5275; x_wconf 81' lang='grc' dir='ltr'><strong><em>η</em></strong></span> <span class='ocrx_word' id='word_1_919' title='bbox 2296 5220 2485 5274; x_wconf 74' lang='lat' dir='ltr'><strong>dextris</strong></span> <span class='ocrx_word' id='word_1_920' title='bbox 2515 5216 2609 5269; x_wconf 87' lang='lat' dir='ltr'><strong>Dei</strong></span> <span class='ocrx_word' id='word_1_921' title='bbox 2662 5213 2798 5283; x_wconf 74' lang='lat' dir='ltr'><strong>(Act.</strong></span> <span class='ocrx_word' id='word_1_922' title='bbox 2827 5210 2858 5261; x_wconf 87' lang='grc'><strong>’7</strong></span> <span class='ocrx_word' id='word_1_923' title='bbox 2918 5206 2988 5262; x_wconf 79' lang='lat'><strong>55</strong></span> <span class='ocrx_word' id='word_1_924' title='bbox 3014 5206 3067 5274; x_wconf 87' lang='lat'><strong>);</strong></span> <span class='ocrx_word' id='word_1_925' title='bbox 3101 5208 3444 5256; x_wconf 85' lang='lat' dir='ltr'><strong>antevertens</strong></span> <span class='ocrx_word' id='word_1_926' title='bbox 3490 5196 3633 5254; x_wconf 90' lang='lat' dir='ltr'><strong>Deus</strong></span> <span class='ocrx_word' id='word_1_927' title='bbox 3660 5208 3821 5262; x_wconf 85' lang='lat' dir='ltr'><strong>ange—</strong></span> 
     </span>
    </p>
   </div>
   <div class='ocr_carea' id='block_1_118' title="bbox 2235 5284 3821 5366">
    <p class='ocr_par' dir='ltr' id='par_1_118' title="bbox 2235 5284 3821 5366">
     <span class='ocr_line' id='line_1_120' title="bbox 2235 5284 3821 5366; baseline -0.021 0"><span class='ocrx_word' id='word_1_928' title='bbox 2235 5313 2333 5366; x_wconf 87' lang='lat' dir='ltr'><strong>lica</strong></span> <span class='ocrx_word' id='word_1_929' title='bbox 2366 5309 2531 5362; x_wconf 89' lang='lat' dir='ltr'><strong>forma</strong></span> <span class='ocrx_word' id='word_1_930' title='bbox 2589 5303 2778 5355; x_wconf 83' lang='lat' dir='ltr'><strong>faciem</strong></span> <span class='ocrx_word' id='word_1_931' title='bbox 2809 5298 2927 5366; x_wconf 89' lang='lat' dir='ltr'><strong>ejus</strong></span> <span class='ocrx_word' id='word_1_932' title='bbox 2966 5291 3277 5355; x_wconf 84' lang='lat' dir='ltr'><strong>coronavit;</strong></span> <span class='ocrx_word' id='word_1_933' title='bbox 3320 5296 3379 5342; x_wconf 87' lang='lat' dir='ltr'><strong>ut</strong></span> <span class='ocrx_word' id='word_1_934' title='bbox 3407 5284 3632 5355; x_wconf 85' lang='lat' dir='ltr'><strong>ingratis</strong></span> <span class='ocrx_word' id='word_1_935' title='bbox 3672 5296 3821 5336; x_wconf 87' lang='lat' dir='ltr'><strong>mon-</strong></span> 
     </span>
    </p>
   </div>
   <div class='ocr_carea' id='block_1_119' title="bbox 2234 5374 3819 5464">
    <p class='ocr_par' dir='ltr' id='par_1_119' title="bbox 2234 5374 3819 5464">
     <span class='ocr_line' id='line_1_121' title="bbox 2234 5374 3819 5464; baseline -0.021 -7"><span class='ocrx_word' id='word_1_936' title='bbox 2234 5410 2447 5463; x_wconf 87' lang='lat' dir='ltr'><strong>strarct,</strong></span> <span class='ocrx_word' id='word_1_937' title='bbox 2477 5412 2581 5451; x_wconf 91' lang='lat' dir='ltr'><strong>non</strong></span> <span class='ocrx_word' id='word_1_938' title='bbox 2626 5393 2792 5464; x_wconf 88' lang='lat' dir='ltr'><strong>gloria</strong></span> <span class='ocrx_word' id='word_1_939' title='bbox 2822 5386 3158 5444; x_wconf 84' lang='lat' dir='ltr'><strong>afficiendum</strong></span> <span class='ocrx_word' id='word_1_940' title='bbox 3211 5381 3359 5446; x_wconf 90' lang='lat' dir='ltr'><strong>fore,</strong></span> <span class='ocrx_word' id='word_1_941' title='bbox 3388 5378 3431 5433; x_wconf 90' lang='lat' dir='ltr'><strong>si</strong></span> <span class='ocrx_word' id='word_1_942' title='bbox 3477 5374 3819 5445; x_wconf 88' lang='lat' dir='ltr'><strong>blasphemus</strong></span> 
     </span>
    </p>
   </div>
   <div class='ocr_carea' id='block_1_120' title="bbox 2235 5468 3819 5553">
    <p class='ocr_par' dir='ltr' id='par_1_120' title="bbox 2235 5468 3819 5553">
     <span class='ocr_line' id='line_1_122' title="bbox 2235 5468 3819 5553; baseline -0.02 -4"><span class='ocrx_word' id='word_1_943' title='bbox 2235 5502 2397 5549; x_wconf 89' lang='lat' dir='ltr'><strong>esset.</strong></span> <span class='ocrx_word' id='word_1_944' title='bbox 2447 5487 2571 5544; x_wconf 89' lang='lat' dir='ltr'><strong>lleri</strong></span> <span class='ocrx_word' id='word_1_945' title='bbox 2619 5498 2748 5553; x_wconf 85' lang='lat' dir='ltr'><strong>ergo</strong></span> <span class='ocrx_word' id='word_1_946' title='bbox 2778 5482 3008 5537; x_wconf 82' lang='lat' dir='ltr'><strong>diximus</strong></span> <span class='ocrx_word' id='word_1_947' title='bbox 3050 5478 3217 5531; x_wconf 91' lang='lat' dir='ltr'><strong>Deum</strong></span> <span class='ocrx_word' id='word_1_948' title='bbox 3262 5472 3435 5543; x_wconf 90' lang='lat' dir='ltr'><strong>primo</strong></span> <span class='ocrx_word' id='word_1_949' title='bbox 3481 5468 3569 5523; x_wconf 91' lang='lat' dir='ltr'><strong>die</strong></span> <span class='ocrx_word' id='word_1_950' title='bbox 3617 5482 3685 5521; x_wconf 72' lang='lat' dir='ltr'><strong>ex</strong></span> <span class='ocrx_word' id='word_1_951' title='bbox 3717 5477 3819 5518; x_wconf 86' lang='lat' dir='ltr'><strong>non</strong></span> 
     </span>
    </p>
   </div>
   <div class='ocr_carea' id='block_1_121' title="bbox 2237 5558 3818 5640">
    <p class='ocr_par' dir='ltr' id='par_1_121' title="bbox 2237 5558 3818 5640">
     <span class='ocr_line' id='line_1_123' title="bbox 2237 5558 3818 5640; baseline -0.022 -1"><span class='ocrx_word' id='word_1_952' title='bbox 2237 5580 2568 5640; x_wconf 79' lang='lat' dir='ltr'><strong>exstantibus</strong></span> <span class='ocrx_word' id='word_1_953' title='bbox 2618 5575 2812 5630; x_wconf 88' lang='lat' dir='ltr'><strong>fecisse</strong></span> <span class='ocrx_word' id='word_1_954' title='bbox 2878 5571 3077 5626; x_wconf 87' lang='lat' dir='ltr'><strong>omnia.</strong></span> <span class='ocrx_word' id='word_1_955' title='bbox 3132 5564 3390 5634; x_wconf 92' lang='lat' dir='ltr'><strong>Quodque</strong></span> <span class='ocrx_word' id='word_1_956' title='bbox 3456 5558 3650 5613; x_wconf 89' lang='lat' dir='ltr'><strong>mirum</strong></span> <span class='ocrx_word' id='word_1_957' title='bbox 3706 5563 3818 5617; x_wconf 87' lang='lat' dir='ltr'><strong>est,</strong></span> 
     </span>
    </p>
   </div>
   <div class='ocr_carea' id='block_1_122' title="bbox 2238 5647 3815 5745">
    <p class='ocr_par' dir='ltr' id='par_1_122' title="bbox 2238 5647 3815 5745">
     <span class='ocr_line' id='line_1_124' title="bbox 2238 5647 3815 5745; baseline -0.019 -17"><span class='ocrx_word' id='word_1_958' title='bbox 2238 5689 2398 5745; x_wconf 88' lang='lat' dir='ltr'><strong>opera</strong></span> <span class='ocrx_word' id='word_1_959' title='bbox 2423 5686 2526 5726; x_wconf 91' lang='lat' dir='ltr'><strong>non</strong></span> <span class='ocrx_word' id='word_1_960' title='bbox 2549 5667 2709 5723; x_wconf 90' lang='lat' dir='ltr'><strong>modo</strong></span> <span class='ocrx_word' id='word_1_961' title='bbox 2736 5664 3064 5720; x_wconf 89' lang='lat' dir='ltr'><strong>creationem</strong></span> <span class='ocrx_word' id='word_1_962' title='bbox 3088 5659 3180 5714; x_wconf 91' lang='lat' dir='ltr'><strong>Dei</strong></span> <span class='ocrx_word' id='word_1_963' title='bbox 3202 5654 3507 5713; x_wconf 86' lang='lat' dir='ltr'><strong>ostendunt,</strong></span> <span class='ocrx_word' id='word_1_964' title='bbox 3538 5653 3633 5704; x_wconf 85' lang='lat' dir='ltr'><strong>sed</strong></span> <span class='ocrx_word' id='word_1_965' title='bbox 3661 5647 3815 5703; x_wconf 89' lang='lat' dir='ltr'><strong>etiam</strong></span> 
     </span>
    </p>
   </div>
   <div class='ocr_carea' id='block_1_123' title="bbox 2240 5744 3815 5827">
    <p class='ocr_par' dir='ltr' id='par_1_123' title="bbox 2240 5744 3815 5827">
     <span class='ocr_line' id='line_1_125' title="bbox 2240 5744 3815 5827; baseline -0.021 -6"><span class='ocrx_word' id='word_1_966' title='bbox 2240 5764 2615 5822; x_wconf 67' lang='lat' dir='ltr'><strong>haereticorum</strong></span> <span class='ocrx_word' id='word_1_967' title='bbox 2638 5758 2960 5827; x_wconf 89' lang='lat' dir='ltr'><strong>impietatem</strong></span> <span class='ocrx_word' id='word_1_968' title='bbox 2990 5756 3301 5819; x_wconf 87' lang='lat' dir='ltr'><strong>coarguunt.</strong></span> <span class='ocrx_word' id='word_1_969' title='bbox 3329 5744 3527 5811; x_wconf 73' lang='lat' dir='ltr'><strong>Qumro</strong></span> <span class='ocrx_word' id='word_1_970' title='bbox 3571 5752 3815 5808; x_wconf 90' lang='lat' dir='ltr'><strong>namque,</strong></span> 
     </span>
    </p>
   </div>
   <div class='ocr_carea' id='block_1_124' title="bbox 2241 5825 3815 5927">
    <p class='ocr_par' dir='ltr' id='par_1_124' title="bbox 2241 5825 3815 5927">
     <span class='ocr_line' id='line_1_126' title="bbox 2241 5825 3815 5927; baseline -0.019 -17"><span class='ocrx_word' id='word_1_971' title='bbox 2241 5853 2509 5927; x_wconf 87' lang='lat' dir='ltr'><strong>quomodo</strong></span> <span class='ocrx_word' id='word_1_972' title='bbox 2545 5851 2679 5907; x_wconf 85' lang='lat' dir='ltr'><strong>facta</strong></span> <span class='ocrx_word' id='word_1_973' title='bbox 2724 5856 2847 5905; x_wconf 88' lang='lat' dir='ltr'><strong>sunt</strong></span> <span class='ocrx_word' id='word_1_974' title='bbox 2874 5861 2936 5902; x_wconf 85' lang='lat' dir='ltr'><strong>ea</strong></span> <span class='ocrx_word' id='word_1_975' title='bbox 2962 5858 3079 5917; x_wconf 77' lang='lat' dir='ltr'><strong>qua:</strong></span> <span class='ocrx_word' id='word_1_976' title='bbox 3108 5854 3215 5896; x_wconf 90' lang='lat' dir='ltr'><strong>non</strong></span> <span class='ocrx_word' id='word_1_977' title='bbox 3248 5842 3417 5900; x_wconf 84' lang='lat' dir='ltr'><strong>erant,</strong></span> <span class='ocrx_word' id='word_1_978' title='bbox 3449 5831 3576 5903; x_wconf 86' lang='lat' dir='ltr'><strong>quia</strong></span> <span class='ocrx_word' id='word_1_979' title='bbox 3626 5829 3725 5901; x_wconf 79' lang='lat' dir='ltr'><strong>ipsi</strong></span> <span class='ocrx_word' id='word_1_980' title='bbox 3750 5825 3815 5882; x_wconf 78' lang='lat' dir='ltr'><strong>de</strong></span> 
     </span>
    </p>
   </div>
  </div>
