3984 6430
178 475 696 550 πρύνων.Βούλεται
716 476 772 528 δὲ
800 477 943 546 ἡμᾶς
968 476 996 528 6
1025 475 1118 528 τοῦ
1149 477 1284 530 Θεοῦ
1314 478 1468 543 λόγος
1486 473 1768 544 λαμπροὺς

181 559 281 628 μὲν
309 555 450 611 εἶναι
483 560 624 611 κατά
646 560 742 628 τὴν
773 559 1134 627 ἁποστολικὴν
1163 559 1400 612 διάθεσιν
1422 569 1440 588 ⁸
1466 558 1560 626 τὴν
1581 557 1770 622 λέγουσι

179 657 314 692 σαν·
348 641 485 695 Ἵνα
539 637 644 709 ἦτε
698 641 777 704 ὡς
829 640 1145 709 φωστῆρες
1197 641 1268 694 ἐν
1316 643 1544 708 κόσμῳ,
1587 639 1772 705 λόγον

177 721 332 789 ζωῆς
353 722 699 790 ἐπέχοντες.
749 722 877 776 Ἰδοὺ
907 726 940 792 ή
974 724 1312 794 λαμπρότης.
1340 723 1597 774 Βούλεται
1626 720 1771 788 ἡμᾶς

177 800 316 860 εἶναι
355 804 430 872 μὴ
472 803 722 872 ἀμϐλεῖς,
775 804 890 856 ἀλλ’
928 805 1106 869 ὀξεῖς·
1161 802 1293 856 Ζὼν
1334 803 1464 871 γὰρ,
1518 799 1703 868 φησὶν,
1739 801 1771 850 ό

176 887 359 951 λόγος
378 885 484 938 τοῦ
519 885 688 948 Θεοῦ,
722 885 817 937 καὶ
845 885 1117 954 ἐνεργής,
1154 885 1252 937 καί
1275 884 1599 952 τομώτερος
1622 880 1769 947 ὑπὲρ

177 965 390 1021 πᾶσαν
412 965 717 1036 μάχαιραν
755 969 1063 1037 δίστομον.
1111 967 1370 1020 Βούλεται
1405 967 1551 1036 ἡμᾶς
1582 966 1771 1033 παχεῖς

180 1048 255 1118 μὴ
299 1044 462 1113 εἶναι,
501 1050 636 1103 ἀλλὰ
670 1050 953 1104 λεπτύνειν
983 1050 1082 1118 τὴν
1119 1050 1358 1102 διάνοιαν
1378 1053 1489 1111 τοῖς
1515 1049 1766 1116 νοήμασι.

180 1132 351 1186 Ὀπου
402 1133 512 1203 γάρ
566 1133 835 1204 παχύτης,
862 1131 1122 1203 ἀλλοτρία
1153 1131 1288 1184 Θεοῦ
1325 1131 1483 1198 λόγου
1505 1147 1517 1160 ·
1551 1131 1682 1182 ὅπου
1712 1128 1768 1181 δὲ

177 1212 524 1287 λεπτομερὴς
557 1216 792 1278 διάνοια,
822 1216 997 1268 οἰκεία
1043 1214 1178 1268 Θεοῦ
1230 1215 1415 1283 νόμου.
1467 1213 1566 1264 Διά
1612 1211 1770 1265 τοῦτο

179 1297 307 1364 περὶ
340 1298 450 1350 τῶν
485 1297 804 1367 παχυτέρων
847 1297 994 1364 λέγει
1038 1300 1070 1368 ή
1123 1297 1344 1366 Γραφή·
1392 1296 1500 1350 Καὶ
1549 1294 1771 1362 ἔφαγεν

191 1376 419 1440 Ἰακὼϐ,
472 1380 572 1433 καὶ
623 1379 1004 1448 ἐνεπλήσθη,
1056 1378 1383 1444 ἐλιπάνθη,
1437 1378 1768 1443 ἐπαχύνθη.

177 1458 528 1530 ἐπλατύνθη
554 1480 567 1491 ·
598 1461 955 1530 ἐγκατέλιπε
986 1462 1133 1514 Θεὸν
1159 1461 1266 1513 τὸν
1290 1459 1547 1525 ποιήσειν
1560 1475 1630 1511 τα
1667 1458 1771 1510 αὐ-

177 1543 300 1594 τόν.
317 1542 456 1616 Φέρε
478 1543 655 1595 τοίνυν
679 1543 772 1596 καὶ
800 1543 959 1612 ήμῶν
979 1543 1007 1594 6
1037 1541 1177 1604 θεῖος
1197 1541 1349 1610 λόγος
1369 1537 1769 1608 καταλαμπέτω

177 1623 275 1692 τὴν
294 1625 556 1688 διάνοιαν,
574 1625 666 1678 καὶ
690 1624 922 1695 μάλιστα
947 1625 1043 1694 τῆς
1075 1625 1235 1692 ἁγίας
1263 1626 1464 1694 ταύτης
1483 1621 1769 1692 προκειμέ-

178 1728 272 1779 νης
287 1709 565 1778 νηστείας,
585 1710 617 1776 ἦ
635 1707 967 1761 λεπτύνειτά
992 1707 1218 1777 σώματα
1245 1711 1337 1760 καὶ
1352 1707 1528 1772 ὀξύνει
1549 1706 1616 1758 16
1634 1721 1765 1776 φρο-

177 1794 416 1862 νήματα.
449 1791 606 1842 Ἔστι
635 1792 741 1860 γὰρ
763 1793 854 1844 καὶ
874 1790 1094 1860 νηστεία
1128 1790 1326 1852 παντὸς
1351 1787 1620 1858 ἀγιασμοῦ
1653 1804 1769 1858 τρο-

177 1875 290 1941 φὸς,
321 1873 419 1925 καὶ
454 1873 639 1942 μήτηρ
682 1871 934 1934 εὐσεϐοῦς
968 1871 1223 1934 διανοίας.
1270 1871 1344 1923 Οὐ
1378 1870 1617 1941 ζητεῖται
1649 1867 1766 1931 πῶς

177 1954 563 2023 νηστεύσωμεν
590 1955 766 2022 μόνον,
790 1952 924 2005 άλλά
950 1952 1068 2015 πῶς
1093 1952 1331 2015 εὐσεϐῶς
1359 1951 1763 2021 νηστεύσωμεν.

177 2037 364 2091 Πολλοὶ
395 2037 492 2089 καὶ
520 2035 610 2087 διὰ
637 2035 898 2104 δημοσίας
915 2035 1099 2105 χρείας
1120 2035 1459 2104 πραγμάτων
1477 2035 1766 2104 νηστεύου-

177 2135 277 2178 σιν.
310 2119 428 2171 ἀλλ’
458 2119 520 2170 ού
545 2117 814 2186 λογίζεται
834 2117 1017 2180 αὐτοῖς
1038 2119 1118 2179 είς
1138 2117 1412 2186 νηστείαν.
1431 2117 1488 2170 Ὀ
1503 2117 1612 2186 γὰρ
1645 2132 1768 2168 σκο-

178 2201 272 2263 πὸς
300 2202 550 2270 κρίνεται
573 2237 588 2263 ,
612 2199 711 2268 ούχ
744 2199 1005 2269 ήάνάγκη
1043 2199 1418 2267 στεφανοῦται.
1449 2199 1604 2252 Μετά
1633 2197 1766 2250 ταύ-

175 2299 268 2349 της
283 2284 380 2352 τῆς
398 2283 469 2348 άγ
481 2281 776 2352 ιοπρεποῦς
796 2281 1184 2344 καταστάσεως
1198 2283 1226 2333 6
1241 2282 1510 2350 μακάριος
1527 2282 1660 2333 Μωῦ
1669 2281 1767 2350 σῆς

173 2381 259 2416 τιν
282 2367 448 2434 νόμον
482 2363 798 2417 ἐπαιδεύετο
817 2365 876 2417 ἐν
902 2363 980 2434 τῷ
1006 2365 1142 2436 ὄρει,
1161 2367 1255 2418 καὶ
1275 2366 1373 2436 τὴν
1405 2364 1765 2435 δημιουργίαν

175 2448 509 2503 ὲδιδάσκετο.
540 2449 767 2519 Εἴρηται
794 2448 973 2502 τοίνυν
1003 2450 1133 2519 ήμῖν
1152 2452 1218 2520 τῇ
1240 2450 1368 2518 χθὲς
1388 2448 1591 2518 ἡμέρᾳ,
1628 2449 1708 2501 61:
1736 2450 1764 2501 6

173 2530 297 2594 Θεὸς
321 2533 536 2603 μέλλων
561 2531 759 2586 διδόναι
782 2531 874 2584 τὸν
900 2532 1064 2602 νόμον
1079 2533 1168 2584 διὰ
1185 2535 1319 2586 Μωῦ
1329 2532 1482 2595 σέως,
1501 2532 1762 2602 πρότερον

175 2613 369 2678 ἔδειξεν
393 2614 588 2667 ἐαυτὸν
612 2614 963 2684 δημιουργὸν,
991 2615 1087 2668 καὶ
1118 2616 1238 2667 τότε
1269 2615 1581 2684 νομοθέτην.
1607 2613 1760 2684 [446]

173 2695 343 2748 Πόθεν
367 2695 636 2764 ἠδύναντο
651 2697 700 2747 οί
717 2696 958 2748 Ἰουδαῖοι
973 2695 1280 2760 πιστεῦσαι,
1295 2697 1374 2748 ὃτι
1395 2698 1424 2746 6
1437 2696 1567 2756 Θεὸς
1585 2695 1764 2762 ἐποίη-

177 2794 233 2829 σε
263 2777 355 2830 τὸν
376 2777 606 2847 ούρανὸν
627 2778 720 2830 καὶ
752 2778 850 2848 τὴν
878 2778 981 2847 γῆν
997 2778 1091 2831 καὶ
1119 2779 1294 2831 πάντα
1319 2778 1386 2830 τὰ
1411 2779 1466 2830 ἐν
1487 2779 1686 2840 αὐτοῖς,
1714 2779 1761 2828 εί

178 2859 250 2930 μὴ
271 2859 491 2930 πρῶτον
508 2860 729 2929 ἐποίησε
753 2859 819 2911 16
840 2858 1095 2928 θαύματα
1110 2862 1166 2912 ἐν
1185 2861 1464 2928 Αἰγύπτῳ,
1483 2857 1763 2912 δεικνύντα

173 2943 334 2995 αὐτόν
363 2942 696 3012 δημιουργὸν
716 2941 817 3010 τῆς
846 2942 1203 3012 οίκουμένηςς
1230 2942 1417 3010 Ἡμεῖς
1442 2941 1762 3011 διδάσκομεν

173 3021 259 3073 ἵνα
306 3021 621 3089 πείσωμεν·
655 3021 683 3072 6
728 3020 863 3083 Θεὸς
908 3021 1085 3073 πείθει
1139 3022 1228 3074 ἵνα
1283 3018 1490 3090 διδάξῃ.
1547 3020 1761 3091 Ἐπειδὴ

172 3103 364 3171 ἔμελλε
410 3101 644 3172 Μωῦσῆς
694 3102 1004 3156 ἐκτίθεσθαι
1063 3102 1158 3156 καὶ
1208 3104 1420 3170 λέγειν,
1451 3104 1529 3155 ὅτι
1573 3105 1600 3154 6
1631 3102 1762 3165 Θεὸς

171 3187 396 3256 ἐποίησε
423 3185 514 3238 τὸν
552 3185 801 3255 οὐρανὸν,
829 3188 921 3240 καὶ
943 3188 1041 3257 τὴν
1070 3187 1195 3256 γῆν,
1221 3189 1314 3239 καὶ
1341 3186 1437 3257 τήν
1465 3185 1758 3249 Θάλασσαν,

171 3271 261 3322 καὶ
285 3268 467 3320 πάντα
521 3269 589 3320 16
641 3271 698 3320 ἐν
728 3270 930 3332 αὐτοῖς,
978 3271 1024 3322 εί
1066 3271 1140 3339 μὴ
1178 3269 1392 3336 πρῶτον
1440 3269 1663 3339 ἐποίησε
1695 3270 1762 3322 16

171 3352 425 3421 θαύματα
461 3351 517 3403 ὲν
547 3352 828 3421 Αἰγύπτῳ,
860 3353 954 3404 καὶ
998 3352 1198 3416 ἔδειξεν
1246 3354 1324 3404 ὅτι
1380 3352 1598 3404 πάντων
1645 3353 1761 3406 ἐστὶ

171 3437 274 3490 τῶν
332 3435 651 3505 κτισμάτων
706 3435 1059 3506 δημιουργὸς,
1105 3436 1204 3489 οὐκ
1250 3435 1314 3488 ἂν
1371 3435 1690 3489 ἐπίστευσεν
1733 3437 1761 3488 6

171 3520 317 3582 λαὸς,
338 3521 423 3572 61:
447 3520 476 3571 6
510 3518 641 3582 Θεὸς
677 3519 898 3588 ἐποίησε
929 3519 1019 3571 τὸν
1048 3519 1274 3591 ούρανὸν
1295 3519 1388 3571 καὶ
1416 3519 1515 3589 τὴν
1553 3519 1676 3589 γῆν.
1698 3519 1760 3571 Et

175 3604 246 3673 μή
270 3602 509 3667 ἐξέτεινε
539 3600 755 3671 πρῶτον
785 3601 1026 3672 Μωῦσῆς
1056 3603 1150 3665 τάς
1180 3605 1365 3672 χεῖρας
1392 3603 1470 3664 είς
1493 3603 1581 3655 τὸν
1606 3604 1761 3672 ούρα-

170 3687 278 3748 νὸν,
315 3683 412 3736 καὶ
452 3685 756 3753 κατήνεγκε
784 3684 1025 3752 χάλαζαν
1055 3687 1148 3738 καὶ
1182 3687 1313 3754 πῦρ,
1349 3687 1442 3738 καὶ
1479 3685 1679 3754 ἔμαθον
1710 3687 1757 3737 οἱ

169 3769 283 3823 λαοὶ
315 3767 406 3820 διά
438 3766 532 3820 τοῦ
577 3766 768 3819 πιστοῦ
823 3767 1169 3835 θεράποντος,
1201 3769 1282 3820 ὅτι
1328 3768 1463 3838 αὕτη
1507 3770 1538 3837 ή
1592 3768 1759 3838 θνητὴ

167 3853 314 3918 δεξιὰ
345 3852 492 3920 λόγῳ
523 3847 657 3901 Θεοῦ
694 3849 995 3918 κινηθεῖσα,
1017 3850 1108 3902 τὸν
1143 3851 1371 3922 οὐρανὸν
1405 3849 1634 3922 ἐτάραξε
1667 3852 1759 3902 καὶ

167 3934 264 4004 τὴν
283 3932 650 4002 δημιουργίαν
678 3931 908 3984 ἐθόλωσε
929 3949 943 3963 ·
999 3933 1179 4001 πολλῷ
1207 3934 1404 4001 μᾶλλον
1433 3936 1464 4001 ή
1499 3932 1591 3985 τοῦ
1622 3931 1756 3984 Θεοῦ

169 4017 531 4076 κελεύσαντος
560 4013 712 4078 δεξιὰ
725 4013 929 4082 ἧδρασε
949 4013 1039 4066 τὸν
1064 4016 1293 4084 οὐρανὸν
1317 4017 1411 4068 καὶ
1429 4016 1756 4084 ἐθεμελίωσε

166 4101 264 4169 τὴν
318 4101 444 4169 γῆν.
508 4096 694 4159 Οὐδεὶς
733 4097 842 4165 γάρ
901 4099 1041 4148 κινεῖ
1103 4098 1489 4168 δημιουργίαν,
1547 4099 1612 4165 ἦν
1660 4097 1758 4148 οὑκ

167 4185 443 4254 εποίησεν.
491 4181 640 4233 Ἔδει
658 4178 836 4232 τοίνυν
868 4179 1170 4250 δειχθῆναι,
1190 4183 1274 4234 ὅτι
1308 4186 1335 4232 6
1367 4183 1498 4246 Θεὸς
1529 4181 1757 4250 ἐποίησε

165 4267 263 4336 τὴν
289 4268 416 4337 γῆν·
443 4264 679 4328 ἐξέτεινε
706 4264 947 4332 Μωῦσῆς
965 4264 1062 4334 τὴν
1091 4268 1250 4334 χεῖρα
1280 4267 1359 4327 είς
1389 4265 1487 4333 τὴν
1507 4267 1630 4334 γῆν,
1665 4263 1758 4316 καὶ

168 4351 391 4418 ἐξῆλθον
446 4351 691 4410 σκνῖπες.
725 4347 870 4399 Ἔδει
901 4347 1062 4400 πάλιν
1093 4348 1390 4417 δειχθῆναι,
1425 4350 1506 4401 ὅτι
1557 4350 1584 4400 ὁ
1628 4348 1759 4410 Θεὸς

167 4434 389 4503 ἐποίησε
413 4431 476 4483 τὸ
503 4429 647 4498 πῦρ·
691 4429 850 4482 ἔλαϐε
897 4429 1139 4498 Μωῦσῆς
1173 4431 1399 4499 αἱθάλην
1445 4431 1757 4499 καμιναίας,

168 4517 260 4570 καὶ
295 4515 468 4566 ἑπασε
506 4510 652 4582 (sic),
700 4513 790 4565 καὶ
819 4511 1102 4583 ἐπλήρωσε
1133 4513 1203 4565 τὰ
1251 4512 1476 4582 σώματα
1504 4514 1613 4566 τῶν
1663 4516 1759 4567 Δί-

168 4598 412 4665 γυπτίων
443 4595 615 4649 ἐλκῶν
646 4595 840 4664 φλογὸς
879 4595 1032 4665 δίκην
1071 4594 1320 4658 ζεόντων.
1363 4597 1509 4649 Ἔδει
1548 4595 1759 4666 δειχθῆ-

169 4698 279 4744 ναι,
315 4681 396 4732 ὂτι
425 4681 453 4731 6
476 4677 610 4739 Θεὸς
643 4677 702 4730 τὸ
724 4677 866 4749 ὕδωρ
895 4677 1120 4748 ἐποίησε
1139 4695 1153 4709 ·
1190 4678 1493 4748 μετεϐλήθη
1527 4679 1587 4729 τὸ
1617 4679 1758 4748 ὕδωρ

170 4765 246 4824 εἰς
279 4756 442 4831 αἷμα.
465 4759 613 4812 Ἔδει
636 4759 935 4830 δειχθῆναι,
973 4760 1056 4812 ὅτι
1095 4761 1318 4829 ἐποίησε
1341 4761 1438 4831 τὴν
1463 4761 1755 4813 θάλασσαν·

170 4842 458 4914 ἐπετρώθη
476 4841 504 4882 δ
533 4843 566 4912 ὴ
589 4841 852 4906 θάλασσα,
878 4843 971 4894 καὶ
990 4842 1262 4910 παρῆλθεν
1292 4844 1320 4893 6
1352 4842 1500 4906 λαός.
1538 4843 1760 4913 Πρῶτον

167 4923 257 4980 οὖν
288 4925 461 4990 ἔδειξε
516 4925 603 4978 διά
647 4926 754 4978 τῶν
802 4925 1000 4995 ἔργων,
1033 4925 1113 4976 ὃτι
1166 4925 1463 4996 Δεσπότης,
1509 4929 1602 4980 καὶ
1637 4928 1760 4980 τότε

170 5011 490 5080 ἡρμήνευσε
522 5007 608 5060 διὰ
637 5009 746 5060 τῶν
767 5007 960 5075 λόγων,
995 5009 1076 5060 ὅτι
1107 5009 1366 5078 Ποιητής.

239 5092 304 5160 β’.
345 5090 506 5145 Οὕτω
528 5091 620 5142 καὶ
639 5093 666 5142 6
692 5090 882 5160 Σωτὴρ
901 5090 957 5142 ἐν
977 5090 1054 5160 τῷ
1077 5090 1395 5160 Εὑαγγελίῳ
1416 5090 1475 5141 ού
1500 5090 1761 5161 πρότερον

169 5171 430 5238 ἐδίδαξεν,
463 5172 569 5236 ἕως
591 5172 1094 5243 ἐθαυματούργησε.
1127 5173 1348 5242 Πρῶτον
1377 5177 1618 5244 σημεῖον,
1641 5193 1762 5242 μετ·

230 5315 254 5342 ³
280 5310 502 5363 Combef.
529 5311 796 5372 legendum
818 5317 958 5372 puta:
981 5313 1204 5368 διάταξιν.

228 5374 258 5414 ι
301 5373 575 5442 Ἐπττρῴθῃ
610 5376 646 5442 ,ἡ
697 5375 931 5442 θάλασσα.
975 5373 1194 5442 Εοπεὺοί.
1234 5377 1407 5442 _ver:it,
1453 5375 1662 5442 divisum
1694 5386 1763 5429 es:

167 5449 320 5500 mare,
355 5434 496 5500 qpa‘sj
521 5435 580 5481 ab
605 5435 953 5500 ἐπιτιτρώσκω,
977 5434 1192 5497 perforo.
1220 5439 1284 5485 At
1327 5444 1446 5498 pulo
1473 5440 1709 5500 ἐπετρώθη
1737 5456 1763 5489 a

167 5498 352 5560 πετρόω
372 5495 728 5545 deducendum
764 5495 904 5560 esse,
931 5495 985 5544 in'
1004 5495 1155 5560 peirq:
1195 5495 1421 5546 namfam
1451 5495 1599 5548 mulol
1643 5495 1762 5550 Ném

170 5562 237 5625 ai:
257 5557 534 5625 Βαίβιος-ο,
566 5569 701 5604 mare
733 5557 870 5616 quasi
883 5557 1086 5625 _mu_rUm
1108 5559 1290 5625 fuissg;
1319 5565 1458 5608 certe
1481 5567 1519 5625 si
1547 5563 1609 5609 de
1634 5563 1760 5611 divi-

171 5623 306 5667 sione
340 5620 502 5684 ‘maris
539 5626 802 5684 εδει-οων,
851 5620 982 5668 aliud
1021 5622 1342 5684 quat-tendum
1391 5623 1592 5674 verbum
1637 5631 1760 5684 erat,

171 5692 312 5742 quam
335 5680 683 5742 ἐπιτιτρὼσκω.

1188 355 1276 409 ΟΕ
1313 353 1531 412 MUNDI
1561 347 1956 407 CBEATIONE
1993 349 2251 408 ORATIO
2291 351 2357 405 ΙΙ.

3335 359 3449 414 440

1875 471 2036 525 έϐαλε
2079 473 2142 526 τὸ
2171 473 2314 544 ὕδωρ
2355 473 2434 536 είς
2479 467 2638 538 οἶνον,
2686 473 2778 527 καὶ
2823 472 2882 525 ού
2919 471 3161 541 φαίνεται
3204 470 3309 542 πρὸ
3353 470 3447 524 τοῦ

1874 556 2102 625 σημείου
2130 556 2320 608 τούτου
2346 556 2562 622 διδάξας
2579 572 2592 587 ·
2627 556 2735 608 ἔδει
2761 555 2869 625 γάρ
2899 554 3188 625 προλαϐεῖν
3208 555 3269 606 τὸ
3289 554 3448 624 ἔργον

1874 638 1966 690 καὶ
1997 638 2357 710 ἀκολουθῆσαι
2384 641 2473 693 τὸν
2506 639 2678 707 λόγον.
2725 639 2824 692 Διὰ
2851 637 3007 691 τοῦτο
3043 639 3071 688 6
3105 638 3448 706 συγγραφεὺς

1873 720 2052 789 λέγει·
2085 723 2194 775 Τὸν
2235 722 2353 791 μὲν
2395 722 2632 791 πρῶτον
2677 725 2864 792 λόγον
2908 721 3287 792 ἐποιησάμην
3314 720 3446 787 περὶ

1844 797 1846 800 ’
1873 804 2135 868 πάντων,
2159 800 2206 858 ὦ
2236 806 2504 875 Θεόφιλε,
2531 799 2619 858 ὧν
2645 804 2869 872 ἤρξατο
2893 809 2926 860 ό
2978 805 3207 873 Ἰησοῦς
3256 802 3449 857 ποιεῖν

1873 903 1937 940 τε
1974 887 2074 940 καί
2124 886 2453 941 διδάσκειν.
2488 886 2610 950 Πῶς
2644 887 2833 956 ἔμελλε
2860 887 3130 941 διδάσκειν
3167 889 3196 940 6
3234 885 3444 955 Σωτὴρ.

1871 969 1954 1021 61:
1989 970 2221 1040 ποιητής
2245 970 2360 1022 ἐστι
2391 969 2484 1023 τοῦ
2539 970 2776 1038 κόσμου;
2815 971 2877 1022 El
2913 971 2985 1041 μὴ
3018 971 3127 1040 γὰρ
3151 981 3172 1009 ο
3216 967 3446 1036 ἐφώτισε

1871 1052 1998 1114 τοὺς
2052 1051 2361 1122 ὀφθαλμοὺς
2417 1050 2512 1106 τοῦ
2570 1051 2802 1121 τυφλοῦ,
2861 1054 2961 1106 οὐκ
3022 1053 3088 1107 ἂν
3153 1050 3445 1120 ἐπιστεύθη

1873 1132 2080 1200 λέγων·
2123 1134 2272 1204 Ἐγώ
2320 1137 2436 1204 εἰμι
2481 1134 2549 1188 τὸ
2607 1136 2733 1204 φῶς
2781 1135 2888 1189 τοῦ
2943 1137 3195 1203 κόσμου.
3252 1135 3313 1186 Εἰ
3372 1134 3446 1204 μὴ

1873 1218 2062 1287 ἤγειρε
2081 1218 2351 1290 Λάζαρον,
2381 1219 2482 1272 ούκ
2521 1218 2586 1271 ἂν
2615 1218 2939 1271 ἐπίστευσαν
2966 1220 3012 1269 οἱ
3045 1215 3330 1278 ἀκούοντες
3358 1216 3448 1267 λέ-

1875 1315 2054 1365 γοντι·
2113 1300 2258 1369 Ἐγώ
2286 1303 2402 1371 εἰμι
2451 1302 2488 1369 ἠ
2531 1299 2641 1367 ζωὴ
2682 1299 2779 1353 καί
2808 1300 2846 1366 ἡ
2895 1299 3247 1364 ἀνάστασις.
3274 1299 3336 1350 El
3372 1298 3446 1368 μὴ

1876 1380 2086 1444 πτύσας
2125 1383 2206 1447 είς
2245 1385 2344 1454 τὴν
2379 1384 2482 1454 γῆν
2527 1383 2747 1454 ἐποίησε
2779 1383 2967 1453 πηλὸν,
3012 1383 3107 1434 καὶ
3149 1382 3330 1453 ἔχρισε
3359 1381 3447 1433 τὸν

1873 1464 2104 1530 τυφλὸν,
2138 1467 2235 1518 οὐκ
2264 1465 2328 1519 ἂν
2370 1465 2684 1536 ἐπιστεύθη,
2711 1466 2790 1519 ὅτι
2830 1465 2989 1527 αὑτός
3027 1468 3172 1518 ἐστιν
3209 1466 3238 1516 6
3269 1462 3446 1516 λαϐὼν

1874 1544 2004 1614 χοῦν
2033 1546 2140 1599 ἀπὸ
2170 1547 2268 1616 τῆς
2297 1547 2400 1615 γῆς
2429 1549 2522 1599 καὶ
2545 1547 2755 1611 πλάσας
2778 1548 2868 1600 τὸν
2899 1546 3084 1616 Ἀδάμ.
3107 1547 3168 1598 EE
3199 1545 3271 1614 μή
3297 1563 3448 1615 περι-

1874 1629 2145 1697 επάτησεν
2175 1631 2267 1682 ἐπὶ
2298 1631 2394 1699 τῆς
2422 1631 2716 1700 θαλάσσης,
2755 1631 2853 1682 οὐκ
2883 1632 2949 1683 ἂν
2974 1631 3142 1699 ἐφάνη
3174 1628 3443 1697 Δεσπότης

1873 1713 1969 1780 τῆς
1995 1712 2288 1780 θαλάσσης.
2348 1713 2408 1765 Εἰ
2445 1712 2518 1782 μὴ
2550 1713 2848 1782 ἐπετίμησε
2881 1711 2956 1780 τῷ
2988 1712 3192 1780 ἀνέμῳ,
3233 1711 3330 1762 οὐκ
3380 1711 3445 1763 ἂν

1873 1795 2088 1864 ἐδείχθη
2135 1795 2411 1865 Δεσπότης
2436 1796 2542 1847 τῶν
2571 1796 2806 1865 ἀνέμων.
2835 1793 2934 1846 Διά
2972 1793 3128 1847 τοῦτο
3164 1792 3446 1862 ἄνθρωπος

1876 1877 1973 1946 μὲν
2005 1873 2072 1946 ἦν
2103 1877 2441 1945 φαινόμενος,
2479 1878 2565 1930 διὰ
2615 1878 2669 1930 δὲ
2707 1877 2816 1930 τῶν
2851 1876 3140 1947 θαυμάτων
3188 1874 3263 1935 ὡς
3314 1873 3444 1937 Θεὸς

1871 1959 2268 2028 γνωριζόμενος
2303 1960 2394 2012 καὶ
2437 1958 2808 2030 δοξαζόμενος.
2874 1960 2933 2010 ’0
2965 1958 3153 2027 Σωτὴρ
3203 1955 3331 2024 γοῦν
3361 1958 3446 2021 ἐξ·

1872 2040 2102 2111 έπληττε
2132 2042 2258 2105 τοὺς
2292 2041 2561 2112 μαθητὰς,
2603 2046 2696 2096 καὶ
2726 2043 2908 2109 ἔλεγον
2932 2060 2946 2073 ·
2979 2043 3252 2104 Ποταπός
3277 2040 3446 2092 ἐστιν

1871 2119 2068 2189 οὗτος,
2106 2124 2193 2178 ὅτι
2217 2127 2271 2177 οί
2303 2125 2507 2194 ἄνεμοι
2532 2125 2630 2180 καὶ
2659 2127 2696 2193 ἠ
2725 2126 3006 2178 θάλασσα
3030 2123 3445 2177 ὑπακούουσιν

1871 2205 2059 2271 αὐτῷ;
2089 2207 2294 2273 Ἔδειξε
2342 2207 2557 2277 πρῶτον
2585 2207 2925 2260 ὑπακούοντα
2956 2207 3022 2258 16
3051 2208 3288 2274 στοιχεῖα
3307 2245 3321 2268 ,
3351 2203 3445 2257 καὶ

1871 2291 1990 2343 τότε
2022 2291 2328 2362 ἡρμήνευσε
2367 2290 2455 2343 διὰ
2484 2290 2590 2342 τῶν
2625 2290 2820 2360 ἔργων,
2864 2291 2940 2342 ὅτι
2978 2288 3152 2341 πάντα
3179 2289 3244 2340 δι’
3279 2285 3444 2339 αὑτοῦ

1869 2375 2104 2441 ἐγένετο.
2142 2374 2348 2438 Ἔδειξε
2384 2373 2598 2444 πρῶτον
2621 2374 2980 2427 ὑπακούοντα.
3017 2373 3080 2425 El
3115 2373 3188 2443 μὴ
3225 2369 3442 2442 πρῶτον

1868 2457 2079 2526 ἐδείχθη
2132 2459 2164 2527 ή
2214 2457 2391 2520 κτίσις
2442 2456 2821 2520 ὑπακούουσα,
2860 2455 3009 2527 [447]
3055 2455 3154 2508 οὐκ
3202 2455 3266 2507 ἂν
3328 2456 3446 2505 ἑπι-

1870 2538 2066 2608 στεύθη
2109 2539 2356 2610 Ἰωάννης
2381 2544 2409 2594 6
2439 2540 2840 2608 Εύαγγελιστὴς
2885 2539 3085 2606 λέγων·
3131 2540 3330 2591 Πάντα
3372 2538 3445 2590 δι’

1867 2620 2052 2673 αὐτοῦ
2083 2621 2336 2688 ἐγένετο.
2370 2623 2494 2683 Πῶς
2532 2622 2794 2689 ἠδύναντο
2827 2622 2876 2672 οἱ
2911 2620 3197 2673 ἀπόστολοι
3225 2635 3446 2671 πιστευ-

1868 2700 2046 2768 θῆναι,
2077 2702 2347 2773 ίδιωτικὴν
2368 2703 2579 2772 ἔχοντες
2607 2702 2877 2770 γλῶσσαν,
2911 2703 3288 2772 συνιστάμενοι
3315 2703 3444 2771 περὶ

1867 2785 2002 2837 Θεοῦ
2027 2785 2220 2854 Λόγου,
2254 2789 2618 2858 Δημιουργοῦ,
2655 2788 2925 2860 Σωτῆρος,
2962 2788 3260 2855 πανσόφου,
3301 2787 3444 2839 διδα-

1869 2869 2066 2921 σκάλου
2090 2886 2104 2934 ;
2146 2869 2303 2922 Ἀλλά
2323 2872 2356 2940 ή
2387 2870 2605 2939 γλῶσσα
2630 2871 2739 2924 τῶν
2765 2870 3074 2923 ἀποστόλων
3103 2869 3168 2921 τὰ
3195 2869 3445 2938 θαύματα

1865 2948 1953 3023 ἦν·
1985 2953 2046 3005 τὸ
2087 2952 2261 3024 στόμα
2287 2954 2394 3007 τῶν
2426 2955 2738 3007 ἀποστόλων
2762 2950 2828 3024 ἦν
2859 2955 3048 3024 νεκρὸς
3078 2955 3441 3024 ἐγειρόμενος,

1866 3035 2034 3107 χωλὸς
2055 3036 2393 3107 περιπατῶν.
2427 3037 2548 3089 ’⁸Οτι
2579 3037 2632 3088 δὲ
2662 3040 2773 3099 τοῖς
2803 3037 3076 3106 θαύμασιν
3103 3036 3382 3090 ἀκολουθεῖ
3409 3041 3439 3104 ἡ

1866 3121 2067 3186 πίστις,
2108 3123 2376 3191 μαρτυρεῖ
2419 3122 2450 3191 ή
2490 3121 2677 3192 Γραφὴ
2722 3121 2980 3188 λέγουσα·
3027 3120 3130 3173 Διὰ
3176 3121 3282 3190 γὰρ
3328 3119 3446 3172 τῶν

1866 3202 2078 3270 χειρῶν
2118 3204 2238 3257 τῶν
2265 3205 2627 3258 ἀποστόλων
2672 3205 2908 3272 ἐγένετο
2945 3204 3165 3272 σημεῖα
3210 3203 3445 3272 μεγάλα

1866 3287 1965 3340 καὶ
2001 3285 2215 3354 τέρατα
2252 3288 2321 3340 ἐν
2347 3287 2426 3351 τῷ
2452 3285 2598 3352 λαῷ.
2624 3287 2732 3340 Καὶ
2763 3287 3081 3350 ἐξίσταντο
3106 3286 3172 3338 δὲ
3201 3286 3438 3351 πάντες,

1866 3369 1964 3423 καί
1983 3369 2225 3439 μᾶλλον
2245 3372 2664 3438 προσετίθεντο
2692 3371 2817 3422 καθ’
2843 3369 3072 3437 ἡμέραν
3089 3368 3321 3436 ἀνδρῶν
3345 3371 3443 3422 καὶ

1867 3453 2169 3521 γυναικῶν
2189 3453 2409 3520 πλήθη.
2445 3453 2768 3523 Προέλαμπε
2796 3454 2863 3506 τὰ
2897 3451 3170 3522 θαύματα,
3195 3452 3289 3504 καὶ
3316 3455 3446 3520 ἡκο-

1865 3536 2087 3588 λούθουν
2134 3537 2204 3588 16
2246 3537 2512 3605 δόγματα.
2550 3536 2706 3588 Οὕτω
2744 3536 2836 3587 καὶ
2887 3535 2943 3587 ἐν
2990 3536 3068 3604 τῷ
3118 3536 3284 3604 νόμῳ,
3321 3553 3447 3606 προ-

1862 3621 2109 3690 ηγήσατο
2149 3619 2216 3672 τά
2268 3621 2327 3673 ἐν
2355 3620 2616 3688 Αἰγύπτῳ
2666 3619 2937 3688 θαύματα,
2999 3619 3312 3672 δεικνύοντα
3355 3620 3445 3672 τὸν

1863 3702 1996 3755 Θεὸν
2020 3703 2352 3774 δημιουργόν
2373 3742 2386 3756 .
2423 3703 2481 3753 Ὀ
2506 3702 2560 3752 δὲ
2588 3701 2738 3764 Θεὸς,
2775 3702 2972 3769 ἀγαθὸς
3006 3701 3099 3764 ῶν,
3127 3702 3227 3754 ούκ
3254 3701 3445 3770 ἠθέλη-

1866 3802 1956 3838 σεν
2006 3785 2196 3838 ἑαυτὸν
2248 3785 2407 3854 μόνον
2453 3785 2750 3854 σεμνῦναι,
2790 3784 2927 3837 ἀλλὰ
2971 3785 3251 3854 μερίζεται
3308 3785 3445 3848 μετά

1863 3871 2141 3934 Μωῦσέως
2156 3869 2253 3941 τὴν
2283 3870 2462 3934 δόξαν.
2502 3870 2714 3940 Ἐπειδὴ
2748 3869 2853 3941 γάρ
2880 3872 2906 3922 6
2933 3870 3064 3932 Θεὸς
3094 3870 3263 3938 ἐφάνη
3292 3868 3350 3931 ἐξ
3371 3862 3443 3922 ὧν

1866 3954 2112 4023 ἐποίησε,
2145 3953 2392 4022 φαίνεται
2425 3954 2518 4005 καὶ
2551 3954 2792 4021 Μωῦσῆς
2839 3953 2895 4017 ἐξ
2937 3945 3010 4003 ὧν
3041 3951 3321 4020 ἐδοξάσθη.
3358 3951 3442 4012 Ὠς

1864 4036 1973 4106 γὰρ
2011 4035 2248 4104 κατῆλθε
2291 4035 2539 4104 κατέχων
2585 4035 2674 4086 τὸν
2721 4035 2903 4104 νόμον,
2935 4035 3020 4085 ἵνα
3060 4033 3133 4102 μή
3181 4033 3256 4093 ὡς
3304 4032 3445 4100 ψιλῷ

1866 4116 2138 4186 ἀνθρώπῳ
2173 4117 2514 4188 προσέχωσι,
2550 4115 2746 4185 πληροῖ
2772 4115 2936 4168 αὑτοῦ
2976 4117 3003 4167 6
3039 4115 3168 4175 Θεὸς
3201 4114 3358 4180 δόξης
3386 4113 3447 4164 τὸ

1864 4200 2176 4269 πρόσωπον,
2214 4201 2302 4252 ἴνα
2342 4200 2401 4252 τὸ
2456 4199 2639 4251 λεῖπον
2673 4202 2738 4269 τῇ
2785 4197 3041 4268 ἀσθενείᾳ
3084 4197 3184 4266 τῆς
3231 4197 3446 4265 φύσεως

1868 4282 2128 4352 πληρώσῃ
2162 4281 2220 4334 τὸ
2276 4281 2527 4351 περιττὸν
2583 4281 2682 4350 τῆς
2738 4281 2978 4352 χάριτος.
3032 4278 3302 4332 Ἑνενόουν
3341 4278 3447 4346 γὰρ

1864 4366 1946 4418 ὅτι
1985 4365 2104 4434 ὄψις
2121 4365 2483 4434 δεδοξασμένη
2511 4365 2609 4417 οὐκ
2636 4364 2781 4417 ἔστιν
2805 4363 3059 4434 ἀλλοτρία
3096 4362 3252 4415 Θεοῦ.
3292 4361 3446 4414 Οὕτω

1866 4449 1960 4501 καὶ
2001 4451 2027 4500 6
2055 4448 2243 4517 Σωτὴρ
2280 4448 2553 4516 Στεφάνου
2585 4447 2678 4500 τοῦ
2724 4448 3186 4519 πρωτομάρτυρος
3223 4446 3446 4515 ἐποίησε

1863 4529 2075 4600 λάμψαι
2122 4529 2183 4582 τὸ
2239 4530 2547 4600 πρόσωπον.
2596 4531 2746 4581 Διατί
2798 4531 2853 4582 δὲ
2889 4529 3108 4598 ἐποίησε
3147 4529 3354 4596 λάμψαι
3385 4528 3445 4579 τὸ

1865 4615 2157 4684 πρόσωπον
2190 4614 2498 4680 Στεφάνου;
2530 4613 2746 4682 Ἐπειδὴ
2775 4612 2996 4682 ἔμελλεν
3021 4613 3095 4674 ὡς
3129 4612 3445 4681 βλάσφημος

1864 4696 2196 4760 λιθάζεσθαι,
2223 4695 2410 4759 εἰπὼν,
2446 4695 2647 4762 Θεωρῶ
2670 4695 2812 4759 τοὺς
2840 4696 3134 4763 οὐρανοὺς
3159 4694 3446 4762 ἀνεῳγμέ-

1863 4797 2029 4843 νους,
2044 4779 2142 4832 καὶ
2163 4778 2270 4831 τὸν
2293 4779 2430 4831 Υὶὸν
2446 4779 2549 4832 τοῦ
2573 4779 2884 4846 ἀνθρώπου
2900 4779 3127 4831 ἑστῶτα
3143 4780 3208 4831 ἐκ
3234 4778 3446 4841 δεξιῶν

1865 4863 1970 4916 τοῦ
1994 4861 2171 4926 Θεοῦ,
2209 4861 2493 4932 προλαϐὼν
2526 4863 2553 4914 6
2578 4861 2710 4923 Θεὸς
2751 4861 3123 4931 ἐστεφάνωσεν
3154 4861 3318 4913 αὑτοῦ
3346 4861 3444 4932 τὴν

1864 4949 1986 5019 ὸψιν
2014 4947 2280 5019 ἀγγελικῇ
2316 4950 2520 5019 μορφῇ,
2551 4949 2637 5002 ἵνα
2668 4949 2828 5019 πείσῃ
2851 4952 2975 5012 τοὺς
3005 4947 3444 5019 ἀγνώμονας,ὃτι

1867 5031 2256 5102 εἱβλάσφημός
2309 5032 2444 5091 ἐστι,
2476 5032 2616 5085 διατί
2667 5031 2983 5095 δοξάζεται;
3014 5030 3154 5094 Χθὲς
3214 5031 3311 5100 μὲν
3352 5027 3445 5084 οὖν

1867 5117 2077 5184 εἴρηται
2107 5116 2265 5184 ἡμῖν,
2293 5115 2373 5166 ὅτι
2393 5117 2420 5167 6
2440 5113 2568 5177 Θεὸς
2594 5115 2657 5166 ἐκ
2677 5115 2750 5184 μῆ
2775 5115 2946 5166 ὄντων
2973 5115 3195 5183 ἐποίησε
3223 5113 3294 5166 16
3314 5114 3444 5166 ὄντα

1865 5201 1931 5268 τῇ
1963 5198 2154 5268 πρώτῃ
2210 5197 2412 5268 ἡμέρα.
2451 5198 2557 5249 Καὶ
2592 5197 2652 5250 τὸ
2694 5199 3024 5268 θαυμαστὸν,
3068 5199 3148 5251 ὅτι
3193 5197 3253 5250 ού
3285 5197 3444 5268 μόνον

1865 5283 1962 5353 τὴν
1996 5282 2357 5352 δημιουργίαν
2386 5281 2477 5334 τοῦ
2501 5281 2632 5334 Θεοῦ
2656 5281 2892 5334 δείκνυσι
2914 5281 2982 5333 16
3000 5281 3156 5349 ἔργα,
3187 5281 3320 5332 ἀ).λά
3348 5283 3443 5333 καὶ

1863 5366 1974 5418 τῶν
2009 5367 2295 5435 αἱρετικῶν
2327 5365 2421 5435 τὴν
2443 5365 2697 5418 ἀσέϐειαν
2721 5365 3052 5434 ἐλέγχουσιν.
3072 5364 3288 5435 Ἐρωτῶ
3311 5366 3439 5435 γάρ’

1865 5449 1948 5501 Τά
1976 5449 2049 5520 μὴ
2081 5449 2212 5502 ὅντα
2234 5449 2350 5510 πῶς
2370 5450 2604 5516 ἐγένετο,
2645 5449 2831 5518 ἐπειδὴ
2858 5447 3094 5517 περὶτοῦ
3131 5449 3280 5508 ὄντος
3315 5448 3447 5516 ἐρω-

1864 5533 2017 5594 τῶσι,
2050 5531 2166 5595 πῶς
2191 5531 2489 5601 ἐγεννήθη;
2522 5532 2584 5584 Εί
2629 5530 2702 5601 μὴ
2735 5527 2821 5602 ἧν,
2853 5532 3066 5595 εἴπωσι,
3099 5531 3165 5583 τά
3193 5530 3268 5600 μὴ
3315 5529 3444 5583 ὂντα

1933 5691 1954 5718 ε
1992 5687 2225 5738 Additum
2245 5687 2333 5750 γάρ
2357 5700 2385 5737 c
2409 5687 2518 5738 Sav.
