3984 6428
193 358 304 412 441

189 469 255 506 eo
284 451 379 523 qui
422 461 539 508 erat
589 461 854 522 quaerunt,
897 449 1168 520 quomodo
1191 449 1404 519 genitus
1455 449 1544 502 sit.
1572 447 1626 502 Si
1675 460 1779 499 non

188 552 350 596 erant
378 543 464 596 illa
499 558 601 596 non
634 543 895 596 exstantia
917 583 932 608 ,
963 542 1160 604 dicant,
1195 539 1462 609 quomodo
1489 538 1623 592 facta
1651 538 1778 591 sint.

187 632 344 699 Quod
375 647 483 688 non
509 643 612 699 est,
648 650 750 686 non
780 633 1012 687 efficitur
1055 631 1348 686 secundum
1379 631 1669 684 humanum
1698 644 1782 683 ra-

189 723 490 788 tiocinium,
513 738 618 777 non
643 723 768 776 item
800 722 1090 778 secundum
1110 721 1342 775 divinam
1369 722 1640 774 virtutem.
1671 720 1782 773 Ali-

185 811 402 877 quando
422 811 556 866 dicit
576 811 860 867 hzereticus
885 829 898 876 ;
930 812 1071 865 Dixit
1094 812 1317 875 Deus,et
1345 810 1479 864 facta
1502 819 1643 863 sunt.
1676 809 1778 864 Sed

186 915 330 954 nunc
360 916 476 956 rem
501 900 703 964 dixisti,
736 916 838 954 non
869 901 1106 956 modum.
1139 901 1284 954 Dixit
1313 899 1472 966 Deus,
1503 899 1624 952 Fiat
1649 899 1738 952 tua:
1763 915 1781 952 :

189 990 398 1045 factum
434 1001 518 1046 est
556 991 605 1046 id
633 993 773 1061 quod
802 1008 907 1046 non
932 1002 1068 1046 erat.
1101 993 1292 1046 Sermo
1328 992 1378 1045 in
1406 1007 1518 1046 rem
1547 999 1782 1044 mutatus

185 1092 269 1136 est
291 1101 305 1147 ;
329 1091 476 1152 puta,
506 1084 617 1152 ipsa
637 1098 738 1136 vox
766 1098 979 1152 egressa
1005 1082 1140 1136 facta
1167 1091 1251 1136 est
1274 1082 1385 1136 lux.
1409 1082 1546 1151 Ergo
1578 1096 1679 1134 non
1702 1089 1783 1134 est

184 1187 248 1224 ex
280 1187 386 1227 non
408 1174 763 1240 exstantibus,
785 1174 878 1228 sed
905 1190 970 1228 ex
999 1174 1280 1229 existente.
1315 1173 1444 1240 Quis
1475 1174 1616 1226 enim
1646 1174 1781 1226 ausit

184 1263 366 1319 dicere
398 1264 633 1320 Verbum
667 1282 770 1319 non
799 1265 1051 1320 exstare?
1081 1266 1222 1335 Ergo
1254 1265 1384 1319 nihil
1409 1265 1534 1319 fecit
1561 1280 1624 1318 ex
1677 1281 1779 1318 non

182 1357 538 1422 exstantibus,
571 1358 665 1412 sed
693 1375 762 1412 ex
796 1358 884 1412 illo
910 1377 921 1410 :
955 1359 1135 1426 sicque
1165 1359 1501 1425 reperiuntur
1523 1366 1782 1412 creatura}

186 1447 284 1515 ipsi
298 1449 802 1515 consubstantiales,
822 1449 1028 1519 etquod
1049 1449 1116 1503 de
1139 1449 1274 1503 Filio
1291 1450 1468 1504 dicere
1491 1451 1778 1520 refugiunt,

184 1539 237 1593 id
263 1541 524 1594 creaturis
546 1541 872 1596 adscribunt.
897 1541 1093 1596 Verum
1125 1556 1311 1595 rursus
1333 1541 1519 1596 arctati
1546 1541 1731 1596 dicunt
1755 1558 1768 1594 :

189 1633 450 1687 Voluntas
482 1634 572 1687 Dei
602 1649 661 1685 ea
688 1650 806 1703 qua:
837 1649 939 1687 non
974 1642 1126 1688 erant
1157 1635 1334 1688 elfecit
1363 1652 1376 1698 ;
1408 1635 1553 1702 atqui
1583 1634 1776 1687 volun-

184 1733 264 1778 tas
287 1723 338 1778 id
367 1724 512 1793 quod
547 1740 649 1778 non
680 1734 792 1778 erat
823 1725 1096 1794 producit;
1127 1736 1310 1778 natura
1343 1734 1520 1779 autem
1555 1726 1606 1779 id
1638 1725 1776 1794 quod

182 1825 294 1870 erat
333 1831 445 1870 non
489 1817 672 1886 gignit.
733 1820 810 1871 Ac
859 1818 1104 1871 mirabile
1163 1818 1342 1886 utique
1387 1827 1488 1871 est.
1534 1818 1775 1886 Exempli

181 1921 336 1960 causa
371 1907 568 1976 loquor
603 1923 878 1976 :suppone
906 1908 1033 1960 mihi
1068 1908 1266 1962 fontem
1290 1919 1339 1961 et
1371 1916 1577 1976 petram
1607 1925 1619 1960 :
1647 1908 1770 1976 quid

183 1999 388 2053 facilius
433 2013 627 2067 aquam
675 2001 891 2069 gignere
934 2008 1128 2068 potest,
1172 2015 1237 2052 an
1282 1999 1423 2063 fons,
1472 2016 1539 2053 an
1584 1999 1777 2067 petra?

183 2087 318 2143 Fons
343 2090 390 2142 si
419 2090 686 2159 genuerit,
716 2105 782 2144 ex
810 2090 874 2143 iis
896 2107 1013 2160 qua:
1042 2090 1221 2154 habet,
1256 2091 1476 2159 profert,
1509 2101 1653 2159 petra
1680 2107 1773 2145 ve-

181 2196 240 2233 ro
263 2195 328 2233 ex
354 2181 421 2233 iis
453 2195 573 2248 quae
600 2196 703 2233 non
733 2181 914 2234 habet.
943 2181 1084 2250 Ergo
1112 2181 1160 2235 id
1186 2182 1328 2250 quod
1356 2197 1460 2236 non
1483 2191 1598 2236 erat
1629 2191 1774 2250 petra

178 2274 357 2338 genuit
388 2288 455 2325 ex
485 2273 552 2326 iis
582 2288 701 2340 qua:
741 2290 844 2325 non
884 2274 1113 2328 habebat
1145 2292 1156 2326 :
1188 2285 1242 2329 et
1295 2275 1413 2328 fons
1440 2292 1594 2345 quem
1625 2277 1675 2329 in
1716 2291 1775 2331 sc

179 2363 379 2415 lontetn
430 2361 660 2416 habebat
702 2379 804 2415 non
844 2365 1048 2433 genuit.
1084 2365 1148 2417 Et
1193 2366 1463 2433 quomodo
1492 2367 1625 2420 facta
1654 2376 1776 2419 sunt

180 2467 294 2518 qua:
325 2467 434 2504 non
469 2454 663 2505 erant?
711 2469 834 2505 nttm
886 2454 934 2506 id
968 2469 1093 2507 casn
1139 2465 1192 2508 et
1224 2472 1319 2523 per
1345 2471 1402 2510 se
1457 2457 1691 2511 accidit?
1724 2459 1772 2511 id

179 2542 316 2607 quod
342 2557 451 2596 non
475 2551 607 2606 erat,
642 2557 837 2595 nomen
867 2553 968 2605 est,
997 2544 1233 2611 nihilque
1261 2545 1442 2598 aliud?
1471 2546 1601 2611 Quia
1629 2547 1771 2613 dico,

181 2634 254 2687 Ex
289 2649 399 2688 non
449 2634 805 2698 exstantibus,
838 2651 906 2688 ne
947 2636 1066 2689 ideo
1095 2637 1370 2690 existimes
1402 2638 1451 2691 id
1499 2641 1639 2707 quod
1669 2657 1772 2694 non

179 2732 354 2778 exstat
382 2724 580 2793 aliquid
604 2739 742 2778 esse.
773 2725 911 2794 Ergo
937 2741 1055 2778 cum
1099 2743 1202 2778 non
1235 2728 1407 2795 possis
1433 2728 1611 2783 dicere
1642 2745 1774 2798 quo-

177 2814 338 2868 modo
365 2813 418 2867 id
442 2813 582 2883 quod
611 2828 716 2867 non
747 2824 882 2879 erat,
912 2830 974 2868 ex
1006 2832 1109 2868 non
1135 2827 1380 2871 exstante
1402 2833 1496 2872 seu
1522 2836 1586 2874 ex
1611 2821 1774 2874 nihilo

178 2905 372 2958 tactum
399 2905 486 2968 sit,
513 2903 802 2958 audebisue
831 2905 1094 2958 curiosius
1114 2906 1383 2974 inquirere
1411 2910 1681 2977 quomodo
1730 2913 1773 2966 is

175 2997 262 3061 qui
307 3003 426 3049 erat
453 3010 518 3049 ex
546 3009 610 3048 eo
638 2995 727 3064 qui
757 3005 870 3050 erat
902 2997 1112 3065 genitus
1152 2997 1481 3055 sitâ€˜tOmnes
1512 3011 1771 3054 creatura:

177 3103 280 3142 non
303 3097 459 3142 erant
478 3087 546 3140 ab
565 3088 732 3151 initio,
757 3098 812 3142 et
839 3088 990 3142 facta:
1016 3097 1168 3142 sunt:
1191 3090 1520 3160 unigenitum
1544 3093 1771 3146 Verbum

174 3190 228 3232 et
246 3179 470 3234 Greater
491 3180 672 3232 mundi
688 3195 791 3232 non
812 3179 979 3232 factus
1003 3190 1084 3234 est
1103 3182 1169 3235 ab
1191 3182 1360 3245 initio,
1380 3184 1471 3236 sed
1490 3193 1623 3238 erat.
1650 3185 1774 3239 llaec

178 3286 280 3324 nott
303 3277 532 3323 erantet
558 3267 690 3321 facta
718 3277 840 3322 sunt
873 3287 884 3321 :
918 3269 1004 3323 hic
1030 3280 1145 3323 erat
1176 3272 1227 3323 in
1258 3273 1519 3342 principio
1540 3290 1647 3328 non
1682 3275 1768 3328 fa-

175 3369 315 3425 etus,
337 3360 421 3412 hae
447 3373 578 3413 vero
603 3357 757 3413 facta:
784 3369 905 3412 sunt
931 3361 982 3413 in
1004 3362 1285 3431 principio,
1313 3379 1433 3417 cum
1451 3380 1553 3420 non
1570 3376 1768 3421 essent.

244 3454 298 3507 5.
334 3453 497 3508 Terra
517 3458 767 3523 quomodo
797 3459 1062 3512 invisibilis
1089 3469 1199 3513 erat
1242 3460 1293 3513 in
1318 3462 1608 3532 principio;
1645 3462 1771 3516 Fir-

174 3549 416 3599 mamenti
448 3558 492 3600 et
533 3549 647 3601 caeli
683 3551 812 3602 ratio
837 3551 1112 3604 secundant
1141 3552 1404 3607 Seueriani
1431 3566 1663 3610 utentem.
1701 3588 1771 3597 â€”

180 3638 338 3692 Terra
370 3651 562 3706 autem,
597 3641 784 3710 inquit,
805 3655 910 3697 erat
932 3646 1214 3700 invisibilis.
1241 3647 1378 3712 Quid
1406 3657 1509 3713 est,
1534 3649 1773 3704 Invisibi-

178 3732 288 3783 (is?
320 3731 454 3785 Novi
501 3735 700 3788 multos
727 3746 1032 3791 sanctorum
1064 3741 1283 3794 Patrum
1307 3742 1544 3797 dixisse:
1581 3743 1770 3796 Invisi-

177 3823 300 3875 bilis
328 3832 446 3876 erat
473 3833 614 3878 terra
644 3866 658 3891 ,
686 3828 938 3894 quoniam
967 3843 1104 3897 aqua
1133 3831 1501 3886 occultabatur
1531 3832 1681 3903 (Gen.
1716 3837 1767 3888 1.

174 3914 249 3982 á¼“).
285 3914 463 3968 ÎœÎ¹Î¹Î¹Î¹Ï„Îµ
491 3923 616 3969 sunt
643 3919 924 3971 sententiae
955 3920 1054 3987 piae
1084 3919 1321 3989 quidem,
1355 3924 1449 3976 sed
1477 3939 1584 3977 non
1609 3941 1768 3979 verae.

179 4007 419 4075 Exempli
442 4021 623 4074 causa,
655 4016 762 4063 tres
789 4009 946 4063 amici
976 4009 1117 4076 Jobi,
1143 4025 1265 4065 cum
1296 4013 1444 4066 illum
1497 4015 1548 4067 in
1577 4030 1769 4069 aerum-

175 4099 258 4149 nis
284 4096 564 4160 viderent,
611 4107 852 4152 sanctum
879 4100 1052 4154 virum
1081 4101 1422 4168 damnarunt,
1456 4105 1603 4174 quasi
1625 4106 1768 4175 justa

175 4188 492 4256 patientem,
521 4189 878 4259 dicebantque
911 4209 922 4244 :
952 4191 1062 4244 Nisi
1089 4193 1275 4246 viduas
1318 4193 1621 4260 afï¬‚ixisses,
1666 4199 1768 4253 nisi

173 4281 405 4351 pupillos
431 4282 811 4348 oppressisses,
848 4298 1136 4349 numquam
1166 4283 1257 4335 tibi
1312 4285 1448 4338 Deus
1475 4287 1590 4340 haec
1621 4288 1764 4342 inlli~

173 4374 358 4427 sisset.
413 4373 481 4425 Et
527 4381 703 4426 tamen
751 4373 872 4441 quia
913 4373 1004 4426 Dei
1044 4375 1371 4441 prepositutn
1426 4378 1763 4446 ignorabant,

172 4463 481 4517 tnalucrunt
537 4462 677 4516 hunc
725 4463 980 4518 damnare
1029 4465 1178 4532 quasi
1228 4464 1371 4535 justa
1441 4470 1765 4537 patientem,

169 4571 329 4624 quam
367 4555 555 4618 Deum,
587 4563 644 4607 ut
675 4555 868 4624 injuste
896 4555 1031 4607 mala
1062 4555 1402 4613 inferentem.
1437 4560 1529 4614 Dei
1551 4576 1768 4617 causam

170 4645 420 4714 agebant,
463 4654 518 4697 et
572 4655 746 4698 tamen
792 4647 928 4700 Dcus
962 4647 1080 4699 illus
1131 4651 1370 4717 coarguit
1406 4670 1417 4704 :
1453 4651 1625 4718 Quare
1666 4670 1765 4706 non

170 4737 365 4805 loquuti
417 4735 534 4789 estis
561 4745 698 4787 recta
727 4736 965 4789 adversus
995 4750 1192 4789 servant
1225 4757 1386 4792 meum
1417 4740 1536 4812 (Job
1562 4744 1651 4797 42.
1688 4745 1761 4815 7).

172 4832 266 4885 Est
309 4830 471 4899 igitur
494 4830 759 4884 sententia
789 4831 872 4897 pia
905 4829 1142 4899 quidem,
1178 4832 1272 4883 sed
1317 4847 1422 4887 non
1451 4849 1595 4887 vera.
1627 4837 1764 4901 Quid

168 4934 250 4978 est
276 4925 458 4992 igitur,
490 4921 647 4976 Terra
684 4931 850 4975 autent
875 4932 982 4974 erat
1006 4922 1268 4975 invisibilis
1296 4933 1342 4975 et
1388 4924 1765 4993 incomposita?

171 5015 498 5085 lnterpretes
539 5013 683 5068 clare
727 5023 1111 5081 exposuerunt.
1163 5015 1252 5068 Ait
1302 5016 1444 5068 enim
1496 5016 1686 5086 Aquila
1747 5036 1760 5070 :

171 5106 326 5159 Terra
355 5114 524 5158 autent
552 5115 660 5159 erat
717 5107 941 5159 inanitas
986 5116 1030 5160 et
1079 5107 1226 5160 nihil.
1275 5107 1554 5164 Invisibilis
1582 5120 1760 5165 autem

166 5196 384 5260 dicitur,
421 5209 527 5248 non
548 5194 692 5262 quod
713 5211 817 5248 non
847 5205 1153 5264 appareret,
1186 5195 1371 5265 sed,ut
1397 5200 1516 5267 quis
1537 5198 1756 5265 dixerit,

166 5291 434 5345 inornata.
455 5289 702 5344 Nondum
730 5299 844 5344 erat
865 5291 981 5344 laeta
1003 5290 1213 5360 plantis,
1237 5291 1472 5346 nondum
1502 5291 1760 5347 fructibus

164 5391 443 5450 comitata,
474 5381 709 5436 nondum
735 5379 909 5435 ï¬‚uviis
954 5394 1008 5436 et
1035 5383 1271 5437 fontibus
1293 5384 1485 5448 cincta,
1517 5384 1753 5438 nondum

163 5474 278 5527 aliis
331 5473 600 5542 variisque
651 5473 978 5528 ornamentis
1017 5473 1233 5539 decora,
1267 5488 1486 5544 eratque
1518 5478 1756 5530 invisibi-

165 5567 226 5620 lis
243 5565 482 5620 nondum
505 5567 758 5621 instructa
786 5566 1034 5635 gignendi
1067 5568 1338 5621 l'acultate.
1369 5570 1456 5622 Ait
1483 5569 1752 5638 Scriptura

165 5656 229 5711 de
258 5657 493 5726 quodam
539 5658 653 5711 viro
685 5657 802 5712 forti
840 5667 894 5711 et
923 5657 1195 5711 formoso:
1228 5657 1414 5712 Nonne
1452 5661 1531 5712 hic
1553 5678 1754 5728 percus-

164 5750 224 5807 sit
248 5751 411 5804 t-it'um
441 5748 751 5822 Egyptian:
782 5752 1022 5807 visibilem
1053 5751 1127 5819 (â€˜2.
1167 5751 1290 5820 Reg.
1321 5751 1409 5807 25.
1441 5752 1500 5809 21
1527 5755 1588 5825 )?
1622 5754 1753 5808 Num

1233 332 1320 390 DE
1356 331 1567 390 MUNDI
1607 328 2002 386 CllEATlONE
2043 330 2301 387 ORATIO
2340 331 2403 386 II.

3371 353 3486 408 442

1891 455 1975 500 est
2001 460 2129 514 ergo
2160 447 2240 500 vir
2272 446 2595 500 invisibilis?
2640 446 2745 501 Sed
2778 446 2970 515 dignus
3001 453 3082 500 est
3102 487 3115 508 ,
3148 446 3314 516 inquit
3343 489 3358 512 ,
3388 449 3479 516 qui

1889 538 2228 607 suspiciatnr.
2269 535 2726 603 Quemadmodum
2777 537 2936 606 igitur
2984 537 3291 607 :Egyptium
3345 538 3478 590 dixit

1889 632 2059 684 virum
2114 630 2396 696 visibilem,
2442 644 2541 684 ceu
2586 629 2801 697 dignum
2851 629 3156 698 spectaculo
3211 646 3223 680 :
3262 631 3341 682 sic
3377 637 3483 681 ler-

1889 735 2003 774 ram
2059 720 2340 774 informem
2382 719 2699 774 invisibilem
2747 719 2898 772 dixit.
2928 718 3175 773 Secundo
3214 718 3300 773 die
3344 717 3478 772 dixit

1891 811 2030 878 Deus
2088 827 2100 864 :
2161 809 2282 863 Fiat
2339 811 2710 878 ï¬rmamentum
2758 811 2808 862 in
2859 809 3024 862 medio
3063 824 3210 876 aqua:
3239 849 3254 874 ,
3301 816 3348 861 et
3409 807 3476 860 sit

1889 901 2114 953 dividens
2131 902 2260 954 inter
2284 916 2467 968 aquam
2493 909 2541 953 et
2561 916 2746 968 aquam
2768 898 2921 967 (Gen.
2951 901 3001 954 1.
3026 898 3104 970 6).
3141 899 3287 954 Fecit
3316 899 3476 969 igitur

1890 989 1992 1043 hoc
2017 991 2227 1055 cmlum,
2259 1003 2364 1042 non
2392 1004 2519 1043 vero
2542 991 2729 1042 osclum
2755 990 3021 1058 superius,
3057 988 3152 1044 sed
3176 988 3303 1043 illud
3334 988 3478 1058 quod

1889 1081 2133 1148 videtur,
2182 1096 2251 1137 ex
2302 1082 2452 1149 aquis
2479 1097 2672 1151 nempe
2701 1083 2936 1152 Crystalli
2980 1083 3146 1136 instar
3189 1082 3477 1136 concretis.

1894 1176 2060 1228 Velim
2090 1189 2204 1229 rem
2237 1174 2329 1228 tibi
2365 1175 2413 1228 itt
2442 1184 2785 1242 conspectum
2814 1174 2942 1229 dare
2982 1193 2994 1228 :
3030 1175 3196 1228 multa
3227 1175 3368 1229 enim
3411 1189 3481 1229 ex

1888 1269 2002 1320 visu
2036 1277 2218 1321 nostro
2245 1268 2434 1322 melius
2455 1285 2612 1337 quant
2644 1268 2808 1322 verbo
2853 1269 3153 1321 traduntur.
3192 1268 3314 1321 lla-c
3340 1283 3476 1336 aqua

1887 1374 2048 1426 supra
2073 1368 2268 1412 terram
2298 1359 2587 1422 eminebat,
2618 1359 2765 1412 verbi
2794 1375 2978 1424 causa,
3009 1359 3202 1414 cubitis
3236 1359 3471 1428 triginta.

1887 1448 2196 1502 Tum-dixit
2223 1450 2361 1501 Deus
2394 1467 2405 1501 :
2443 1447 2560 1500 Fiat
2589 1450 2966 1517 ï¬rmamentum
3001 1450 3052 1501 in
3095 1451 3261 1503 medio
3288 1464 3432 1518 aqua:
3461 1465 3479 1502 :

1888 1540 2210 1609 domumque
2258 1541 2308 1594 in
2360 1541 2537 1593 medio
2565 1557 2824 1610 aquarum
2856 1541 3128 1596 concretio
3155 1542 3204 1595 in
3238 1543 3477 1612 crystalli

1887 1647 2088 1685 morem
2108 1631 2228 1696 fttit,
2256 1632 2553 1698 levavitque
2577 1632 2804 1684 mediam
2834 1642 3040 1700 partem
3071 1647 3203 1700 aqua
3238 1647 3472 1698 sursum,

1886 1722 2116 1775 mediam
2152 1737 2282 1776 vero
2326 1721 2548 1776 inferius
2592 1722 2826 1790 reliquit,
2874 1722 3011 1776 sicut
3036 1723 3291 1792 scriptum
3328 1732 3409 1778 est
3457 1743 3470 1778 :

1889 1814 2004 1867 Fiat
2027 1815 2402 1882 ï¬rmamentum
2424 1815 2474 1867 in
2501 1815 2662 1868 medio
2688 1830 2853 1884 aquas,
2880 1823 2927 1868 et
2948 1815 3040 1868 erit
3084 1814 3311 1868 dividens
3339 1815 3470 1868 inter

1884 1923 2068 1974 aquam
2088 1915 2133 1958 et
2159 1923 2364 1975 aquam.
2387 1907 2493 1961 Cur
2519 1917 2695 1960 autem
2721 1906 2846 1960 illud
2872 1907 3265 1960 ï¬rmamentum
3285 1908 3478 1961 vocat?

1882 1996 2014 2062 Quia
2044 1996 2294 2049 nimirum
2325 2013 2388 2050 cx
2421 1997 2624 2050 rariore
2668 2006 2723 2050 ct
2764 1996 3021 2051 dissoluta
3063 2013 3321 2067 aquarum
3351 1998 3478 2051 sub-

1882 2088 2074 2141 stantia
2101 2087 2229 2143 illud
2258 2089 2506 2141 lirtnavit.
2529 2088 2653 2143 Ideo
2678 2089 2842 2142 David
2866 2105 3079 2158 quoque
3103 2090 3176 2142 ait
3207 2109 3218 2143 :
3243 2089 3475 2142 Laudato

1883 2195 1996 2233 eum
2029 2179 2081 2230 in
2108 2180 2428 2246 ï¬rmamento
2459 2180 2659 2233 virtutis
2690 2182 2797 2250 ejus
2828 2179 2997 2250 (lâ€™sal.
3036 2181 3161 2235 150.
3193 2183 3212 2234 1
3238 2183 3278 2250 ).
3331 2181 3398 2233 Et
3419 2190 3476 2233 ttt

1882 2273 1988 2325 alio
2033 2282 2150 2325 utar
2192 2273 2440 2340 cxctnplo
2472 2290 2484 2325 :
2515 2272 2963 2340 quemadmodum
3013 2272 3188 2326 fumus
3209 2311 3224 2338 ,
3257 2287 3378 2324 cum
3406 2287 3472 2325 cx

1882 2364 2038 2433 lignis
2068 2370 2124 2416 et
2156 2361 2277 2431 igne
2323 2363 2638 2425 cmerserit,
2668 2361 2841 2414 rarior
2881 2370 2965 2416 cst
3012 2371 3172 2430 atque
3219 2361 3473 2426 mollior;

1880 2469 2000 2507 cum
2023 2463 2201 2507 autem
2219 2454 2274 2506 in
2300 2453 2530 2507 sublime
2550 2453 2875 2516 ascenderit,
2905 2453 2958 2505 in
2981 2452 3138 2506 nubis
3154 2453 3473 2508 densitatem

1881 2552 2154 2596 mutatur:
2188 2543 2266 2596 sic
2296 2557 2553 2611 aquarum
2578 2542 2787 2594 illarum
2833 2543 3097 2596 rariorum
3139 2552 3386 2596 naturam
3419 2543 3473 2596 in

1879 2634 2107 2687 sublime
2129 2633 2340 2686 ductant
2364 2634 2500 2687 Deus
2525 2634 2637 2685 lixit
2665 2642 2718 2685 et
2735 2633 3112 2686 consolidavit.
3142 2633 3276 2688 Rem
3295 2644 3471 2687 autem

1879 2741 1996 2779 esse
2026 2739 2204 2777 veram
2239 2724 2551 2777 testificatur
2594 2722 2761 2777 Isaias
2806 2723 2990 2777 dicens
3018 2741 3032 2778 :
3064 2723 3257 2777 (.â€˜a'lum
3305 2735 3357 2777 ut
3385 2729 3471 2796 fu-

1880 2834 1990 2870 mus
2021 2818 2256 2885 ï¬rmatus
2295 2827 2367 2870 est
2402 2815 2558 2885 (Isai.
2585 2817 2671 2871 5i.
2702 2817 2736 2872 ti
2762 2817 2801 2886 ).
2836 2817 3035 2871 Ca'lum
3066 2818 3244 2887 itaque
3273 2819 3322 2872 in
3356 2835 3470 2873 me-

1880 2909 1968 2962 dio
1996 2924 2254 2976 aquarum
2284 2919 2592 2963 concretum
2626 2950 2641 2975 ,
2669 2909 2945 2962 dimidiam
2973 2924 3232 2978 aquarum
3271 2920 3472 2979 partem

1881 3005 1932 3055 in
1963 3002 2193 3056 sublime
2225 3003 2440 3056 levavit.
2492 3002 2600 3055 Cur
2627 3011 2808 3056 autem
2841 3016 2993 3072 aqua:
3035 3001 3139 3055 illa:
3181 3018 3428 3070 superna:
3457 3042 3473 3066 ,

1877 3108 1931 3150 et
1957 3096 2043 3149 cui
2067 3095 2219 3149 usui?
2244 3111 2310 3148 an
2336 3105 2391 3148 Î¹Î·
2416 3096 2537 3164 quis
2558 3095 2727 3161 bibat,
2757 3110 2824 3147 an
2849 3103 2907 3148 ut
2931 3095 3050 3164 quis
3072 3095 3319 3163 naviget?
3342 3094 3471 3147 Nam

1877 3200 2042 3254 aquas
2068 3200 2300 3252 superne
2330 3186 2532 3252 positas
2563 3199 2682 3239 esse
2710 3184 3024 3238 testificatur
3050 3184 3210 3237 David
3241 3184 3428 3238 dicens
3455 3202 3467 3237 :

1879 3277 1946 3330 Et
1976 3295 2109 3347 aqua
2137 3294 2252 3347 qua:
2277 3295 2427 3347 super
2457 3279 2607 3331 cwlos
2634 3289 2706 3330 est
2729 3277 2900 3345 (Psal.
2935 3278 3058 3332 â€œ8.
3087 3279 3120 3332 4
3213 3278 3471 3331 Animad-

1877 3381 2025 3425 verte
2064 3371 2175 3440 jam
2225 3370 2498 3424 Creatoris
2548 3372 2885 3440 sapientiam.
2933 3369 3313 3440 Crystallinutn
3359 3380 3475 3424 erat

1878 3466 2148 3521 ca'lumcx
2177 3465 2329 3533 aquis
2358 3473 2669 3517 concretum
2694 3481 2706 3516 :
2734 3464 2857 3532 quia
2880 3463 3023 3517 cnim
3050 3464 3178 3518 solis
3205 3462 3470 3516 ï¬‚ammam

1878 3565 2252 3625 suscepturum
2282 3565 2396 3608 erat
2423 3565 2584 3623 atque
2616 3555 2775 3621 lunae,
2810 3569 3018 3608 necnon
3062 3554 3320 3607 inï¬nitam
3343 3554 3475 3607 stel-

1879 3646 2049 3699 larum
2083 3645 2504 3711 multitudinem,
2547 3646 2892 3714 futurumque
2920 3653 3036 3699 erat
3064 3654 3120 3698 ut
3153 3654 3321 3698 totum
3351 3645 3473 3715 igne

1878 3741 2200 3810 rcpleretur,
2235 3755 2301 3792 nc
2328 3755 2390 3793 ex
2435 3739 2616 3793 calore
2646 3739 2813 3794 nimio
2845 3739 3146 3794 solveretur
3172 3747 3263 3792 aut
3295 3755 3476 3794 urere-

1880 3843 1998 3898 tur,
2029 3834 2190 3887 dorso
2219 3833 2336 3886 Caeli
2383 3833 2677 3886 constravit
2717 3833 2807 3885 illa
2857 3847 3120 3901 aquarum
3153 3833 3320 3886 maria
3346 3873 3361 3897 ,
3417 3840 3474 3885 ut

1878 3924 1994 3991 ejus
2024 3924 2180 3976 dorsa
2227 3923 2498 3976 emolliret
2543 3931 2702 3990 atque
2747 3923 2950 3988 liniret,
2983 3934 3038 3976 et
3063 3924 3138 3976 sic
3178 3931 3359 3990 posset
3388 3936 3472 3974 re-

1878 4014 2068 4066 sistere
2095 4011 2343 4073 llanntne,
2379 4026 2478 4064 nec
2519 4021 2832 4066 terreretur.
2867 4013 3183 4081 Exemplum
3213 4014 3264 4065 in
3311 4028 3472 4065 manu

1878 4106 2042 4158 habes
2075 4122 2086 4157 :
2119 4105 2163 4160 si
2208 4104 2365 4158 hodie
2396 4104 2624 4159 lebetem
2654 4106 2759 4175 igni
2793 4105 3110 4174 imposueris
3135 4146 3151 4172 ,
3195 4105 3240 4158 si
3281 4121 3473 4175 aquam

1879 4199 2093 4261 habeat,
2129 4199 2236 4267 igni
2267 4197 2501 4260 resistit;
2538 4197 2619 4250 sin
2643 4213 2749 4250 non
2779 4197 2992 4264 habeat,
3017 4198 3359 4252 dissolvitur:
3392 4199 3472 4253 sic

1881 4290 2030 4344 Dens
2074 4289 2179 4358 igni
2209 4289 2569 4343 adversariam
2602 4290 2780 4358 posuit
2817 4306 3009 4358 aquam
3033 4331 3047 4354 ,
3080 4299 3140 4344 ut
3181 4290 3472 4360 perdurare

1876 4389 2091 4450 posset,
2124 4395 2197 4434 ex
2243 4381 2396 4449 aquis
2424 4395 2637 4434 sursum
2683 4381 2814 4436 illud
2847 4381 3177 4437 linientibus.
3231 4385 3308 4436 Ac
3354 4382 3473 4437 vide

1875 4486 1987 4525 rem
2019 4471 2207 4525 miram
2241 4489 2254 4524 :
2290 4480 2493 4525 tantum
2519 4471 2754 4524 abundat
2787 4471 3004 4526 humida
3037 4473 3335 4527 substantia
3366 4487 3471 4526 ca:-

1875 4562 1992 4616 lesti
2029 4562 2240 4631 corpori
2275 4563 2549 4631 imposita,
2585 4571 2730 4617 tanto
2753 4562 2879 4615 licet
2901 4562 3219 4617 adversante
3248 4564 3387 4631 igne,
3414 4573 3471 4616 ut

1875 4657 2034 4708 etiam
2066 4664 2223 4709 terra:
2253 4654 2579 4709 commodet.
2608 4653 2740 4707 Nam
2769 4653 2911 4707 unde
2958 4653 3088 4710 ros?
3123 4653 3302 4708 Nubes
3341 4669 3470 4708 nus-

1873 4762 2034 4817 quam
2080 4754 2196 4811 est,
2247 4761 2340 4799 aer
2382 4761 2573 4813 aquam
2635 4759 2742 4798 non
2792 4744 2989 4810 habet;
3021 4760 3226 4817 nempe
3276 4745 3468 4800 caelum

1873 4813 1936 4893 ex
1985 4837 2441 4905 superabundanti
2494 4851 2630 4905 aqua
2705 4836 2947 4890 distillat.
3007 4813 3133 4901 idco
3162 4813 3331 4890 â€œIsaae
3379 4852 3470 4906 pa-

1874 4929 2101 4984 triarcha
2133 4942 2254 4981 eum
2281 4926 2483 4981 Jacobo
2512 4927 2853 4983 benediceret
2874 4968 2890 4994 ,
2920 4928 3132 4983 dicebat
3175 4946 3188 4981 :
3239 4927 3338 4981 Det
3382 4928 3471 4981 tibi

1872 5021 2009 5074 Deus
2027 5021 2088 5071 de
2117 5035 2230 5071 rore
2259 5019 2369 5072 ÎµÏ‰Î¹á½·
2402 5019 2529 5071 etde
2552 5020 2856 5090 pinguedine
2881 5031 3028 5074 terra:
3053 5019 3315 5090 (Gen.27.
3337 5019 3458 5091 28).

1943 5113 1995 5165 4.
2029 5112 2192 5163 Aiunt
2222 5126 2364 5172 vero,
2401 5110 2612 5178 fratres,
2660 5112 2715 5166 in
2761 5111 2850 5166 die
2871 5112 3058 5181 judicii
3085 5155 3100 5179 ,
3129 5127 3466 5167 recessuram

1870 5217 2058 5270 aquam
2089 5202 2233 5255 illam
2257 5218 2568 5271 supernam,
2609 5206 2907 5274 etelumque
2949 5207 3181 5260 solutum
3210 5207 3271 5260 iri
3297 5247 3312 5273 ,
3343 5219 3464 5260 cum

1869 5312 1974 5349 non
2016 5297 2150 5348 ultra
2203 5296 2508 5351 habiturum
2553 5299 2622 5350 sit
2651 5297 2795 5351 illam
2852 5313 3108 5368 aquartnn
3151 5300 3370 5364 molem,
3412 5304 3464 5349 et

1869 5386 1984 5439 fore
2012 5394 2070 5439 ut
2097 5387 2267 5440 stella:
2295 5388 2528 5450 cadant,
2581 5403 2701 5441 cum
2733 5404 2831 5444 nec
2860 5392 2996 5442 viam
3047 5405 3146 5443 nec
3177 5389 3463 5443 stationem

1869 5476 2005 5528 ultra
2040 5476 2299 5530 habiturae
2330 5478 2456 5530 sint.
2489 5478 2613 5531 llatc
2643 5494 2804 5547 porro
2833 5497 2936 5532 non
2965 5490 3166 5534 temere
3194 5479 3458 5540 dicimus;

1868 5568 1961 5622 sed
1984 5568 2256 5637 Scriptura
2281 5568 2442 5623 docet
2472 5587 2484 5622 :
2521 5568 2715 5624 Cretum
2742 5573 2886 5625 enim
2916 5571 3236 5624 convolvetur
3259 5582 3313 5621 ut
3332 5571 3461 5622 liber

1868 5660 2022 5727 (lani.
2059 5663 2147 5716 5i.
2177 5664 2268 5731 4);
2301 5677 2494 5732 nempe
2541 5662 2789 5717 adustum
2820 5677 2835 5717 :
2864 5663 3004 5732 quod
3037 5661 3178 5716 enim
3214 5659 3460 5715 aduritur

1870 5756 2201 5811 convolvitur
2227 5770 2238 5809 :
2260 5765 2302 5810 ct
2334 5757 2494 5811 stellio
2520 5757 2700 5810 cadent
2730 5759 2858 5811 sicut
2887 5756 3009 5824 folia
3043 5756 3172 5810 ritis.
3209 5754 3461 5820 Attende,
