3984 6480
453 365 568 420 443

451 481 653 534 quwso,
685 473 739 521 et
765 465 926 520 alium
958 481 1132 522 usum.
1165 468 1331 537 Aqua:
1362 469 1464 523 illa:
1490 484 1645 537 ,-qu:e
1679 484 1837 539 super
1866 470 2031 524 cmlos

455 569 600 624 sunt,
634 575 737 612 non
767 558 926 613 modo
948 559 1135 616 cadum
1172 572 1490 616 conservant
1518 601 1531 625 ,
1566 561 1658 616 scd
1700 563 1862 616 etiam
1892 560 2041 613 flam-

461 666 604 704 mam
633 650 760 707 solis
787 660 842 705 ct
871 650 1010 704 lunae
1039 651 1309 706 emittunt.
1339 653 1394 708 Si
1420 654 1562 708 enim
1593 654 1913 723 pellucidum
1955 669 2042 708 es-

449 749 534 795 set
559 741 770 807 emtum,
818 743 995 797 omnis
1033 743 1148 810 ejus
1195 744 1449 813 splendor
1487 761 1698 800 sursum
1745 755 2036 808 curreret,

446 833 586 902 ignis
637 834 833 904 quippe
884 851 1003 890 cum
1059 853 1271 892 sursum
1321 840 1544 904 tendat,
1604 849 1800 894 terram
1851 839 2036 894 deser-

445 935 555 976 tam
584 925 929 995 relinqueret.
985 926 1186 982 ldcirco
1234 928 1395 999 igitttr
1431 939 1598 983 totum
1640 929 1830 984 cailum
1874 944 2037 998 supe-

451 1014 568 1069 rius
599 1015 874 1071 immensis
921 1019 1075 1087 aquis
1101 1019 1413 1074 addensavit
1440 1063 1455 1088 ,
1518 1031 1574 1074 ut
1619 1021 1872 1091 splendor
1917 1036 2040 1076 coa-

443 1111 564 1159 ctus
615 1105 754 1160 infra
799 1106 1166 1164 descenderet.
1215 1109 1348 1165 Vide
1409 1111 1641 1166 Artiﬁcis
1695 1113 2036 1181 sapientiam.

444 1193 622 1249 llabes
649 1206 828 1251 autem
853 1197 904 1251 in
933 1199 1104 1267 teipse
1131 1201 1408 1270 sapientiae
1435 1202 1672 1257 Artiﬁcis
1703 1203 1986 1274 imaginem
2014 1221 2029 1265 ;

445 1286 575 1339 fecit
604 1288 798 1356 quippe
826 1289 966 1342 Deus
996 1291 1157 1344 etiam
1185 1293 1236 1345 in
1267 1301 1319 1347 te
1360 1303 1593 1363 quatuor
1635 1296 2028 1350 elementorum

441 1374 695 1446 efﬁgiem.
718 1378 1120 1448 Animadverte,
1145 1397 1328 1452 quaeso
1351 1403 1362 1438 :
1385 1386 1556 1454 cogita
1581 1386 1712 1439 mihi
1743 1397 1902 1456 caput
1931 1391 2032 1442 hoc

441 1482 561 1522 esse
582 1470 771 1524 czelum
813 1473 1100 1540 superius;
1135 1489 1256 1543 quae
1286 1489 1447 1546 supra
1479 1477 1716 1547 linguam
1749 1489 1894 1544 sunt,
1927 1495 2033 1534 cae-

442 1557 551 1612 lum
573 1559 818 1626 alterum,
847 1562 898 1615 id
931 1573 1011 1618 cst
1044 1564 1436 1622 firmamentum
1470 1586 1482 1622 :
1518 1569 1753 1639 indeque
1775 1581 1856 1626 est
1881 1573 2021 1642 quod

441 1655 706 1721 οὖρανίσκος
728 1695 741 1715 ,
771 1653 883 1707 sive
915 1672 1134 1724 parvum
1181 1660 1372 1712 cu-lum
1403 1669 1642 1715 vocetur.
1677 1662 1935 1732 Superius
1978 1667 2028 1717 in

445 1741 584 1797 locis
622 1744 817 1799 abditis
869 1747 1174 1815 cerebrum,
1218 1751 1358 1818 quod
1389 1767 1494 1806 non
1529 1752 1741 1807 videtur
1769 1796 1782 1816 ,
1814 1755 2032 1810 inferius

441 1833 645 1904 lingua,
668 1850 787 1905 quae
803 1838 902 1891 sub
927 1849 1202 1907 aspectum
1232 1841 1406 1894 cadit.
1438 1841 1900 1908 Quemadmodum
1935 1845 2031 1915 igi-

439 1935 527 1978 tur
551 1927 739 1981 caalum
762 1929 1010 1995 superius
1037 1929 1090 1982 in
1123 1931 1477 1987 inuisibilibus
1507 1942 1609 1997 est,
1637 1934 1866 1990 mundus
1900 1951 2030 1989 vero

438 2015 493 2069 in
515 2016 643 2070 locis
660 2015 725 2070 de
742 2018 936 2087 quibus
962 2019 1227 2087 loquimur
1246 2038 1258 2073 :
1280 2036 1342 2074 ac
1366 2022 1814 2090 quemadmodum
1840 2027 1890 2078 in
1913 2026 2026 2079 ele-

439 2107 638 2162 mentis
681 2117 875 2163 terram
923 2112 1188 2180 comperis
1236 2127 1356 2167 esse
1383 2129 1623 2183 gravem,
1651 2130 1845 2184 aquam
1900 2131 2027 2170 vero

435 2206 578 2253 terra
637 2201 917 2268 leviorem,
973 2204 1094 2272 igne
1131 2205 1469 2272 graviorem;
1503 2221 1820 2276 rursumque
1844 2223 2023 2262 aerem

434 2291 587 2360 aquis
612 2292 887 2356 leviorem,
922 2295 1040 2363 igne
1067 2298 1365 2364 graviorem
1395 2315 1408 2352 :
1435 2298 1511 2351 sic
1555 2307 1612 2352 et
1642 2300 1694 2352 in
1724 2299 1876 2352 nobis
1903 2314 2028 2353 sen-

431 2397 547 2449 sus,
578 2393 784 2453 gustus,
817 2385 1092 2449 odoratus,
1121 2387 1354 2451 auditus,
1379 2388 1524 2442 visus
1544 2403 1643 2442 nec
1666 2403 1854 2443 omnes
1876 2389 2025 2444 simi-

432 2474 512 2530 les
547 2483 689 2530 sunt.
727 2475 859 2530 Rem
909 2479 1197 2546 comproba
1233 2496 1245 2533 :
1279 2477 1323 2532 si
1352 2479 1485 2533 velis
1519 2480 1717 2548 aliquid
1758 2492 1976 2550 gustare
2005 2524 2020 2549 ,

431 2567 530 2619 nisi
576 2567 767 2637 lingua:
795 2567 1084 2624 admoveas
1112 2611 1125 2634 ,
1161 2571 1309 2624 nullo
1349 2581 1538 2640 gustus
1568 2587 1728 2627 sensu
1763 2573 2014 2631 afficeris.

427 2658 674 2712 Crassior
702 2659 896 2729 quippe
927 2675 1116 2716 sensus
1151 2671 1256 2725 est,
1291 2676 1392 2716 nec
1423 2671 1598 2732 potest
1628 2664 1812 2733 procul
1850 2664 2026 2733 perci-

430 2763 581 2817 pere.
613 2748 850 2804 Olfactus
883 2768 1007 2805 vero
1037 2752 1219 2821 procul
1247 2754 1477 2823 percipit
1509 2770 1523 2819 ;
1551 2755 1783 2823 exempli
1831 2769 2018 2821 causa,

429 2853 529 2906 per
583 2837 800 2893 domum
855 2842 1088 2906 transis,
1129 2842 1312 2898 odoris
1356 2842 1703 2913 fragrantiam
1762 2846 2020 2915 percipis,

427 2943 587 2996 quam
618 2945 722 2982 non
748 2930 915 2985 vides.
949 2931 1159 2986 Rursus
1198 2933 1343 2986 visus
1381 2933 1578 2988 olfactu
1623 2935 1854 2989 celerior
1892 2947 2016 2990 est:

427 3020 569 3074 videt
612 3023 754 3076 enim
804 3038 869 3076 ex
907 3036 1088 3078 monte
1126 3025 1284 3078 latam
1328 3026 1620 3093 planitiem.
1664 3026 1794 3082 Visu
1833 3042 2020 3082 rursus

427 3129 581 3168 mens
594 3117 798 3170 acutior
820 3135 832 3170 :
851 3119 1040 3173 cazlum
1069 3119 1287 3188 cogitat,
1313 3127 1529 3185 terram,
1555 3135 1724 3186 mare,
1749 3129 1804 3175 et
1825 3121 2018 3190 ubique

428 3206 716 3260 invenitur.
1023 3193 1038 3210 ’

508 3301 655 3354 Mens
685 3301 937 3369 quonwdo
982 3311 1054 3356 est
1104 3302 1274 3371 imago
1307 3303 1422 3357 Dei.
1469 3303 1702 3358 Historia
1728 3303 2014 3371 cuiusdam,

427 3397 515 3465 qui
537 3413 599 3449 ex
625 3393 1028 3461 sanctiﬁcatione
1053 3393 1247 3446 volebat
1278 3395 1570 3448 detruncari
1591 3395 1741 3460 illud,
1766 3394 2019 3448 Dominus

427 3487 707 3539 sabaolh...
749 3515 818 3523 —
841 3484 964 3538 ldco
995 3483 1168 3552 imago
1199 3485 1289 3537 Dei
1323 3499 1473 3538 mens
1498 3495 1599 3539 est.
1631 3486 1779 3538 Mens
1799 3486 2014 3555 cogitat,

428 3591 660 3646 moxque
681 3578 732 3629 in
757 3592 814 3630 se
843 3577 950 3628 fora
979 3585 1146 3642 creat,
1182 3577 1389 3629 turbam
1421 3577 1520 3632 sibi
1548 3577 1807 3646 depingit,
1833 3587 1886 3632 et
1917 3594 2014 3648 po.

427 3669 629 3736 pulum.
664 3666 992 3721 Erubeseant
1021 3667 1274 3720 haeretici.
1309 3667 1459 3721 Mens
1491 3669 1612 3720 talia
1640 3678 1894 3736 operatur
1919 3711 1934 3734 ,
1964 3679 2019 3724 et

427 3761 624 3815 mentis
651 3758 876 3822 Artifex,
904 3759 1047 3812 omni
1097 3758 1293 3812 olfactu
1321 3759 1568 3812 subtilior
1590 3802 1603 3824 ,
1635 3775 1739 3813 non
1786 3761 2015 3816 celerio-

429 3870 543 3908 rem
577 3853 736 3907 habct
766 3852 1153 3920 operationem,
1177 3868 1281 3906 non
1314 3862 1611 3921 promptam
1642 3853 1857 3906 creandi
1885 3854 2014 3920 vim,

433 3963 537 3999 non
576 3944 1169 4013 iiicomprehensibilcm
1195 3945 1478 3997 naturam?
1509 3943 1644 3997 Volo
1669 3955 1868 4011 autem,
1903 3946 2015 3999 fra-

434 4045 542 4090 tres
575 4078 588 4099 ,
645 4050 758 4087 rem
787 4034 938 4087 vobis
965 4033 1143 4088 dicere
1173 4033 1487 4086 illStiil‘nlcm
1519 4035 1733 4103 quidem
1762 4044 2018 4104 quantum

432 4127 497 4178 ad
552 4125 901 4194 impietatem,
945 4125 1039 4178 sed
1085 4124 1206 4178 ﬁdei
1255 4141 1545 4179 consonam
1574 4165 1588 4189 ,
1644 4137 1900 4194 quantum
1953 4129 2019 4182 ad

432 4232 693 4281 examen;
724 4225 782 4270 ut
827 4215 1042 4269 discatis
1085 4224 1279 4284 quanta
1326 4226 1378 4268 et
1421 4231 1578 4284 quam
1620 4232 1764 4271 nova
1812 4228 2022 4273 moveat

432 4307 697 4370 diabolus,
725 4317 918 4374 quanta
945 4307 1196 4373 reperiat,
1229 4318 1424 4374 quanta
1457 4317 1706 4376 suggerat
1733 4308 2018 4369 luereticis.

431 4398 516 4452 vel
575 4398 624 4449 hi
681 4397 853 4464 potius
900 4395 1131 4448 diabolo.
1187 4395 1356 4449 llodie
1403 4398 1664 4464 quiSpiam
1711 4398 2016 4465 haereticus,

432 4487 786 4557 prarsentibus
815 4486 1013 4542 sanctis
1045 4485 1173 4539 viris
1197 4495 1250 4539 et
1275 4486 1510 4553 patribus
1535 4528 1549 4550 ,
1580 4501 1676 4539 nos
1696 4489 2021 4542 conveniens

432 4580 644 4634 dicebat
677 4599 688 4632 :
721 4580 833 4632 lucc
863 4580 984 4632 dico
1011 4587 1209 4640 autem,
1247 4594 1312 4632 ne
1342 4593 1426 4631 res
1452 4578 1604 4631 aliter
1636 4578 1835 4642 audita,
1866 4579 2022 4632 aliter

433 4674 589 4725 feriat
621 4689 633 4723 :
667 4671 842 4737 Pater,
869 4671 1064 4732 aiebat,
1094 4679 1147 4722 et
1173 4669 1336 4722 Filius
1362 4669 1660 4737 etSpiritus
1677 4679 1892 4722 sanctus
1919 4684 2020 4722 una

432 4763 704 4823 divinitas,
742 4778 841 4815 una
868 4764 1053 4824 virtus,
1087 4776 1250 4815 unum
1286 4777 1527 4828 regnum.
1564 4761 1789 4827 Oportet
1818 4769 2020 4822 autem,

437 4857 629 4925 inquit,
662 4854 869 4908 auferre
897 4854 964 4906 ah
994 4853 1173 4904 animo
1207 4854 1244 4914 ί,
1277 4869 1380 4903 non
1414 4852 1555 4903 enim
1585 4851 1653 4903 ab
1680 4851 1833 4903 altari
1860 4850 1979 4904 dico
2006 4893 2017 4913 ,

435 4963 503 5000 ne
537 4947 587 4998 in
620 4946 1037 4998 sanctificatione
1082 4945 1304 5005 dicatur,
1339 4944 1576 5005 Sanctus,
1637 4951 1863 5006 sanctus,
1907 4959 2024 4994 san-

441 5050 551 5088 ctus
580 5035 830 5088 Dominus
860 5037 1108 5090 Sabaoth.
1136 5035 1244 5087 Nisi
1278 5033 1422 5097 illud,
1451 5033 1640 5102 inquit,
1673 5033 2020 5098 abstuleritis,

438 5127 726 5184 Christiani
758 5142 864 5178 non
897 5129 1040 5179 estis.
1092 5126 1332 5178 Vidistiu'
1359 5135 1554 5177 tantam
1583 5125 1880 5187 audaciam,
1909 5132 2022 5175 tan-

439 5227 652 5284 tamque
675 5215 866 5269 diaboli
898 5216 1192 5267 insaniam?
1214 5216 1440 5267 vidistin'
1473 5216 1706 5268 radicem
1734 5214 2020 5266 adversati.

438 5308 504 5360 tis
541 5308 646 5360 Deo
673 5305 1004 5374 impietatis?
1060 5304 1293 5355 vidistin‘
1325 5305 1740 5370 magnitudinem
1776 5303 2024 5371 blasphe-

440 5401 605 5452 mia)?
663 5398 879 5452 Pietatis
945 5405 1104 5465 caput
1168 5395 1334 5448 voluit
1400 5409 1707 5463 amputare,
1765 5413 2026 5451 enervare

441 5491 772 5560 mysterium,
805 5491 961 5543 fidem
991 5489 1206 5541 abolere
1235 5531 1246 5551 ,
1280 5488 1396 5554 ejus
1427 5486 1764 5540 fundamenta
1813 5504 2019 5543 eruere.

441 5583 509 5636 Et
537 5581 653 5635 vide
680 5582 874 5635 diaboli
899 5583 1164 5633 astutiam.
1195 5578 1461 5631 Persuasit
1482 5578 1527 5631 ei
1560 5587 1613 5630 ut
1650 5578 1851 5631 diceret
1883 5597 1893 5630 :
1929 5579 2025 5632 Pa-

509 5713 524 5744 ⁸
560 5712 698 5762 Savil.
725 5712 988 5769 legendum
1015 5719 1166 5772 putat,
1193 5711 1252 5758 ab
1275 5708 1502 5770 oratione,
1531 5723 1632 5770 pro.
1663 5709 1720 5757 ab
1735 5709 1907 5759 animo.
1937 5713 2025 5759 Sed

445 5779 574 5827 stare
599 5783 755 5838 potest
783 5776 926 5822 lectio
952 5775 1176 5822 tiriduaun
1199 5776 1425 5823 omnium.

1910 354 2283 411 SEVERIANI

3634 387 3750 439 444

2157 481 2236 522 ter
2262 479 2316 523 et
2347 469 2513 524 Filius
2540 479 2594 524 et
2644 471 2873 541 Spiritus
2902 483 3117 528 sanctus
3145 516 3159 540 ,
3193 491 3292 527 una
3329 475 3459 529 fides
3488 479 3566 549 (ιι)
3591 521 3604 544 ,
3639 495 3746 535 una

2156 560 2322 614 virtus
2346 601 2361 626 ,
2409 576 2572 615 unum
2603 577 2849 632 regnum.
2891 563 3166 618 Venenum
3207 567 3368 620 melle
3397 572 3744 637 temperavit.

2148 649 2372 719 Semper
2394 653 2535 705 enim
2556 654 2915 720 mendacium,
2936 670 3055 709 cum
3080 657 3189 711 vult
3215 657 3316 710 sibi
3345 657 3504 712 fidem
3528 659 3744 725 haberi,

2149 742 2250 795 nisi
2278 742 2680 798 fundamentum
2710 746 2948 814 posuerit
2992 748 3300 815 apparentis
3350 750 3626 814 veritatis,
3683 761 3743 805 ut

2147 833 2336 887 falsum
2366 835 2605 904 rejicitur
2638 854 2649 887 :
2683 846 2735 891 et
2757 853 2858 907 qua
2883 838 3088 892 ratione
3109 879 3123 903 ,
3153 839 3306 892 audi:
3345 840 3482 894 nihil
3514 843 3736 910 quidem

2146 923 2340 989 simile,
2391 925 2564 978 dicam
2598 935 2798 980 tamen.
2833 927 3019 981 Rahab
3047 929 3300 982 meretrix
3351 943 3471 984 cum
3525 934 3746 999 excepit

2145 1017 2529 1086 exploratores,
2562 1019 2879 1088 interrogata
2906 1037 2919 1071 :
2955 1019 3178 1089 Ingressi
3199 1030 3312 1074 sunt
3333 1022 3399 1073 ad
3417 1034 3463 1075 te
3486 1025 3577 1075 viri
3599 1024 3739 1093 (λος.

2144 1105 2198 1160 2.
2238 1109 2290 1161 4.
2325 1106 2430 1179 5)?
2483 1109 2805 1178 respondet,
2861 1109 3078 1174 Etiam;
3130 1111 3234 1166 hoc
3269 1115 3496 1181 primum
3549 1131 3740 1168 verum

2143 1205 2227 1251 est
2259 1198 2402 1252 :Sed
2425 1201 2676 1266 exierunt,
2735 1200 2938 1269 inquit;
2965 1199 3065 1255 hoc
3098 1202 3390 1255 secundum
3436 1205 3648 1258 falsum.
3684 1205 3743 1258 Si

2142 1288 2386 1356 dixisset,
2415 1290 2527 1344 Non
2548 1293 2748 1362 egressi
2771 1300 2916 1357 sunt,
2943 1292 3158 1348 donnnn
3189 1297 3502 1363 perscrutati
3529 1307 3737 1351 essent.

2143 1381 2285 1436 Dixit
2312 1399 2524 1448 verum,
2554 1393 2610 1439 ut
2641 1385 2798 1440 ﬁdem
2827 1384 3137 1440 conciliaret
3162 1404 3175 1439 :
3207 1387 3401 1441 falsum
3427 1388 3650 1454 addidit,
3680 1401 3741 1443 ut

2141 1473 2430 1543 deciperet.
2463 1474 2538 1528 lta
2573 1484 2626 1529 et
2671 1476 2772 1530 iste
2819 1493 2832 1529 :
2885 1477 3042 1532 nobis
3086 1478 3536 1547 interrogantibus
3565 1520 3580 1542 ,
3626 1480 3740 1534 Cur

2139 1566 2622 1620 sanctiﬁcationem
2654 1567 3125 1622 detruncabimus?
3154 1569 3348 1632 dicitis,
3386 1571 3575 1640 inquit,
3619 1570 3734 1624 Do-

2139 1659 2309 1709 minus
2339 1655 2566 1710 Sabaoth
2613 1674 2631 1709 :
2661 1659 2805 1726 atqui
2837 1672 2942 1711 non
2973 1667 3054 1712 est
3103 1673 3298 1712 nomen
3335 1660 3426 1713 Dei
3451 1701 3464 1724 ,
3496 1675 3604 1714 non
3652 1672 3739 1715 est

2137 1743 2332 1799 Christi
2361 1788 2376 1810 ,
2411 1762 2586 1817 neque
2637 1749 2829 1802 Patris.
2865 1748 3108 1802 Vidistin'
3137 1765 3197 1803 os
3228 1750 3327 1802 vile
3349 1758 3402 1804 et
3431 1751 3737 1819 impurum?

2139 1835 2434 1904 lgnoravit,
2495 1854 2687 1905 nempe
2727 1840 2797 1893 ob
2827 1840 3124 1904 inscitiam,
3158 1840 3391 1894 Sabaoth
3442 1857 3548 1894 non
3610 1856 3737 1895 esse

2137 1940 2332 1979 nomen
2366 1926 2482 1991 Dei,
2516 1927 2610 1981 sed
2642 1943 2835 1982 nomen
2866 1929 3192 1983 exercituum
3220 1947 3234 1993 ;
3261 1930 3310 1982 id
3341 1940 3440 1993 est,
3476 1931 3738 1987 Dominus

2139 2017 2415 2071 virtutum.
2468 2019 2696 2072 Causam
2726 2027 2902 2073 autem
2932 2020 3053 2074 dico
3088 2037 3100 2072 :
3139 2020 3231 2074 sed
3265 2032 3388 2074 ante
3415 2022 3575 2075 ﬁnem
3603 2024 3735 2092 quid

2135 2109 2290 2164 fausti
2320 2110 2562 2164 evenerit
2610 2113 2866 2165 annuntio
2920 2130 2932 2164 :
2983 2114 3248 2181 prenituit,
3282 2114 3554 2180 procidit,
3597 2131 3730 2171 ana-

2136 2203 2368 2257 themata
2395 2203 2549 2267 dixit,
2576 2213 2823 2272 precatus
2848 2213 2952 2267 est,
2987 2213 3231 2274 receptus
3260 2215 3361 2258 cst.

2202 2295 2255 2349 5.
2299 2295 2528 2349 Attende
2557 2295 2750 2364 igitur:
2776 2295 2899 2363 quia
2922 2311 3098 2350 sermo
3152 2296 3354 2359 incidit,
3383 2312 3563 2366 Opera:
3605 2315 3731 2366 pre-

2133 2383 2260 2437 tium
2287 2393 2488 2438 estnos
2513 2399 2726 2438 causam
2758 2385 2965 2442 dicere.
3010 2386 3079 2439 ob
3126 2401 3282 2454 quam
3327 2387 3513 2440 bratus
3565 2389 3732 2443 lsaias

2132 2473 2267 2528 hanc
2304 2476 2781 2530 sanctiﬁcationcm
2841 2476 2951 2529 Deo
3000 2476 3248 2529 emissam
3292 2477 3512 2531 audivit.
3564 2480 3731 2533 Isaias

2130 2575 2245 2619 erat
2270 2565 2349 2619 vir
2370 2565 2648 2630 mirabilis,
2675 2566 2790 2620 zelo
2814 2565 3026 2634 plenus,
3060 2567 3141 2619 vir
3168 2567 3362 2628 audax,
3394 2568 3565 2620 audax
3620 2585 3727 2622 noo

2133 2660 2479 2727 procacitate,
2505 2658 2598 2712 sed
2629 2659 2764 2712 zelo.
2787 2658 2879 2712 llis
2912 2659 3238 2727 temporibus
3279 2660 3372 2712 fuit
3418 2676 3532 2721 rex,
3566 2661 3727 2714 Ozias

2135 2751 2351 2803 nomine
2385 2766 2398 2802 :
2429 2750 2472 2803 is
2500 2764 2620 2802 cum
2645 2749 2789 2818 regia
2817 2749 3117 2817 majestate,
3143 2750 3499 2805 sacerdotium
3561 2753 3726 2804 etiam

2129 2839 2380 2893 invadere
2431 2839 2669 2893 tentavit.
2719 2838 3037 2893 Sacerdotes
3080 2839 3202 2908 quid
3232 2840 3352 2894 inde
3404 2852 3728 2910 sequeretur

2128 2938 2422 2992 noverant;
2455 2929 2564 2998 regi
2596 2938 2770 2983 tamen
2808 2929 3090 2998 plurimum
3125 2930 3372 2984 reluctari
3409 2933 3722 2996 noluerunt;

2126 3023 2434 3090 dignitatem
2474 3023 2715 3086 reveriti,
2745 3022 2935 3077 solium
2969 3022 3174 3075 honore
3220 3023 3528 3090 prosequnti
3571 3035 3722 3088 sunt,

2126 3115 2392 3168 exercitus
2416 3115 2725 3167 timuerunt.
2754 3113 2871 3181 Ipse
2898 3129 3108 3183 quoque
3155 3113 3316 3167 lsaias
3368 3114 3552 3174 tacuit,
3612 3129 3724 3168 non

2126 3205 2331 3260 obstitit
2381 3208 2511 3274 regi.
2545 3204 2614 3260 Ut
2640 3205 2768 3258 vidit
2811 3205 2950 3258 Deus
2981 3203 3286 3258 sacerdotes
3319 3203 3722 3270 formidolosos,

2127 3295 2402 3353 nutantem
2458 3297 2796 3366 prephetam,
2855 3312 3034 3365 regem
3086 3296 3336 3349 audacter
3375 3312 3716 3366 aggressum,

2128 3388 2414 3442 immisitci
2444 3388 2648 3456 lepram
2673 3387 2724 3438 in
2757 3386 2982 3447 vultum,
3015 3394 3196 3453 utpote
3230 3386 3318 3452 qui
3351 3396 3533 3438 saneta
3557 3387 3728 3438 attin-

2124 3494 2250 3548 gere
2275 3493 2435 3532 ausus
2460 3487 2601 3530 esset
2629 3492 2641 3526 :
2673 3483 2831 3542 atque
2861 3475 3113 3540 expulsus
3140 3474 3351 3527 demum
3374 3474 3464 3528 ille
3495 3485 3718 3528 estnon

2128 3569 2287 3622 modo
2315 3583 2345 3621 a
2394 3565 2722 3629 sacerdotio,
2747 3565 2840 3619 sed
2871 3565 3029 3618 etiam
3061 3579 3086 3616 a
3129 3581 3315 3632 regno,
3363 3575 3416 3618 et
3472 3566 3725 3634 leprosus

2126 3659 2340 3714 mansit.
2367 3659 2506 3712 Deus
2523 3672 2682 3728 porro
2699 3657 2837 3726 quod
2860 3671 3014 3711 suum
3045 3666 3161 3711 erat
3185 3658 3450 3725 pru‘stilit,
3477 3659 3726 3727 indigna-

2129 3763 2209 3806 lus
2239 3761 2416 3806 autem
2444 3760 2526 3805 est
2556 3752 2605 3803 in
2635 3749 2961 3814 sacerdotes,
2994 3750 3329 3818 maximeque
3379 3751 3429 3802 in
3486 3752 3726 3818 prophe-

2130 3854 2256 3908 tam,
2279 3843 2419 3912 quod
2451 3856 2688 3911 praesens
2715 3856 2836 3895 cum
2888 3850 3051 3906 esset,
3090 3842 3338 3909 pietatem
3374 3842 3723 3909 prodidisset.

2130 3936 2467 4004 Deusitaque
2501 3949 2624 4003 erga
2654 3932 2965 4002 prophetam
3004 3933 3274 3988 silentium
3302 3934 3584 3996 servabat;
3619 3953 3725 3990 nec

2129 4030 2290 4085 verba
2313 4044 2432 4082 cum
2463 4043 2529 4082 co
2571 4027 2719 4092 fecit,
2771 4028 2944 4081 donec
2995 4028 3206 4096 iniquus
3249 4029 3338 4085 ille
3391 4039 3719 4083 moreretur.

2128 4121 2261 4174 Ctnn
2292 4129 2470 4172 autem
2497 4119 2716 4172 obiisset
2741 4119 2936 4187 impius
2958 4119 3064 4184 ille,
3099 4128 3206 4172 tum
3241 4120 3377 4174 Deus
3405 4121 3576 4188 posita
3635 4121 3720 4172 in-

2128 4212 2453 4282 dignatione,
2479 4213 2749 4280 proplictm
2771 4212 3102 4264 conciliatur.
3119 4213 3208 4265 Ait
3231 4213 3405 4280 itaque
3432 4211 3628 4266 Isaias:
3657 4211 3724 4264 Et

2131 4307 2320 4374 factum
2343 4313 2414 4357 est
2441 4304 2492 4357 in
2513 4319 2668 4366 anno,
2698 4304 2749 4355 in
2775 4319 2873 4370 quo
2905 4312 3130 4356 mortuus
3165 4313 3233 4355 est
3281 4318 3368 4356 rex
3393 4303 3564 4364 Ozias,
3613 4304 3724 4355 vidi

2127 4395 2404 4448 Dominum
2424 4395 2672 4448 sedentem
2702 4411 2852 4461 super
2893 4395 3076 4446 solium
3101 4394 3346 4445 excelsum
3371 4403 3419 4445 et
3471 4393 3723 4446 eleuatum

2133 4484 2297 4552 (lsai.
2329 4483 2380 4538 6.
2411 4486 2484 4553 l).
2531 4482 2639 4536 Cur
2674 4499 2799 4536 vero
2837 4483 2973 4535 Deus
3027 4484 3271 4550 apparuit
3310 4497 3471 4549 super
3519 4484 3722 4539 solium

2130 4577 2404 4631 excelsum
2433 4587 2485 4628 et
2506 4574 2810 4628 elevatum?
2840 4575 2968 4638 Quia
3005 4575 3285 4627 invisibilis
3302 4584 3384 4628 est
3410 4575 3570 4638 Deus,
3625 4593 3722 4630 rex

2130 4679 2305 4720 autem
2336 4668 2478 4720 visus
2505 4675 2701 4718 metum
2730 4666 2982 4728 incussit;
3011 4665 3285 4733 prephetze
3315 4667 3583 4719 crelestem
3607 4669 3726 4736 glo-

2133 4761 2263 4811 riam
2288 4757 2564 4819 exhihuit;
2595 4767 2651 4810 ut
2672 4755 2981 4810 ostenderet
3029 4757 3096 4820 ei,
3131 4772 3234 4824 quo
3255 4756 3391 4809 solio
3441 4757 3724 4826 despecto.

2132 4851 2271 4920 quod
2317 4850 2506 4903 solium
2541 4848 2892 4901 honorassent
2926 4865 2937 4899 :
2970 4846 3109 4915 quod
3153 4846 3478 4911 satellitium,
3528 4865 3728 4917 nempe

2132 4946 2342 4998 ca-lcsto
2369 4951 2421 4996 et
2439 4941 2757 5008 angelicum,
2784 4956 2888 4992 non
2913 4938 3255 5003 honorantes,
3286 4953 3459 5006 neque
3484 4941 3728 5009 cogitan-

2136 5046 2234 5102 tes,
2271 5033 2884 5088 humanumsatellitium
2908 5031 3242 5085 mctuissent.
3274 5029 3338 5082 Et
3368 5042 3498 5097 erat,
3529 5033 3725 5100 inquit,

2134 5131 2312 5182 (lentus
2336 5130 2482 5196 plena
2509 5127 2667 5195 gloria
2691 5127 2799 5192 ejus
2829 5141 2845 5176 :
2875 5135 2918 5176 et
2941 5125 3211 5192 Seraphim
3234 5125 3429 5177 stabant
3457 5128 3508 5178 in
3535 5129 3725 5178 circui-

2135 5235 2187 5274 tu
2213 5225 2320 5290 ejus
2339 5220 2505 5291 (Ibid.
2528 5236 2572 5270 υ.
2595 5219 2628 5269 2
2650 5217 2688 5286 ).
2712 5216 2997 5268 Cherubim
3021 5216 3237 5282 solium,
3257 5217 3534 5285 Seraphim
3562 5219 3728 5271 satel-

2138 5315 2306 5366 litium
2326 5309 2786 5367 suntzCheruhim
2817 5323 3045 5376 namque
3074 5309 3201 5361 nihil
3225 5309 3364 5361 aliud
3396 5311 3720 5377 significant,

2135 5421 2291 5474 quam
2325 5401 2633 5470 sapientiam
2668 5399 2899 5466 plenam.
2928 5399 3384 5465 Quemadmodum
3416 5409 3592 5451 autem
3622 5400 3726 5452 hoc

2136 5497 2327 5550 solium
2359 5495 2471 5546 sive
2496 5489 2636 5544 aliud
2665 5489 2887 5557 quodvis
2939 5491 3170 5559 quietem
3229 5490 3428 5558 praebet
3485 5489 3726 5552 sedenti,

2208 5591 2278 5658 tu)
2306 5587 2586 5643 Vaticanus,
2615 5584 2831 5658 Savilius
2850 5588 3059 5658 ejusque
3083 5587 3359 5658 (loddrpt'a
3382 5585 3557 5658 aiaxtq.
3587 5584 3736 5658 Corn-

2139 5649 2342 5700 betisius
2371 5664 2502 5714 vero,
2538 5662 2626 5714 suo
2656 5649 2839 5714 Marte,
2880 5649 3165 5714 [minusque
3200 5649 3515 5706 Manuseripli
3558 5655 3738 5714 auctir.

2140 5715 2304 5768 ήμην,
2330 5710 2585 5758 substituit
2614 5710 2696 5769 μία
2737 5713 2918 5766 θεότης.
2948 5711 3053 5761 Non
3081 5710 3221 5758 video
3247 5722 3333 5757 cur
3355 5715 3526 5756 textus
3561 5710 3642 5757 hic
3671 5710 3741 5759 si‘.

2139 5777 2272 5824 nulla
2303 5775 2594 5822 auctoritate
2625 5773 2901 5821 nmtandus.
