3984 6436
205 351 326 405 443

208 452 420 521 φύλλα
444 454 738 521 ἀμπέλου.
767 456 1002 525 Προσεχε
1036 455 1111 519 δὲ,
1142 456 1464 526 παρακαλῶ,
1493 456 1586 509 καὶ
1613 455 1807 525 ἐτέραν

208 541 423 611 χρείαν·
452 541 534 592 Τά
569 539 735 593 ὕδατα
768 542 952 595 ἐπάνω
979 542 1086 595 τῶν
1107 544 1164 595 οὑ
1177 543 1375 614 ρανῶν,
1407 544 1468 596 οὐ
1500 543 1656 612 μόνον
1687 559 1809 594 συν-

207 631 371 697 τηρεῖ
401 628 494 680 τὸν
519 629 766 698 οὐρανὸν,
799 630 936 683 ἀλλά
965 631 1055 682 καὶ
1087 633 1187 701 τὴν
1211 630 1385 699 φλόγα
1414 630 1507 683 τοῦ
1535 630 1682 700 ἡλίου
1715 632 1808 685 καὶ

208 719 309 783 τῆς
341 715 572 785 σελήνης
602 717 954 786 καταπέμπει
985 727 1026 770 ⁸.
1062 719 1124 770 Et
1153 717 1263 787 γάρ
1287 714 1356 788 ἦν
1376 718 1639 788 διαφανὴς
1661 719 1690 770 6
1718 718 1807 771 οὑ-

211 801 393 870 ρανὸς,
425 803 524 870 δλη
557 804 589 872 ή
619 803 764 873 αὑγὴ
794 806 904 857 ἄνω
932 805 1140 875 ἔτρεχε·
1163 806 1223 858 τὸ
1249 806 1358 875 γάρ
1391 805 1503 876 πῦρ
1526 806 1806 878 ἀνωφερὲς

205 889 289 947 ὃν.
327 890 536 961 ἔρημον
585 891 685 962 τὴν
730 893 832 962 γῆν
876 893 1270 962 κατελίμπανε.
1324 893 1423 945 Διά
1464 891 1621 945 τοῦτο
1677 892 1806 960 γοῦν

207 979 434 1048 ἐπίλησε
469 979 561 1033 τὸν
593 983 818 1052 οὑρανὸν
843 983 1050 1038 ἀνωθεν
1095 984 1343 1055 ἀπείροις
1394 984 1604 1046 ὕδασιν,
1637 984 1724 1038 ἵνα
1771 985 1802 1054 ή

207 1068 352 1139 αὐγὴ
377 1071 711 1140 στενουμένη
746 1072 896 1127 κάτω
928 1072 1234 1144 πέμπηται.
1273 1075 1414 1143 Ὅρα
1439 1073 1531 1126 τοῦ
1561 1072 1802 1142 τεχνίτου

204 1155 303 1223 τὴν
335 1158 550 1225 σοφίαν.
579 1161 764 1229 Ἔχεις
797 1161 852 1213 δὲ
882 1162 977 1213 καὶ
1003 1164 1061 1214 ἐν
1097 1161 1275 1232 ἐαυτῷ
1302 1161 1396 1214 τοῦ
1425 1160 1670 1230 τεχνίτου
1706 1162 1804 1231 τῆς

207 1242 400 1310 σοφίας
439 1245 540 1315 τὴν
578 1247 781 1302 εἰκόνα·
817 1249 1073 1318 ἐποίησεν
1103 1251 1130 1302 ό
1157 1249 1287 1313 Θεὸς
1319 1247 1472 1320 [450]
1505 1246 1596 1300 καὶ
1627 1247 1684 1300 ἐν
1721 1250 1804 1300 σοὶ

203 1328 312 1382 τῶν
349 1333 634 1404 τεσσάρων
679 1335 959 1404 στοιχείων
1003 1338 1101 1406 τήν
1146 1337 1350 1390 εἰκόνα.
1392 1336 1503 1390 Καὶ
1541 1335 1799 1405 πρόσεχε,

205 1419 528 1486 παρακαλῶ·
553 1421 746 1489 νόησόν
777 1440 865 1492 μοι
891 1423 987 1494 τήν
1017 1424 1256 1494 κεφαλὴν
1285 1423 1490 1494 ταύτην
1518 1423 1608 1476 τὸν
1639 1423 1803 1493 ούρα-

203 1504 291 1556 νὸν
320 1506 415 1557 τὸν
446 1507 579 1571 ἀνω,
615 1509 682 1560 τά
715 1511 901 1563 ἐπάνω
939 1512 1040 1581 τῆς
1070 1511 1342 1581 γλώσσης,
1389 1512 1478 1564 τὸν
1509 1511 1667 1565 ἄλλον
1711 1511 1801 1563 οὑ-

208 1591 390 1662 ρανὸν,
441 1595 690 1648 τουτέστι
731 1597 790 1648 τὸ
827 1598 1137 1668 στερέωμα·
1183 1599 1304 1652 ὅθεν
1345 1599 1440 1652 καί⁵
1476 1599 1800 1669 οὑρανίσκος

204 1683 471 1733 καλεῖται.
511 1683 658 1734 ΙἈνω
700 1685 756 1734 ἐν
784 1688 896 1747 τοῖς
935 1685 1187 1755 ἀοράτοις
1219 1687 1521 1754 ἐγκέφαλος
1558 1687 1630 1756 μὴ
1673 1705 1799 1756 φαι-

202 1769 448 1837 νόμενος,
486 1771 543 1821 ἐν
573 1769 649 1839 τῷ
673 1772 822 1824 κάτω
853 1773 1072 1840 γλῶσσα
1108 1775 1429 1846 φαινομένη.
1469 1776 1676 1847 Ὥσπερ
1705 1773 1800 1829 οὖν

201 1857 230 1908 ό
259 1858 494 1928 οὑρανὸς
522 1861 550 1910 6
584 1860 695 1912 ἀνω
725 1861 781 1911 ἐν
803 1864 911 1924 τοῖς
944 1863 1218 1933 ἀοράτοις,
1252 1867 1278 1917 6
1302 1865 1358 1916 δὲ
1382 1865 1584 1934 κόσμος
1608 1867 1666 1917 ἐν
1688 1868 1799 1928 τοῖς

203 1943 577 2012 λαλουμένοις·
613 1945 708 1998 καὶ
749 1945 938 2018 ῶσπερ
976 1952 1034 2002 ἐν
1072 1953 1184 2013 τοῖς
1212 1952 1494 2020 στοιχείοις
1527 1951 1801 2021 εὑρίσκεις

201 2030 296 2100 τήν
333 2032 438 2100 μὲν
468 2034 573 2102 γῆν
611 2031 855 2102 βαρεῖαν,
878 2037 939 2088 τὸ
969 2037 1024 2088 δὲ
1049 2037 1193 2109 ὕδωρ
1223 2039 1324 2108 τῆς
1355 2041 1452 2108 μὲν
1477 2041 1578 2109 γῆς
1604 2041 1800 2108 κουφόο

202 2135 381 2188 τερον,
412 2117 509 2171 τοῦ
544 2119 601 2171 δὲ
639 2121 808 2188 πυρὸς
841 2122 1160 2194 βαρύτερον·
1201 2125 1361 2178 πάλιν
1399 2126 1490 2178 τὸν
1521 2128 1660 2198 ἀέρα
1691 2128 1799 2181 τῶν

203 2207 410 2260 ὑδάτων
457 2208 804 2279 κουφότερον,
854 2211 948 2263 τοῦ
986 2211 1042 2264 δέ
1080 2213 1249 2283 πυρὸς
1287 2212 1609 2286 βαρύτερον·
1655 2215 1799 2269 οὑτω

201 2297 292 2348 καὶ
348 2299 410 2348 ἐν
459 2297 591 2367 ἡμῖν
622 2298 677 2349 αἱ
712 2298 1014 2368 αἰσθήσεις,
1051 2299 1260 2367 γεῦσις,
1300 2302 1589 2373 ὄσφρησις,
1636 2304 1795 2373 ἀκοὴ,

201 2383 340 2450 δψις,
392 2385 488 2437 καὶ
534 2386 593 2436 οὑ
625 2388 793 2439 πείσαι
846 2388 979 2439 ἴσαι.
1011 2388 1156 2442 Λάϐε
1196 2389 1294 2460 τήν
1326 2391 1620 2457 ἀπόδειξιν·
1671 2393 1798 2446 Ἐἀν

201 2469 360 2541 θέλῃς
386 2472 534 2533 τινὸς
554 2473 875 2538 γεύσασθαι,
909 2475 1004 2526 ἐάν
1030 2475 1102 2545 μὴ
1131 2476 1435 2549 πλησιάζῃς
1458 2482 1522 2548 τῇ
1552 2478 1794 2551 γλώσσῃ,

199 2559 292 2610 τοῦ
339 2560 640 2628 γευομένου
690 2563 750 2612 οὑ
795 2563 1094 2631 λαμϐάνεις
1132 2566 1406 2635 αἴσθησιν.
1439 2569 1645 2636 Παχεῖα
1689 2569 1796 2639 γάρ

200 2648 336 2710 ἐστι,
360 2649 456 2700 καὶ
479 2651 539 2701 οὑ
567 2650 789 2704 δύναται
817 2653 1098 2723 πόρρωθεν
1121 2651 1252 2707 οὖσα
1276 2655 1793 2726 ἀντιλαμϐάνεσθαι.

212 2732 270 2786 ’11
302 2734 572 2807 ὄσφρησις
598 2738 654 2790 δὲ
692 2741 968 2810 μακρόθεν
994 2740 1470 2810 ἀντιλαμϐάνεται·
1499 2737 1630 2808 οἷον,
1665 2761 1798 2814 παρ-

200 2821 338 2892 έρχῃ
389 2824 454 2875 δι’
490 2825 689 2887 οἰκίας,
738 2827 1004 2898 ὀσφραίνῃ
1049 2827 1416 2899 θυμιάματος,
1455 2830 1483 2883 6
1530 2830 1603 2901 μὴ
1642 2833 1794 2901 όρᾷς.

202 2912 373 2964 Πάλιν
407 2914 439 2981 ἡ
474 2912 596 2980 ὄψις
628 2913 732 2982 τῆς
757 2915 1074 2985 ὀσφρήσεως
1106 2920 1400 2989 ταχυτέρα·
1453 2918 1640 2988 βλέπει
1688 2920 1797 2992 γάρ

199 2999 306 3052 ἀπὸ
331 2999 494 3069 ὄρους
527 3000 702 3071 πλάτη
737 3003 968 3071 μεγάλα.
1003 3004 1114 3073 Τῆς
1148 3005 1323 3073 ὅψεως
1359 3007 1522 3059 πάλιν
1547 3006 1798 3078 ὀξύτερος

199 3089 228 3139 6
257 3086 404 3149 νοῦς·
435 3089 609 3140 ἐννοεί
635 3090 882 3159 οὐρανὸν,
909 3091 1035 3160 γῆν,
1059 3091 1353 3154 θάλασσαν,
1386 3093 1480 3145 καὶ
1505 3095 1678 3164 πάντη
1707 3095 1792 3145 εὑ.

201 3174 477 3244 ρίσκεται.

269 3261 370 3314 Διά
416 3261 576 3315 τοῦτο
616 3263 710 3316 καὶ
745 3263 907 3316 εἰκὼν
941 3264 1077 3318 Θεοῦ
1118 3267 1145 3318 6
1177 3265 1322 3329 νοῦς.
1365 3268 1566 3320 Ἐννοεῖ
1593 3269 1621 3319 6
1651 3268 1792 3330 νοῦς,

199 3350 294 3403 καὶ
328 3351 532 3412 εὐθέως
563 3351 736 3415 κτίζει
769 3355 896 3420 παρ’
933 3353 1112 3422 ἐαυτῷ
1147 3355 1374 3424 ἀγορὰς,
1412 3356 1799 3427 ἀναζωγραφεῖ

202 3439 379 3510 ὄχλον,
424 3441 613 3511 δῆμον.
666 3443 995 3495 Λίδεσθῶσιν
1043 3445 1332 3513 αἰρετικοί.
1386 3446 1527 3508 Νοῦς
1576 3447 1798 3497 τοιαῦτα

201 3529 516 3598 ἐργάζεται,
551 3532 644 3582 καὶ
680 3532 706 3582 ὀ
740 3530 831 3582 τοῦ
874 3530 965 3583 νοῦ
1006 3532 1278 3602 τεχνίτης,
1309 3535 1336 3584 6
1373 3534 1552 3603 πάσης
1590 3534 1796 3603 ὀσφρή-

203 3635 342 3680 σεως
377 3617 650 3686 ὀξύτερος,
683 3619 744 3670 οὑ
779 3619 1085 3688 ταχυτέραν
1124 3620 1236 3688 ἔχει
1269 3622 1369 3690 τὴν
1401 3621 1700 3688 ἐνέργειαν,
1736 3622 1798 3673 οὑ

204 3705 472 3774 σύντομον
498 3706 595 3774 τὴν
622 3706 1004 3776 δημιουργίαν,
1037 3707 1136 3758 οὑκ
1171 3706 1554 3776 ἀκατάληπτον
1574 3707 1670 3777 τὴν
1699 3706 1798 3776 φύ-

205 3809 327 3856 σιν;
363 3793 633 3863 Βούλομαι
660 3793 734 3857 δὲ,
773 3793 1011 3862 ἀδελφοὶ,
1043 3796 1218 3846 εἰπεῖν
1264 3795 1339 3856 είς
1377 3795 1519 3864 ὑμᾶς
1552 3795 1613 3845 τὸ
1651 3795 1798 3858 ξένον

206 3881 326 3948 μὲν,
372 3881 496 3931 ὅσον
531 3882 608 3942 είς
652 3881 924 3940 ἀσέϐειαν,
976 3880 1274 3951 σύντροφον
1311 3881 1366 3932 δέ
1405 3882 1504 3951 τῆς
1539 3881 1797 3945 πίστεως,

203 3969 325 4021 ὅσον
357 3971 438 4031 είς
460 3970 724 4035 ἐξέτασιν,
759 3971 843 4023 ἵνα
874 3970 1083 4040 μάθητε
1114 3963 1253 4024 πόσα
1289 3976 1602 4041 καινοτομεῖ
1633 3974 1659 4024 6
1687 3972 1801 4025 διά-

203 4058 379 4119 ϐολος,
409 4058 550 4109 πόσα
572 4059 834 4126 εὑρίσκει,
867 4060 1010 4111 πόσα
1032 4059 1322 4111 ὑποϐάλλει
1345 4062 1456 4122 τοῖς
1482 4062 1796 4130 αἱρετικοῖς,

207 4145 408 4214 μᾶλλον
428 4145 484 4196 δέ
506 4145 698 4214 ἐκείνῳ
731 4147 779 4196 οἱ
810 4147 1094 4216 αἰρετικοί·
1122 4148 1194 4217 Σή
1208 4147 1370 4218 μερόν
1399 4165 1482 4209 τις
1512 4149 1602 4198 ἐπὶ
1629 4148 1800 4214 ἁγίων

204 4222 420 4303 ἀνδρῶν
471 4236 564 4286 καὶ
615 4235 874 4305 Πατέρων
921 4235 1093 4287 ἐλθὼν
1148 4237 1284 4304 πρὸς
1336 4237 1479 4306 ἡμᾶς
1528 4236 1802 4306 αἰρετικὸς

203 4322 356 4389 ἔλεγε
378 4319 563 4390 (λέγω
590 4322 645 4374 δέ
679 4323 765 4374 ἴνα
793 4325 999 4392 μήποτε
1032 4325 1058 4376 6
1095 4323 1249 4389 λόγος
1281 4323 1454 4385 ἄλλως
1490 4323 1798 4386 ἀκουσθείς,

204 4411 382 4472 ἄλλως
415 4410 643 4482 πλήξῃ)·
680 4411 866 4481 Πατὴρ
899 4413 1023 4481 γάρ,
1062 4411 1212 4479 φησὶ,
1251 4412 1346 4463 καὶ
1384 4411 1508 4473 Υἱὸς
1529 4414 1620 4464 καὶ
1649 4412 1802 4478 ἆγιον

205 4498 434 4566 Πνεῦμα
487 4499 586 4566 μία
639 4499 851 4568 θεότης,
921 4502 1017 4568 μία
1068 4499 1315 4569 δύναμις,
1379 4500 1477 4569 μία
1531 4500 1798 4568 βασιλεία.

204 4589 296 4638 Δεῖ
315 4585 393 4642 δὲ,
432 4585 616 4652 φησὶν,
643 4585 984 4654 ἐξαιρεθῆναι
1016 4588 1122 4639 ἀπὸ
1152 4589 1249 4656 τῆς
1277 4587 1454 4656 ψυχῆς
1481 4588 1641 4640 αὑτοῦ
1663 4590 1688 4627 b
1722 4589 1800 4656 (οὐ

207 4675 314 4741 γάρ
344 4673 490 4739 λέγω
523 4672 631 4723 ἀπὸ
661 4671 753 4722 τοῦ
790 4673 1222 4742 θυσιαστηρίου),
1253 4675 1312 4725 τό
1345 4674 1520 4740 λέγειν
1559 4679 1614 4726 ἐν
1649 4677 1805 4737 ἀγια-

209 4761 353 4830 σμῴ.
403 4763 616 4829 Ἄγιος,
670 4761 853 4828 ἅγιος,
905 4759 1071 4828 ἅγιος
1116 4762 1328 4826 Κύριος
1375 4762 1636 4815 Σαϐαὼθ.
1680 4764 1804 4815 Ἐὰν

209 4849 386 4911 τοῦτο,
424 4850 581 4918 φησὶ,
615 4849 688 4918 μή
717 4848 1026 4918 περιέλητε,
1056 4848 1372 4917 Χριστιανοὶ
1403 4849 1501 4899 οὑκ
1532 4852 1675 4902 ἐστέ.
1715 4848 1803 4904 Εἷ-

209 4936 294 4998 δες
317 4936 591 5005 τοσαύτην
615 4936 816 5005 τόλμαν
853 4940 943 4987 καὶ
982 4939 1177 5006 μανίαν
1210 4937 1301 4990 τοῦ
1341 4937 1585 4988 διαϐόλου
1614 4956 1626 5002 ;
1664 4936 1802 5002 εἶδες

215 5027 367 5094 ῥίζαν
442 5025 778 5093 θεομαχίας;
835 5023 972 5089 εἶδες
1041 5029 1348 5098 ὑπερϐολὴν
1416 5027 1799 5098 βλασφημίας;

226 5113 649 5181 ’Λποκεφαλίσαι
697 5115 926 5183 ἠθέλησε
979 5115 1075 5186 τὴν
1131 5118 1429 5174 εὐσέϐειαν,
1470 5117 1801 5185 ἐκνευρῶσαι

213 5204 270 5254 τὸ
329 5204 652 5273 μυστήριον,
704 5204 966 5269 ἀφανίσαι
1015 5205 1110 5275 τὴν
1149 5206 1352 5269 πίστιν,
1397 5205 1691 5275 ἐκριζῶσαι
1736 5207 1803 5257 τὰ

214 5291 634 5360 θεμελιωθέντα.
677 5292 783 5342 Καὶ
810 5291 908 5358 ὅρα
934 5293 994 5343 τὸ
1022 5293 1192 5345 δεινὸν
1222 5293 1316 5345 τοῦ
1344 5294 1606 5345 διαϐόλου·
1639 5294 1804 5363 Προσ-

216 5379 415 5449 έπηξεν
445 5377 596 5447 αὑτῴ
623 5380 812 5431 εἰπεῖν·
849 5381 1036 5450 Πατὴρ
1069 5383 1160 5433 καὶ
1187 5382 1309 5443 Υἱὸς
1339 5381 1429 5434 καὶ
1456 5384 1605 5448 άγιον
1633 5380 1803 5433 Πνεῦ-

276 5645 299 5672 ⁸
331 5645 532 5694 Cosmas
565 5645 699 5693 κάτω
742 5646 934 5696 πέμπει.
965 5642 1092 5691 Infra
1125 5643 1258 5693 idem
1302 5647 1380 5695 διὰ
1404 5647 1550 5696 τοῦτο
1574 5647 1654 5696 οὖν
1696 5665 1798 5695 συν-

218 5708 432 5762 manus.

277 5767 306 5809 δ
326 5771 436 5817 Sav.
463 5769 697 5832 conj.r1726
723 5775 803 5828 τῆς
830 5769 968 5829 εὐχῆς
992 5767 1152 5816 αὑτοῦ.

1229 338 1317 391 DE
1358 338 1580 395 MUNDI
1611 332 2010 392 CREATIONE
2035 337 2298 398 ORATIO
2342 343 2402 397 ΙΙ.

3377 348 3490 402 444

1915 472 2013 523 μα,
2042 456 2138 526 μία
2168 458 2370 524 πίστις,
2409 460 2506 530 μία
2531 459 2779 532 δύναμις,
2817 460 2916 531 μία
2946 461 3210 531 βασιλεία.
3241 463 3499 535 Ἑκέρασε

1909 542 1970 593 τὸ
1998 543 2327 616 δηλητήριον
2361 546 2556 618 μέλιτι.
2593 548 2704 600 Ἀεὶ
2733 548 2842 618 γὰρ
2865 549 2927 601 τὸ
2959 548 3176 618 ψεῦδος,
3212 549 3340 604 ὅταν
3368 551 3498 624 θέλῃ

1909 634 2289 704 πιστευθῆναι,
2327 636 2422 689 ἐάν
2460 637 2533 707 μὴ
2569 637 2717 707 πήξῃ
2765 638 3011 707 θεμέλιον
3049 637 3314 708 δοκούσης
3361 640 3498 711 ἀλη-

1910 719 2082 782 θείας,
2138 722 2199 772 οὑ
2253 723 2589 776 πιστεύεται·
2639 725 2734 777 καὶ
2779 725 2946 790 ὅπως,
2978 726 3163 779 ἄκουε·
3201 726 3351 779 οὐδὲν
3401 727 3500 798 μὲν

1908 807 2114 876 ὅμοιον,
2137 808 2278 877 λέγω
2301 810 2378 862 δέ·
2415 811 2584 865 Ῥαὰϐ
2611 814 2643 882 ή
2667 812 2839 883 πόρνη
2857 813 2944 865 ὅτε
2964 812 3178 876 ἐδέξατο
3193 814 3319 876 τοὺς
3340 832 3502 867 κατα-

1911 897 2163 961 σκόπους,
2206 901 2484 969 ἠρωτήθη·
2517 901 2663 972 [451]
2691 902 2996 968 Εἰσῆλθον
3022 902 3176 968 πρὸς
3203 903 3277 955 σὲ
3307 905 3360 956 οἰ
3395 904 3500 956 ἇν-

1907 984 2078 1051 δρες;
2106 987 2289 1052 Λέγει,
2316 989 2449 1041 Ναί·
2475 989 2536 1041 16
2559 990 2774 1058 πρῶτον
2791 990 3008 1058 ἀληθές·
3038 992 3190 1044 Ἀλλ’
3211 990 3495 1057 ἐξῆλθον,

1909 1072 2078 1142 φησί·
2114 1075 2175 1126 τὸ
2204 1074 2456 1146 δεύτερον
2489 1075 2703 1145 ψεῦδος.
2748 1079 2810 1130 Εἰ
2862 1074 3039 1142 εἶπεν,
3093 1078 3206 1130 Οὑκ
3252 1077 3496 1147 ἐξῆλθον.

1908 1159 2178 1229 ὴρευνᾶτο
2208 1164 2241 1232 ή
2283 1163 2449 1217 οἰκία.
2487 1159 2622 1216 Εἷπε
2656 1164 2717 1217 τὸ
2749 1165 2966 1236 ἀληθὲς,
2998 1167 3083 1218 ῑνα
3113 1165 3368 1236 ἐντρέψῃ·
3402 1166 3500 1218 ἐπ-

1907 1245 2082 1315 ήγαγε
2136 1248 2197 1300 τὸ
2241 1248 2456 1318 ψεῦδος,
2504 1251 2592 1303 ἵνα
2633 1251 2909 1325 ἀπατήσῃ.
2971 1251 3128 1306 Οὕτω
3175 1253 3266 1306 καὶ
3321 1246 3496 1316 οὗτος·

1906 1332 2238 1404 ἐρωτώντων
2265 1337 2444 1407 ήμῶν,
2476 1339 2629 1391 Διατί
2652 1338 2922 1410 ἐξέλωμεν
2948 1340 3042 1392 τὸν
3063 1340 3366 1409 ἀγιασμόν;
3411 1339 3498 1392 λέ-

1905 1435 2029 1487 γετε
2056 1432 2104 1484 ε,
2146 1423 2362 1490 Κύριος
2395 1425 2658 1479 Σαϐαὼθ·
2695 1425 2811 1480 ἀλλ’
2841 1427 2940 1478 οὑκ
2985 1425 3101 1480 ἔστι
3135 1426 3269 1480 Θεοῦ
3304 1427 3495 1497 ὄνομα,

1904 1506 2004 1560 οὑκ
2030 1508 2178 1560 ἐστιν
2209 1509 2332 1562 οὑτε
2359 1511 2452 1564 τοῦ
2483 1513 2741 1581 Χριστοῦ,
2783 1513 2906 1567 οὑτε
2940 1512 3035 1568 τοῦ
3079 1515 3312 1584 Πατρός.
3347 1512 3499 1580 Εἶδες

1903 1593 1963 1646 τὸ
2013 1595 2432 1666 ἐξουθενημένον
2475 1600 2573 1652 καὶ
2623 1601 2819 1671 μιαρὸν
2873 1601 3085 1672 στόμα;
3136 1601 3400 1671 Ἥγνόησε
3440 1602 3497 1655 δὲ

1904 1682 2011 1734 ἀπὸ
2047 1682 2334 1750 ἰδιωτείας,
2367 1686 2447 1738 δτι
2482 1685 2544 1739 τὸ
2573 1686 2800 1740 Σαϐαὼθ
2830 1689 2931 1741 οὑκ
2963 1688 3110 1741 ἐστιν
3139 1688 3308 1758 ὄνομα
3337 1688 3495 1754 Θεοῦ,

1902 1769 2016 1822 ἀλλ’
2065 1770 2234 1840 ὄνομα
2284 1774 2572 1843 στρατιῶν·
2625 1775 2895 1841 τουτέστι,
2942 1775 3150 1846 Κύριος
3197 1774 3304 1827 τῶν
3339 1775 3498 1828 δυνά-

1906 1874 2070 1927 μεων.
2105 1859 2265 1926 Λέγω
2300 1861 2355 1913 δὲ
2385 1861 2477 1913 καὶ
2510 1861 2608 1932 τὴν
2640 1863 2838 1915 αἰτίαν·
2868 1862 3007 1916 ἀλλά
3035 1863 3142 1932 πρὸ
3179 1862 3273 1914 τοῦ
3308 1862 3497 1926 τέλους

1904 1945 2328 2015 εὐαγγελίζομαι
2368 1948 2534 2017 ὑμᾶς·
2570 1949 2884 2021 μετενόησε,
2919 1950 3280 2021 προσέπεσεν,
3310 1949 3498 2003 ἀνεθε-

1905 2032 2153 2103 μάτισεν,
2190 2033 2414 2104 ηὑξατο,
2446 2035 2660 2106 ἐδέχθη.

1973 2127 2034 2170 ε’.
2065 2120 2306 2190 Πρόσεχε
2327 2121 2526 2174 τοίνυν·
2554 2123 2744 2193 ἐπειδὴ
2771 2123 3145 2194 παρενέπεσεν
3163 2122 3192 2174 6
3209 2122 3389 2193 λόγος,
3417 2124 3497 2178 δεῖ

1901 2210 2050 2278 ἡμᾶς
2071 2211 2162 2264 καὶ
2181 2211 2280 2280 τὴν
2303 2211 2480 2266 αἰτίαν
2497 2215 2674 2265 εἰπεῖν
2697 2214 2819 2266 καθ’
2835 2215 2902 2285 ἣν
2923 2217 2951 2268 6
2975 2215 3243 2286 μακάριος
3270 2213 3496 2278 Ἡσαΐας

1900 2297 1992 2347 τὸν
2021 2298 2291 2368 ἀγιασμὸν
2317 2298 2506 2353 τοῦτον
2537 2301 2738 2372 ἢκουσε
2771 2300 2846 2371 τῷ
2875 2301 2996 2372 Θεῷ
3017 2302 3495 2372 ἀναπεμπόμενον·

1911 2382 2142 2449 Ἡσαΐας
2172 2387 2390 2455 ἐγένετο
2416 2388 2555 2458 ἀνὴρ
2577 2387 2912 2456 θαυμαστὸς,
2947 2389 3108 2458 ζήλου
3139 2389 3497 2458 πεπληρωμέ-

1900 2491 2011 2537 νος,
2047 2474 2182 2543 ἁνὴρ
2219 2473 2510 2543 τολμηρὸς,
2542 2475 2814 2544 τολμηρὸς
2848 2475 2902 2528 δὲ
2934 2477 3032 2528 οὑκ
3071 2475 3178 2526 ἀπὸ
3223 2475 3494 2544 θρασύτη-

1898 2577 2011 2622 τος,
2042 2560 2157 2612 ἀλλ*
2186 2560 2294 2613 ἀπὸ
2319 2560 2504 2630 ζήλου.
2537 2561 2694 2612 Κατά
2718 2563 2844 2623 τοὺς
2877 2561 3101 2632 χρόνους
3124 2561 3343 2624 τούτους
3375 2561 3496 2629 ἐγέ-

1899 2664 2021 2699 νετο
2048 2647 2298 2716 βασιλεὺς
2327 2647 2509 2711 Ὀζίας
2546 2647 2795 2717 ὀνόματι·
2823 2648 2881 2710 ὃς
2908 2649 3045 2718 μετά
3073 2649 3174 2718 τῆς
3207 2649 3372 2717 ἄλλης
3396 2649 3494 2719 τῆς

1902 2735 2188 2805 βασιλικῆς
2217 2737 2375 2807 δόξης
2418 2735 2654 2805 ἠθέλησε
2687 2737 2782 2789 καὶ
2813 2736 3114 2807 ἱερωσύνην
3150 2736 3491 2790 ἐνδύσασθαι.

1901 2825 1965 2876 υἰ
2001 2825 2168 2894 ἱερεῖς
2201 2824 2298 2893 μὲν
2328 2823 2427 2894 τὴν
2457 2823 2780 2876 ἀκολουθίαν
2814 2823 3031 2894 ᾔδεσαν·
3068 2822 3280 2892 βασιλεί
3317 2824 3372 2877 δὲ
3404 2826 3496 2876 ἐπὶ

1901 2911 2153 2964 πλεῖστον
2180 2912 2456 2964 ἀντειπεῖν
2481 2911 2580 2963 οὑκ
2601 2910 2892 2981 ἠθέλησαν·
2922 2910 3229 2981 ᾐδέσθησαν
3254 2911 3314 2963 τὸ
3335 2911 3496 2975 ἀξίω-

1905 3017 1999 3068 μα,
2027 2999 2293 3069 ἐτίμησαν
2323 2997 2414 3050 τὸν
2445 2997 2654 3068 θρόνον,
2687 2996 3117 3068 ὲδυσωπήθησαν
3142 2999 3211 3050 τά
3238 2998 3497 3070 στρατεύ-

1904 3103 2071 3157 ματα.
2105 3088 2333 3148 Ἦσαῖας
2360 3086 2454 3138 καί⁵
2477 3087 2639 3147 αὐτὸς
2673 3086 3002 3155 ἐσιώπησεν,
3026 3087 3124 3139 οὑκ
3157 3087 3388 3156 ἀντέστη
3418 3085 3496 3156 τῷ

1903 3175 2131 3243 βασιλεῖ.
2177 3174 2263 3235 Ὠς
2300 3167 2438 3224 εἶδεν
2467 3174 2495 3224 6
2522 3172 2654 3234 Θεὸς
2679 3173 2805 3233 τοὺς
2833 3174 2998 3242 ἰερεῖς
3026 3172 3380 3242 φοϐηθέντας,
3405 3172 3495 3226 τὸν

1901 3262 2188 3331 προφήτην
2222 3259 2560 3323 όκλάσαντα,
2601 3261 2695 3312 καὶ
2726 3258 2817 3311 τὸν
2859 3259 3083 3327 βασιλέα
3128 3259 3494 3330 τολμήσαντα,

1901 3348 2163 3401 ἐπέϐαλεν
2206 3347 2355 3417 αὑτῷ
2387 3347 2597 3418 λέπραν
2641 3348 2700 3399 ἐν
2741 3345 2820 3416 τῷ
2851 3345 3148 3417 προσώπῳ,
3189 3348 3263 3410 ώς
3290 3349 3490 3418 τολμή-

1905 3455 2058 3489 σαντι
2102 3435 2342 3503 ἅψασθαι
2379 3433 2490 3487 τῶν
2529 3436 2721 3502 ἁγίων·
2771 3434 2865 3486 καὶ
2904 3433 3166 3503 ἐξεϐλήθη
3205 3434 3389 3487 λοιπὸν
3433 3437 3493 3487 οὑ

1907 3526 2065 3596 μόνον
2109 3524 2209 3592 τῆς
2250 3521 2571 3593 ἱερωσύνης,
2609 3522 2746 3575 ἀλλά
2785 3521 2877 3574 καί⁹
2916 3522 3015 3590 τῆς
3065 3521 3361 3589 βασιλείας,
3401 3524 3496 3575 καί⁸

1902 3613 2118 3683 διέμενε
2161 3611 2380 3681 λεπρός.
2430 3609 2487 3663 '0
2542 3611 2598 3663 δὲ
2655 3611 2789 3674 Θεὸς
2835 3606 3060 3677 ἐποίησε
3104 3610 3201 3678 μὲν
3242 3610 3302 3663 16
3343 3610 3494 3672 ἴδιον,

1904 3703 2200 3769 ἠγανάκτει
2231 3700 2286 3752 δὲ
2309 3707 2422 3766 τοῖς
2453 3699 2678 3771 ἱερεῦσι,
2716 3699 2810 3754 καὶ
2848 3701 3084 3770 μάλιστα
3112 3699 3189 3770 τῷ
3218 3700 3493 3770 προφήτῃ,

1903 3788 1982 3840 ὅτι
2014 3788 2206 3859 παρὼν
2240 3789 2518 3862 προέδωκε
2547 3787 2644 3857 τὴν
2681 3786 2982 3841 εὐσέϐειαν.
3013 3783 3122 3840 Ἦν
3169 3781 3260 3838 οὖν
3299 3787 3326 3836 6
3366 3785 3498 3844 Θεὸς

1903 3879 1960 3929 ἐν
2021 3882 2440 3947 παρασιωπήσει
2490 3877 2622 3946 πρὸς
2664 3877 2755 3928 τὸν
2789 3878 3096 3947 προφήτην,
3136 3875 3228 3926 καὶ
3266 3873 3324 3925 οὑ
3371 3888 3498 3942 μετ-

1905 3965 2073 4018 έδωκε
2115 3966 2326 4032 λόγους,
2364 3967 2469 4029 ἓως
2510 3964 2864 4032 ἐτελεύτησεν
2903 3967 2930 4016 6
2970 3964 3306 4033 παράνομος.
3363 3961 3494 4012 ’Ότε

1903 4053 2086 4106 λοιπὸν
2117 4055 2388 4107 ἀπέθανεν
2419 4057 2446 4106 6
2480 4052 2702 4119 ἀσεϐὴς,
2732 4052 2852 4103 τότε
2886 4053 2913 4103 6
2943 4050 3074 4112 Θεὸς
3100 4049 3126 4086 ιι
3160 4047 3496 4116 ἀ.ιοθέμενος

1903 4141 2000 4210 τὴν
2035 4142 2431 4211 ἀγανάκτησιν,
2480 4139 2859 4192 διαλλάσσεται
2897 4135 2975 4206 τῷ
3019 4136 3295 4207 προφήτῃ.
3331 4136 3495 4200 Λέγει

1903 4231 2081 4282 τοίνυν
2112 4232 2361 4293 Ἡσαΐας·
2395 4229 2504 4284 Καὶ
2531 4228 2769 4298 ἐγένετο
2809 4227 2876 4279 ὲν
2905 4224 2984 4292 τῷ
3005 4222 3279 4288 ἐνιαυτῷ,
3308 4217 3355 4288 ᾧ
3387 4224 3498 4276 ὰπ-

1903 4318 2120 4371 ἐθανεν
2157 4318 2338 4384 Ὀζῖας
2365 4321 2397 4371 ό
2426 4316 2751 4382 βασιλεὺς,
2784 4311 2946 4368 εἶδον
2974 4313 3080 4366 τὸν
3109 4314 3329 4378 Κύριον
3365 4315 3495 4364 καθ-

1904 4406 2130 4474 ήμενον
2180 4405 2276 4457 ἐπὶ
2325 4406 2542 4472 θρόνου
2586 4401 2832 4470 ὑψηλοῦ
2861 4401 2958 4455 καὶ
2984 4399 3344 4467 ἐπηρμένου.
3387 4397 3495 4448 Καὶ

1905 4494 2044 4548 διατί
2080 4494 2213 4556 Θεὸς
2242 4493 2488 4562 ἐπεφάνη
2525 4493 2617 4544 ἐπὶ
2651 4491 2839 4560 θρόνου
2877 4485 3083 4555 ὑψηλοῦ
3119 4485 3212 4535 καὶ
3246 4482 3493 4552 ἐπηρμέ-

1905 4603 2032 4650 νου;
2080 4585 2298 4655 Ἐπειδὴ
2334 4585 2563 4654 ἀόρατός
2605 4585 2753 4633 ἐστιν
2797 4581 2824 4631 6
2872 4577 3024 4640 Θεὸς,
3072 4576 3100 4626 6
3137 4575 3192 4626 δὲ
3243 4573 3497 4642 βασιλεὺς

1906 4675 2181 4744 ὁρώμενος
2217 4673 2382 4740 φόϐον
2416 4671 2560 4739 ἔσχε,
2605 4669 2844 4720 δείκνυσι
2882 4662 2962 4732 τῷ
2990 4662 3244 4732 προφήτῃ
3271 4660 3371 4730 τήν
3401 4661 3494 4713 οὑ-

1910 4764 2089 4834 ράνιον
2115 4761 2292 4824 δόξαν,
2322 4761 2409 4811 ἵνα
2442 4758 2604 4825 πείσῃ
2635 4753 2796 4806 αὑτὸν
2827 4751 2977 4804 ποίου
3007 4750 3198 4820 θρόνου
3231 4764 3497 4817 καταφρο-

1908 4851 2193 4918 νήσαντες,
2230 4849 2380 4897 ποῖον
2410 4844 2597 4913 θρόνον
2625 4841 2913 4910 ἐτίμησαν·
2958 4842 3118 4890 ποίαν
3144 4837 3492 4908 δορυφορίαν,

1906 4938 2156 5004 οὐράνιον
2182 4934 2275 4986 καὶ
2305 4931 2623 4999 ἀγγελικὴν,
2664 4929 2739 4999 μὴ
2760 4929 3114 4997 τιμήσαντες,
3149 4924 3284 4995 μηδέ
3314 4926 3498 4993 ἐννοή-

1910 5041 2119 5086 σαντες,
2161 5020 2489 5090 δορυφορίαν
2525 5018 2872 5087 ἀνθρωπίνην
2904 5015 3352 5084 ἐδυσωπήθησαν.
3384 5013 3494 5066 Καὶ

1906 5109 2003 5178 ἦν,
2036 5111 2219 5180 φησὶν,
2245 5108 2487 5175 πλήρης
2517 5109 2549 5160 ὀ
2585 5102 2748 5170 οἰκος
2789 5103 2897 5171 τῆς
2934 5101 3122 5169 δόξης
3154 5102 3362 5164 αὑτοῦ,
3397 5101 3494 5153 καὶ

1909 5202 1977 5252 τὰ
2025 5199 2318 5267 Σεραφείμ
2355 5195 2743 5260 είστὴκεισαν
2784 5195 2987 5254 κύκλῳ
3023 5191 3231 5244 αὑτοῦ.
3275 5190 3355 5241 Τὰ
3393 5191 3496 5241 Xe-

1909 5289 2137 5356 ρουϐεὶμ
2197 5286 2384 5355 θρόνος
2431 5283 2568 5348 ἐστὶ,
2626 5282 2694 5335 τὰ
2744 5279 3023 5351 Σεραφεὶμ
3072 5278 3388 5348 δορυφορία·
3428 5275 3496 5327 τα

1908 5374 2220 5445 Χερουϐεὶμ
2251 5374 2358 5444 γὰρ
2389 5373 2539 5426 οὐδὲν
2569 5371 2696 5424 ἄλλο
2724 5367 3108 5440 ἑρμηνεύεται,
3147 5366 3178 5436 ἢ
3210 5364 3370 5433 σοφία
3398 5379 3495 5413 πε-

1972 5524 1995 5553 ⁶
2024 5521 2107 5586 Sic
2153 5521 2417 5571 Vaticanus
2456 5527 2597 5586 [cete
2643 5541 2653 5568 :
2704 5518 2852 5586 quil:
2901 5522 2955 5564 et
2999 5512 3493 5586 (ἶριηὸεβς.υε).εγεν,

1909 5587 1979 5630 ὅτι
2027 5585 2172 5631 ἄλλου
2223 5587 2323 5632 ἐστὶ
2367 5583 2491 5631 Θεοῦ
2518 5586 2683 5645 ὄνομα·
2715 5582 2802 5629 οὑκ
2828 5582 2956 5628 ἔστιν
2996 5578 3121 5634 οὑτε,
3146 5581 3240 5621 elc.
3268 5573 3372 5622 Vox
3397 5575 3497 5621 ἐλε·

1908 5642 2773 5707 γενιυιτιηιρει-ιυτὴοιεειιιρὴιὶοῐη.
3055 5697 3084 5707 η
3293 5703 3299 5707 ,
3372 5698 3378 5705 .
3451 5699 3457 5706 .

1914 5697 1926 5808 i'
1973 5707 2000 5778 «ξ
2025 5708 2109 5754 His
2132 5697 2290 5760 uﬂ'mia
2317 5709 2439 5762 dicit
2478 5709 2857 5770 Chrysostomus
2880 5713 3027 5764 Supra
3051 5697 3416 5749 Commentario
3447 5699 3497 5750 in

1936 5782 2095 5808 '.;Il.Hll,

1914 5782 2097 5818 L—‘JlJlll.
