3984 6476
448 393 562 447 445
596 428 608 444 .

445 494 808 570 πληρωμένη.
845 498 1059 571 Ὠσπερ
1083 499 1139 553 δὲ
1169 494 1324 564 οὗτος
1350 501 1379 555 ό
1404 500 1595 572 θρόνος
1624 499 1659 572 ἡ
1686 499 1877 573 ἕτερος
1901 503 2037 557 ἀνα-

442 591 611 645 παύει
642 587 737 641 τὸν
780 589 1109 659 καθήμενον,
1147 590 1241 643 καί
1271 592 1389 644 ἐστι
1422 590 1558 661 τιμὴ
1586 590 1681 644 καί⁵
1707 590 2035 652 ἀνάπαυσις,

444 674 589 729 οὕτω
628 675 723 727 καὶ
763 673 899 727 Θεοῦ
953 675 1140 745 θρόνος
1190 678 1372 746 σοφία,
1421 671 1575 751 ὲφ’ᾖ
1626 674 2039 729 ὲπαναπαύεται

447 762 600 825 Θτός.
646 760 746 814 Διά
781 761 932 833 [452]
955 762 1160 817 τοῦτοό
1188 764 1350 818 Δαυῖδ
1376 780 1562 833 φησιν·
1603 763 1657 816 Ὀ
1698 761 2039 831 καθήμενος

447 849 547 903 ἐπὶ
572 848 691 902 τῶν
709 850 1051 929 Χερουϐεὶμ,
1074 852 1195 905 ἀντὶ
1222 851 1338 916 τοῦ,
1355 850 1413 905 Ὀ
1432 851 1525 905 ἐπὶ
1545 850 1643 921 τῆς
1673 847 2042 919 πεπληρωμέ-

449 957 549 1011 νης
578 939 770 1009 σοφίας
799 941 1307 1013 ἐπαναπαυόμενος.
1332 940 1434 996 Διὰ
1453 940 1611 994 τοῦτο
1639 938 1710 992 τὰ
1730 936 2041 1009 Χερουϐεὶμ

450 1026 633 1097 πλήρη
672 1025 987 1096 ὁ(Ροιιλιιιῶν,
1032 1028 1101 1081 τὰ
1131 1028 1298 1091 νῶτα,
1337 1028 1438 1099 τὴν
1484 1026 1748 1097 κεφαλὴν,
1784 1024 1883 1087 τὰς
1910 1022 2042 1075 πτέ-

451 1128 645 1182 ρυγας.
689 1113 816 1175 τοὺς
850 1112 1039 1176 πόδας,
1069 1112 1139 1165 τὰ
1170 1112 1363 1184 στήθη,
1399 1114 1493 1167 καὶ
1532 1114 1711 1167 πάντα
1748 1108 2041 1179 ὀφθαλμῶν

450 1198 829 1271 ἐπεπλήρωτο,
874 1198 1063 1271 ἐπειδὴ
1119 1202 1153 1271 ἡ
1211 1201 1373 1269 σοφία
1438 1199 1776 1270 πανταχόθεν
1829 1197 2039 1268 βλέπει,

452 1286 790 1357 πανταχόθεν
835 1287 1182 1358 ἠνεῳγμένον
1236 1288 1351 1359 ἔχει
1390 1288 1450 1341 τὸ
1496 1287 1671 1358 ὄμμα.
1721 1286 1852 1350 Ἓξ,
1883 1283 2039 1354 φησὶ.

451 1375 741 1445 πτέρυγες
790 1373 871 1441 τῷ
911 1375 1024 1441 ἑνί,
1065 1376 1163 1430 καὶ
1214 1376 1283 1441 ἐξ
1325 1376 1615 1445 πτέρυγες
1658 1374 1737 1440 τῷ
1779 1373 1893 1427 ἐνί.
1929 1371 2043 1425 Καὶ

452 1461 581 1528 ταῖς
619 1462 738 1531 μὲν
764 1462 909 1516 δυσί
956 1465 1417 1519 κατεκάλυπτον
1457 1464 1522 1517 τό
1562 1463 1910 1530 πρόσωπον,
1944 1458 2043 1513 καί

451 1548 582 1614 ταῖς
613 1548 755 1604 δυσί
789 1550 934 1617 τοὺς
969 1551 1181 1618 πόδας,
1230 1550 1359 1618 ταῖς
1407 1550 1478 1604 δέ
1511 1550 1697 1604 δυσὶν
1736 1547 2039 1601 ἐπέτοντο.

452 1636 564 1690 Kal
596 1636 926 1708 ἐκέκραγον
963 1638 1167 1707 ἔτερος
1202 1639 1352 1707 πρὸς
1398 1637 1506 1692 τόν
1547 1637 1771 1704 ἕτερον·
1820 1635 2041 1703 Ἄγιος.

451 1724 638 1795 ἅγιος,
694 1725 861 1795 ἅγιος
922 1727 1140 1794 Κύριος
1195 1726 1461 1791 Σαϐαὼθ,
1514 1724 1781 1788 τουτέστι,
1838 1721 2045 1793 Κύριος

454 1812 744 1883 στρατιῶν.
784 1813 888 1877 Ἓξ
921 1814 1213 1884 πτέρυγες
1255 1813 1335 1879 τῷ
1364 1814 1479 1878 ἐνὶ,
1527 1812 1626 1866 καὶ
1660 1811 1729 1874 ἒξ
1755 1810 2047 1877 πτέρυγες

451 1898 535 1964 τῷ
569 1899 682 1953 ἐνί.
725 1899 899 1954 Ὀκτὼ
942 1900 1297 1971 ἡσυχάζουσι,
1331 1901 1424 1953 καὶ
1455 1899 1719 1969 τέσσαρες
1755 1896 1941 1967 βοῶσι.
1980 1894 2046 1947 Τι’

451 1983 547 2041 οὖν
570 1986 813 2041 διδάσκει
848 1989 996 2057 ἡμᾶς
1031 1991 1062 2057 ἡ
1102 1989 1329 2058 Γραφὴ;
1362 1987 1453 2057 Μὴ
1483 1986 1659 2039 πάντα
1692 1986 1862 2037 κινεῖν
1898 1983 2047 2051 λογι-

455 2076 592 2147 σμὸν
623 2076 754 2147 περὶ
782 2076 939 2130 Θεοῦ·
971 2077 1107 2130 ἀλλὰ
1149 2076 1216 2129 τὰ
1258 2076 1356 2146 μὲν
1410 2077 1586 2144 σιωπῇ
1625 2072 1938 2143 κηρύττειν,
1980 2070 2051 2123 τά

453 2164 512 2218 δὲ
536 2163 717 2217 πίστει
743 2164 985 2229 δοξάζειν
1015 2165 1105 2217 καὶ
1137 2164 1427 2231 θεολογεῖν.
1461 2161 1611 2214 Διατί
1633 2160 1689 2213 δὲ
1717 2160 2049 2223 σκεπάζουσι

454 2252 582 2314 τοὺς
604 2251 769 2315 πόδας
798 2254 891 2304 καὶ
916 2251 1015 2322 τὴν
1051 2250 1321 2319 κεφαλήν;
1371 2247 1590 2318 Ἐπειδὴ
1621 2245 1743 2299 οὕτε
1774 2245 1917 2317 ἀρχὴ
1948 2246 2052 2298 εὑ-

460 2338 729 2409 ρίσκεται,
772 2339 895 2391 οὑτε
938 2339 1114 2401 τέλος.
1165 2340 1299 2400 Ταῖς
1336 2336 1393 2389 δὲ
1433 2335 1552 2389 δυσὶ
1585 2333 1919 2387 καλύπτουσι
1952 2332 2050 2403 τὴν

458 2425 723 2494 κεφαλὴν,
750 2428 869 2489 ταῖς
889 2427 1047 2480 δυσὶα
1078 2424 1203 2487 τοὺς
1226 2424 1409 2489 πόδας,
1442 2422 1684 2491 δηλονότι
1708 2423 1828 2483 ταῖς
1857 2420 2053 2490 μέσαις

459 2514 688 2585 πτέρυξι
715 2514 990 2579 πέτονται,
1022 2514 1082 2567 οὐ
1110 2516 1231 2576 ταῖς
1252 2513 1386 2574 ἄνω,
1414 2512 1473 2564 οὑ
1500 2514 1621 2573 ταῖς
1645 2510 1815 2562 κάτω.
1836 2510 1927 2561 Δεῖ
1946 2508 2052 2577 γὰρ

458 2601 607 2670 ἡμᾶς
637 2601 763 2672 περὶ
792 2601 926 2667 Θεοῦ
961 2600 1256 2662 λαλοῦντας
1284 2599 1354 2653 τά
1388 2600 1529 2670 μέσα
1556 2598 1756 2650 λαλεῖν·
1789 2599 1872 2651 ὅτι
1898 2596 2048 2661 Θεὸς,

460 2688 543 2742 ὅτι
570 2688 936 2759 Δημιουργδς,
976 2689 1057 2740 ὅτι
1092 2686 1393 2756 Δεσπότης,
1413 2686 1493 2738 ὅτι
1520 2684 1837 2754 εὐεργέτης.
1868 2681 2053 2735 Ταῦτα

462 2775 643 2829 πάντα
667 2775 831 2846 μέσα.
864 2775 989 2828 Ἐὰν
1014 2776 1199 2845 είπῃς,
1220 2774 1345 2837 Πῶς
1367 2773 1625 2843 ἐγέννησε
1650 2789 1665 2837 ;
1687 2771 1786 2841 τὴν
1808 2770 2053 2841 κεφαλὴν

462 2860 810 2931 ὲγύμνωσας,
842 2864 908 2933 ἢν
938 2862 1130 2913 σκέπει
1160 2862 1227 2913 τὰ
1256 2860 1586 2931 Χερουδείμ.
1633 2859 1759 2911 Ἐὰν
1784 2858 1841 2910 δὲ
1869 2858 2050 2927 εἴπῃς,

462 2948 575 3003 Ποῦ
608 2948 671 3002 τὸ
719 2948 871 3012 τέλος
918 2948 1012 3002 τοῦ
1061 2948 1228 3013 Θεοῦ;
1279 2948 1404 3010 τοὺς
1455 2946 1619 3009 πόδας
1666 2947 1910 3015 γυμνοῖς,
1960 2944 2055 3006 οὓς

466 3038 657 3091 σκέπει
706 3037 772 3090 τὰ
811 3036 1144 3108 Χερουϐείμ.
1180 3036 1382 3089 Σκέπει
1423 3035 1479 3087 δὲ
1523 3035 1622 3102 τὴν
1671 3033 1913 3101 κεφαλὴν
1960 3030 2055 3084 καὶ

461 3126 590 3189 τοὺς
641 3125 827 3189 πόδας,
881 3126 980 3195 οὑχ
1036 3126 1123 3178 ἴνα
1167 3123 1372 3196 κρύψῃ,
1432 3122 1668 3176 ἀλλ’ἵνα
1719 3119 1927 3192 διδάξῃ,
1970 3120 2053 3171 δτι

464 3211 883 3283 ἀνεξερεύνητα,
910 3213 991 3264 ὅτι
1021 3211 1401 3281 ἀκατάληπτα.
1445 3211 1590 3264 Λάϐε
1616 3211 1712 3263 καὶ
1742 3210 1830 3262 τὸν
1862 3208 2050 3262 τύπον.

464 3295 646 3353 Ἦσαν
677 3298 735 3365 ἒξ
762 3299 855 3352 καὶ
878 3298 961 3365 ἓξ,
982 3298 1191 3352 δώδεκα
1214 3299 1505 3370 πτέρυγες·
1530 3298 1674 3351 ὀκτὼ
1701 3295 2054 3368 ἡσυχάζουσι,

466 3389 563 3441 καὶ
590 3388 858 3458 τέσσαρες
892 3387 1189 3442 κινοῦνται.
1233 3386 1415 3451 Τύπος
1450 3387 1557 3440 τῶν
1586 3386 1920 3440 ἀποστόλων.
1942 3385 2056 3438 Δώ-

464 3477 599 3530 δεκα
626 3476 933 3539 ἀπόστολοι,
964 3476 1100 3529 ἀλλά
1136 3475 1399 3546 τέσσαρες
1424 3474 1622 3543 βοῶσιν
1652 3472 2053 3541 εὑαγγελισταί.

466 3564 579 3617 Καὶ
604 3563 658 3615 τί
690 3563 885 3633 βοῶσιν
907 3582 921 3629 ;
950 3565 1054 3616 Ἦν
1083 3562 1413 3615 ἐσπούδασεν
1436 3564 1464 3615 ό
1489 3563 1735 3622 Σατανᾶς
1756 3558 2057 3629 ἀνατρέψαι

468 3653 673 3722 φωνήν.
714 3654 974 3721 Πρόσεχε,
1009 3650 1335 3721 παρακαλῶ·
1366 3650 1478 3719 Οὐχ
1517 3649 1701 3711 ἁπλῶς
1740 3648 1945 3715 ἔλεγον,
1983 3648 2059 3710 ὡς

466 3741 648 3809 ἡμεῖς·
686 3738 899 3807 Ἄγιος,
947 3738 1135 3807 ἅγιος,
1176 3736 1363 3805 ἅγιος·
1411 3734 1546 3788 ἀλλὰ
1586 3731 1666 3798 εἷς
1708 3733 1785 3803 τῷ
1824 3734 1905 3787 ἐνὶ
1942 3734 2059 3787 ἀντ-

470 3826 759 3899 έϐαλ[λ]ον,
777 3828 851 3889 ὡς
870 3826 1197 3896 γέγραπται·
1219 3825 1326 3880 Kal
1350 3824 1676 3893 ἐκέκραγυν
1699 3823 1900 3891 ἔτερος
1911 3821 2061 3889 πρὸς

469 3917 578 3970 τὸν
607 3914 832 3982 ἕτερον.
876 3915 1087 3981 Ἄγιος,
1134 3914 1317 3983 φησὶν,
1364 3912 1511 3977 ama
1543 3910 1830 3981 ὀφείλομεν
1864 3911 2058 3963 εἰπεῖν.

482 4006 542 4057 '0
563 4003 719 4065 ἄλλος
744 4003 913 4071 λέγει·
940 4004 1145 4070 Ἄγιος·
1179 3997 1295 4053 εἶτα
1318 4000 1346 4052 ό
1370 4000 1577 4066 ἔτερος,
1606 3998 1838 4069 πρόσθες
1859 3997 1921 4050 τὸ
1944 3996 2061 4067 τρί-

468 4111 580 4158 τον,
611 4094 819 4159 Ἃγιος.
859 4091 1012 4144 Ἐπεὶ
1044 4087 1136 4143 οὖν
1165 4089 1290 4159 τρία
1334 4089 1744 4158 ἡριομὴσαμεν,
1797 4086 1871 4156 μὴ
1910 4084 2063 4154 νομί-

473 4199 572 4254 σῃς
602 4177 742 4234 εἶναι
775 4183 927 4251 τρεῖς
954 4178 1130 4241 θεούς.
1168 4178 1232 4230 Τί
1274 4173 1387 4240 οὑν,
1433 4178 1645 4244 Ἄγιος,
1675 4176 1863 4245 ἅγιος,
1896 4173 2063 4243 ἅγιος

473 4273 725 4338 Κύριος-ς
771 4265 864 4332 Εἷς
900 4268 1007 4336 γάρ
1034 4268 1257 4337 Κύριος,
1298 4268 1396 4335 μία
1434 4265 1635 4327 πίστις,
1668 4264 1725 4316 ἒν
1757 4264 2059 4333 βάπτισμα.

475 4358 587 4412 Καὶ
616 4356 806 4427 ὥσπερ
835 4359 891 4409 ὲν
912 4359 1033 4417 ταῖς
1066 4354 1405 4423 ψαλμῳδίαις
1441 4352 1873 4421 ἀντιπέμπουσιν
1899 4351 2063 4421 άλλὴ-

475 4447 589 4507 λοις
622 4446 691 4499 τά
719 4446 878 4515 μέλη,
905 4442 1079 4505 οὑτως
1109 4443 1164 4494 αἱ
1196 4443 1307 4495 ἄνω
1344 4439 1601 4508 δυνάμεις
1624 4438 2063 4508 ἀντιχορεύουσιν

475 4533 754 4605 ἀλλήλαις,
784 4532 877 4586 καὶ
905 4530 1095 4601 ὥσπερ
1122 4530 1178 4595 ἐξ
1207 4526 1506 4597 ἁντιφώνου
1534 4525 1797 4596 μελῳδίας
1824 4525 2064 4595 ἀναπέμ-

480 4640 641 4676 πουσι
692 4620 790 4691 τὴν
829 4619 1159 4686 δοξολογίαν.
1198 4612 1354 4677 Εἶτα,
1392 4614 1655 4683 Πλιὶρης,
1691 4614 1875 4681 φησὶν,
1910 4616 1942 4666 ό
1978 4610 2063 4667 οἷ-

480 4726 587 4773 κος
623 4708 735 4776 τῆς
761 4708 949 4775 δόξης
982 4707 1184 4761 αὐτοῦ.
1222 4705 1331 4760 Kal
1361 4703 1593 4771 ἐπήρθη
1637 4702 1699 4754 τὸ
1729 4701 2064 4770 ὑπέρθυρον

477 4795 599 4850 ἀπὸ
649 4794 760 4863 τῆς
818 4793 1080 4862 κραυγῆς
1132 4790 1208 4864 ἧς
1246 4793 1595 4861 έκέκραγον,
1654 4788 1753 4842 καί
1811 4793 1843 4843 o'
1902 4786 2064 4855 οἶκος

476 4882 794 4953 ἐπληρώθη
825 4884 1081 4937 καπνοῦ.

555 4980 630 5037 ς’.
681 4973 841 5027 Ξένον
896 4974 1167 5043 πρᾶγμαὲ
1204 4972 1337 5025 Ἀπὸ
1388 4971 1491 5042 τῆς
1554 4972 1882 5041 δοξολογίας,
1948 4969 2065 5023 δέον

480 5060 846 5131 προστεθῆναι
872 5061 1048 5126 δόξαν,
1086 5061 1233 5131 καὶὴ
1267 5056 1401 5113 οὖσα
1429 5060 1701 5125 ἀπώλετο,
1733 5062 1827 5114 καὶ
1860 5058 2066 5120 καπνὸς

481 5146 716 5219 εἰσῆλθε.
740 5148 960 5211 Καπνὸς
984 5149 1061 5214 δὲ,
1082 5133 1313 5219 ἐρημίας
1348 5148 1495 5201 ἐστὶν
1525 5148 1710 5202 εἰκών.
1741 5148 1806 5202 Τί
1834 5143 1927 5201 οὖν
1951 5150 2067 5201 ἐστι

481 5234 674 5302 τοῦτο;
701 5235 932 5307 Προῄδει
966 5236 1025 5288 τὸ
1058 5236 1284 5305 Πνεῦμα
1325 5236 1385 5289 τὸ
1418 5236 1594 5305 ἆγιον,
1625 5237 1707 5289 ὃτι
1740 5235 1820 5300 τὸ,
1851 5237 2065 5304 Ἄγιος,

482 5327 670 5394 ἅγιος,
722 5324 909 5394 ἅγιος,
959 5326 1228 5395 ἥρμοσται
1270 5325 1347 5395 τῷ
1388 5327 1600 5397 κόσμῳ,
1634 5325 1711 5395 τῷ
1753 5324 2068 5396 κηρύγματι

480 5414 590 5467 τῶν
630 5412 967 5474 ἀποστόλων,
1003 5412 1097 5463 καὶ
1122 5412 1181 5463 οὑ
1207 5410 1421 5480 δέχεται
1451 5414 1583 5466 αὑτὸ
1611 5417 1639 5467 ὁ
1666 5414 1792 5477 ναὸς
1816 5414 1926 5467 τῶν
1942 5413 2069 5465 Ἰου-

483 5503 668 5557 δαίων.
702 5502 862 5570 Λέγει
890 5496 1001 5565 οῦν,
1032 5502 1113 5553 ὃτι
1142 5500 1278 5570 μετά
1309 5500 1369 5552 τὸ
1400 5502 1661 5571 κήρυγμα
1694 5502 1787 5555 τοῦ
1821 5502 2068 5570 Εὑαγγε-

483 5591 599 5643 λίου
656 5589 889 5661 ἐρημίας
940 5588 1033 5642 καὶ
1066 5587 1273 5640 καπνοῦ
1327 5587 1628 5655 πληροῦται
1683 5590 1716 5657 ἡ
1758 5589 2067 5659 συναγωγή.

496 5678 743 5749 Ἐπήρθη
781 5677 837 5730 δὲ
874 5677 971 5747 οὑχ
1011 5677 1045 5747 ἡ
1080 5674 1237 5747 θύρα,
1270 5674 1410 5727 ἀλλὰ
1434 5674 1495 5727 τὸ
1529 5674 1853 5747 ὑπέρθυρον.
1898 5676 2071 5747 1190's..

547 5834 564 5858 ⁸
590 5836 703 5885 Sav.
728 5835 810 5884 καὶ
832 5834 933 5893 ταῖς
956 5833 1037 5895 μὶν
1062 5833 1223 5884 δνσὶ...
1253 5832 1354 5889 ταῖς
1378 5832 1427 5880 5';
1447 5833 1568 5879 ευσι,

1920 379 2295 439 SEVERIANI

3628 394 3751 448 44ίὶ

2142 514 2256 569 εχε·
2292 498 2452 554 Πᾶσα
2484 497 2624 571 θύρα
2657 499 2810 555 οὑδὸν
2848 498 3206 571 ὑποκείμενον
3238 498 3371 569 ἔχει,
3424 496 3519 551 καὶ
3561 498 3742 570 ὑπέρ-

2141 587 2305 657 θυρον
2339 584 2494 657 [4551
2544 587 2893 657 ἐπικείμενον
2939 588 3060 650 ταῖς
3103 586 3436 657 παραστάσι·
3479 586 3576 640 καὶ
3608 586 3743 641 οὔτε

2142 674 2335 744 στῆναι
2364 673 2619 728 δύνανται
2651 674 3001 746 παραστάδες
3043 675 3118 745 μὴ
3157 674 3375 745 ἔχουσαι
3405 673 3579 738 οὐδὸν,
3614 674 3745 729 οὐδὲ

2143 760 2503 833 στηριχθῆναι
2558 761 2844 815 ἀσάλευτοι
2893 760 3147 815 δύνανται
3212 762 3287 833 μὴ
3348 759 3616 815 λαϐοῦσαι
3678 761 3745 814 τὺ

2142 848 2472 920 ὑπέρθυρον.
2516 849 2761 919 Ἐπήρθη
2786 844 2880 902 οὖν
2902 849 3003 920 τῆς
3028 849 3348 917 συναγωγῆς
3377 848 3436 901 τδ
3460 850 3573 903 ἅνω
3605 848 3745 918 σκῆ⁴

2146 953 2242 1006 μα·
2287 937 2385 1007 οὑχ
2427 937 2522 1007 ὅλη
2576 936 2675 1007 μὲν
2726 939 2759 1008 ἡ
2804 936 3116 1007 συναγωγὴ,
3164 935 3335 1007 θύρας
3376 935 3475 1005 μὲν
3511 935 3743 1005 ἔχουσα.

2144 1022 2450 1094 ὑπέρθυρον
2475 1024 2532 1076 δὲ
2563 1024 2664 1077 οὑκ
2688 1023 2905 1095 ἔχουσα.
2944 1024 3016 1077 Τὸ
3044 1023 3351 1094 ὑπέρθυρόν
3383 1024 3529 1076 ἐστιν
3564 1025 3599 1093 ἡ
3625 1023 3751 1077 ἄνω

2143 1109 2422 1179 κρατοῦσα
2442 1110 2687 1180 δύναμις.
2728 1112 2863 1181 Ἐπὴ
2875 1112 2973 1182 ρθη
2999 1110 3061 1164 τὸ
3090 1110 3418 1182 ὑπέρθυρον,
3442 1109 3745 1180 ἐγυμνώθη

2142 1197 2245 1267 τῆς
2266 1197 2507 1268 χάριτος.
2537 1198 2653 1267 Ἀφ’
2677 1191 2737 1250 οῦ
2763 1198 2821 1251 δὲ
2842 1199 2902 1251 τὸ
2925 1198 3229 1269 ὑπέρθυρον
3258 1198 3490 1270 ἐπήρθη,
3522 1198 3746 1268 ἀνάγκη

2144 1285 2244 1348 τὰς
2296 1286 2647 1355 παραστάδας
2686 1288 2779 1339 καὶ⁵
2822 1287 2928 1340 ὑπὸ
2974 1288 3072 1358 τῆς
3111 1287 3379 1358 τυχούσης
3419 1287 3601 1357 χειρὸς
3646 1304 3750 1339 σα-

2143 1371 2416 1426 λεύεσθαι.
2455 1373 2556 1426 Διά
2581 1373 2741 1427 τοῦτο
2771 1375 2919 1427 πᾶσα
2948 1375 3069 1444 χεὶρ
3100 1374 3314 1428 σαλεύει
3343 1374 3411 1427 τά
3446 1374 3744 1426 Ἰουδαϊκὰ.

2147 1459 2259 1513 Καὶ
2306 1460 2395 1513 διά
2438 1460 2599 1515 τοῦτο
2642 1462 2929 1531 προφήτης
2966 1479 3048 1525 τις
3078 1461 3251 1531 ἔλεγε·
3283 1462 3391 1519 Kal
3427 1462 3596 1530 θήσω
3624 1462 3751 1527 τὴν

2160 1547 2549 1619 Ἰερουσαλὴμ
2576 1550 2657 1617 ὡς
2688 1555 2956 1621 πρόθυρα
2987 1551 3390 1617 σαῖευόμενα.
3434 1549 3544 1604 Kal
3584 1552 3617 1603 ό
3660 1545 3751 1602 οἷο

2149 1651 2277 1702 κος,
2317 1636 2500 1705 φησὶν,
2527 1636 2845 1707 ἐπληρώθη
2875 1640 3132 1693 καπνοῦ.
3166 1640 3275 1692 Καὶ
3297 1636 3401 1690 ποῦ
3425 1639 3458 1708 ἡ
3485 1638 3613 1701 δόξα
3632 1638 3748 1690 ἁπ-

2147 1721 2308 1792 ῆλθε;
2336 1723 2597 1794 Πρόσεχε,
2626 1726 2950 1796 παρακαλῶ·
2974 1726 3136 1794 Λέγει
3179 1727 3425 1790 Ἡσαΐας·
3455 1724 3567 1779 Kal
3590 1723 3752 1789 πλή-

2141 1825 2260 1877 ρης
2306 1809 2418 1877 τῆς
2462 1810 2648 1879 δόξης
2700 1816 2733 1865 ό
2786 1809 2950 1879 οἶκος
3007 1813 3215 1868 αὑτοῦ·
3272 1810 3389 1866 εἶτα
3444 1813 3617 1881 λέγει,
3663 1814 3751 1866 ὅτι

2162 1897 2469 1965 Ἐπλήσθη
2506 1901 2762 1954 καπνοῦ.
2799 1900 3144 1963 Εἰσελθόντος
3171 1902 3350 1955 τοίνυν
3387 1900 3482 1954 τοῦ
3510 1898 3750 1962 καπνοῦ,

2150 1985 2364 2057 ἀνάγκῃ
2400 1989 2433 2058 ή
2472 1986 2599 2051 δόξα
2629 1989 2911 2059 μετετέθη.
2945 1990 3057 2043 Καὶ
3080 1989 3184 2043 ποῦ
3218 1990 3516 2061 μετετέθη;
3548 1988 3664 2043 Ούκ
3691 1988 3754 2039 ὲν

2152 2075 2233 2127 ἐνὶ
2269 2076 2423 2145 οἴκῳ,
2461 2074 2575 2128 ἀλλ’
2605 2076 2889 2147 ἐπλήρωσε
2924 2077 3023 2140 τὰς
3063 2077 3391 2147 Ἐκκλησίας
3432 2076 3536 2130 ἀνὰ
3564 2077 3754 2129 πᾶσαν

2150 2170 2251 2240 τὴν
2291 2166 2635 2235 οἰκουμένην.
2686 2164 2797 2218 Καὶ
2837 2165 2925 2218 ἴνα
2967 2165 3118 2235 δείξῃ
3162 2165 3232 2218 τὰ
3281 2162 3595 2234 Χερουϐεὶμ
3641 2162 3753 2215 ποῦ

2152 2254 2395 2326 ἀπῆλθεν
2422 2256 2454 2324 ἡ
2484 2253 2610 2319 δόξα
2635 2254 2667 2322 ἡ
2700 2254 2757 2305 ἐν
2784 2252 2864 2323 τῷ
2890 2252 3024 2323 ναῷ,
3048 2254 3211 2320 λέγει·
3237 2250 3483 2319 Πλήρης
3512 2250 3687 2305 πᾶσα
3712 2252 3755 2318 ἠ

2152 2342 2229 2413 γῆ
2273 2342 2384 2411 τῆς
2430 2342 2617 2409 δόξης
2665 2341 2873 2395 αὐτοῦ.
2931 2339 3254 2409 Ἐγυμνώθη
3306 2339 3363 2391 ἓν
3425 2339 3599 2404 ἔθνος,
3655 2339 3758 2391 καὶ

2154 2430 2429 2500 ἐφωτίσθη
2460 2428 2529 2482 τὰ
2557 2430 2768 2499 πέρατα
2790 2428 2889 2497 τῆς
2917 2429 3039 2498 γῆς.
3069 2428 3285 2498 Ταύτην
3310 2426 3410 2497 τὴν
3439 2425 3603 2494 ἁγίαν
3636 2444 3759 2495 φω-

2154 2520 2253 2591 νὴν
2294 2518 2522 2587 Κυρίου,
2570 2517 2669 2588 τὴν
2720 2515 3005 2585 βασιλικὴν
3046 2514 3376 2579 δοξολογίαν,
3410 2518 3615 2580 ταύτην
3650 2512 3756 2582 τήν

2155 2608 2337 2662 ἔνθεον
2362 2605 2772 2678 μυσταγωγίαν,
2799 2604 2949 2672 ἔλεγε
2976 2602 3278 2656 διαϐολικὺν
3300 2601 3494 2671 στόμα,
3526 2599 3756 2669 περίελε

2155 2697 2265 2748 ἀπὸ
2291 2694 2384 2748 τοῦ
2423 2693 2831 2763 θυσιαστηρίου.
2872 2694 2995 2745 Ὀτι
3036 2690 3091 2744 δὲ
3134 2688 3253 2743 κατ’
3286 2686 3450 2741 αὑτοῦ
3489 2687 3586 2739 τοῦ
3621 2687 3758 2756 Χρι-

2158 2784 2283 2837 στοῦ
2318 2785 2487 2853 χωρεί
2518 2784 2549 2852 ἡ
2585 2780 2923 2851 βλασφημία,
2948 2779 3140 2848 δήληὴ
3175 2776 3465 2847 μαρτυρία.
3503 2777 3639 2828 Τίνα
3671 2771 3755 2827 εἷ-

2154 2872 2243 2925 δεν
2278 2872 2505 2934 Ἡσαΐας
2530 2874 2588 2923 ὲν
2615 2869 2695 2940 τῷ
2729 2868 2938 2936 θρόνῳ;
2965 2867 3127 2934 Λέγει
3156 2864 3283 2936 γάρ·
3325 2866 3596 2920 Ἤκουσα
3629 2882 3755 2933 95w-

2155 2958 2275 3026 γὴν
2322 2958 2548 3026 Κυρίου
2587 2957 2897 3025 λέγοντος·
2950 2956 3090 3008 Τίνα
3118 2952 3493 3015 ἀποστεὶ.ιω;
3523 2952 3625 3004 καί
3661 2952 3758 3017 τίς

2157 3046 2510 3114 πορεύσεται
2534 3044 2683 3112 πρὸς
2703 3042 2811 3097 τόν
2833 3042 2987 3096 λαόν
3008 3041 3225 3095 τοῦτον
3245 3057 3264 3102 ;
3288 3039 3622 3110 Κατηλλάγη
3654 3040 3758 3109 μὲν

2156 3133 2234 3203 τῷ
2270 3132 2462 3202 δούλῳ,
2510 3131 2696 3201 ἀκμὴν
2738 3130 2795 3183 δὲ
2828 3129 3023 3199 ἔφερεν
3056 3129 3501 3197 ἀγανακτήσεως.
3536 3127 3760 3197 ’Ὠσπερ

2158 3223 2318 3291 ἡμεῖς
2353 3220 2449 3273 ἐὰν
2481 3217 2859 3287 διαλλαγῶμεν
2892 3217 3098 3289 οἰκέτῃ,
3126 3217 3224 3268 οὑκ
3256 3215 3457 3277 εὑθέως
3498 3214 3650 3285 αὑτῷ
3694 3215 3760 3268 τὸ

2157 3310 2276 3364 ὅλον
2299 3309 2453 3381 ὄμμα
2474 3306 2829 3379 χαριζόμεθα,
2853 3305 2988 3360 ἀλλὰ
3008 3307 3193 3376 ἡρέμα
3218 3304 3634 3373 ὑποκλέπτομεν
3654 3303 3760 3374 τὴν

2158 3398 2300 3467 ὄψιν·
2350 3396 2521 3459 οὕτως
2568 3398 2597 3448 ό
2647 3396 2780 3458 Θεὸς
2818 3395 2892 3465 μὴ
2938 3394 3106 3447 θέλων
3133 3392 3301 3457 δείξαι
3340 3393 3459 3445 ὅλον
3492 3391 3554 3443 τὸ
3585 3392 3759 3460 πρόσ-

2157 3502 2328 3549 ωπον,
2358 3483 2593 3545 ἑστῶτος
2622 3482 2811 3546 αὑτοῦ,
2842 3482 3011 3547 λέγει·
3049 3480 3188 3534 Τίνα
3219 3480 3595 3540 (incursum;
3622 3478 3760 3530 Ὥσ-

2160 3590 2266 3643 περ
2297 3572 2394 3626 ἐάν
2420 3566 2522 3624 ὦσι
2563 3569 2741 3625 δοῦλοι
2784 3570 3016 3633 ἑστῶτες
3048 3570 3141 3622 ἐπὶ
3177 3569 3463 3634 δεσπότου,
3494 3570 3591 3622 καὶ¹
3622 3568 3758 3641 θέλῃ

2159 3661 2341 3717 αὑτῶν
2374 3660 2694 3731 μέμψασθαι
2738 3660 2838 3731 τὴν
2887 3658 3181 3730 ῥαθυμίαν,
3218 3658 3385 3727 λέγει·
3442 3659 3581 3711 Τίνα
3607 3659 3762 3713 ἀπο-

2160 3751 2413 3815 στεί.1ω;
2435 3750 2529 3813 El;
2548 3748 2707 3817 τήνδε
2730 3748 2829 3819 τὴν
2860 3748 3050 3818 χρείαν
3071 3746 3170 3800 οὑκ
3190 3748 3298 3817 ἔχω
3323 3745 3419 3801 ἀνθ
3430 3762 3631 3815 ρωπον·
3656 3747 3763 3818 οὐχ

2161 3840 2236 3903 ὼς
2267 3839 2342 3911 μὴ
2371 3839 2531 3909 ἔχων,
2562 3837 2677 3892 ἀλλ’
2700 3839 2776 3903 ὠς
2807 3838 3093 3890 σπουδαῖον
3128 3837 3202 3908 μὴ
3229 3838 3386 3907 έχων.
3414 3836 3574 3890 Οὑτω
3605 3838 3707 3890 καὶ
3735 3839 3763 3889 ό

2161 3930 2314 3992 θεός·
2342 3929 2475 3981 Τίνα
2495 3927 2799 3981 ἀποστείλω
2822 3928 2941 3979 ἀντὶ
2964 3926 3153 3978 τούτου
3178 3942 3191 3989 ;
3223 3926 3311 3979 τὸν
3341 3927 3519 3995 σιωπή
3530 3925 3759 3988 σανταιι,

2161 4018 2254 4071 τὸν
2285 4016 2628 4087 πολεμοῦντα
2655 4016 2755 4086 τὴν
2782 4014 3113 4086 ἱερωσύνην;
3145 4015 3208 4067 Ti
3236 4010 3327 4067 οὖν
3372 4015 3633 4079 ’Πσαῒαςς
3668 4016 3763 4077 Ὠς

2162 4106 2381 4176 οἰκέτης
2418 4107 2475 4157 ἑν
2508 4103 2877 4175 προσκρούσει
2916 4104 3227 4173 γενόμενος,
3263 4104 3357 4155 καὶ
3384 4102 3625 4171 δηχθεὶς,
3662 4104 3764 4155 καὶ

2165 4192 2415 4246 σπεύδων
2462 4191 2605 4262 ὑπὲρ
2647 4191 2758 4244 τῶν
2794 4189 3026 4262 πρώτων
3078 4189 3545 4257 ἀπολογήσασθαι·
3600 4186 3761 4242 Ἰδοὺ

2161 4280 2297 4349 ἐγὼ,
2318 4280 2788 4346 ἀπόστειλόνμε.
2809 4276 2979 4330 Πόθεν
3000 4273 3091 4329 οὖν
3111 4277 3391 4344 δείξωμεν.
3414 4277 3493 4327 ὅτι
3517 4274 3760 4344 Χριστοῦ

2163 4362 2232 4437 ἦν
2254 4371 2285 4435 ἡ
2318 4368 2470 4433 δόξα;
2506 4366 2669 4435 Λέγει
2710 4366 2958 4432 Ἰωάννης
2989 4367 3016 4416 ὁ
3044 4362 3467 4432 Εὑαγγελιστής·
3510 4362 3765 4416 Τοιαῦτα

2165 4454 2234 4507 δὲ
2268 4455 2487 4522 σημεῖα
2526 4455 2920 4519 πεποιηκότος
2954 4450 3057 4503 τοῦ
3090 4449 3306 4517 Ἰησοῦ,
3332 4452 3442 4502 οὐκ
3471 4450 3761 4505 ἐπίστευ-

2166 4560 2288 4597 σαν
2325 4541 2484 4606 αὐτῷ
2528 4540 2815 4605 Ἰουδαῖοι,
2856 4540 2957 4592 ἵνα
3000 4538 3282 4607 πληρωθῇ
3338 4539 3402 4592 τό
3433 4539 3626 4605 ῥηθὲν
3661 4540 3763 4595 διὰ

2180 4630 2440 4683 Ἡσαΐου·
2498 4626 2665 4694 Ἀκοῇ
2718 4627 3034 4689 ἀκούσετε,
3091 4625 3189 4679 καί
3246 4627 3317 4679 οὐ
3360 4624 3446 4695 μὴ
3501 4626 3758 4695 συνῆτε.

2176 4719 2365 4771 Ταῦτα
2401 4716 2467 4769 δὲ
2503 4712 2693 4779 εἶπεν,
2725 4715 2823 4768 ὅτε
2848 4711 3009 4768 εἶδεν
3040 4715 3157 4781 τὴν
3192 4714 3382 4778 δόξαν
3416 4716 3629 4781 αὑτοῦ,
3664 4717 3762 4771 καί

2169 4805 2441 4873 ἑλάλησε
2474 4804 2605 4873 περὶ
2639 4801 2847 4858 αὐτοῦ.
2883 4798 3033 4865 Εἶδες
3058 4802 3120 4855 τὸ
3148 4803 3444 4871 κεφάλαιον
3469 4804 3631 4873 ἡμῶν
3660 4805 3762 4875 τῆς

2170 4894 2446 4964 σωτηρίας
2479 4892 2569 4945 τὸν
2594 4891 2906 4962 ἀγιασμόν;
2938 4890 3235 4961 Ἀγιασμὺς
3266 4891 3362 4945 ὲάν
3402 4891 3477 4963 μὴ
3508 4894 3760 4965 γένηται,

2166 4981 2287 5034 οὑδὲ
2320 4982 2379 5033 τὸ
2407 4980 2701 5051 μυστήριον
2720 4977 2976 5031 τελεῖται.
3010 4978 3193 5045 Ἔχεις
3222 4978 3321 5048 τὴν
3345 4978 3549 5034 είκόνα.
3584 4982 3761 5034 Μόνον

2168 5064 2289 5121 εἷπε
2332 5068 2400 5120 τὰ
2440 5066 2769 5136 Χεφυὸείμ·
2808 5065 3025 5131 Ἄγιος,
3075 5064 3263 5132 ἅγιος,
3304 5064 3472 5135 ἅγιος
3522 5069 3757 5136 Κύριος*

2168 5156 2403 5227 ἡγιάσθη
2435 5156 2468 5224 ἡ
2498 5153 2677 5205 θυσία.
2717 5151 2868 5224 [454]
2902 5151 3008 5205 Καὶ
3043 5152 3385 5220 ἀπεστάλη,
3417 5155 3576 5225 φησὶ,
3612 5156 3759 5222 πρός

2165 5262 2241 5315 με
2269 5244 2339 5297 ἒν
2368 5242 2484 5296 τῶν
2514 5240 2857 5309 Χερουϐείμ,
2888 5239 2985 5291 καί
3012 5239 3082 5291 έν·
3110 5239 3185 5308 τῇ
3208 5241 3359 5311 χειρί
3383 5243 3573 5295 αὐτοῦ
3599 5239 3760 5310 εἶχεν

2170 5334 2457 5401 ἄνθρακα,
2487 5329 2560 5383 ὃν
2579 5326 2652 5396 τῇ
2672 5327 2872 5383 λαϐίδι
2898 5328 3119 5381 ἔλαϐεν
3146 5328 3265 5381 ἀπὸ
3302 5328 3407 5382 τοῦ
3430 5334 3758 5396 θυσιαστηο

2163 5422 2323 5491 ρίου.
2365 5419 2457 5488 Μὴ
2491 5415 2705 5484 ἔλαϐεν,
2746 5416 2849 5480 ἕως
2892 5409 2953 5469 οῦ
3002 5414 3259 5487 ἡγιάσθη.
3313 5416 3562 5485 Ἥψατο,
3606 5419 3756 5489 φησὶ,

2235 5581 2265 5621 b
2286 5577 2367 5629 Sic
2391 5577 2835 5643 omnes‘mss.isav.
2859 5580 3128 5643 legendum
3154 5584 3311 5641 putat,
3337 5579 3440 5643 ἀντὶ
3461 5574 3757 5643 τοὶ-τοῦτον

2174 5645 2255 5693 τὸν
2277 5656 2420 5690 σιωπ.
2467 5646 2522 5687 οι
2562 5641 2689 5690 hanc
2714 5639 2981 5691 lectioném
3020 5645 3128 5691 sino
3158 5639 3481 5698 ‘auclorilale,
3516 5639 3639 5686 nihil
3662 5650 3757 5686 mo-

2177 5719 2319 5761 nens,
2340 5704 2388 5751 in
2413 5708 2605 5751 textum
2623 5704 2818 5752 invexit
2840 5704 3057 5754 Combef.
3082 5704 3180 5752 Sed
3205 5710 3322 5763 puto
3344 5702 3527 5749 seriem
3553 5701 3757 5761 optimc,

2181 5772 2349 5824 mest,
2382 5774 2516 5817 slarc
2560 5778 2861 5825 posso,cum
2898 5768 3111 5814 maxime
3161 5766 3464 5812 Severianus
3506 5774 3604 5811 non
3628 5764 3755 5814 lamo

2182 5831 2414 5893 scrupulo
2438 5827 2585 5878 verba
2616 5826 2719 5877 hanc
2748 5832 2823 5879 ιρι
2853 5828 2945 5880 alia
2967 5827 3263 5878 adhibuerit.
