3984 6430
209 334 324 390 445

210 454 399 513 estque
428 441 617 499 honori
645 442 804 499 simul
852 450 907 497 et
951 441 1115 512 quieti
1140 457 1154 497 ;
1180 443 1247 497 ita
1279 454 1333 499 et
1358 444 1451 498 Dei
1482 442 1670 498 solium
1710 455 1800 494 sa-

215 537 411 605 pientia
443 537 493 589 in
533 552 637 605 qua
665 536 803 590 Deus
850 536 1153 605 requiescit.
1186 535 1308 591 Ideo
1356 536 1521 590 David
1552 536 1626 589 ait
1661 552 1673 589 :
1706 534 1805 601 Qui

215 628 354 681 sedes
377 643 531 695 super
547 626 813 680 Clierubim
836 625 1006 696 (Psal.
1040 626 1125 680 79.
1156 628 1208 681 5.
1238 636 1283 679 et
1318 627 1407 683 98.
1441 625 1490 695 1)
1516 643 1533 690 ;
1558 640 1620 679 ac
1650 625 1693 679 si
1719 625 1803 679 di-

212 724 381 782 ceret,
410 719 500 786 qui
530 716 581 769 in
604 716 757 785 plena
784 718 1040 785 sapientia
1082 718 1332 787 quiescis.
1366 716 1489 770 Ideo
1514 716 1804 772 Cberubim

214 807 370 877 plena
394 818 520 862 sunt
544 808 733 874 oculis,
763 809 813 862 in
836 808 1015 876 dorso,
1070 812 1119 863 in
1156 812 1352 881 capite,
1388 811 1442 864 in
1486 811 1697 878 pennis,
1751 810 1803 864 in

212 898 459 967 pedibus,
495 900 547 952 in
579 908 815 968 pectore,
844 910 899 954 et
928 911 1035 956 tota
1059 903 1232 955 oculis
1258 902 1413 971 plena
1442 911 1614 965 erant,
1667 918 1804 971 quo-

216 992 353 1043 niam
384 992 646 1059 sapientia
677 994 905 1062 undique
932 993 1213 1061 conspicit,
1246 1004 1299 1047 et
1327 993 1558 1062 undique
1604 995 1807 1062 apertis

209 1090 290 1136 est
318 1084 512 1139 oculis.
543 1102 559 1133 ι
579 1083 682 1138 Sex
709 1084 827 1147 alte,
846 1105 861 1135 ι
893 1085 1078 1154 inquit,
1120 1104 1137 1136 ι
1166 1087 1274 1151 uni,
1297 1096 1351 1141 et
1372 1101 1463 1141 sex
1487 1088 1583 1139 alte
1606 1088 1714 1142 uni.
1742 1088 1809 1141 Et

210 1172 420 1227 duabus
442 1174 655 1243 quidem
685 1178 930 1245 tegebant
958 1176 1178 1239 vultum,
1212 1186 1265 1230 et
1284 1176 1492 1232 duabus
1520 1178 1700 1245 pedes,
1755 1188 1807 1231 et

214 1263 425 1320 duabus
479 1267 748 1321 volabant.
800 1268 865 1322 Et
909 1269 1209 1323 clamabant
1254 1270 1390 1325 alter
1441 1271 1508 1324 ad
1557 1273 1805 1339 alterum,

211 1356 460 1425 Sanctus,
493 1369 729 1423 sanctus,
782 1371 996 1415 sanctus
1027 1362 1279 1416 Dominus
1304 1362 1538 1417 Sabaoth
1578 1383 1599 1416 ι
1632 1365 1649 1431 (
1680 1363 1807 1418 lsai.

212 1447 262 1500 6.
295 1448 350 1501 2.
379 1449 413 1503 5
440 1450 457 1517 )
486 1468 497 1501 :
528 1449 630 1503 hoc
656 1460 758 1514 est,
791 1451 1043 1505 Dominus
1071 1454 1420 1506 exercituum.
1454 1456 1561 1509 Sea:
1585 1457 1806 1521 ataenni,

211 1546 257 1590 et
281 1554 371 1590 sea:
407 1539 508 1591 alte
536 1542 644 1593 uni.
666 1538 797 1593 Octo
824 1542 1092 1595 silentium
1136 1552 1333 1606 tenent,
1366 1554 1419 1598 et
1444 1556 1671 1613 quatuor
1698 1547 1809 1599 cla-

215 1636 381 1681 mant.
415 1628 553 1695 Quid
582 1645 709 1699 ergo
738 1630 894 1685 docet
916 1647 1011 1687 nos
1032 1634 1301 1702 Scriptura
1327 1634 1350 1686 ?
1379 1634 1454 1688 Ne
1502 1650 1660 1689 omne
1720 1652 1808 1689 ra-

216 1720 497 1774 tiocinium
522 1737 830 1776 moveamus
853 1724 994 1778 circa
1046 1726 1247 1787 Deum;
1306 1726 1399 1779 sed
1451 1726 1553 1778 alia
1599 1728 1811 1781 silentio

214 1812 590 1881 pnediccmus,
618 1814 718 1866 alia
749 1814 849 1867 lide
876 1815 1235 1883 glorificetnus
1263 1827 1316 1871 et
1338 1818 1513 1869 divina
1540 1820 1801 1874 dicamus.

214 1903 319 1957 Cur
346 1911 529 1960 autem
566 1902 722 1970 pedes
754 1906 1011 1973 obtegunt
1037 1916 1089 1959 et
1115 1918 1273 1976 caput
1303 1909 1325 1960 ?
1354 1910 1484 1976 Quia
1518 1926 1615 1963 nec
1662 1912 1811 1978 prin-

221 1996 418 2060 cipium
449 2010 547 2049 nec
578 1994 694 2049 linis
739 1999 1020 2063 reperitur.
1054 1999 1264 2051 Duabus
1318 2009 1500 2069 legunt
1555 2014 1713 2069 caput
1758 2013 1813 2058 et

221 2086 424 2139 duabus
444 2086 628 2154 pedes,
656 2102 846 2155 nempe
862 2088 1066 2141 duabus
1086 2090 1271 2143 mediis
1289 2093 1475 2158 pennis
1492 2092 1691 2154 volant,
1707 2109 1811 2147 non

223 2175 610 2245 superioribus,
633 2193 730 2231 nec
746 2178 1105 2233 inferioribus.
1122 2179 1228 2233 Nos
1246 2181 1386 2234 enim
1402 2181 1467 2235 de
1482 2182 1589 2234 Deo
1603 2182 1813 2251 loquen-

222 2277 324 2333 tes,
361 2269 537 2322 media
566 2268 839 2323 declarare
869 2278 1119 2338 oportet:
1166 2271 1305 2339 quod
1335 2288 1525 2341 nempe
1551 2274 1620 2325 sit
1654 2274 1811 2340 Dens,

223 2362 360 2428 quod
378 2360 623 2427 Creator,
644 2362 782 2431 quod
800 2364 1074 2426 Dominus,
1095 2363 1236 2432 quod
1258 2363 1550 2419 benelicus.
1573 2366 1695 2419 Ihec
1709 2382 1816 2420 om-

221 2455 303 2507 nia
319 2454 491 2507 media
516 2463 657 2507 sunt.
683 2454 738 2509 Si
761 2455 927 2519 dicas,
949 2455 1226 2521 Quomodo
1247 2458 1423 2525 genuit
1443 2458 1465 2508 ?
1482 2469 1639 2526 caput
1661 2459 1815 2513 dete-

221 2545 363 2608 xisti,
395 2546 536 2613 quod
564 2546 851 2598 Cherubim
903 2556 1104 2615 tegunt.
1137 2548 1188 2601 Si
1236 2565 1395 2617 porro
1441 2550 1659 2612 diveris,
1716 2552 1811 2606 Ubi

221 2645 301 2688 est
331 2634 426 2689 Dei
459 2637 615 2689 linis?
643 2636 803 2703 pedes
832 2638 1059 2700 nudasti,
1094 2653 1227 2706 quos
1264 2649 1447 2707 tegunt
1494 2640 1810 2693 Cheruhim.

221 2727 427 2798 Tegunt
447 2738 621 2781 autem
638 2738 795 2797 caput
817 2739 869 2783 et
903 2731 1084 2797 pedes,
1120 2746 1223 2784 non
1255 2741 1312 2785 ut
1339 2732 1691 2791 abscondant.
1720 2734 1812 2786 sed

224 2828 279 2869 ut
306 2818 538 2871 doceant
568 2818 682 2871 haec
732 2834 853 2872 esse
902 2821 1263 2874 inscrutabilia
1291 2863 1305 2882 ,
1360 2822 1819 2888 incoiuprebensi-

222 2907 367 2960 bilia.
402 2909 598 2975 Accipe
650 2908 889 2976 liguram.
925 2909 1093 2961 Erant
1132 2925 1223 2963 sex
1272 2920 1323 2963 et
1366 2924 1481 2975 sex,
1538 2911 1816 2966 duodecim

223 3013 413 3067 penum
448 3009 606 3053 :octo
636 3000 941 3067 quiescunt,
968 3008 1020 3053 et
1074 3010 1304 3069 quatuor
1340 3012 1643 3057 moventur.
1696 3004 1819 3059 lla'c

223 3093 386 3158 tigura
415 3104 540 3144 sunt
569 3093 953 3159 apostolorum.
984 3093 1270 3147 Duodecim
1295 3104 1420 3149 sunt
1446 3098 1694 3164 apostoli,
1723 3098 1818 3151 sed

223 3192 455 3251 quatuor
478 3184 815 3250 evangelista:
844 3185 1094 3238 clamant.
1129 3185 1191 3237 Et
1220 3186 1343 3255 quid
1376 3188 1651 3240 clamant?
1682 3189 1812 3241 Eam

222 3288 410 3327 vocem
431 3290 595 3342 quam
617 3284 864 3329 evertere
910 3285 1121 3329 satanas
1149 3287 1370 3329 conatus
1401 3287 1504 3330 est.
1547 3280 1807 3333 Animad-

222 3375 393 3429 verte,
427 3380 627 3434 qureso.
654 3365 766 3419 Non
798 3367 1110 3435 simpliciter
1139 3367 1409 3433 dicebant,
1445 3378 1501 3421 ut
1523 3385 1640 3431 nos,
1678 3370 1819 3423 San-

226 3467 354 3519 ctus,
385 3464 612 3519 sanctus,
645 3465 871 3521 sanctus,
900 3456 995 3509 sed
1024 3458 1161 3510 alter
1191 3458 1255 3511 ad
1299 3460 1526 3513 alterum
1583 3461 1821 3515 vicissim

224 3546 563 3610 emittebant,
606 3556 661 3598 ut
688 3548 943 3614 scriptum
981 3559 1061 3601 est
1092 3566 1103 3601 :
1139 3547 1200 3599 Et
1253 3550 1542 3602 clamabant
1578 3551 1706 3603 alter
1756 3554 1823 3603 ad

224 3641 463 3693 alterum.
489 3640 734 3703 Sanctus,
768 3638 956 3706 inquit,
994 3640 1161 3693 semel
1190 3640 1476 3693 dicendum
1530 3643 1685 3696 nobis
1713 3652 1816 3696 est.

231 3730 382 3782 Alius
410 3729 539 3782 dicit
565 3728 827 3782 Sanctus:
860 3728 1053 3781 deinde
1095 3730 1247 3793 alius,
1282 3730 1417 3783 adde
1464 3733 1641 3794 tertio,
1690 3734 1821 3785 San-

227 3831 364 3875 clus.
385 3822 516 3885 Quia
549 3836 675 3889 ergo
703 3829 811 3874 tres
847 3823 1259 3885 ntuneravimus,
1289 3838 1353 3874 nc
1372 3832 1525 3889 putes
1558 3834 1663 3877 tres
1706 3841 1825 3880 esse

228 3914 378 3967 deos.
406 3912 513 3966 Cur
537 3927 664 3980 ergo
692 3931 703 3964 :
736 3913 978 3977 Sanctus,
1028 3923 1251 3979 sanctus,
1296 3925 1501 3967 sanctus
1535 3914 1826 3969 Dominus?

232 4003 381 4059 Unus
411 4004 558 4057 enim
588 4012 669 4057 est
713 4004 989 4070 Dominus,
1023 4022 1123 4057 una
1159 4006 1304 4068 litles,
1339 4023 1501 4059 unum
1539 4007 1818 4077 baptisma.

229 4096 306 4148 Ac
330 4092 780 4163 quemadmodum
803 4094 1274 4164 inpsalmodiisialii
1306 4096 1422 4148 aliis
1442 4112 1625 4150 versus
1652 4108 1824 4151 trans-

231 4187 470 4251 mittunt,
497 4187 573 4240 sic
599 4202 841 4255 supernae
872 4196 1161 4255 potestates
1190 4198 1402 4240 mutuos
1420 4188 1614 4242 choros
1641 4200 1825 4259 agunt,

232 4292 295 4331 ac
318 4276 483 4330 veluti
513 4292 575 4330 ex
608 4276 835 4331 melodia
872 4277 1106 4333 vicissim
1150 4277 1350 4343 habita,
1382 4279 1825 4349 gloriﬁcationem

231 4368 508 4430 emittunt,
560 4368 781 4423 Deinde.
827 4368 991 4422 Plena
1024 4379 1149 4434 erat,
1204 4370 1393 4440 inquit,
1436 4372 1613 4425 domus
1665 4375 1828 4443 gloria

230 4460 361 4526 ejus.
393 4458 460 4511 Et
483 4459 723 4511 eleuatum
742 4469 810 4513 est
839 4461 1227 4527 superliminare
1256 4478 1288 4513 a
1340 4478 1456 4515 voce
1484 4480 1584 4533 qua
1630 4465 1825 4517 clama-

230 4548 373 4617 bant,
403 4559 448 4602 et
470 4549 647 4601 domus
672 4552 862 4619 repleta
886 4560 959 4603 est
976 4551 1149 4619 fttmo(
1172 4550 1297 4604 Isai.
1333 4554 1385 4606 5.
1416 4553 1449 4607 4
1470 4556 1510 4621 ).

302 4643 357 4695 6.
387 4640 521 4695 Rem
550 4642 896 4703 stupendaml
924 4642 1056 4695 Cum
1091 4653 1209 4711 post
1240 4644 1679 4713 gloriﬁcationem
1709 4646 1827 4717 glo-

232 4734 310 4788 ria
340 4731 584 4788 addenda
625 4733 928 4798 videretur,
960 4735 1119 4787 etiam
1148 4751 1208 4787 ea
1237 4753 1355 4805 qua:
1399 4747 1515 4791 erat
1555 4740 1743 4807 periit,
1776 4748 1830 4795 et

232 4824 409 4879 fumus
438 4824 671 4877 intravit.
702 4823 899 4878 Fumus
939 4834 1115 4879 autem
1146 4827 1492 4883 desolationis
1521 4840 1602 4884 est
1631 4832 1823 4901 imago.

233 4918 370 4984 Quid
420 4918 577 4987 igitur
620 4918 720 4971 hoc
758 4918 878 4971 est?
922 4918 1251 4972 Praevidebat
1293 4920 1525 4988 Spiritus
1573 4934 1823 4990 sanctus,

233 5009 382 5073 illud,
416 5008 639 5062 Sanctus
663 5048 677 5071 ,
708 5017 913 5061 sanctus
937 5049 950 5070 ,
988 5018 1188 5061 sanctus
1206 5050 1221 5074 ,
1252 5010 1450 5064 mundo
1472 5028 1590 5067 esse
1614 5015 1829 5068 concin-

233 5112 437 5163 natum,
464 5099 823 5168 prmdicationi
846 5100 1231 5167 apostolorum,
1257 5110 1309 5153 et
1337 5103 1595 5169 templum
1618 5104 1829 5158 Judan-

235 5204 350 5247 nim
384 5204 489 5242 non
519 5189 644 5242 illud
668 5192 929 5258 accipere.
954 5190 1086 5243 Dicit
1104 5206 1229 5260 ergo
1256 5202 1372 5259 post
1400 5193 1826 5259 prtedicationem

241 5280 876 5352 Evangeliidesolatione
910 5288 965 5333 et
1004 5280 1147 5333 l'umo
1189 5282 1492 5349 replendam
1522 5298 1639 5337 esse
1665 5302 1825 5354 syna-

230 5384 443 5443 gogam.
478 5370 755 5423 Elevatum
787 5380 867 5423 est
896 5386 998 5423 non
1030 5373 1245 5434 ostium,
1276 5373 1369 5425 sed
1398 5374 1821 5441 superliminare.

233 5464 483 5516 Animum
513 5461 724 5515 adhibe.
756 5462 941 5517 Omnis
976 5464 1135 5531 janua
1162 5466 1330 5518 solum
1364 5467 1689 5521 substratum
1734 5469 1828 5523 ba-

233 5552 356 5616 bet,
405 5561 459 5606 et
500 5552 907 5620 superliminare
951 5554 1254 5622 impositum
1297 5559 1577 5624 parastatis
1608 5576 1621 5613 :
1655 5576 1826 5629 neque

235 5653 458 5713 possunt
490 5653 767 5712 parastatre
808 5656 949 5699 stare
970 5686 983 5709 ,
1014 5646 1113 5700 nisi
1152 5650 1322 5701 solum
1358 5648 1623 5714 habeant;
1656 5667 1826 5721 neque

236 5733 433 5790 ﬁrmari
459 5734 796 5805 immottequc
818 5750 934 5793 csse
961 5747 1198 5807 possunt,
1227 5738 1325 5793 nisi
1358 5741 1616 5811 accipiant
1637 5758 1819 5813 supcr-

1278 333 1366 388 DE
1406 329 1620 388 MUNDI
1659 326 2051 385 CREATIONE
2089 330 2346 391 ORATIO
2384 333 2446 389 ll.

3396 358 3510 411 441i

1914 439 2174 497 liminare.
2201 444 2423 499 Elevata
2449 452 2533 500 est
2556 461 2683 517 ergo
2708 464 2992 520 synagoga:
3015 453 3260 522 superior
3290 454 3458 509 forma
3488 474 3502 507 :

1910 548 2015 587 non
2043 540 2151 587 tota
2181 534 2392 603 quidem
2421 552 2707 607 synagoga,
2726 556 2843 607 qua:
2870 550 3049 609 portas
3076 542 3290 612 quidem
3322 544 3503 611 habet,

1910 624 2317 691 superliminare
2340 636 2515 682 autem
2546 629 2768 684 nullum.
2793 630 3213 701 Superliminare
3242 650 3399 704 porro
3422 648 3507 690 est

1910 716 2077 770 virtus
2097 729 2325 785 superne
2345 721 2644 773 continens.
2665 720 2938 775 Elevatum
2966 732 3047 777 est
3073 740 3135 778 su
3145 726 3504 793 perliminare,

1912 805 2169 860 nudatum
2198 817 2276 861 est
2304 809 2489 877 gratia.
2525 809 2601 863 Ex
2630 826 2735 878 quo
2763 821 2935 866 autem
2966 815 3371 883 superliminare
3398 816 3509 868 ele-

1912 911 2090 955 vatum
2130 909 2247 966 est,
2291 904 2650 956 necessarium
2693 903 2792 957 fuit
2828 915 3119 972 parastatas
3156 910 3234 960 vel
3267 925 3293 959 a
3341 908 3504 962 debili

1914 1003 2071 1045 manu
2101 995 2444 1048 commoveri.
2477 994 2597 1049 Ideo
2638 997 2840 1065 qumvis
2881 1013 3067 1051 manus
3102 999 3321 1053 Judaica
3361 1015 3508 1053 com-

1915 1094 2091 1136 movet
2118 1100 2133 1139 :
2165 1082 2362 1137 idcirco
2395 1085 2651 1153 propheta
2691 1086 2906 1154 quidam
2936 1087 3181 1142 dicebat:
3224 1088 3289 1141 Et
3321 1106 3508 1159 ponam

1922 1171 2195 1226 Ierusalem
2221 1183 2273 1227 ut
2299 1175 2534 1226 vestibula
2557 1191 2668 1243 qua:
2698 1186 2976 1229 moventur.
3012 1176 3074 1228 Et
3104 1178 3281 1231 domus
3315 1179 3507 1248 repleta

1915 1275 1985 1317 est
2025 1269 2165 1334 [unto
2187 1264 2366 1334 (Zaclt.
2405 1264 2489 1319 12.
2520 1265 2597 1335 2).
2635 1267 2700 1320 Et
2749 1282 2977 1335 quonam
3013 1268 3141 1320 abiit
3175 1269 3338 1336 gloria
3361 1271 3385 1321 ‘t
3410 1272 3508 1321 At-

1916 1355 2072 1409 tende
2096 1397 2111 1421 ,
2141 1371 2343 1425 qumso.
2375 1357 2510 1410 Dicit
2540 1357 2700 1410 Isaias
2726 1400 2738 1419 ,
2772 1357 2836 1410 Et
2878 1360 3025 1427 plena
3058 1371 3160 1412 erat
3189 1361 3369 1412 domus
3399 1361 3510 1429 glo-

1915 1447 1991 1497 ria
2020 1448 2159 1509 eius;
2186 1447 2376 1499 deinde
2407 1448 2575 1500 dicit:
2608 1449 2815 1515 Πυριειιι
2847 1460 2915 1502 est
2948 1454 3105 1518 furno.
3139 1451 3380 1518 Ingresso
3406 1452 3507 1504 ita-

1914 1553 2019 1607 que
2068 1539 2249 1600 l'umo,
2280 1555 2496 1593 necesse
2540 1543 2634 1592 luit
2688 1552 2743 1594 ut
2790 1543 2956 1610 gloria
3001 1542 3397 1596 transferretur.
3446 1542 3511 1595 Et

1915 1644 2147 1697 quonam
2183 1631 2433 1683 translata
2464 1642 2545 1684 est
2568 1634 2590 1683 ‘l
2613 1633 2724 1684 Non
2762 1635 2811 1686 in
2838 1651 2993 1687 unam
3025 1636 3264 1699 domum,
3290 1635 3383 1688 sed
3409 1636 3510 1688 im-

1919 1723 2080 1789 plevit
2128 1722 2389 1775 Eeelesias
2430 1738 2527 1793 per
2568 1733 2734 1777 totum
2775 1728 2978 1779 orbem.
3027 1728 3091 1781 Et
3128 1738 3182 1781 ut
3231 1728 3511 1782 ostendant

1915 1814 2201 1867 Cherubim
2230 1831 2461 1883 quonam
2488 1817 2677 1870 abierit
2704 1818 2869 1884 gloria
2897 1834 3015 1887 quae
3047 1822 3097 1873 in
3131 1821 3328 1890 templo
3372 1832 3509 1883 erat,

1917 1902 2097 1956 diettnt
2124 1923 2136 1957 :
2165 1905 2327 1958 Plena
2361 1918 2431 1958 est
2476 1909 2640 1960 omnis
2680 1917 2810 1959 terra
2850 1910 3011 1977 gloria
3040 1912 3167 1979 ejus.
3198 1911 3403 1965 Nudata
3433 1920 3515 1966 est

1918 2008 2046 2061 gens
2070 2010 2191 2059 una,
2222 2007 2268 2048 et
2301 1997 2576 2050 illuminati
2613 2009 2736 2053 sunt
2760 2002 2970 2053 termini
3002 2011 3175 2056 terra}.
3208 2003 3352 2056 llanc
3383 2018 3509 2057 san-

1916 2094 2058 2137 ctam
2104 2100 2289 2139 vocem
2343 2087 2547 2141 Domini
2576 2129 2591 2153 ,
2624 2092 2823 2159 regiam
2867 2092 3305 2161 gloriﬁcationem
3332 2136 3346 2159 ,
3379 2096 3513 2148 hanc

1919 2175 2153 2229 divinam
2197 2179 2471 2246 mysticam
2504 2180 2887 2235 institutionem
2920 2224 2934 2247 ,
2965 2182 3173 2237 dicebat
3204 2198 3263 2237 os
3290 2184 3516 2238 diaboli-

1919 2281 2037 2318 cum
2065 2306 2078 2330 ,
2112 2267 2261 2320 aufer
2305 2268 2371 2321 ab
2413 2269 2586 2323 altari.
2615 2272 2766 2336 Quod
2800 2282 2977 2326 autem
3024 2273 3137 2327 hare
3184 2275 3512 2343 blaSphemia

1919 2355 2190 2410 Christum
2237 2359 2495 2427 impetat,
2545 2362 2881 2415 manifestum
2930 2365 3288 2417 testiinonium
3342 2365 3511 2420 adest.

1922 2448 2216 2512 Qut-mnam
2253 2450 2378 2499 vidit
2412 2450 2460 2501 in
2492 2450 2627 2502 solio
2663 2452 2865 2506 lsttias?
2896 2454 2983 2505 Ait
3010 2455 3183 2519 enim,
3218 2456 3399 2507 Audiri
3427 2472 3515 2508 tto-

1919 2555 2022 2590 ccnt
2051 2538 2248 2590 Domini
2280 2540 2487 2592 dicentis
2515 2557 2532 2592 :
2557 2543 2715 2606 Quem
2747 2545 2938 2595 mittam
2961 2546 2984 2597 ?
3006 2555 3049 2597 et
3077 2548 3185 2615 quis
3214 2548 3302 2598 ibit
3328 2548 3395 2599 ad
3422 2565 3515 2615 po-

1921 2630 2096 2696 pulant
2124 2632 2253 2683 ltnnc
2281 2632 2426 2697 (lani.
2454 2632 2503 2685 6.
2530 2634 2584 2701 8)
2603 2635 2625 2685 ’ἓ
2655 2635 3046 2689 llcconciliatus
3076 2648 3156 2691 est
3182 2654 3359 2701 servo,
3390 2656 3516 2706 Spe-

1919 2721 2055 2771 cirm
2085 2728 2255 2773 tamen
2290 2724 2603 2789 prml'crebat
2632 2724 3023 2792 indignationis.
3057 2726 3124 2781 Ul
3168 2743 3266 2780 nos
3307 2730 3517 2797 quando

1923 2824 2079 2863 servo
2109 2814 2440 2879 pepercimus
2470 2856 2482 2877 ,
2514 2829 2618 2867 non
2651 2818 2828 2869 statim
2860 2818 2933 2871 illi
2963 2828 3129 2873 totum
3163 2821 3366 2875 vultum
3394 2837 3520 2891 gr;-

1924 2901 2115 2953 tiosum
2159 2903 2474 2957 exhibemus
2496 2947 2510 2968 ,
2542 2906 2633 2959 sed
2665 2918 2939 2977 aspectum
2972 2914 3228 2979 tantisper
3271 2913 3491 2969 subduci

1924 3009 2041 3045 mus
2062 2994 2159 3048 :ita
2189 2994 2325 3048 Deus
2346 3012 2464 3048 cum
2491 3013 2594 3049 non
2618 2999 2775 3053 vellet
2800 3009 2965 3054 totum
2985 3002 3267 3057 o>tendere
3295 3005 3517 3072 vultum,

1924 3094 2098 3138 stante
2138 3087 2228 3139 illo
2254 3087 2460 3141 diccbat
2489 3108 2501 3141 :
2531 3090 2687 3155 Quem
2729 3093 2962 3145 mittam?
2985 3094 3443 3159 Quemadmodum
3476 3099 3519 3151 si

1926 3177 2065 3229 servi
2104 3187 2307 3231 starent
2333 3195 2513 3233 coram
2544 3182 2673 3235 hero
2699 3226 2712 3247 ,
2741 3195 2792 3237 et
2822 3186 2981 3239 vellet
3011 3188 3123 3254 ipse
3151 3203 3335 3241 eorum
3376 3190 3521 3258 igna-

1924 3267 2065 3321 viam
2103 3270 2366 3336 incusare,
2390 3271 2591 3325 diceret
2617 3292 2629 3326 :
2654 3274 2820 3340 Quem
2852 3277 3054 3330 mittam
3078 3281 3101 3328 Τ
3124 3279 3199 3332 Ad
3232 3280 3331 3333 hoc
3361 3296 3520 3348 nego-

1926 3358 2057 3410 tium
2100 3357 2367 3411 hominem
2411 3375 2517 3413 non
2558 3360 2763 3427 habeo;
2798 3380 2903 3418 non
2950 3366 3087 3433 quod
3138 3383 3240 3421 non
3291 3369 3517 3435 habeat,

1927 3447 2021 3501 sed
2047 3449 2187 3517 quod
2215 3460 2489 3504 strenuum
2520 3468 2623 3506 non
2656 3454 2865 3508 habeat.
2890 3457 2978 3510 Sic
3002 3457 3141 3511 Deus
3164 3478 3174 3511 :
3200 3460 3369 3525 Quem
3399 3462 3520 3513 mit-

1933 3548 2038 3591 tam
2085 3539 2239 3607 hujus
2270 3542 2425 3595 loco?
2454 3559 2521 3596 an
2550 3560 2672 3597 cum
2703 3548 2791 3613 qui
2826 3549 3022 3609 tacuit,
3053 3550 3237 3603 videns
3266 3568 3387 3604 cum
3433 3554 3521 3621 qui

1928 3633 2282 3686 sacerdotium
2339 3635 2720 3704 impugnabat?
2760 3639 2893 3704 Quid
2947 3655 3074 3709 ergo
3129 3642 3325 3697 Isaias?
3364 3643 3523 3710 Quasi

1931 3725 2157 3778 famulus
2188 3726 2239 3779 in
2267 3726 2465 3780 oll'ensa
2496 3728 2880 3796 deprehensus,
2908 3746 2971 3784 ac
2997 3745 3364 3802 compunctus,
3397 3736 3519 3804 qui-

1929 3830 2033 3883 que
2077 3816 2288 3870 studeat
2330 3820 2504 3885 priora
2555 3821 2862 3889 alnStergere
2887 3840 2899 3873 :
2925 3820 3056 3874 Ecce
3094 3840 3183 3894 ego
3208 3866 3221 3885 ,
3253 3826 3389 3876 mitte
3426 3842 3521 3877 ine.

1932 3907 2084 3962 Unde
2122 3925 2249 3978 ergo
2277 3912 2625 3967 ostendemus
2664 3929 2780 3968 eam
2827 3916 2991 3970 fuisse
3021 3918 3216 3972 Christi
3256 3920 3525 3988 gloriam?

1930 4001 2018 4053 Ait
2052 4000 2281 4055 Joannes
2312 4004 2635 4071 evangelista
2668 4022 2680 4057 :
2720 4025 2737 4055 ι
2771 4007 2900 4059 Cum
2932 4018 3073 4060 tanta
3116 4010 3263 4077 signa
3310 4010 3525 4063 fecisset

1931 4090 2107 4155 Jesus,
2143 4108 2247 4145 non
2278 4096 2622 4147 crediderunt
2650 4097 2696 4149 ci
2728 4096 2900 4150 Judasi
2924 4140 2935 4159 ,
2966 4108 3023 4150 nt
3055 4100 3361 4165 impleretur
3385 4102 3524 4170 quod

1932 4181 2130 4233 dictum
2162 4192 2242 4235 est
2270 4198 2362 4249 per
2392 4184 2575 4236 lsziiam
2609 4203 2621 4237 :
2648 4186 2842 4237 Auditu
2870 4189 3117 4252 audietis,
3149 4198 3202 4241 et
3232 4206 3334 4242 non
3368 4192 3521 4244 intel-

1932 4273 2127 4340 ligetis.
2157 4274 2280 4327 llxec
2307 4285 2483 4329 autem
2510 4276 2641 4329 dixit
2666 4278 2879 4346 quando
2906 4279 3035 4330 vidit
3063 4281 3281 4347 gloriam
3311 4283 3444 4349 ejus,
3472 4291 3524 4337 et

1933 4366 2182 4434 loquutus
2221 4375 2301 4421 est
2351 4368 2417 4420 de
2445 4383 2509 4421 eo
2539 4386 2557 4419 ι
2590 4368 2769 4437 (Joan.
2804 4369 2893 4421 12.
2924 4370 3153 4437 57.41).
3192 4371 3526 4425 Vidistin’ca-

1935 4465 2025 4525 put
2077 4458 2262 4510 salutis
2324 4469 2553 4525 nostra),
2604 4458 3115 4514 sanctiﬁcationem?
3161 4461 3526 4516 Sanctilicatio

1932 4551 1976 4603 si
2005 4565 2106 4602 non
2141 4550 2329 4611 fuerit,
2361 4566 2531 4620 neque
2557 4551 2866 4621 mysterium
2899 4562 3314 4605 consummatur.
3351 4552 3525 4607 Habes

1936 4643 2237 4710 imaginem.
2268 4642 2449 4697 Solum
2478 4644 2658 4697 dixere
2684 4644 2968 4698 Cberubim
2997 4663 3008 4696 :
3038 4643 3276 4709 Sanctus,
3302 4656 3523 4710 sanctus,

1931 4746 2131 4787 sanctus
2157 4734 2401 4787 Dominus
2426 4752 2444 4788 :
2465 4736 2789 4789 sanctilicata
2818 4746 2899 4790 est
2920 4736 3111 4789 hostia.
3139 4736 3201 4789 Et
3229 4741 3408 4790 missus
3429 4748 3519 4802 est,

1936 4826 2121 4893 inquit,
2154 4826 2220 4877 ad
2250 4842 2326 4878 me
2351 4843 2480 4879 unus
2504 4827 2565 4879 de
2597 4826 2883 4891 Cherubim,
2919 4836 2963 4879 et
2989 4829 3039 4879 in
3068 4844 3223 4880 manu
3249 4846 3342 4881 sua
3373 4829 3524 4881 liabe-

1934 4918 2013 4968 bnt
2034 4917 2315 4978 carbonem,
2340 4934 2485 4987 quem
2505 4917 2700 4986 forcipe
2727 4918 2904 4970 tulerat
2928 4918 2990 4969 de
3015 4917 3166 4970 altari
3188 4917 3338 4989 (lsni.
3364 4918 3416 4971 6.
3442 4919 3523 4988 6).

1933 5010 2047 5063 Non
2076 5009 2214 5073 tulit,
2239 5009 2408 5062 donec
2435 5010 2790 5063 sanctiﬁcatus
2813 5018 2914 5062 est.
2947 5008 3148 5079 Tetigit,
3179 5008 3367 5078 inquit,
3389 5010 3523 5064 lcbia

1936 5118 2044 5152 mea
2076 5099 2234 5169 (Ibid.
2280 5116 2323 5151 υ.
2368 5100 2445 5164 7).
2476 5101 2581 5152 (Zur
2618 5100 2796 5151 labia?
2823 5100 3192 5169 Mysteriorum
3243 5101 3521 5154 vestibula.

1933 5194 2065 5260 Quid
2096 5194 2317 5248 dicimus
2342 5195 2554 5249 ﬁdeles?
2579 5195 2687 5248 lloc
2714 5196 3021 5266 mysterium
3052 5206 3262 5265 peccata
3287 5197 3525 5252 dimittit.

1940 5287 2126 5339 Dicunt
2156 5287 2312 5340 etiam
2344 5286 2664 5341 Clterubim:
2693 5287 2823 5340 Ecce
2845 5288 3030 5340 abstuli
3064 5302 3266 5357 peccata
3298 5300 3401 5341 tua.
3432 5290 3522 5342 νὶ-

1934 5378 2054 5431 disti
2099 5377 2359 5447 ﬁguram?
2385 5378 2556 5431 vidisti
2600 5379 2964 5446 splendentem
2997 5380 3316 5434 veritatem?
3346 5383 3524 5451 Ipsum

1934 5472 2110 5540 igitur,
2139 5473 2225 5539 qui
2257 5472 2405 5527 sedet
2435 5489 2595 5541 super
2622 5474 2811 5526 solium
2840 5474 3108 5528 excelsum
3142 5484 3194 5528 et
3220 5476 3487 5530 elevatum
3506 5520 3520 5541 ,

1933 5564 2263 5617 sanctilicare
2306 5580 2371 5617 ne
2414 5579 2729 5628 cessemus;
2762 5566 2958 5633 gratias
3000 5580 3126 5619 vero
3171 5581 3387 5634 agamus
3430 5583 3527 5635 pro

1931 5656 2105 5707 anima
2129 5670 2245 5722 qua:
2272 5654 2486 5708 seducta
2518 5654 2687 5709 fuerat
2712 5696 2726 5720 ,
2760 5671 2915 5723 quam
2948 5656 3099 5723 lupus
3127 5656 3330 5723 rapuit,
3359 5672 3518 5725 quam

1933 5745 2127 5798 avulsit
2158 5754 2355 5813 pastor,
2388 5761 2545 5817 quam
2576 5746 2746 5812 rapuit
2770 5746 3028 5805 diabolus.
3061 5746 3154 5802 sed
3182 5746 3398 5801 abstulit
3431 5747 3520 5803 ille
