3984 6428
465 335 576 387 447

461 434 698 487 clemens
724 441 785 482 ac
811 427 1099 495 benignus;
1121 433 1175 474 ut
1197 437 1256 475 os
1278 434 1434 474 utnne
1457 417 1784 483 lmrrcticum,
1810 429 1861 471 et
1883 417 2058 487 lingua

464 520 773 590 blasphcma
801 518 998 576 furens,
1023 514 1194 567 laudet
1218 513 1426 566 Patrem
1448 520 1497 564 et
1522 510 1714 564 Filium
1736 519 1786 564 et
1805 510 2059 578 Spiritum

464 622 704 670 sanctum
739 614 792 666 in
824 609 1034 665 swcula.
1068 609 1235 660 Amen
1270 605 1365 674 (a).

465 746 708 818 Ejusdem
731 745 783 798 in
814 743 943 796 diem
972 743 1173 795 tertium
1194 739 1458 793 creationis
1480 779 1492 802 ,
1518 748 1563 791 et
1585 737 1648 791 de
1672 738 2056 792 resurrectione.

537 862 587 915 1.
619 857 796 912 Mundi
831 856 1032 912 Artifex
1063 856 1197 920 sole,
1232 854 1376 921 luna,
1410 854 1579 908 stellis
1610 852 1798 907 caelum
1825 852 2056 916 ornavit.

465 963 769 1021 terramque
791 949 1012 1003 ﬁoribus
1040 959 1093 1001 et
1117 948 1311 1016 plantis
1340 947 1634 1009 coronavit,
1658 955 1816 1014 atque
1844 959 2059 997 omnem

461 1054 764 1101 creaturam
796 1042 955 1095 variis
1001 1041 1276 1094 decoravit
1321 1038 1598 1093 ornatibus
1635 1054 1646 1089 :
1678 1051 1777 1090 nos
1806 1051 1933 1091 vero
1965 1050 2062 1104 par

460 1145 564 1203 est,
597 1144 872 1203 resumpto
901 1133 968 1186 de
997 1132 1266 1186 creatione
1291 1143 1574 1191 sermone,
1610 1126 1820 1196 epiﬁcia
1843 1125 2058 1194 quidem

463 1229 680 1295 mirari,
725 1227 981 1296 Opiﬁecm
1028 1234 1205 1277 autem
1238 1221 1484 1276 adorare.
1545 1218 1729 1287 Neque
1758 1217 1903 1273 enim
1947 1217 2061 1272 haec

464 1319 664 1388 scripta
690 1327 814 1371 sunt
842 1317 1011 1368 solum
1032 1355 1046 1380 ,
1096 1321 1155 1367 ut
1202 1312 1471 1365 discamus
1509 1311 1596 1364 illa
1629 1308 1766 1364 facta
1794 1323 1935 1374 esse,
1965 1309 2058 1363 sed

462 1419 519 1464 ut
547 1411 801 1479 Opiﬁcem
836 1407 1184 1459 admirenntr.
1233 1405 1438 1458 Dictum
1491 1411 1576 1458 est
1600 1402 1746 1455 illum
1778 1402 1949 1471 primo
1974 1401 2060 1456 die

463 1513 829 1557 creaturarum
857 1503 1133 1554 materiam
1161 1499 1474 1568 produxisse
1499 1515 1511 1549 :
1537 1496 1773 1552 secundo
1801 1496 1907 1561 die,
1929 1509 2059 1564 quo-

460 1593 620 1648 modo
647 1608 711 1648 ex
741 1593 941 1646 rariore
973 1592 1326 1659 mollioreque
1354 1605 1609 1658 aquarum
1635 1589 1854 1643 materia
1883 1589 2060 1640 tirma-

462 1695 703 1739 mentum
733 1682 1089 1749 constituerit,
1126 1682 1350 1750 ideoque
1387 1682 1779 1734 ﬁrmamentum
1812 1689 2057 1733 vocatum

458 1776 640 1831 fuerit.
672 1775 874 1830 Idcirco
905 1775 1064 1828 etiam
1093 1773 1339 1827 Christus
1383 1781 1549 1825 totum
1582 1771 1766 1823 orbem
1797 1779 2056 1823 terrarmn

457 1875 805 1922 extenuatum
824 1873 878 1919 et
899 1863 1218 1926 emollitum,
1244 1863 1559 1929 diversoque
1583 1859 1814 1928 plurium
1836 1858 2057 1911 deorum

459 1973 644 2013 errore
670 1973 768 2013 ceu
797 1956 1020 2010 materia
1052 1955 1367 2024 dissipatum
1391 1995 1402 2016 ,
1443 1952 1674 2023 collegit,
1706 1960 1760 2005 et
1789 1966 1945 2004 unam
1994 1952 2056 2002 li-

457 2051 579 2105 dem
619 2049 775 2114 fecit,
826 2063 983 2118 quam
1027 2051 1417 2099 ﬁrmamentum
1465 2051 1620 2098 vocat
1644 2042 1930 2111 Apostolus
1977 2040 2059 2094 his

461 2140 638 2194 verbis
663 2159 674 2192 :
702 2139 993 2193 Secundam
1023 2139 1397 2206 ﬁrmamentum
1420 2137 1538 2202 [idei
1567 2137 1619 2187 in
1640 2133 1894 2189 Christum
1921 2131 2053 2204 (Col.

457 2230 513 2284 2.
539 2231 617 2298 5).
644 2230 818 2282 Divisa
844 2240 926 2282 est
954 2230 1111 2298 igitur
1132 2228 1360 2295 abyssns
1383 2244 1394 2289 ;
1422 2236 1641 2295 eratque
1667 2241 1799 2294 aqua
1831 2226 1914 2278 illa
1939 2242 2056 2294 qua:

461 2322 600 2377 infra
625 2323 872 2376 manebat
909 2320 1154 2390 abyssus,
1187 2328 1345 2386 atque
1381 2319 1540 2371 etiam
1568 2318 1655 2370 illa
1695 2332 1812 2385 qua:
1846 2330 2055 2368 sursum

459 2421 514 2468 et
533 2410 776 2466 sublimis
797 2419 913 2465 erat
938 2411 1183 2480 abyssus.
1213 2407 1364 2463 Unde
1391 2407 1526 2461 hoc?
1551 2406 1638 2460 Ait
1667 2405 1828 2459 David
1854 2423 1866 2456 :
1892 2405 2056 2474 Abys-

457 2521 546 2558 sus
606 2505 845 2574 abyssum
899 2503 1093 2554 invocat
1143 2501 1194 2552 in
1248 2516 1369 2552 voce
1422 2509 1794 2551 calaractarum
1858 2510 2058 2549 tuarum

459 2598 644 2672 (Psal.
675 2598 759 2652 41.
797 2597 881 2666 8).
921 2596 1095 2649 Divisa
1128 2603 1209 2648 est
1253 2595 1430 2661 itaque
1461 2593 1685 2662 abyssus
1710 2631 1725 2657 ,
1777 2599 1832 2645 et
1859 2589 2054 2644 factum

456 2701 541 2746 est
571 2691 965 2744 tirmamcutum
1000 2705 1011 2739 :
1045 2685 1300 2754 deinceps
1343 2694 1483 2738 terra
1526 2693 1711 2752 operta
1747 2692 1863 2737 erat
1897 2695 2054 2751 aqua.

458 2781 526 2836 Et
556 2782 684 2837 dixit
718 2780 851 2833 Deus
872 2821 885 2845 ,
935 2778 1137 2846 inquit,
1170 2777 1513 2846 Congregctur
1539 2791 1671 2840 aqua
1695 2790 1807 2842 qua:
1836 2776 1924 2828 sub
1955 2787 2054 2826 ca:-

457 2875 508 2926 lo
551 2882 622 2927 est
681 2873 732 2923 in
775 2870 1210 2941 congregationem
1266 2884 1459 2932 unam,
1515 2877 1560 2920 et
1608 2875 1853 2936 appareat
1909 2864 2057 2917 arida

461 2963 626 3036 (Gen.
662 2963 829 3031 1.9).

539 3054 728 3109 Contra
771 3049 1604 3118 Anoma'os.—Qnandoquidetn
1641 3049 1819 3101 omnia
1862 3047 2057 3102 intelli-

463 3162 590 3218 gere
614 3148 797 3199 volunt
820 3144 997 3196 miseri
1030 3143 1101 3195 illi
1133 3142 1387 3206 ha-retici,
1419 3150 1467 3195 et
1502 3140 2056 3209 inemoprehensibilis

463 3249 669 3294 natura:
698 3236 914 3291 modum
943 3244 1279 3297 scrutantur,
1311 3233 1492 3286 dicant
1515 3232 1786 3301 quomodo
1825 3247 2056 3302 congre-

456 3339 575 3399 gata
604 3331 671 3381 sit
696 3343 852 3396 aqua,
883 3335 973 3379 aut
1000 3336 1317 3394 congregata
1345 3338 1574 3391 quonam
1605 3326 1907 3377 recesserit.
1939 3322 2054 3376 Non

457 3424 623 3485 enim,
656 3419 949 3476 secundum
979 3433 1070 3471 vos
1097 3458 1110 3480 ,
1142 3418 1285 3470 nullo
1315 3416 1562 3468 examine
1591 3417 1810 3468 vocibus
1839 3415 2053 3469 ha‘ren-

455 3519 583 3570 dum
614 3523 715 3576 est,
748 3513 838 3567 sed
870 3528 957 3566 res
984 3521 1107 3564 sunt
1147 3510 1469 3578 qua-renda:.
1517 3509 1662 3562 Dixit
1703 3507 1842 3562 Dens
1875 3525 1890 3561 :
1918 3509 2055 3562 (Ion-

454 3617 686 3679 gregetur
715 3621 868 3675 aqua.
901 3604 1144 3670 Quonam
1174 3612 1494 3671 congregata
1529 3601 1664 3655 fuit?
1691 3601 1744 3654 In
1775 3616 1941 3657 mare.
1974 3605 2054 3656 An

456 3715 606 3755 mare
636 3708 759 3753 tunc
787 3698 998 3766 plenum
1031 3713 1136 3749 non
1167 3707 1283 3750 erat
1303 3696 1324 3746 ’ἶ
1348 3696 1510 3747 Terra
1542 3696 1690 3761 plena
1713 3702 1848 3757 erat,
1875 3696 2054 3762 utique

455 3807 586 3846 sane
616 3801 669 3846 et
693 3806 858 3844 mare.
888 3790 1130 3853 Quonam
1161 3789 1321 3856 igitur
1350 3795 1669 3854 congregata
1699 3790 1816 3839 est?
1844 3788 1942 3852 Qui
1966 3787 2051 3840 illa

455 3899 576 3953 qua:
604 3883 656 3936 in
681 3881 904 3950 pedibus
936 3880 1152 3942 habent,
1179 3893 1403 3947 qumque
1426 3877 1671 3931 videntur
1701 3893 1804 3931 non
1835 3888 2056 3947 possunt

456 3988 670 4044 capere,
693 3971 1088 4027 inscrutabilem
1112 3969 1444 4022 altitudinem
1474 3968 1689 4022 curiose
1717 3970 2050 4038 perquirunt,

456 4077 511 4122 et
555 4062 1150 4134 incomprehensibilem
1197 4060 1495 4113 divinitatis
1539 4059 1826 4130 abyssum,
1880 4076 2054 4130 neque

457 4173 607 4212 mare
630 4197 644 4222 ,
693 4155 834 4226 quod
864 4163 944 4208 est
986 4151 1525 4220 incomprehensibile
1546 4191 1560 4214 ,
1599 4151 1834 4205 deterret
1863 4166 1958 4204 eos
1987 4151 2053 4205 ab

457 4248 786 4318 explorando
826 4244 1064 4299 Artiliee.
1114 4243 1233 4295 Ideo
1261 4241 1531 4295 haereticis
1570 4241 1712 4295 dicat
1751 4242 2049 4312 propheta:

456 4336 792 4394 Erubescant
842 4336 1120 4398 haeretici,
1173 4333 1308 4385 dixit
1366 4347 1552 4395 mare;
1603 4332 2052 4400 quemadmodum

455 4430 626 4486 dixit:
654 4425 1117 4488 Erubesce,Sidon,
1138 4425 1266 4477 dixit
1295 4441 1432 4475 mare
1453 4428 1467 4454 ¹
1506 4423 1655 4492 (Isai.
1688 4423 1780 4478 25.
1809 4425 1886 4494 4).
1911 4424 2054 4491 Quo-

457 4536 582 4575 nam
612 4521 770 4589 igitur
796 4519 914 4573 loco
935 4528 1272 4587 congregatae
1303 4528 1427 4570 sunt
1459 4518 1652 4585 aqu-.e?
1683 4517 1838 4570 Audi.
1871 4518 2054 4584 Quan-

458 4613 528 4667 do
557 4623 753 4666 terram
781 4611 908 4665 fecit
940 4611 1077 4664 Deus
1099 4651 1112 4674 ,
1162 4613 1396 4663 nondum
1428 4619 1576 4663 erant
1621 4624 1851 4662 concava
1898 4625 2052 4663 mon-

461 4707 628 4767 tium;
659 4702 750 4757 sed
783 4702 941 4756 simul
968 4711 1129 4770 atque
1150 4701 1314 4766 dixit,
1347 4699 1691 4769 Congregetur
1717 4716 1880 4767 aqua,
1914 4709 2052 4755 terra

459 4796 673 4864 dirupta
700 4803 783 4849 est
809 4836 822 4858 ,
856 4808 918 4847 ac
955 4794 1102 4847 sinus
1135 4793 1276 4846 fecit.
1309 4793 1436 4858 Quae
1467 4808 1550 4846 res
1581 4801 2052 4857 com-nonstratur,

462 4904 654 4958 nempe
681 4887 820 4958 quod
851 4895 990 4941 terra
1018 4886 1225 4954 dirupta
1261 4885 1442 4948 fuerit,
1471 4900 1536 4938 ex
1566 4883 1752 4936 insulis
1775 4893 1830 4938 et
1860 4885 2056 4937 monti-

461 4981 560 5036 bus
589 4980 713 5035 hinc
737 4979 860 5033 inde
885 4979 1088 5048 positis.
1124 4977 1352 5046 Ideoque
1379 4977 1590 5042 reliquit
1621 4976 1759 5028 Deus
1784 4976 1981 5030 insulas
2003 4984 2059 5030 et

463 5083 674 5128 montes
695 5114 709 5138 ,
763 5080 821 5126 ut
862 5071 1036 5126 discas
1067 5086 1130 5125 ea
1164 5085 1194 5123 a
1236 5069 1494 5138 principio
1523 5068 1804 5137 conjuncta
1848 5068 2009 5123 fuisse
2040 5085 2055 5123 :

465 5166 556 5220 Dei
585 5173 761 5218 autem
785 5163 1004 5216 verbum
1035 5161 1151 5214 haec
1183 5161 1498 5228 segregavit.
1528 5158 1872 5227 Congregetur
1901 5174 2054 5227 aqua,

465 5255 658 5310 nudata
687 5264 768 5309 est
799 5263 960 5308 terra.
987 5252 1273 5307 Sciendum
1306 5263 1518 5315 autem,
1573 5261 1768 5304 terram
1795 5291 1807 5312 ,
1838 5267 1954 5318 qtae
1983 5251 2060 5304 sic

464 5347 624 5401 hodie
654 5345 981 5415 appellatur,
1011 5360 1038 5397 a
1068 5345 1174 5397 Deo
1203 5356 1303 5396 nec
1345 5353 1538 5395 terram
1571 5355 1690 5394 esse
1719 5342 1928 5403 laetam,
1965 5355 2058 5393 ne-

466 5454 571 5509 que
592 5437 694 5492 hoc
721 5438 935 5491 nomine
971 5446 1214 5490 vocatam
1251 5453 1263 5487 :
1294 5434 1386 5487 sed
1409 5449 1439 5487 a
1473 5434 1730 5502 principio
1773 5432 2060 5486 ercationis

469 5545 664 5589 nomen
688 5533 805 5598 ejus
829 5527 1011 5589 fuisse,
1030 5527 1198 5592 arida,
1221 5537 1278 5580 ut
1301 5527 1372 5579 ait
1397 5525 1559 5580 David
1587 5543 1600 5578 :
1627 5525 1876 5591 Quoniam
1903 5525 2060 5593 ipsius

529 5643 544 5673 ι
575 5648 691 5704 Haec
710 5680 722 5699 ,
747 5639 1153 5704 quemadmodum
1176 5638 1422 5704 Μαίη...
1451 5636 1581 5688 dixit
1620 5651 1782 5699 inure,
1815 5650 1979 5699 neque
2011 5637 2058 5686 in

463 5702 604 5766 savii.
633 5700 798 5766 neque
824 5701 1146 5766 iuComlieﬁs.
1176 5700 1423 5762 leguntur.

530 5764 604 5827 (ai
639 5764 912 5816 Sie'desinit
939 5764 1210 5812 Vaticanus.

1930 303 2295 361 SEVEllIANl

3664 335 3779 387 448

2174 427 2247 472 est
2277 433 2434 483 mare,
2467 428 2513 471 et
2538 418 2648 488 ipse
2672 418 2789 487 fecit
2815 418 2963 484 illud,
2999 427 3044 471 et
3071 419 3270 474 aridam
3296 422 3637 490 formaverunt
3660 441 3771 478 ma-

2170 528 2264 564 nus
2293 511 2441 580 ejus(
2460 509 2608 564 Psal.
2643 511 2734 566 94.
2765 511 2854 580 5).
2897 511 3059 566 Arida
3091 511 3225 567 facta
3257 521 3360 577 est,
3393 517 3770 585 cognominata

2167 614 2344 658 autem
2386 602 2480 657 fuit
2511 614 2652 657 terra
2684 621 2696 656 :
2728 604 3180 674 quemadmodum
3213 605 3315 660 hoc
3364 607 3768 662 ﬁrmamentunt

2169 695 2441 750 conditum
2465 705 2583 762 est,
2635 705 2689 751 et
2731 706 2976 751 vocatum
3022 707 3104 752 est
3142 698 3354 753 cmlutn.
3404 699 3567 755 Facto
3609 701 3772 770 igitur

2170 801 2424 855 aquarum
2451 787 2701 853 divortio,
2736 788 2932 856 prodiit
2956 788 3124 855 arida,
3156 790 3389 857 Speciem
3421 789 3624 846 habens
3653 793 3770 845 ine-

2169 876 2351 931 briatze
2377 885 2533 932 terra:
2562 893 2750 946 :aqua:
2778 878 2918 932 enim
2949 881 3255 948 nuperrime
3284 892 3637 936 recesserant.
3670 883 3771 936 Ubi

2166 983 2295 1038 ergo
2332 967 2542 1022 detecta
2587 968 2683 1022 fuit
2723 978 2900 1034 terra,
2941 971 3092 1038 jubet
3129 970 3351 1025 Creator
3382 987 3397 1024 :
3431 990 3450 1024 ‹
3487 971 3772 1027 Germinet

2170 1069 2306 1112 terra
2331 1057 2550 1114 herbam
2583 1058 2731 1120 lieni,
2766 1059 3120 1116 seminantem
3150 1075 3332 1117 semen
3355 1063 3650 1117 secundum
3677 1080 3773 1132 ge-

2168 1166 2266 1203 nus
2299 1159 2352 1204 et
2375 1149 2670 1205 secundum
2702 1152 3107 1207 similitudinem
3131 1194 3145 1218 ,
3188 1163 3240 1207 et
3271 1155 3469 1223 lignum
3521 1157 3766 1210 fructife-

2166 1256 2306 1307 rum,
2337 1240 2489 1310 cujus
2511 1255 2698 1296 semen
2728 1243 2780 1295 in
2810 1243 2923 1310 ipso
2953 1245 3042 1308 sit,
3077 1244 3368 1298 secundum
3401 1260 3569 1314 genus
3597 1258 3652 1300 et
3681 1263 3772 1300 se-

2165 1332 2394 1384 cundum
2437 1331 2840 1386 similitudinem
2880 1351 2896 1384 ι
2943 1331 3106 1401 (Gen.
3153 1333 3203 1387 Ι.
3253 1333 3350 1403 Η)
3389 1353 3402 1389 :
3436 1336 3620 1405 Neque
3670 1337 3774 1389 hoc

2167 1421 2371 1490 pudore
2399 1421 2564 1476 afﬁcit
2587 1423 2890 1477 haareticos.
2922 1424 3097 1478 Uerba
3125 1433 3180 1479 et
3208 1426 3349 1495 ligna
3374 1435 3426 1480 et
3452 1425 3657 1479 fwiuuu
3684 1445 3774 1496 ge-

2167 1524 2356 1569 nerant
2382 1516 2674 1570 secundum
2708 1517 3113 1572 similitudinem
3141 1559 3154 1583 ,
3203 1528 3255 1572 ct
3287 1520 3425 1573 Deus
3449 1520 3772 1573 dissimilem

2163 1608 2262 1661 sibi
2302 1607 2525 1682 genuit?
2557 1609 2762 1663 Etcum
2783 1609 3156 1677 quadrupedes
3186 1626 3402 1666 rursum
3429 1651 3441 1675 ,
3477 1613 3690 1680 reptilia
3721 1623 3775 1666 et

2164 1711 2290 1751 aves
2336 1697 2470 1752 facta
2498 1707 2655 1765 sunt,
2703 1700 2830 1754 dicit
2877 1701 3014 1756 Deus
3045 1719 3062 1764 ;
3095 1700 3336 1755 Educant
3371 1719 3518 1773 aqua:
3560 1704 3770 1771 reptilia

2163 1790 2451 1842 animarum
2475 1791 2737 1843 viventium
2766 1834 2780 1858 ,
2811 1802 2855 1845 et
2888 1794 3112 1847 volatilia
3145 1794 3362 1847 volantia
3392 1811 3548 1862 super
3576 1803 3771 1848 terram

2163 1882 2438 1934 secundum
2467 1897 2624 1951 genus
2657 1882 2818 1951 (lien.
2855 1884 2906 1936 l.
2939 1883 3009 1937 20
3030 1885 3070 1953 ).
3103 1883 3277 1951 Ferat,
3307 1886 3538 1954 reptilia,
3575 1887 3772 1939 volati-

2166 1970 2254 2034 lia,
2295 1972 2553 2037 natatilia,
2585 1971 2767 2034 herba,
2813 1972 3035 2038 fumum,
3073 1974 3233 2042 ligna,
3272 1973 3565 2027 secundum
3599 1990 3772 2043 genus

2164 2073 2217 2117 et
2247 2062 2542 2118 secundum
2577 2065 2977 2118 similitudinem
3001 2075 3261 2134 generant
3294 2085 3306 2118 :
3337 2067 3594 2136 solusque
3630 2070 3773 2122 licus

2162 2154 2476 2209 dissimilem
2506 2157 2732 2225 genuit?
2761 2155 3004 2226 Cumque
3033 2172 3130 2211 nos
3156 2158 3356 2210 ereavit
3391 2159 3552 2222 Deus,
3587 2159 3721 2212 dixit
3759 2179 3771 2212 :

2165 2244 2440 2299 Faciamus
2472 2246 2725 2298 hominem
2765 2246 2832 2298 ad
2875 2248 3146 2316 imaginem
3173 2255 3217 2299 et
3253 2247 3640 2300 similitudinem
3680 2265 3772 2300 no-

2162 2347 2318 2391 stram
2353 2336 2516 2407 (Gen.
2559 2338 2611 2390 1.
2639 2336 2744 2406 26)
2782 2355 2795 2390 :
2828 2353 2962 2406 opus
2993 2348 3074 2391 est
3117 2339 3412 2392 secundum
3456 2339 3771 2393 similitudi-

2163 2442 2309 2491 nem,
2338 2438 2392 2482 et
2417 2427 2609 2482 artifex
2630 2427 2955 2482 dissimilis?

2233 2520 2286 2573 2.
2333 2519 2438 2574 Sed
2485 2535 2598 2575 rem
2652 2522 2842 2574 miram
2875 2519 2994 2575 vide
3025 2539 3037 2572 :
3069 2534 3214 2590 saepe
3250 2535 3479 2591 namque
3515 2521 3772 2577 hmrctica

2167 2611 2407 2680 nequitia
2435 2611 2713 2664 latibulum
2746 2612 2960 2679 reperit.
2988 2611 3079 2676 Si,
3111 2611 3313 2680 inquit,
3344 2612 3414 2665 ita
3446 2612 3650 2667 dixeris
3680 2612 3772 2667 Fi-

2162 2700 2291 2753 lium
2317 2700 2612 2753 secundum
2642 2699 3066 2766 sin'iilitudinem,
3104 2709 3160 2754 ttt
3190 2709 3244 2756 et
3279 2717 3374 2755 nos
3399 2744 3412 2768 ,
3449 2701 3500 2754 id
3527 2703 3772 2756 admitti-

2167 2808 2306 2845 mus.
2356 2792 2644 2846 Enimvero
2674 2791 2816 2845 aliud
2861 2800 2944 2846 est
2987 2801 3192 2847 natura:
3240 2794 3572 2859 similitudo,
3618 2795 3766 2848 almd

2161 2887 2368 2955 gratio.
2403 2885 2509 2939 Nos
2537 2885 2830 2939 secundum
2862 2884 3266 2940 similitudinem
3289 2927 3304 2952 ,
3351 2886 3439 2940 ille
3468 2887 3769 2941 similitudo

2162 2989 2243 3032 est
2274 2994 2286 3029 :
2317 2992 2437 3030 nam
2465 2978 2566 3043 Qui
2588 2978 2706 3030 vidit
2731 2993 2826 3041 me,
2854 2977 2974 3030 vidit
3005 2976 3211 3030 Patrem
3234 2975 3412 3046 (Joan.
3443 2978 3526 3029 l4.
3549 2976 3604 3044 9)
3628 2994 3642 3042 ;
3670 2994 3770 3032 nos

2163 3067 2455 3123 secundum
2497 3067 2920 3120 similitudinem.
2960 3065 3158 3120 Servos
3193 3075 3372 3119 autem
3412 3066 3504 3120 Dei
3552 3077 3773 3135 Oportet

2163 3163 2452 3216 dictionum
2481 3160 2788 3214 discrimina
2817 3173 3078 3228 qumrere.
3107 3158 3248 3212 Dixit
3286 3158 3424 3213 Deus
3459 3175 3470 3210 :
3509 3156 3770 3212 Gcrminet

2163 3266 2296 3309 terra
2326 3255 2530 3308 herbam
2555 3254 2679 3322 ['a'ni
2703 3294 2717 3320 ,
2751 3263 2796 3306 et
2827 3254 3019 3322 lignum
3051 3252 3377 3323 fructiferum
3415 3254 3610 3322 faciens
3658 3257 3771 3323 fru-

2162 3359 2316 3398 ctum.
2351 3346 2553 3399 Deinde
2584 3344 2712 3398 dicit
2743 3361 2755 3396 :
2791 3341 2990 3395 Educat
3034 3352 3170 3396 terra
3205 3341 3556 3412 quadrupedes
3595 3353 3642 3395 et
3682 3343 3769 3396 bc-

2161 3439 2301 3488 stias.
2335 3435 2440 3490 Cur
2471 3435 2539 3486 ibi
2566 3475 2578 3497 ,
2615 3432 2890 3496 (ierminet,
2920 3431 3024 3498 hic,
3069 3431 3287 3497 Educat,
3317 3431 3482 3486 dicit?
3510 3432 3768 3488 Germiua

2161 3541 2213 3582 et
2244 3531 2379 3599 ligna
2407 3527 2716 3596 fructusque
2744 3527 3027 3595 quotannis
3069 3528 3392 3595 germinant.
3436 3524 3570 3592 Quia
3607 3527 3770 3595 igitur

2161 3622 2364 3675 semina
2391 3621 2443 3673 in
2471 3629 2610 3672 terra
2642 3632 2890 3669 mansura
2919 3626 3072 3668 erant
3098 3657 3112 3681 ,
3159 3624 3212 3668 et
3241 3630 3304 3667 ex
3332 3613 3421 3667 illa
3457 3616 3728 3682 proditura
3750 3655 3764 3678 ,

2164 3715 2282 3768 ideo
2312 3714 2382 3767 ait
2406 3754 2420 3779 ,
2451 3712 2724 3766 Cet-minet.
2760 3711 2822 3763 Et
2858 3712 2997 3764 circa
3031 3711 3280 3763 animalia
3305 3751 3318 3774 ,
3360 3709 3558 3763 Educat
3580 3752 3593 3774 ,
3643 3712 3765 3779 quia

2160 3822 2282 3859 cum
2311 3805 2475 3859 semel
2503 3821 2566 3858 cx
2599 3815 2737 3857 terra
2768 3813 2882 3855 orta
2908 3811 3106 3867 essent,
3134 3817 3239 3855 non
3268 3804 3403 3854 ttltra
3431 3817 3458 3852 a
3486 3811 3648 3863 terra,
3669 3803 3765 3854 sed

2164 3915 2256 3967 ετιι·
2292 3898 2689 3951 successionem
2721 3896 3025 3963 gignuntur.
3067 3890 3280 3944 Factum
3308 3903 3378 3945 est
3405 3893 3495 3943 ita.
3530 3891 3763 3944 Verbum

2161 3993 2212 4044 in
2242 4006 2376 4060 Opus
2399 3988 2636 4042 decurrit
2665 4006 2676 4054 ;
2709 3995 2893 4039 ornata
2922 3984 3018 4038 fuit
3040 3993 3177 4039 terra
3201 4000 3214 4050 ;
3245 3983 3525 4054 Oportebat
3547 3986 3764 4037 demmn

2161 4086 2340 4139 ornari
2370 4082 2584 4136 caelum.

2231 4175 2334 4229 Cur
2374 4173 2530 4226 solem
2558 4180 2605 4225 et
2648 4170 2820 4223 lunam
2847 4185 2947 4221 non
2980 4167 3141 4238 primo
3170 4167 3252 4220 die
3295 4168 3464 4237 fecerit
3507 4165 3668 4220 Deus.
3698 4196 3766 4206 -—-

2160 4269 2265 4322 Cur
2297 4266 2444 4334 prius
2468 4274 2662 4317 terram
2698 4271 2955 4325 exornat,
2985 4274 3141 4327 quam
3170 4257 3355 4311 czrlum
3377 4255 3398 4308 ?
3419 4255 3648 4325 Propter
3673 4273 3764 4311 er-

2160 4376 2337 4414 rorem
2362 4357 2737 4426 multiplicium
2766 4354 3011 4416 deorum,
3043 4352 3132 4420 qui
3167 4352 3470 4405 exoriturus
3492 4361 3632 4416 erat,
3657 4366 3765 4420 quo

2160 4453 2360 4513 solem,
2391 4451 2569 4502 lunam
2599 4489 2613 4512 ,
2645 4446 2825 4499 stellas
2856 4445 3154 4497 coluerunt.
3211 4439 3350 4492 Dixit
3396 4439 3566 4502 Deus,
3603 4440 3762 4494 Fiant

2163 4543 2433 4596 luminaria
2464 4541 2515 4591 in
2561 4540 2880 4604 ﬁrmamento
2909 4533 3018 4585 σαῖιί
3068 4530 3272 4598 (lienes.
3311 4531 3360 4584 1.
3393 4531 3503 4600 14).
3535 4528 3646 4584 Cur
3674 4549 3762 4584 so-

2165 4634 2268 4687 lem
2297 4644 2348 4684 et
2377 4633 2552 4684 lunam
2588 4644 2692 4680 nott
2724 4626 2894 4694 primo
2942 4625 3028 4676 die
3059 4623 3223 4677 fecit?
3248 4622 3380 4688 Quia
3412 4621 3654 4676 nandum
3690 4626 3768 4676 fa-

2163 4737 2304 4778 ctum
2339 4722 2512 4775 fuerat
2540 4721 2955 4780 ﬁrmamentum,
2983 4716 3034 4768 in
3066 4732 3170 4785 quo
3201 4715 3287 4768 illa
3312 4713 3557 4783 ponenda
3585 4727 3765 4772 erant.

2163 4817 2346 4884 Neque
2365 4815 2432 4867 ob
2453 4815 2588 4866 hanc
2613 4823 2815 4864 tantum
2833 4824 3048 4863 causam
3072 4806 3194 4872 ;sed
3212 4807 3332 4877 quia
3351 4806 3588 4861 nondum
3612 4816 3768 4860 erant

2168 4909 2370 4962 fructus
2395 4948 2408 4970 ,
2439 4906 2525 4976 qui
2558 4905 2626 4958 al)
2673 4904 2777 4958 illis
2815 4906 3138 4956 l‘everentur.
3187 4900 3367 4954 Tertio
3413 4914 3650 4969 namque
3680 4902 3767 4954 die

2164 5000 2369 5053 fruetus
2417 4997 2806 5067 germinat-unt.
2841 4997 2918 5047 Ac
2949 5009 3015 5047 ne
3043 5000 3320 5061 putaretur
3364 4979 3489 5044 illos
3535 5007 3602 5045 ex
3635 4992 3764 5045 solis

2167 5102 2351 5146 natura
2381 5091 2732 5160 germinasse,
2766 5096 2888 5155 post
2912 5085 3213 5140 absolutam
3240 5084 3606 5150 creationem,
3641 5096 3764 5137 tunc

2170 5186 2309 5239 Deus
2360 5183 2481 5237 fecit
2530 5183 2737 5244 solem,
2772 5179 2950 5232 lunam
2980 5186 3033 5232 et
3067 5175 3270 5230 stellas.
3314 5174 3593 5230 Undenam
3625 5176 3764 5229 Deus

2170 5276 2256 5330 illa
2283 5274 2446 5330 fecit?
2479 5275 2685 5328 Dictum
2727 5281 2810 5326 est
2834 5272 2975 5324 enim
3022 5267 3195 5337 ipsum
3225 5269 3396 5337 primo
3427 5267 3512 5320 die
3558 5283 3624 5321 ex
3658 5285 3763 5320 non

2169 5369 2498 5424 exstantibus
2521 5376 2708 5419 cuncta
2739 5363 2930 5418 fecisse
2955 5404 2968 5426 ,
3003 5360 3223 5429 reliquis
3270 5368 3444 5412 autem
3478 5358 3672 5412 diebus
3700 5373 3762 5411 ex

2169 5462 2518 5517 exstantibus.
2548 5458 2700 5514 Unde
2723 5471 2852 5526 ergo
2883 5453 3003 5507 sol?
3028 5454 3105 5506 Ex
3155 5452 3272 5505 luce
3298 5466 3416 5521 qua:
3459 5453 3634 5519 primo
3679 5448 3766 5502 die

2172 5559 2305 5610 facta
2339 5555 2507 5608 fuerat
2532 5593 2544 5617 ,
2578 5566 2739 5620 quam
2781 5548 3004 5601 mutavit
3046 5553 3104 5598 ut
3131 5545 3300 5598 voluit
3321 5541 3526 5596 Artifex
3549 5583 3564 5605 ,
3591 5541 3644 5595 in
3676 5555 3766 5592 va-

2173 5651 2382 5714 t‘iasquc
2425 5645 2633 5716 species
2665 5641 2928 5696 convertit
2961 5657 2973 5692 :
3010 5639 3116 5692 illic
3157 5638 3289 5692 lueis
3328 5639 3645 5700 materiam,
3680 5635 3765 5690 hic

2179 5744 2356 5798 stellas
2384 5759 2395 5795 :
2423 5736 2869 5810 quemadmodum
2900 5735 2942 5787 si
2964 5733 3079 5804 quis
3108 5732 3450 5801 prsentitteret
3479 5731 3596 5785 auri
3622 5744 3762 5783 mas-
