3984 6436
228 377 351 430 447

225 477 355 567 τῷν
384 483 638 551 χειλέων
653 505 797 557 μου.
829 491 983 545 Διατί
1025 492 1134 546 τῶν
1171 495 1435 564 χειλέων;
1466 496 1547 548 Τὰ
1577 494 1827 567 πρόθυρα

226 566 341 620 τῶν
374 573 713 642 μυστηρίων.
750 576 813 629 Τί
844 578 1074 650 λέγομεν
1102 583 1150 634 οἱ
1184 583 1404 647 πιστοί;
1444 566 1705 636 Τοῦτοτὸ
1736 599 1829 652 μυ·

231 656 458 727 στήριον
494 658 721 731 ἀφίησιν
753 663 1045 737 ἁμαρτίας.
1073 668 1235 737 Λέγει
1268 670 1363 723 καὶ
1396 667 1465 723 τά
1492 668 1823 741 Χερουϐείμ’

240 741 393 797 Ἰδοὺ
428 745 716 817 ἀφῄρηκα
749 752 859 818 τὰς
899 754 1189 823 ἁμαρτίας
1231 771 1368 810 σου.
1419 753 1573 821 Εἶδες
1605 754 1697 811 τὸν
1734 755 1822 809 τύ-

226 846 373 895 πονς
410 826 552 896 εἶδες
593 835 691 905 τὴν
733 837 995 910 ἀλήθειαν
1026 841 1386 911 λάμπουσαν;
1424 844 1595 898 Αὑτὸν
1645 843 1826 897 τοίνυν

224 918 322 971 τὸν
358 920 454 971 ἐπὶ
486 920 677 992 θρόνου
716 926 922 998 ὑψηλοῦ
955 930 1048 982 καὶ
1078 930 1392 1001 ἐπηρμένου
1439 932 1512 1002 μὴ
1539 931 1826 985 διαλείπω-

228 1022 331 1075 μεν
359 1007 699 1075 άγιάζοντες·
722 1014 1208 1087 εὐχαριστήσωμεν
1230 1018 1286 1072 δὲ
1320 1019 1412 1071 καὶ
1440 1020 1579 1089 ὑπὲρ
1606 1019 1703 1089 τῆς
1728 1018 1825 1087 ψυο

226 1094 330 1162 χῆς
375 1094 478 1165 τῆς
529 1096 931 1172 δελεασθείσης,
992 1104 1059 1174 ἢν
1116 1106 1367 1175 ἥρπασεν
1414 1106 1443 1158 ὁ
1490 1105 1675 1170 λύκος,
1728 1106 1824 1158 καὶ

224 1180 550 1237 ἀπέσπασεν
597 1187 627 1238 6
677 1189 901 1259 ποιμὴν,
940 1191 1033 1243 καὶ
1065 1191 1317 1261 ἥρπασεν
1360 1194 1390 1245 6
1426 1193 1691 1255 διάϐολος,
1728 1192 1823 1244 καὶ

222 1267 488 1333 άφείλατο
537 1274 565 1325 6
602 1273 1004 1345 φιλάνθρωπος·
1042 1278 1129 1331 ἵνα
1170 1280 1279 1333 πᾶν
1315 1281 1490 1349 στόμα
1521 1280 1818 1350 αἱρετικὸν,

223 1356 321 1408 καὶ
359 1358 513 1410 πᾶσα
557 1359 776 1424 γλῶσσα
829 1364 1132 1437 μαινομένη
1185 1366 1560 1438 βλασφημίαν,
1604 1368 1819 1439 ὑμνήσῃ

222 1440 449 1513 Πατέρα
482 1446 577 1500 καὶ
601 1446 727 1501 Υίὸν
763 1452 857 1503 καὶ
886 1452 1041 1519 ἆγιον
1068 1453 1293 1524 Πνεῦμα
1322 1456 1402 1518 εἰς
1432 1457 1558 1519 τοὺς
1590 1456 1817 1520 αἰῶνας.

232 1529 429 1602 Ἀμήν.

224 1618 338 1672 Τοῦ
385 1621 576 1675 αὑτοῦ
623 1623 711 1701 είς
761 1623 886 1701 τὴν·Δ
923 1628 1129 1701 τρίτην
1172 1629 1401 1697 ἡμέραν
1441 1631 1553 1698 τῆς
1598 1648 1817 1701 κοσμο-

537 1692 758 1758 ποιίας,
793 1694 891 1747 καὶ
923 1698 1055 1764 περὶ
1076 1692 1496 1767 ’ἀναστασεωᾳ

288 1780 359 1829 α’.
413 1775 473 1829 Ὀ
508 1777 605 1847 μὲν
637 1778 731 1832 τοῦ
763 1781 969 1852 κόσμου
1000 1785 1250 1854 τεχνίτης
1289 1787 1424 1857 ἡλίῳ
1479 1788 1574 1840 καὶ
1618 1787 1818 1862 σελήνῃ

215 1863 310 1916 καὶ
336 1864 557 1934 ἄστροις
584 1865 673 1920 τὸν
705 1868 932 1937 οὐρανὸν
964 1871 1327 1938 ἐκαλλώπισε,
1358 1874 1450 1926 καὶ
1480 1875 1580 1944 τὴν
1609 1875 1712 1946 γῆν
1732 1876 1818 1929 ἄν·

216 1950 333 2003 θεσι
385 1952 480 2005 καὶ
524 1955 710 2021 φυτοῖς
750 1957 1116 2027 ἐστεφάνωσε,
1155 1964 1251 2013 καὶ
1292 1962 1473 2015 πᾶσαν
1512 1963 1611 2033 τήν
1642 1963 1816 2017 κτίσιν

213 2038 487 2111 διαφόρως
512 2042 840 2099 ἐποίκιλλενο
865 2049 1014 2119 ἡμᾶς
1035 2048 1091 2102 δὲ
1115 2049 1195 2103 δεῖ
1220 2050 1311 2103 τὸν
1333 2052 1432 2122 τῆς
1456 2052 1815 2124 δημιουργίας

214 2125 369 2192 λόγον
421 2129 789 2197 ἀναλαϐόντας
837 2134 1141 2206 θαυμάζειν
1192 2139 1289 2208 μὲν
1338 2141 1404 2193 τὰ
1449 2142 1811 2211 γεγενημένα,

215 2219 544 2285 προσκυνεῖν
564 2217 619 2270 δὲ
647 2219 739 2272 τὸν
766 2222 1035 2293 τεχνίτην.
1056 2225 1127 2277 Οὑ
1155 2228 1263 2295 γὰρ
1291 2227 1505 2298 ἐγράφη
1536 2228 1706 2282 ταῦτα
1728 2230 1816 2284 ἵνα

215 2300 480 2372 μάθωμεν
526 2305 608 2359 ὅτι
654 2307 843 2375 γέγονε
902 2310 1083 2380 μόνον,
1116 2312 1253 2365 ἀλλὰ
1306 2315 1400 2368 καὶ
1443 2315 1815 2385 θαυμάσωμεν

211 2387 301 2441 τὸν
346 2392 669 2462 ποιήσαντα.
712 2394 938 2466 Εἴρηται
966 2398 1047 2452 ὅτι
1090 2401 1155 2470 τῇ
1194 2400 1387 2473 πρώτῃ
1418 2402 1513 2463 τὰς
1548 2402 1678 2466 ὔλας
1704 2405 1813 2457 τῶν

212 2478 527 2547 κτισμάτων
558 2482 849 2552 παρήγαγε
869 2499 885 2514 ⁸
931 2488 995 2556 τῇ
1024 2486 1251 2557 δευτέρα
1281 2489 1396 2553 πῶς
1434 2489 1494 2542 τὸ
1525 2491 1811 2561 στερέωμα

211 2562 268 2627 ἐξ
295 2565 647 2637 ήραιωμένης
673 2570 889 2636 φύσεως
915 2570 1023 2625 τῶν
1046 2573 1255 2626 ὑδάτων
1290 2578 1679 2647 συνεστήσατο,
1716 2578 1811 2631 καὶ

209 2647 294 2736 διά
328 2651 491 2705 τοῦτο
519 2656 803 2726 στερέωμα
832 2657 1057 2731 ἐκλήθη.
1090 2660 1188 2716 Διὰ
1216 2662 1375 2715 τοῦτο
1403 2663 1458 2716 δὲ
1490 2665 1581 2716 καὶ
1610 2667 1637 2718 6
1673 2667 1809 2736 Χρι-

211 2735 332 2798 στὸς
358 2738 459 2803 τὴν
489 2740 817 2812 οἰκουμένην
839 2747 1018 2797 πᾶσαν
1037 2746 1473 2818 ἑξηραιωμένην,
1500 2751 1593 2803 καὶ
1620 2769 1812 2821 κεχαυ-

210 2824 477 2893 νωμένην,
515 2826 793 2898 διαφόροις
822 2830 1086 2885 πολυθέου
1123 2834 1331 2904 πλάνης
1369 2834 1520 2898 ’ὑλαις
1550 2837 1809 2908 ἐσκορπι-

210 2909 435 2980 σμένην,
468 2915 765 2983 συνήγαγε,
798 2917 891 2970 καὶ
929 2918 1054 2987 μίαν
1081 2920 1306 2991 ἐποίησε
1348 2922 1552 2984 πίστιν,
1590 2924 1683 2976 καὶ
1711 2941 1808 2978 κα-

208 2994 288 3049 λεῖ
328 3000 500 3069 αὑτήν
534 3003 561 3053 ὁ
604 3002 925 3068 ’Λπόστολος
960 3007 1267 3077 στερέωμα,
1299 3007 1473 3075 λέγων
1499 3026 1511 3039 ·
1551 3011 1710 3065 Κατὰ
1742 3010 1807 3065 τὸ

206 3085 508 3154 στερέωμα
536 3088 645 3155 τῆς
673 3093 759 3157 είς
803 3090 910 3146 τὸν
927 3094 1183 3160 Χριστὸν
1212 3097 1491 3163 πίστεως.
1511 3099 1805 3171 Ἐμερίσθη

206 3171 385 3224 τοίνυν
414 3174 446 3243 ή
474 3174 730 3242 ἄϐυσσος,
760 3178 855 3230 καὶ
890 3174 955 3248 ἦν
979 3181 1038 3231 τὸ
1062 3183 1249 3250 μεῖναν
1280 3183 1433 3236 κάτω
1466 3184 1610 3253 ὕδωρ
1631 3185 1802 3238 ἄϐυσ-

207 3274 314 3321 σος,
351 3262 446 3313 καὶ
474 3263 535 3314 τὸ
560 3262 769 3331 ὑψωθὲν
798 3265 910 3319 ἄνω
934 3265 1185 3329 ἄϐυσσος.
1219 3269 1385 3321 Πόθεν
1413 3270 1603 3337 τοῦτο;
1639 3273 1803 3339 Λέγει

204 3346 370 3398 Δαυῖδ
390 3363 402 3375 ·
437 3348 737 3415 Ἀϐινσσος
763 3350 1041 3405 ἄϐυσσον
1066 3353 1436 3410 ἐπικαλεῖται
1472 3360 1561 3423 είς
1594 3358 1804 3427 φωνὴν

205 3430 323 3484 τῶν
351 3436 738 3501 καταρακτῶν
764 3453 901 3491 σου.
922 3440 1215 3511 Ἐμερίσθη
1256 3443 1435 3496 τοίνυν
1471 3446 1503 3515 ή
1543 3444 1801 3513 ἄϐυσσος,

206 3520 297 3571 καὶ
319 3520 537 3588 ἐγένετο
563 3523 849 3594 στερέωμα
866 3540 881 3557 ο
910 3525 1095 3580 λοιπὸν
1123 3529 1153 3596 ή
1178 3529 1246 3598 γῆ
1267 3531 1606 3585 ἐκεκάλυπτο
1628 3532 1799 3588 ὕδατι.

204 3605 311 3659 Καὶ
350 3603 502 3672 εἶπε,
539 3611 725 3681 φησὶν,
761 3615 794 3665 ό
824 3615 996 3678 Θεός·
1046 3617 1412 3685 Συναχθήτω
1446 3620 1513 3672 τὸ
1542 3619 1698 3689 ὕδωρ
1736 3621 1802 3675 τὸ

202 3695 482 3749 ὑποκάτω
523 3698 631 3752 τοῦ
676 3702 937 3768 οὐρανοῦ
974 3705 1063 3768 εἱς
1106 3706 1472 3777 συναγωγὴν
1498 3709 1666 3776 μίαν,
1702 3708 1801 3762 καὶ

204 3782 441 3851 ἀρθήτω
470 3786 507 3851 ἡ
540 3786 717 3854 ξηρά.

285 3872 503 3944 Ἐπειδὴ
540 3874 758 3929 πάνταιι
784 3876 1062 3947 βούλονται
1087 3880 1135 3931 οἱ
1167 3880 1337 3935 ἄθλιοι
1366 3882 1475 3935 τῶν
1507 3887 1799 3956 αἱρετικῶν

203 3959 413 4023 παῖδες,
450 3961 545 4013 καὶ
578 3962 780 4033 τρόπον
808 3965 1103 4035 ἐρευνῶσιν
1133 3968 1378 4039 ἁκαταλή
1392 3988 1519 4023 τττου
1560 3973 1796 4040 φύσεως,

202 4046 398 4100 εἴπωσι
452 4047 570 4112 πῶς
616 4051 854 4123 συνήχθη
900 4051 962 4104 τὸ
1017 4052 1181 4124 ὕδωρ,
1210 4056 1305 4107 καὶ
1340 4056 1442 4109 ποῦ
1471 4060 1796 4134 συνήχθη,ἢ

205 4134 467 4205 συναχθὲν
505 4135 608 4188 ποῦ
648 4138 944 4209 ἐχώρησεν.
970 4139 1043 4191 Οὑ
1077 4142 1183 4211 γὰρ
1206 4143 1517 4197 ἀκολουθεῖν
1544 4147 1642 4211 δεῖ,
1675 4148 1796 4201 καθ’

202 4221 366 4290 ὑμᾶς,
399 4223 586 4286 ἁπλῶς
615 4228 733 4289 ταῖς
755 4231 980 4295 φωναῖς.
1006 4229 1139 4281 ἀλλὰ
1171 4229 1353 4299 ζητεῖν
1382 4235 1449 4285 τά
1473 4236 1794 4307 πράγματα.

200 4304 390 4362 Εἶπεν
419 4312 452 4363 ὁ
481 4311 644 4377 Θεός·
676 4313 1041 4382 Συναχθήτω
1070 4316 1134 4368 τὸ
1166 4317 1343 4385 ὕδωρ.
1378 4321 1487 4373 Ποῦ
1522 4304 1793 4395 συνήχθη;

201 4397 292 4485 Εἰς
338 4400 438 4469 τὴν
482 4399 775 4457 θάλασσαν.
807 4404 883 4455 Οὑ
918 4404 1026 4475 γάρ
1053 4400 1123 4475 ἦν
1164 4408 1286 4460 τότε
1317 4409 1724 4484 πεπληρωμένη
1760 4417 1792 4485 ή

201 4484 445 4539 θάλασσα
468 4504 482 4553 ;
517 4488 579 4541 ’Π
602 4489 672 4560 γῆ
696 4490 1075 4562 ἐπεπλήρωτο,
1113 4493 1330 4559 πάντως
1358 4497 1451 4549 καὶ
1477 4500 1509 4569 ή
1532 4484 1791 4554 θάλασσα.

200 4572 307 4624 Ποῦ
354 4570 449 4626 οὖν
497 4576 769 4646 συνήχθη;
821 4579 882 4632 Ol
932 4578 1001 4632 τὰ
1046 4580 1103 4632 ἐν
1150 4583 1277 4634 ποσὶ
1307 4585 1400 4637 καὶ
1431 4585 1685 4657 ὁρώμενα
1723 4591 1795 4661 μὴ

197 4662 483 4731 δυνάμενοι
518 4666 869 4731 καταλαϐεῖν,
903 4668 1421 4741 πολυπραγμονοῦσι
1451 4674 1611 4744 βυθὸν
1639 4677 1797 4744 ἀνεξ-

200 4749 492 4818 ιχνίαστον,
520 4752 613 4804 καὶ
660 4752 898 4807 ἄϐυσσον
953 4755 1206 4827 θεότητος
1254 4759 1656 4831 ἀκατάληπτον,
1701 4766 1796 4818 καὶ

196 4837 295 4888 οὑκ
327 4837 623 4908 ἐντρέπειὶ)
671 4841 869 4905 αὑτοὺς
895 4843 927 4913 ἠ
957 4842 1200 4896 θάλασσα
1240 4845 1629 4917 ἀκατάληπτος
1661 4846 1793 4905 οὖσα

197 4924 421 4993 ἐρευνᾷν
452 4925 578 4996 περὶ
609 4924 704 4979 τοῦ
738 4929 1003 4998 τεχνίτου.
1037 4930 1135 4983 Διὰ
1167 4930 1320 5004 [455]
1342 4934 1500 4988 τοῦτο
1533 4937 1627 4990 καὶ
1657 4938 1794 5009 πρὸς

197 5012 507 5099 αἱρετικοὺς
531 5012 734 5081 λεγέτω
762 5018 790 5069 6
819 5019 1135 5090 προφήτηςο
1162 5022 1620 5094 Αίσχυνθήτωσαν
1640 5029 1792 5099 αἱρε-

197 5100 358 5163 τικοὶ,
394 5094 545 5151 εἶπεν
584 5101 617 5169 ή
649 5099 921 5156 θάλασσα·
951 5106 1143 5179 ὥσπερ
1191 5105 1374 5161 εἶπεν·
1424 5094 1791 5182 Αίσχύνθὴτι

203 5186 410 5274 Σιδὼν,
453 5182 622 5240 εἶπεν
673 5187 713 5255 ἡ
763 5190 1112 5249 θάλασσαο.
1150 5197 1260 5249 Ποῦ
1301 5196 1394 5251 οὖν
1438 5202 1673 5274 συνήχθη
1722 5204 1790 5257 τά

202 5272 400 5341 ὖδατα;
432 5274 785 5329 Ἀκουε·’¹οτε
815 5277 911 5349 τήν
933 5282 1039 5351 γῆν
1064 5285 1318 5354 ἐποίησεν
1347 5287 1375 5338 6
1403 5272 1561 5352 Θεὸς,
1579 5272 1791 5343 οὐδέπω

199 5355 262 5431 ἦν
304 5360 375 5413 τά
429 5362 742 5434 κοιλώματα
783 5366 889 5420 τῶν
938 5370 1140 5439 ὀρέων·
1177 5373 1288 5425 ἀλλ’
1321 5374 1437 5444 ἅμα
1462 5372 1603 5441 εἷπε,
1641 5381 1789 5430 Σινν-

196 5449 433 5519 αχθήτω
477 5450 544 5504 τό
588 5452 763 5523 ὕδωρ,
806 5456 898 5507 καὶ
947 5457 1156 5529 ἐρράγη
1210 5462 1243 5530 ή
1288 5462 1380 5532 γῆ,
1418 5464 1513 5517 καὶ
1558 5465 1788 5530 κόλπους

258 5605 283 5665 9
306 5606 398 5655 Hic
416 5608 687 5659 desiderari
713 5610 905 5660 videtur
924 5612 1047 5660 νοεῖν
1069 5618 1156 5663 aut
1177 5616 1368 5665 εἰδέναι.

259 5664 288 5732 1}
312 5668 426 5732 ξαν.
454 5670 700 5732 ἐνετράπη.

201 5728 427 5840 begs.ch
448 5728 613 5788 \‘erh'a,
636 5735 857 5796 ὥσπερ...
885 5736 1121 5797 Θάλασσα,
1160 5737 1340 5787 desunt
1364 5740 1411 5787 in
1436 5739 1553 5789 εον.
1571 5749 1623 5789 el
1645 5740 1787 5791 Com-

1204 381 1291 437 DE
1330 381 1548 438 MUNDI
1577 378 1979 438 CREATIONE
2016 382 2275 439 ORATIO
2314 380 2397 438 ΙΙΙ.

3428 397 3542 453 448

1935 495 2178 565 ἐποίησε.
2213 496 2499 566 Μαρτυρεῖ
2526 493 2603 564 τῷ
2628 492 2935 565 πράγματι,
2967 491 3047 546 ὃτι
3074 492 3144 562 γῆ
3175 490 3323 545 ἐστιν
3354 490 3386 561 ή
3417 508 3534 563 σχι-

1934 583 2141 644 σθεῖσα,
2173 585 2228 636 αἱ
2258 584 2431 655 νῆσοι.
2461 584 2530 636 τὰ
2563 583 2662 654 ὅρη
2698 580 2921 653 μεταξύ.
2953 580 3064 635 Καὶ
3093 579 3180 633 διὰ
3213 578 3372 633 τοῦτο
3394 595 3534 634 κατ-

1931 670 2115 724 έλιπεν
2148 673 2175 724 6
2207 670 2338 734 Θεὸς
2366 671 2465 733 τὰς
2512 671 2705 741 νήσους
2737 669 2831 723 καὶ
2864 669 2933 721 τὰ
2960 668 3084 739 όρη,
3122 667 3208 720 ἵνα
3243 665 3420 736 μάθῃς
3450 666 3534 719 ὅτι

1929 759 2024 812 ἀπ’
2057 760 2231 829 ἀρχῆς
2277 759 2550 828 συνῆπτο·
2598 756 2733 810 Θεοῦ
2786 758 2843 809 δὲ
2892 757 3048 823 λόγος
3101 754 3241 808 αὐτὰ
3277 753 3529 824 ἔρρηξεν.

1927 846 2293 915 Συναχθήτω
2325 846 2393 899 τὸ
2418 846 2592 914 ὕδωρ,
2625 845 2913 916 ἐγυμνώθη
2932 846 2964 915 ἡ
2985 843 3079 912 γῆ.
3112 844 3204 895 Δεῖ
3226 841 3282 894 δὲ
3311 840 3532 907 εἰδέναι,

1927 934 2010 988 δτι
2043 936 2070 987 6
2101 934 2234 996 Θεὸς
2275 934 2373 1004 τὴν
2406 935 2527 1004 γῆν,
2565 933 2663 1003 τὴν
2695 935 2934 1003 σήμερον
2978 930 3123 986 οὑτω
3158 929 3528 999 καλουμένην,

1926 1019 2048 1072 οὔτε
2079 1022 2183 1090 γῆν
2212 1021 2485 1091 εποίησεν,
2521 1021 2643 1073 οὔτε
2678 1021 2848 1089 δνομα
2879 1020 3013 1088 αὑτῇ
3043 1016 3280 1071 τοιοῦτον
3303 1015 3527 1068 ἔδωκεν·

1926 1108 2040 1162 ἀλλ’
2067 1105 2132 1179 ἦν
2160 1109 2220 1161 τὸ
2245 1110 2415 1176 ὄνομα
2439 1110 2538 1178 τῆς
2570 1110 2928 1178 κοσμοποιίας
2955 1110 3046 1161 ἀπ’
3076 1106 3269 1177 ἀρχῆς,
3302 1105 3334 1172 ή
3364 1102 3529 1174 ξηρά,

1925 1196 1996 1258 ὡς
2028 1196 2177 1263 λέγει
2205 1197 2367 1250 Δαυΐδ
2387 1212 2400 1228 '
2434 1197 2562 1249 ’Ὅτι
2601 1195 2789 1249 αὐτοῦ
2833 1196 3001 1248 ἐστιν
3026 1195 3063 1258 ἡ
3089 1192 3393 1251 θάλασσα,
3426 1189 3528 1243 καί

1923 1284 2104 1347 αὐτὸς
2130 1284 2421 1350 ἐποίησεν
2462 1283 2677 1349 αὐτὴν,
2714 1282 2811 1336 καὶ
2851 1283 2966 1349 τήν⁸
2999 1281 3192 1347 ξηρὰν
3235 1280 3295 1331 αἱ
3334 1276 3531 1345 χεῖρες

1923 1369 2109 1423 αὑτοῦ
2165 1369 2468 1423 ἔπλασαν.
2523 1368 2676 1440 Ξηρὰ
2722 1370 2959 1435 ἐγένετο,
3012 1366 3290 1437 ἐπεκλήθη
3325 1364 3381 1417 δέ
3410 1361 3525 1433 γῆ·

1924 1455 2111 1524 ὥσπερ
2139 1456 2299 1509 τοῦτο
2335 1457 2394 1509 τὸ
2434 1452 2721 1527 ὀτερέιιιμα
2760 1457 2997 1524 ἐγένετο,
3035 1451 3312 1523 ἐπεκλήθη
3343 1451 3400 1504 δὲ
3437 1449 3529 1503 ού-

1928 1544 2105 1612 ρανός.
2137 1544 2529 1613 Χωρισθέντων
2564 1543 2742 1594 τοίνυν
2772 1542 2881 1594 τῶν
2913 1541 3143 1602 ὑδάτων,
3191 1537 3464 1610 προῆλθεν
3490 1537 3523 1606 ἡ

1923 1631 2082 1700 ξηρὰ.
2118 1630 2240 1700 ὄψιν
2286 1630 2483 1700 ἔχουσα
2531 1630 2634 1699 γῆς
2691 1629 3141 1699 μεμεθυσμένης’
3188 1624 3383 1678 νεωστὶ
3414 1625 3525 1696 γὰρ

1923 1718 2285 1790 ὑπεχώρησαν
2304 1717 2371 1769 τὰ
2395 1716 2581 1770 ὕδατα.
2603 1717 2689 1779 Ὠς
2711 1712 2802 1770 οὗν
2826 1714 3111 1785 ἐγυμνώθη
3135 1715 3167 1784 ή
3189 1712 3284 1783 γῆ,
3309 1710 3524 1766 κελεύει

1921 1806 1948 1857 6
1976 1804 2339 1875 Δημιουργός⁸
2372 1802 2784 1871 Βλαστησιὶτω
2806 1802 2843 1869 ἢ
2876 1800 2949 1871 γῆ
2977 1801 3251 1868 βοτάνην
3280 1800 3522 1869 χόρτου,

1920 1893 2171 1957 σπεῷον
2209 1891 2449 1960 σπέρμα
2486 1891 2637 1944 κατὰ
2684 1890 2853 1959 γένος
2888 1889 2985 1943 καὶ
3025 1888 3154 1941 καθ’
3182 1888 3521 1956 ὁμοιότητα,

1922 1979 2018 2032 καὶ
2050 1979 2243 2041 ξύλον
2268 1978 2585 2047 κάρπιμον,
2607 1972 2677 2031 οὗ
2709 1976 2774 2028 τὸ
2796 1974 3034 2043 σπέρμα
3053 1973 3241 2028 αὐτοῦ
3264 1973 3336 2026 ἐν
3360 1970 3522 2037 αὐτῷ

1920 2068 2069 2120 κατὰ
2099 2067 2272 2134 γένος
2305 2066 2403 2119 καὶ
2435 2066 2566 2119 καθ’
2597 2064 2936 2132 ὁμοιότητα.
2972 2062 3104 2116 Οὑδὲ
3142 2061 3303 2115 τοῦτο
3336 2060 3522 2132 αἰσχύ-

1916 2171 1996 2207 νει
2024 2153 2150 2217 τοὺς
2172 2151 2501 2223 αἱρετικούς.
2523 2151 2730 2218 Βοτάνη
2757 2150 2848 2203 καὶ
2871 2149 3004 2215 ξύλα
3029 2150 3120 2202 καὶ
3138 2149 3331 2219 χόρτος
3354 2148 3520 2218 γεννᾷ

1916 2243 2038 2296 καθ’
2073 2242 2389 2312 ὁμοιότητα,
2425 2241 2517 2294 καὶ
2561 2241 2587 2293 ό
2625 2238 2757 2302 Θεὸς
2804 2239 3053 2308 ἀνόμοιον
3082 2238 3375 2313 ἐγέννησε;
3408 2237 3518 2290 Καὶ

1915 2331 2003 2383 ὅτε
2048 2329 2116 2382 τὰ
2163 2328 2469 2399 τετράποδα
2505 2326 2667 2380 πάλιν
2699 2328 2791 2381 καὶ
2824 2329 2890 2380 τὰ
2921 2325 3124 2397 ἑρπετὰ
3158 2325 3251 2379 καὶ
3296 2324 3519 2379 πετεινὰ

1915 2418 2151 2485 ἐγένετο.
2171 2416 2316 2483 λέγει
2338 2418 2364 2469 ό
2388 2415 2550 2477 Θεός·
2587 2414 2956 2483 Ἐξαγαγέτω
2984 2414 3055 2467 τὰ
3083 2413 3271 2467 ὕδατα
3300 2412 3518 2481 ἑρπετὰ

1916 2503 2132 2573 ψυχῶν
2165 2502 2387 2564 ζωσῶισ,
2423 2503 2519 2555 καὶ
2552 2502 2790 2554 πετεινὰ
2814 2502 3108 2569 πετόμενα
3140 2500 3236 2553 ἐπὶ
3268 2496 3378 2567 τῆς
3403 2497 3516 2569 τῆς

1913 2592 2064 2645 κατὰ
2112 2590 2305 2660 γένος.
2345 2589 2424 2642 Τὰ
2468 2589 2652 2659 θηρία,
2681 2590 2750 2641 τὰ
2796 2588 3021 2658 ἑρπετὰ,
3050 2588 3116 2640 τὰ
3165 2587 3409 2653 πετεινὰ,
3447 2588 3520 2642 τὰ

1911 2676 2106 2744 νηκτὰ,
2145 2677 2177 2745 ή
2227 2676 2446 2745 βοτάνη,
2476 2678 2503 2728 6
2534 2676 2744 2744 χόρτος,
2776 2675 2843 2728 τὰ
2876 2676 3027 2739 ξύλα,
3058 2675 3198 2728 κατὰ
3231 2674 3390 2743 γένος
3419 2675 3513 2728 καὶ

1911 2762 2033 2815 καθ’
2065 2763 2359 2832 ὁμοιότητα
2401 2763 2592 2831 γεννᾷ·
2647 2763 2740 2814 καὶ
2797 2762 2955 2831 μόνος
3006 2762 3034 2813 6
3081 2762 3212 2825 Θεὸς
3259 2762 3513 2831 ἀνόμοιον

1910 2850 2232 2919 ἐγέννησεν;
2289 2851 2396 2903 Καὶ
2427 2851 2574 2919 ἡμᾶς
2610 2849 2707 2919 μέν
2751 2849 3103 2920 δημιουργῶν
3128 2851 3156 2901 6
3185 2849 3320 2912 Θεὸς
3345 2844 3467 2902 εἷπε
3494 2864 3510 2878 ·

1911 2938 2264 3005 Ποιήσωμεν
2296 2938 2614 3004 ἄνθρωπον
2657 2937 2785 2990 κατ’
2826 2938 3032 2991 εἰκόνα
3079 2937 3377 3007 ἡμετέραν
3412 2938 3511 2992 καὶ

1910 3026 2232 3094 ὁμοίωσιν·
2263 3025 2325 3077 τὸ
2357 3024 2517 3095 ἔργον
2562 3024 2684 3078 καθ’
2710 3025 2991 3095 ὁμοίωσιν,
3039 3026 3132 3079 καὶ
3190 3027 3218 3078 6
3264 3024 3511 3096 τεχνίτης

1909 3112 2164 3180 ἀνόμοιος
2185 3127 2197 3167 :

1978 3198 2042 3268 β’.
2100 3199 2236 3251 ’Λλλ“
2268 3200 2368 3268 ὅρα
2400 3199 2458 3252 τὸ
2488 3198 2797 3269 θαυμαστόν
2819 3215 2832 3229 ο
2868 3198 3129 3262 πολλάκις
3155 3203 3264 3270 γὰρ
3296 3200 3327 3270 ή
3358 3200 3510 3271 αἱρε-

1902 3287 2029 3356 τικὴ
2067 3287 2233 3339 κακία
2266 3288 2508 3353 εὑρίσκει
2535 3287 2758 3354 φωλεόν·
2781 3287 2907 3339 Ἐὰν
2934 3286 3098 3351 οὑτω,
3130 3289 3314 3356 φησὶν,
3348 3287 3509 3359 εἴπῃς

1904 3371 1995 3425 τὸν
2030 3373 2157 3425 Υἱὸν
2186 3374 2307 3426 καθ’
2330 3374 2607 3443 ὁμοίωσιν,
2640 3374 2713 3434 ὡς
2738 3373 2830 3426 καὶ
2858 3376 3024 3444 ἡμᾶς,
3047 3373 3510 3444 δεχόμεθα.”Λλλο

1903 3460 2012 3531 γὰρ
2062 3459 2278 3528 φύσεως
2327 3460 2616 3531 ὁμοιότης,
2672 3461 2798 3515 ἄλλο
2854 3462 3095 3533 χάριτος.
3136 3461 3331 3532 Ἠμεῖς
3380 3461 3504 3515 καθ’

1902 3546 2182 3616 ὁμοίωσιν,
2212 3549 2416 3610 ἐκεῖνος
2462 3548 2755 3617 ὁμοίωσις·
2807 3549 2859 3599 '0
2905 3549 3013 3616 γάρ
3058 3548 3333 3615 ἑωρακὼς
3377 3549 3502 3619 ἐμὲ,

1902 3633 2125 3701 ἑώρακε
2161 3635 2267 3687 τὸν
2301 3636 2531 3703 Πατέρα
2552 3652 2564 3665 ·
2604 3637 2763 3706 ἡμεῖς
2792 3636 2847 3689 δὲ
2882 3636 3002 3689 καθ’
3026 3636 3308 3707 ὁμοίωσιν.
3339 3636 3503 3689 Δεῖδέ

1902 3721 2028 3785 τοὺς
2056 3721 2273 3785 δούλους
2306 3724 2399 3776 τοῦ
2430 3722 2564 3776 Θεοῦ
2608 3724 2816 3794 ἐρωτᾷν
2847 3724 2945 3787 τὰς
2983 3724 3245 3793 διαφορὰς
3277 3723 3385 3777 τῶν
3416 3723 3504 3777 λέ-

1904 3807 2058 3872 ξεων.
2094 3809 2256 3877 Λέγει
2298 3809 2515 3873 ὸΘεός·
2568 3809 2985 3879 Βλαστησάτω
3024 3813 3061 3880 ἠ
3110 3809 3184 3880 γῆ
3239 3810 3504 3878 βοτάνην

1904 3898 2142 3962 χόρτου,
2174 3898 2269 3949 καὶ
2299 3897 2491 3960 ξύλον
2523 3897 2822 3966 κάρπιμον
2848 3897 3063 3952 ποιοῦν
3092 3899 3345 3966 καρπόν.
3369 3896 3503 3952 Εἶτα

1901 3980 2080 4049 λέγει·
2145 3982 2513 4051 Ἐξαγαγέτω
2558 3984 2595 4051 ἠ
2644 3982 2718 4052 γῆ
2768 3982 3102 4052 τετράποδα
3156 3984 3253 4037 καὶ
3305 3984 3499 4052 θηρία.

1900 4068 2054 4120 Διατί
2084 4071 2220 4133 ἐκεῖ,
2252 4071 2684 4137 Β.1αστησάτω,
2730 4073 2821 4123 καὶ
2855 4066 2978 4134 ὦδε,
2998 4071 3392 4140 Ἐξαγαγέτω;
3421 4072 3502 4123 Τά

1907 4156 2263 4226 βλαστήματα
2294 4158 2383 4209 καὶ
2409 4158 2476 4210 τὰ
2509 4158 2641 4223 ξύλα
2677 4160 2770 4211 καὶ
2798 4159 2846 4210 οί
2879 4159 3081 4228 καρποὶ
3112 4161 3227 4211 κατ’
3254 4158 3500 4212 ἐνιαυτὸν

1902 4243 2308 4313 βλαστάνουσιν.
2330 4245 2544 4315 Ἐπειδὴ
2571 4239 2661 4297 οὖν
2691 4244 2883 4315 ἔμελλε
2906 4246 2975 4299 τὰ
3001 4244 3171 4298 ὕδατα
3192 4246 3217 4284 ἀ
3246 4246 3501 4316 παραμέ-

1899 4348 2012 4383 νειν
2040 4333 2105 4400 τῇ
2141 4332 2234 4401 γῇ,
2266 4332 2359 4382 καὶ
2388 4332 2607 4394 πάντως
2637 4331 2696 4395 ἐξ
2729 4332 2900 4403 αὑτῆς
2929 4333 3318 4404 προέρχεσθαι,
3346 4332 3495 4405 [456]

1897 4418 1986 4470 δια
2014 4416 2189 4481 τοῦτο,
2223 4418 2637 4484 Βλαστησάτω
2659 4435 2672 4449 ο
2720 4419 2785 4472 τὰ
2821 4420 3005 4490 μέντοι
3047 4420 3161 4484 ζῶα
3197 4420 3283 4473 διὰ
3316 4422 3494 4483 τοῦτο,

1910 4503 2303 4573 Ἔξαγαγέτω,
2331 4505 2519 4575 ἐπειδὴ
2547 4505 2695 4568 ἅπαξ
2728 4506 2835 4558 ἀπὸ
2867 4506 2972 4575 γῆς
2998 4506 3345 4576 γεννηθέντα,
3370 4508 3498 4560 οὑκ-

1901 4595 1981 4647 έτι
2020 4595 2181 4648 πάλιν
2214 4595 2321 4647 ἀπὸ
2346 4596 2470 4664 γῆς,
2500 4596 2615 4648 ἀλλ’
2649 4595 2757 4648 ἀπὸ
2782 4595 2891 4647 τῶν
2917 4594 3171 4665 διαδοχῶν
3198 4596 3494 4650 τίκτονται.

1911 4682 2178 4751 Ἐγένετο
2222 4683 2714 4754 οὕτως.Ἕδραμεν
2764 4684 2843 4747 είς
2892 4683 3053 4755 ἔργον
3091 4686 3118 4736 6
3147 4683 3322 4753 λόγος,
3371 4686 3495 4738 ἐκο-

1900 4769 2080 4838 σμήθη
2105 4773 2137 4839 ή
2164 4768 2236 4838 γῆ
2255 4787 2268 4800 ο
2297 4769 2401 4821 ἔδει
2429 4769 2611 4821 λοιπὸν
2635 4768 2981 4838 κοσμηθῆναι
3008 4770 3101 4823 καὶ
3127 4770 3217 4823 τὸν
3241 4770 3492 4841 οὐρανόν.

1967 4855 2065 4907 Διὰ
2093 4856 2146 4907 τί
2171 4855 2226 4907 δὲ
2252 4855 2681 4925 προγενεστέραν
2710 4857 2855 4907 ποιεῖ
2881 4856 2978 4925 τὴν
3007 4855 3368 4926 διακόσμησιν
3396 4855 3496 4925 τῆς

1895 4941 1999 5011 γῆς
2020 4941 2114 4994 τοῦ
2145 4943 2373 5013 ούρανοῦ
2401 4961 2414 5009 ;
2444 4942 2543 4995 Δια
2574 4942 2671 5012 τὴν
2702 4942 3003 5013 μέλλουσαν
3032 4943 3365 4997 ἀνακύπτειν
3396 4960 3493 4996 πο-

1894 5028 2083 5081 λύθεον
2133 5028 2362 5098 πλάνην,
2396 5031 2525 5099 περὶ
2576 5029 2726 5100 ἥλιον
2766 5031 2859 5083 καὶ
2900 5030 3130 5099 σελήνην
3160 5032 3254 5081 καὶ
3292 5030 3486 5101 ἄστρα.

1896 5114 2083 5170 Εἶπεν
2128 5119 2160 5169 ό
2212 5117 2393 5180 Θεός’
2446 5115 2889 5184 Γενηθήτωσαν
2931 5114 3245 5184 φωστῆρες
3291 5115 3360 5169 ἐν
3408 5114 3494 5180 τῷ

1893 5200 2246 5271 στερεώματι
2293 5203 2401 5256 τοῦ
2452 5203 2733 5271 οὐρανοῦ.
2767 5201 2843 5272 Τῇ
2882 5201 3076 5273 πρώτη
3119 5202 3302 5273 ἡμέρᾳ
3347 5201 3489 5255 διατί

1891 5289 1991 5341 οὑκ
2019 5288 2273 5358 ἐποίησεν
2300 5288 2450 5359 ἥλιον
2486 5291 2578 5342 καὶ
2616 5288 2878 5358 σελήνην;
2925 5289 3141 5357 Ἐπειδὴ
3176 5288 3387 5342 οὐδέπω
3418 5283 3488 5359 ἧν

1889 5378 1951 5431 τὸ
1996 5377 2281 5449 στερέωμα
2320 5380 2629 5450 γενόμενον,
2664 5380 2720 5429 ἐν
2743 5371 2786 5444 ᾧ
2817 5377 3011 5448 ἔμελλε
3043 5379 3337 5449 πεπῆχθαι.
3376 5379 3485 5430 Καὶ

1889 5467 1949 5519 οὑ
1975 5466 2064 5520 διὰ
2092 5465 2251 5519 τοῦτο
2284 5467 2443 5537 μόνον
2465 5509 2478 5533 ,
2509 5466 2622 5519 ἀλλ’
2653 5464 2840 5537 ἐπειδὴ
2875 5466 3086 5521 οὐδέπω
3111 5463 3249 5539 ἦσαν
3281 5467 3484 5538 καρποὶ

1954 5620 1979 5658 d
2028 5620 2109 5683 Siﬁc
2155 5634 2329 5670 omnes
2352 5636 2465 5669 mss.
2516 5621 2702 5683 Estque
2744 5623 2897 5674 lectio
2927 5625 3054 5674 haud
3094 5625 3242 5675 dubie
3287 5627 3476 5675 viliala.

1894 5679 2038 5749 Ῐῖιιζιιι
2066 5682 2383 5749 (ἶοηιὺθῦςὶιιε
2410 5679 2678 5749 legendum
2720 5686 2779 5732 τὰ
2822 5688 3089 5749 σπέρματα.
3127 5689 3201 5734 vel
3230 5688 3289 5749 τά
3336 5688 3470 5749 φυτά.

1890 5742 2309 5854 Mlelius'lforlasse
2348 5742 2514 5807 ταῦτα,
2547 5747 2679 5795 unde
2707 5760 2877 5797 errore
2921 5742 3109 5798 librarii
3151 5750 3208 5798 τὸ
3233 5742 3385 5798 ὕδατα
3408 5750 3480 5799 fa.

1889 5818 1915 5853 ε
1943 5818 2022 5853 um
2047 5818 2091 5854 ει
2119 5843 2128 5853 .
