3984 6444
490 495 540 548 οἱ
573 484 881 555 ὑφείλοντες
921 484 1242 540 θάλπεσθαι.
1265 497 1289 525 α
1316 486 1394 556 Τῇ
1426 485 1534 557 γὰρ
1570 485 1725 558 τρίτῃ
1753 485 2094 554 ἐϐλάστησαν

492 574 541 625 οί
573 571 794 642 καρποί.
827 572 936 624 Καὶ
985 572 1071 625 ἵνα
1105 573 1179 643 μὴ
1213 573 1442 643 νομισθῇ
1479 573 1662 625 πάλιν.
1691 575 1772 626 ὅτι
1817 574 1884 642 τῇ
1937 569 2096 640 φύσει

493 659 586 712 τοῦ
618 659 769 730 ήλίου
800 658 1160 730 ἐϐλάστησαν,
1193 660 1279 712 ὅτε
1310 659 1620 730 ἀπηρτίσθη
1664 661 1697 730 ή
1738 658 2092 729 δημιουργία,

491 747 612 799 τότε
644 747 830 799 λοιπὸν
855 750 1001 799 ποιεῖ
1023 750 1051 800 6
1073 748 1204 810 Θεὸς
1231 748 1402 817 ἥλιον,
1425 747 1676 818 σελήνην,
1701 749 1894 818 ἄστρα.
1922 744 2095 799 Πόθεν

489 835 561 886 τὰ
591 833 730 886 αὐτά
758 833 1046 902 ἐποίησενς
1077 833 1304 904 Εἴρηται
1341 834 1468 904 γὰρ,
1495 835 1663 903 ὅτιτῇ
1692 832 1883 902 πρώτῃ
1910 832 2094 902 ἡμέρα

493 923 557 972 ἐκ
595 922 668 990 μὴ
706 923 874 972 ὄντων
917 921 1138 989 ἐποίησε
1187 922 1254 974 τὰ
1301 922 1499 982 πάντα,
1533 923 1653 984 ταῖς
1702 921 1757 974 δὲ
1805 920 1991 982 ἄλλαις
2036 919 2092 985 ἐξ

492 1004 681 1057 ὄντων.
721 1004 891 1056 Πόθεν
924 1001 1016 1058 οῦν
1044 1006 1072 1057 6
1101 1006 1284 1074 ἥλιος;
1325 1003 1423 1057 Ἐκ
1454 1004 1547 1057 τοῦ
1577 1006 1870 1074 γενομένου
1917 1002 2094 1073 φωτὸς

491 1090 556 1158 τῇ
604 1087 794 1160 πρώτῃ
846 1088 1047 1158 ἡμέρᾳ,
1083 1089 1108 1139 ὂ
1140 1088 1432 1158 μετέϐαλεν
1462 1088 1535 1150 ὼς
1569 1088 1832 1158 ⁴ίςθέλησεν
1859 1090 1885 1140 6
1912 1087 2089 1156 τεχνί-

491 1189 612 1240 της,
643 1173 738 1224 καὶ
777 1174 856 1236 είς
898 1173 1187 1242 διαφόρους
1222 1172 1619 1241 μετεσκεύασεν
1645 1171 1816 1240 ὄψεις,
1852 1174 1968 1224 ἐκεῖ
1994 1169 2090 1238 τὴν

489 1254 626 1324 ὓλην
657 1255 750 1308 τοῦ
781 1257 975 1322 φωτὸς,
1010 1251 1110 1309 ὦδε
1141 1257 1268 1318 τοὺς
1298 1255 1534 1326 ἀστέρας
1559 1273 1571 1285 ·
1602 1256 1678 1318 ὡς
1703 1256 1753 1307 εί
1778 1273 1860 1318 τις
1885 1253 2092 1324 προϐά-

491 1336 636 1390 λοιτο
673 1338 848 1406 μᾶζαν
882 1339 1106 1406 χρυσοῦ.
1147 1339 1241 1391 καὶ
1277 1337 1413 1406 μετά
1445 1338 1619 1391 ταῦτα
1650 1339 1961 1406 νομίσματα
1994 1355 2091 1389 κα-

490 1421 756 1488 τακόψας,
793 1423 938 1474 οῦτω
966 1422 1174 1488 διαθείη
1207 1421 1300 1473 τοῦ
1346 1421 1522 1488 φωτὸς
1565 1422 1664 1490 τήν
1709 1421 2087 1491 διακόσμησιν.

493 1503 705 1572 ’Ὠσπερ
741 1504 848 1574 γὰρ
882 1505 978 1573 τήν
1009 1504 1241 1557 ἄϐυσσον
1274 1504 1392 1557 τότε
1445 1503 1502 1555 ἓν
1549 1503 1691 1574 ὕδωρ
1737 1504 2091 1573 ὑπάρχουσαν

491 1587 748 1656 ἐμέρισεν
776 1590 854 1649 εἰς
880 1588 976 1650 τὰς
1002 1587 1298 1650 θαλάσσας,
1336 1590 1412 1650 είς
1435 1588 1735 1649 ποταμοὺς,
1771 1589 1849 1650 είς
1887 1587 2087 1655 πηγάς,

493 1670 572 1731 είς
612 1670 827 1740 λίμνας,
862 1671 941 1733 είς
984 1670 1230 1740 φρέατα·
1267 1669 1413 1723 οῦτω
1441 1671 1534 1723 καὶ
1563 1669 1622 1722 16
1648 1669 1782 1738 φῶς,
1821 1670 1876 1722 ἒν
1919 1671 2092 1740 ὑπαρ-

492 1769 607 1821 χον,
653 1753 940 1822 μονοειδὲς,
990 1751 1316 1820 κατατεμὼν
1349 1754 1376 1804 6
1405 1753 1676 1821 τεχνίτης,
1711 1752 1966 1824 ἐμέρισεν
2013 1754 2091 1814 είς

489 1835 640 1905 ἥλιον
674 1837 767 1890 καὶ
793 1837 1022 1906 σελήνην
1063 1838 1156 1889 καί
1197 1836 1391 1905 ἄστρα.
1426 1837 1576 1889 Θέλω
1607 1838 1661 1889 δὲ
1693 1837 1949 1905 ζητῆσαι,
1975 1837 2090 1898 πῶς

492 1919 746 1989 ἐποίησεν
771 1921 798 1971 6
824 1919 955 1981 Θεὸς
984 1920 1107 1980 τοὺς
1145 1919 1439 1991 φωστῆρας
1461 1937 1473 1949 ο
1521 1921 1771 1985 φαίνεται
1799 1921 1906 1988 γὰρ
1935 1921 2090 1990 ποιή-

494 2018 592 2063 σας
639 2002 836 2063 αὐτοὺς
879 2001 982 2064 ἔξω
1029 2000 1124 2052 τοῦ
1171 2002 1423 2072 οὐρανοῦ,
1455 2003 1546 2054 καὶ
1580 2003 1702 2054 τότε
1749 2002 1927 2073 πήξας
1958 2005 2087 2057 ἀνω.

495 2085 704 2155 Ὠσπερ
735 2084 1004 2154 τεχνίτης,
1034 2085 1255 2138 ἐπειδὰν
1288 2087 1564 2157 ἀπαρτίσῃ
1603 2087 1805 2148 εἰκόνα,
1837 2087 1958 2138 τότε
1990 2086 2092 2155 πή-

490 2185 679 2235 γνυσιν
714 2168 881 2236 αὐτὴν
907 2169 962 2220 ἐν
992 2169 1157 2238 τοίχῳ
1182 2185 1194 2198 ·
1230 2167 1403 2231 οὕτως
1425 2171 1451 2221 6
1473 2169 1605 2232 Θεὸς
1629 2171 1843 2239 πρῶτον
1867 2170 2091 2237 ἐποίησε

487 2251 614 2307 τοὺς
667 2251 960 2319 φωστῆρας
1008 2250 1112 2313 ἔξω
1162 2249 1255 2302 τοῦ
1308 2249 1563 2321 οὐρανοῦ,
1596 2252 1689 2304 καὶ
1733 2251 1856 2304 τότε
1892 2249 2090 2318 ἔπηξεν

487 2331 620 2394 ἀνω,
665 2331 852 2401 ὥσπερ
894 2332 1162 2401 τεχνίτης,
1195 2333 1270 2395 ὼς
1323 2336 1589 2404 μαρτυρεῖ
1640 2335 1665 2404 ή
1711 2334 1934 2403 Γραφή·
1983 2332 2091 2386 Καὶ

486 2415 779 2482 ἐποίησεν
811 2419 842 2469 ό
878 2416 1021 2481 Θεὸς
1064 2417 1206 2482 τοὺς
1249 2416 1358 2470 δύο
1402 2416 1740 2484 φωστῆριις,
1781 2417 1878 2469 καί
1925 2416 2090 2470 ἔθετο

486 2500 708 2564 αὐτοὺς
739 2500 806 2551 ὲν
829 2499 908 2563 τῷ
935 2499 1188 2567 οὐρανῷ.
1225 2501 1349 2563 Πῶς
1378 2497 1471 2553 οῦν
1499 2501 1694 2562 αὐτοὺς
1726 2500 1924 2569 ἔπηξεν
1945 2517 1958 2563 ;
1981 2495 2091 2570 ἆρα

491 2580 565 2649 μὴ
611 2580 747 2650 ὁμοῦ
794 2577 934 2650 ἦσαν
982 2583 1029 2634 οί
1071 2581 1163 2634 δύο
1200 2582 1578 2653 πεπηγμένοι;
1627 2583 1740 2634 Οὐκ
1772 2583 1884 2651 ἔχει
1911 2582 2086 2646 λόγον.

499 2663 662 2717 Ἀλλά
697 2665 782 2730 τίς
822 2665 976 2717 Κατά
1007 2665 1106 2735 τὴν
1142 2666 1326 2735 φωνὴν
1360 2664 1524 2719 αὐτοῦ
1553 2665 1645 2717 τοῦ
1674 2666 1808 2718 Θεοῦ
1837 2668 1868 2736 ή
1913 2665 2088 2735 πῆξις.

492 2747 714 2809 Ἔθετο,
762 2749 948 2816 φησὶν,
985 2749 1017 2799 ό
1053 2746 1197 2812 Θεὸς
1251 2747 1392 2813 τοὺς
1430 2747 1775 2816 ςρωστῆρας,
1819 2748 1926 2801 τὸν
1977 2765 2093 2817 φω-

485 2826 682 2895 στῆρα
705 2829 813 2880 τὸν
846 2829 1038 2896 μέγαν
1080 2832 1163 2893 εἰς
1202 2830 1392 2897 ἀρχὰς
1426 2829 1538 2895 τῆς
1567 2831 1812 2897 ἡμέρας,
1846 2831 1943 2883 καί
1987 2832 2092 2883 τὸν

486 2909 777 2977 φωστῆρα
816 2910 921 2962 τὸν
949 2910 1196 2963 ἐλάσσω
1238 2913 1324 2973 είς
1358 2912 1549 2978 ἀρχὰς
1578 2911 1686 2978 τῆς
1710 2913 2091 2976 νυκτός-,Ὅτε

486 2994 517 3045 6
546 2993 698 3062 ἥλιος
735 2993 915 3062 ἐπάγη
951 2993 1031 3054 είς
1059 2993 1348 3063 ἀνατολὴν,
1373 2995 1553 3063 ἐπάγη
1595 2995 1622 3064 ή
1668 2995 1864 3065 σελήνη
1899 2996 1978 3056 είς
2002 2994 2093 3046 δύ-

490 3092 574 3127 σιν
598 3091 611 3104 ’
641 3074 826 3144 ἐπειδὴ
856 3075 1035 3143 ἐκείνη
1071 3075 1168 3142 μὲν
1200 3075 1388 3145 ἄρχειν
1417 3076 1518 3145 τῆς
1550 3077 1742 3138 νυκτὸς
1772 3075 2089 3143 ἐκελεύσθη,

488 3160 516 3210 6
545 3157 600 3210 δὲ
628 3157 726 3226 τῆς
763 3157 994 3226 ἡμέρας.
1015 3158 1264 3224 Ἐγένετο
1297 3154 1391 3211 οῦν
1417 3160 1449 3228 ή
1481 3159 1699 3230 σελήνη,
1721 3161 1814 3212 καὶ
1837 3160 2091 3226 γεννᾶται

486 3242 553 3309 τῇ
583 3237 774 3311 πρώτῃ
808 3241 993 3310 ἡμέρᾳ
1028 3241 1386 3310 πανσέληνος.
1423 3243 1496 3293 Οὐ
1535 3242 1644 3312 γὰρ
1692 3241 1798 3296 ἔδει
1846 3243 2092 3310 ἠκρωτη-

488 3322 710 3393 ριάσθαι
743 3323 804 3374 τὸ
835 3324 994 3391 ἔργον
1020 3323 1244 3385 εὐθέως,
1271 3323 1384 3376 ἀλλ’
1415 3324 1521 3376 ἔδει
1556 3323 1833 3394 δειχθῆναι
1857 3324 1948 3375 τὸν
1977 3341 2092 3392 φω-

490 3405 665 3475 στῆρα
715 3399 826 3466 οἷος
871 3405 1107 3472 ἐγένετο.
1146 3406 1300 3459 Μετὰ
1359 3406 1416 3457 δὲ
1470 3404 1641 3459 ταῦτα
1693 3409 1759 3476 τῇ
1808 3405 2090 3458 ἀλλοιώσει

490 3487 656 3550 ἔδειξε
707 3488 930 3556 χρόνους
976 3491 1067 3540 καί
1121 3488 1347 3558 καιροὺς
1395 3489 1488 3541 καὶ
1535 3489 1798 3558 διαφορὰς
1843 3489 2087 3560 ἡμερῶν.

491 3570 640 3621 Ποιεῖ
670 3565 764 3622 οῦν
800 3571 968 3639 αὐτὴν
994 3571 1021 3622 6
1055 3571 1186 3632 Θεὸς
1217 3571 1292 3633 ὼς
1314 3573 1861 3624 πεντεκαιδεκαταίαν
1883 3572 2091 3644 πεπλη-

412 3643 418 3652 ’
492 3652 841 3721 ρωμένην.”0
877 3656 1026 3722 ἣλιος
1064 3654 1343 3706 ἀνέτελλεν
1373 3655 1571 3724 ὄρθρου
1596 3673 1608 3685 °
1647 3659 1734 3708 ὅτε
1777 3655 1884 3726 γὰρ
1912 3643 2087 3727 ἐπάγη

488 3737 522 3805 ἡ
559 3735 758 3804 σελήνη
793 3738 849 3786 ἐν
885 3735 962 3804 τῷ
1003 3736 1207 3806 ὄρθρῳ,
1243 3737 1491 3802 ἐφαίνετο
1522 3737 1657 3807 πρὸς
1692 3738 1968 3798 δύσινιὫξ
1999 3735 2090 3791 οὖν

490 3818 710 3889 ἔτρεχεν
740 3820 767 3870 6
797 3819 943 3887 ἥλιος
979 3821 1070 3871 τὸν
1097 3820 1225 3871 ίδιον
1252 3820 1450 3889 δρόμον
1475 3821 1612 3891 πρὸς
1639 3821 1808 3882 δύσιν,
1833 3823 1865 3892 ή
1895 3823 2089 3893 σελήνη

489 3902 690 3972 ἤρχετο
720 3901 921 3964 εὐθέως
960 3902 1051 3954 τοῦ
1083 3902 1416 3965 ἀνατέλλειν,
1453 3903 1540 3957 ἵνα
1575 3905 1836 3976 πληρωθῇ
1862 3907 1941 3969 16,
1962 3907 2090 3974 Ἀρ·-

491 3984 769 4052 χέτωσαν
804 3984 915 4050 τῆς
946 3983 1169 4051 ἡμέρας
1202 3985 1299 4037 καὶ
1331 3985 1440 4052 τῆς
1474 3989 1716 4053 νυκτός.

561 4069 762 4120 Λοιπδν
792 4069 1012 4137 ζήτημα
1036 4069 1095 4107 b'
1132 4071 1231 4121 Δια
1264 4069 1316 4120 τί
1355 4068 1509 4140 [457]
1555 4073 1583 4122 6
1629 4071 1760 4134 Θεὸς
1799 4071 2091 4142 πεπληρω-

495 4149 663 4219 μένην
697 4151 918 4219 ἐποίησε
953 4152 1049 4221 τὴν
1082 4152 1342 4221 σελήνην;
1377 4153 1617 4222 Πρόσεχε
1639 4170 1651 4182 ·
1692 4153 1751 4204 16
1783 4155 1890 4224 γὰρ
1917 4155 2094 4225 νόημα

493 4234 652 4303 βαθύ·
673 4235 870 4304 Ἐχρῆν
900 4235 1070 4305 αὐτὴν
1095 4238 1161 4306 τῇ
1193 4236 1426 4307 τετάρτη
1459 4237 1640 4307 ἡμέρα
1669 4239 1994 4308 γεναμένην,
2018 4241 2092 4302 ὡς

491 4319 814 4387 τεταρταίαν
863 4318 1171 4384 φαίνεσθαι.
1193 4320 1353 4372 Ἀλλά
1384 4320 1545 4372 πάλιν
1581 4322 1628 4372 εἰ
1658 4316 1725 4389 ἦν
1771 4323 2089 4391 τεταρταία,

491 4400 553 4452 16
573 4400 741 4470 ἄκρον
765 4403 864 4469 τῆς
891 4400 1096 4463 δύσεως
1118 4403 1215 4454 οὐκ
1245 4403 1510 4470 ἀντεῖχεν.
1543 4402 1757 4473 Εὐρέθη
1790 4400 1882 4456 οῦν
1905 4406 2094 4458 πλεον-

493 4483 726 4535 εκτοῦσα
751 4483 943 4535 ἕνδεκα
965 4483 1178 4552 ἡμέρας
1203 4501 1213 4513 ·
1241 4485 1534 4553 τεταρταία
1558 4485 1791 4551 ἐγένετο,
1821 4487 1914 4538 καὶ
1936 4488 2088 4553 ἐφαί-

493 4584 616 4619 νετο
639 4568 712 4629 ὼς
743 4567 1286 4619 πεντεκαιδεκαταίαο
1312 4567 1503 4620 ’ένδεκα
1523 4567 1732 4638 ἡμέρας
1755 4569 2093 4621 ἐπλεονέκτει

495 4649 685 4702 λοιπὸν
729 4653 763 4718 ὴ
818 4649 1015 4718 σελήνη
1051 4650 1141 4701 τὸν
1176 4651 1346 4719 ἥλιον,
1379 4651 1438 4702 οὐ
1463 4653 1529 4720 τῇ
1568 4658 1803 4721 ποιήσει,
1843 4651 1979 4705 ἀλλά
2024 4655 2091 4723 τῇ

496 4733 716 4800 φαύσει.
751 4733 850 4786 Διά
889 4732 1046 4786 τοῦτο
1096 4734 1161 4796 ἀς
1205 4735 1324 4786 τότε
1361 4733 1784 4804 ἐπλεονέκτησεν
1810 4736 1843 4804 ή
1874 4735 2091 4806 σελήνη,

495 4816 792 4868 ἀποδίδωσι
840 4817 917 4884 τῷ
966 4816 1198 4885 ήλίῳ.’0
1225 4817 1334 4887 γάρ
1367 4817 1508 4870 κατὰ
1555 4818 1785 4888 σελήνην
1828 4820 1922 4872 καὶ
1973 4821 2095 4872 καθ’

495 4899 726 4950 ἕκαστον
757 4900 901 4969 μῆνα
922 4899 1029 4953 ἀπὸ
1054 4901 1224 4952 εἴκοσι
1250 4902 1405 4952 ἐννέα
1426 4900 1598 4970 ἥμισυ
1621 4902 1841 4973 ἡμερῶν
1866 4902 2097 4972 ἀριθμὸς

497 4983 837 5051 γιγνόμενος,
873 4985 1016 5034 ποιεί
1047 4985 1106 5035 ἐν
1133 4985 1242 5045 τοῖς
1276 4983 1503 5036 δεκαδύο
1531 4992 1667 5054 μησὶ
1708 4985 1800 5038 τοῦ
1845 4985 2094 5038 ἐνιαυτοῦ

496 5066 713 5135 ἡμέρας
758 5067 1075 5134 τριακοσίας
1125 5068 1464 5136 πεντήκοντα
1510 5069 1801 5138 τέσσαρας.
1823 5070 1946 5122 Ἐὰν
1989 5070 2097 5139 γάρ

499 5147 642 5200 οῦτω
669 5148 912 5219 ψηφίσῃς
946 5150 1035 5200 τὸν
1072 5151 1214 5219 μῆνα
1247 5151 1354 5202 ἀπὸ
1389 5152 1561 5202 εἴκοσι
1592 5152 1748 5204 ἐννέα
1768 5153 1937 5220 ἥμισυ
1961 5154 2095 5222 ήμεο

503 5234 633 5305 ρῶν,
667 5233 938 5299 γίγνονται
985 5233 1078 5284 τοῦ
1119 5235 1365 5287 ἐνιαυτοῦ
1401 5237 1600 5306 ἡμέραι
1627 5239 1934 5307 τριακόσιαι
1966 5255 2096 5288 πενο

501 5319 736 5388 τήκοντα
762 5317 1048 5381 τέσσαρες,
1084 5318 1170 5368 ἵνα
1210 5319 1276 5380 ἀς
1305 5319 1693 5388 ἐπλεονέκτησε
1733 5322 1852 5373 τότε
1884 5322 2093 5391 ἡμέρας

502 5402 536 5469 ἡ
570 5399 765 5468 σελήνη
797 5401 914 5451 κατ’
946 5399 1190 5452 ἐνιαυτὸν
1234 5402 1526 5455 ἀποδίδωσι
1559 5403 1636 5474 τῷ
1675 5406 1830 5474 ἡλίῳ.
1848 5405 1907 5457 '0
1936 5406 2096 5474 ψηφι-

509 5485 640 5551 στὴς
666 5483 968 5550 ψηφιζέτω.

575 5572 646 5632 γ’.
687 5565 1129 5632 Γενηθιὶτωσαν
1163 5566 1478 5635 φωστῆρες
1509 5569 1578 5622 ἐν
1614 5568 1690 5636 τῷ
1739 5571 2095 5640 στερεώματι

575 5662 726 5733 οΗεεσ
747 5663 874 5723 apud
898 5662 1114 5711 Cosmam
1141 5663 1422 5733 Egyptium
1447 5665 1691 5733 habemur
1714 5683 1761 5733 ρ.
1789 5670 1898 5733 ᾇὲὄ,
1925 5670 2006 5718 ubi
2037 5670 2094 5720 ad

505 5726 774 5787 wguyydum
799 5737 1080 5787 sermonem
1115 5726 1369 5787 pertinere
1394 5729 1521 5776 male
1543 5726 1773 5781 dicunlixr
1794 5730 1841 5781 in
1867 5733 2030 5780 titulo.

567 5784 594 5822 υ
617 5784 731 5834 Ηιειρ
754 5786 903 5837 habes
927 5789 1054 5848 apud
1081 5784 1298 5838 Cbsmam
1323 5801 1369 5849 p.
1397 5788 1502 5836 5235.

1949 361 2323 423 SEVERIANI

3691 379 3812 434 450

2201 488 2309 542 τοῦ
2335 487 2618 558 οὐρανοῦ,
2645 485 2802 542 ὥστε
2838 487 3078 555 φαίνειν
3105 483 3204 538 ἐπί
3231 478 3341 552 τῆς
3369 479 3504 553 τῆς.
3524 483 3744 556 Ἐπειδὴ
3773 472 3812 542 ἦ

2201 575 2364 643 φύσις
2389 575 2485 628 τοῦ
2517 576 2689 648 πυρὸς
2717 575 3030 646 ἀνώδρομος
3054 569 3142 644 ἦν,
3177 572 3396 643 χαλινὸν
3437 571 3753 641 ἐπιτίθησιν
3781 573 3813 624 6

2201 662 2333 726 Θεὸς
2379 666 2445 734 τῇ
2499 663 2678 731 φύσει,
2712 663 2853 715 ὥστε
2907 663 2980 731 μὴ
3028 662 3140 714 ἀνω
3188 659 3428 730 πέμπειν
3459 658 3559 728 τὴν
3603 658 3811 728 αὐγὴν,

2202 749 2335 802 ἀλλὰ
2367 751 2536 806 κάτω.
2567 751 2686 820 Πῦρ
2720 750 2828 820 γάρ
2875 749 2974 802 οὐκ
3022 749 3276 817 ἀνέχεται
3313 747 3598 818 προσέχειν
3628 746 3808 810 κάτω,

2200 837 2313 890 ἀλλ’
2345 838 2477 891 ἀνω.
2498 837 2623 891 Ὲάν
2669 837 2799 907 ἔχῃς
2826 837 2978 906 δᾷδα,
3022 835 3250 905 στρέψον
3287 831 3457 903 αὐτὴν
3491 834 3665 894 κάτω,
3710 831 3810 886 καὶ

2197 925 2330 995 ὁρᾷς
2365 926 2445 978 ὅτι
2473 925 2577 978 κᾶν
2623 924 2685 976 16
2727 923 2959 993 ὄργανον
3012 922 3270 993 στρέψῃς,
3301 921 3362 973 16
3391 919 3503 990 πῦρ
3530 921 3643 972 ἄνω
3677 919 3812 990 10!-

2197 1029 2300 1082 χει.
2322 1012 2539 1082 Ἐπειδὴ
2559 1006 2651 1066 οῦν
2683 1012 2800 1082 ⁴ᾔδει
2827 1009 2994 1062 αὐτοῦ
3026 1009 3281 1078 τοιαύτην
3312 1004 3451 1060 εἶναι
3491 1006 3590 1077 τὴν
3617 1005 3806 1075 φύσιν,

2197 1103 2461 1173 ἐπέδησεν
2491 1103 2682 1174 αὐτὴν,
2713 1103 2800 1155 ἵνα
2827 1102 2900 1172 μὴ
2926 1099 3067 1154 κατά
3092 1101 3190 1171 τήν
3224 1098 3384 1168 φύσιν
3421 1097 3638 1170 λάμπῃ,
3667 1093 3810 1153 ἀλλὰ

2196 1190 2339 1242 κατὰ
2377 1191 2438 1243 16
2493 1191 2844 1259 πρόσταγμα.
2902 1189 2969 1241 Εἴ
3017 1205 3100 1250 τις
3147 1187 3301 1256 ὑμῶν
3353 1184 3810 1255 παρατηρησάτω

2197 1280 2214 1340 (
2235 1279 2388 1345 εἰπε)
2427 1273 2604 1330 ἔλαιον
2653 1277 2762 1330 ἀπὸ
2813 1276 3030 1344 λύχνου.
3068 1275 3182 1335 πῶς
3226 1275 3681 1340 συγκατασπᾶται
3726 1272 3808 1342 τῷ

2195 1363 2361 1432 ἐλαίῳ
2387 1363 2448 1415 16
2479 1364 2611 1434 πῦρ,
2640 1365 2732 1416 καὶ
2761 1365 2795 1434 ἡ
2835 1363 2934 1432 μὲν
2983 1361 3071 1430 βία
3111 1361 3204 1413 τοῦ
3237 1361 3415 1414 ἐλαίου
3449 1361 3600 1413 κάτω
3629 1359 3806 1420 ἕλκει,

2193 1453 2224 1519 ὴ
2273 1451 2330 1504 δὲ
2373 1451 2532 1520 φύσις
2580 1451 2675 1503 τοῦ
2729 1450 2902 1518 πυρὸς
2946 1449 3058 1502 ἄνω
3101 1449 3302 1517 τρέχει,
3332 1447 3424 1499 καὶ
3455 1445 3646 1516 ὥσπερ
3681 1444 3808 1515 βίαν

2196 1539 2562 1608 ὑφιστάμενον
2587 1537 2832 1606 καταϐοᾷ
2852 1553 2864 1564 ·
2901 1537 2952 1588 εί
2982 1552 3112 1588 ποτε
3143 1535 3251 1604 γὰρ
3281 1533 3659 1600 ἀναγκάζεται
3691 1531 3808 1601 πῦρ

2193 1625 2408 1694 τρέχειν
2435 1625 2584 1693 παρά
2605 1625 2703 1694 τὴν
2735 1623 3078 1686 ἀκολουθίαν,
3115 1621 3296 1690 φωνὴν
3321 1621 3547 1688 ἀφίησιν
3577 1619 3654 1682 ὼς
3679 1618 3808 1688 βίαν

2195 1713 2425 1781 πάσχον,
2456 1713 2531 1774 ὼς
2581 1713 2731 1782 παρὰ
2782 1709 2943 1779 φύσιν
2989 1705 3367 1762 όδεῦον.”οταν
3408 1707 3516 1774 γάρ
3550 1723 3602 1758 τι
3652 1707 3808 1777 παρά

2196 1799 2356 1864 φύσιν
2385 1800 2441 1851 ἐν
2468 1797 2544 1868 τῷ
2582 1798 2830 1867 στοιχείῳ
2861 1797 3107 1866 γένηται,
3135 1793 3450 1865 βοᾷ.Διατί;
3484 1794 3655 1845 ’Όταν
3679 1795 3806 1846 ἐπι-

2195 1885 2364 1955 ϐληθῇ
2412 1886 2588 1938 ἔλαιον
2633 1884 2713 1954 τῷ
2767 1885 2922 1954 πυρί,
2962 1882 3145 1953 φωνήν
3193 1880 3292 1934 οὐκ
3334 1882 3579 1951 ἀφίησιν·
3613 1880 3710 1932 ἐάν
3748 1880 3807 1934 δὲ

2196 1971 2340 2042 ὔδωρ
2387 1972 2677 2043 ἐπιϐληθῇ,
2730 1970 2924 2041 τρίζει.
2973 1971 3082 2022 Καὶ
3130 1967 3286 2021 τοῦτο
3332 1968 3519 2036 ὑγρὸν,
3576 1968 3807 2020 κάκεῖνο

2196 2061 2543 2132 ὐγρόν.Ἀλλ⁸
2573 2061 2761 2132 ἐπειδὴ
2816 2062 3038 2113 κάκεῖνο
3084 2060 3192 2112 ἀπὸ
3237 2058 3396 2124 ξύλου
3447 2058 3599 2127 ὄψον,
3633 2060 3730 2111 καὶ
3771 2057 3805 2127 ή

2195 2149 2349 2202 ἐλαία
2384 2149 2682 2220 τρέφουσα,
2711 2148 2862 2217 φίλον
2892 2149 2947 2200 δέ
2982 2148 3066 2200 ἀεὶ
3097 2145 3171 2215 τῷ
3222 2145 3360 2216 ξύλῳ
3391 2145 3448 2197 16
3480 2144 3612 2215 πῦρ,
3645 2144 3804 2213 δέχε-

2195 2253 2284 2290 ται
2314 2239 2484 2308 ήδέως
2530 2238 2597 2291 τὰ
2639 2237 2747 2290 ἀπὸ
2779 2236 2873 2289 τοῦ
2909 2235 3225 2304 συγγενοῦς.
3245 2233 3370 2287 Ἐἀν
3403 2233 3460 2286 δὲ
3492 2231 3638 2302 ὕδωρ
3666 2233 3808 2302 πυρὶ

2195 2323 2486 2394 ἐπιϐληθῇ,
2513 2324 2725 2394 τρίζειο
2750 2322 2826 2392 τῷ
2871 2323 2980 2392 γὰρ
3024 2322 3252 2390 ἐναντίῳ
3285 2320 3538 2390 μάχεται.
3572 2319 3648 2371 Τὸ
3686 2319 3806 2389 πῦρ

2196 2411 2327 2466 ἴδιόν
2370 2414 2486 2466 ἐστι
2538 2411 2631 2464 τοῦ
2677 2410 2873 2482 ἀέρος·
2913 2411 3176 2478 συγγενὲς
3207 2410 3335 2480 γάρ.
3369 2410 3550 2478 Φυσᾷς
3592 2410 3674 2471 είς
3716 2407 3808 2461 λύ-

2193 2517 2337 2569 χνον,
2373 2499 2468 2552 καὶ
2510 2498 2764 2563 καπνίζει
2793 2500 2821 2550 6
2849 2499 2958 2568 ἀὴρ
2986 2497 3047 2549 τὸ
3090 2497 3222 2567 πῦρ,
3251 2497 3345 2549 καλ¹
3369 2495 3609 2564 οὐδαμοῦ
3645 2495 3800 2565 εὐρίο

2194 2602 2382 2640 σκεται
2404 2604 2416 2616 ·
2445 2587 2506 2639 16
2535 2585 2643 2657 γὰρ
2675 2586 2935 2653 συγγενὲς
2966 2584 3188 2654 ἔδραμε.
3221 2583 3391 2636 Βλέπε
3413 2582 3506 2635 τοῦ
3537 2582 3804 2651 Τεχνίτου

2190 2675 2288 2744 τὴν
2312 2673 2521 2743 σοφίαν,
2551 2673 2714 2743 βλέπε
2742 2673 2842 2742 τὴν
2866 2670 3328 2740 δύναμιν.“⁹1ῖθηκε
3353 2671 3478 2732 τοὺς
3500 2669 3805 2741 φωστῆρας

2193 2765 2251 2815 ἐν
2279 2760 2356 2831 τῷ
2384 2758 2622 2831 οὐρανῷ,
2659 2758 2800 2811 ὥστε
2835 2759 3041 2826 φαίνειν
3064 2759 3155 2810 ἐπὶ
3177 2758 3274 2826 τῆς
3307 2757 3436 2826 γῆς·
3468 2756 3577 2809 Καὶ
3614 2756 3805 2810 ἔστω-

2192 2862 2334 2912 σαν,
2384 2847 2571 2916 φησὶν,
2610 2849 2698 2913 εὶς
2745 2845 2966 2915 σημεῖα
3020 2846 3116 2898 καὶ
3167 2847 3252 2910 είς
3302 2845 3525 2912 ἡμέρας
3567 2843 3668 2896 καί
3714 2845 3806 2909 εις

2191 2935 2528 3001 ἐνιαυτούς.

2263 3023 2331 3074 Τί
2376 3023 2543 3087 ἐστιν,
2580 3023 2686 3087 Εἰς
2730 3021 2987 3090 munia;
3031 3023 3094 3073 Οἱ
3153 3022 3251 3089 μέν
3286 3018 3634 3089 ματαιολόγοι
3670 3018 3805 3088 περὶ

2191 3109 2546 3180 ἀστρολογίας
2578 3108 2788 3161 ἐαυτῶν
2826 3107 3100 3160 ἐκένωσαν
3126 3107 3224 3169 τὰς
3255 3107 3497 3168 ἐλπίδας,
3537 3105 3804 3175 σημειού-

2196 3215 2347 3267 μενοι
2391 3197 2694 3268 πράγματα
2743 3197 3242 3250 ἀνυπόστατα.’¹οτι
3275 3195 3385 3265 γὰρ
3433 3195 3532 3247 οὐκ
3580 3193 3698 3246 ἐστι
3746 3210 3803 3245 τι

2194 3284 2607 3356 σημειώσασθαι
2655 3287 2783 3354 περὶ
2832 3284 2978 3355 ζωῆς
3025 3283 3330 3354 ἀνθρώπων
3385 3283 3492 3334 ἀπὸ
3537 3282 3797 3353 ἄστρων,

2195 3375 2463 3444 μαρτυρεῖ
2498 3373 2727 3434 Ἡσαΐας
2760 3371 2934 3439 λέγων
2952 3388 2965 3401 ·
3006 3371 3474 3439 Ἀναστήτωσαν
3499 3372 3553 3423 οί
3578 3371 3803 3436 ἀστροει

2189 3465 2359 3530 λόγοι
2389 3461 2494 3514 τοῦ
2528 3459 2811 3528 οὐρανοῦ,
2841 3459 2940 3513 καὶ
2973 3463 3026 3513 οὶ
3060 3459 3401 3524 βλέποντες
3436 3460 3508 3512 τὰ
3545 3458 3795 3524 σημεῖα,

2191 3549 2288 3601 καὶ
2332 3548 2673 3601 εὶπιὶτωσάν
2712 3564 2810 3600 σοι
2857 3549 2912 3600 τί
2954 3547 3167 3614 μέλλει
3196 3548 3487 3616 γίνεσθαι.
3529 3547 3665 3615 Περὶ
3697 3546 3795 3614 μὲν

2190 3631 2283 3688 οὖν
2324 3635 2469 3702 ζωῆς
2499 3635 2802 3704 ἀνθρώπων
2836 3635 2989 3686 οὐδὲν
3038 3636 3263 3703 σημεῖον
3294 3633 3509 3685 δίδωσιν
3541 3633 3793 3701 οὐρανός.

2191 3720 2372 3782 Θέλεις
2399 3721 2454 3771 δὲ
2481 3719 2674 3789 μαθεῖν
2697 3719 2864 3772 αὐτοῦ
2887 3721 2954 3773 1‘1
2980 3723 3211 3788 σημεία;
3245 3721 3508 3790 Σημαίνει
3531 3719 3791 3788 ὄμϐρους,

2193 3810 2446 3879 ἀνέμους,
2476 3809 2739 3878 χειμῶνα,
2771 3809 2973 3862 εὐδίαν.
3006 3809 3087 3861 Τὰ
3114 3808 3290 3878 ἄστρα
3320 3806 3495 3861 ταῦτα
3518 3806 3791 3876 σημαίνει,

2193 3895 2471 3950 καὶτοῦτο
2493 3896 2580 3949 διὰ
2611 3896 2746 3950 Θεοῦ
2781 3897 3212 3968 φιλανθρωπίαν,
3251 3897 3336 3948 ἵνα
3371 3898 3399 3948 6
3428 3895 3680 3958 ναυτίλος
3712 3894 3789 3964 ίδη

2193 3984 2251 4036 16
2278 3985 2519 4054 σημεῖον,
2550 3984 2644 4038 καὶ
2672 3983 2819 4054 φύγῃ
2848 3983 2938 4035 τὸν
2968 3982 3239 4035 κίνδυνονο
3268 3982 3353 4034 ἵνα
3376 3983 3402 4033 6
3427 3980 3675 4051 γεωργὸς
3714 3981 3789 4050 ῐδῃ

2191 4072 2402 4144 ὀσμὴνά
2429 4073 2720 4144 χειμῶνος,
2742 4073 2837 4124 καί
2867 4069 3153 4140 προλαϐὼν
3176 4072 3478 4141 ἀροτριάση
3501 4065 3787 4139 γῆν.[458ἶ

2195 4161 2404 4212 Γίνεται
2454 4163 2677 4230 σημεῖον
2723 4159 2816 4212 καὶ
2861 4158 3098 4227 πολέμου
3135 4158 3228 4209 καὶ
3260 4158 3504 4228 εἰρήνης.
3535 4154 3724 4208 Ταῦτα
3771 4157 3802 4208 6

2195 4247 2386 4317 Σωτὴρ
2419 4245 2768 4308 ἐϐεϐαίωσεν,
2811 4245 2970 4297 ἀτινά
2995 4247 3130 4296 εἰσιν
3160 4244 3307 4296 ἀπλᾶ
3340 4244 3434 4296 καὶ
3463 4241 3785 4313 ἀπερίεργα.

2194 4335 2355 4402 Λέγει
2399 4333 2508 4404 γὰρ
2550 4335 2662 4396 τοῖς
2704 4332 3006 4394 Ἰουδαίοιςο
3059 4330 3421 4397 Ὑποκριταὴ
3464 4329 3576 4382 ἐὰν
3630 4329 3801 4395 ἴδητε

2194 4423 2461 4490 νεφέλην
2515 4421 2634 4476 ἀπὸ
2704 4420 2955 4489 δυσμῶν
3011 4418 3498 4483 ἀνατέλλουσαν,
3545 4419 3783 4487 λέγετεί

2195 4509 2422 4576 Χείμων
2452 4509 2677 4577 γίνεται
2697 4525 2708 4536 ·
2741 4509 2838 4560 καὶ
2875 4509 3098 4575 γίνεται
3119 4506 3326 4571 οὕτως.
3343 4505 3472 4559 Κᾶν
3491 4503 3661 4571 ἴδητε
3681 4505 3783 4572 ὀψέ

2195 4593 2563 4662 πιιοράζοντα
2601 4596 2708 4648 τὸν
2747 4596 3028 4662 οὐρανὸν,
3060 4595 3288 4662 λέγετε,
3317 4593 3523 4656 Εὐδία,
3560 4592 3663 4645 καὶ
3707 4592 3781 4659 τί·

2194 4699 2358 4735 νεται
2393 4681 2581 4735 εὐδία.
2606 4682 2734 4736 Κᾶν
2759 4682 2922 4749 ἴδητε
2952 4680 3068 4749 ὀψὲ
3104 4677 3510 4750 γτυγνάζοντα
3551 4679 3662 4732 τὸν
3697 4681 3779 4734 οὐ·

2189 4767 2399 4835 ρανὸν,
2433 4768 2638 4835 λέγετε
2658 4785 2671 4796 ·
2701 4768 2934 4836 Χειμὼν
2957 4769 3204 4836 γίνεται.
3239 4767 3349 4820 Καὶ
3394 4767 3594 4833 ἐπάγει
3634 4761 3779 4819 εἷται

2201 4853 2274 4906 Τὸ
2298 4855 2622 4920 πρόσωπον
2642 4854 2747 4908 τοῦ
2772 4854 3033 4922 οὐρανοῦ
3063 4855 3161 4908 καὶ
3191 4852 3303 4922 τῆς
3327 4850 3440 4923 γῆς
3468 4853 3674 4908 οἴδατε
3702 4854 3777 4907 6o

2199 4943 2476 5013 κιμάζειν,
2515 4945 2623 4997 τὸν
2646 4945 2714 4996 δὲ
2734 4944 2944 5012 καιρὸν
2965 4943 3179 4998 τοῦτον
3200 4946 3309 4997 οὐκ
3349 4943 3588 5006 amate;
3610 4943 3777 4996 Ταῦ·τέ

2199 5032 2313 5082 ἐστι
2348 5033 2415 5084 τὰ
2444 5033 2645 5102 σημεῖα
2683 5029 2751 5082 τὰ
2780 5031 3036 5084 ἀκίνδυνα
3070 5029 3587 5102 παρατηρήσασθαι,
3615 5030 3771 5100 θέρος

2200 5120 2463 5189 χειμῶνα,
2507 5121 2680 5182 ὐετὺν,
2741 5119 2942 5171 εὐδίαν.
2978 5118 3164 5171 Ταῦτα
3213 5124 3306 5172 καὶ
3357 5118 3460 5188 τῆς
3511 5118 3773 5172 εὐσεϐείας

2199 5210 2298 5260 οὐκ
2324 5209 2597 5279 ἀλλότρια,
2638 5209 2733 5260 καὶ
2776 5207 2869 5260 τοῦ
2898 5206 3035 5260 Θεοῦ
3079 5203 3320 5261 ίδια.⁷Ην
3345 5208 3403 5261 δὲ
3435 5208 3564 5278 περὶ
3595 5209 3773 5278 ἀστρο

2198 5296 2385 5363 λογίας
2430 5295 2594 5348 πολὺν
2628 5297 2910 5348 ἀποτεῖναι
2939 5295 3128 5362 λόγον’
3170 5295 3306 5349 ἀλλᾶ
3335 5295 3519 5366 χρείαν
3547 5295 3661 5365 ἔχει
3701 5312 3768 5348 κα

2197 5383 2566 5452 τετονωμένης
2618 5383 2823 5452 φωνῆς,
2870 5383 2965 5436 καὶ
3019 5384 3252 5452 ὀργάνου
3306 5385 3380 5454 μὴ
3429 5383 3751 5446 όκλάζοντος

2199 5472 2515 5542 συμϐαδίζει
2545 5473 2654 5543 γὰρ
2677 5473 2754 5542 τῷ
2783 5473 2926 5543 λόγῳ
2953 5475 2985 5542 ὴ
3017 5473 3242 5537 διάνοια,
3267 5475 3360 5526 καὶ
3387 5473 3707 5526 συνασθενεί
3725 5477 3769 5540 1i

2196 5561 2410 5631 γλώττῃ
2439 5562 2467 5613 6
2498 5559 2778 5628 λογισμός.
2799 5559 2923 5612 Ἐπὶ
2949 5554 3044 5612 οῦν
3067 5561 3133 5612 τά
3161 5559 3501 5631 ἁπλούστερα
3529 5561 3761 5630 χωρήσω

2259 5669 2281 5695 ο
2310 5665 2420 5713 Sav.
2445 5665 2571 5727 conj.
2597 5666 2910 5727 παρατηρήσῃ
2935 5665 3007 5712 τό.
3055 5664 3311 5714 Combeﬂs.
3339 5666 3479 5713 dedit
3521 5660 3767 5726 παρετηοή·

2198 5744 2317 5789 σατο
2339 5729 2405 5774 ἔλ.
2429 5726 2551 5789 Fort
2583 5726 2697 5789 rleg.
2725 5726 3119 5789 παρατηρῆσαιτο
3143 5728 3196 5772 τὸ
3222 5727 3291 5774 ἑλ.

2258 5788 2284 5826 d
2309 5788 2458 5836 Sam.
2484 5788 2609 5848 conj.
2631 5789 2795 5850 ὁρμήν.
