3984 6436
232 400 351 456 449

233 525 348 565 eam
377 550 392 575 ,
428 508 660 577 indeque
689 514 877 577 postea
922 519 1118 560 aureos
1162 504 1415 568 cuderet;
1446 504 1524 558 sic
1576 503 1839 572 diSposuit

232 599 368 655 lueis
396 607 670 653 ornatum.
708 596 1171 664 Quemadmodum
1219 597 1361 649 enim
1396 596 1647 666 abyssum
1669 637 1683 661 ,
1714 609 1834 663 qua:

233 700 362 745 tunc
388 704 492 743 una
520 697 636 742 erat
665 704 822 758 aqua,
851 687 1033 741 divisit
1061 689 1113 741 in
1145 687 1335 750 maria,
1364 686 1604 750 flumina,
1639 686 1835 750 fontes,

233 783 417 845 lacus,
447 791 639 850 puteos
672 796 685 832 :
712 779 789 834 sic
816 787 872 833 et
897 780 1102 841 lucem,
1135 794 1254 846 qua:
1283 793 1385 831 una
1412 778 1673 845 uniusque
1714 790 1838 845 spe-

232 874 331 930 ciei
362 881 502 934 erat,
522 872 797 927 dissecatis
825 870 1032 925 Artifex
1057 869 1235 923 divisit
1269 870 1320 922 in
1349 869 1541 929 solem,
1576 869 1754 920 lunam
1783 875 1837 921 et

229 963 437 1018 stellas.
472 962 641 1016 Porro
670 961 799 1014 libet
825 960 1097 1029 inquirere
1124 999 1138 1023 ,
1169 958 1439 1028 quomodo
1477 957 1664 1011 fecerit
1696 957 1835 1011 Deus

227 1053 515 1109 luminaria
548 1071 562 1107 :
594 1052 805 1107 videtur
826 1051 969 1106 enim
1000 1066 1060 1105 ea
1083 1062 1231 1105 extra
1260 1050 1453 1104 εωιυηι
1484 1048 1791 1104 condidisse
1814 1088 1831 1114 ,

227 1157 291 1198 ac
319 1152 430 1196 tum
466 1144 710 1212 superius
739 1142 940 1197 ﬁxisse.
961 1140 1424 1208 Quemadmodum
1463 1139 1653 1193 artifex
1678 1180 1692 1204 ,
1711 1154 1833 1193 cum

229 1234 459 1305 perfecit
487 1235 803 1304 imaginem,
838 1241 965 1287 tunc
1007 1232 1058 1285 in
1089 1232 1297 1301 pariete
1325 1230 1492 1301 inﬁgit
1537 1231 1722 1284 illam:
1757 1230 1836 1284 sic

231 1326 377 1381 Deus
409 1327 583 1395 primo
624 1326 748 1381 fecit
781 1325 965 1380 stellas
995 1333 1150 1379 extra
1195 1324 1387 1378 caelum
1413 1365 1427 1389 ,
1457 1332 1689 1393 tuncque
1717 1323 1832 1376 fixit

230 1433 323 1473 eas
371 1432 586 1472 sursum
613 1459 627 1483 ,
657 1419 795 1471 sicut
820 1418 1008 1471 artifex
1034 1459 1049 1482 ,
1083 1424 1139 1470 ut
1170 1416 1484 1470 testificatur
1511 1414 1785 1483 Scriptura
1817 1432 1829 1469 :

230 1508 298 1565 Et
321 1511 441 1579 fecit
470 1510 610 1566 Deus
641 1511 741 1564 duo
772 1510 1065 1573 luminaria,
1096 1518 1142 1562 et
1174 1511 1340 1576 posuit
1364 1509 1454 1561 illa
1481 1510 1535 1560 in
1560 1508 1683 1561 cwlo
1706 1506 1834 1575 (Ge-

229 1619 332 1655 nes.
378 1604 431 1655 1.
490 1602 577 1657 lli.
628 1601 738 1671 17).
771 1601 1051 1668 Quomodo
1094 1610 1272 1655 autem
1329 1602 1416 1654 illa
1470 1602 1679 1656 infixit?
1708 1618 1831 1656 num

228 1692 390 1746 ambo
416 1692 573 1745 simul
602 1702 724 1746 ante
745 1702 1022 1761 compacta
1050 1692 1236 1747 erant?
1263 1692 1317 1746 1d
1347 1693 1539 1747 rationi
1562 1701 1645 1747 est
1670 1694 1832 1748 abso-

230 1798 382 1837 num.
431 1783 537 1835 Sed
580 1782 741 1852 quid?
785 1782 1091 1838 Secundum
1132 1784 1226 1838 Dei
1255 1800 1440 1839 vocem
1485 1787 1597 1855 ipsa
1650 1786 1836 1840 infixio

231 1872 348 1928 fuit.
382 1873 590 1937 Posuit,
623 1873 830 1943 inquit,
865 1873 1003 1928 Deus
1032 1874 1339 1939 luminaria,
1372 1876 1625 1930 luminare
1668 1878 1834 1946 majus

230 1962 281 2015 in
327 1962 646 2031 principatus
675 1963 776 2015 diei
801 2004 814 2026 ,
839 1972 884 2016 et
930 1964 1186 2017 luminare
1212 1966 1378 2017 minus
1424 1965 1478 2017 in
1520 1966 1834 2034 principatus

232 2057 412 2110 noctis.
446 2054 581 2109 Cum
607 2056 685 2109 sol
727 2055 863 2109 fixus
891 2065 973 2109 est
1004 2056 1057 2109 in
1102 2056 1344 2121 oriente,
1377 2057 1501 2110 luna
1533 2060 1638 2111 fixa
1669 2067 1751 2111 est
1778 2059 1829 2111 in

229 2148 514 2203 occidente
547 2165 559 2199 :
592 2148 842 2217 quoniam
866 2147 989 2202 huic
1019 2150 1232 2217 quidem
1256 2150 1462 2217 jussum
1492 2150 1659 2203 fuerat
1688 2166 1832 2221 prae-

228 2254 348 2292 esse
389 2239 575 2302 nocti,
606 2238 680 2292 illi
710 2254 839 2292 vero
881 2239 1009 2293 diei.
1040 2240 1201 2294 Facta
1250 2242 1411 2310 igitur
1463 2250 1545 2296 est
1592 2242 1713 2297 luna
1742 2283 1754 2307 ,
1780 2251 1834 2296 et

229 2328 408 2397 primo
436 2328 527 2383 die
570 2329 726 2398 plena
754 2330 1005 2401 gignitur.
1051 2331 1168 2385 Non
1199 2333 1343 2386 enim
1376 2347 1473 2401 par
1502 2343 1618 2387 erat
1648 2333 1828 2387 statim

230 2419 479 2473 mutilum
537 2433 672 2489 Opus
725 2435 1024 2489 apparere;
1084 2422 1175 2475 sed
1223 2422 1503 2491 oportebat
1569 2423 1831 2477 luminare

227 2508 439 2562 ostendi
488 2510 646 2577 quale
686 2508 885 2562 factum
912 2521 1013 2563 est.
1052 2511 1243 2565 Postea
1287 2528 1413 2565 vero
1441 2528 1505 2567 ex
1536 2515 1830 2567 mutatioae

227 2600 465 2654 ostendit
497 2608 735 2667 tempora
764 2609 817 2655 et
862 2608 1207 2668 tempestates
1239 2612 1292 2657 et
1320 2603 1524 2658 dierum
1561 2604 1830 2660 vicissitu-

226 2688 403 2744 dines.
439 2688 588 2743 Illam
625 2688 785 2759 igitur
806 2693 989 2747 condit
1021 2693 1159 2748 Dcus
1190 2695 1339 2763 quasi
1371 2696 1635 2750 decimam
1667 2698 1827 2765 quin-

229 2796 337 2840 tam
380 2785 616 2854 plenam.
658 2786 748 2843 Sol
792 2800 942 2843 ortus
988 2801 1070 2844 est
1098 2806 1253 2846 mane
1288 2792 1538 2861 :quando
1568 2793 1710 2846 enim
1745 2793 1826 2845 in-

226 2873 329 2929 fixa
356 2877 452 2929 fuit
477 2877 601 2931 luna
623 2878 675 2931 in
703 2880 975 2933 matutinis
999 2880 1162 2944 horis,
1186 2883 1431 2951 apparuit
1448 2882 1500 2936 in
1523 2883 1824 2942 occidente,

228 2966 325 3024 Ubi
357 2969 517 3038 igitur
544 2971 624 3025 sol
650 2986 864 3026 cursum
896 2986 1051 3027 suum
1097 2974 1162 3027 ad
1191 2975 1521 3030 occidentem
1570 2975 1825 3029 conficie-

225 3058 337 3123 bat,
372 3061 498 3114 luna
528 3063 708 3116 statim
725 3063 791 3116 ad
823 3073 998 3117 ortum
1028 3065 1311 3131 veniebat,
1339 3074 1395 3119 ut
1418 3067 1730 3136 impleretur
1757 3068 1822 3121 il-

225 3149 315 3208 lud
341 3168 354 3204 :
389 3150 727 3207 Dominentur
748 3154 848 3207 diei
878 3166 922 3208 et
948 3156 1082 3208 nocti
1111 3155 1351 3225 (Ibidem.
1382 3174 1425 3209 υ.
1465 3160 1577 3223 18).

298 3240 436 3294 Dcus
457 3258 549 3294 cur
572 3242 744 3296 lunam
758 3245 957 3311 plenam
978 3247 1138 3315 primo
1162 3248 1589 3317 fecerit.—Aliud
1605 3250 1819 3305 domum

222 3334 520 3402 quaeritur:
552 3351 647 3388 cur
690 3336 831 3390 Deus
875 3338 1055 3392 lunam
1104 3338 1315 3408 plenam
1364 3340 1528 3395 fecit?
1567 3344 1818 3397 Animum

222 3424 462 3479 adhibe:
494 3427 599 3480 alta
657 3428 801 3481 enim
853 3439 935 3483 est
987 3433 1273 3485 sententia.
1333 3433 1625 3502 Oportebat
1674 3437 1818 3490 illam

220 3527 409 3585 quarta
440 3517 525 3572 die
557 3519 747 3573 factam
767 3560 783 3584 ,
813 3530 1056 3589 quartam
1081 3524 1276 3579 lucere.
1308 3525 1377 3579 At
1406 3526 1449 3579 si
1476 3537 1661 3595 quarta
1688 3528 1819 3583 fuis-

221 3618 328 3677 set,
359 3626 625 3665 summum
657 3613 952 3668 occidentis
978 3630 1081 3668 non
1112 3626 1445 3685 occupasset.
1472 3620 1692 3674 Inventa
1722 3622 1822 3690 igi-

220 3710 309 3753 tur
344 3711 429 3755 est
452 3704 717 3757 excedens
748 3704 992 3759 undecim
1037 3707 1152 3761 dies
1181 3725 1194 3760 :
1226 3718 1411 3777 quarta
1445 3711 1578 3764 facta
1619 3722 1731 3776 est,
1766 3727 1820 3767 et

219 3792 515 3859 apparebat
559 3804 613 3846 ut
662 3795 1052 3863 quintadecima
1098 3799 1392 3853 :undeciin
1444 3816 1572 3869 ergo
1628 3802 1818 3857 diebus

220 3880 347 3935 luna
387 3882 554 3936 solem
582 3885 919 3952 praecedebat
942 3926 956 3949 ,
990 3902 1095 3940 non
1122 3888 1414 3943 secundum
1445 3894 1772 3947 creationem
1801 3934 1814 3958 ,

218 3973 315 4026 sed
345 3973 639 4027 secundum
668 3975 802 4028 lueis
828 3976 1191 4044 splendorem.
1234 3978 1592 4044 Quamobrem
1623 3983 1815 4051 quibus

218 4072 346 4117 tunc
376 4063 499 4117 luna
526 4066 818 4119 excedebat
838 4066 1029 4121 diebus
1053 4109 1067 4133 ,
1102 4083 1195 4123 eos
1225 4070 1323 4123 soli
1354 4072 1602 4126 restituit.
1651 4072 1815 4127 Lunie

216 4156 360 4209 enim
390 4172 452 4209 ac
478 4156 677 4210 mensis
697 4158 957 4227 cujusque
988 4175 1260 4226 numerus,
1284 4176 1314 4215 a
1334 4163 1517 4231 viginti
1545 4180 1735 4219 novem
1763 4175 1817 4219 et

216 4247 439 4301 dimidio
465 4246 671 4313 diebus,
704 4249 754 4301 in
778 4250 1058 4304 duodecim
1089 4254 1211 4306 anni
1245 4256 1539 4321 mensibus,
1573 4256 1687 4310 dies
1721 4258 1817 4311 ha-

216 4338 306 4391 bet
356 4340 1031 4410 trecentosquinquaginta
1056 4350 1304 4412 quatuor.
1338 4344 1475 4399 Nam
1518 4347 1560 4400 si
1604 4350 1674 4401 ita
1703 4348 1813 4402 cal-

214 4428 395 4481 culum
444 4430 687 4496 posueris
707 4471 719 4492 ,
748 4438 803 4484 ut
829 4432 1030 4484 mensis
1055 4434 1120 4485 sit
1152 4433 1358 4487 dierum
1389 4436 1573 4504 viginti
1619 4452 1809 4493 novem

214 4529 269 4572 et
337 4519 583 4583 dimidii,
623 4522 748 4575 anni
808 4522 925 4577 dies
976 4533 1102 4578 sunt
1153 4526 1377 4581 trecenti
1425 4530 1810 4601 quinquaginta

213 4620 463 4679 quatuor,
500 4619 555 4663 ut
584 4626 717 4680 quos
763 4613 885 4666 luna
919 4623 1045 4668 tunc
1087 4619 1262 4685 rapuit
1304 4619 1484 4687 plures
1530 4621 1644 4676 dies
1670 4662 1684 4687 ,
1715 4638 1810 4691 per

212 4717 413 4754 annum
460 4702 562 4756 soli
608 4703 815 4760 reddat.
867 4705 1131 4776 Supputet
1184 4712 1270 4779 qui
1319 4712 1435 4780 ejus
1490 4716 1623 4768 artis
1670 4716 1811 4784 peri-

212 4800 297 4846 tus
324 4800 427 4846 est.

283 4885 337 4939 5.
373 4885 529 4939 Fiant
549 4888 823 4943 luminaria
846 4892 896 4944 in
912 4892 1228 4959 ﬁrmamento
1250 4897 1359 4950 ια’ιὶ
1376 4938 1389 4961 ,
1414 4908 1466 4949 ut
1492 4898 1688 4952 luceant
1720 4919 1806 4955 su-

209 4992 298 5047 per
324 4988 507 5030 terram
538 4978 689 5046 (Gen.
718 4982 769 5035 1.
799 4983 884 5036 14.
911 4984 1024 5054 15).
1043 4986 1300 5053 Quoniam
1324 4991 1457 5058 ignis
1480 5002 1664 5045 natura
1688 5008 1807 5048 sur-

206 5084 327 5123 sum
358 5068 640 5137 tendebat,
670 5072 879 5129 frenum
910 5086 1113 5132 natura:
1145 5081 1284 5135 Deus
1308 5082 1596 5152 imposuit,
1634 5096 1691 5139 ut
1716 5102 1802 5140 ra-

206 5160 324 5215 dios
350 5177 458 5217 non
484 5178 696 5218 sursum
728 5168 997 5223 emitteret
1022 5209 1036 5234 ,
1059 5170 1152 5225 sed
1180 5171 1453 5229 deorsum.
1492 5174 1629 5245 Ignis
1657 5178 1798 5231 enim

208 5269 311 5307 non
344 5254 481 5310 solet
528 5254 779 5311 deorsum
836 5261 1088 5329 tendere,
1123 5262 1216 5317 sed
1245 5278 1482 5320 sursum.
1530 5268 1585 5322 Si
1630 5268 1799 5324 facem

204 5344 388 5411 habes,
413 5357 563 5401 verte
592 5348 877 5415 deorsum,
911 5364 962 5405 et
999 5354 1201 5409 videbis
1231 5357 1437 5411 etiamsi
1469 5360 1791 5415 inslrunieu—

203 5444 314 5489 tum
344 5435 472 5492 illud
504 5437 753 5493 deorsum
787 5452 988 5505 vertas,
1018 5446 1190 5513 ignem
1222 5456 1399 5501 tamen
1429 5464 1639 5504 sursum
1676 5462 1792 5506 ten-

201 5528 347 5584 dere.
381 5529 512 5585 Cum
535 5534 697 5586 sciret
723 5547 850 5603 ergo
882 5549 997 5588 eam
1032 5552 1151 5591 esse
1178 5539 1321 5593 illius
1353 5552 1617 5605 naturam,
1644 5545 1797 5598 cohi-

202 5620 313 5674 buit
342 5621 506 5686 illam,
533 5639 599 5676 ne
628 5626 923 5679 secundum
956 5636 1197 5682 naturam
1234 5631 1452 5699 luceret,
1483 5635 1574 5690 sed
1599 5650 1793 5692 secun-

202 5712 323 5766 dum
370 5725 717 5785 prmerptum.
753 5717 807 5771 Si
856 5721 975 5787 quis
1005 5730 1232 5775 vestrum
1264 5726 1568 5782 observavit
1612 5730 1788 5784 oleum

205 5821 253 5860 Ill
284 5807 520 5876 lucerna,
557 5827 656 5878 qua
696 5812 897 5866 scilicet
942 5816 1147 5870 ratione
1195 5832 1313 5871 cum
1344 5821 1459 5875 oleo
1506 5823 1783 5885 avellatur,

1311 385 1398 439 DE
1435 382 1646 439 MUNDI
1690 379 2083 437 CREATIONE
2120 381 2379 442 ORATIO
2420 384 2507 441 ΙΙΙ.

3436 398 3551 455 450

1946 507 2001 554 et
2025 498 2106 553 vis
2133 500 2237 555 olei
2270 500 2404 556 infra
2432 502 2628 569 trahat,
2658 511 2845 560 natura
2879 520 3006 561 vero
3035 506 3171 578 ignis
3192 521 3405 565 sursum
3434 518 3543 568 ten-

1945 587 2058 654 dat,
2088 604 2152 645 ac
2183 592 2336 660 quasi
2369 594 2476 648 vim
2508 595 2763 662 patiatur,
2792 596 2991 652 clamat
3022 616 3034 652 :
3066 599 3110 653 si
3152 600 3368 670 quando
3398 602 3542 659 enim

1944 678 2082 749 ignis
2125 688 2347 751 cogatur
2373 697 2619 748 currere,
2646 694 2831 740 contra
2873 703 3077 742 morem
3128 703 3282 745 suum
3309 732 3324 757 ,
3354 708 3540 749 vocem

1942 770 2175 835 emittit,
2222 787 2285 826 ac
2325 773 2368 825 si
2398 774 2504 825 vim
2537 783 2840 842 pateretur,
2874 790 2936 831 ac
2980 779 3024 831 si
3055 789 3241 834 contra
3289 792 3535 837 naturam

1945 860 2210 917 tenderet.
2240 862 2293 917 Si
2326 864 2451 933 quid
2475 865 2616 918 enim
2647 865 2915 920 elemento
2944 879 3140 938 printer
3166 879 3414 928 naturam
3440 890 3536 930 ac-

1941 951 2112 1017 cidat,
2162 953 2334 1022 ipsum
2362 955 2582 1008 clamat.
2627 956 2840 1021 Quare?
2877 960 3064 1013 Oleum
3105 977 3227 1018 cum
3281 965 3537 1034 injectum

1940 1041 2099 1097 fuerit
2123 1043 2175 1096 in
2209 1043 2403 1112 ignem,
2432 1060 2616 1099 vocem
2649 1062 2754 1100 non
2783 1050 3010 1111 emittit;
3042 1066 3177 1119 aqua
3200 1095 3215 1120 ,
3260 1055 3304 1108 si
3344 1055 3539 1125 injecta

1940 1131 2145 1199 fuerit,
2171 1134 2383 1189 stridet.
2418 1136 2577 1206 Atqui
2618 1146 2673 1190 et
2720 1138 2822 1193 hoc
2849 1149 2903 1193 et
2955 1141 3080 1195 illud
3113 1153 3193 1198 est
3239 1144 3538 1203 humidum.

1940 1221 2046 1278 Sed
2069 1223 2190 1292 quia
2224 1224 2399 1278 oleum
2443 1241 2514 1280 ex
2561 1226 2705 1296 ligno
2726 1231 3008 1297 opsonium
3055 1236 3310 1302 nascitur,
3344 1247 3398 1292 et
3420 1240 3539 1295 olea

1940 1317 2107 1371 nutrit
2158 1319 2331 1387 ipsum
2363 1362 2376 1385 ,
2421 1322 2664 1390 ignisque
2722 1338 2936 1393 semper
2988 1336 3071 1381 est
3109 1329 3251 1397 ligno
3296 1333 3538 1399 amicus,

1941 1408 2169 1465 libenter
2214 1414 2408 1483 accipit
2450 1415 2592 1483 quod
2641 1430 2706 1469 ex
2754 1418 2898 1471 affini
2954 1428 3143 1474 natura
3174 1431 3273 1475 est.
3315 1422 3407 1479 Sin
3441 1442 3539 1480 au-

1942 1509 2045 1554 tem
2079 1517 2213 1570 aqua
2255 1504 2305 1557 in
2358 1505 2533 1574 ignem
2573 1506 2910 1569 immittatur,
2954 1506 3182 1576 Stridet,
3224 1514 3366 1582 quod
3417 1530 3538 1570 cum

1938 1593 2211 1646 Contraria
2243 1604 2458 1663 pugnet.
2494 1594 2631 1663 Ignis
2657 1596 2767 1650 aeri
2810 1597 3015 1653 amicus
3032 1608 3141 1664 est;
3178 1602 3353 1659 afﬁnis
3394 1608 3538 1662 enim

1939 1692 2023 1736 est
2064 1683 2135 1737 ei.
2182 1682 2432 1739 lnsufflas
2468 1686 2521 1740 in
2567 1687 2869 1753 lucernam,
2907 1698 2961 1744 et
3005 1705 3099 1745 aer
3146 1693 3321 1761 ignem
3356 1696 3409 1750 in
3456 1697 3539 1751 fu-

1942 1790 2088 1829 mum
2132 1777 2319 1843 vertit,
2354 1793 2417 1832 ac
2465 1793 2725 1848 nusquam
2773 1793 3047 1851 comparet
3079 1803 3091 1837 :
3119 1801 3241 1839 nam
3272 1788 3416 1857 quod
3457 1793 3536 1843 af-

1942 1864 2047 1917 fine
2072 1875 2184 1919 erat
2211 1869 2490 1921 abscessit.
2508 1869 2641 1923 Vide
2668 1871 2903 1925 Artifieis
2925 1875 3266 1943 sapientiam,
3293 1880 3414 1934 vide
3444 1896 3538 1950 po-

1942 1965 2211 2011 testatem.
2242 1959 2425 2013 Posuit
2457 1961 2735 2015 luminaria
2769 1963 2820 2016 in
2852 1963 3004 2029 ca'lo,
3026 1974 3081 2019 ut
3110 1966 3351 2024 lueerent
3376 1987 3540 2042 super

1943 2057 2176 2101 terram:
2210 2049 2276 2101 Et
2326 2053 2455 2114 sint,
2499 2052 2705 2121 inquit,
2748 2054 2801 2107 in
2842 2056 3019 2125 signa,
3063 2068 3111 2112 et
3146 2061 3197 2113 in
3229 2064 3369 2129 dies,
3397 2075 3442 2118 et
3486 2068 3539 2120 in

1938 2155 2117 2193 annos.

2010 2231 2297 2299 Astrologia
2314 2248 2588 2300 vanaquaz.
2619 2232 2902 2291 Discrimen
2941 2239 3069 2293 inter
3089 2252 3247 2309 χρόνος
3281 2254 3327 2297 et
3356 2258 3537 2317 καιρός.

1939 2318 2109 2375 Filius
2152 2338 2249 2375 non
2279 2324 2443 2392 factus
2469 2334 2560 2378 est.
2578 2326 2794 2391 —Quid
2818 2338 2918 2395 est,
2947 2329 3013 2383 In
3041 2331 3340 2400 signa?Qui
3360 2346 3540 2390 astro-

1938 2413 2133 2482 logiam
2166 2430 2303 2469 vane
2337 2424 2605 2483 tractant,
2644 2432 2793 2486 spem
2842 2434 2991 2473 suam
3040 2436 3407 2493 evacuarunt,
3452 2443 3540 2483 res

1938 2506 2301 2575 significantes
2352 2522 2471 2575 qua:
2534 2523 2795 2577 nusquam
2838 2513 3117 2566 exsistunt.
3184 2515 3335 2581 Quod
3391 2519 3534 2572 enim

1936 2599 2105 2651 stella:
2148 2599 2276 2652 nihil
2324 2600 2626 2669 significent
2669 2602 2809 2655 circa
2848 2604 3009 2656 vitam
3066 2606 3341 2663 hominum
3388 2612 3538 2665 testi-

1936 2690 2123 2744 ficatur
2146 2689 2306 2743 Isaias
2338 2692 2553 2744 dicens:
2577 2691 2804 2761 Surgunt
2830 2695 3074 2765 astroiogi
3105 2697 3244 2762 calli,
3272 2712 3315 2751 et
3345 2702 3429 2769 qui
3460 2704 3533 2753 si-

1933 2797 2035 2849 gna
2063 2782 2251 2846 vident;
2271 2792 2316 2835 et
2343 2782 2513 2833 dicant
2537 2782 2622 2834 tibi
2647 2784 2770 2851 quid
2792 2788 3021 2852 futurum
3046 2786 3281 2855 sil(1sai.
3307 2792 3393 2844 47.
3416 2792 3530 2860 15).

1936 2870 2011 2924 De
2059 2871 2163 2924 vita
2196 2884 2324 2940 ergo
2371 2871 2647 2925 hominum
2680 2872 2884 2926 nullum
2918 2875 3128 2943 signum
3178 2877 3266 2932 dat
3315 2882 3528 2936 caelum.

1932 2959 2025 3014 Vis
2064 2961 2179 3029 ejus
2217 2963 2367 3030 signa
2407 2963 2658 3016 discere?
2690 2963 2965 3032 Significat
3020 2968 3259 3034 pluvias,
3305 2982 3531 3039 ventos,

1933 3050 2140 3105 hiemes
2185 3066 2248 3105 ac
2272 3061 2619 3121 tempestates
2642 3092 2656 3117 ,
2695 3055 3041 3122 tranquillum
3082 3072 3285 3111 acrem.
3318 3061 3442 3115 flzec
3463 3064 3535 3115 si-

1928 3143 2185 3212 gnificant
2211 3144 2380 3197 stellae
2407 3185 2420 3209 ,
2456 3143 2614 3212 idque
2641 3159 2734 3213 per
2766 3145 2856 3199 Dei
2886 3146 3292 3216 benignitatem,
3323 3162 3377 3205 ut
3403 3169 3533 3208 nau-

1928 3235 2105 3288 clerus
2136 3235 2343 3303 signum
2369 3235 2577 3299 videat,
2608 3245 2661 3289 et
2690 3238 2979 3304 periculum
3012 3239 3262 3308 effugiat;
3294 3252 3352 3295 ut
3382 3247 3524 3314 agri-

1927 3326 2043 3378 cola
2094 3324 2284 3379 hiemis
2328 3341 2543 3379 sensum
2592 3326 2817 3391 habeat,
2849 3336 2903 3382 et
2936 3340 3279 3387 antevertens
3326 3344 3527 3389 terram

1928 3427 2109 3471 aratro
2138 3420 2325 3473 sulcet.
2358 3419 2453 3472 Est
2482 3428 2536 3473 et
2559 3420 2679 3474 belli
2712 3430 2765 3473 et
2796 3422 2940 3489 pacis
2968 3420 3201 3491 signum.
3234 3424 3359 3480 llaec
3404 3426 3529 3481 Ser-

1926 3520 2080 3564 vator
2106 3510 2425 3575 affirmavit,
2458 3526 2577 3580 qua:
2608 3511 2788 3579 utique
2834 3521 2959 3565 sunt
2984 3513 3250 3581 simplicia
3275 3557 3289 3580 ,
3321 3525 3375 3569 et
3421 3533 3521 3571 ex-

1925 3602 2137 3672 ploratu
2167 3601 2362 3656 facilia.
2409 3604 2495 3655 Ait
2536 3602 2733 3671 quippe
2773 3602 2971 3656 Judaeis
3006 3620 3019 3656 :
3056 3623 3074 3655 ι
3116 3604 3451 3673 Hypocritze,
3482 3614 3526 3662 si

1928 3692 2165 3746 videritis
2215 3694 2408 3747 nubem
2451 3694 2518 3746 ab
2564 3709 2755 3747 occasu
2787 3696 3046 3749 orientem
3075 3736 3089 3761 ,
3118 3697 3296 3753 dicitis
3322 3739 3335 3763 ,
3371 3699 3530 3755 Venit

1926 3792 2217 3851 tempestas
2248 3803 2265 3834 ι
2294 3784 2501 3855 (Matth.
2533 3785 2619 3837 16.
2638 3783 2797 3852 2-4);
2827 3803 2844 3834 ι
2868 3794 2921 3837 et
2942 3787 3011 3839 ita
3041 3785 3118 3840 fit.
3142 3788 3270 3843 Etsi
3290 3789 3527 3845 videritis

1925 3890 2157 3944 vespere
2206 3875 2561 3929 rubicundum
2616 3876 2805 3929 caelum
2834 3917 2847 3942 ,
2880 3876 3057 3931 dicitis
3087 3895 3101 3931 :
3135 3880 3439 3948 Serenum;
3473 3893 3526 3938 et

1924 3970 2070 4023 venit
2096 3984 2370 4024 serenum.
2404 3970 2472 4023 Et
2503 3974 2545 4023 si
2581 3969 2823 4024 videritis
2853 3984 2977 4023 sero
3013 3972 3164 4026 triste
3196 3974 3404 4039 caelum,
3434 3975 3523 4028 di-

1922 4061 2076 4126 citis,
2108 4061 2425 4131 Tempestas
2447 4062 2592 4115 venit
2626 4081 2643 4113 »
2673 4060 2821 4131 (Luc.
2854 4062 2940 4115 12.
2975 4063 3185 4134 54-56).
3217 4064 3524 4137 Deindequc

1922 4151 2195 4220 subjungit
2226 4170 2238 4206 :
2266 4170 2283 4202 ι
2323 4151 2533 4206 Faciem
2566 4153 2680 4205 caeli
2704 4161 2757 4207 et
2788 4162 2943 4207 terrae
2968 4153 3199 4222 probare
3227 4156 3374 4211 scitis
3404 4198 3419 4224 ,
3450 4158 3519 4212 il-

1922 4245 2013 4298 lud
2051 4254 2228 4297 autem
2272 4256 2480 4314 tempus
2530 4245 2783 4299 nescitis?
2819 4264 2836 4296 ι
2874 4244 2998 4300 Haec
3040 4256 3165 4300 sunt
3207 4248 3355 4317 signa
3398 4265 3519 4318 qua:

1920 4339 2036 4392 sine
2058 4339 2297 4407 periculo
2325 4338 2698 4404 observantur,
2715 4347 2893 4402 instas,
2922 4338 3114 4405 hiems,
3140 4341 3341 4409 pluvia,
3369 4357 3514 4399 sere-

1919 4446 2021 4484 nus
2038 4446 2147 4484 aer.
2176 4430 2301 4485 llaec
2318 4447 2420 4485 non
2438 4441 2559 4484 sunt
2577 4445 2603 4482 a
2628 4431 2823 4499 pietate
2844 4430 3037 4494 aliena,
3053 4432 3144 4484 sed
3167 4432 3257 4486 Dei
3276 4435 3512 4501 propria.

1917 4524 2079 4578 Multa
2108 4526 2464 4594 potuissemus
2489 4524 2556 4578 de
2579 4524 2865 4591 astrologia
2885 4522 3083 4587 dicere;
3109 4524 3200 4577 sed
3226 4540 3359 4593 opus
3380 4525 3515 4582 fuis-

1918 4628 1999 4672 set
2030 4627 2083 4672 et
2130 4617 2465 4671 contentiore
2494 4631 2624 4669 voce
2651 4656 2663 4680 ,
2687 4624 2741 4669 et
2782 4630 2982 4684 organo
3031 4630 3134 4669 non
3188 4616 3465 4676 fatiscente
3494 4640 3509 4678 :

1917 4728 2036 4763 nam
2066 4726 2185 4763 cum
2214 4725 2463 4764 sermone
2495 4724 2644 4762 mens
2682 4709 2791 4778 pari
2833 4724 3019 4778 gressu
3051 4712 3308 4778 procedit,
3338 4724 3391 4769 et
3421 4732 3510 4769 rao

1915 4804 2186 4857 tiocinium
2216 4819 2319 4856 una
2342 4817 2461 4855 cum
2494 4802 2667 4870 lingua
2696 4798 3012 4854 infirmatur.
3043 4800 3121 4853 Ad
3146 4816 3207 4854 ea
3231 4817 3360 4873 ergo
3389 4823 3507 4876 qua:

1912 4905 2036 4949 sunt
2080 4896 2401 4963 simpliciora
2447 4892 2819 4962 procedamus.
2855 4891 2967 4945 Sint
3016 4894 3068 4943 in
3111 4894 3255 4962 signa
3294 4906 3341 4950 et
3384 4908 3507 4951 lem-

1913 5004 2057 5057 pora.
2102 4984 2260 5040 Aliud
2305 4987 2447 5039 enim
2488 4993 2570 5037 est
2598 4994 2755 5052 χρόνος
2796 4992 3039 5051 tempus,
3076 4986 3296 5041 etaLud
3346 4998 3505 5060 ναιρός

1911 5079 2302 5149 Opportunitas.
2330 5084 2504 5146 Χρὸνες
2530 5074 2850 5128 diuturnitas
2876 5084 2957 5128 est
2980 5117 2994 5141 ,
3024 5087 3076 5130 et
3114 5087 3275 5149 καιρός
3303 5094 3501 5150 Oppor-

1912 5173 2126 5224 tunitas.
2160 5170 2268 5223 Nec
2298 5168 2489 5238 estqui
2522 5167 2681 5233 dicat,
2715 5175 2872 5235 χρόνος
2900 5178 2979 5220 est
3003 5168 3313 5236 vindemiae;
3345 5187 3503 5227 nemo

1908 5266 2057 5328 dicit,
2088 5276 2242 5334 χρόνος
2271 5272 2351 5317 est
2377 5261 2632 5331 virginem
2665 5260 2874 5314 locandi
2908 5279 2919 5313 :
2955 5260 3068 5325 sed,
3101 5270 3259 5332 καιρός
3290 5273 3371 5317 est
3392 5268 3500 5319 vir-

1907 5360 2083 5427 ginem
2115 5356 2322 5411 locandi
2348 5397 2361 5422 ,
2391 5365 2549 5425 χαιρὸς
2579 5354 2834 5408 sementis
2864 5363 2917 5407 et
2966 5365 3126 5425 καιρὸς
3155 5356 3363 5409 messis.
3398 5356 3501 5410 Sa-

1907 5454 2192 5519 lomonque
2222 5450 2293 5502 ait
2329 5466 2341 5502 :
2370 5451 2528 5519 καιρὸς
2562 5447 2826 5515 pariendi,
2856 5455 2901 5498 et
2936 5456 3096 5512 καιρὸς
3140 5446 3416 5511 moriendi,
3452 5457 3499 5501 et

1905 5554 2065 5611 καιρὸς
2116 5541 2437 5606 aedificandi,
2474 5548 2519 5590 et
2562 5547 2720 5607 καιρὸς
2753 5537 3039 5589 destruendi
3072 5534 3279 5605 (Eccle.
3309 5534 3364 5589 3.
3395 5535 3429 5588 2

1910 5645 2085 5705 Καιρόν
2113 5634 2238 5688 dicit
2275 5632 2747 5700 Opportunitatem.
2782 5629 2907 5683 llaec
2951 5642 3077 5681 vero
3125 5627 3291 5680 stella:
3327 5628 3494 5697 signi-

1905 5730 2099 5793 ficant;
2132 5738 2252 5797 puta
2281 5768 2293 5793 ,
2319 5722 2584 5795 pleiadum
2626 5730 2801 5777 ortum
2842 5720 3045 5774 initium
3102 5734 3218 5773 esse
3261 5720 3487 5784 messis;

1907 5820 2114 5891 plciadu
2139 5838 2168 5871 n
2220 5833 2488 5884 occasum,
2520 5815 2725 5870 initium
2760 5811 3030 5867 scincnlis.
3060 5811 3179 5864 Il:cc
3209 5810 3272 5863 ab
3301 5808 3487 5880 impie-
