3984 6478
513 436 622 492 451

513 540 621 586 tate
643 529 814 584 aliena
834 570 848 593 ,
872 526 1160 600 pictatique
1189 527 1401 594 propria
1438 531 1582 580 sunt.
1613 532 1790 589 Καιρσί
1818 523 1929 578 sive
1956 532 2090 576 tem-

510 635 636 692 pora
679 619 805 675 festa
845 633 1055 688 quoque
1103 626 1382 670 vocamur.
1437 616 1524 669 Ait
1573 617 1713 671 Deus
1751 634 1764 668 :
1805 614 1927 668 Tria
1972 617 2094 668 anni

510 721 733 778 tempora
780 707 1086 761 celebrabitis
1129 706 1290 770 mihi,
1332 705 1511 774 festum
1540 706 1844 774 Azymorum
1869 746 1883 771 ,
1912 709 2093 774 festum

514 801 858 866 l’entecostes,
888 808 934 852 et
969 803 1148 869 festum
1179 797 1604 867 Scenopegiorum
1648 797 1819 868 (Deut.
1855 798 1942 851 16.
1980 796 2090 867 16).

507 892 628 946 Tria
659 900 914 960 tempora.
950 890 1086 944 Ecce
1115 890 1282 958 signa,
1312 899 1364 942 et
1387 897 1645 956 tempora.
1681 887 1803 942 Dies
1824 901 2008 942 rursus
2032 889 2086 942 in

507 981 724 1035 sabbato
745 988 796 1034 et
819 994 1028 1034 menses
1063 977 1184 1033 facit
1213 978 1356 1032 luna.
1382 977 1475 1032 Sol
1498 992 1756 1031 annorum
1780 978 2090 1032 conversio-

508 1088 601 1126 nes
622 1072 887 1133 obscrvat,
914 1085 1148 1133 vernam,
1180 1069 1602 1138 aequinoctialem
1626 1070 1664 1134 ¹,
1695 1070 1930 1122 aestivam
1958 1111 1973 1134 ,
1997 1084 2090 1122 au-

509 1163 814 1216 tumnalem.
845 1160 996 1215 Stant
1027 1161 1168 1229 leges
1197 1160 1449 1213 immolre.
1486 1161 1666 1222 Dixit,
1700 1168 1754 1214 et
1797 1160 1897 1213 ﬁxa
1928 1171 2086 1226 sunt;

506 1252 809 1314 mandavit,
843 1259 897 1305 et
926 1249 1140 1303 fundata
1172 1258 1312 1302 sunt.
1359 1249 1454 1302 Hic
1481 1249 1692 1303 domum
1733 1252 1967 1304 animum
1997 1251 2089 1303 ad-

505 1345 715 1398 vertite.
759 1343 887 1409 Quis
919 1342 1103 1395 horum
1148 1342 1333 1396 artifex
1359 1341 1381 1393 ?
1407 1344 1524 1412 quis
1557 1341 1671 1396 hzec
1697 1341 1862 1396 fecit?
1892 1343 2088 1396 Pater?

504 1435 670 1490 Nemo
702 1433 984 1487 inﬁciatur.
1017 1432 1218 1486 Filius?
1245 1433 1416 1486 Etiam
1437 1433 1671 1487 hmretici
1701 1432 1954 1499 fatentur,
1983 1435 2083 1488 etsi

503 1540 611 1579 non
657 1532 801 1578 recte
829 1540 842 1574 :
867 1523 1047 1577 dicunt
1087 1523 1227 1576 enim
1257 1563 1269 1585 ,
1301 1523 1458 1576 Pater
1501 1522 1691 1577 Filium
1734 1523 1858 1578 fecit
1882 1562 1897 1589 ,
1924 1526 2087 1579 Filius

505 1625 681 1670 autem
722 1615 920 1668 omnia.
945 1613 1308 1667 Admittamne
1339 1613 1706 1681 impietatem?
1731 1614 1862 1681 Quia
1886 1615 2086 1669 insolu-

503 1705 628 1758 bilia
661 1705 864 1770 vincula
897 1703 1266 1758 htereticorum
1314 1713 1544 1758 mentem
1576 1706 1979 1773 constringunt,
2005 1707 2086 1759 in-

510 1803 843 1864 terrogemus
887 1792 1368 1862 prophetas:num
1423 1793 1498 1848 is.
1553 1794 1639 1862 qui
1694 1795 1870 1848 omnia
1926 1795 2082 1860 fecit,

501 1886 802 1955 quempiam
832 1885 1022 1939 habeat
1047 1883 1320 1952 majorem,
1340 1899 1405 1936 an
1436 1884 1681 1939 omnibus
1707 1885 1777 1938 sit
1804 1886 2081 1954 superior:

501 1992 595 2032 sua
617 1978 758 2032 enim
792 1976 887 2045 ipsi
918 1975 1276 2044 propositione
1303 1975 1522 2032 cadunt.

574 2068 630 2122 4.
666 2068 892 2131 Dicunt,
922 2066 1109 2120 Omnia
1151 2065 1278 2120 fecit
1304 2065 1468 2119 Filius
1489 2107 1502 2130 ,
1533 2066 1703 2135 ipsum
1734 2081 1862 2120 vero
1899 2067 2079 2122 Pater.

502 2156 766 2226 Pr0pitius
792 2156 943 2210 nobis
978 2157 1050 2210 sit
1075 2170 1174 2224 pro
1195 2155 1520 2224 blasphemia
1555 2174 1566 2209 :
1596 2156 1751 2224 plane
1773 2153 1914 2210 enim
1943 2156 2076 2210 hor-

497 2266 588 2304 τοι·
632 2259 712 2305 est
750 2250 1033 2319 impiorum
1081 2250 1239 2303 verba
1289 2249 1523 2313 iterare;
1579 2259 1811 2303 attamen
1845 2248 2080 2303 medicos

497 2342 785 2406 imitemur,
807 2341 1150 2395 immittentes
1173 2342 1222 2394 in
1249 2341 1464 2394 vulnera
1491 2355 1698 2404 manus,
1721 2348 1776 2392 ut
1797 2340 1972 2393 ulcera
1997 2354 2084 2394 cu-

494 2442 955 2485 remus:coactus
983 2431 1140 2484 etiam
1190 2430 1594 2498 fuitApostolns
1635 2445 1721 2483 res
1745 2429 2079 2497 turpissimas
2131 2488 2135 2492 ,

493 2535 914 2574 commemorare
939 2563 953 2584 ,
987 2536 1091 2574 non
1121 2529 1175 2573 ut
1215 2521 1443 2589 linguam
1476 2519 1718 2582 foedaret,
1748 2518 1840 2572 sed
1874 2527 1928 2571 ut
1957 2533 2080 2587 pec-

492 2621 608 2664 cata
640 2611 896 2664 ablueret.
927 2611 1137 2674 Dicunt,
1167 2609 1357 2664 Omnia
1384 2607 1509 2664 fecit
1534 2608 1719 2675 Filius,
1756 2608 1928 2677 ipsum
1950 2624 2078 2664 vero

494 2701 668 2754 Pater.
704 2700 1048 2770 lnterrogabo
1077 2699 1361 2769 prophetas
1382 2741 1397 2767 ,
1429 2699 1545 2769 quis
1571 2709 1622 2754 et
1666 2709 1898 2768 quantus
1935 2701 2004 2754 sit
2029 2699 2076 2755 is

491 2794 578 2862 qui
627 2794 814 2847 caelum
863 2793 1008 2847 fecit.
1038 2792 1127 2846 Ait
1172 2792 1334 2846 Isaias
1387 2790 1684 2861 propheta:
1725 2810 1742 2842 ι
1779 2791 1904 2846 Haec
1949 2792 2077 2846 dicit

492 2881 748 2935 Dominus
771 2923 786 2945 ,
835 2882 922 2950 qui
956 2882 1076 2934 fecit
1116 2881 1303 2934 caelum
1326 2921 1339 2942 ,
1370 2889 1423 2934 et
1467 2880 1579 2932 ﬁxit
1616 2879 1742 2933 illud
1791 2896 1804 2933 :
1835 2881 1922 2949 qui
1959 2879 2075 2934 fun-

490 2972 631 3024 davit
660 2981 872 3036 terram,
903 2981 957 3025 et
976 2986 1093 3040 qua:
1122 2971 1172 3024 in
1197 2971 1281 3024 illa
1307 2980 1428 3023 sunt
1463 2987 1474 3024 :
1499 2970 1586 3039 qui
1617 2970 1708 3024 dat
1729 2970 2072 3039 spirationcm

490 3061 682 3130 populo
711 3062 798 3131 qui
829 3063 877 3114 in
909 3061 995 3114 illa
1030 3069 1109 3114 est
1136 3102 1150 3126 ,
1184 3069 1236 3115 et
1277 3061 1517 3129 spiritum
1548 3060 1875 3115 calcantibus
1903 3075 2020 3114 eam
2056 3077 2070 3114 :

493 3154 600 3222 Ego
624 3153 875 3206 Dominus
909 3171 926 3202 ι
956 3151 1122 3222 (Isai.
1155 3151 1243 3204 42.
1278 3152 1329 3205 5.
1361 3153 1439 3220 ϐ).
1478 3169 1495 3201 ι
1524 3152 1659 3204 Ante
1688 3165 1772 3204 me
1799 3151 1938 3204 Deus
1961 3165 2070 3203 non

487 3253 586 3310 est,
603 3254 786 3314 etpost
809 3260 892 3296 me
922 3244 1059 3296 Deus
1072 3258 1175 3295 non
1191 3250 1290 3296 est.
1313 3241 1425 3310 Ego
1440 3256 1579 3306 sum,
1597 3250 1771 3295 etnon
1794 3241 2021 3295 cstalius
2046 3258 2064 3290 ι

491 3337 642 3407 (Ιιίιὶ.
676 3337 762 3390 45.
794 3337 880 3389 10.
911 3337 1020 3404 11).
1073 3334 1196 3389 Haec
1232 3333 1364 3388 dicit
1406 3332 1497 3402 qui
1525 3333 1862 3389 fecitceelum
1881 3341 2063 3388 etter—

486 3441 597 3479 ram
630 3426 942 3495 Unigenitus
963 3466 976 3489 ,
1001 3426 1087 3493 qui
1114 3425 1406 3479 secundum
1439 3424 1720 3478 haereticos
1747 3423 1916 3478 factus
1945 3431 2026 3477 est
2049 3464 2064 3489 ,

483 3525 538 3570 et
589 3526 768 3584 postea
816 3516 1037 3570 creavit.
1066 3515 1262 3568 Verum
1317 3516 1370 3569 in
1422 3514 1758 3569 sermonibus
1807 3516 2066 3568 labiorum

481 3623 697 3661 suorum
745 3606 1144 3676 Comprehensa:
1176 3616 1248 3659 est
1279 3616 1512 3675 peccator
1555 3605 1726 3674 (Psat.
1751 3605 1804 3659 9.
1840 3607 1948 3674 17).
1981 3607 2070 3661 Ait

480 3699 666 3753 beatus
693 3697 952 3753 Jeremias
986 3714 999 3751 :
1030 3695 1118 3753 Sic
1150 3697 1316 3751 dicite.
1347 3697 1715 3764 Quibusnam?
1741 3695 2063 3761 Gentilibus;

478 3788 567 3842 Dii
617 3791 702 3859 qui
759 3790 936 3842 curtum
983 3799 1031 3842 et
1086 3798 1269 3841 terram
1323 3805 1422 3841 non
1475 3792 1731 3856 fecerunt,
1782 3789 2066 3857 dispercant

477 3884 540 3936 de
568 3893 702 3937 terra
728 3883 859 3956 (Jer.
896 3882 980 3937 10.
1017 3885 1130 3952 11).
1161 3882 1434 3945 Dominus,
1475 3882 1572 3946 Qui
1597 3883 1713 3951 fecit
1743 3883 1890 3936 oculos
1917 3883 1967 3934 in
1992 3884 2067 3934 in.-

475 3977 676 4030 tellectu
717 3976 889 4044 (Psal.
940 3975 1060 4029 1⁸55.
1091 3973 1186 4044 5),
1216 3975 1329 4042 ipse
1367 3975 1504 4027 Deus
1533 3974 1681 4026 vivus
1719 3984 1773 4028 et
1799 3989 1973 4028 verus.
2007 3975 2062 4028 Si

475 4080 633 4119 verus
657 4074 740 4119 est
768 4066 906 4118 Deus
925 4065 1012 4119 ille
1034 4065 1122 4134 qui
1153 4063 1273 4118 fecit
1299 4063 1510 4128 cadum,
1536 4063 1633 4130 ipsi
1665 4079 1792 4117 vero
1825 4063 2059 4117 haeretici

473 4155 794 4210 conﬁtentur
813 4155 1004 4209 Filium
1023 4169 1141 4208 esse
1157 4169 1276 4208 eum
1295 4155 1380 4223 qui
1408 4153 1531 4207 fecit
1552 4155 1736 4207 czeinm
1765 4165 1818 4208 et
1842 4165 2057 4219 terram,

473 4262 592 4315 quae
621 4261 793 4316 pugna
823 4261 943 4300 cum
971 4244 1376 4310 dicitChristus,
1411 4243 1474 4298 Ut
1503 4258 1804 4314 cognoscant
1834 4253 1878 4296 te
1898 4244 2062 4298 solum

474 4336 637 4390 Deum
658 4354 842 4400 verum,
864 4346 907 4389 et
932 4352 1075 4405 quem
1099 4337 1273 4389 misisti
1293 4317 1468 4388 Jesunt
1492 4334 1746 4388 Christum
1765 4334 1941 4403 (Joan.
1971 4337 2055 4388 17.

471 4432 552 4503 ὅ).
585 4431 717 4484 Cum
745 4431 829 4485 Se:
848 4439 1001 4483 vator
1028 4439 1118 4482 aut
1148 4444 1241 4497 per
1268 4428 1559 4497 prophetas
1581 4465 1595 4492 ,
1624 4437 1715 4479 aut
1739 4443 1831 4494 per
1859 4442 1916 4479 se
1946 4429 2058 4480 lucc

469 4523 708 4585 dicebat,
739 4536 845 4575 non
871 4521 936 4574 ad
965 4519 1414 4586 comparationem
1440 4533 1560 4572 eum
1588 4517 1742 4571 Patre
1775 4517 1887 4570 hare
1917 4517 2060 4570 dice-

469 4613 590 4678 bat,
623 4611 689 4665 Ut
718 4619 1019 4681 cognoscant
1049 4620 1094 4662 te
1120 4609 1282 4662 solum
1327 4609 1534 4672 Deum;
1566 4609 1658 4662 sed
1689 4608 1754 4661 ad
1805 4608 2056 4664 differen-

469 4703 596 4755 tiam
625 4716 830 4766 eorum,
863 4701 953 4768 qui
987 4700 1118 4754 falso
1141 4700 1210 4754 dii
1248 4700 1603 4768 appellantur,
1630 4699 2052 4769 significandam.

468 4791 829 4859 Quamobrem
861 4791 1055 4845 Paulus
1103 4804 1314 4859 quoque
1354 4790 1482 4844 dicit
1515 4807 1528 4841 :
1563 4789 1797 4843 Conversi
1841 4792 1958 4843 estis
1994 4791 2056 4842 ab

468 4888 638 4951 idolis,
665 4886 850 4940 servire
880 4884 987 4936 Deo
1014 4886 1122 4936 vivo
1147 4893 1190 4936 et
1219 4899 1333 4938 vero
1365 4884 1441 4952 (1.
1473 4881 1647 4936 Thess.
1677 4883 1726 4933 1.
1758 4881 1835 4948 9).
1856 4881 2055 4936 Verum

465 4987 641 5040 vocat,
671 4985 728 5029 ut
755 4974 916 5028 falsos
938 4971 1178 5028 confutet
1201 4989 1214 5036 ;
1236 4973 1434 5037 vivum,
1459 4982 1515 5025 ut
1547 4980 1753 5025 mortua
1783 4972 1918 5026 idola
1950 4985 2056 5026 tra-

467 5068 647 5120 ducat.
683 5067 792 5134 Ego
817 5079 944 5118 vero
972 5073 1118 5134 puto,
1151 5064 1256 5117 imo
1280 5063 1458 5132 potius
1485 5063 1670 5128 credo,
1702 5074 1937 5118 mortuos
1963 5065 2056 5118 ad-

466 5173 680 5212 versum
733 5170 833 5210 nos
859 5156 1049 5219 irasci,
1094 5155 1138 5208 si
1188 5154 1405 5206 audiant
1458 5168 1556 5208 nos
1601 5154 1739 5207 idola
1785 5155 2054 5223 appellare

466 5259 697 5303 mortua.
734 5246 979 5316 lnjuriam
1002 5288 1016 5313 ,
1046 5247 1211 5307 aiunt,
1244 5246 1487 5314 irrogatis
1515 5254 1697 5297 nostro
1723 5245 1917 5298 ordini.
1946 5244 2054 5297 Nos

467 5341 665 5394 mortui
705 5354 990 5405 vocamur,
1021 5339 1108 5406 qui
1150 5335 1437 5405 aliquando
1487 5336 1752 5388 viximus:
1786 5336 1872 5404 qui
1909 5351 2054 5388 num-

465 5444 629 5499 quam
669 5409 879 5492 vixere,
925 5443 1019 5481 cur
1065 5428 1259 5482 mortui
1304 5425 1682 5496 appellantur?
1715 5425 1798 5477 Dii
1838 5427 1923 5493 qui
1949 5441 2052 5478 ca:-

466 5525 571 5576 lunt
597 5530 643 5576 et
673 5530 859 5574 terram
884 5535 987 5573 non
1027 5523 1284 5589 fecerunt,
1318 5521 1606 5589 dispereunt
1662 5517 1792 5588 (Jer.
1822 5519 1906 5574 10.
1935 5519 2047 5588 11).

527 5685 547 5716 ί
579 5685 653 5734 Sic
673 5681 851 5741 Vatie,
874 5679 1012 5729 savii.
1034 5685 1103 5741 _e_t
1134 5685 1439 5741 omnesttss.
1477 5675 1792 5741 Combeﬁsius
1828 5689 1946 5724 vero
1986 5688 2049 5741 ex

462 5739 1192 5810 conjectura,temthwctialem,
1213 5740 1284 5797 in,
1309 5739 1592 5810 [tuber-nam,
1617 5739 1849 5787 mutavit:
1875 5751 1964 5786 nec
1987 5739 2049 5788 de

463 5813 586 5855 heu
611 5809 875 5855 mutatione
899 5807 1135 5853 lectorem
1160 5807 1359 5850 monuit.

1928 405 2009 461 SE
2019 401 2295 459 VERIANI

3672 427 3791 480 452

2203 522 2477 587 Dominus,
2510 523 2608 588 Qui
2633 523 2748 595 fecit
2774 523 2922 579 caios
2948 526 3001 579 in
3022 525 3273 579 intellectu
3302 525 3522 599 (Psahn.
3548 526 3671 580 155.
3705 525 3787 597 5),

2199 611 2313 680 ipse
2357 613 2506 666 vivus
2548 613 2687 667 Deus
2715 623 2771 669 et
2798 628 2978 669 verus.
3012 615 3140 682 Quis
3167 624 3249 670 est
3276 616 3464 669 vivus?
3507 614 3607 681 Qui
3653 613 3790 668 fecit

2196 702 2404 756 czelum.
2436 701 2572 757 Num
2599 711 2742 758 stant
2774 703 3148 760 haereticorum
3193 705 3574 760 deﬁnitiones?
3603 720 3788 760 annon

2195 792 2336 847 Cadit
2361 807 2547 848 eorum
2575 794 2857 863 impietas?
2887 809 3063 850 annon
3109 796 3447 867 redarguitur
3472 812 3659 852 eorum
3695 813 3786 853 rc-

2195 883 2355 953 ligio?
2404 899 2579 938 annon
2626 884 2939 938 dissolvitur
2985 886 3588 955 pravitas?Conditoris
3618 901 3786 957 Opera

2195 977 2649 1044 comprehendere
2681 993 2785 1030 non
2818 986 2970 1045 potes
2995 1018 3008 1042 ,
3043 985 3097 1031 et
3123 978 3395 1031 Artiﬁcem
3445 980 3658 1033 curiose
3708 982 3788 1034 in-

2196 1068 2360 1136 quiris
2389 1076 2441 1121 et
2466 1067 2749 1135 exploras?
2773 1067 2910 1134 Quid
2939 1068 3134 1121 clamat
3159 1069 3363 1122 David?
3397 1069 3561 1135 Quam
3596 1071 3790 1136 magni-

2194 1159 2345 1228 ficam
2369 1169 2485 1212 sunt
2515 1176 2668 1228 opera
2698 1169 2786 1212 tua
2810 1199 2826 1222 ,
2852 1160 3101 1212 Domine!
3134 1159 3316 1212 Omnia
3346 1161 3397 1213 in
3422 1162 3679 1230 sapientia
3707 1167 3787 1232 fe-

2193 1250 2305 1301 cisti
2337 1249 2562 1314 (Psalm.
2593 1251 2716 1305 105.
2743 1249 2856 1315 24).
2893 1250 3172 1319 Pr0phetce
3203 1266 3366 1318 opera
3398 1253 3749 1322 magniﬁcant
3769 1297 3786 1319 ,

2194 1337 2428 1393 limretici
2474 1339 2728 1408 Opiﬁcem
2767 1341 3034 1393 minuunt.
3083 1341 3300 1410 Magnus
3345 1343 3432 1397 ille
3477 1344 3705 1397 consilio
3731 1353 3790 1397 et

2196 1441 2380 1498 potens
2404 1431 2652 1498 operibus
2674 1473 2685 1493 ,
2710 1432 2799 1500 qui
2821 1434 3007 1486 cmlum
3039 1432 3283 1488 formavit
3309 1444 3359 1487 et
3384 1435 3496 1488 ﬁxit
3519 1450 3582 1489 ex
3607 1434 3790 1503 aquis;

2195 1539 2298 1574 non
2330 1522 2470 1574 enim
2510 1537 2538 1574 a
2581 1523 2835 1575 miraculo
2867 1523 3117 1577 abscedo.
3152 1525 3228 1577 Ex
3256 1525 3410 1593 aquis
3465 1536 3790 1579 concretum

2192 1624 2308 1676 est,
2338 1624 2391 1668 et
2429 1629 2618 1684 aquam
2660 1624 2875 1684 gestat:
2922 1631 2986 1670 ex
3031 1617 3183 1684 aquis
3214 1626 3520 1670 concretum
3569 1626 3686 1679 est,
3732 1626 3790 1670 et.

2193 1708 2442 1777 abyssum
2470 1716 2644 1776 gestat
2674 1725 2688 1772 ;
2721 1707 2938 1762 omnino
2967 1717 3142 1760 autem
3170 1707 3414 1775 exemplo
3443 1708 3642 1767 lueret.
3681 1723 3790 1759 nn-

2193 1813 2312 1849 vum
2336 1839 2351 1862 ,
2380 1797 2595 1867 inquam
2623 1838 2637 1864 ,
2671 1797 2773 1851 hoc
2817 1797 3152 1851 miraculum.
3199 1796 3442 1850 Vidistin’
3477 1797 3688 1850 tabulas
3715 1797 3790 1849 ab

2191 1903 2326 1957 aqua
2362 1896 2623 1958 gestatas,
2672 1898 2726 1941 et
2753 1888 2982 1956 desuper
3015 1890 3189 1942 nivem
3230 1887 3481 1955 gestare?
3511 1886 3699 1940 Hiems
3730 1887 3786 1940 id

2191 1977 2336 2044 fecit,
2371 1988 2422 2033 et
2451 1978 2588 2034 Deus
2613 1993 2717 2033 non
2748 1980 2935 2033 faciet?
2961 1978 3110 2035 Fecit
3138 1980 3349 2043 ctelum,
3384 1993 3490 2033 non
3522 1987 3574 2032 ut
3604 1978 3789 2048 Sphm-

2190 2087 2302 2126 ram
2353 2071 2467 2141 (ιι),
2517 2082 2572 2125 ut
2616 2070 3057 2141 philosophantur
3083 2086 3313 2141 nugaces
3343 2071 3440 2124 illi.
3475 2070 3589 2125 Non
3633 2071 3785 2125 enim

2189 2163 2452 2233 Sphaeram
2483 2163 2605 2218 fecit
2635 2179 2752 2233 qua}
2779 2164 3038 2218 volvatur.
3066 2163 3286 2227 Verum,
3319 2173 3376 2217 ut
3402 2164 3475 2215 ait
3492 2162 3783 2231 propheta,

2189 2257 2269 2313 sol
2292 2257 2560 2326 quomodo
2588 2257 2797 2311 currit?
2825 2258 2923 2321 Qui
2942 2258 3117 2310 statuit
3141 2256 3319 2309 cretum
3345 2257 3473 2308 sicut
3503 2255 3784 2324 fornicem,

2188 2360 2234 2406 et
2277 2353 2498 2405 extendit
2550 2352 2680 2406 illud
2719 2353 2850 2406 velut
2894 2354 3271 2407 tabernaculum
3317 2352 3486 2422 (Isai.
3520 2354 3609 2408 40.
3638 2353 3779 2421 22).

2187 2442 2354 2496 Nemo
2383 2453 2622 2497 nostrum
2656 2445 2724 2496 ita
2753 2443 2944 2512 impius
2964 2453 3047 2498 est
3075 2453 3133 2497 ut
3161 2444 3448 2513 nugacibus
3481 2445 3587 2498 illis
3616 2444 3782 2496 ﬁdem

2188 2537 2402 2591 habeat.
2435 2538 2718 2606 Prophetre
2740 2537 2920 2590 dicunt
2949 2538 3134 2591 Caelum
3167 2537 3374 2590 initium
3407 2547 3460 2590 et
3488 2536 3647 2588 ﬁnem
3681 2535 3784 2587 ha-

2187 2627 2332 2682 bere.
2357 2628 2481 2682 Ideo
2508 2628 2585 2683 sol
2619 2644 2721 2682 non
2746 2628 3007 2694 ascendit,
3039 2627 3132 2681 sed
3165 2627 3424 2696 procedit.
3457 2627 3598 2680 Dicit
3624 2625 3781 2679 Scri-

2186 2732 2339 2792 ptura
2372 2741 2384 2776 :
2420 2723 2514 2778 Sol
2539 2740 2765 2794 egressus
2793 2734 2866 2777 cst
2895 2739 3046 2792 super
3075 2734 3260 2776 terram
3279 2763 3295 2788 ,
3322 2732 3368 2776 et
3390 2721 3487 2774 Lot
3513 2723 3780 2790 ingressus

2184 2822 2254 2867 est
2281 2815 2332 2864 in
2360 2813 2523 2883 Segor
2550 2813 2713 2884 (Cen.
2750 2814 2837 2868 19.
2866 2814 2992 2884 25).
3043 2814 3227 2868 Palam
3259 2828 3386 2882 ergo
3416 2821 3499 2867 est
3525 2829 3592 2867 ex
3622 2813 3781 2868 Scri-

2185 2912 2336 2972 ptura
2368 2905 2536 2958 solem
2569 2919 2842 2974 egressum
2873 2919 3012 2970 esse,
3047 2920 3153 2959 non
3183 2903 3488 2980 ascendisse
3516 2922 3529 2958 :
3562 2920 3626 2961 ac
3651 2919 3783 2961 rur-

2183 3013 2323 3059 sum,
2355 2998 2394 3051 A
2421 3014 2617 3052 summo
2641 2999 2764 3052 caelo
2785 3001 3002 3068 egressio
3023 2999 3131 3068 ejus
3161 2997 3329 3068 (Psal.
3361 2999 3448 3053 18.
3473 2998 3547 3068 7),
3575 2998 3779 3069 inquit,

2183 3104 2287 3143 non
2335 3104 2608 3144 ascensus.
2655 3089 2709 3144 Si
2735 3090 2941 3159 sphaera
2983 3099 3096 3156 est,
3137 3105 3402 3144 summum
3447 3106 3554 3144 non
3583 3091 3772 3146 habet.

2180 3182 2331 3247 Quod
2364 3183 2509 3236 enim
2539 3182 2775 3251 undique
2804 3182 3087 3236 rotundum
3121 3192 3222 3248 est,
3254 3181 3464 3236 ubinam
3495 3197 3772 3237 summum

2179 3273 2378 3327 habet?
2409 3274 2542 3327 Num
2573 3289 2702 3343 ergo
2723 3273 2867 3328 solus
2897 3273 3059 3328 David
3088 3273 3248 3338 dicit,
3277 3289 3341 3327 an
3370 3276 3528 3327 etiam
3567 3273 3772 3327 Serva-

2179 3368 2300 3420 tor?
2330 3367 2463 3420 Audi
2488 3367 2659 3435 ipsum
2688 3366 2950 3420 dicentem
2977 3382 2989 3418 :
3025 3385 3041 3417 ε
3073 3367 3205 3420 Cum
3239 3366 3443 3419 venerit
3470 3365 3634 3417 Filius
3668 3365 3775 3419 ho-

2179 3459 2336 3512 minis
2362 3460 2412 3512 in
2435 3459 2712 3527 majestate
2743 3471 2859 3524 sua,
2894 3460 3064 3511 mittet
3089 3456 3305 3526 angelos
3335 3471 3460 3509 suos
3488 3471 3606 3509 cum
3640 3457 3769 3510 tuba

2174 3562 2228 3606 et
2257 3566 2386 3605 voce
2409 3565 2597 3620 magna
2619 3591 2632 3615 ,
2671 3560 2723 3604 et
2749 3549 3143 3619 congregabunt
3169 3549 3365 3602 electos
3393 3549 3506 3615 ejus
3542 3565 3572 3601 a
3612 3564 3770 3602 smn-

2175 3660 2260 3698 mo
2291 3646 2423 3698 caelo
2455 3657 2619 3712 usque
2645 3642 2709 3695 ad
2737 3655 3001 3695 summum
3033 3640 3218 3694 cadum
3245 3638 3489 3709 »(ΜαΗΙι.
3522 3638 3612 3692 24.
3644 3638 3764 3710 51).

2246 3740 2300 3792 5.
2334 3736 2521 3790 Futilis
2544 3734 2803 3788 Seueriani
2827 3734 3122 3802 sphmricam
3142 3733 3273 3784 orbis
3294 3736 3509 3800 formant
3532 3735 3769 3802 negantis

2171 3828 2362 3896 opinio.
2416 3857 2485 3867 ——
2525 3827 2820 3894 Qumrimus
2866 3834 3043 3879 autem
3110 3825 3196 3877 ubi
3263 3825 3341 3876 sol
3388 3823 3635 3889 occidat,
3708 3835 3767 3879 et

2172 3923 2257 3976 ubi
2288 3931 2444 3975 noctu
2473 3928 2671 3975 currat.
2717 3917 3020 3973 Secundum
3069 3925 3282 3970 exteros
3323 3916 3422 3970 sub
3472 3925 3644 3981 terra;
3675 3930 3769 3970 se-

2170 4012 2400 4065 cundum
2454 4026 2550 4065 nos
2594 4019 2770 4064 autem
2797 4050 2810 4072 ,
2840 4008 2928 4077 qui
2978 4008 3164 4061 caelum
3212 4007 3610 4061 tabernaculum
3636 4022 3766 4062 esse

2169 4106 2392 4158 dicimus
2413 4147 2426 4170 ,
2455 4105 2748 4173 quidnam?
2787 4104 3038 4157 Animum
3058 4102 3271 4168 adhibe,
3304 4116 3504 4170 quaeso,
3535 4116 3663 4154 num
3691 4104 3767 4155 sit

2170 4195 2297 4249 falsa
2342 4195 2648 4248 sententia:
2681 4193 2773 4248 sed
2801 4194 2845 4248 si
2898 4193 3095 4248 habeas
3140 4192 3468 4262 signaculum
3511 4192 3762 4244 veritatis

2168 4286 2472 4338 testimonio
2521 4285 2830 4349 ﬁrmatum,
2882 4285 3156 4339 concurrit
3196 4298 3315 4336 cum
3363 4281 3546 4349 phrasi
3590 4292 3645 4336 et
3673 4282 3761 4336 lo-

2165 4392 2280 4430 cus.
2328 4378 2508 4448 Cogita
2553 4379 2939 4445 superpositam
2997 4376 3253 4429 fornicem
3302 4374 3394 4442 (b).
3443 4371 3635 4428 Oriens
3668 4373 3759 4430 hic

2165 4478 2280 4534 est,
2312 4479 2368 4522 ut
2400 4472 2561 4539 figura
2594 4469 2946 4538 exprimitur:
2997 4466 3289 4535 septentrio
3318 4480 3446 4520 vero
3501 4465 3611 4520 illic
3635 4508 3650 4532 ,
3684 4482 3759 4522 ex

2169 4561 2416 4629 opposito
2446 4560 2695 4614 meridies
2719 4600 2732 4619 .
2769 4559 2876 4613 illic
2919 4558 3192 4612 occidens.
3224 4554 3316 4612 Sol
3344 4557 3526 4611 oriens
3547 4571 3672 4611 cum
3704 4559 3757 4611 in

2163 4667 2410 4707 occasum
2443 4652 2609 4720 vergit
2630 4692 2643 4715 ,
2669 4666 2772 4704 non
2816 4649 2914 4705 sub
2946 4658 3084 4702 terra
3116 4647 3343 4713 occidit,
3383 4647 3476 4702 sed
3500 4663 3755 4716 egressus

2163 4747 2228 4800 ad
2257 4747 2370 4800 εωΙί
2397 4744 2528 4799 ﬁnes
2553 4786 2565 4806 ,
2598 4754 2776 4812 partes
2797 4743 3038 4798 boreales
3083 4741 3383 4810 percurrit,
3416 4741 3567 4808 quasi
3601 4755 3757 4794 muro

2162 4839 2389 4909 quodam
2421 4837 2734 4902 occultatus,
2768 4837 2915 4905 aquis
2943 4850 3048 4888 non
3077 4833 3380 4888 sinentibus
3405 4843 3459 4885 ut
3488 4832 3606 4900 ejus
3627 4848 3754 4887 cur-

2164 4948 2255 4987 sus
2303 4941 2594 5002 appareat,
2626 4931 2900 4997 curritque
2943 4943 3041 4996 per
3070 4937 3249 4995 partes
3291 4925 3570 4989 boreales,
3603 4935 3658 4979 et
3688 4925 3753 4977 ad

2162 5031 2421 5083 orientem
2449 5025 2611 5078 venit.
2653 5022 2930 5077 Undenam
2959 5019 3060 5073 hoc
3087 5019 3258 5087 palam
3287 5018 3412 5073 est?
3439 5018 3529 5071 Ait
3563 5018 3752 5071 beatus

2162 5122 2416 5177 Salomon
2456 5120 2506 5172 in
2536 5115 2893 5172 Ecclesiaste,
2927 5127 3046 5181 qme
3083 5119 3166 5166 est
3196 5112 3456 5179 scriptura
3488 5120 3654 5164 certae
3689 5109 3750 5161 ﬁ-

2160 5215 2283 5280 dei,
2343 5227 2447 5265 non
2497 5209 2792 5263 adulterata
2825 5223 2836 5258 :
2872 5204 3048 5258 Oritur
3072 5245 3086 5268 ,
3119 5204 3326 5273 inquit,
3353 5204 3466 5268 soi,
3495 5215 3542 5256 et
3570 5203 3752 5255 occidit

2160 5307 2254 5359 sol.
2300 5303 2478 5358 Oriens
2527 5301 2689 5369 pergit
2729 5299 2797 5350 ad
2823 5308 3082 5358 austrum,
3116 5305 3160 5348 et
3188 5295 3367 5347 circuit
3397 5296 3465 5346 ad
3509 5295 3746 5347 boream:

2159 5397 2334 5450 circuit
2362 5391 2720 5447 circumeundo
2741 5431 2755 5454 ,
2786 5397 2828 5442 et
2851 5390 2904 5441 in
2933 5389 3041 5440 loco
3066 5403 3156 5441 suo
3196 5389 3355 5440 oritur
3377 5383 3580 5452 (Eccie.
3601 5386 3653 5440 1.
3673 5388 3726 5455 5)

2231 5601 2296 5672 Ib)
2332 5618 2398 5656 De
2422 5608 2651 5668 opinione
2675 5601 2991 5672 quorumdam
3022 5601 3253 5672 veterum
3285 5604 3410 5672 circa
3445 5601 3677 5672 mundum
3701 5603 3744 5672 in

2157 5663 2351 5721 fornicis
2374 5663 2561 5716 morem
2585 5663 2819 5715 struetum
2858 5667 2967 5713 vide
3005 5677 3117 5727 quae
3152 5665 3362 5727 diximus
3398 5665 3447 5710 iu
3469 5666 3658 5727 glonito
3689 5663 3743 5710 ad

2157 5734 2394 5784 Cosmum.
2421 5729 2512 5778 Sed
2540 5729 2642 5777 h:ec
2669 5727 2886 5790 pluribus
2912 5722 3168 5790 agitantur
3193 5725 3415 5790 agesma
3452 5722 3674 5786 {Egyplio
3697 5739 3741 5772 ιη

2159 5791 2488 5856 't‘opographia
2513 5803 2615 5850 sua,
2641 5785 2784 5854 quam
2811 5785 3049 5839 edidimus
3071 5799 3196 5836 anno
3223 5785 3357 5838 1706.

2222 5551 2296 5670 Sa)
2328 5547 2453 5596 Vide
2477 5545 2698 5616 Cosmum
2721 5542 2995 5604 [Egyptium
3022 5555 3068 5603 p.
3093 5540 3201 5590 525.

2231 5611 2274 5670 ,1)
2332 5618 2398 5656 De
2422 5617 2651 5668 opnnone
2675 5604 2991 5670 quorumdam
3025 5611 3201 5670 veteru
