3984 6426
199 404 308 458 451

185 523 306 576 μεν.
345 505 665 561 Ἔστωσαν
696 511 785 576 εἰς
819 511 1044 584 σημεῖα
1075 514 1174 567 καὶ
1205 515 1294 581 είς
1317 515 1585 582 καιρούς.
1621 513 1785 566 Ἀλλο

183 594 294 665 γὰρ
311 595 525 665 χρόνοςε
545 599 640 650 καὶ
662 599 791 652 ἄλλο
819 602 1029 675 καιρός.
1063 604 1269 676 Χρόνος
1293 603 1468 674 μῆκός
1493 605 1630 664 ἐστι,
1664 620 1786 656 και-

184 682 277 753 ρὸς
303 684 576 755 εὐκαιρία.
609 687 717 740 Καὶ
739 689 916 754 οὐδεὶς
946 691 1124 760 λέγει·
1159 692 1367 763 Χρόνος
1395 693 1512 746 ἐστὶ
1546 692 1638 745 τοῦ
1666 710 1791 764 τρυ-

180 772 374 841 γῆσαι·
404 773 582 838 οὐδεὶς
601 774 768 844 λέγει·
799 776 1006 851 Χρόνος
1027 781 1144 833 ἐστὶ
1162 782 1262 852 τὴν
1289 781 1561 854 παρθένον
1591 782 1784 851 γῆμαι·

180 859 337 922 ἀλλά,
376 859 586 932 Καιρὸς
637 866 737 932 τήν
781 867 1048 937 παρθένον
1083 871 1279 939 γῆμαι,
1321 869 1514 942 καιρὸς
1559 870 1787 940 σπόρου,

180 945 276 996 καὶ
320 947 515 1016 καιρὸς
555 947 841 1022 θερισμοῦ.
889 955 1000 1008 Καὶ
1047 955 1300 1027 Σολομὼν
1341 957 1528 1026 λέγει’
1573 957 1790 1025 Καιρὸς

181 1032 289 1086 τοῦ
318 1035 538 1100 τεκεῖν,
569 1037 665 1090 καὶ
698 1041 906 1108 καιρὸς
933 1042 1041 1096 τοῦ
1075 1044 1421 1109 ἀποθανεῖν,
1451 1046 1550 1099 καὶ
1586 1045 1789 1115 καιρὸς

181 1121 288 1174 τοῦ
311 1123 731 1194 οἰκοδομῆσαι,
762 1129 861 1182 καὶ
890 1133 1097 1200 καιρὸς
1126 1133 1234 1188 τοῦ
1267 1133 1630 1189 καταλῦσαι.
1661 1135 1790 1187 Και-

183 1211 276 1297 ρδν
297 1229 399 1282 την
423 1214 711 1287 εὐκαιρίαν
740 1218 908 1287 λέγει.
936 1221 1202 1292 Σημαίνει
1232 1223 1288 1276 δὲ
1311 1226 1378 1277 τά
1400 1225 1574 1297 ἄστρα
1596 1222 1753 1277 τοῦτο
1773 1239 1786 1254 ·

182 1295 314 1367 οἷον,
338 1304 574 1376 ἀνατολὴ
604 1307 896 1377 πλειάδων,
925 1313 1068 1383 ἀρχὴ
1103 1312 1366 1386 θερισμοῦ
1388 1332 1401 1346 ο
1427 1295 1579 1378 δύσις
1609 1314 1790 1368 πλειά-

182 1389 304 1457 δων,
333 1394 480 1466 ἀρχὴ
511 1398 735 1467 σπόρου,
763 1400 949 1455 Ταῦτα
978 1402 1234 1473 ἀλλότρια
1267 1405 1366 1474 μὲν
1387 1405 1484 1474 τῆς
1509 1405 1788 1468 ἀσεϐείας,

184 1481 289 1533 ἴδια
317 1480 377 1534 δὲ
402 1483 505 1552 τῆς
529 1484 832 1553 εὐσεϐείας.
859 1491 1056 1562 Καιροὶ
1084 1493 1337 1562 λέγονται
1363 1493 1457 1547 καὶ
1488 1495 1674 1565 ἑορταὶ
1693 1493 1787 1547 τοῦ

183 1567 334 1621 Θεοῦ.
379 1570 541 1639 Λέγει
584 1574 612 1625 6
651 1577 816 1639 Θεός·
874 1580 1036 1647 Τρεῖς
1071 1582 1318 1649 καιροὺς
1359 1583 1466 1636 τοῦ
1507 1582 1788 1636 ἐνιαυτοῦ

183 1656 504 1723 ἑορτάσετέ
522 1679 646 1729 μοι’
679 1664 794 1731 τὴν
821 1666 1041 1736 ἑορτὴν
1071 1668 1190 1721 τῶν
1232 1668 1502 1738 Ἁζύμων,
1527 1669 1641 1735 τὴν
1663 1669 1790 1736 ἐορ-

184 1743 296 1810 thr
319 1743 428 1812 τῆς
451 1750 903 1822 ΙΙεντηκοστῆς,
932 1754 1048 1824 τὴν
1080 1755 1300 1823 ἑορτὴν
1331 1755 1450 1810 τῶν
1485 1760 1790 1825 Σκηνοπη-

183 1833 344 1898 τίων.
363 1833 528 1905 Τρεῖς
560 1839 762 1908 καιροί.
784 1841 914 1894 Ἰδοὺ
946 1847 1168 1912 σημεῖα,
1200 1846 1294 1898 καὶ
1327 1845 1528 1915 καιροί.
1547 1844 1790 1915 Ἡμέρας

183 1919 343 1973 πάλιν
380 1923 474 1974 ἐπὶ
510 1923 604 1976 τοῦ
632 1925 904 1980 σαϐϐάτου
939 1929 1034 1982 καὶ
1068 1931 1302 2003 μῆναςή
1338 1931 1534 2004 σελήνη
1561 1934 1790 2003 ἐργάζευ

180 2024 288 2061 ται.
309 2008 369 2061 '0
397 2009 551 2079 ἥλιος
582 2013 844 2066 ἐνιαυτῶν
871 2016 968 2079 τάς
997 2019 1206 2088 τροπάς
1236 2019 1516 2088 φυλάττει,
1543 2021 1787 2093 ἐαρινὴν,

185 2097 481 2168 ίσημερίαν
502 2108 542 2164 ⁸,
595 2100 853 2173 θερινὴν,
925 2109 1329 2179 μετοπωρινήν.
1368 2109 1696 2180 Ἐστήκασιν
1740 2113 1788 2164 οἱ

178 2184 330 2269 νόμοι
367 2187 681 2247 ἀσάλευτοι.
723 2189 882 2260 Εἷπε,
918 2197 1013 2248 καὶ
1047 2197 1366 2269 ὲπάγησαν·
1399 2200 1791 2263 ὲκέλευσε,καὶ

178 2265 643 2347 ἐθὲμελιὼθησαν.
683 2279 884 2334 Λοιπὸν
939 2276 1044 2335 ὦδε
1093 2284 1186 2338 τὸν
1229 2285 1376 2339 νοῦν·
1405 2287 1500 2352 Τίς
1529 2289 1558 2342 6
1584 2289 1790 2345 τούτων

178 2365 466 2437 τεχνίτης;
505 2368 591 2429 τίς
625 2369 798 2424 ταῦτα
830 2372 1121 2444 ὲποίησενς
1161 2375 1189 2428 6
1225 2377 1452 2449 Πατήρ;
1482 2378 1672 2443 Οὑδεὶς
1696 2382 1790 2435 ἀν-

176 2453 481 2522 τιλέγει.’0
522 2455 680 2523 Υίός;
716 2459 826 2512 Καὶ
868 2461 1138 2532 αίρετικοὶ
1189 2461 1527 2519 συντίθενται
1580 2468 1788 2536 μὲν,οὑ

177 2541 360 2606 καλῶς
389 2543 449 2597 δέ
467 2563 480 2576 ·
509 2544 728 2614 λέγουσι
773 2548 898 2619 γάρ,
933 2550 1015 2603 ὅτι
1056 2552 1147 2604 τὸν
1176 2554 1304 2606 Υίὸν
1332 2557 1360 2608 6
1388 2555 1578 2626 Πατὴρ
1608 2557 1790 2628 ἐποίη-

180 2648 288 2695 σεν,
318 2633 348 2684 6
394 2632 454 2686 δὲ
507 2633 637 2693 Υίὸς
681 2635 748 2689 τά
802 2637 1000 2691 πάντα.
1049 2639 1288 2711 Δέχομαι
1344 2641 1440 2713 τὴν
1485 2643 1784 2711 ἀσέϐειαν;

189 2720 410 2793 Ἐπειδὴ
442 2723 663 2795 δεσμοῖς
695 2727 912 2790 ἀλύτοις
948 2731 1168 2801 σφίγγει
1207 2733 1317 2786 τῶν
1363 2735 1657 2808 αίρετικῶν
1696 2736 1788 2790 τὸν

176 2807 460 2880 λογισμὸν,
490 2813 859 2886 ὲρωτήσωμεν
884 2817 1011 2881 τοὺς
1035 2821 1340 2890 προφήτας·
1362 2816 1481 2875 ’Ἡδ
1505 2823 1532 2874 6
1554 2824 1788 2896 ποιήσας

175 2897 242 2951 τά
268 2900 451 2953 πάντα
480 2899 592 2971 ἔχει
622 2902 744 2955 τινὰ
781 2904 972 2973 μείζω,
1001 2906 1033 2976 ἢ
1061 2908 1280 2962 πάντων
1312 2910 1461 2964 ἐστὶν
1476 2911 1783 2984 ἀνώτερος;

174 2989 242 3057 τῇ
277 2986 386 3058 γὰρ
419 2989 682 3059 προτάσει
709 2993 773 3061 τῇ
813 2991 918 3063 ίδία
951 2993 1259 3052 πίπτουσιν.

245 3074 310 3129 δ’.
355 3075 644 3144 Λέγουσιν,
678 3079 760 3132 ὅτι
793 3080 976 3136 πάντα
1003 3083 1262 3155 ἐποίησεν
1297 3087 1325 3139 6
1356 3087 1505 3155 Υἱὸς,
1539 3090 1700 3145 αὑτὸν
1729 3091 1787 3144 δὲ

173 3162 204 3216 6
233 3163 646 3235 Πατήρ.”1λεως
677 3169 808 3238 ήμῖν
838 3169 1062 3241 γένηται
1087 3173 1182 3226 ἐπὶ
1206 3176 1270 3246 τῇ
1301 3174 1626 3250 βλασφημίᾳ
1647 3195 1659 3207 ·
1697 3180 1784 3234 ἐπ’

175 3254 439 3324 ἀληθείας
470 3255 577 3326 γάρ
609 3258 781 3328 φρίκη
819 3259 935 3313 ἐστὶ
967 3260 1300 3332 δευτερῶσαι
1333 3266 1444 3318 τῶν
1474 3268 1689 3322 ἀσεϐῶν
1717 3270 1787 3325 τά

176 3342 436 3429 ῥήματα·
473 3344 623 3414 ὅμως
655 3345 714 3398 δὲ
752 3348 879 3410 τοὺς
915 3349 1133 3419 ίατροὺς
1179 3352 1529 3424 μιμούμενοι,
1580 3357 1788 3429 ιμδάλ-

175 3427 403 3494 λοντεςο
435 3431 536 3494 τὰς
569 3436 758 3504 χεῖρας
791 3437 870 3498 είς
895 3436 964 3490 τά
992 3437 1306 3508 τραύματα,
1331 3441 1418 3495 ἵνα
1449 3427 1783 3516 καθάρωμεν

175 3517 247 3569 τά
301 3516 435 3589 ἕλκη
463 3535 477 3548 ·
518 3520 843 3592 ἠναγκάσθη
883 3523 978 3576 καὶ
1031 3526 1355 3592 Ἀπόστολος
1407 3533 1783 3602 μνημονεῦσαι

175 3605 422 3675 αἰσχρῶν
466 3609 832 3678 πραγμάτων,
860 3612 959 3682 οὑχ
1011 3613 1098 3667 ἵνα
1144 3614 1243 3686 τήν
1272 3617 1522 3684 γλῶτταν
1554 3621 1779 3695 μολύνῃ,

177 3695 294 3748 ἀλλ’
328 3696 416 3747 ἵνα
442 3695 512 3748 τά
533 3697 912 3768 ἁμαρτήματα
939 3701 1180 3775 καθάρῃ.
1211 3705 1500 3774 Λέγουσιν,
1520 3709 1603 3764 ὃτι
1625 3710 1779 3785 [459]

177 3787 358 3840 πάντα
394 3787 651 3856 ἐποίησεν
679 3790 708 3840 6
741 3788 890 3854 Υίὸς,
916 3791 1078 3843 αὑτὸν
1108 3792 1164 3844 δὲ
1199 3795 1227 3846 6
1257 3795 1465 3866 Πατήρ.
1488 3799 1781 3869 Ἐρωτήσω

176 3877 306 3938 τοὺς
335 3877 642 3946 προφήτας,
678 3876 762 3940 τίς
789 3879 819 3930 6
854 3880 1089 3950 ποιήσας
1118 3881 1208 3935 τὸν
1243 3884 1471 3954 οὐρανὸν
1499 3888 1590 3939 καὶ
1617 3905 1782 3941 ποτα-

177 3965 278 4026 πός
328 3965 465 4016 ἐστι.
509 3963 673 4031 Λέγει
720 3966 748 4016 6
794 3971 1084 4039 προφήτης
1126 3969 1391 4034 Ἡσαΐαςο
1436 3973 1581 4027 Τάδε
1616 3976 1778 4044 λέγει

176 4055 416 4121 Κύριος,
442 4055 474 4106 ό
494 4054 758 4120 ποιήσας
779 4055 887 4108 τὸν
908 4057 1190 4125 οὐρανὸν.
1216 4059 1314 4113 καί
1339 4061 1536 4128 πήξας
1555 4067 1742 4118 αὐτόν
1762 4083 1774 4096 ·

176 4145 208 4194 ό
239 4140 584 4207 στερεώσας
613 4141 730 4208 τὴν
758 4141 896 4210 γῆν,
937 4144 1035 4196 καὶ
1069 4145 1141 4198 τὰ
1165 4145 1236 4199 ἐν
1260 4147 1416 4217 αὐτῇ
1433 4166 1447 4180 ο
1489 4153 1522 4204 ό
1570 4149 1778 4220 διδοὺς

176 4227 380 4296 πνοὴν
401 4226 480 4292 τῷ
507 4227 636 4292 λαῷ
666 4227 746 4292 τῷ
768 4229 862 4280 ἐπ’
883 4229 1093 4298 αὐτῆς,
1122 4233 1220 4285 καὶ
1251 4235 1488 4304 πνεῦμα
1510 4239 1633 4304 τοῖς
1667 4256 1778 4294 πα·-

175 4316 393 4369 τοῦσιν
412 4314 609 4382 αὐτήν
625 4330 638 4343 ·
672 4313 821 4384 Ἐγὼ
843 4317 1473 4388 Κύριος.Ἕμπροσθέν
1488 4342 1609 4392 μου
1633 4327 1778 4395 Θεὸς

175 4406 290 4459 οὐκ
320 4403 477 4464 ἐστι,
522 4401 621 4454 καί
642 4403 770 4470 μετ’
792 4402 897 4472 ἐμὲ
930 4407 1073 4471 Θεὸς
1103 4409 1216 4461 οὐκ
1245 4407 1440 4464 ἐστιν.
1459 4412 1607 4481 Ἐγώ
1634 4415 1772 4483 ειμι,

177 4491 276 4546 καὶ
309 4492 424 4546 οὐκ
453 4489 630 4544 ἔστιν
653 4489 866 4556 ἄλλος.
893 4491 1079 4546 Ταῦτα
1101 4494 1249 4562 λέγει
1273 4497 1300 4549 6
1321 4499 1556 4571 ποιήσας
1577 4501 1668 4554 τὸν
1688 4504 1778 4555 o6-

181 4581 341 4653 ρανὸν
355 4580 448 4633 καὶ
463 4579 562 4648 τὴν
582 4581 706 4649 γῆν,
725 4581 752 4631 6
768 4581 1100 4652 Μονογενής,
1117 4585 1143 4636 6
1165 4584 1306 4638 κατὰ
1327 4588 1452 4650 τοὺς
1468 4590 1778 4658 αίρετικοὺς

177 4670 498 4739 γενάμενος,
526 4666 621 4720 καὶ
659 4667 780 4720 τότε
821 4669 1033 4734 κτίσας.
1054 4672 1194 4725 Ἀλλ’
1215 4675 1273 4726 ὲν
1315 4680 1427 4739 τοῖς
1464 4677 1644 4747 λόγοις
1669 4682 1777 4735 τῶν

176 4757 402 4830 χειλέων
426 4752 591 4807 αὑτοῦ
614 4756 974 4824 Συνελήφθη
998 4759 1030 4810 ὀ
1053 4759 1422 4828 ἁμαρτωλός.
1442 4767 1604 4834 Λέγει
1627 4771 1654 4821 6
1678 4787 1779 4838 μα-

177 4847 370 4918 κάριος
401 4843 705 4914 Ίερεμίας’
741 4843 939 4910 υῢτως
963 4845 1354 4918 εἴπατε.Τίσι;
1380 4852 1504 4915 Τοῖς
1519 4855 1770 4926 Ἕλλησι·

180 4930 412 4996 Θεοί,οΣ
445 4930 554 4984 τὸν
588 4931 851 4999 οὐρανὸν
880 4933 977 4986 καί
1013 4933 1128 5002 τὴν
1154 4936 1274 5005 τῆν
1311 4942 1423 4994 οὐκ
1451 4941 1772 5012 ἐποίησαν,

177 5019 625 5077 ἀπολέσθωσαν
642 5019 712 5071 ἐκ
734 5018 845 5086 τῆς
867 5020 998 5089 γῆς.
1021 5022 1362 5095 Κύριος,’ος
1379 5029 1632 5097 ἐποίησε
1669 5035 1775 5088 τὸν

178 5109 442 5179 οὐρανὸν
459 5107 529 5160 ἐν
543 5107 815 5169 συνέσει,
840 5109 1002 5173 αὑτὸς
1028 5111 1160 5175 Θεὸς
1177 5113 1284 5177 ζῶν
1307 5119 1398 5168 καὶ
1418 5119 1688 5189 ἀληθινός.
1711 5125 1774 5177 ΕΞ

179 5197 433 5270 ἀληθινός
452 5197 599 5248 ἐστιν
613 5197 642 5248 6
660 5194 796 5259 Θεὸς
816 5199 844 5248 6
861 5200 1092 5269 ποιήσας
1115 5201 1203 5255 τὸν
1223 5203 1469 5273 οὐρανὸν,
1490 5210 1776 5280 ὁμολογοῡ-

182 5305 232 5341 σι
243 5287 299 5340 δὲ
311 5285 409 5340 καὶ
421 5285 470 5337 οι
483 5284 859 5354 αἱρετικο“ι,ὄτι
875 5287 903 5338 6
917 5286 1046 5351 Υἱός
1061 5290 1209 5343 ἐστιν
1224 5293 1252 5343 6
1269 5295 1502 5364 ποιήσας
1516 5297 1605 5350 τὸν
1619 5301 1776 5370 οὐρα-

181 5376 268 5429 νὸν
299 5374 392 5427 καὶ
422 5371 521 5454 τήν
563 5373 688 5441 γῆν,
733 5371 866 5425 ποία
912 5373 1058 5444 μάχη
1095 5376 1222 5430 ὅταν
1258 5378 1392 5451 λέγῃ
1442 5385 1470 5434 ό
1504 5385 1773 5454 Χριστός.

184 5459 204 5474 ⁸·
209 5462 316 5514 ινα
345 5453 689 5525 γινώσκωσι
718 5468 791 5507 σε
814 5454 921 5507 τὸν
935 5458 1128 5525 μόνον
1148 5461 1443 5529 ἀληθινὸν
1475 5453 1641 5530 Θεὸν,
1675 5469 1774 5524 καὶ

184 5543 254 5597 ὃν
279 5544 561 5611 ἔπεμψας
589 5538 836 5605 Ἰησοῦν
864 5542 1160 5607 Χριστόν;
1195 5545 1322 5600 Ὅτε
1348 5552 1375 5602 6
1403 5551 1592 5624 Σωτὴρ
1623 5555 1653 5624 ἢ
1687 5554 1774 5609 διά

183 5627 288 5680 τῶν
318 5624 638 5695 προφητῶν,
671 5624 704 5694 ἢ
739 5624 803 5675 δι’
827 5624 991 5678 αὑτοῦ
1007 5628 1180 5681 ταῦτα
1206 5630 1410 5702 ἔλεγεν,
1439 5638 1498 5689 οὐ
1527 5640 1657 5709 πρδς
1685 5641 1775 5692 ἀν,

243 5723 270 5823 ς
293 5720 551 5823 ξοπιῠςῆε.
580 5720 826 5781 ἰσημερίαν
849 5724 897 5771 in
927 5725 1192 5785 χειμερινήν
1213 5731 1433 5777 mulavit.

295 5817 304 5823 .
331 5795 407 5823 av.
432 5797 490 5823 ει.

249 5787 270 5823 b
295 5787 407 5830 Sav.
432 5787 490 5828 εἰ.

249 5848 268 5876 ε
295 5846 405 5895 Sav.
437 5843 801 5904 ἐμϐα).ὁντες,ρι
824 5849 871 5894 in
894 5861 1047 5909 marg.
1074 5850 1199 5910 σου),
1222 5851 1517 5914 ἐμϐάλωμεν.

474 5945 748 6005 ΡΑτιιοι..
791 5947 907 6007 Gn.
958 5950 1113 6011 LVI.

1152 393 1240 450 DE
1284 392 1503 448 ΜυΝυί
1544 391 1945 451 CREATIONE
1992 393 2254 454 ORATIO
2286 398 2374 455 Ill.

3380 416 3494 471 452

1892 514 2258 586 τιπαράθεσιν
2295 516 2459 569 αὑτοῦ
2499 517 2669 570 ταῦτα
2713 517 2898 585 ἔλεγεν
2923 534 2935 547 ·
2985 517 3107 570 Ἵνα
3149 515 3487 587 γινώσκωσι

1888 615 1964 652 σε
1983 599 2090 653 τὸν
2112 601 2309 668 μόνον
2355 602 2507 654 Θεόν
2527 618 2540 631 ·
2584 601 2721 654 άλλά
2761 602 2898 671 πρὸς
2939 600 3348 672 άντιδιαστολήν
3374 602 3486 654 τῶν

1887 681 2278 753 ψευδωνύμων.
2312 683 2475 738 Ὅθεν
2495 687 2589 738 καὶ
2617 686 2645 738 6
2669 685 2881 748 Παῦλός
2914 702 3080 755 φησιν
3101 702 3114 715 ·
3167 687 3482 754 ἐπεστρέ-

1887 770 2045 835 ψατε
2076 766 2195 821 ἀπὸ
2225 767 2343 820 τῶν
2363 767 2647 835 εἰδώλων,
2683 770 3002 823 δουλεύειν
3033 767 3156 834 Θεῷ
3185 768 3352 829 ζῶντι
3386 770 3486 823 καί

1888 849 2179 917 ἀληθινῷ.
2234 851 2514 922 ’Λληθινδν
2559 854 2738 916 καλεῖ,
2789 855 2876 906 ἵνα
2921 852 3049 916 τοὺς
3099 853 3486 924 ψευδωνύμους

1889 934 2081 1007 ἐλέγξῃ
2107 951 2119 963 ·
2149 934 2350 1000 ζῶντα,
2377 937 2461 989 ἵνα
2476 936 2547 989 τὰ
2563 936 2734 1007 νεκρὰ
2752 936 2947 990 εἴδωλα
2967 934 3313 1009 στηλιτεύσῃ,
3346 937 3488 1005 Ἐγὼ

1892 1018 1993 1087 μὲν
2044 1018 2274 1089 νομίζω,
2312 1019 2514 1090 μᾶλλον
2557 1019 2615 1072 δὲ
2661 1018 2926 1082 πιστεύω,
2983 1020 3066 1072 ὃτι
3115 1020 3484 1087 ἀγανακτοῦσι

1888 1101 2011 1155 καθ’
2050 1102 2206 1172 ήμῶν
2247 1105 2294 1155 οἱ
2329 1104 2534 1174 νεκροὶ,
2587 1104 2684 1156 ἐὰν
2710 1103 3023 1157 ἀκούσωσιν
3063 1105 3145 1156 ὅτι
3186 1103 3254 1157 τὰ
3293 1105 3488 1156 εῐδωλα

1888 1185 2061 1256 νεκρά
2086 1186 2386 1258 καλοῦμεν.
2427 1186 2711 1259 ’Υϐρίζετε
2741 1188 2849 1260 γάρ
2874 1189 2907 1257 ή
2917 1187 3035 1257 μῶν
3058 1187 3156 1258 τήν
3179 1187 3352 1252 τάξιν,
3383 1205 3488 1256 φη-

1891 1269 1994 1322 σίν.
2047 1269 2240 1339 Ἡμεῖς
2266 1271 2453 1340 νεκροὶ
2491 1271 2810 1341 καλούμεθα
2833 1271 2884 1324 of.
2925 1272 3054 1324 ποτὲ
3102 1271 3401 1341 ζήσαντες*
3438 1271 3488 1323 οί

1893 1353 2164 1423 μηδέποτε
2200 1353 2467 1425 ζήσαντες
2501 1356 2643 1409 διατί
2677 1355 2862 1426 νεκροὶ
2897 1353 3220 1418 καλοῦνται;
3266 1357 3396 1408 Θεοί
3431 1355 3490 1409 οἳ

1889 1435 1998 1489 τὸν
2031 1437 2298 1504 οὐρανὸν
2331 1438 2427 1490 καί
2459 1439 2576 1505 τὴν
2607 1437 2726 1508 γῆν
2753 1441 2867 1492 οὐκ
2905 1440 3232 1506 ἐποίησαν,
3261 1439 3486 1492 ἀπολέ-

1889 1523 2160 1574 σθωσαν.
2195 1520 2420 1593 Κύριος,
2457 1525 2562 1587 Ὃς
2589 1523 2886 1588 ἐποίησεν
2921 1521 3065 1586 τοὺς
3093 1521 3392 1588 οὐρανοὺς
3420 1522 3489 1574 ἐν

1888 1603 2164 1666 συνέσει,
2196 1605 2359 1667 αὑτὸς
2390 1604 2499 1668 ζῶν
2528 1605 2663 1665 Θεὺς
2697 1607 2794 1658 καὶ
2833 1604 3108 1675 ἀληθινός.
3156 1606 3198 1656 Τ
3206 1605 3252 1668 ίς
3284 1608 3312 1658 6
3346 1606 3487 1670 ζῶνς

1899 1686 1959 1738 '0
1989 1688 2223 1757 ποιήσας
2242 1689 2333 1740 τὸν
2363 1688 2614 1760 οὐρανόν.
2637 1688 2728 1758 Μὴ
2754 1689 3022 1760 ἑστήκασι
3053 1688 3164 1742 τῶν
3194 1690 3490 1759 αἱρετικῶν

1888 1770 1938 1821 οί
1971 1771 2127 1840 ὅροις
2167 1773 2227 1824 οὑ
2264 1773 2456 1825 πίπτει
2487 1771 2668 1825 αὑτῶν
2698 1775 2730 1842 ή
2767 1772 3029 1834 ἀσέϐεια;
3066 1774 3166 1827 οὐκ
3205 1774 3488 1843 ἐλέγχεται

1891 1855 1925 1924 ή
1954 1853 2266 1921 θεοσέϐειας
2293 1858 2354 1910 οὑ
2399 1855 2679 1909 διαλύεται
2699 1857 2733 1926 ή
2765 1857 3037 1927 σκαιωρία
3063 1873 3078 1922 ;
3119 1857 3200 1911 Τὰ
3221 1857 3362 1928 ἔργα
3392 1858 3488 1910 τοῦ

1895 1938 2126 2008 ποιητοῦ
2145 1940 2478 1993 καταλαϐεῖν
2497 1940 2598 1992 οὑκ
2625 1940 2852 2010 ίσχύεις,
2879 1942 2976 1994 καὶ
3003 1941 3096 1994 τὸν
3116 1941 3368 2012 τεχνίτην
3391 1959 3491 1994 πε-

1891 2022 2158 2094 ριεργάζῃ
2189 2023 2281 2076 καὶ
2310 2023 2643 2093 έξιχνεύειςς
2681 2024 2746 2076 Τί
2778 2024 2878 2094 βοᾷ
2907 2025 3108 2090 Δαυῖδ;
3154 2025 3250 2090 ’.Ως
3274 2025 3400 2093 ἒμεγ
3417 2040 3486 2076 α-

1891 2106 2089 2174 λὺνθη
2111 2106 2182 2159 τὰ
2202 2109 2348 2176 ἔργα
2371 2122 2508 2169 σου,
2535 2109 2714 2175 Κύριε
2733 2108 2753 2160 !
2771 2109 2977 2163 Πάντα
2993 2107 3064 2161 ἐν
3076 2108 3266 2178 σοφίᾳ
3284 2109 3488 2175 ἐποίηο

1894 2203 2034 2256 σας.
2087 2193 2375 2262 Προφῆται
2418 2190 2487 2244 τά
2535 2191 2674 2260 ἔργα
2742 2190 3159 2261 μεγαλύνουσιν·
3215 2192 3488 2261 αίρετικοὶ

1887 2273 1982 2326 τὸν
2026 2275 2282 2345 τεχνίτην
2313 2273 2728 2348 σμικρύνουσιν.
2777 2275 2836 2328 '0
2875 2274 3056 2345 μέγας
3088 2277 3153 2346 τῇ
3190 2274 3355 2344 βουλῇ
3391 2274 3486 2328 καὶ

1886 2356 2114 2421 δυνατὸς
2144 2361 2258 2422 τοῖς
2293 2358 2498 2430 ἔργοις,
2528 2360 2556 2412 6
2577 2359 2668 2412 τὸν
2694 2359 2922 2430 οὐρανὸν
2951 2357 3131 2430 πήξας
3153 2357 3214 2422 ἐξ
3238 2358 3447 2412 ὑδάτων
3467 2373 3485 2392 ⁸

1888 2442 1950 2495 o6
1981 2441 2091 2514 γάρ
2120 2443 2433 2514 ἀφίσταμαι
2479 2441 2573 2497 τοῦ
2603 2442 2908 2513 θαύματος.
2952 2442 3041 2508 Ἐξ
3068 2441 3278 2495 ὑδάτων
3307 2442 3487 2511 πέπη-

1888 2543 2039 2589 κται,
2063 2526 2158 2578 κα)⁸
2181 2525 2328 2596 ὕδωρ
2350 2525 2529 2598 φέρεν
2554 2526 2662 2578 ἀπὸ
2681 2526 2891 2579 ὑδάτων
2911 2527 3115 2595 ἐπάγη,
3137 2527 3232 2579 καὶ
3249 2526 3487 2579 ἄϐυσσον

1889 2611 2187 2682 βαστάζειο
2219 2613 2357 2675 ὅλως
2406 2613 2466 2665 δὲ
2509 2611 2690 2683 ἔχεται
2742 2612 3161 2682 ὑποδείγματος,
3205 2612 3266 2665 τὸ
3313 2613 3486 2665 κακὸν

1886 2695 2048 2748 τοῦτο
2075 2695 2264 2765 θαῦμα
2302 2697 2465 2764 λέγω.
2501 2693 2658 2759 Εἶδες
2682 2696 2899 2758 πλάκας
2929 2695 3037 2750 ἀπὸ
3064 2694 3256 2758 ὓδατος
3285 2695 3486 2764 βαστα-

1887 2777 2144 2849 ζομένας,
2177 2779 2272 2831 καὶ
2294 2778 2502 2832 ἄνωθεν
2525 2780 2678 2848 χιόνα
2708 2778 2982 2850 φερούσας
3006 2795 3020 2842 ;
3048 2779 3272 2848 Χειμὼν
3297 2779 3486 2849 εἰργά-

1889 2878 2037 2915 σατο·
2077 2861 2213 2926 Θεὸς
2247 2863 2348 2915 οὑκ
2405 2861 2731 2932 ὲργάζεται;
2797 2863 3055 2932 Ἐποίησε
3103 2862 3197 2914 τὸν
3255 2862 3487 2932 οὐρανὸν

1885 2946 1984 3017 οὑχ
2012 2946 2088 3010 ὡς
2111 2949 2367 3015 σφαῖραν,
2391 2947 2467 3010 ὼς
2506 2944 2888 3015 φιλοσοφοῦσιν
2917 2947 2966 2999 οί
3000 2944 3352 3014 ματαιολόγοι
3373 2962 3386 2974 ο
3421 2945 3484 2996 οὑ

1885 3028 1997 3100 γάρ
2034 3029 2260 3100 ἐποίησε
2296 3032 2534 3100 σφαῖραν
2582 3029 2936 3099 κυλιομένην,
2972 3028 3090 3081 ἀλλ’
3127 3027 3206 3090 ῶς
3247 3044 3412 3098 φησιν
3455 3029 3486 3080 6

1887 3114 2199 3183 προφήτης,
2253 3115 2281 3165 6
2323 3113 2476 3182 ἥλιος
2526 3113 2645 3177 πῶς
2679 3113 2896 3183 τρέχεις
2942 3112 3004 3164 '0
3030 3109 3339 3180 στεγάσας
3377 3109 3486 3164 τὸν

1885 3197 2148 3263 οὐρανὸν
2191 3195 2271 3262 ὡς
2320 3195 2616 3265 καμάραν,
2670 3195 2771 3249 καί
2822 3195 3119 3260 διατείνας
3159 3193 3348 3248 αὐτὸν
3404 3192 3486 3259 ὡς

1884 3279 2152 3348 σκηνήν.
2183 3280 2376 3342 Οὐδεὶς
2409 3279 2568 3350 ήμῶν
2595 3279 2770 3343 οὑτως
2798 3278 3003 3348 ἀσεϐής
3020 3277 3162 3332 ὥστε
3193 3278 3484 3347 πεισθῆναι

1883 3364 1999 3426 τοῖς
2032 3362 2437 3433 ματαιολόγοις.
2472 3363 2537 3414 υί
2565 3362 2845 3433 προφῆται
2887 3362 3157 3430 λέγουσιν.
3197 3362 3280 3414 ὅτι
3307 3360 3485 3432 ἀρχὴν

1885 3446 2002 3516 ἔχει
2033 3447 2127 3499 καὶ
2167 3447 2320 3510 τέλος
2346 3449 2375 3499 6
2402 3448 2463 3499 οὑ
2475 3447 2656 3518 ρανός.
2700 3448 2800 3500 Διά
2821 3447 2980 3500 τοῦτο
3011 3447 3106 3499 καὶ
3132 3448 3162 3498 6
3183 3445 3338 3515 ἥλιος
3383 3446 3484 3499 οὑκ

1882 3530 2189 3590 ἀναϐαίνει,
2227 3529 2342 3583 ἀλλ’
2387 3530 2626 3600 ἔρχεται.
2673 3529 2838 3597 Λέγει
2877 3528 3031 3600 [660]
3077 3529 3109 3598 ή
3152 3529 3377 3600 Γραφή·
3418 3529 3484 3582 '0

1882 3613 2057 3681 ἣλιος
2084 3610 2344 3677 ἐξῆλθεν
2365 3612 2466 3666 ἐπὶ
2493 3614 2609 3681 τὴν
2637 3610 2773 3679 γῆν,
2799 3613 2896 3665 καί
2932 3611 3064 3666 Λὼτ
3085 3611 3374 3680 εἰσῆλθεν
3396 3614 3484 3678 είς

1882 3695 2107 3764 Σηγώρ.
2143 3696 2308 3748 Ὥστε
2336 3695 2493 3767 δῆλον
2534 3697 2618 3749 ὅτι
2663 3686 2886 3764 ἐξῆλθεν
2919 3697 2948 3748 6
2993 3694 3167 3765 ἥλιος,
3204 3696 3348 3747 κατὰ
3379 3697 3482 3766 τὴν

1885 3778 2134 3849 Γραφὴν,
2171 3781 2266 3831 καὶ
2297 3777 2398 3831 οὑκ
2439 3778 2693 3849 ἀνῆλθεν.
2732 3778 2844 3832 Καὶ
2875 3778 3061 3840 πάλιν,
3111 3776 3238 3831 Ἀπ’
3269 3777 3480 3845 ἄκρου,

1882 3862 2038 3931 φησὶ,
2064 3861 2171 3915 τοῦ
2201 3862 2466 3929 οὐρανοῦ
2497 3863 2535 3930 ἠ
2571 3861 2785 3926 ἔξοδος
2812 3861 3022 3922 αὐτοῦ,
3047 3860 3153 3913 οὑκ
3180 3860 3385 3922 ἀνοδος.
3420 3862 3483 3913 Ei

1881 3945 2088 4019 σφαῖρά
2133 3947 2304 4002 ἐστιν.
2350 3945 2521 4018 ἀκρον
2559 3945 2661 3998 οὑκ
2694 3943 2830 4014 ἔχει.
2879 3944 2954 3996 T6
2987 3943 3096 4014 γάρ
3141 3945 3485 4013 πανταχόίει

1879 4028 2196 4099 περιφερὲς,
2237 4028 2342 4081 ποῦ
2387 4027 2513 4099 ,ἔχει
2557 4028 2618 4083 τὸ
2651 4029 2857 4099 ἄκρον;
2898 4023 3050 4098 *Λρα
3094 4022 3187 4080 οῦν
3240 4029 3269 4079 6
3317 4027 3482 4079 ΔαυῈό

1883 4110 2043 4180 μόνος
2072 4111 2236 4178 λέγει,
2272 4111 2304 4181 ἢ
2336 4111 2429 4164 καὶ
2448 4113 2476 4164 6
2499 4112 2728 4182 Σωτήρ;
2765 4112 2967 4164 ’Λκουε
2996 4108 3163 4163 αὑτοῦ
3193 4108 3445 4176 λέγοντος
3463 4121 3479 4135 ⁶

1883 4195 2070 4246 Ὅταν
2090 4193 2240 4260 ἔλθῃ
2257 4197 2289 4246 ό
2313 4193 2443 4260 Υιὸς
2461 4195 2567 4248 τοῦ
2583 4193 2901 4261 ἀνθρώπου
2914 4194 2984 4246 ἐν
3003 4191 3077 4259 τῇ
3097 4191 3251 4258 δόξῃ
3267 4191 3479 4256 αὑτοῦ,

1878 4276 2213 4330 ἀποστελεῖ
2233 4277 2378 4342 τοὺς
2415 4276 2716 4347 ἀγγέλους
2751 4275 2940 4330 αὑτοῦ
2966 4275 3117 4344 μετὰ
3141 4275 3482 4344 σάλπιγγος

1877 4359 1980 4412 καί
2019 4358 2228 4428 φωνῆς
2268 4358 2562 4429 μεγάλης,
2613 4360 2710 4413 καί
2751 4357 3098 4424 συνάξουσι
3135 4358 3281 4425 τοὺς
3308 4362 3482 4411 ἐκλε-

1878 4442 2063 4507 κτοὺς
2102 4441 2292 4495 αὑτοῦ
2333 4443 2436 4496 ἀπ’
2465 4444 2655 4510 ἄκρου
2687 4443 2796 4496 τοῦ
2845 4440 3106 4508 οὐρανοῦ
3143 4440 3255 4507 ἕως
3291 4441 3480 4508 ἄκρου

1878 4525 1984 4580 τοῦ
2018 4526 2306 4593 οὐρανοῦ.

1949 4615 2012 4662 ε’.
2042 4608 2328 4680 Ζητοῦμεν
2358 4609 2414 4662 δὲ
2449 4609 2552 4663 ποῦ
2577 4609 2726 4662 δύνει
2759 4612 2788 4663 6
2818 4610 2990 4680 ἥλιος,
3035 4609 3131 4661 καὶ
3163 4607 3262 4661 ποῦ
3294 4610 3477 4680 τρέχει

1876 4689 1974 4762 τὴν
2004 4690 2194 4745 νύκτα.
2229 4691 2389 4744 Κατά
2436 4693 2563 4754 τοὺς
2602 4691 2728 4756 ἔξω,
2755 4692 2860 4744 ὑπὸ
2893 4691 2991 4760 τὴν
3018 4691 3152 4760 γῆν·
3182 4691 3305 4744 καθ’
3330 4693 3478 4762 ἡμᾶς

1877 4775 1933 4827 δὲ
1958 4775 2086 4837 τοὺς
2112 4775 2319 4847 σκηνὴν
2346 4776 2510 4828 αὑτὸν
2532 4774 2560 4815 ἀ
2587 4775 2868 4844 λέγοντας,
2894 4775 2947 4827 τί
2967 4794 2980 4840 ;
3001 4775 3260 4845 Πρόσεχε,
3296 4793 3478 4848 παρα·

1878 4857 2049 4919 καλῶ,
2081 4859 2129 4910 εί
2179 4858 2253 4935 μὴ
2304 4857 2655 4926 διαψεύδεται
2689 4858 2751 4912 τὸ
2801 4859 2984 4930 ῥῆμα·
3031 4857 3145 4910 ἀλλ’
3190 4861 3237 4910 εί
3269 4859 3412 4928 ἔχεις
3451 4870 3474 4897 ο

1880 4942 2153 5014 σφραγῖδα
2180 4943 2689 5013 μεμαρτυρημένην
2705 4943 2811 4994 ὑπὸ
2835 4941 2936 5009 τῆς
2957 4941 3238 5011 ἀληθείας,
3261 4942 3478 5011 συντρὲ·

1877 5043 1962 5096 χει
1988 5029 2053 5094 τῇ
2091 5026 2287 5095 φράσει
2313 5027 2405 5078 καὶ
2435 5028 2463 5078 6
2495 5027 2662 5089 τόπος
2699 5025 2748 5080 ί.
2779 5025 3020 5096 Νόμισον
3051 5022 3190 5078 εἶναι
3218 5027 3478 5094 καμάραν

1877 5109 2256 5178 ἐπικειμένην.
2303 5109 2369 5160 'H
2401 5108 2634 5179 ἀνατολὴ
2668 5111 2786 5164 ἐκεῖ
2821 5110 2936 5161 ἐστι
2967 5108 3109 5162 κατά
3149 5109 3240 5159 τὸν
3269 5108 3470 5162 τύπονο

1877 5193 2076 5261 ἄρκτος
2101 5185 2226 5254 ὧδε,
2266 5191 2582 5263 μεσημϐρία
2615 5193 2753 5254 ἐκεῖ,
2778 5192 2932 5254 δύσις
2955 5193 3090 5244 ἐκεῖ.
3127 5189 3316 5252 Ἤλιος
3338 5191 3473 5242 ἀνα-

1876 5274 2076 5327 τέλλων
2111 5273 2204 5326 καὶ
2246 5275 2458 5342 μέλλων
2489 5276 2690 5339 δύνειν,
2723 5276 2821 5345 οὑχ
2858 5275 2963 5328 ὑπὸ
3008 5274 3112 5342 γῆν
3146 5273 3316 5336 δύνει,
3353 5274 3470 5328 ἀλλ’

1877 5356 2107 5421 ἐξελθὼν
2145 5357 2210 5410 τά
2239 5357 2450 5428 πέρατα
2488 5359 2583 5412 τοῦ
2627 5357 2883 5430 οὐρανοῦ,
2919 5355 3103 5427 τρέχει
3130 5359 3209 5420 είς
3237 5358 3303 5410 τά
3341 5357 3472 5428 βορ-

1879 5441 2000 5510 ρινά
2031 5442 2056 5479 ε
2089 5439 2250 5510 μέρη,
2281 5439 2468 5512 ὥσπερ
2493 5443 2596 5494 ὑπό
2613 5459 2738 5494 τινα
2766 5444 2944 5511 τοῖχον
2972 5440 3365 5509 κρυπτόμενος,
3394 5441 3470 5512 μὴ

1879 5521 2310 5593 συγχωρούντων
2334 5525 2442 5578 τῶν
2466 5525 2679 5578 ὑδάτων
2693 5524 2927 5593 φανῆναι
2951 5521 3114 5576 αὑτοῦ
3138 5523 3226 5574 τὸν
3247 5523 3466 5593 δρόμον,

1941 5605 1968 5645 d
1994 5605 2143 5655 Savil.
2168 5608 2296 5670 βοτη.
2324 5607 2486 5670 αὑτοῦ.
2512 5608 2768 5658 Combeﬁs.
2799 5608 2938 5656 dedit
2959 5609 3177 5668 λέγοντας
3207 5606 3287 5652 τὸν
3326 5607 3471 5670 σύρα-

1877 5669 1974 5728 νόν,
1999 5669 2128 5728 quod
2167 5669 2336 5716 Monll'.
2364 5669 2725 5731 interpretams
2760 5679 2855 5719 est.
2882 5670 3016 5719 Enrr.

1946 5745 1967 5769 ε
1992 5730 2073 5778 Sic
2101 5729 2253 5778 Vatic.
2279 5730 2388 5778 Sav.
2419 5732 2522 5777 ἀλλ’
2547 5732 2684 5779 ξγειε.

1946 5745 1967 5769 ε
1992 5730 2073 5778 Sic
2101 5730 2253 5778 Vatic.
2279 5730 2388 5778 Sav.
2419 5730 2522 5777 ἀλλ’
2547 5732 2684 5793 ἔχεις.

1928 5790 1963 5830 -ῐ
1991 5792 2072 5856 διο
2096 5793 2291 5856 ς”οεπιιις
2311 5800 2465 5856 τοι-ιον.
2491 5793 2588 5856 Alii
2616 5796 2642 5840 6
2665 5793 2852 5856 τρᾷπος.

1947 5857 1971 5894 κ
2007 5854 2160 5903 Valic.
2186 5856 2246 5901 τὰ
2272 5855 2462 5917 βορῤινά
2493 5855 2570 5904 hic
2595 5862 2647 5905 et
2671 5848 2812 5916 ihfra;
2831 5856 2942 5904 Sav.
2975 5852 3158 5916 βόρεια,
3178 5855 3235 5902 ιιι
3253 5848 3468 5902 (ὶοιωθι.

3035 5954 3116 6015 28
