3984 6444
178 467 289 521 453

181 565 500 621 Currentcm
542 559 609 615 ad
651 557 930 614 meridiem
954 598 969 622 ,
1000 562 1056 609 ut
1085 553 1302 609 boream
1346 550 1766 607 circumeuntem

181 656 285 727 iam
316 655 467 709 disce
497 653 550 707 in
582 651 774 706 hiemis
821 654 1139 717 tempestate
1168 661 1180 697 :
1211 643 1333 714 quia
1377 656 1483 696 non
1524 655 1554 694 a
1595 639 1774 693 medio

182 750 392 805 oriente
428 747 600 802 oritur
619 787 634 809 ,
667 743 757 799 sed
783 744 924 799 circa
972 740 1139 795 austri
1170 740 1307 792 latus
1337 737 1549 804 oblique
1580 733 1769 803 pergit,

182 842 541 911 exiguumque
573 835 909 891 intervallum
942 846 1151 894 secans,
1189 829 1405 883 brevem
1434 826 1575 881 diem
1607 824 1770 888 facit;

180 947 302 985 cum
329 930 529 985 occidit
557 938 733 982 autem
762 935 815 980 et
842 939 1030 980 rursus
1055 921 1314 978 circulum
1345 916 1583 973 decurrit
1610 956 1625 983 ,
1653 916 1772 970 lonâ€”

182 1037 300 1089 gam
330 1028 544 1075 noctem
577 1018 720 1072 facit.
747 1016 993 1081 Scimus,
1039 1011 1234 1066 fratres
1255 1050 1271 1074 ,
1300 1009 1469 1065 solem
1522 1023 1627 1060 non
1652 1021 1771 1059 ont-

178 1114 311 1166 uino
338 1110 407 1165 ab
436 1111 624 1165 eodem
656 1116 853 1179 puncto
880 1104 1150 1177 progredi.
1183 1101 1462 1172 Quomodo
1499 1113 1627 1169 ergo
1649 1100 1773 1153 bre-

184 1218 274 1257 ves
306 1204 442 1256 fiunt
468 1201 628 1256 dies?
654 1197 874 1254 Accedit
893 1199 1011 1266 ejus
1035 1206 1188 1250 ortus
1213 1194 1280 1248 ad
1316 1195 1451 1247 latus
1481 1190 1722 1246 meridiei
1756 1206 1770 1243 :

184 1292 377 1347 deinde
398 1305 505 1346 non
535 1291 695 1344 altam
725 1298 913 1343 tenens
938 1329 953 1353 ,
981 1286 1073 1341 sed
1104 1285 1377 1355 obliquam
1408 1282 1555 1337 brevi
1584 1293 1775 1335 secans

184 1383 318 1435 viam
338 1422 353 1445 ,
382 1381 572 1436 breves
592 1378 756 1434 efticit
780 1387 985 1433 noctes.
1012 1377 1276 1432 Occidens
1297 1382 1471 1429 autem
1495 1374 1546 1427 in
1564 1384 1775 1426 summo

184 1471 497 1535 occidentis,
524 1468 829 1524 neceSSario
859 1468 1048 1522 circuit
1077 1481 1170 1536 per
1194 1474 1407 1519 noctem
1437 1470 1606 1517 totum
1634 1460 1775 1515 occi-

184 1560 396 1617 dentem
428 1568 483 1614 et
508 1569 676 1613 totum
703 1558 951 1620 boream,
978 1567 1252 1626 totumque
1280 1555 1541 1609 orientem
1565 1594 1581 1620 ,
1612 1562 1774 1623 atque

188 1653 249 1706 ad
274 1651 519 1706 meridiei
541 1665 810 1704 summum
849 1648 1036 1713 venit;
1065 1662 1129 1703 ac
1172 1662 1393 1702 necesse
1418 1655 1500 1700 est
1527 1659 1772 1714 magnam

184 1758 299 1798 esse
324 1753 559 1797 noctem.
590 1741 815 1808 Quando
854 1749 1033 1794 autem
1078 1739 1339 1809 aequalem
1388 1737 1773 1807 longitudinem

184 1846 234 1889 et
262 1833 527 1903 mqualem
574 1846 789 1886 cursum
831 1830 1024 1895 habet,
1057 1839 1182 1884 tunc
1210 1829 1590 1899 aequinoctium
1624 1828 1768 1881 facit.

186 1924 388 1978 Rursus
408 1924 474 1978 ad
494 1923 711 1977 boream
734 1922 1009 1978 declinans
1029 1922 1173 1977 velut
1192 1922 1364 1977 hieme
1384 1920 1450 1975 ad
1474 1920 1773 1986 meridiem,

184 2026 231 2068 et
248 2014 311 2068 ad
337 2015 514 2069 borea:
533 2029 740 2069 summa
762 2014 1057 2068 ascendens
1072 2013 1355 2078 exaltatur,
1385 2023 1438 2067 et
1458 2012 1673 2081 longum
1691 2011 1774 2066 ef-

186 2108 286 2161 ficit
306 2107 451 2162 diem
478 2124 490 2159 :
519 2108 735 2163 brevem
766 2116 942 2162 autem
969 2106 1225 2161 circulum
1248 2104 1643 2159 decurrendum
1679 2103 1769 2157 lia-

185 2201 331 2265 liens,
350 2200 568 2254 brevem
584 2198 743 2254 efficit
759 2206 992 2253 noctem.
1008 2197 1121 2251 Non
1142 2196 1255 2251 haec
1270 2195 1442 2251 Graeci
1461 2210 1556 2249 nos
1572 2195 1773 2250 docue-

185 2303 343 2346 runt:
373 2306 547 2362 neque
590 2291 733 2346 enim
777 2292 877 2346 hoc
906 2289 1112 2355 volunt;
1142 2287 1235 2344 sed
1276 2287 1375 2343 sub
1404 2297 1544 2341 terra
1590 2286 1773 2340 dicunt

184 2398 323 2441 astra
364 2399 583 2440 currere
626 2392 782 2454 atque
828 2383 1020 2437 solem.
1068 2381 1339 2447 Scriptura
1386 2394 1518 2434 vero
1547 2387 1767 2444 nestra,

184 2478 360 2531 divina
388 2476 648 2546 magistra
673 2475 969 2545 Scriptura,
1005 2489 1101 2526 nos
1129 2472 1307 2527 erudit
1326 2511 1341 2534 ,
1375 2471 1769 2540 illuminatque.

186 2568 387 2623 Deinde
416 2568 542 2623 fecit
570 2568 759 2632 solem,
790 2583 893 2622 non
920 2565 1175 2620 deficiens
1220 2564 1483 2619 luminare
1509 2580 1523 2629 ;
1561 2564 1767 2631 lunam,

184 2677 297 2730 qua:
344 2660 597 2715 decorem
625 2660 770 2714 exuit
798 2668 853 2712 et
883 2672 1099 2711 rursum
1130 2656 1321 2710 induit.
1365 2656 1548 2710 Prodit
1589 2656 1772 2711 Artifi-

184 2768 297 2806 cem
345 2766 501 2821 opus.
556 2750 855 2820 Numquam
905 2748 1085 2804 deficit
1130 2748 1369 2813 Artifex;
1398 2758 1656 2802 internum
1687 2758 1771 2803 est

184 2858 339 2913 opus.
382 2842 568 2913 Neque
614 2842 753 2896 luna:
786 2842 875 2895 lux
921 2840 1255 2904 absumitur,
1304 2839 1395 2893 sed
1426 2840 1711 2894 occultatur
1754 2858 1769 2894 :

182 2946 372 3004 estque
404 2942 648 2988 nostrum
680 2933 985 2986 mortalium
1029 2930 1303 2984 hominum
1348 2931 1543 2999 imago.
1582 2929 1767 2998 Cogita

188 3042 293 3096 quo
314 3027 632 3081 szcculorum
665 3025 834 3093 spatio
863 3033 977 3077 orta
1020 3024 1109 3077 sit.
1135 3022 1200 3075 Et
1226 3022 1271 3076 si
1300 3022 1468 3091 prima
1494 3023 1601 3088 sit,
1633 3021 1766 3076 dici-

183 3132 301 3171 mus
330 3129 344 3170 :
380 3115 529 3171 Luna
558 3114 716 3169 hodie
762 3114 1016 3168 nascitur.
1059 3112 1279 3181 Quare?
1305 3114 1438 3178 Quia
1473 3113 1648 3181 imago
1678 3120 1763 3166 est

182 3220 488 3264 nostrorum
539 3222 846 3277 corporum.
889 3206 1165 3269 Nascitur,
1199 3206 1425 3269 crescit,
1476 3205 1762 3274 impletur,

180 3301 483 3364 decrescit,
515 3298 791 3364 minuitur,
821 3297 1015 3353 occidit
1044 3312 1059 3353 :
1094 3306 1148 3351 et
1196 3310 1293 3350 nos
1337 3295 1557 3365 perinde
1589 3294 1764 3351 nasci-

182 3407 320 3455 mur,
355 3391 682 3455 crescimus,
714 3389 779 3443 ad
831 3388 1216 3458 plenitudinem
1264 3387 1529 3452 venimus,
1555 3403 1765 3444 marce-

179 3486 399 3545 scimus,
430 3483 782 3547 declinamus,
809 3481 1243 3537 consenescimus
1263 3521 1277 3545 ,
1311 3480 1590 3544 morimur,
1620 3481 1766 3534 occi-

179 3576 372 3628 dimus.
423 3574 619 3628 Verum
665 3573 750 3627 illa
781 3586 965 3627 rursus
1008 3572 1241 3626 nascitur
1272 3589 1284 3625 :
1317 3580 1372 3627 et
1415 3584 1514 3624 nos
1548 3571 1768 3640 perinde

180 3666 539 3719 resurrecturi
595 3678 812 3729 sumus,
843 3677 1047 3731 nosque
1094 3670 1275 3716 manet
1321 3662 1422 3714 alia
1472 3662 1764 3730 generatio.

181 3755 301 3809 ideo
327 3755 582 3809 Servator
627 3763 684 3806 ut
733 3754 980 3808 ostendat
1011 3767 1107 3806 nos
1132 3792 1146 3817 ,
1193 3751 1640 3821 quemadmodum
1682 3751 1768 3805 hic

182 3847 287 3900 nati
316 3859 527 3908 sumus,
563 3860 772 3898 rursum
803 3844 1105 3898 nascituros
1132 3858 1251 3897 esse
1277 3884 1290 3906 ,
1318 3844 1391 3894 ait
1425 3859 1436 3893 :
1470 3841 1597 3894 Cum
1623 3857 1769 3895 vene-

180 3937 241 3989 rit
272 3935 444 3990 Filius
489 3936 705 3987 hominis
746 3934 799 3987 in
842 3934 1217 4005 regeneratione
1260 3931 1479 4003 (Matth.
1508 3933 1594 3988 19.
1634 3932 1705 3987 28
1724 3933 1765 4002 ).

182 4028 471 4081 lâ€˜ollicetur
514 4026 637 4079 luna
683 4029 1151 4079 resurrectionem.
1193 4024 1304 4089 Me,
1346 4024 1549 4093 inquit,
1578 4023 1768 4080 videtis

179 4117 472 4184 occultari,
498 4126 551 4172 et
577 4133 785 4171 rursum
816 4132 1093 4186 apparere,
1126 4128 1179 4171 et
1209 4133 1356 4186 Spem
1387 4132 1603 4171 omnem
1628 4117 1766 4185 abji-

180 4213 341 4268 citis?
372 4212 565 4266 Nonne
594 4213 676 4265 sol
706 4211 755 4264 in
787 4213 954 4265 nostri
992 4211 1214 4281 gratiam
1244 4210 1412 4265 faetus
1440 4213 1559 4265 est?
1592 4227 1768 4267 nonne

180 4304 345 4358 luna?
374 4318 552 4357 nonne
577 4311 837 4357 creatum-
867 4300 1088 4355 omnes?
1124 4301 1260 4368 Quid
1289 4301 1431 4354 enim
1473 4303 1626 4355 nobis
1661 4316 1766 4356 non

180 4396 464 4464 pollicetur
498 4392 991 4448 resurrectionem?
1028 4390 1216 4445 Nonne
1249 4392 1433 4443 mortis
1462 4391 1634 4460 imago
1662 4407 1769 4447 nox

179 4488 291 4541 est?
314 4486 562 4554 Proiecta
592 4484 690 4538 sub
708 4483 944 4539 tenebris
961 4497 1208 4553 corpora,
1234 4482 1431 4536 formas
1452 4498 1555 4535 non
1576 4482 1770 4538 discer-

180 4577 292 4632 nis?
337 4578 496 4645 Stepe
546 4590 703 4628 manu
752 4586 1055 4628 contrcczas
1100 4574 1305 4628 vultum
1355 4574 1764 4639 dormientium,

182 4685 277 4723 nec
306 4669 450 4723 nosti
482 4682 725 4736 quamam
760 4666 876 4721 hanc
921 4665 1086 4721 facies
1130 4668 1232 4731 sit,
1263 4682 1382 4736 quae
1413 4667 1534 4731 illa;
1566 4667 1658 4721 sed
1692 4669 1774 4721 in-

181 4775 422 4831 terrogas
444 4801 456 4823 ,
488 4769 544 4813 ut
572 4774 679 4813 vox
724 4773 900 4828 prmco
943 4758 1013 4813 sit
1038 4772 1221 4812 eorum
1246 4798 1260 4821 ,
1312 4759 1400 4825 qui
1456 4758 1505 4811 in
1538 4758 1771 4813 tenebris

179 4852 536 4908 occultantur.
568 4848 1026 4915 Quemadmodum
1076 4849 1234 4918 igitur
1264 4862 1366 4901 nox
1417 4848 1617 4903 fortnas
1653 4849 1774 4901 abs-

181 4946 365 5003 condit
396 4952 604 4998 nostras
625 4983 641 5005 ,
686 4940 894 4997 etiamsi
922 4956 1111 4997 omnes
1160 4941 1319 4995 simul
1356 4940 1557 5003 simus,
1582 4957 1769 4996 nemo-

180 5053 282 5108 que
319 5037 548 5089 alterum
574 5034 845 5101 cognoscit
872 5050 884 5085 :
913 5034 991 5087 sic
1020 5036 1167 5087 venit
1194 5048 1296 5087 nox
1318 5074 1331 5097 ,
1379 5041 1433 5086 et
1462 5032 1626 5086 solvit
1658 5032 1767 5086 for-

181 5145 293 5183 mas
313 5170 326 5193 ,
358 5136 417 5180 ut
438 5140 596 5180 nemo
625 5125 851 5178 alterum
878 5126 1102 5179 noverit.
1128 5124 1465 5177 Monumenta
1488 5125 1763 5195 pcrvadis;

184 5223 226 5275 si
252 5222 449 5274 multas
473 5217 655 5272 videas
677 5217 933 5280 calvarias
963 5217 1014 5270 in
1050 5216 1293 5284 sepulcro
1316 5254 1330 5279 ,
1353 5216 1565 5267 nnstine
1591 5216 1771 5284 cujus-

182 5327 301 5365 natn
334 5316 450 5365 lucc
488 5309 593 5362 sit?
623 5309 689 5361 At
733 5309 883 5360 novit
934 5308 1021 5361 ille
1061 5308 1148 5376 qui
1179 5307 1374 5359 struxit
1404 5321 1418 5357 :
1455 5306 1543 5374 qui
1573 5308 1766 5371 Solvit,

184 5405 329 5458 novit
385 5402 526 5457 unde
582 5400 767 5455 forma:
823 5400 935 5453 ista:
989 5406 1382 5467 processerunt.
1430 5400 1618 5451 Annon
1672 5400 1771 5451 Î¹Î¹Î¹á½¶-

183 5497 318 5549 raris
370 5494 463 5548 Dei
516 5493 823 5563 opificium,
878 5491 1016 5560 quod
1068 5492 1119 5544 in
1170 5500 1248 5544 tot
1296 5488 1533 5543 millibus
1577 5491 1775 5544 forma-

185 5602 299 5641 rum
347 5586 494 5640 nulla
543 5585 752 5639 intersit
784 5583 1110 5637 similitudo?
1140 5583 1220 5635 vel
1260 5583 1303 5635 si
1337 5581 1403 5635 ad
1448 5580 1583 5635 fines
1628 5581 1774 5635 orbis

188 5692 473 5747 properes,
532 5676 800 5730 neminem
854 5674 1006 5728 alteri
1062 5673 1288 5726 similem
1356 5673 1626 5741 reperies;
1680 5674 1774 5726 sed

185 5768 394 5823 etiamsi
434 5768 720 5836 repereris,
749 5765 949 5834 aliquid
974 5764 1076 5818 erit
1105 5764 1186 5817 vel
1212 5764 1265 5815 in
1295 5777 1425 5815 naso
1449 5762 1529 5815 vel
1559 5763 1609 5815 in
1643 5776 1774 5817 ocu-

188 5860 237 5917 lo
279 5859 642 5926 discriminis,
674 5867 731 5913 ut
778 5872 864 5915 res
912 5853 1172 5929 stupenda
1221 5863 1496 5923 appareat.
1545 5851 1769 5910 Gemelli

1221 435 1306 492 DE
1345 432 1554 491 MUNDI
1592 432 1986 490 CREATIONE
2024 431 2281 489 ORATIO
2322 431 2409 488 Ill.

3362 442 3474 498 454

1881 561 1946 603 ex
1990 561 2097 601 uno
2123 557 2321 603 exeunt
2364 556 2547 614 utero,
2580 557 2633 604 et
2673 549 3024 606 similitudine
3068 549 3462 621 disgregantur.

1948 638 2002 693 6.
2038 639 2249 711 Ergone
2293 642 2383 712 qui
2414 650 2490 695 tot
2520 640 2723 696 formas
2746 683 2762 709 ,
2792 657 2913 697 cum
2963 658 3071 698 non
3095 653 3311 708 essent,
3337 660 3466 715 pro-

1878 733 2065 799 duxit,
2114 747 2235 787 cum
2288 732 2511 788 solverit
2557 749 2819 791 renovare
2864 751 2970 791 non
3015 737 3247 807 poterit?
3293 736 3372 793 Ne
3412 746 3469 793 ut

1878 839 2216 879 mrumnosus
2237 825 2398 880 homo
2426 825 2520 880 Dei
2551 827 2844 896 potentiam
2877 828 2980 882 tuis
3020 829 3314 884 ratiociniis
3350 846 3467 885 tne-

1880 916 2047 971 tiaris.
2078 916 2156 971 Ne
2183 926 2337 987 putes
2385 917 2555 973 Deum
2588 927 2731 974 tanta
2762 919 3019 992 (solum)
3052 936 3233 992 posse,
3267 932 3466 993 quanta

1880 1016 1933 1062 tu
1960 1008 2197 1078 cogitare
2226 1008 2391 1063 vales.
2417 1009 2570 1076 Quod
2593 1010 2636 1063 si
2671 1020 2813 1065 tanta
2843 1012 3015 1066 solum
3043 1014 3240 1082 possit,
3268 1023 3467 1085 quanta

1878 1114 1980 1170 ego
2002 1102 2199 1170 cogito,
2228 1102 2397 1157 ausim
2420 1102 2622 1164 dicere.
2649 1102 2828 1174 Longe
2854 1106 3029 1160 minor
3049 1118 3131 1162 eSt
3162 1107 3321 1174 Deus;
3350 1124 3469 1164 me-

1880 1192 2009 1245 titur
2036 1193 2178 1247 enim
2216 1194 2365 1247 illum
2393 1195 2646 1264 cogitatio
2680 1212 2817 1250 mea.
2849 1196 3000 1263 Quod
3032 1198 3077 1252 si
3115 1209 3349 1255 mentem
3378 1214 3470 1255 su-

1880 1294 2064 1353 perat,
2092 1296 2145 1339 et
2176 1286 2510 1342 ratiocinium
2550 1289 2729 1353 vincit,
2761 1290 3120 1345 inscrntabilis
3162 1300 3243 1345 est
3271 1292 3470 1346 Condi-

1880 1382 2000 1439 tor,
2066 1385 2117 1429 et
2187 1375 2751 1447 incomprehensibilia
2812 1394 2997 1449 opera.
3067 1379 3469 1451 lnterrogentur

1881 1463 2122 1519 haeretici
2153 1480 2219 1520 ex
2250 1466 2313 1521 iis
2343 1477 2461 1534 quae
2492 1470 2777 1538 conspicua
2808 1480 2933 1526 sunt
2953 1514 2968 1539 ,
3001 1482 3058 1527 ut
3078 1472 3287 1528 discant
3312 1489 3373 1528 ea
3399 1474 3471 1531 de

1879 1555 2073 1626 quibus
2096 1558 2423 1626 quaestiones
2458 1569 2691 1614 movent.
2711 1560 2845 1629 Quia
2870 1562 3005 1617 dixit
3034 1564 3196 1629 Deus,
3232 1564 3351 1619 Fiat
3377 1567 3473 1635 [ir-

1881 1659 2223 1715 mamentum,
2270 1660 2325 1705 et
2365 1652 2544 1705 statim
2586 1654 2810 1709 verbum
2844 1652 2971 1710 illud
3013 1656 3223 1723 effecit,
3253 1659 3471 1729 reliquit

1880 1740 2159 1795 nobishoc
2191 1742 2383 1813 pignus
2408 1743 2548 1814 quod
2578 1744 2692 1815 ipse
2716 1744 2924 1801 fecerit.
2955 1746 3127 1802 Hodie
3156 1750 3347 1804 earlum
3376 1767 3469 1807 re-

1884 1832 2172 1901 linquimus
2213 1834 2413 1889 nudnm
2444 1850 2474 1888 a
2501 1851 2749 1905 vespera,
2779 1852 2843 1892 ac
2889 1848 3111 1908 repente
3148 1850 3464 1911 surgentes,

1881 1922 2185 1977 invenimus
2240 1924 2384 1979 aliud
2429 1925 2822 1981 firmamentum
2869 1927 2919 1980 in
2966 1928 3195 1984 nubibus
3246 1945 3468 1988 concre-

1881 2020 2012 2066 tum.
2042 2010 2116 2084 (Î·)
2141 2011 2162 2085 [
2185 2014 2277 2068 llce
2296 2016 2414 2069 alia:
2441 2015 2719 2085 pignorum
2744 2029 2917 2085 partes
2948 2027 3071 2073 sunt
3103 2031 3221 2089 post
3245 2023 3466 2090 primas,

1879 2118 2002 2157 cum
2034 2103 2229 2158 videris
2259 2106 2449 2160 cmlutn
2478 2106 2846 2175 caliginosum,
2879 2107 3129 2177 aliudque
3158 2110 3469 2167 firmamen-

1880 2202 1991 2249 tum
2036 2211 2102 2249 ex
2150 2196 2455 2270 nubibus.]
2500 2198 2599 2266 Qui
2640 2214 2782 2254 nunc
2811 2201 2960 2255 brevi
2993 2202 3274 2259 intervallo
3301 2205 3470 2262 nubes

1879 2295 2055 2353 creat,
2101 2288 2336 2343 ostendit
2365 2290 2633 2359 quomodo
2678 2301 2804 2348 tunc
2836 2309 2944 2347 uno
2971 2306 3245 2352 momento
3274 2299 3465 2355 cadum

1880 2379 2198 2436 condiderit.
2259 2383 2322 2437 Et
2358 2384 2483 2453 quid
2527 2384 2685 2440 facit?
2729 2386 2999 2455 quomodo
3040 2388 3211 2445 nubes
3262 2391 3467 2461 pluvias

1879 2473 2169 2527 emittunt?
2191 2473 2339 2528 Fecit
2370 2476 2537 2530 nubes
2560 2477 2699 2531 sicut
2725 2488 2894 2543 utres,
2930 2494 3129 2549 perque
3152 2482 3270 2536 illas
3294 2483 3469 2540 haurit

1881 2580 2046 2635 aquas
2091 2568 2294 2630 maris,
2341 2582 2461 2637 qua:
2504 2568 2660 2622 salsae
2702 2579 2862 2634 sunt,
2914 2571 3204 2642 impletque
3247 2575 3465 2631 nubes:

1879 2667 2048 2713 mutat
2080 2674 2270 2730 aquam
2290 2700 2303 2722 ,
2334 2668 2388 2715 et
2415 2660 2548 2729 rigat
2581 2670 2796 2715 terram.
2834 2662 3017 2716 Dicant
3046 2666 3314 2734 quomodo
3339 2667 3468 2723 eflâ€˜e.

1878 2760 2030 2806 ratur
2059 2751 2109 2804 in
2138 2751 2365 2805 sublime
2408 2750 2458 2805 id
2496 2751 2636 2821 quod
2680 2767 2841 2820 grave
2870 2762 2988 2817 est;
3033 2756 3302 2824 quomodo
3328 2756 3463 2813 hau-

1878 2844 2080 2906 riatur;
2114 2843 2386 2913 quomodo
2415 2843 2583 2897 nubes
2634 2842 2903 2897 hauriant.
2953 2844 3069 2899 Non
3124 2850 3304 2902 statim
3333 2865 3464 2904 evao

1878 2944 2123 2998 citantur,
2158 2935 2251 2990 sed
2296 2934 2450 3005 longe
2493 2942 2749 2994 currunt,
2772 2935 3119 3004 quojusserit
3166 2936 3423 2994 Dominus
3446 2980 3463 3006 ,

1876 3038 2066 3097 estque
2112 3027 2420 3081 mandatum
2478 3026 2571 3080 Dei
2619 3026 2769 3095 quasi
2826 3026 3099 3080 vinculum
3156 3028 3463 3097 impositum

1877 3118 2108 3173 nubibus
2127 3158 2141 3181 ,
2169 3116 2310 3189 quod
2344 3133 2448 3171 non
2493 3116 2619 3170 sinit
2647 3131 2739 3170 eas
2770 3116 2951 3184 pluere
2976 3158 2990 3179 Î¹
3021 3117 3195 3173 donec
3224 3119 3341 3189 ipse
3364 3136 3465 3175 an-

1880 3210 2078 3264 nuerit.
2112 3208 2262 3276 Quod
2314 3217 2492 3261 autem
2541 3217 2688 3261 utres
2738 3207 2845 3260 sint
2890 3207 3201 3263 testificatur
3258 3210 3463 3267 David:

1882 3300 2228 3373 Congregans,
2258 3301 2447 3371 inquit,
2480 3299 2605 3353 sicut
2632 3307 2791 3353 utrem
2819 3316 2979 3368 aquas
3000 3301 3154 3354 maris
3177 3299 3346 3375 (Psal.
3371 3303 3462 3361 52.

1881 3394 1952 3461 7).
1987 3388 2055 3446 Et
2078 3391 2201 3445 vide
2230 3405 2342 3445 rem
2390 3390 2603 3444 miram.
2632 3388 2931 3460 Congregat
2975 3405 3173 3460 aquas,
3204 3392 3466 3452 incumbit

1877 3499 2068 3538 manus
2091 3482 2430 3547 immortalis,
2458 3481 2735 3535 invisibilis
2759 3522 2774 3543 ,
2806 3495 2911 3535 non
2935 3481 3118 3536 sitiens
3138 3484 3318 3540 statim
3339 3501 3463 3540 eva-

1875 3576 2049 3639 euari,
2083 3574 2175 3629 sed
2206 3590 2299 3643 per
2323 3581 2522 3645 partes.
2545 3572 2614 3628 Ut
2643 3572 2835 3627 mulier
2855 3573 3048 3629 subtile
3068 3585 3273 3632 stamen
3304 3594 3457 3644 nens,

1876 3667 2050 3720 lanam
2082 3665 2324 3735 dispertit
2350 3666 2400 3719 in
2430 3666 2589 3719 multa
2619 3663 2935 3734 diversaque
2966 3664 3054 3719 fila
3089 3684 3101 3721 :
3135 3668 3212 3722 sic
3239 3669 3470 3725 immen-

1876 3774 1989 3812 sam
2020 3758 2183 3812 maris
2208 3756 2542 3812 altitudinem
2587 3756 2641 3810 in
2684 3756 2852 3810 stillas
2881 3760 3029 3827 quasi
3056 3759 3139 3813 fila
3186 3760 3462 3831 dividens,

1877 3850 1946 3903 ita
1980 3850 2031 3902 in
2073 3858 2270 3903 terram
2315 3849 2528 3903 emittit.
2584 3846 2774 3902 Verum
2822 3848 2962 3915 quod
3008 3857 3089 3903 est
3115 3849 3461 3917 admirabile,

1876 3942 1919 3995 si
1949 3943 2120 3996 soluta
2153 3951 2235 3995 est
2257 3983 2271 4005 ,
2305 3939 2574 4010 quomodo
2615 3955 2719 3993 non
2750 3941 2931 3993 statim
2965 3950 3287 4005 evacuatur;
3316 3944 3359 3997 si
3392 3945 3461 3997 li-

1876 4041 1995 4103 gata
2020 4074 2034 4098 ,
2087 4047 2184 4087 cur
2232 4031 2393 4085 fluit?
2429 4030 2601 4085 Habes
2631 4030 2968 4099 exemplum,
3016 4031 3190 4085 debile
3215 4033 3462 4101 quidem,

1876 4125 1968 4180 sed
2000 4124 2143 4194 quod
2175 4124 2223 4177 id
2254 4123 2346 4177 tibi
2378 4122 2605 4176 suadere
2647 4120 2837 4175 valeat.
2872 4119 3056 4174 Vidisti
3088 4136 3344 4191 aquarum
3372 4140 3460 4177 ra-

1877 4218 2123 4287 ptorem?
2152 4214 2329 4269 vidisti
2358 4213 2629 4285 quomodo
2660 4212 2727 4267 ab
2774 4213 2881 4266 imo
2911 4212 3210 4282 perforatas
3236 4216 3341 4269 sit?
3372 4216 3459 4270 ln-

1877 4308 2135 4364 cumbens
2170 4307 2407 4362 continet
2430 4320 2691 4374 aquarum
2721 4305 2927 4373 c0piam
2953 4346 2966 4367 ,
2986 4304 3265 4359 obturatur
3284 4317 3460 4362 autent

1878 4401 2098 4455 inferius
2122 4416 2216 4469 per
2245 4400 2371 4453 illud
2403 4398 2541 4466 quod
2575 4397 2819 4467 superius
2838 4406 3008 4467 urget.
3037 4397 3123 4453 Sic
3149 4401 3464 4455 immortalis

1880 4495 1972 4549 Dei
1998 4493 2193 4564 digitus
2223 4492 2465 4546 imminet
2492 4490 2743 4554 nubibus,
2772 4490 3018 4559 laxatque
3046 4499 3301 4558 quantum
3329 4493 3464 4554 vult,

1879 4592 1933 4638 et
1978 4593 2233 4653 quantum
2282 4582 2396 4634 vult
2444 4590 2649 4643 servat,
2689 4589 2746 4633 ut
2804 4595 2899 4645 per
2930 4578 3233 4633 universam
3267 4588 3465 4636 terrain

1880 4669 2079 4722 donum
2108 4668 2335 4722 emittat.
2366 4664 2529 4733 lthue
2560 4663 2792 4716 maxime
2831 4661 2957 4716 facit
3010 4663 3060 4716 in
3093 4664 3343 4717 serotinis
3368 4664 3469 4719 itu-

1879 4760 2063 4815 bribus
2086 4800 2099 4823 ,
2124 4756 2338 4827 quando
2361 4764 2524 4810 totam
2553 4754 2781 4809 inebriat
2805 4762 2998 4806 terram
3031 4770 3043 4806 :
3071 4755 3286 4823 quando
3309 4757 3470 4810 modo

1884 4854 2034 4917 illud,
2072 4852 2232 4905 modo
2262 4848 2405 4904 aliud
2434 4850 2589 4903 clima
2628 4848 2783 4916 rigat.
2818 4845 2939 4901 Iden
2965 4846 3038 4900 ait
3067 4846 3322 4916 propheta
3354 4867 3366 4903 :
3402 4848 3469 4902 Et

1883 4947 2020 5014 pluet
2066 4959 2219 5013 super
2256 4942 2505 4995 civitatem
2531 4955 2714 5001 unam,
2757 4946 2804 4990 et
2831 4953 2983 5006 super
3028 4938 3279 4992 civitatem
3314 4955 3471 4993 unam

1881 5055 1981 5092 non
2018 5037 2170 5108 pluet.
2200 5035 2335 5089 Pars
2370 5050 2470 5087 una
2492 5032 2811 5096 compluetur
2836 5070 2850 5093 ,
2879 5038 2926 5082 et
2954 5046 3073 5098 pars
3094 5072 3107 5094 ,
3142 5046 3295 5097 super
3319 5046 3470 5099 quam

1882 5149 1980 5185 non
2002 5132 2161 5201 pluet,
2194 5135 2445 5182 excrescat
2479 5124 2653 5193 (Amos
2680 5122 2729 5176 4.
2764 5121 2837 5189 7).
2871 5119 3131 5173 Incumbit
3157 5129 3334 5174 autem
3362 5137 3467 5174 non

1884 5224 1975 5278 Dei
2007 5223 2202 5292 digitus
2226 5263 2239 5283 ,
2266 5218 2359 5273 sed
2386 5217 2568 5271 missio
2600 5213 2695 5285 (á½).
2728 5212 2839 5267 Sub
2870 5212 3036 5281 figura
3060 5220 3236 5266 autem
3266 5227 3473 5265 sermn-

1885 5331 2006 5370 netn
2040 5314 2153 5367 usui
2182 5319 2368 5365 nostro
2398 5304 2820 5362 accommodavi.
2842 5303 3019 5369 Jubet,
3047 5312 3101 5357 et
3125 5318 3231 5357 non
3262 5304 3468 5371 pluunt.

1884 5414 2058 5477 Atque
2112 5406 2211 5457 hoc
2241 5402 2371 5456 dicit
2413 5399 2685 5467 Scriptura
2720 5411 2732 5447 :
2767 5393 3031 5455 Nubibus,
3067 5394 3274 5463 inquit,
3324 5408 3469 5444 man-

1886 5500 2015 5551 dabo
2059 5514 2117 5550 ne
2162 5496 2344 5564 pluant
2394 5492 2602 5544 imbrem
2632 5486 2800 5558 (lsai.
2835 5486 2887 5541 5.
2915 5486 3017 5557 6).
3050 5486 3211 5552 Quam
3264 5484 3464 5554 magni-

1948 5681 2021 5743 (a)
2057 5679 2242 5727 Phrasis
2266 5680 2394 5726 inter
2416 5670 2802 5743 uncinosAros-ita'
2818 5665 3034 5743 deestâ€˜in

1948 5719 2020 5803 Î¾
2414 5719 2753 5803 á¼¦á¾·á½³Î¾Î¾á¿–á½¸á½·á¿„Ï‚Î¾Î¹Ï‡á½·Î¹.
2793 5733 2850 5803 in
2883 5740 3031 5803 marg:
3064 5719 3469 5803 ..Î±á¼±

1885 5783 2229 5855 mandetur-tu;
2256 5783 2578 5862 Corriliefisius
2599 5783 3035 5862 nulla-auctoritate
3064 5783 3235 5862 inulla
3258 5788 3473 5849 apposita

1888 5853 2024 5929 uota,
2053 5865 2334 5916 mandatum
2360 5860 2535 5925 posuit.
2565 5856 2655 5907 Sed
2680 5853 2840 5906 missio
2861 5860 2994 5901 stare
3020 5853 3202 5912 potest.
