3984 6458
474 452 588 507 455

480 552 635 616 ﬁcata
686 551 802 599 sunt
856 556 1009 608 Opera
1057 549 1144 593 tua
1167 579 1183 606 ,
1229 537 1445 594 Domine
1469 538 1490 592 .'
1539 535 1721 590 Omnia
1767 535 1820 588 in
1864 536 2073 598 sapien-

482 642 554 696 tia
600 638 761 712 fecisti
801 633 996 707 (Psat.
1044 632 1170 687 105.
1221 628 1294 685 ΩΑ
1321 631 1359 701 ).
1404 628 1651 685 Vidistin’
1695 626 1791 683 Dei
1836 627 2073 682 creatio-

482 732 648 789 nem?
681 726 915 783 vidistin’
939 723 1211 797 quomodo
1249 722 1492 778 obstruat
1539 720 1916 776 ha‘reticornm
1943 733 2035 774 ora
2055 761 2070 784 ,

480 824 571 896 qui
599 820 927 878 creationem
975 818 1255 886 ignorant,
1295 824 1349 870 et
1395 812 1705 870 Creatorem
1743 812 1953 867 curiose
1980 825 2076 866 ex-

479 918 694 988 plorant
718 915 740 969 ?
761 912 954 969 Omnia
988 911 1078 967 Dei
1120 910 1222 981 legi
1272 909 1660 979 obsequuntur.
1694 907 1807 962 Stat
1837 905 2026 961 caelum
2055 947 2071 972 ,

480 1028 586 1071 non
620 1026 714 1068 sua
747 1024 908 1064 manu
939 1013 1204 1077 gestatum
1227 1047 1240 1069 ,
1272 1004 1368 1058 sed
1409 1002 1587 1057 divina
1631 1002 1748 1071 lege
1780 999 2072 1054 ﬁrmatum.

479 1104 616 1160 Cum
667 1103 810 1158 enim
856 1100 1208 1164 dubitavcro,
1257 1095 1524 1166 quomodo
1569 1110 1638 1149 cx
1693 1092 1847 1165 aquis
1885 1091 2072 1147 caelum

477 1204 786 1251 concretum
814 1192 904 1256 sit,
936 1189 1323 1245 dubitationem
1349 1201 1522 1240 meam
1555 1185 1715 1239 solvit
1747 1184 1933 1238 beatus
1966 1182 2074 1236 Da-

477 1285 568 1341 vid
599 1285 786 1340 dicens
816 1301 828 1336 :
867 1281 1028 1336 Verbo
1049 1279 1256 1334 Domini
1282 1278 1392 1333 ειτιὶ
1423 1277 1611 1345 firmati
1631 1284 1747 1330 sunt
1770 1277 1787 1343 (
1808 1273 1952 1328 Psnl.
1981 1272 2071 1328 5‘2.

480 1377 558 1449 ﬁ).
600 1377 712 1432 Cur
735 1375 878 1430 enim
911 1372 1106 1427 ﬁrmati
1136 1370 1298 1426 sunt?
1329 1368 1590 1437 Quoniam
1621 1383 1687 1420 ex
1718 1365 1870 1435 aquis
1899 1373 2071 1418 erant.

479 1471 778 1539 Numquam
802 1467 869 1523 de
907 1465 1080 1521 solido
1111 1473 1165 1519 et
1196 1463 1350 1517 ﬁrmo
1375 1462 1603 1526 dicitur,
1633 1459 1929 1514 Firmatum
1969 1466 2072 1512 est.

480 1563 663 1633 Neque
685 1569 862 1631 potest
891 1557 1156 1629 quispiam
1169 1555 1372 1620 dicere,
1403 1563 1608 1625 petram
1640 1552 1902 1606 ﬁrmatam
1930 1564 2070 1605 esse.

479 1653 637 1709 Aliud
662 1659 746 1705 est
769 1649 1040 1704 ﬁrmatum
1073 1663 1219 1710 eSse,
1252 1645 1398 1699 aliud
1428 1658 1549 1699 esse
1581 1641 1819 1697 ﬁrmum.
1867 1640 2074 1695 Firma-

479 1753 594 1797 tum
622 1739 997 1810 dicitur,’quod
1025 1753 1144 1792 cum
1176 1753 1355 1791 rarum
1385 1744 1438 1791 et
1468 1734 1629 1789 molle
1653 1742 1818 1798 esset,
1848 1747 2072 1787 concre-

480 1847 593 1889 tum
626 1833 745 1887 fuit.
779 1831 905 1886 Ideo
935 1830 1146 1895 Petrus,
1181 1827 1397 1897 quando
1434 1826 1786 1897 paralyticum
1830 1825 2071 1888 sanavit,

479 1926 663 1981 dixit:
718 1942 735 1974 ‹
773 1923 885 1978 Viri
933 1921 1213 1986 lsraelitae,
1244 1919 1368 1988 quid
1405 1917 1673 1971 miramini
1719 1917 1770 1970 in
1813 1914 1951 1982 hoc,
1985 1922 2076 1968 aut

480 2031 580 2072 nos
607 2015 734 2085 quid
764 2013 1070 2077 intuemini,
1105 2009 1256 2081 quasi
1304 2019 1487 2064 nostra
1517 2009 1719 2062 virtute
1759 2016 1848 2061 aut
1879 2006 2075 2076 pietate

480 2110 769 2164 fecerimus
802 2106 942 2161 hunc
968 2102 1283 2158 ambulare?
1312 2102 1452 2156 Deus
1489 2108 1699 2171 patrum
1741 2107 2070 2162 nostrorum,

482 2205 626 2256 Deus
657 2199 928 2255 Abraham
958 2205 1011 2251 et
1058 2195 1202 2249 Isaac
1249 2205 1298 2249 et
1329 2193 1517 2254 Jacol),
1548 2191 1866 2262 glorilicavit
1907 2189 2073 2243 ﬁlimn

479 2310 637 2349 suum
667 2293 884 2348 Jcsuin:
919 2299 974 2344 et
1002 2290 1054 2342 in
1085 2288 1188 2342 ﬁde
1215 2287 1449 2342 nominis
1482 2285 1600 2356 ejus
1628 2285 1771 2339 hunc
1804 2298 1963 2354 quem
1991 2282 2072 2336 vi-

483 2386 622 2440 detis
651 2393 705 2438 et
730 2381 921 2448 nostis,
965 2379 1305 2435 conﬁrmavit
1333 2391 1526 2432 nomen
1554 2377 1673 2445 ejus
1712 2377 1729 2445 (
1762 2375 1875 2429 Act.
1901 2376 1954 2429 5.
1985 2374 2071 2428 12.

479 2476 568 2529 15.
606 2473 672 2528 16
700 2474 719 2544 )
748 2488 762 2536 ;
794 2485 989 2539 nempe
1019 2469 1369 2539 paralyticum
1387 2466 1742 2520 confirmavit.
1765 2464 1889 2520 ideo
1915 2462 2075 2516 Verbo

479 2564 686 2618 Domini
727 2563 839 2617 ειειὶ
887 2560 1081 2630 ﬁrmati
1125 2568 1240 2612 sunt
1281 2556 1300 2630 (
1332 2556 1478 2611 Psal.
1513 2557 1601 2612 52.
1632 2558 1733 2626 6);
1773 2572 1834 2609 ex
1864 2555 2002 2610 raris
2022 2563 2075 2610 et

478 2653 756 2709 dissolutis
785 2652 939 2721 aquis
963 2651 1130 2704 verbo
1160 2649 1370 2704 Domini
1412 2648 1581 2702 nubes
1628 2649 1679 2702 in
1710 2647 1942 2702 sublime
1974 2647 2076 2702 tol-

480 2748 681 2801 luntur.
707 2745 862 2810 Vide,
891 2756 1102 2813 quaeso.
1135 2742 1284 2810 Aqua
1313 2755 1431 2809 quae
1459 2754 1639 2793 amara
1662 2748 1797 2806 erat,
1818 2747 2070 2792 mutatur.

481 2839 558 2892 Ex
600 2836 734 2892 mari
770 2835 1026 2890 hauriunt
1072 2833 1244 2888 nubes
1268 2874 1282 2901 ,
1313 2842 1367 2886 ct
1402 2846 1520 2886 eam
1549 2845 1672 2900 quae
1716 2845 1779 2884 ex
1810 2828 2076 2898 profundo

481 2929 727 2983 hauritur
775 2941 957 2980 amara
984 2967 998 2992 ,
1035 2924 1245 2979 dulcem
1295 2932 1348 2977 et
1392 2921 1680 2992 potabilem
1711 2918 1968 2974 efﬁciunt.
2002 2919 2076 2974 De

479 3020 759 3090 profundis
789 3031 888 3072 nos
926 3016 1136 3088 ahyssis
1157 3014 1410 3069 excitavit
1433 3011 1702 3079 Christus,
1728 3019 1784 3066 et
1811 3010 2074 3065 amaritu-

479 3116 658 3168 dinem
687 3120 927 3165 nostram
953 3123 1057 3162 non
1087 3107 1424 3176 deponimus.

551 3205 784 3260 Christus
826 3203 879 3256 in
918 3201 1146 3255 omnibus
1190 3198 1445 3253 elementis
1493 3195 1745 3250 miracula
1776 3196 1928 3266 fecit,
1959 3195 2075 3250 hinc

481 3296 724 3367 probatur
753 3294 908 3347 Dens.
951 3322 1020 3332 -—-
1045 3292 1175 3356 Quis
1210 3301 1291 3345 est
1319 3291 1364 3346 is
1394 3291 1482 3360 qui
1513 3290 1638 3344 fecit
1662 3291 1851 3344 caelum
1881 3299 1936 3343 et
1964 3300 2074 3343 ter-

482 3387 638 3443 ram?
670 3387 781 3456 Ego
811 3385 931 3440 dico
979 3383 1252 3437 Christum
1288 3397 1429 3438 esse.
1482 3382 1550 3436 Et
1585 3383 1727 3436 unde
1772 3381 1912 3435 hoc?
1940 3381 2072 3448 Quia

481 3483 524 3535 si
555 3496 660 3536 non
690 3490 833 3534 esset
867 3477 1122 3531 Dominus
1152 3476 1412 3539 omnium,
1444 3475 1497 3528 in
1523 3475 1802 3545 evangelio
1835 3489 1942 3528 non
1979 3474 2079 3527 mi-

481 3573 657 3628 racula
689 3579 949 3640 patrasset
973 3570 1024 3621 in
1045 3567 1292 3621 omnibus
1310 3568 1588 3622 creaturis.
1613 3566 1714 3621 Per
1732 3567 1908 3620 omnia
1933 3565 2075 3620 enim

481 3665 748 3719 eiementa
781 3661 1047 3714 mirabilia
1093 3659 1250 3723 fecit;
1291 3674 1382 3729 per
1413 3668 1626 3719 terram,
1666 3673 1762 3727 per
1792 3673 1958 3722 mare,
1984 3673 2079 3726 per

481 3771 683 3820 aerem,
716 3769 813 3824 per
839 3754 1014 3823 ignem
1037 3760 1123 3817 ;ut
1144 3753 1492 3822 conspicuum
1524 3752 1591 3804 sit
1613 3751 1787 3819 ipsum
1814 3765 1934 3805 esse
1953 3765 2076 3804 om-

483 3849 630 3902 nium
657 3856 1022 3902 creaturarum
1049 3845 1352 3898 Dominum.
1387 3844 1495 3899 Diei
1520 3845 1622 3898 luci
1650 3843 1961 3914 supervenit
1987 3858 2082 3898 ve-

484 3956 656 4010 spera:
685 3941 795 3993 lux.
839 3938 928 3992 Sol
975 3937 1138 4001 lueet,
1167 3947 1220 3991 et
1251 3936 1467 3991 lucerna
1497 3935 1666 3991 facem
1699 3936 1946 4005 praefert:
1972 3934 2077 3990 diei

483 4034 627 4099 ﬁnis,
656 4047 721 4087 ac
750 4032 919 4086 noctis
948 4030 1250 4085 exordium.
1292 4029 1394 4084 Sed
1426 4039 1502 4090 tu.
1535 4045 1655 4083 cum
1683 4029 1880 4084 videris
1905 4029 2078 4083 lucer-

482 4139 607 4177 nam
634 4133 688 4177 et
716 4123 884 4175 solem
914 4161 928 4186 ,
963 4119 1126 4174 dicito
1157 4137 1170 4174 :
1203 4119 1344 4173 Tuus
1373 4129 1442 4173 est
1469 4119 1575 4172 dies
1597 4161 1611 4183 ,
1643 4129 1689 4172 et
1717 4129 1804 4173 tua
1830 4128 1901 4173 est
1938 4135 2078 4184 nox;

484 4224 537 4265 tu
564 4214 840 4282 fabricatus
870 4228 920 4265 es
943 4211 1098 4280 jubar
1128 4219 1173 4264 et
1198 4211 1393 4280 solem(
1428 4209 1566 4264 Psat.
1601 4212 1690 4266 75.
1723 4210 1847 4280 16).
1881 4209 2076 4265 Verum

483 4307 572 4360 fax
615 4306 731 4367 illa,
757 4319 878 4373 quze
916 4302 1232 4371 praefertur,
1276 4316 1581 4355 sermonem
1611 4317 1719 4355 non
1752 4301 2076 4370 interpellat.

484 4398 708 4466 Oportet
748 4395 891 4449 enim
936 4393 1103 4446 solem
1159 4406 1379 4446 currere
1424 4390 1490 4444 ad
1529 4392 1649 4460 ejus
1678 4391 1884 4458 jussnm
1919 4392 2077 4460 (nam

484 4486 827 4556 Solcognovit
854 4500 1090 4538 occasum
1119 4499 1267 4536 suum
1298 4481 1473 4554 [PsoL
1503 4480 1779 4554 105.19]),
1813 4490 1869 4536 ut
1895 4491 2080 4535 osten-

483 4576 644 4632 datur
665 4576 938 4632 Christum
962 4574 1198 4628 onmium
1238 4585 1606 4628 creaturarum
1625 4572 1916 4627 Dominum
1935 4587 2077 4629 esse.

486 4670 540 4722 ld
568 4669 802 4724 Joannes
835 4667 1108 4736 pr-rdicat,
1147 4667 1335 4720 Omnia
1362 4683 1450 4735 per
1472 4667 1638 4735 ipsum
1666 4667 1803 4736 facta
1835 4676 1991 4731 sunt,
2033 4675 2080 4720 et

484 4764 592 4816 sine
615 4763 724 4830 ipso
753 4761 941 4830 factum
969 4769 1039 4812 est
1068 4760 1196 4813 nihil
1223 4759 1358 4829 quod
1379 4762 1565 4829 factum
1589 4767 1661 4811 est
1690 4759 1707 4826 (
1724 4756 1880 4812 Joan.
1910 4759 1962 4813 1.
1986 4758 2076 4829 5).

488 4855 685 4909 Verum
715 4854 994 4923 oportebat
1020 4853 1190 4919 ipsum
1224 4866 1327 4905 non
1353 4865 1603 4903 sermone
1631 4861 1834 4903 tantum
1865 4851 2077 4916 lucere,

488 4946 584 5000 sed
615 4946 774 5000 etiam
807 4957 992 5014 opere.
1019 4942 1157 4996 Dixit
1180 4941 1334 5003 mari,
1377 4939 1527 5005 Tace,
1559 4940 1880 5010 obmutesce(
1912 4940 2078 4996 Marc.

484 5041 538 5094 4.
569 5039 681 5109 59);
710 5046 762 5092 et
792 5037 1075 5100 obmutuit,
1110 5035 1427 5106 agnovitque
1452 5049 1585 5104 opus
1632 5033 1909 5104 Opifieem.
1941 5035 2082 5089 Dixit

489 5133 631 5183 enim
678 5131 835 5193 mari,
868 5137 921 5183 et
959 5128 1155 5191 tacuit;
1190 5127 1323 5181 dixit
1353 5137 1528 5190 vento,
1561 5136 1616 5180 et
1654 5127 1952 5183 refrenatus
1974 5136 2075 5182 est.

490 5220 543 5275 Si
571 5236 673 5274 non
705 5220 1150 5287 obtemperasset,
1182 5218 1299 5285 ejus
1320 5217 1575 5272 Conditor
1617 5234 1720 5272 non
1765 5219 1927 5273 fuisse
1955 5233 2079 5287 pro-

490 5313 708 5367 deretur
735 5328 748 5376 ;
784 5310 883 5363 nisi
910 5310 1167 5363 Dominus
1199 5321 1340 5363 esset
1368 5325 1540 5378 aqum,
1573 5326 1676 5364 non
1706 5310 1850 5366 illam
1879 5320 2082 5365 mutas-

490 5415 573 5460 set
600 5406 650 5458 in
676 5405 882 5466 vinum;
905 5403 1002 5456 nisi
1037 5411 1179 5456 esset
1205 5403 1318 5456 caeli
1351 5403 1625 5467 Dominus,
1651 5420 1756 5458 non
1785 5422 1907 5459 eum
1927 5405 2079 5460 stella

493 5499 559 5550 de
599 5496 732 5550 cuth
760 5493 1139 5565 praedicasset;
1189 5494 1288 5548 nisi
1318 5505 1463 5549 esset
1504 5495 1632 5548 solis
1663 5498 1939 5564 Dominus,
1973 5512 2078 5552 non

494 5590 729 5644 tenebris
760 5603 817 5642 se
845 5587 1149 5642 ohvelasset
1182 5587 1231 5641 in
1255 5602 1436 5642 cruce.
1469 5588 1714 5643 Christus
1746 5591 1795 5644 in
1820 5607 1996 5653 cruce,
2030 5601 2082 5646 et

494 5682 572 5736 sol
601 5680 981 5735 obtenebratus
1011 5686 1112 5733 est.
1143 5676 1187 5732 Ο
1218 5679 1566 5733 miraculum!
1597 5678 1848 5734 Creutura
1872 5698 1978 5736 non
2003 5693 2084 5736 tu-

494 5772 554 5826 lit
599 5771 975 5826 contumeliam
1029 5770 1261 5824 Domini.
1312 5769 1703 5825 Obtenebratus
1751 5782 1834 5826 est
1881 5774 1998 5836 Sol,
2027 5783 2084 5827 ut

497 5862 550 5915 in
591 5861 700 5923 ipsa
730 5876 887 5917 cruce
931 5862 1060 5918 solis
1093 5861 1374 5916 Dominum
1421 5864 1656 5918 noveris.
1698 5865 1974 5918 Commota
2001 5876 2082 5920 est

1917 417 2282 474 SEVERIANI

3677 439 3789 494 456

2194 545 2353 600 terra,
2381 544 2435 590 ut
2463 534 2637 591 discas
2664 537 2732 592 dc
2761 538 2876 608 ipso
2910 539 3163 594 Davidem
3200 538 3407 594 dixisse
3439 558 3450 591 :
3484 541 3589 608 Qui
3621 558 3786 608 respi-

2182 629 2249 681 cit
2279 638 2464 682 terram
2495 640 2540 683 et
2570 631 2691 700 facit
2720 647 2830 684 eam
2873 642 3082 686 tremere
3112 632 3281 701 (Paul.
3316 634 3437 689 105.
3465 634 3592 703 52).
3647 636 3786 689 Seis-

2183 735 2257 774 ste
2289 730 2410 776 sunt
2439 731 2622 790 petra‘,
2646 732 2701 776 ut
2727 723 2900 778 discas
2928 723 2995 778 de
3021 739 3250 794 quonam
3279 725 3472 781 dixerit
3503 726 3786 796 pmplteta'

2184 810 2357 865 Furor
2382 814 2492 883 ejus
2518 813 2766 867 tabescere
2788 815 2911 885 facit
2937 816 3274 883 principatus,
3299 826 3343 870 et
3367 828 3523 886 petra:
3548 823 3785 888 perfora-

2182 912 2247 956 ta:
2265 913 2379 957 sunt
2401 904 2463 956 ab
2491 920 2548 958 eo
2571 904 2828 974 (Nonum.
2855 906 2906 959 1.
2926 905 3001 974 6).
3037 905 3375 962 Bionumeuta
3408 917 3598 978 aperta
3625 920 3751 963 sunt
3771 953 3783 971 ,

2183 1003 2241 1049 ut
2288 1006 2573 1066 appareret
2604 998 2966 1066 resurrectio,
3016 1006 3072 1054 et
3107 999 3198 1069 qui
3250 1000 3471 1054 suscitat
3515 1000 3660 1056 Deus
3692 1017 3787 1072 per

2182 1098 2376 1144 cuncta
2402 1089 2732 1158 splenderet.

2255 1185 2308 1237 7.
2361 1182 2578 1237 Moralis
2608 1184 2911 1249 conclusio;
2935 1184 3244 1254 sacriﬁcium
3278 1187 3619 1256 vespertinum
3643 1187 3764 1256 quid

2180 1308 2250 1318 —
2289 1276 2478 1347 Operae
2529 1276 2756 1344 pretium
2785 1291 2914 1332 vero
2952 1287 3036 1333 est
3073 1287 3132 1331 ut
3166 1277 3426 1332 moralem
3472 1292 3789 1332 moveamus

2182 1385 2508 1425 sermonem.
2533 1369 2773 1424 Lucerna
2798 1378 2956 1425 vocat
2983 1384 3106 1436 nos,
3139 1378 3195 1422 ut
3226 1369 3467 1424 dicamus
3503 1385 3516 1422 :
3555 1368 3790 1423 Lucerna

2183 1463 2393 1532 pedibus
2417 1462 2539 1514 meis
2567 1463 2770 1515 verbum
2804 1471 2968 1527 tuum,
2993 1470 3039 1514 et
3058 1461 3224 1515 lumen
3251 1460 3440 1514 semitis
3465 1461 3591 1514 meis
3613 1460 3786 1528 (Puri.

2185 1555 2307 1608 118.
2343 1554 2444 1608 103
2470 1555 2508 1622 ).
2557 1553 2788 1608 Advenit
2815 1549 3038 1622 vespera
3083 1561 3142 1607 ut
3189 1551 3477 1607 dicamus:
3517 1551 3791 1624 Dirigatur

2183 1646 2344 1700 oratio
2389 1663 2500 1699 mea
2540 1646 2668 1699 sicut
2715 1647 2974 1699 incensum
3013 1647 3067 1699 in
3116 1655 3388 1715 conspectu
3419 1655 3540 1711 tuo,
3575 1647 3792 1700 elevatio

2182 1752 2422 1790 manuum
2455 1753 2682 1792 mearum
2722 1738 3030 1806 sacriﬁcium
3068 1737 3404 1806 vespertinum
3437 1735 3456 1806 (
3494 1735 3632 1790 Ibid.
3659 1738 3790 1794 “0.

2180 1825 2264 1896 2).
2292 1825 2399 1880 Cur
2422 1842 2525 1880 non
2561 1827 2923 1881 matutinum?
2952 1827 3050 1882 ilic
3079 1827 3314 1881 animum
3346 1824 3597 1881 adhibete
3622 1846 3636 1882 :
3663 1844 3789 1883 nant

2183 1936 2308 1990 qua:
2342 1919 2637 1989 psallimus,
2673 1919 2813 1975 scire
2839 1919 3119 1975 debemus.
3163 1919 3302 1974 Dicit
3328 1918 3493 1974 David
3528 1918 3790 1974 :Psalh’te

2182 2015 2456 2081 sapienter.
2486 2011 2715 2066 Eleuatio
2736 2029 2976 2066 manuum
3004 2029 3231 2066 mearum
3251 2012 3558 2080 sacriﬁcium
3579 2029 3789 2081 vesper-

2185 2105 2524 2172 tinnmUbid.
2558 2103 2649 2160 46.
2674 2103 2751 2175 8).
2778 2105 2892 2160 Duo
2917 2104 3177 2160 sacriﬁcia
3213 2104 3374 2174 jussit
3410 2103 3525 2159 ﬁeri
3548 2103 3788 2174 Moyses,

2183 2200 2292 2253 imo
2324 2199 2486 2264 Deus,
2530 2215 2693 2253 unum
2725 2197 3065 2262 matutinum,
3098 2207 3152 2252 et
3191 2213 3352 2250 unum
3391 2196 3784 2264 vespertinum.

2182 2292 2436 2346 Matutina
2504 2292 2796 2360 gratiarum
2826 2291 2965 2345 actio
3002 2306 3097 2359 pro
3139 2299 3297 2344 nocte
3343 2298 3480 2344 erat.
3525 2289 3662 2343 Nam
3697 2292 3792 2358 qui

2185 2383 2236 2437 in
2277 2393 2436 2437 nocte
2467 2392 2714 2438 servatus
2741 2392 2824 2436 est
2846 2422 2862 2448 ,
2911 2382 2962 2435 in
2992 2381 3078 2437 die
3104 2383 3303 2453 gratias
3342 2381 3470 2449 agit.
3505 2380 3788 2448 Vcspcrti-

2185 2491 2312 2528 num
2346 2474 2670 2529 sacriﬁcium
2701 2489 2798 2544 pro
2825 2473 2914 2530 die
2943 2484 3077 2530 erat.
3110 2474 3264 2542 Quia,
3286 2473 3477 2542 inquit,
3507 2473 3560 2526 in
3588 2473 3679 2528 die
3701 2489 3790 2527 mc

2184 2565 2434 2632 servasti,
2467 2582 2560 2634 pro
2586 2575 2698 2619 toto
2725 2566 2812 2619 die
2841 2567 3040 2633 gratias
3070 2580 3169 2633 ago
3196 2565 3312 2618 tibi.
3349 2563 3670 2618 Matutinum
3697 2578 3786 2619 sa-

2181 2656 2443 2710 criﬁcium
2470 2670 2573 2710 non
2597 2671 2721 2710 eum
2745 2656 2951 2724 recipit,
2981 2658 3070 2727 qui
3105 2658 3155 2710 in
3186 2665 3343 2710 nocte
3372 2657 3636 2726 peccavit.
3661 2655 3791 2709 Ideo

2181 2746 2348 2800 dicit:
2384 2744 2619 2802 Elevatio
2657 2764 2898 2802 manuum
2931 2765 3156 2802 mearum
3193 2748 3503 2816 sacri/icium
3536 2749 3788 2819 uesperti-

2182 2858 2323 2894 num.
2357 2841 2663 2910 lngrederis
2689 2856 2992 2911 vesperam,
3017 2841 3274 2912 expandis
3306 2843 3538 2903 manus:
3573 2842 3616 2894 si
3649 2841 3786 2894 fidu-

2182 2934 2318 2987 ciam
2343 2932 2563 3000 hahent,
2583 2933 2951 3002 expandantor
2986 2952 2999 2986 :
3028 2933 3070 2987 si
3105 2947 3206 2986 non
3236 2933 3569 3001 scripserunt
3594 2931 3788 3001 iniqui-

2183 3032 2346 3078 tatem
2378 3067 2393 3089 ,
2436 3025 2480 3079 si
2513 3039 2775 3095 pauperes
2813 3039 2919 3078 non
2963 3024 3296 3091 spoliarunt,
3326 3024 3369 3077 si
3403 3024 3636 3092 pupillos
3680 3039 3786 3078 non

2182 3125 2588 3185 Oppresserunt,
2620 3126 2677 3170 ut
2719 3131 2838 3186 qute
2870 3130 3152 3184 personam
3199 3115 3397 3169 habent
3431 3115 3789 3170 extollantur.

2191 3205 2421 3260 Eleratio
2447 3223 2692 3259 manuum
2737 3221 3006 3269 mem-nm;
3046 3221 3108 3260 ac
3151 3206 3194 3258 si
3235 3205 3458 3267 diceret.
3489 3205 3650 3269 Vide,
3682 3207 3790 3259 Do-

2185 3296 2330 3351 mine
2352 3338 2366 3359 ,
2400 3297 2614 3351 munda:
2653 3307 2778 3356 sunt
2818 3312 3027 3352 manus.
3061 3295 3521 3364 Quemadmodum
3566 3313 3715 3352 enun
3747 3300 3790 3353 is

2183 3389 2273 3456 qui
2308 3390 2548 3457 peccavit
2579 3389 2782 3442 vultum
2813 3389 3077 3443 extollere
3107 3405 3211 3443 non
3243 3400 3437 3453 potest,
3469 3391 3563 3444 sed
3604 3406 3633 3443 a
3661 3407 3790 3444 eon-

2187 3479 2408 3533 scientia
2444 3481 2756 3532 incurvatur
2781 3497 2793 3531 :
2823 3481 2902 3533 sic
2926 3494 3119 3534 manus
3142 3482 3363 3550 polluta,
3393 3497 3460 3534 ne.
3481 3482 3643 3535 audet
3671 3483 3791 3551 qui-

2185 3569 2307 3623 dem
2334 3585 2518 3624 coram
2541 3571 2647 3623 Deo
2674 3571 2992 3624 consislerc.
3021 3569 3155 3624 Vide
3179 3587 3193 3624 :
3223 3571 3266 3624 si
3298 3586 3485 3625 manus
3506 3572 3613 3626 sint
3633 3588 3791 3626 mun-

2186 3662 2267 3715 da-
2290 3663 2356 3716 ab
2379 3664 2677 3729 iniquitate,
2706 3663 3097 3732 expaudantur.
3131 3663 3253 3717 Idea
3280 3663 3585 3732 patriarcha
3618 3666 3788 3718 Abra«

2188 3755 2310 3810 bam
2343 3765 2495 3826 turpe
2522 3757 2726 3811 lucrum
2761 3757 3046 3820 recusavit,
3076 3770 3196 3810 eum
3224 3755 3431 3810 diceret
3469 3757 3516 3811 ei
3551 3772 3646 3811 rex
3690 3757 3790 3812 So-

2185 3847 2468 3902 domorum
2515 3865 2526 3900 :
2575 3847 2758 3918 Accipe
2809 3849 3020 3914 omnia,
3072 3847 3306 3902 mulieres
3349 3857 3546 3902 tantum
3594 3849 3791 3901 dimitte

2189 3940 2339 4012 (Gen.
2372 3942 2457 3995 M.
2489 3940 2579 3994 21.
2611 3939 2726 4011 22).).
2762 3939 2830 3995 Ut
2870 3941 3047 4011 itaque
3086 3942 3329 3994 ﬁduciam
3359 3940 3581 3996 haberet
3605 3983 3619 4004 ,
3655 3942 3794 3996 nihil

2186 4036 2392 4102 accepit
2422 4052 2435 4097 ;
2469 4033 2562 4088 sed
2591 4048 2710 4087 cum
2746 4034 2890 4102 puris
2917 4033 3162 4089 manibus
3186 4043 3349 4097 esset,
3381 4033 3595 4088 dicebat
3632 4043 3647 4085 τ
3680 4032 3790 4086 Ea:-

2188 4126 2391 4179 tendam
2425 4141 2604 4178 manus
2645 4141 2784 4178 meas
2815 4125 2884 4178 ad
2913 4124 3096 4189 Deum,
3125 4126 3211 4193 qui
3239 4125 3354 4193 fecit
3392 4125 3577 4178 ca'lum
3606 4135 3653 4178 ct
3686 4135 3788 4179 ter-

2185 4233 2298 4270 ram
2324 4231 2343 4269 :
2370 4224 2425 4270 et
2468 4213 2730 4280 extendit,
2764 4215 2885 4284 quia
2925 4230 3030 4269 non
3057 4225 3210 4270 erant
3240 4215 3456 4284 polluta:
3489 4214 3690 4284 injusto
3714 4217 3793 4270 lu-

2185 4325 2302 4364 cro.
2333 4308 2561 4362 Elevatio
2581 4325 2822 4361 manuum
2842 4325 3094 4364 mearum.
3121 4308 3268 4372 Illud,
3297 4307 3528 4362 Elevatio
3544 4325 3792 4362 manuum

2188 4415 2436 4462 mearum,
2466 4398 2851 4467 interpretatur
2875 4399 3100 4452 Paulus:
3140 4397 3268 4452 Volo
3294 4399 3452 4469 igitur
3477 4399 3615 4452 viros
3643 4416 3792 4453 orare

2189 4493 2242 4542 in
2269 4490 2405 4542 θνητιὶ
2450 4487 2560 4541 loco
2588 4489 2806 4543 levantes
2844 4498 3048 4542 sanctas
3089 4505 3270 4542 manus
3313 4489 3420 4543 sine
3448 4490 3527 4541 ira
3553 4500 3602 4543 et
3629 4490 3791 4544 disces

2190 4581 2500 4650 ptationibus
2531 4579 2550 4649 (
2590 4580 2641 4634 1.
2677 4578 2810 4635 Tim.
2838 4579 2893 4633 ἓ.
2940 4580 2974 4635 8
3004 4579 3043 4650 ).
3088 4579 3324 4649 Vespera
3365 4595 3393 4633 a
3426 4578 3582 4635 nobis
3629 4581 3790 4650 exigit

2189 4686 2430 4742 vesperae
2452 4684 2635 4740 opera.
2671 4669 2946 4740 Expandis
2986 4684 3210 4735 manus,
3243 4677 3516 4724 scrutatur
3560 4670 3789 4725 Artifex.

2187 4765 2419 4820 Advenit
2444 4762 2764 4818 matutinum
2791 4771 3029 4832 tempus,
3067 4771 3121 4816 et
3148 4763 3192 4816 si
3225 4776 3411 4830 puram
3443 4776 3550 4815 non
3593 4763 3793 4817 habeas

2187 4866 2241 4911 et
2271 4870 2486 4910 manum
2505 4863 2559 4909 et
2577 4864 2831 4920 mentem,
2855 4853 3172 4908 matutinum
3198 4861 3405 4920 tempus
3428 4867 3494 4906 ne
3522 4854 3793 4922 respicere

2188 4947 2403 5017 quidem
2431 4945 2636 5000 audes:
2663 4946 2994 5015 experientia
3027 4944 3282 5011 magistra
3309 4953 3413 4997 est.
3444 4943 3638 5013 Cogita
3670 4960 3789 4998 cum

2189 5047 2384 5108 quanta
2410 5037 2600 5091 ﬁducia
2634 5035 2963 5105 ingrediatur
2994 5035 3038 5090 is
3062 5035 3152 5105 qui
3179 5049 3343 5104 purus
3365 5044 3602 5098 maneat,
3639 5035 3792 5104 quasi

2190 5131 2242 5184 in
2274 5129 2489 5198 propria
2513 5128 2676 5182 domo
2700 5126 2957 5180 ambulet.
2988 5125 3262 5181 Fiduciam
3305 5126 3396 5180 dat
3444 5126 3519 5180 illi
3570 5127 3791 5180 matuti-

2189 5221 2274 5276 nis
2298 5221 2442 5273 horis
2473 5235 2574 5272 nox
2605 5220 2655 5272 in
2675 5220 3004 5275 continentia
3031 5232 3238 5276 exacta.
3272 5219 3396 5274 Ideo
3425 5217 3595 5273 David
3629 5218 3785 5273 dicit;

2193 5311 2254 5365 Si
2274 5327 2462 5364 memor
2487 5312 2563 5382 fui
2595 5311 2668 5364 tui
2695 5326 2850 5379 super
2874 5321 3089 5364 stratum
3113 5327 3299 5376 meum,
3319 5311 3373 5365 in
3399 5309 3670 5363 matutinis
3692 5326 3783 5362 me-

2191 5402 2390 5455 ditabar
2413 5403 2466 5454 in
2497 5411 2541 5455 te
2572 5401 2590 5471 (
2627 5399 2770 5454 Psal.
2800 5401 2889 5455 62.
2921 5402 2954 5456 7
2983 5403 3024 5470 ).
3057 5401 3268 5458 Gratias
3297 5415 3398 5468 ago
3427 5399 3537 5453 Deo
3565 5416 3578 5451 :
3613 5414 3768 5453 recor

2192 5496 2292 5551 dor
2327 5497 2659 5549 fatiscentem
2690 5509 2875 5549 vocem
2907 5511 2937 5550 a
2983 5495 3078 5551 Dei
3116 5495 3280 5551 verbo
3307 5501 3613 5561 reparatam
3636 5507 3757 5549 esse

2193 5603 2298 5641 non
2344 5603 2440 5656 pro
2472 5587 2672 5641 nostris
2718 5588 2959 5653 meritis,
3009 5587 3104 5644 sed
3151 5601 3252 5657 pro
3292 5593 3472 5639 vestro
3498 5584 3787 5640 desiderio.

2193 5679 2483 5734 Precemur
2531 5695 2658 5751 ergo
2689 5681 2741 5735 in
2774 5681 2998 5735 veritate
3036 5681 3239 5744 cordis,
3283 5687 3338 5733 ut
3367 5692 3498 5748 pace
3529 5678 3786 5741 fruamur,

2193 5781 2249 5825 et
2279 5773 2328 5824 in
2363 5772 2636 5827 matutinis
2664 5773 2910 5827 ﬁduciam
2955 5771 3270 5836 habeamus,
3305 5769 3685 5825 lucreticorum
3715 5771 3788 5823 fu-

2196 5881 2372 5920 rorem
2431 5865 2736 5922 devitemus
2772 5908 2787 5934 ,
2845 5865 3003 5921 ﬁdem
3057 5863 3408 5921 orthodoxam
3466 5878 3784 5933 sequamur,
