3984 6432
160 551 368 622 φησιν,
399 551 757 621 ἐντελοῦμαι
790 551 900 606 τοῦ
930 548 1016 621 μὴ
1041 550 1260 618 βρέξαι
1292 553 1493 606 ὑετόν.
1532 551 1626 616 Ὠς
1651 549 1771 618 έμε·

161 635 450 702 713.113an
481 635 694 706 γὰρκαὶ
724 634 870 705 ἔργα
906 649 1047 698 σου,
1076 632 1300 700 Κύριε]
1335 632 1540 686 Πάντα
1574 633 1643 686 ἐν
1677 647 1783 685 σο-

161 735 283 786 gam.
330 719 650 786 ἐποίησας.
688 713 846 782 Εἶδες
873 717 1011 771 Θεοῦ
1049 717 1452 788 δημιουργίαν;
1495 710 1635 779 εἶδες
1665 715 1784 779 πῶς

161 802 490 872 ἐμφράττει
510 801 620 854 τῶν
640 801 939 873 αίρετικῶν
964 800 1033 854 τὰ
1063 799 1329 870 στόματα,
1356 800 1465 854 τῶν
1483 800 1582 870 τὴν
1607 799 1784 852 κτίσιν

162 885 543 951 ἀγνοούντων,
591 886 687 939 καὶ
731 885 824 939 τὸν
874 884 1102 953 κτίστην
1142 881 1782 955 πολυπραγμονούντωνς

161 968 366 1024 Πάντα
393 969 643 1023 πείθεται
667 968 804 1023 Θεοῦ
837 970 1009 1039 νόμῳ.
1057 968 1115 1021 '0
1143 968 1370 1037 οὐρανὸς
1405 967 1656 1036 ἕστηκεν,
1684 966 1784 1020 οὐκ

165 1051 283 1122 ίδίᾳ
309 1051 542 1122 δυνάμει
579 1049 1004 1121 βασταζόμενος,
1035 1049 1172 1104 ἀλλά
1205 1049 1335 1121 θείῳ
1356 1049 1506 1119 νόμῳ
1533 1048 1785 1120 στερεοῦ-

165 1151 358 1207 μενος.
399 1136 569 1189 Ὅταν
607 1135 714 1208 γὰρ
749 1136 1035 1206 ἀπορήσω,
1078 1135 1196 1198 πῶς
1235 1133 1296 1199 ἐξ
1328 1133 1537 1187 ὑδάτων
1565 1136 1593 1188 ό
1620 1135 1785 1204 ούρα-

163 1218 264 1282 νδς
321 1219 626 1289 πέπηκται,
678 1218 794 1272 λύει
832 1235 932 1287 μου
989 1219 1090 1290 τὴν
1134 1216 1373 1287 ἀπορίαν
1421 1219 1449 1270 6
1514 1219 1784 1287 μακάριος

166 1300 344 1354 Δαυῒδ
385 1301 562 1370 λέγων
584 1318 600 1332 ο
653 1300 738 1368 Τῷ
769 1303 931 1370 λόγῳ
969 1301 1193 1368 Κυρίου
1237 1303 1289 1353 οὶ
1321 1301 1566 1368 οὐρανοὶ
1625 1300 1786 1354 ἐστε-

160 1386 510 1453 ρεώθησαν.
556 1385 707 1438 Διατί
744 1387 856 1454 γὰρ
905 1382 1360 1454 ἐστερεώθησαν;
1420 1382 1635 1453 Ἐπειδὴ
1677 1383 1785 1436 ἀπὸ

166 1470 407 1524 ὑδάτων.
440 1469 710 1524 Οὐδέποτε
738 1468 848 1538 γὰρ
874 1467 936 1519 τὸ
979 1465 1200 1538 στερεὸν
1231 1466 1469 1532 λέγεται,
1506 1467 1584 1519 ὅτι
1627 1469 1782 1519 ἐστε-

165 1552 380 1624 ρξεώθη⁹
415 1551 536 1606 οὐδέ
561 1571 644 1616 τις
668 1552 892 1605 δύναται
921 1550 1116 1602 εἰπεῖν’
1149 1550 1217 1602 Ἦ
1247 1550 1426 1620 πέτρα
1453 1549 1780 1621 ἐστερεώθη.

170 1636 344 1689 Ἀλλο
388 1634 783 1706 στερεωθῆναι,
822 1632 948 1686 ἄλλο
997 1631 1136 1686 εἷναι
1189 1633 1433 1704 στερεόν.
1480 1634 1786 1704 Στερεωθὲν

167 1718 395 1788 λέγεται
429 1718 608 1791 [465].
632 1719 760 1772 ὅταν
782 1718 844 1770 τὸ
873 1717 1222 1788 ἡραιωμένον
1252 1718 1347 1770 καὶ
1369 1718 1787 1788 κεχαυνωμένον

168 1806 349 1875 παγῇ.
389 1804 490 1855 Διά
519 1801 678 1854 τοῦτο
720 1801 748 1852 6
805 1800 1034 1871 Ηέτρος,
1066 1801 1155 1853 ὅτε
1201 1799 1293 1853 τὸν
1342 1800 1787 1872 παραλελυμένον

169 1890 388 1959 ἤγειρε,
413 1887 565 1954 λέγει
590 1902 604 1915 °
647 1883 888 1952 Ἄνδρες
949 1882 1340 1952 Ἰσραηλῖται,
1370 1886 1426 1936 τί
1465 1883 1787 1953 θαυμάζετε

167 1972 270 2025 ἐπί
296 1971 497 2034 τοῦτο,
531 1971 570 2037 ἣ
603 1967 748 2038 ἡμῖν
775 1969 834 2020 τί
867 1967 1178 2028 ἀτενίζετε,
1214 1968 1296 2033 ὠς
1339 1966 1511 2036 ἡμῶν
1553 1965 1626 2035 τῇ
1671 1966 1789 2034 ἰδίᾳ

167 2053 429 2123 δυνάμει
478 2051 580 2106 καὶ
625 2051 906 2118 εὐσεϐείᾳ
940 2049 1358 2117 πεποιηκότων
1404 2049 1511 2104 τοῦ
1547 2064 1791 2119 περιπα-

169 2136 300 2190 τεῖν
337 2136 564 2201 αὐτόν;
603 2136 657 2188 Ὁ
687 2135 832 2200 Θεὸς
861 2132 980 2187 τῶν
1011 2134 1286 2203 πατέρων
1328 2130 1523 2203 ἡμῶν,
1560 2136 1594 2187 ὀ
1645 2133 1790 2200 Θεὸς

185 2219 440 2289 Ἀϐραὰμ
459 2219 557 2272 καὶ
599 2217 798 2272 Ἰσαὰκ
830 2217 928 2270 καί
963 2215 1447 2281 ’Ῑακὼὸἐδόξασε
1473 2217 1580 2269 τὸν
1606 2215 1792 2269 παῖδα

170 2307 364 2363 αὑτοῦ
401 2305 676 2373 Ἰησοῦν·
725 2305 824 2358 καί
855 2305 955 2358 ἐπὶ
992 2303 1067 2372 τῇ
1097 2305 1300 2358 πίστει
1346 2303 1454 2358 τοῦ
1499 2304 1791 2373 ὀνόματος

172 2397 373 2452 αὑτοῦ
396 2396 636 2460 τοῦτον,
679 2395 753 2448 ὃν
779 2393 1050 2464 θεωρεῖτε
1075 2393 1175 2447 καί
1205 2393 1429 2459 οἴδατε,
1460 2393 1792 2461 ἐστερέωσε

171 2485 242 2539 τὸ
287 2485 481 2553 ὄνομα
512 2482 732 2537 αὐτοῦ·
784 2482 879 2535 τὸν
932 2480 1381 2552 παραλελυμένον
1434 2481 1788 2551 ἐστερέωσεν.

174 2573 277 2626 Διὰ
310 2572 473 2626 τοῦτο
523 2569 608 2635 Τῷ
649 2573 811 2640 λόγῳ
847 2573 1072 2640 Κυρίου
1109 2573 1164 2624 οἱ
1215 2571 1461 2638 οὐρανοί
1512 2568 1794 2638 ἐστερεώ-

174 2665 401 2727 θησαν.
464 2659 561 2712 Ἐκ
600 2657 710 2711 τῶν
757 2657 964 2727 ἀραιῶν
1005 2658 1101 2710 καὶ⁵
1135 2656 1536 2726 διαλελυμένων
1582 2657 1793 2710 ὑδάτων

174 2745 254 2816 τῷ
273 2746 418 2816 λόγῳ
449 2744 656 2813 Κυρίου
685 2745 740 2796 αἱ
770 2743 991 2810 νεφέλαι
1025 2745 1104 2805 είς
1133 2743 1264 2811 ὕψος
1289 2745 1554 2814 αἴρονται.
1593 2744 1790 2808 Βλέπε,

178 2830 515 2903 παρακαλῶ⁶
553 2831 628 2882 Τὸ
666 2830 812 2901 ὕδωρ
840 2830 902 2882 τὸ
947 2831 1146 2899 πικρὸν
1195 2831 1596 2900 μεταϐάλλεται
1621 2848 1635 2861 ο
1684 2831 1795 2884 ἀπὸ

177 2921 463 2990 Θαλάσσης
489 2916 775 2972 ἀντλοῦσιν
799 2919 855 2970 αί
881 2916 1121 2985 νεφέλαι,
1153 2918 1249 2970 καὶ
1282 2917 1345 2970 τὸ
1375 2919 1438 2971 ἐκ
1470 2918 1668 2987 βάθους
1701 2918 1797 2970 ἀν-

176 3009 378 3080 τληθὲν
424 3005 645 3076 πικρὸν,
694 3005 870 3073 γλυκὺ
922 3005 1019 3058 καὶ
1058 3004 1291 3074 πότιμον
1335 3003 1603 3060 ποιοῦσιν.
1662 3005 1798 3059 Ἀπὸ

180 3095 362 3165 βυθῶν
392 3095 542 3166 ἡμᾶς
576 3093 765 3168 ἤγειρε
795 3091 1052 3162 Χριστὸς,
1089 3091 1185 3144 καὶ
1223 3090 1323 3163 τὴν
1370 3090 1599 3162 πικρίαν
1639 3090 1797 3163 ἡμῶν

176 3186 282 3239 οὑκ
315 3181 715 3254 ἀποτιθέμεθα.

253 3273 354 3338 Τίς
405 3274 556 3326 ἐστιν
588 3273 618 3325 6
659 3270 898 3340 ποιήσας
947 3267 1042 3321 τὸν
1087 3267 1321 3340 οὐρανὸν
1376 3267 1473 3322 καὶ
1512 3267 1611 3339 τὴν
1651 3268 1796 3340 γῆν;

191 3361 341 3432 Ἐγὼ
370 3360 536 3429 λέγω,
573 3359 655 3412 ὅτι
706 3361 733 3411 6
779 3357 1035 3428 Χριστός.
1075 3357 1188 3409 Καὶ
1225 3355 1392 3411 πόθεν
1428 3355 1628 3423 τοῦτο;
1675 3357 1799 3410 Ὅτι

181 3453 232 3506 εί
265 3451 342 3522 μὴ
397 3445 467 3520 ἦν
523 3448 802 3518 Δεσπότης
853 3445 965 3499 τῶν
1026 3445 1306 3509 ἁπάντων,
1353 3444 1454 3498 οὐκ
1502 3443 1569 3498 ἂν
1620 3446 1679 3498 ἐν
1720 3445 1800 3517 τῷ

181 3536 510 3607 Εὐαγγελίῳ
532 3536 707 3588 ἐποίει
722 3535 790 3586 τὰ
811 3533 1068 3605 θαύματα
1091 3533 1156 3586 δι’
1177 3533 1315 3586 ὅλων
1330 3531 1440 3587 τῶν
1459 3533 1797 3604 κτισμάτων.

194 3623 457 3693 Ἐποίησε
485 3619 593 3691 γάρ
617 3618 683 3672 δι’
713 3619 850 3672 ὅλων
877 3617 1156 3687 στοιχείων
1176 3657 1189 3682 ,
1218 3616 1308 3669 διὰ
1341 3616 1467 3687 γῆς,
1487 3617 1575 3670 διὰ
1598 3617 1798 3671 θαλάσ-

184 3725 311 3780 σης,
363 3706 431 3759 δι’
480 3705 663 3775 ἀέρος,
713 3702 805 3756 διὰ
859 3700 1071 3770 πυρὸς,
1126 3700 1213 3753 ἴνα
1248 3703 1391 3772 φανῇ
1435 3700 1658 3754 πάντων
1689 3699 1800 3753 τῶν

184 3790 508 3860 κτισμάτων
567 3785 868 3855 Δεσπότης.
935 3783 1256 3854 Ἐπεισῆλθε
1306 3783 1386 3854 τῷ
1435 3783 1538 3853 τῆς
1584 3782 1798 3854 ἡμέρας

186 3877 331 3947 φωτὶ
376 3875 439 3928 τὸ
486 3873 588 3943 τῆς
634 3873 897 3943 ἑσπέρας.
939 3870 1133 3932 Ἤλιος
1184 3870 1414 3943 λάμπει,
1460 3871 1557 3925 καὶ
1605 3872 1798 3941 λύχνος

185 3965 440 4038 δᾳδουχεί
460 3979 474 3993 ο
507 3960 721 4032 ἡμέρας
750 3960 926 4024 τέλος,
950 3959 1046 4012 καὶ
1066 3959 1265 4022 νυκτὸς
1291 3960 1604 4030 προοίμιον.
1641 3958 1802 4012 Ἀλλά

189 4055 279 4120 σὺ,
304 4053 438 4106 ὅταν
470 4049 586 4120 ἴδῃς
619 4047 811 4117 λύχνον
861 4047 955 4100 καὶ
991 4046 1165 4117 ἥλιον,
1219 4047 1378 4100 ιείπέ⁸
1431 4047 1519 4116 Σή
1556 4047 1729 4101 ἐστιν
1756 4047 1795 4113 ἡ

179 4137 403 4210 ἡμέρα,
435 4137 534 4191 καὶ
569 4134 654 4204 σή
681 4135 853 4188 ἐστιν
882 4135 921 4202 ἠ
961 4134 1106 4198 νύξ·
1156 4133 1238 4188 σὺ
1273 4134 1615 4202 κατηρτίσω
1649 4133 1803 4204 φαῦ-

187 4242 296 4279 σιν
325 4225 428 4279 καί
462 4223 665 4291 ἣλιον.
718 4219 856 4273 Ἀλλ’
891 4221 951 4272 οὐ
981 4220 1268 4274 διακόπτει
1303 4222 1394 4273 τὸν
1437 4221 1595 4288 λόγον
1634 4223 1668 4291 ἡ
1703 4222 1801 4292 δᾳ-

188 4315 403 4384 δουχία.
461 4314 555 4364 Δεῖ
603 4309 711 4380 γὰρ
751 4309 845 4361 τὸν
883 4308 1037 4377 ἣλιον
1089 4307 1316 4379 δραμεῖν
1363 4310 1456 4362 ἐπὶ
1491 4309 1590 4378 τὴν
1633 4308 1802 4360 αὑτοῦ

190 4403 443 4454 κέλευσιν
481 4399 578 4468 ιὈ
612 4398 788 4463 ἣλιος
828 4395 936 4466 γὰρ
979 4395 1133 4464 ἔγνω
1181 4395 1297 4463 τὴν
1336 4395 1520 4449 δύσιν
1554 4395 1798 4465 αὑτοῦ),

193 4492 281 4544 ἵνα
311 4487 524 4558 δειχθῇ.
547 4487 630 4539 ὅτι
648 4484 883 4555 Χριστὸς
914 4485 1135 4536 πάντων
1164 4483 1276 4535 τῶν
1295 4482 1360 4553 δη
1370 4500 1494 4552 μιου
1503 4483 1803 4552 ργημάτων

190 4575 476 4643 Δεσπότης
521 4573 658 4625 ἐστί.
713 4570 985 4642 Κηρύττει
1038 4570 1137 4640 μὲν
1193 4571 1448 4639 Ἰωάννης
1487 4569 1684 4636 τοῦτο,
1722 4571 1804 4623 ὅτι

192 4664 402 4718 Πάντα
433 4658 674 4729 ἐγένετο
705 4658 778 4710 δι’
822 4656 1034 4717 αὑτοῦ,
1085 4656 1185 4709 καί
1219 4656 1397 4725 χωρίς
1427 4658 1616 4712 αὐτοῦ
1663 4657 1806 4712 οὐδὲ

189 4750 262 4804 ἓν
287 4749 542 4820 γέγονεν
571 4746 602 4798 ὃ
636 4744 905 4814 γέγονεν.
952 4743 1093 4796 Ἀλλ’
1117 4743 1222 4795 ἔδει
1257 4745 1330 4813 μὴ
1363 4744 1523 4814 μόνον
1551 4743 1629 4814 τῷ
1664 4743 1806 4816 λόγῳ

192 4838 429 4908 λάμψαι,
460 4834 600 4887 ἀλλά
635 4835 731 4885 καὶ
762 4832 932 4904 ἔργῳ.
970 4830 1134 4896 Λέγει
1162 4833 1230 4900 τῇ
1274 4831 1513 4901 θαλάττῃ
1535 4847 1549 4860 ο
1582 4831 1800 4895 Σιώπα,

194 4927 555 4994 πεφίμωσο·
595 4920 689 4974 καὶ
719 4918 994 4989 ἐφιμώθη,
1045 4918 1138 4970 καὶ
1200 4918 1344 4984 ἔγνω
1390 4918 1452 4971 τὸ
1499 4919 1660 4988 ἔργον
1714 4919 1806 4971 τὸν

195 5015 472 5086 τεχνίτην.
530 5007 668 5064 Εἷπε
723 5008 834 5078 γὰρ
999 5006 1261 5077 θαλάττῃ,
1316 5008 1410 5060 καὶ
1457 5007 1803 5076 ἐσιώπησενο

197 5101 318 5157 εἶπε
350 5104 430 5172 τῷ
472 5100 685 5170 ἀνέμῳ,
721 5100 817 5151 καὶ
846 5095 1123 5167 ἐφιμώθη.
1161 5097 1222 5147 EE
1257 5096 1331 5166 μή
1359 5096 1658 5165 ὑπήκουσε,
1708 5096 1806 5148 οὐκ

200 5191 264 5242 ἂν
299 5188 560 5258 ἐποίησεν
589 5186 752 5239 αὐτόν
775 5201 788 5214 ·
835 5185 885 5236 εί
929 5181 1004 5254 μὴ
1035 5178 1103 5253 ἦν
1134 5181 1327 5245 ὓδατος
1361 5184 1658 5253 Δεσπότης,
1707 5184 1807 5236 οὐκ

199 5280 265 5334 ἂν
301 5275 570 5349 μετέϐαλε
607 5276 668 5327 τὸ
708 5274 852 5343 ὓδωρ
889 5273 970 5336 είς
998 5268 1174 5324 οἳνονο
1229 5273 1277 5324 εί
1325 5271 1399 5342 μὴ
1461 5267 1530 5342 ἦν
1577 5273 1806 5342 ούρανοῦ

201 5368 502 5438 Δεσπότης,
529 5366 628 5417 οὐκ
660 5364 726 5418 ἂν
749 5363 912 5415 αὑτὸν
939 5362 1116 5433 ἀστὴρ
1140 5361 1196 5428 ἐξ
1220 5360 1452 5432 ούρανοῦ
1474 5363 1770 5431 ἐκήρυττεν
1791 5378 1804 5392 °

203 5458 249 5508 εἰ
283 5455 358 5525 μὴ
397 5449 466 5524 ἦν
499 5452 650 5522 ἡλίου
684 5451 986 5519 Δεσπότης,
1030 5449 1129 5500 οὐκ
1165 5450 1231 5500 ἂν
1282 5450 1470 5512 σκότος
1521 5449 1809 5501 ἐνεδύσατο

205 5544 260 5594 ἐν
305 5543 385 5612 τῷ
429 5537 670 5609 σταυρῷ.
706 5538 940 5609 Χριστὸς
996 5538 1088 5589 ἐπὶ
1144 5537 1399 5607 σταυροῦ,
1454 5539 1544 5590 καὶ
1583 5541 1610 5590 6
1659 5538 1810 5606 ἣλιος

207 5630 520 5700 ἐσκοτίσθη.
557 5631 619 5681 Ὠ
651 5629 743 5680 τοῦ
779 5627 1086 5698 θαύματοςῖ
1123 5627 1258 5679 Οὐδὲ
1306 5631 1336 5697 ἡ
1386 5629 1566 5691 κτίσις
1610 5629 1808 5698 ἤνεγκε

207 5722 304 5790 τὴν
353 5719 512 5788 ὓϐριν
572 5717 666 5768 τοῦ
722 5716 1012 5768 Δεσπότου.
1061 5715 1380 5784 Ἑσκοτίσοη
1416 5718 1443 5768 6
1487 5717 1661 5784 ἣλιος,
1725 5717 1809 5768 ἵνα

214 5807 387 5876 μάθῃς
438 5809 532 5858 καὶ
588 5807 644 5858 ἐν
696 5804 843 5874 αὐτῷ
899 5804 976 5872 τῷ
1035 5803 1251 5874 σταυρῷ
1303 5805 1454 5873 ἡλίου
1508 5806 1805 5873 Δεσπότην.

222 5893 472 5966 Ἐκίσθη
515 5897 549 5965 ἡ
595 5894 688 5964 γῆ,
728 5895 814 5947 ἶνα
848 5892 1047 5964 μάθῃς,
1102 5893 1184 5945 ὅτι
1225 5893 1352 5962 περὶ
1388 5894 1555 5946 αὑτοῦ
1586 5897 1613 5948 6
1643 5895 1808 5948 Δαυῒδ

1190 432 1280 488 DE
1317 429 1536 487 MUNDI
1575 426 1974 485 CREATIONE
2015 430 2276 488 ORATIO
2306 430 2391 488 ΙΙΙ.

3377 449 3492 505 456

1891 546 2073 605 εἶπεν·
2106 554 2169 605 '0
2197 551 2536 607 ἐπιϐλέπων
2553 553 2652 607 ἐπὶ
2676 554 2790 621 τὴν
2819 552 2935 623 γῆν
2957 552 3054 608 καί
3085 549 3272 606 ποιῶν
3291 552 3487 621 αὐτὴν

1887 635 2140 705 τρέμειν.
2199 637 2564 707 Ἔσχίσθησαν
2613 640 2671 692 αί
2711 639 2932 711 πέτραι,
2986 640 3074 693 ίνα
3117 639 3296 709 μάθῃς
3357 637 3486 710 περὶ

1887 720 2030 783 τίνος
2090 715 2242 774 εἶπεν
2301 723 2328 772 6
2378 725 2701 793 προφήτης·
2749 723 2803 775 '0
2854 723 3042 792 θυμὸς
3082 723 3270 778 αὐτοῦ
3321 723 3485 789 τήκει

1887 803 2098 873 ἀρχὰς,
2122 803 2220 858 καὶ
2241 807 2302 857 αἱ
2321 805 2528 873 πέτραι
2547 806 2890 876 ἐθρύϐησαν
2908 809 3008 862 ἀπ’
3031 806 3239 862 αὑτοῦ.
3261 808 3483 878 Ὴνοίγη

1888 890 1956 941 τὰ
1994 889 2274 958 μνήματα,
2310 890 2397 942 ἵνα
2441 893 2581 960 φανῇ
2610 892 2644 962 ἠ
2687 891 3012 956 ἀνάστασις,
3059 893 3151 945 καὶ
3192 893 3218 945 6
3253 891 3487 962 ἐγείρων

1888 969 2022 1035 Θεὸς
2049 971 2137 1024 διὰ
2165 971 2274 1025 τῶν
2302 971 2522 1025 πάντων
2543 973 2752 1046 λάμψει.

1960 1054 2026 1118 ζ’.
2085 1053 2242 1108 Ἀλλά
2272 1055 2353 1108 δεῖ
2383 1057 2530 1126 ἡμᾶς
2577 1059 2670 1109 καὶ
2714 1057 2906 1126 ἠθικὸν
2945 1058 3164 1128 κινῆσαι
3206 1057 3384 1124 λόγον.
3432 1057 3489 1109 Ὀ

1888 1136 2081 1206 λύχνος
2108 1139 2260 1207 ἡμᾶς
2291 1138 2447 1192 καλεῖ
2475 1140 2569 1192 ἐπὶ
2597 1140 2658 1192 τὺ
2681 1142 2855 1193 εἰπεῖν
2875 1159 2887 1170 ·
2926 1143 3167 1210 Λύχνος
3198 1140 3321 1206 τοῖς
3342 1139 3492 1194 ποτε

1883 1241 2005 1295 μου
2032 1225 2064 1276 d
2086 1225 2271 1293 λόγος
2303 1239 2443 1287 σου,
2465 1223 2564 1277 καί
2596 1222 2722 1292 φῶς
2758 1224 2888 1290 ταῖς
2924 1226 3146 1291 τρίϐοις
3171 1241 3312 1294 μου.
3341 1225 3492 1276 Κατ-

1888 1304 2084 1360 έλαὸεν
2099 1307 2309 1378 ἑσπέρα
2331 1307 2417 1360 ἵνα
2442 1306 2711 1378 λέγωμενο
2740 1309 3204 1373 Κατευθυνθήτω
3228 1307 3266 1374 ἡ
3302 1321 3492 1375 προσ-

1887 1394 2038 1464 ευχή
2066 1413 2186 1465 μου
2216 1397 2298 1463 ὠς
2325 1396 2588 1465 θυμίαμα
2629 1395 2889 1450 ἐνώπιόν
2919 1411 3058 1456 σου.
3094 1397 3347 1462 ἔπαρσις
3375 1392 3494 1446 τῶν

1889 1482 2105 1551 χειρῶν
2121 1502 2239 1553 μου
2262 1487 2444 1539 θυσία
2465 1483 2778 1553 ἐσπερινή.
2807 1481 2957 1556 [464]
2975 1484 3084 1537 Καὶ
3117 1481 3258 1535 διατι
3287 1481 3362 1551 μὴ
3388 1482 3492 1534 ἑω-

1891 1573 2048 1645 θινῆς
2084 1569 2210 1626 Ὧδε
2247 1574 2337 1630 τὸν
2369 1575 2512 1629 νοῦνο
2549 1576 2585 1629 ἀ
2623 1576 2732 1646 γὰρ
2765 1575 3059 1645 ψάλλομεν,
3100 1572 3385 1643 ὀφείλομεν
3420 1571 3496 1624 είκ-

1889 1662 2060 1716 δέναι.
2091 1661 2252 1731 Λέγει
2279 1664 2460 1716 Δαυΐδ·
2496 1663 2735 1718 Ψάλατε
2764 1662 3353 1730 συνετῶς.Ἔπαρσις
3378 1657 3497 1713 τῶν

1893 1751 2108 1822 χειρῶν
2130 1769 2251 1822 μου
2290 1754 2474 1808 θυσία
2502 1753 2813 1821 ἐσπερινή.
2864 1753 2968 1806 Δύο
3011 1752 3202 1816 θυσίας
3239 1751 3494 1805 ἐκέλευσε

1892 1839 2136 1909 Μωῦσῆς
2169 1839 2443 1909 γίνεσθαι,
2496 1840 2695 1912 μᾶλλον
2737 1841 2792 1894 δὲ
2835 1841 3004 1905 Θεόςο
3060 1841 3189 1912 μίαν
3231 1839 3490 1910 ἑωθινὴν,

1898 1928 2028 1998 μίαν
2057 1929 2374 2000 ἐσπερινὴν.
2413 1928 2478 1982 Ἡ
2507 1928 2734 2001 όρθρινὴ
2772 1929 3097 2002 εὐχαριστία
3131 1924 3199 1995 ἦν
3231 1928 3371 1997 ὑπὲρ
3393 1926 3495 1996 τῆς

1895 2017 2113 2079 νυκτός.
2169 2016 2226 2068 '0
2255 2016 2365 2088 γὰρ
2395 2016 2685 2080 διασωθεὶς
2711 2017 2811 2088 τήν
2841 2017 3034 2082 νύκτα,
3077 2016 3396 2087 εὐχαριστεῖ
3437 2017 3496 2065 ἐν

1894 2108 1959 2178 τῇ
1994 2106 2200 2178 ἡμέρᾳ.
2235 2106 2298 2159 'H
2322 2106 2585 2178 ἐσπερινὴ
2608 2106 2768 2161 θυσία
2795 2108 3116 2178 εὐχαριστία
3136 2102 3201 2177 ἦν
3229 2103 3368 2174 ὑπὲρ
3397 2102 3496 2172 τῆς

1893 2196 2130 2268 ἡμέρας.
2175 2194 2394 2267 Ἐπειδὴ
2423 2194 2754 2268 διετήρησάς
2785 2213 2874 2266 με,
2904 2197 3090 2267 φησὶν,
3112 2197 3169 2248 ἐν
3198 2197 3264 2265 τῇ
3287 2191 3493 2264 ἡμέρᾳ.

1895 2283 2203 2354 εὐχαριστῶ
2263 2300 2344 2337 σοι
2393 2283 2536 2354 ὑπὲρ
2578 2285 2706 2353 ὅλης
2751 2284 2851 2354 τῆς
2900 2284 3139 2356 ἡμέρας.
3183 2282 3248 2335 Ἡ
3300 2279 3499 2350 ἑωθινὴ

1897 2370 2058 2425 θυσία
2103 2371 2164 2424 ού
2211 2371 2426 2443 δέχεται
2469 2373 2561 2426 τὸν
2603 2373 3006 2444 ἀμαρτήσαντα
3049 2373 3107 2423 ὲν
3156 2370 3339 2425 νυκτί.
3399 2369 3500 2422 Διά

1894 2459 2056 2512 τοῦτο
2103 2460 2289 2528 λέγει’
2348 2460 2649 2529 Ἐπαρσις
2702 2459 2822 2513 τῶν
2879 2458 3092 2530 χειρῶν
3151 2475 3268 2528 μου
3316 2458 3501 2512 θυσία

1897 2547 2212 2617 ἐσπερινή.
2241 2548 2482 2620 Εἰσέρχῃ
2523 2548 2786 2620 ἑσπέραν,
2829 2547 3020 2611 ἁπλοῖς
3053 2546 3151 2609 τὰς
3185 2547 3404 2616 χεῖραςο
3450 2544 3499 2597 εί

1897 2636 2081 2707 έχουσι
2113 2637 2429 2708 παρρησίαν
2462 2636 2858 2691 άπλούσθωσαν
2881 2654 2894 2668 ·
2922 2637 2970 2688 εί
3000 2635 3075 2706 μὴ
3106 2633 3354 2704 ἔγραψαν
3388 2630 3502 2686 ἀδι-

1897 2727 2044 2786 κίαν,
2086 2725 2235 2796 είμὴ
2267 2728 2526 2797 ἥρπασαν
2564 2725 2828 2796 πένητας,
2868 2726 2915 2778 εί
2952 2724 3026 2794 μὴ
3063 2722 3501 2791 ἐπλεονέκτησαν

1899 2815 2192 2884 ὀρφανοὺς,
2223 2814 2298 2876 ὠς
2326 2814 2619 2882 πρόσωπον
2636 2813 2855 2884 ἔχουσαι
2882 2812 3258 2881 ὑψούσθωσαν.
3287 2811 3501 2876 Ἐπαρ-

1900 2917 2002 2963 σις
2031 2900 2152 2952 τῶν
2179 2899 2395 2968 χειρῶν
2410 2917 2530 2969 μου
2555 2916 2568 2930 ·
2599 2901 2720 2954 ἀντί
2746 2899 2864 2966 τοῦ,
2898 2901 3094 2963 Βλέπε,
3116 2897 3310 2969 Κύριε,
3333 2896 3501 2950 καθα-

1905 2987 1995 3059 ραὶ
2030 2988 2084 3041 αί
2118 2989 2317 3058 χεῖρες.
2360 2987 2572 3057 Ὠσπερ
2604 2987 2714 3059 γὰρ
2751 2989 2780 3042 ό
2823 2988 3172 3060 ἁμαρτήσας,
3209 2985 3503 3057 πρόσωπον

1902 3076 2106 3146 ἐπᾶραι
2128 3075 2189 3128 οὑ
2219 3074 2465 3140 δύναται,
2489 3075 2602 3130 ἀλλ’
2627 3077 2734 3129 ὑπὸ
2765 3076 3124 3146 συνειδήσεως
3154 3074 3500 3144 κάμπτεται,

1901 3161 2046 3216 οὕτω
2095 3162 2215 3234 χεὶρ
2266 3161 2656 3234 μεμολυσμένη
2697 3163 2817 3217 οὐδὲ
2865 3162 3039 3234 τολμᾷ
3084 3161 3504 3232 ἀντιπρόσωπος

1903 3251 2159 3320 γενέσθαι
2188 3249 2325 3321 Θεῷ.
2358 3250 2533 3304 Βλέπε
2558 3269 2571 3284 ο
2601 3253 2650 3304 εί
2683 3251 2926 3324 καθαραὶ
2951 3252 3008 3303 αἱ
3038 3252 3218 3321 χεῖρες
3245 3249 3354 3302 ἀπὺ
3385 3247 3503 3301 ἀδι-

1904 3341 2050 3404 κίας,
2072 3340 2489 3396 ἀπλούσθωσαν.
2516 3340 2616 3394 Διὰ
2633 3341 2792 3395 τοῦτο
2819 3344 2848 3395 6
2875 3341 3221 3412 πατριάρχης
3254 3338 3506 3411 Ἀϐραὰμ

1905 3430 2262 3502 παρῃτήσατο
2319 3428 2504 3483 λαϐεῖν
2552 3430 2660 3482 ἀπὸ
2699 3429 3149 3500 αἰσχροκερδείας
3193 3426 3384 3496 κέρδη,
3418 3427 3507 3479 ὅτε

1904 3519 2091 3587 ἔλεγεν
2118 3519 2268 3589 αὐτῷ
2301 3519 2329 3570 6
2353 3517 2607 3588 βασιλεὺς
2637 3519 2888 3588 Σοδόμων
2907 3534 2920 3548 ·
2963 3517 3117 3572 Λάσε
3140 3517 3357 3570 πάνταο
3397 3517 3504 3584 μό·-

1905 3623 2019 3660 νον
2045 3606 2153 3672 τὰς
2184 3605 2476 3676 γυναῖκας
2523 3607 2863 3660 ἀπόλυσον.
2920 3606 3038 3659 Ἵνα
3066 3601 3159 3658 οὖν
3189 3603 3507 3676 παρρησίαν

1907 3693 2026 3767 ἔχῃ,
2056 3694 2210 3747 οὐδὲν
2253 3693 2476 3746 ἐλαϐενο
2509 3692 2759 3765 καθαρὰς
2791 3693 2846 3746 δέ
2874 3693 3012 3763 έχων
3047 3693 3145 3756 τὰς
3172 3695 3360 3763 χεῖρας
3390 3691 3506 3744 ἐλε-

1907 3799 2029 3850 γεν-
2074 3779 2328 3834 Ἐκτενῶ
2365 3779 2473 3848 τὰς
2511 3780 2715 3850 χεῖράς
2752 3798 2871 3850 μου
2901 3780 3052 3848 πρὸς
3087 3782 3193 3833 τὸν
3224 3781 3393 3843 Θεὸν,
3439 3779 3507 3843 ὃς

1907 3869 2159 3936 ἐποίησε
2188 3867 2295 3921 τὸν
2328 3869 2591 3936 οὐρανόν
2618 3868 2713 3921 καί
2742 3868 2855 3935 τὴν
2896 3866 3030 3938 γῆν.
3078 3867 3188 3921 Καὶ
3222 3867 3504 3933 ἐξέτεινεν,

1912 3957 2102 4028 ἐπειδὴ
2125 3959 2224 4011 ούκ
2253 3953 2394 4028 ἦσαν
2425 3957 2832 4028 μεμολυσμέναι
2866 3957 3251 4028 κέρδειάδίκῳ.
3286 3959 3508 4023 Ἔπαρ-

1909 4065 2011 4114 σις
2027 4046 2146 4100 τῶν
2170 4047 2386 4115 χειρῶν
2409 4066 2552 4117 μου.
2596 4047 2922 4118 Ἐρμηνεύει
2950 4049 3030 4112 τὸ,
3068 4049 3359 4115 Ἕπαρσις
3389 4046 3510 4099 τῶν

1910 4134 2126 4205 χειρῶν
2142 4153 2284 4203 μου,
2322 4135 2567 4198 Παῦλοςυ
2601 4137 2902 4203 Βούλομαι
2943 4132 3058 4190 οὖν
3101 4136 3242 4202 τοὺς
3281 4135 3507 4201 άνιῖροις

1909 4225 2354 4293 προσεύχεσθαι
2390 4223 2460 4276 ἑν
2480 4224 2656 4275 παντὶ
2684 4224 2866 4288 τόπῳ,
2909 4223 3267 4292 ἐπαίροντας
3296 4223 3510 4287 ὁσίους

1909 4310 2114 4378 χεῷας
2145 4311 2323 4378 χωρίς
2361 4310 2546 4379 ὀργῆς
2580 4311 2678 4363 καί
2712 4310 3140 4379 διαλογισμῶν.
3188 4311 3250 4363 ’11
3298 4310 3508 4381 ἑσπέρα

1913 4398 2136 4449 ἀπαιτεῖ
2185 4398 2332 4468 ἡμᾶς
2374 4397 2444 4450 τὰ
2484 4395 2584 4466 τῆς
2637 4398 2874 4466 ἐσπέρας
2927 4398 3083 4467 ἔργα.
3146 4396 3362 4460 Ἀπλοίς
3410 4399 3511 4461 τὰς

1914 4487 2105 4555 χεῖρας
2126 4501 2139 4516 ⁸
2169 4485 2367 4556 ἐρευνᾷ
2389 4486 2418 4536 6
2439 4484 2704 4554 τεχνίτης.
2737 4485 2996 4556 Ἔρχεται
3011 4487 3038 4536 6
3055 4483 3274 4548 ἑωθινὸς
3297 4485 3509 4556 καιρὸς,

1912 4573 2008 4625 καὶ
2039 4571 2133 4625 ἐὰν
2175 4572 2251 4642 μὴ
2285 4571 2415 4642 ἔχῃς
2441 4572 2687 4642 καθαρὰν
2717 4571 2815 4642 τὴν
2841 4575 3001 4642 χεῖρα
3041 4573 3073 4642 ἢ
3114 4571 3212 4643 τὴν
3247 4573 3511 4638 διάνοιαν,

1911 4659 2134 4712 ἑωθινὸν
2158 4659 2351 4730 καιρὸν
2372 4658 2494 4712 οὗτε
2516 4659 2644 4712 ίδεῖν
2662 4659 2868 4730 τολμᾷς
2885 4677 2896 4688 ·
2931 4661 2964 4728 ἡ
2993 4663 3158 4729 πεῖρα
3171 4659 3508 4723 διδάσκαλος.

1924 4747 2213 4817 Ἐννόησον
2243 4747 2370 4800 ὅταν
2393 4764 2477 4809 τις
2497 4747 2736 4817 καθαρὸς
2756 4746 3031 4817 διαμείνῃ,
3063 4746 3181 4810 πῶς
3206 4747 3513 4817 εἰσέρχεται

1911 4835 2000 4890 διὰ
2038 4834 2377 4906 παρρησίας,
2419 4834 2495 4898 ὡς
2532 4835 2668 4887 ίδίαν
2711 4833 2882 4904 αὐλὴν
2923 4834 3130 4889 πατῶν.
3187 4835 3514 4905 Παρρησίαν

1910 4925 2020 4994 γὰρ
2057 4922 2205 4992 αὑτῷ
2242 4923 2459 4975 δίδωσιν
2497 4924 2555 4976 ἐν
2590 4922 2670 4992 τῷ
2713 4922 2922 4993 έωθινῷ
2971 4922 3150 4993 καιρῷ
3193 4924 3226 4992 ἡ
3261 4923 3320 4977 ἐν
3358 4925 3516 4977 νυκτὶ

1914 5009 2262 5082 σωφροσύνη.
2299 5009 2399 5063 Διά
2419 5009 2580 5062 τοῦτο
2600 5008 2764 5062 Δαυῒδ
2793 5009 2941 5076 λέγει
2967 5026 2981 5040 ·
3011 5010 3078 5062 Εἰ
3098 5010 3515 5079 ἐμνημόνευον

1913 5114 2029 5151 σου
2056 5097 2155 5150 ἐπὶ
2178 5097 2292 5166 τῆς
2307 5097 2626 5166 στρωμνῆς
2647 5114 2787 5165 μου,
2817 5096 2888 5149 ἐν
2913 5095 3038 5162 τοῖς
3056 5096 3287 5165 όρθροις
3305 5096 3516 5166 ἐμελέ-

1913 5203 2032 5238 των
2084 5189 2172 5251 είς
2221 5185 2316 5238 σέ.
2373 5185 2697 5254 Εὐχάριστῶ
2739 5184 2817 5255 τῷ
2856 5184 3016 5253 Θεῷο
3076 5184 3382 5254 μέμνημαι,
3433 5185 3515 5238 ὅτι

1911 5274 2232 5343 κάμνουσαν
2271 5275 2406 5342 ἡμῖν
2440 5273 2537 5343 τὴν
2578 5273 2763 5342 φωνὴν
2813 5274 2841 5324 6
2888 5271 2982 5325 τοῦ
3035 5271 3172 5324 Θεοῦ
3219 5271 3514 5342 ἀνώρθωσε

1916 5363 2092 5430 λόγος,
2121 5362 2181 5414 ού
2217 5363 2352 5431 πρὸς
2375 5362 2474 5431 τὴν
2501 5361 2780 5432 ἡμετέραν
2817 5360 2974 5425 ἀξίαν
3007 5360 3169 5432 ὁρῶν,
3205 5361 3340 5414 ἀλλά
3376 5360 3515 5433 πρὸς

1914 5451 2004 5503 τὸν
2042 5452 2309 5522 ὑμέτερον
2363 5451 2543 5504 πόθον.
2592 5450 2892 5520 Εύξώμεθα
2945 5451 3127 5503 τοίνυν
3172 5452 3229 5502 ἐν
3284 5451 3513 5521 ἀληθείᾳ

1917 5542 2165 5612 καρδίας,
2205 5540 2300 5594 καὶ
2329 5543 2554 5612 εἰρήνην
2583 5541 2748 5610 ἔχειν,
2787 5541 2881 5593 καὶ
2927 5541 2984 5594 ἐν
3027 5541 3247 5612 όρθροις
3275 5544 3506 5612 -παῤῥη-

1919 5629 2222 5693 σιάζεσθαι,
2253 5631 2346 5684 καὶ
2377 5630 2659 5700 αίρετικὴν
2697 5631 2893 5698 μανίαν
2930 5629 3174 5696 φεύγειν,
3221 5629 3313 5681 καὶ
3353 5627 3510 5700 ὀρθό-

1917 5718 2068 5782 δοξον
2104 5719 2289 5771 πίστιν
2327 5717 2702 5788 μεταδιώκειν,
2755 5717 2846 5769 καὶ
2875 5716 3032 5780 δόξαν
3063 5717 3414 5786 ἀναπέμπειν
3437 5715 3515 5785 τῷ

1919 5807 2096 5876 Πατρὶ
2133 5807 2225 5859 καὶ
2258 5807 2337 5875 τῷ
2368 5806 2482 5875 Υίῴ
2509 5808 2600 5859 καὶ
2630 5806 2706 5875 τῷ
2746 5804 2888 5874 ἁγίῳ
2932 5803 3235 5873 Πνεύματι,
3283 5803 3379 5856 νῦν
3421 5807 3510 5860 καὶ

1918 5896 2024 5960 ἀεὶ,
2057 5895 2151 5947 καὶ
2182 5895 2261 5958 είς
2291 5895 2413 5958 τοὺς
2450 5893 2651 5958 αἰῶνας
2680 5894 2786 5946 τῶν
2819 5892 3047 5947 αἰώνων·
3091 5893 3279 5964 ’Λμήψ
