3984 6426
168 420 277 473 457

177 522 526 593 gloriamque
584 518 882 575 referamus
920 516 1100 583 Patri,
1147 516 1285 570 Filio
1314 522 1369 571 et
1401 513 1622 584 Spiritui
1669 528 1798 567 san-

178 622 268 668 cto
298 628 447 667 nunc
475 621 530 667 et
558 626 793 681 semper,
826 617 881 665 et
907 610 959 663 in
987 608 1184 663 saicula
1212 608 1555 662 smculorum.
1598 607 1795 662 Amen.

356 705 606 775 Ejusdem
632 705 684 757 in
710 712 942 775 quartam
960 703 1093 757 diem
1120 702 1390 755 creationis
1410 700 1615 754 mundi.

255 800 313 854 l.
347 798 647 853 Labantem
695 813 884 851 vocem
933 804 1171 850 nostram
1205 795 1373 863 pridie
1404 810 1498 865 per
1524 793 1795 848 orationes

177 902 397 947 vestras
427 907 629 961 perque
658 899 896 946 vestrum
925 888 1253 944 desiderium
1289 888 1379 943 Dei
1408 888 1578 957 gratia
1612 887 1795 941 ﬁrma-

176 985 275 1038 vit.
314 983 436 1054 Ipsa
477 984 639 1055 igitur
678 983 929 1052 magistra
964 996 1092 1035 usus
1131 979 1465 1049 experientia
1489 1022 1503 1045 ,
1532 991 1793 1051 quantum

177 1090 337 1129 amor
365 1074 673 1144 divinaeque
694 1074 908 1141 pietatis
933 1072 1173 1127 studium
1206 1080 1382 1141 potest
1401 1110 1416 1135 ,
1443 1071 1510 1126 ad
1546 1070 1791 1125 eamdem

176 1166 618 1221 obsecrationem
649 1165 867 1229 accedo,
898 1178 1086 1218 rursus
1106 1177 1303 1233 rogans
1326 1172 1386 1216 ut
1411 1161 1656 1217 eamdem
1697 1177 1794 1231 pro

178 1257 340 1312 nobis
370 1258 601 1327 gratiam
647 1257 861 1327 petatis.
902 1254 1036 1310 Nam
1067 1255 1112 1308 si
1146 1269 1240 1309 vas
1272 1253 1553 1309 electionis
1571 1252 1790 1316 Paulus,

176 1352 269 1419 qni
292 1350 571 1406 Christum
624 1349 679 1405 in
722 1351 904 1419 seipse
947 1350 1253 1419 loquentem
1302 1347 1552 1413 habebat,
1583 1348 1706 1416 quia
1761 1362 1788 1399 a

175 1445 385 1516 Spiritu
410 1452 603 1499 sancto
629 1443 937 1514 regebatur,
957 1442 1261 1496 auditorum
1287 1441 1649 1511 precationem
1668 1456 1786 1493 mu-

175 1539 432 1593 tuabatur
472 1538 660 1593 dicens
692 1555 706 1591 :
737 1536 969 1602 Fratres,
1002 1546 1149 1589 orate
1181 1552 1274 1605 pro
1300 1552 1379 1589 me
1403 1575 1419 1600 ,
1449 1545 1502 1587 ut
1545 1534 1666 1587 milii
1697 1534 1787 1586 de-

178 1640 262 1682 tur
291 1631 499 1683 verbum
556 1629 609 1682 in
664 1630 926 1699 apertione
972 1629 1075 1681 oris
1132 1628 1230 1681 mei
1270 1627 1516 1696 (Ephes.
1546 1626 1601 1681 6.
1646 1624 1786 1696 19):

177 1731 379 1790 quanto
411 1720 583 1790 magis
630 1735 728 1774 nos
760 1720 894 1775 viles
915 1761 929 1786 ,
961 1728 1016 1773 et
1044 1718 1171 1789 qui,
1205 1728 1263 1772 ut
1311 1719 1380 1772 ita
1408 1717 1625 1783 dicam,
1658 1718 1788 1771 nihil

177 1829 394 1877 sumus,
434 1814 877 1867 intercessionem
929 1822 1165 1866 vestram
1213 1819 1478 1879 petemus,
1510 1820 1568 1863 ut
1596 1810 1790 1878 linguae

176 1905 453 1958 vinculum
496 1904 735 1957 solvatur
758 1943 773 1967 ,
800 1903 1075 1972 aperiatur
1104 1902 1346 1957 veritatis
1392 1916 1610 1965 sermo;
1642 1901 1788 1969 ipsa-

176 2016 280 2069 que
308 2000 489 2055 divina
515 2001 687 2070 gratia
718 1999 1031 2068 expeditum
1056 2013 1315 2068 organum
1344 1996 1632 2059 custodiat,
1666 2012 1791 2049 sen-

177 2092 578 2161 tentiarumque
605 2092 814 2160 copiam
841 2090 1182 2160 suppeditet;
1217 2104 1321 2145 non
1351 2098 1409 2143 ut
1437 2089 1584 2143 solus
1606 2097 1790 2142 orator

174 2183 353 2238 divina
408 2185 680 2248 lucretur,
728 2183 825 2238 sed
854 2192 912 2238 ut
953 2183 1229 2237 vobiscum
1274 2182 1547 2237 czclestem
1578 2180 1789 2235 hauriat

176 2276 519 2333 thesaurum.
548 2277 661 2346 Age
690 2292 821 2347 ergo
848 2318 862 2340 ,
906 2277 1056 2345 prius
1086 2274 1353 2329 dictorum
1384 2274 1545 2328 seriei
1578 2274 1776 2327 haerea-

174 2384 313 2423 mus.
346 2370 449 2422 Par
481 2378 564 2423 est
588 2370 755 2432 enim,
788 2368 1043 2433 arbitror,
1081 2376 1140 2421 ut
1179 2365 1635 2436 quemadmodum
1674 2365 1788 2435 ipse

174 2463 450 2533 Icgislator
480 2462 689 2535 Moyses
728 2463 871 2517 serie
919 2471 1081 2530 atque
1126 2459 1317 2515 ordine
1347 2459 1635 2516 creationis
1674 2473 1788 2513 ser-

174 2571 389 2610 monem
422 2556 672 2617 absolvit,
702 2556 782 2609 sic
827 2565 881 2609 et
909 2569 1008 2607 nos
1037 2553 1227 2623 primis
1254 2551 1510 2615 secunda,
1534 2551 1786 2605 secundis

172 2650 326 2704 tertia
360 2648 678 2717 c0puletnus
699 2656 754 2700 et
779 2646 1193 2714 distinguamus,
1222 2644 1482 2712 vobisque
1513 2658 1618 2695 non
1643 2658 1779 2711 pran-

171 2751 444 2812 posteram
473 2741 743 2794 sermonis
782 2739 1182 2796 enarrationem
1217 2735 1510 2790 tradamus.
1549 2735 1782 2803 Compa-

169 2844 315 2889 rtum
341 2846 462 2888 erat
490 2832 701 2897 caelum,
736 2831 909 2885 solide
935 2839 1197 2884 structum
1229 2830 1623 2883 lirmamentum
1650 2869 1665 2893 ,
1693 2843 1783 2882 se-

169 2935 448 2995 gregatum
483 2938 651 2985 mare,
693 2922 901 2977 detecta
932 2930 1095 2987 terra,
1123 2921 1403 2985 fructibus,
1449 2920 1663 2990 plantis,
1692 2936 1782 2974 ar-

170 3017 390 3072 boribus
416 3059 431 3080 ,
464 3016 697 3069 fontibus
741 3018 887 3069 varie
918 3025 1128 3077 ornata,
1163 3024 1218 3068 et
1260 3023 1319 3067 ut
1364 3014 1673 3067 summatim
1705 3012 1785 3066 di-

168 3127 304 3175 cam,
337 3112 589 3164 omnibus
633 3111 732 3163 sibi
774 3110 1195 3178 congruentibus
1222 3110 1472 3164 decorata
1505 3118 1641 3164 erat.
1680 3108 1782 3163 Nc-

168 3221 271 3272 que
299 3206 447 3257 enim
479 3204 705 3272 simplex
739 3205 982 3272 qua-dam
1014 3202 1268 3257 feracitas
1299 3204 1391 3257 fuit
1418 3246 1431 3267 ,
1465 3204 1558 3259 sed
1587 3204 1781 3256 distin-

168 3306 251 3350 cta
280 3306 338 3352 et
376 3296 548 3349 varia.
594 3295 725 3347 Nam
754 3295 855 3347 alia
904 3296 1072 3363 ipsam
1100 3295 1366 3347 ornabant
1408 3304 1605 3349 terram
1635 3312 1648 3359 ;
1679 3296 1780 3347 alia

169 3391 222 3444 in
268 3405 451 3444 escam
485 3388 795 3443 hominibus
826 3399 880 3443 et
916 3388 1086 3442 brutis
1114 3388 1477 3441 animantibus
1521 3387 1779 3457 producta

167 3491 312 3546 sunt,
336 3490 534 3535 czctera
566 3480 871 3534 hominibus
893 3495 1047 3532 usum
1075 3478 1405 3547 prazbcbant.
1436 3477 1618 3547 Neque
1638 3480 1778 3531 enim

163 3575 456 3643 pra-sentis
484 3586 566 3628 est
591 3575 872 3642 temporis,
898 3573 1107 3627 diversa
1131 3574 1215 3625 illa
1246 3589 1366 3641 qua:
1394 3590 1457 3627 ex
1496 3582 1635 3626 terra
1667 3587 1780 3640 pro-

169 3669 327 3723 ducta
360 3678 486 3721 sunt
518 3682 805 3723 recensere
831 3709 845 3731 ,
880 3682 945 3719 ne
969 3666 1236 3719 sermonis
1261 3664 1535 3731 longitudo
1561 3664 1781 3717 auribus

170 3761 363 3816 vestris
396 3758 620 3812 molesta
654 3759 742 3811 sit.
778 3757 1256 3826 Acceperatetiant
1288 3757 1475 3809 carltun
1505 3755 1776 3823 proprium

170 3853 270 3906 sibi
301 3860 575 3905 ornatum.
614 3851 864 3904 Procedit
890 3851 999 3919 jam
1037 3851 1175 3903 Deus
1199 3850 1269 3902 ad
1288 3863 1474 3918 aquas,
1504 3848 1777 3917 efficitque

172 3955 227 3999 ιιι
251 3944 358 3997 illa:
384 3944 620 3996 animam
660 3944 928 3997 viventem
960 3942 1279 4010 producant,
1313 3957 1540 4010 magnus
1567 3944 1780 4008 sapiens

172 4038 524 4105 tissimusque
575 4034 801 4091 Creator
824 4076 837 4098 ,
870 4035 959 4102 qui
1012 4034 1182 4087 libero
1212 4047 1310 4086 suo
1358 4044 1488 4087 nutu
1518 4041 1574 4087 et
1605 4032 1777 4087 Verbo

168 4138 359 4185 sancto
384 4144 485 4185 suo
508 4128 687 4181 omnia
718 4130 869 4192 fecit,
916 4137 975 4180 ut
998 4143 1061 4181 ex
1097 4128 1209 4196 ipsa
1248 4126 1409 4181 Verbi
1439 4128 1665 4181 veritate
1694 4144 1780 4181 re-

169 4237 284 4275 rum
313 4222 597 4275 veritatem
631 4222 819 4283 nostis,
854 4237 975 4274 cum
1006 4220 1286 4274 audivistis
1315 4236 1437 4275 eum
1469 4221 1773 4279 dicentem:

168 4314 554 4386 Congregentur
583 4330 730 4383 aqua:
757 4330 775 4377 ;
803 4324 857 4367 et
888 4314 1066 4366 statim
1097 4328 1233 4381 opus
1259 4323 1543 4383 sequutum
1576 4323 1658 4367 est
1680 4332 1691 4374 ;
1717 4328 1779 4367 ac

170 4423 407 4470 rursum,
447 4405 649 4459 Educat
696 4418 871 4469 terra;
912 4416 984 4472 et,
1016 4405 1253 4459 Educant
1293 4423 1473 4477 aquw;
1504 4417 1586 4467 et,
1622 4406 1779 4461 Fiant

170 4499 465 4551 luminaria.
495 4496 752 4566 Multique
776 4498 932 4550 fuerit
965 4498 1243 4565 temporis,
1264 4499 1440 4550 omnia
1461 4514 1579 4568 quae
1602 4498 1778 4551 Verbo

171 4590 306 4643 facta
336 4597 463 4642 sunt
484 4604 625 4642 nunc
654 4604 904 4641 sermone
935 4590 1204 4658 prosequi.
1233 4587 1301 4643 Ut
1332 4590 1473 4641 enim
1505 4590 1777 4659 antiquam

172 4684 315 4736 illam
345 4683 676 4736 creationem
708 4683 999 4744 mittamus,
1029 4683 1139 4750 jam
1166 4683 1444 4735 veniamus
1474 4682 1539 4735 ad
1568 4698 1629 4735 ea
1658 4698 1779 4749 qua:

172 4775 223 4828 in
254 4775 404 4828 Novo
437 4774 781 4827 Testamento
812 4775 926 4829 solo
958 4775 1137 4829 Verbo
1158 4776 1224 4827 ab
1246 4790 1311 4828 eo
1340 4786 1463 4827 sunt
1492 4776 1648 4829 facta.
1686 4777 1780 4829 llic

173 4880 403 4934 namque
428 4875 509 4916 est
531 4864 619 4933 qui
645 4874 822 4917 vetera
850 4867 1069 4928 creavit,
1094 4875 1144 4919 et
1165 4880 1300 4918 nova
1334 4865 1457 4919 fecit
1482 4867 1775 4920 secundum

172 4957 433 5012 Joannem
474 4954 739 5010 dicentem
776 4972 787 5006 ε
840 4958 1027 5009 Omnia
1059 4975 1146 5025 per
1177 4958 1343 5026 ipsum
1388 4960 1523 5027 facta
1548 4969 1669 5011 sunt
1693 5000 1707 5024 ,
1737 4977 1764 5013 θ

172 5052 280 5105 siue
317 5050 431 5117 ipso
475 5048 666 5115 factum
710 5058 782 5101 est
831 5050 959 5101 nihil
1008 5049 1209 5119 (Joan.
1241 5051 1288 5103 l.
1320 5050 1417 5119 5).
1450 5051 1578 5117 Quae
1623 5050 1783 5120 igitur

177 5142 351 5197 oratio
380 5142 494 5195 hare
526 5151 775 5195 accurate
807 5142 1057 5211 prosequi
1112 5143 1325 5211 possit?
1357 5144 1459 5197 Sed
1507 5146 1661 5199 seriei
1695 5147 1779 5197 in-

178 5236 452 5287 sistamus.
486 5233 582 5285 llic
628 5233 787 5301 igitur
829 5234 1259 5302 sapientissimus
1298 5234 1555 5297 Creator,
1584 5246 1639 5287 ut
1670 5235 1780 5303 jam

178 5328 431 5390 diximus,
461 5326 600 5396 quod
635 5329 863 5394 primum
912 5326 1146 5393 fecerat,
1179 5328 1282 5381 hoc
1323 5338 1377 5381 et
1405 5328 1654 5391 ornavit;
1695 5329 1782 5381 hic

179 5422 340 5474 etiam
374 5418 450 5481 id,
485 5419 626 5485 quod
670 5419 963 5472 secundum
1009 5420 1202 5473 factum
1241 5420 1445 5487 fuerat,
1478 5420 1667 5473 ordine
1698 5436 1783 5475 sc-

187 5514 421 5568 cnndum
445 5516 763 5577 exornavit;
798 5514 1030 5579 itemque
1063 5514 1303 5579 tertium,
1339 5523 1582 5583 quartum
1612 5521 1665 5565 et
1693 5529 1781 5569 rc-

184 5606 325 5675 liqna
355 5605 613 5672 deinceps
640 5603 820 5657 omnia
865 5602 1160 5656 secundum
1203 5604 1446 5656 ordinem
1493 5604 1781 5657 creatiouis

185 5706 375 5750 ornatu
401 5710 501 5749 suo
531 5694 824 5749 decoravit.
847 5694 963 5761 Quo
989 5702 1167 5746 autem
1186 5694 1365 5748 animo
1389 5694 1437 5747 id
1471 5694 1631 5747 fecit?
1654 5709 1780 5747 num

188 5786 418 5842 lortasse
444 5785 632 5841 volens
665 5786 862 5841 docere
893 5794 1084 5850 nos,ut
1106 5785 1493 5839 elementorum
1525 5787 1782 5841 terminos

189 5880 443 5947 «uanius,
494 5878 843 5949 ordinemque
886 5879 1276 5949 agnoscamus?
1305 5879 1483 5935 Primo
1522 5879 1679 5950 igitur
1706 5878 1780 5935 fe-

1230 399 1321 456 DE
1351 397 1567 456 MUNDI
1607 396 2001 456 CREATIONE
2037 402 2294 459 ORATIO
2332 404 2427 461 ιν.

3403 425 3515 479 458

1909 514 1981 568 cit
2008 516 2201 571 ca-lum
2252 518 2536 589 superius;
2569 521 2808 576 secundo
2858 533 3090 591 terram;
3145 526 3300 580 tertio
3328 526 3513 583 ﬁrma-

1907 618 2402 677 mentum;quarto
2426 612 2726 681 segregavit
2752 628 2940 683 aquas.
2978 614 3132 683 Quod
3170 618 3403 686 primum
3430 621 3506 673 te-

1907 698 1999 763 cit,
2032 700 2265 767 primum
2294 703 2525 756 ornavit.
2559 704 2842 769 Quomodo
2870 722 3034 776 ergo,
3069 707 3216 763 dicet
3241 711 3506 780 quispiant

1902 805 1969 845 ex
2002 791 2439 859 studiosioribus,
2468 809 2588 848 cum
2618 798 2853 851 secunda
2883 809 3028 853 esset
3065 809 3237 865 terra,
3278 804 3503 871 primaut

1905 882 2047 937 illam
2074 886 2320 939 ornavit?
2358 901 2420 940 ac
2445 890 2596 957 quasi
2638 904 2819 944 secum
2853 902 3119 962 pugnante
3158 896 3498 960 narratione,

1903 992 2195 1048 coarguere
2226 980 2387 1034 volet.
2416 980 2520 1050 Ipsi
2550 984 3007 1051 respondendum,
3034 987 3165 1041 nihil
3197 1002 3379 1042 secum
3413 1005 3510 1059 pu-

1900 1086 2071 1139 gnans
2098 1087 2127 1124 a
2160 1073 2315 1127 nobis
2348 1073 2400 1127 in
2435 1077 2687 1143 praesenti
2719 1077 2919 1131 dictum
2944 1078 3147 1145 fuisse,
3182 1081 3277 1136 sed
3300 1083 3503 1136 oratio-

1904 1180 2024 1216 nem
2070 1164 2168 1218 sibi
2201 1167 2425 1220 omnino
2451 1183 2573 1223 esse
2604 1171 3057 1226 consentientem.
3090 1174 3222 1228 Nam
3249 1185 3384 1230 ante
3403 1174 3507 1232 hoc

1906 1258 2329 1326 ﬁrmamentum,
2357 1259 2498 1330 quod
2530 1270 2652 1331 post
2675 1263 2863 1317 caelum
2892 1266 3139 1334 superius
3168 1266 3361 1321 factum
3389 1277 3503 1334 est,

1900 1357 2062 1413 atque
2109 1350 2344 1405 secunda
2392 1352 2481 1407 die
2530 1355 2919 1419 constitutum,
2964 1367 3151 1411 ornata
3200 1369 3337 1415 terra
3385 1360 3504 1416 fuit.

1902 1440 2199 1507 Oportebat
2221 1444 2363 1497 enint
2392 1445 2597 1500 ordinis
2628 1449 2824 1503 seriem
2854 1451 3083 1505 servari.
3128 1450 3263 1506 Cum
3305 1462 3505 1508 terram

1901 1533 2099 1600 plantis
2124 1544 2178 1587 et
2201 1535 2462 1591 fructibus
2489 1550 2761 1606 ornasset,
2794 1558 2918 1597 cum
2946 1546 3143 1599 caalum
3171 1549 3305 1611 sole,
3341 1549 3462 1602 luna
3493 1590 3508 1613 ,

1898 1641 1961 1679 ac
1991 1626 2200 1695 reliquo
2226 1629 2504 1684 stellarum
2530 1632 2697 1687 choro
2726 1634 3060 1703 decorasset,
3091 1639 3156 1693 ad
3180 1656 3344 1709 aquas
3377 1658 3505 1710 pro,

1898 1723 2083 1775 cessit.
2120 1724 2189 1777 Et
2215 1727 2341 1794 quid
2373 1727 2611 1783 historiae
2655 1731 2927 1800 scriptor?
2954 1731 3021 1785 Et
3051 1734 3181 1787 dixit
3211 1735 3351 1789 Deus
3374 1777 3387 1800 ,
3426 1738 3505 1790 itt-

1895 1815 2044 1881 quit,
2081 1815 2315 1871 Educant
2366 1836 2512 1886 aqua:
2556 1823 2759 1891 reptilia
2802 1824 3091 1878 animarum
3134 1828 3423 1893 viventium,
3457 1839 3513 1883 et

1896 1919 2011 1957 aves
2052 1907 2278 1961 volantes
2322 1926 2475 1979 super
2522 1920 2744 1975 terram,
2797 1915 3077 1969 secundum
3123 1918 3505 1986 firmamentum

1896 2000 2009 2051 σατιί
2038 1998 2056 2068 (
2088 1998 2215 2054 Ceu.
2243 2002 2293 2056 l.
2327 2002 2399 2057 20
2428 2004 2469 2074 ).
2505 2004 2641 2059 Vide
2665 2006 2758 2060 Dei
2791 2021 3121 2073 sermonem,
3154 2025 3317 2080 opera
3346 2012 3505 2066 dietis

1896 2092 2208 2161 addentem,
2261 2103 2316 2148 ct
2348 2096 2511 2151 verba
2568 2097 2619 2151 in
2657 2114 2819 2167 opera
2866 2109 3185 2157 vertentem.
3220 2102 3357 2158 Vide
3404 2104 3497 2157 Dei

1894 2186 2128 2255 syllabas
2157 2188 2430 2258 verbaque
2454 2190 2663 2256 brevia,
2697 2192 2877 2247 divina
2915 2196 3113 2250 virtute
3148 2197 3324 2266 plena.
3354 2195 3503 2253 Edu—

1895 2290 2011 2332 cant
2039 2298 2188 2351 aqua:
2208 2298 2226 2335 :
2254 2298 2435 2339 sermo
2464 2284 2616 2338 labor
2642 2296 2696 2339 et
2720 2302 2855 2355 opus
2876 2288 2970 2343 Dei
3001 2299 3102 2342 est.
3131 2290 3378 2344 Arbitror
3401 2307 3502 2361 ego

1893 2388 2055 2442 opera
2106 2390 2413 2430 sermonem
2442 2380 2797 2435 antevertisse
2827 2400 2839 2433 :
2889 2383 3128 2437 velocior
3170 2385 3313 2438 enim
3345 2385 3507 2439 dictis

1895 2469 2130 2536 potentia
2178 2469 2427 2524 Nondum
2458 2472 2696 2539 prolatus
2717 2490 2899 2529 sermo
2923 2476 3185 2542 l'uerat,et
3214 2493 3349 2546 opus
3379 2494 3502 2547 pro-

1894 2559 2065 2625 prium
2099 2561 2398 2627 accipiebat
2426 2574 2675 2615 ornatum
2706 2581 2721 2618 :
2756 2566 3007 2635 quodque
3031 2567 3225 2621 mirum
3253 2579 3355 2629 cst.
3389 2571 3502 2624 siu-

1889 2651 2028 2720 gnl‘is
2054 2652 2201 2706 hisce
2228 2655 2509 2709 elementis
2546 2656 2681 2710 Deus
2721 2659 2989 2728 duplicem
3027 2664 3300 2731 przcbebat
3342 2682 3501 2719 orna-

1893 2753 2023 2797 llltll.
2086 2745 2243 2797 Dedit
2291 2746 2630 2802 ﬁrmamento
2692 2751 2975 2807 luminaria
3024 2763 3079 2809 et
3134 2771 3333 2813 rorem.
3389 2758 3500 2812 lino

1892 2836 2054 2887 etiam
2106 2835 2295 2891 horum
2346 2839 2691 2896 luminarinm
2726 2843 2972 2901 diversus
3014 2859 3132 2903 erat
3160 2866 3324 2917 usus;
3353 2861 3408 2906 ttt
3433 2868 3499 2907 ex

1893 2926 2023 2994 ipsis
2052 2928 2343 2998 Scriptura:
2392 2931 2549 2988 dictis
2597 2946 2848 3002 constat,
2878 2938 2945 2994 de
2976 2941 3169 3009 quibus
3197 2959 3295 3013 pro
3337 2945 3497 3011 virili,

1892 3018 1992 3071 etsi
2042 3036 2148 3072 non
2194 3036 2298 3090 pro
2338 3022 2631 3092 dignitate,
2678 3043 2850 3097 nuper
2884 3031 3048 3085 verba
3086 3032 3343 3102 fecimus,
3375 3051 3497 3091 cum

1896 3111 2049 3165 vobis
2077 3111 2269 3167 horum
2302 3116 2566 3172 rationem
2601 3122 3006 3188 exponebamus
3039 3139 3054 3176 :
3087 3125 3154 3181 de
3182 3128 3373 3194 quibus
3402 3130 3499 3184 itc-

1889 3220 2007 3257 rum
2042 3205 2093 3258 iu
2117 3209 2371 3273 praesenti
2420 3226 2727 3266 sermonem
2763 3215 2961 3271 habere
2992 3219 3181 3274 inutile
3208 3221 3364 3275 foret.

1958 3296 2013 3348 2.
2056 3294 2194 3350 Deus
2224 3301 2481 3365 praeterita
2506 3342 2519 3363 ,
2553 3306 2823 3369 prmentia
2853 3316 2899 3358 et
2928 3311 3105 3378 futura
3132 3310 3282 3363 videt.
3314 3311 3496 3381 Bapti-

1887 3404 2025 3441 smus
2062 3389 2363 3444 emundata
2406 3394 2623 3459 peccatis
2661 3396 2913 3452 omnibus.
2954 3398 3207 3470 Baptismi
3248 3404 3414 3473 figura
3450 3415 3499 3459 ct

1887 3484 1979 3535 vis.
2007 3513 2079 3521 —
2109 3483 2292 3538 Terra:
2319 3487 2522 3540 semina
2554 3488 2705 3543 dedit
2733 3499 2786 3544 ct
2817 3491 3025 3561 plantas
3050 3512 3063 3559 ;
3096 3496 3271 3565 aquis,
3299 3498 3496 3553 natati-

1889 3575 1957 3629 lia
1988 3585 2040 3629 et
2071 3577 2326 3632 volatilia.
2356 3578 2591 3634 Educaut
2612 3598 2756 3650 aqute
2782 3586 2985 3653 reptilia
3011 3588 3299 3641 animarum
3326 3591 3495 3644 viven-

1891 3668 2013 3721 tium
2039 3710 2051 3730 ,
2083 3678 2128 3721 et
2155 3671 2385 3724 volatilia
2414 3672 2658 3726 volantia.
2692 3673 2921 3743 lleptilia
2954 3678 3128 3746 pisces
3152 3688 3306 3734 vocat
3329 3723 3343 3747 ,
3372 3683 3494 3751 quia

1890 3761 2064 3825 potius
2107 3772 2340 3830 repunt,
2382 3778 2539 3831 quam
2580 3765 2878 3820 ambulant.
2914 3768 3272 3833 Quamobrem
3306 3772 3496 3827 beatus

1888 3850 2054 3903 David
2097 3852 2459 3920 legislaturem
2497 3870 2727 3925 sequens
2771 3859 2845 3911 ait
2876 3877 2889 3913 :
2924 3858 3038 3913 Hoc
3074 3878 3212 3915 mare
3253 3880 3497 3933 magnum

1888 3952 1933 3993 et
1979 3944 2262 4009 spatiosum
2296 3964 2314 3996 .·
2342 3944 2452 3997 illic
2488 3947 2694 4016 reptilia
2736 3965 2952 4017 quarunt
2998 3969 3099 4005 non
3142 3962 3217 4006 est
3258 3971 3508 4008 numerus.

1888 4038 1905 4104 (
1933 4036 2075 4089 I’sal.
2107 4037 2229 4091 103.
2259 4037 2331 4090 25
2354 4037 2393 4107 ).
2425 4038 2560 4093 Rem
2586 4042 2905 4108 stupendam
2936 4046 2949 4096 ι
2994 4045 3318 4112 stupendum
3343 4048 3493 4100 ordi-

1888 4129 2052 4182 nem!
2102 4129 2349 4197 stupendi
2397 4131 2546 4184 verbi
2590 4133 3041 4200 promissionem!
3084 4136 3313 4203 Quare?
3360 4139 3492 4204 Quia

1886 4220 2126 4273 omnium
2160 4220 2348 4289 Opifex
2380 4230 2463 4276 est
2490 4239 2503 4287 ;
2534 4224 2611 4277 sic
2652 4239 2760 4292 prae
2792 4226 2960 4279 oculis
2994 4226 3153 4282 habet
3183 4231 3448 4298 przeterita
3476 4272 3492 4293 ,

1887 4313 2169 4381 praesentia
2204 4321 2259 4367 et
2303 4313 2474 4366 futura
2502 4355 2517 4380 ,
2561 4324 2619 4368 ut
2660 4330 2831 4385 neque
2867 4332 2965 4370 nos
3003 4333 3065 4372 ea
3098 4320 3209 4388 ipsa
3235 4337 3353 4392 qum
3383 4338 3493 4392 pra:

1887 4406 2055 4459 oculis
2078 4414 2219 4458 sunt.
2243 4406 2377 4471 Quia
2406 4407 2565 4476 igitur
2591 4423 2686 4477 per
2710 4424 2876 4479 aquas
2900 4411 3074 4479 primo
3100 4414 3261 4468 vitam
3294 4416 3495 4471 mundo

1887 4501 2108 4555 daturus
2138 4508 2274 4563 erat,
2304 4500 2479 4569 primo
2508 4502 2662 4570 aquis
2694 4504 2957 4573 praecipit,
2987 4514 3045 4559 ut
3073 4506 3363 4575 viviparam
3395 4523 3491 4560 na-

1890 4601 2063 4645 turam
2097 4592 2394 4660 producant
2425 4610 2438 4645 :
2472 4601 2531 4647 ut
2555 4593 2731 4648 discas
2763 4595 2905 4650 unde
2933 4597 3081 4649 radix
3111 4598 3230 4649 vita:
3260 4598 3348 4650 sit.
3381 4600 3490 4668 Ego

1888 4701 2009 4738 cum
2040 4685 2197 4739 video
2227 4699 2322 4739 eos
2366 4686 2455 4754 qui
2497 4686 2781 4740 illuminati
2816 4687 2966 4740 fuere
3010 4703 3076 4740 ex
3108 4689 3306 4743 sanctis
3338 4692 3489 4761 aquis

1888 4779 2054 4841 exire,
2080 4778 2169 4845 qui
2196 4777 2248 4831 in
2277 4776 2600 4845 baptismum
2623 4792 2743 4830 cum
2773 4777 2953 4829 multis
2974 4778 3129 4832 malis
3150 4781 3299 4848 quasi
3327 4782 3489 4851 repti-

1889 4868 1956 4920 lia
1986 4867 2210 4935 ingressi
2236 4875 2378 4930 sunt,
2411 4876 2464 4919 et
2491 4881 2611 4918 cum
2640 4866 2744 4919 vita
2776 4875 2977 4921 mterna
3005 4879 3129 4922 sunt
3166 4872 3387 4940 egressi,
3413 4873 3496 4927 vi-

1890 4959 1989 5011 deo
2020 4958 2400 5027 Legislatorem
2443 4956 2708 5009 dicentem
2741 4976 2752 5010 :
2788 4959 3031 5013 Educant
3063 4976 3216 5031 aqua:
3248 4979 3307 5017 ea
3330 5006 3344 5028 ,
3378 4982 3497 5035 quae

1892 5062 2014 5105 tunc
2039 5051 2245 5117 reptilia
2268 5057 2441 5113 erant,
2473 5066 2613 5103 nunc
2643 5052 2820 5105 anima
2842 5054 3026 5108 vivens
3046 5066 3191 5109 sunt.
3220 5057 3495 5115 Uudenant

1892 5146 1991 5197 hoc
2018 5142 2174 5196 nobis
2202 5142 2377 5212 palam
2411 5144 2550 5197 erit?
2582 5144 2717 5210 Quia
2764 5146 2795 5198 ii
2826 5146 2915 5215 qui
2946 5148 3210 5203 accedunt
3255 5150 3318 5202 ad
3354 5152 3499 5207 lava-

1888 5250 2037 5288 crum
2069 5234 2121 5287 in
2151 5235 2327 5303 priora
2370 5246 2585 5303 peccata
2613 5280 2626 5302 ,
2657 5238 2924 5307 reptiliutn
2969 5257 3162 5296 nomen
3196 5244 3491 5313 accipiunt.

1890 5327 2159 5381 Exierunt
2185 5328 2334 5382 multi
2367 5330 2430 5383 ad
2464 5330 2791 5399 baptismum
2817 5333 3039 5387 Joannis
3070 5352 3087 5387 '.
3117 5337 3498 5393 accedentibus

1889 5419 2017 5471 dicit
2050 5436 2061 5471 :
2098 5414 2405 5488 Serpentes,
2450 5425 2708 5494 genimina
2751 5428 3037 5495 viperarum
3068 5470 3083 5495 ,
3121 5432 3233 5500 quis
3275 5431 3496 5485 ostendit

1888 5512 2024 5563 vobis
2052 5514 2224 5581 fugere
2246 5530 2278 5565 a
2300 5524 2509 5568 ventura
2540 5519 2618 5569 ira
2648 5520 2664 5585 (
2690 5519 2877 5574 Matth.
2906 5522 2956 5575 5.
2985 5521 3053 5593 7)
3078 5522 3101 5575 ‘I
3129 5522 3259 5576 Cum
3292 5520 3492 5591 anima,

1889 5618 2007 5671 qua:
2026 5604 2204 5657 multis
2230 5606 2386 5659 annis
2418 5607 2469 5659 in
2506 5610 2738 5677 nequitia
2768 5612 2937 5679 vixit,
2974 5613 3024 5666 in
3057 5614 3379 5682 baptismum
3413 5614 3498 5668 itt-

1893 5703 1999 5747 trat
2025 5736 2037 5759 ,
2081 5705 2134 5749 et
2174 5698 2515 5767 improbitate
2555 5698 2796 5771 deposita
2837 5704 3130 5775 egreditur,
3159 5704 3280 5759 vide
3318 5723 3498 5763 annon

1892 5786 2143 5855 operibus
2169 5790 2509 5858 reSplendeat
2532 5791 2621 5846 illa
2645 5809 2746 5847 vox
2771 5793 3059 5861 dominica,
3089 5812 3208 5865 quae
3234 5798 3329 5863 ait,
3357 5796 3501 5853 Edu-

1897 5887 2012 5931 cant
2038 5895 2185 5950 aqum
2214 5880 2417 5952 reptilia
2444 5884 2728 5939 animarum
2759 5888 3047 5955 viventium,
3081 5896 3128 5943 et
3156 5890 3381 5946 volatilia
3411 5906 3498 5946 vo-
