3984 6468
455 508 572 562 459

443 611 605 665 lentia
625 609 652 665 .’
680 607 954 677 Dupliccm
1005 619 1235 676 namque
1276 605 1504 675 gratiam
1534 603 1732 676 accipit
1758 603 1806 658 is
1831 603 1920 673 qui
1951 617 2045 656 sa-

444 707 608 758 lutem
636 701 1007 772 consequitur,
1037 715 1228 769 nempe
1256 707 1312 754 et
1343 695 1642 753 viviﬁcatnr
1660 696 1859 762 anima,
1881 704 1938 751 ct
1956 711 2051 751 vo-

442 795 602 852 latilis
629 795 879 861 efﬁcitur,
909 803 965 850 et
988 792 1056 848 ad
1081 793 1339 847 caelorum
1372 790 1609 846 fornices
1637 790 1852 861 attingit
1878 831 1893 856 ,
1921 804 2048 844 cum

441 887 646 962 angelis
673 895 943 953 versatur,
969 891 1026 941 et
1053 899 1175 940 cum
1202 883 1404 939 cmlesti
1432 882 1626 938 ordine
1651 883 1832 939 locum
1864 880 2048 936 habet.

446 980 510 1035 Et
539 982 767 1036 volatilia
793 979 1019 1034 volantia
1043 994 1200 1046 super
1220 987 1409 1031 terram
1437 975 1717 1030 secundum
1745 975 2046 1045 ﬁrmamen-

442 1083 550 1126 tuni
574 1073 707 1126 cali.
739 1068 912 1141 Super
931 1078 1118 1124 terram
1141 1109 1159 1136 ,
1186 1082 1436 1138 corpore,
1467 1067 1520 1122 in
1545 1066 1714 1132 callis,
1746 1066 1870 1119 vita:
1896 1063 2048 1118 ittsti-

440 1173 573 1220 tuto.
607 1164 732 1220 llazc
761 1179 866 1219 non
900 1178 997 1234 per
1024 1162 1335 1233 allegoriam
1356 1153 1672 1216 inducimth
1695 1200 1710 1225 ,
1745 1157 1840 1214 sed
1873 1160 1926 1214 in
1959 1157 2045 1212 lti-

437 1259 604 1314 storia
630 1257 1021 1328 conspicimus.
1045 1254 1204 1311 Aliud
1232 1263 1315 1310 est
1343 1255 1657 1326 allegoriam
1684 1253 1737 1308 in
1764 1252 2044 1309 historiam

440 1351 495 1405 vi
526 1350 819 1415 inducere;
853 1350 997 1405 aliud
1039 1347 1261 1404 historia
1291 1359 1501 1405 servata
1528 1348 1845 1418 allegoriam
1875 1361 2045 1402 exco-

436 1441 626 1511 gitare.
667 1444 844 1510 Atque
881 1449 940 1495 ut
977 1439 1230 1496 ostendat
1269 1453 1332 1496 se
1361 1438 1573 1510 reptilia
1599 1438 1779 1494 dicere
1805 1437 2045 1493 volatilia

438 1543 668 1601 pennata
693 1574 708 1597 ,
737 1548 858 1603 qua:
887 1543 1013 1588 sunt
1051 1533 1104 1587 in
1142 1531 1277 1588 mari
1301 1572 1315 1596 ,
1342 1529 1525 1585 subdit
1549 1547 1564 1596 ;
1604 1549 1623 1582 t
1653 1530 1721 1586 Et
1747 1529 1875 1585 fecit
1904 1531 2045 1586 Deus

435 1635 557 1680 rete
581 1624 824 1696 grandia,
853 1634 910 1680 et
935 1640 1155 1679 omnem
1184 1623 1423 1678 animam
1447 1623 1717 1679 viventem
1747 1624 2042 1693 reptilium,

432 1732 552 1786 qtlte
575 1715 757 1772 eduxit
778 1731 916 1787 aqua
937 1732 953 1781 ;
976 1723 1031 1771 et
1055 1714 1272 1771 volatile
1301 1722 1592 1785 pennatum
1619 1732 1640 1767 ι
1675 1713 1830 1785 (Gen.
1853 1715 1904 1768 1.
1926 1715 2038 1786 21).

434 1806 602 1862 Estne
631 1822 761 1877 ergo
798 1806 1013 1862 volatile
1051 1821 1160 1862 non
1197 1807 1534 1877 pennatum?
1577 1806 1706 1877 quid
1748 1821 1884 1878 opus
1927 1817 2046 1863 erat

432 1897 635 1963 dicere,
669 1895 889 1952 Valatile
916 1906 1195 1968 pennatam
1217 1897 1244 1951 ?
1272 1897 1466 1953 Volare
1495 1896 1582 1954 hic
1601 1896 1798 1953 dicitur
1825 1897 1878 1953 id
1899 1899 2042 1970 quod

433 1998 518 2044 est
562 1988 870 2060 expandere
919 2004 1132 2045 manus.
1188 1989 1373 2044 Potest
1415 1989 1579 2045 etiam
1631 1990 1752 2061 quis
1796 1990 2045 2047 manibus

431 2090 685 2151 πετᾶσθαι,
717 2092 776 2138 ιιι
800 2082 876 2136 ait
901 2081 1165 2154 prepheta
1190 2099 1204 2136 :
1237 2080 1366 2137 Tota
1393 2083 1474 2136 die
1493 2089 1755 2149 ιειπιτασα
1772 2122 1788 2150 ,
1817 2084 2041 2153 expandi

432 2189 614 2228 manus
643 2190 782 2228 meas
803 2173 874 2227 ad
895 2177 1143 2245 populum
1171 2191 1273 2228 non
1300 2174 1588 2229 credentem
1613 2184 1660 2229 et
1685 2175 2041 2230 contradicen-

433 2278 533 2320 tem
562 2264 718 2340 (Isat'.
749 2266 839 2323 65.
864 2265 924 2340 2)
958 2285 974 2322 :
1004 2282 1112 2324 non
1139 2266 1282 2338 quod
1314 2282 1505 2322 manus
1533 2283 1743 2338 pennas
1769 2267 2002 2325 habeant
2023 2310 2040 2337 ,

430 2358 526 2414 sed
547 2359 673 2429 quia
696 2368 926 2414 τητᾶσθαι
947 2359 1251 2430 expandere
1268 2359 1553 2430 significat.
1575 2359 1729 2429 Quod
1755 2362 1894 2431 repit
1913 2377 2042 2433 ergo

432 2450 647 2506 volatile
670 2451 773 2506 dici
805 2461 1002 2521 potest,
1024 2451 1166 2522 quod
1195 2460 1369 2522 repat,
1387 2465 1553 2521 seque
1573 2450 1873 2523 expandat:
1900 2453 2042 2509 unde
2073 2465 2082 2477 ‘

431 2553 488 2599 et
513 2544 678 2600 David
705 2547 782 2600 ait
810 2562 825 2604 :
859 2545 1131 2615 Serpentes
1157 2553 1208 2600 et
1225 2545 1454 2601 volatilia
1479 2555 1724 2616 pennata.
1751 2544 1897 2600 Fecit
1913 2561 2046 2617 ergo

431 2636 572 2692 Deus
609 2647 716 2692 cete
753 2639 970 2709 grandia
1017 2638 1036 2708 (
1066 2636 1154 2691 Ps.
1186 2637 1312 2692 118.
1346 2637 1453 2706 10)
1485 2652 1500 2703 ;
1533 2637 1586 2691 id
1616 2646 1702 2692 est
1729 2678 1745 2704 ,
1777 2637 2040 2694 dracones

431 2742 657 2797 magnos
696 2729 750 2783 in
800 2728 954 2782 mari.
1008 2727 1218 2798 Reliqui
1266 2729 1410 2782 enim
1457 2728 1780 2796 interpretes
1807 2728 2036 2784 dicunt:

441 2821 580 2877 Fecit
607 2820 746 2876 Deus
784 2821 1028 2875 dracones
1056 2835 1269 2890 magnos
1295 2819 1394 2891 (a).
1441 2819 1560 2875 Non
1587 2821 1867 2885 dixerunt,
1900 2819 2038 2886 Cete,

431 2913 550 2979 sed,
583 2914 860 2968 Dracones.
889 2911 1028 2968 Nihil
1061 2912 1112 2966 itt
1144 2913 1276 2966 mari
1307 2911 1503 2966 factum
1531 2921 1616 2967 est
1641 2911 1783 2968 inter
1807 2913 2039 2968 viventia

435 3005 584 3073 prius
611 3020 773 3075 quant
804 3006 987 3061 draco.
1019 3002 1145 3060 Ideo
1174 3003 1250 3058 ait
1280 3002 1445 3058 David
1476 3021 1490 3058 :
1527 3021 1545 3053 ι
1583 3002 1820 3058 Laudate
1852 3003 2040 3058 Domi-

434 3115 559 3154 nutu
581 3096 650 3154 de
667 3106 828 3165 terra,
845 3097 1110 3154 dracones
1125 3106 1180 3152 et
1199 3111 1386 3152 omnes
1401 3096 1577 3168 abyssi
1601 3116 1619 3149 ι
1646 3094 1764 3170 (Ps.
1789 3097 1913 3153 148.
1945 3098 2036 3168 7);

433 3203 489 3248 ct
516 3193 643 3247 alibi
672 3210 685 3246 :
722 3211 741 3245 ι
769 3192 882 3248 [loc
916 3207 1065 3247 mare
1092 3207 1342 3262 maguum
1367 3202 1421 3246 et
1447 3193 1743 3261 spatiosum
1765 3234 1781 3258 ,
1812 3193 1920 3248 illic
1949 3208 2038 3247 re-

433 3283 582 3353 ptilia
607 3298 837 3354 quorum
867 3298 972 3338 non
998 3293 1081 3340 est
1102 3299 1356 3339 numerus
1380 3300 1393 3336 :
1422 3286 1674 3339 animalia
1703 3285 1894 3354 pusilla
1914 3301 2038 3340 cum

434 3377 639 3448 magnis
669 3394 683 3430 :
713 3377 822 3432 illic
846 3392 1009 3432 naves
1037 3377 1458 3445 pertransibunt.
1506 3376 1676 3429 Draco
1708 3376 1810 3431 iste
1830 3416 1845 3434 .
1874 3393 2034 3447 quem

427 3468 672 3524 formasti
721 3467 788 3523 ad
835 3467 1163 3523 illudettdum
1205 3467 1254 3522 ei
1283 3485 1303 3519 ι
1351 3472 1366 3534 (
1394 3465 1488 3520 Ps.
1522 3465 1653 3524 103.
1679 3467 1772 3522 25.
1799 3466 1871 3523 26
1893 3467 1935 3533 ).
1971 3469 2039 3524 Et

430 3559 559 3613 alibi
586 3568 643 3612 ut
669 3557 921 3614 oswndat
951 3574 1058 3612 non
1090 3573 1253 3612 unum
1273 3599 1286 3622 ,
1322 3557 1415 3611 sed
1447 3556 1646 3611 multos
1675 3557 1745 3612 ibi
1772 3557 2038 3615 dracones

427 3666 553 3708 esse
571 3694 587 3717 ,
615 3653 689 3706 ait
719 3667 734 3706 :
761 3649 844 3706 Tu
871 3651 1153 3706 contrivisti
1175 3652 1344 3720 capita
1367 3651 1646 3705 draconum
1675 3651 1728 3704 in
1753 3668 1885 3724 aqua
1915 3650 2034 3724 (Ps.

428 3744 527 3799 75.
551 3744 662 3814 1'5).
696 3741 841 3798 Fecit
867 3743 1026 3814 igitur
1054 3753 1160 3797 cete
1187 3742 1426 3813 grandia.
1457 3741 1524 3796 Et
1553 3743 1674 3796 vidit
1705 3741 1845 3799 Deus
1867 3784 1883 3807 ,
1915 3744 2038 3814 quia

427 3837 601 3890 omnia
629 3834 780 3889 bona.
810 3833 990 3906 Quare
1019 3833 1184 3892 dixit.
1228 3832 1422 3888 Bona?
1450 3834 1708 3903 numquid
1738 3834 1877 3890 bona
1911 3849 2036 3905 pro-

429 3937 551 3999 pter
581 3926 1020 3983 multitudinem?
1049 3926 1208 3995 Atqui
1239 3925 1456 3996 quando
1485 3926 1670 3980 stellas
1704 3926 1831 3980 fecit
1858 3935 1916 3981 et
1943 3939 2035 3979 so-

427 4029 536 4077 lem
565 4030 622 4077 et
651 4022 832 4075 lunam
857 4060 872 4085 ,
910 4019 1077 4074 multa
1121 4019 1248 4074 licet
1285 4027 1468 4074 essent
1499 4034 1623 4088 qua:
1653 4018 1790 4072 facta
1823 4018 2039 4074 fuerant

425 4113 590 4168 dicit:
627 4111 763 4167 Vidit
783 4111 925 4167 Deus
943 4113 1079 4182 quod
1093 4123 1219 4167 esset
1247 4111 1432 4166 bonum
1455 4110 1611 4183 (Gen.
1643 4112 1830 4182 1.10).
1859 4111 2038 4169 Multae

425 4213 555 4260 sunt
577 4205 774 4270 stellae,
796 4219 1089 4274 earumque
1121 4203 1286 4258 millia
1316 4205 1630 4260 innumera:
1652 4220 1828 4274 neque
1856 4212 2034 4262 tamen

426 4296 600 4351 dixit:
623 4294 766 4350 Vidit
789 4295 930 4351 Deus
952 4294 1097 4365 quod
1127 4293 1267 4350 bona
1289 4304 1472 4350 essent
1494 4311 1510 4361 ;
1543 4295 1638 4351 sed
1673 4295 1825 4363 Quod
1847 4298 2037 4352 bonum

426 4399 574 4444 esset.
599 4389 815 4457 Quare?
836 4387 968 4457 Quia
991 4389 1090 4445 etsi
1111 4389 1274 4444 multa
1301 4389 1611 4458 luminaria,
1634 4405 1704 4447 ex
1726 4406 1830 4446 una
1856 4401 2033 4448 tamen

423 4480 546 4535 luce
575 4489 721 4547 sunt,
754 4488 810 4535 et
833 4479 899 4535 ad
931 4484 1179 4536 eumdem
1211 4481 1393 4535 omnia
1421 4497 1576 4535 usum
1610 4499 1622 4534 :
1657 4497 1782 4537 nam
1811 4483 1878 4538 ad
1906 4484 2034 4539 illu-

424 4573 739 4628 minantium
777 4572 949 4641 posita
990 4583 1133 4627 sunt.
1168 4572 1266 4628 Hic
1291 4588 1423 4629 vero
1449 4573 1575 4644 quia
1615 4574 1805 4641 ingens
1829 4584 1914 4631 est
1942 4592 2036 4631 re-

423 4664 633 4733 ptilium
662 4663 962 4719 differentia
987 4705 1004 4730 ,
1031 4673 1085 4720 et
1112 4665 1428 4730 volatiliutn,
1463 4666 1874 4736 natatiliumque
1908 4667 2031 4739 (alia

422 4757 621 4827 quippe
648 4757 788 4812 ratio
812 4765 898 4812 est
928 4757 1253 4823 natatilium,
1272 4758 1374 4812 alia
1398 4758 1717 4825 volatilium,
1737 4760 1840 4813 alia
1869 4762 2034 4831 repti-

421 4849 599 4918 lium),
623 4858 676 4903 ot
699 4849 750 4902 itt
779 4848 1004 4919 singulis
1032 4849 1318 4918 generibus
1345 4849 1511 4902 multa
1532 4848 1853 4919 diversaque
1883 4862 2030 4919 sunt,

418 4942 584 4997 dicit:
625 4938 764 4994 Vidit
793 4939 933 4995 Deus
954 4940 1090 5008 quod
1116 4949 1278 4994 essent
1303 4939 1455 4993 bona.
1481 4940 1588 4996 Pro
1613 4944 1872 4995 varietate
1901 4956 2030 5012 ope-

414 5050 537 5088 rum
577 5033 693 5088 laus
733 5035 996 5104 sequitur.
1031 5032 1099 5087 Et
1126 5031 1379 5087 benedixit
1409 5050 1468 5088 ea
1494 5031 1634 5088 Deus
1660 5033 1832 5088 dicens
1855 5050 1876 5089 :
1902 5032 2029 5089 Cre-

415 5127 542 5179 scite
568 5135 615 5180 et
636 5125 1069 5194 multiplicamini,
1090 5134 1142 5179 et
1155 5126 1343 5196 replete
1365 5141 1551 5193 aquas,
1578 5133 1624 5179 et
1647 5125 1876 5180 volatilia
1899 5127 2018 5180 muL

418 5220 716 5289 tiplicentur
745 5215 897 5290 (Gen.
933 5219 984 5274 1.

490 5311 542 5364 3.
566 5310 604 5364 S
613 5309 742 5364 tellis
757 5325 848 5364 cur
869 5326 970 5362 non
989 5308 1296 5362 benedixerit
1317 5306 1469 5361 Deus.
1483 5339 1556 5349 -—
1575 5306 1686 5362 Cur
1705 5325 1825 5363 cum
1849 5311 2031 5367 stellas

417 5403 560 5463 fecit.
582 5416 686 5455 non
705 5401 1014 5457 benedixit?
1036 5415 1133 5454 cur
1147 5415 1268 5454 cum
1294 5401 1486 5455 herbas
1505 5410 1561 5455 et
1583 5400 1721 5472 ligna
1753 5402 1899 5468 fecit,
1925 5420 2029 5458 nmt

415 5493 851 5548 henedixitMlia
870 5491 1164 5560 benedixit,
1179 5495 1281 5548 alia
1299 5509 1401 5547 non
1417 5493 1706 5549 benedicit.
1723 5494 1852 5562 Quzr
1869 5511 2030 5551 causa

414 5585 627 5639 virtutis
644 5583 800 5653 hujus
817 5592 1075 5638 creaturae
1093 5584 1224 5638 fuit?
1250 5585 1499 5640 Attende.
1517 5587 1696 5640 Stella:
1716 5596 1845 5653 quot
1874 5586 2030 5641 factte

413 5687 541 5734 sunt
562 5677 631 5731 ab
657 5675 844 5744 inltio,
873 5685 953 5733 tot
980 5688 1240 5746 manent,
1271 5694 1336 5735 ac
1362 5695 1536 5750 neque
1564 5697 1791 5736 numero
1815 5723 1829 5747 ,
1855 5697 2030 5753 neque

414 5769 782 5842 magnitudine
821 5780 1043 5841 possunt
1079 5772 1307 5844 augeri;
1349 5788 1544 5843 nempe
1588 5787 1710 5828 cum
1747 5774 1799 5827 in
1831 5773 2027 5828 identi-

478 5903 554 5960 (ιι)
587 5910 700 5969 llaec
723 5903 1026 5969 reliquorum
1056 5914 1382 5969 interpretum
1421 5905 1568 5958 lectio
1607 5920 1702 5958 non
1743 5915 1937 5958 notatur
1978 5923 2031 5959 ut

420 5965 646 6029 hexaplis
671 5965 868 6018 nostris.

1898 488 2269 546 SEVERIANI

3659 532 3777 585 460

2162 612 2272 659 tate
2314 611 2520 661 natura:
2567 618 2935 672 permansura
2975 620 3192 680 essent,
3230 612 3607 672 benedictione
3652 633 3775 687 qua

2157 695 2302 764 ipsas
2322 695 2705 768 multiplicaret
2731 713 2838 756 non
2862 700 3111 772 egebant.
3142 703 3274 772 Quze
3299 720 3429 762 vero
3452 722 3521 762 ex
3546 724 3774 766 succes-

2155 786 2308 843 sione
2333 798 2621 859 augentur,
2653 804 2751 845 nec
2773 791 2877 847 alio
2907 801 3133 863 possunt
3161 799 3343 867 augeri
3371 798 3533 852 modo
3552 843 3572 867 ,
3599 800 3774 856 bene-

2154 876 2448 934 dictionem
2480 881 2790 937 necessario
2814 884 3172 954 accipiebant.
3204 885 3348 944 ldem
3377 906 3592 946 rursum
3621 891 3773 959 dico,

2156 979 2215 1024 ut
2237 971 2445 1027 dictum
2459 973 2638 1043 magis
2663 973 2910 1045 inligatur
2932 979 3117 1031 menti.
3141 977 3326 1050 Neque
3348 982 3517 1049 enim,
3551 983 3772 1048 fratres,

2157 1063 2359 1132 planta,
2382 1079 2503 1136 qua:
2525 1073 2728 1120 temere
2748 1075 2803 1121 et
2834 1067 3195 1136 perfunctorie
3224 1071 3278 1125 in
3307 1079 3466 1128 terra:
3498 1075 3771 1130 scissuras

2155 1154 2444 1225 inducitur,
2472 1156 2684 1212 ﬁrmam
2716 1156 2876 1213 habet
2904 1159 3124 1222 sedem;
3170 1162 3267 1217 sed
3303 1179 3424 1234 quae
3456 1163 3508 1219 in
3543 1166 3775 1235 profun-

2153 1245 2280 1301 dum
2312 1248 2432 1317 ejus
2459 1265 2586 1305 cum
2613 1249 2760 1305 omni
2789 1249 3066 1322 diligentia
3096 1253 3422 1310 immittitur.
3453 1255 3646 1312 Stella:
3673 1257 3775 1313 be-

2154 1338 2459 1396 nedictione
2483 1356 2619 1411 opus
2649 1357 2756 1398 non
2788 1341 3060 1398 habebant
3089 1361 3104 1399 :
3137 1359 3311 1414 neque
3336 1348 3478 1403 enim
3511 1348 3634 1404 hac
3667 1349 3777 1406 illis

2153 1431 2546 1503 multiplicandi
2577 1433 2684 1488 vim
2725 1434 3014 1490 tribuebat.
3042 1435 3290 1490 Volatilia
3320 1449 3501 1495 autem
3529 1449 3586 1495 et
3615 1451 3776 1496 nata-

2155 1525 2266 1579 tilia
2295 1533 2456 1594 atque
2493 1527 2657 1581 homo
2699 1526 2839 1582 hanc
2880 1528 3315 1586 benedictionem
3349 1531 3774 1601 desiderabant,

2152 1617 2515 1673 successionis
2533 1633 2715 1673 causa.
2741 1619 2919 1689 Atque
2941 1621 3031 1675 ubi
3060 1623 3218 1678 aliter
3245 1623 3627 1693 multiplicatio
3654 1626 3780 1685 ﬁeri

2153 1710 2358 1781 nequit,
2385 1710 2457 1764 ibi
2484 1709 2663 1766 locum
2692 1709 2855 1766 habet
2883 1712 3188 1769 benedictio
3212 1733 3226 1770 :
3257 1715 3344 1771 ubi
3373 1733 3571 1788 nempe
3600 1732 3780 1788 pauca

2150 1801 2601 1871 multiplicantur,
2634 1811 2690 1858 et
2723 1818 2886 1872 parva
2917 1813 3263 1875 augmentum
3292 1807 3602 1864 admittunt.
3635 1810 3778 1876 Quia

2151 1895 2310 1966 igitur
2332 1909 2548 1950 causam
2567 1895 2885 1966 agnovimus
2902 1910 3000 1952 cur
3020 1895 3138 1952 hcrc
3152 1897 3530 1955 benedictione
3551 1901 3777 1972 dignata

2150 1988 2366 2055 fuerint,
2386 2002 2566 2058 opera:
2594 1988 2822 2057 pretium
2852 1986 3013 2044 fuerit
3034 1988 3105 2044 ad
3131 1990 3266 2044 alias
3287 1991 3502 2046 demum
3528 1990 3780 2062 Scriptu-

2149 2095 2331 2136 rarum
2366 2080 2630 2138 dictiones
2680 2097 2779 2136 nos
2817 2081 3086 2137 conferre.
3116 2081 3336 2139 Crescite
3359 2124 3376 2151 ,
3404 2086 3526 2154 quia
3560 2101 3733 2155 parva
3763 2104 3783 2152 ι

2151 2170 2577 2244 Multiplicemini
2599 2213 2616 2240 ,
2648 2173 2772 2243 quia
2804 2188 2972 2244 pauca
3000 2189 3015 2240 ;
3048 2173 3074 2228 1
3085 2175 3272 2244 mplete
3313 2191 3473 2246 aquas
3497 2217 3512 2242 ,
3548 2172 3680 2247 quia
3726 2179 3780 2233 in

2148 2277 2322 2336 parte.
2353 2265 2586 2323 Necesse
2611 2277 2920 2335 autemest,
2954 2277 3014 2324 ut
3036 2269 3144 2323 alio
3163 2279 3407 2339 tempore
3431 2287 3776 2340 quaeramus,

2147 2372 2245 2412 cur
2271 2358 2449 2428 pisces
2485 2369 2540 2414 et
2569 2357 2806 2415 volatilia
2846 2370 2902 2414 et
2931 2359 3205 2416 hominem
3235 2361 3518 2417 dumtaxat
3548 2364 3780 2419 benedi-

2147 2447 2327 2503 ctione
2349 2448 2601 2519 dignatus
2623 2449 2726 2515 sit;
2749 2451 2962 2507 caneris
2982 2467 3112 2508 vero
3133 2466 3240 2506 non
3269 2468 3389 2508 eam
3417 2453 3775 2525 impertierit.

2147 2538 2366 2594 Interim
2392 2548 2572 2594 autem
2598 2580 2615 2604 ,
2648 2549 2706 2594 ut
2736 2540 2962 2610 polliciti
2991 2556 3178 2598 sumus
3197 2585 3212 2609 ,
3246 2545 3405 2599 seriei
3438 2545 3775 2603 hmreatnus.

2147 2629 2217 2687 Et
2238 2630 2368 2685 dixit
2392 2630 2533 2686 Deus
2561 2647 2579 2686 :
2608 2631 2809 2686 Educet
2843 2643 2976 2687 terra
3001 2635 3226 2688 animam
3253 2636 3495 2690 viventem
3525 2637 3690 2706 (Gen.
3723 2641 3772 2694 l.

2146 2721 2260 2791 21).
2277 2722 2498 2778 Terram
2523 2723 2665 2779 Deus
2685 2724 2882 2796 duplici
2899 2725 3064 2782 allicit
3077 2725 3305 2783 honore.
3324 2729 3503 2785 Primo
3519 2732 3671 2787 enim
3688 2732 3779 2787 illa

2149 2814 2354 2869 semina
2384 2816 2553 2886 gignit
2579 2825 2634 2871 et
2663 2817 2892 2886 plantas,
2924 2826 2980 2872 et
3009 2827 3191 2887 postea
3219 2821 3502 2887 animalia;
3529 2839 3636 2878 nec
3660 2826 3778 2883 sine

2147 2921 2331 2973 causa,
2361 2907 2457 2962 sed
2485 2908 2609 2978 quia
2633 2907 2873 2963 hominis
2900 2909 3231 2965 domicilium
3268 2910 3446 2967 futura
3477 2925 3596 2969 erat
3631 2932 3648 2970 :
3683 2932 3776 2973 ne-

2147 3014 2254 3070 que
2281 2999 2334 3054 id
2368 3008 2573 3055 tantum
2598 3017 2611 3065 ;
2635 2999 2730 3056 sed
2756 3001 2878 3071 quia
2903 3015 2970 3055 ex
3000 3000 3089 3055 illa
3116 3002 3230 3071 ipsa
3258 3001 3423 3060 homo
3447 3004 3774 3062 alimentum

2145 3105 2468 3164 accepturus
2492 3103 2608 3150 erat
2633 3137 2648 3163 ,
2681 3095 2824 3150 illam
2859 3103 2916 3149 ut
2939 3095 3203 3150 nutricem
3234 3105 3290 3150 et
3320 3107 3552 3153 matrem
3587 3102 3774 3171 magni

2147 3189 2310 3256 hujus
2339 3189 2591 3245 animalis
2620 3231 2636 3256 ,
2679 3188 2892 3244 honore
2921 3187 3109 3243 allicit.
3143 3188 3240 3244 Hic
3271 3189 3393 3245 vide
3421 3207 3528 3261 qua
3561 3193 3777 3247 ordinis

2145 3281 2286 3336 serie
2307 3282 2377 3336 sit
2397 3296 2544 3335 usus.
2577 3281 2758 3337 Primo
2783 3281 3038 3336 alimenta
3067 3291 3219 3351 parat
3244 3298 3258 3345 ;
3293 3283 3534 3338 secundo
3564 3285 3776 3341 inducit

2145 3387 2207 3427 ea
2249 3388 2369 3442 qua:
2409 3372 2678 3427 alimentis
2721 3371 3001 3438 fruantur,
3044 3381 3105 3427 ut
3145 3389 3272 3442 erga
3303 3374 3583 3430 hominem
3619 3376 3772 3432 fecit.

2145 3463 2327 3518 Primo
2344 3462 2563 3518 domum
2587 3461 2830 3533 perfecit,
2863 3472 2918 3518 et
2938 3463 3016 3518 sic
3044 3465 3487 3533 patremfamilias
3515 3468 3771 3524 introdu-

2144 3557 2240 3611 xit.
2270 3555 2466 3611 Educet
2487 3566 2624 3612 terra
2642 3556 2868 3610 animam
2888 3555 3149 3610 viventem.
3189 3555 3427 3612 lnanima
3454 3566 3600 3614 terra
3630 3577 3772 3632 quo-

2143 3647 2305 3703 modo
2347 3649 2516 3718 gignit
2543 3648 2779 3702 animam
2813 3646 3124 3701 viventem?
3154 3646 3296 3702 unde
3324 3649 3524 3718 prodiit
3555 3649 3645 3706 leo
3679 3668 3772 3706 ru-

2142 3743 2316 3813 giens,
2344 3751 2438 3797 aut
2462 3757 2632 3812 equus
2657 3755 2900 3808 currens,
2929 3751 3020 3795 aut
3047 3741 3144 3796 bos
3175 3740 3498 3810 laboriosus,
3526 3754 3625 3798 aut
3651 3760 3772 3800 sar-

2141 3837 2280 3891 cinis
2303 3843 2461 3905 aptus
2489 3835 2710 3889 asinus?
2733 3831 2876 3888 unde
2896 3833 3210 3886 animalium
3235 3833 3556 3891 differentia:
3573 3838 3598 3890 l
3627 3839 3770 3894 unde

2142 3942 2208 3982 ex
2235 3927 2469 3982 inanima
2499 3934 2578 3981 tot
2601 3924 2840 3980 animae?
2866 3923 2978 3980 Nec
3004 3925 3168 3995 pudet
3194 3925 3480 3982 ltarreticos
3500 3927 3597 3998 (a).
3624 3932 3770 3999 quod

2144 4018 2378 4073 inanima
2397 4026 2538 4073 terra
2561 4033 2719 4088 quam
2739 4033 2845 4071 non
2863 4015 3271 4072 habetanimam
3297 4016 3570 4085 proferat;
3594 4020 3775 4077 Deum

2142 4125 2274 4166 vero
2296 4110 2342 4165 si
2368 4111 2620 4182 genuisse
2643 4110 2866 4166 audiant
2891 4125 2959 4166 ex
2991 4109 3204 4179 propria
3229 4109 3550 4176 substantia,
3579 4115 3767 4169 statim

2141 4206 2546 4262 ratiociniorum
2570 4205 2734 4260 tricas
2759 4211 3049 4268 moveant,
3070 4211 3127 4258 et
3147 4202 3379 4258 inferant
3406 4216 3420 4254 :
3449 4203 3600 4275 Ergo
3630 4207 3770 4263 divi-

2143 4312 2236 4353 sus
2267 4306 2350 4353 est
2376 4339 2391 4363 ,
2435 4311 2565 4368 ergo
2607 4296 2908 4361 dissectus,
2936 4310 3070 4366 ergo
3097 4309 3288 4363 passus
3316 4304 3435 4363 est,
3477 4305 3535 4351 et
3566 4298 3773 4353 similia

2131 4406 2267 4460 “qua:
2293 4390 2474 4446 dicere
2503 4388 2700 4444 solent.
2732 4387 2915 4457 Neque
2942 4386 3087 4441 enim
3116 4386 3398 4455 praesentis
3427 4396 3516 4443 est
3548 4397 3770 4460 tempo-

2143 4485 2218 4537 ris
2248 4481 2427 4537 omnia
2459 4495 2580 4551 quae
2609 4489 2797 4535 contra
2829 4478 3169 4549 Unigenitum
3196 4520 3211 4545 ,
3245 4479 3353 4532 imo
3383 4490 3577 4535 contra
3611 4497 3767 4537 suam

2142 4574 2370 4631 salutem
2423 4573 2645 4642 dicunt,
2678 4571 2979 4627 confutare.
3015 4571 3156 4625 Deus
3185 4570 3330 4625 enim
3363 4585 3464 4626 nec
3493 4572 3539 4626 si
3575 4572 3766 4628 laude-

2144 4675 2246 4732 tur,
2272 4665 2469 4735 aliquid
2493 4666 2624 4721 lucri
2654 4664 2900 4734 percipit,
2929 4679 3029 4720 nec
3057 4665 3099 4718 si
3125 4662 3422 4718 maledictis
3445 4666 3765 4734 impetalur,

2140 4757 2341 4829 aliquid
2363 4757 2546 4812 damni
2577 4775 2588 4811 :
2619 4757 2720 4812 nisi
2755 4757 2981 4812 fortasse
3010 4756 3230 4820 dixeris,
3260 4755 3486 4811 salutem
3515 4769 3766 4813 nostram

2140 4848 2348 4905 lucrum
2381 4865 2505 4906 esse
2538 4848 2653 4905 Dei.
2689 4847 2807 4918 ipse
2835 4862 3068 4918 namque
3092 4847 3282 4917 plenus
3307 4857 3391 4902 est
3409 4849 3561 4904 omni
3591 4851 3761 4915 bono,

2141 4943 2392 5013 nullaque
2424 4958 2482 4998 re
2509 4951 2632 5013 eget
2652 4957 2668 4998 :
2692 4939 2783 5013 qui
2811 4956 3002 4995 omnes
3028 4939 3184 5006 ditet,
3215 4940 3469 5012 nulloque
3496 4957 3639 5013 opus
3671 4944 3766 5000 ha-

2140 5036 2281 5092 beat.
2317 5036 2608 5092 Enimvero
2637 5036 2758 5105 quis
2783 5033 2993 5089 dederit
3011 5033 3281 5104 quidpiam
3306 5033 3377 5096 ei,
3401 5034 3495 5104 qui
3515 5037 3766 5095 omnium

2140 5138 2224 5184 est
2252 5128 2372 5184 fons
2401 5127 2665 5183 bonorum
2692 5168 2708 5193 ,
2739 5141 2807 5181 ex
2837 5126 2991 5195 cujus
3020 5125 3177 5179 unius
3213 5123 3546 5196 benignitate
3577 5129 3761 5183 omnia

2141 5221 2454 5295 pendeant?
2499 5218 2963 5287 Quemadmodum
3013 5217 3091 5271 ait
3140 5215 3350 5271 David:
3384 5215 3577 5274 Omnia
3616 5220 3688 5272 ad
3715 5231 3763 5275 te

2137 5324 2451 5388 exspectant,
2485 5315 2664 5385 Aperis
2685 5323 2740 5366 tu
2765 5328 2976 5366 manum
3003 5322 3164 5376 tuam,
3196 5318 3244 5364 et
3270 5309 3449 5379 imples
3473 5327 3628 5366 omne
3649 5314 3762 5367 ani—

2138 5412 2242 5464 mal
2269 5409 2609 5464 benedictione
2639 5404 2768 5476 (Ps.
2795 5405 2917 5460 105.
2941 5403 3032 5458 27.
3066 5414 3110 5458 et
3137 5403 3261 5457 114.
3287 5403 3414 5474 16).
3453 5404 3562 5460 Sed
3595 5421 3756 5477 quem

2137 5503 2375 5575 aggressi
2414 5516 2600 5556 sumus
2643 5512 2952 5554 sermonem
2999 5496 3064 5550 ad
3109 5495 3269 5550 finem
3314 5495 3598 5552 ducamus.
3644 5498 3758 5554 Hoc

2137 5596 2281 5652 enim
2313 5606 2366 5649 et
2396 5593 2553 5648 nobis
2579 5602 2792 5664 gratum
2821 5599 2905 5645 est
2926 5631 2940 5654 ,
2974 5597 3029 5644 et
3055 5587 3189 5644 ordo
3217 5587 3475 5658 postulat.
3520 5589 3578 5644 Id
3613 5591 3757 5658 quod

2137 5703 2249 5742 non
2278 5686 2439 5740 habet
2468 5695 2608 5738 terra
2643 5682 2862 5752 profert,
2888 5679 3130 5750 jubentis
3160 5679 3386 5748 imperio
3410 5679 3753 5749 obsequens;

2135 5788 2191 5835 et
2219 5778 2270 5833 id
2308 5775 2452 5846 quod
2478 5774 2639 5829 habet
2664 5771 2847 5827 divina
2877 5781 2930 5826 et
2971 5772 3282 5825 intemerata
3315 5780 3504 5824 natura
3536 5787 3642 5825 non
3675 5771 3753 5840 gi-

2134 5870 2290 5944 gnit?
2319 5869 2515 5925 Verum
2549 5882 2617 5921 ne
2656 5865 2778 5934 quis
2822 5878 3032 5918 rursum
3067 5877 3250 5918 vocent
3283 5860 3485 5918 habere
3515 5860 3752 5919 humano

2203 5965 2278 6028 (ll)
2314 5963 2519 6012 Arianos
2543 5957 2792 6020 intelligit.
