3984 6440
464 562 642 633 πέρας
678 557 997 628 ἀγάγωμεν.
1045 553 1219 610 Τοῦτο
1248 554 1358 632 γάρ
1390 551 1487 608 καὶ
1516 551 1649 624 ήμτν
1677 547 1832 621 φίλον
1865 547 1963 602 καὶ
1993 549 2060 633 τῃ

461 631 614 712 τάξει
657 644 1023 713 καθέστηκεν.
1069 641 1136 694 '0
1174 642 1274 694 οὑκ
1318 631 1431 712 ἔχει
1466 640 1498 709 ή
1540 636 1612 707 γῆ
1657 633 1955 706 προφέρει,
1985 631 2067 700 τῷ

463 728 852 802 προστάγματι
881 724 1180 795 πειθομένη
1205 741 1221 755 ο
1254 723 1282 776 ὃ
1311 723 1425 794 ἔχει
1459 723 1494 794 ή
1525 719 1646 774 θεία
1679 718 1775 772 καὶ
1797 716 2068 802 ἄχραντος

461 799 566 868 οὑκ
610 811 887 880 ἀπογεννᾷ
938 807 1134 876 φύσις;
1189 806 1352 860 Ἀλλά
1399 803 1564 859 πάλιν
1615 803 1690 873 μή
1724 817 1810 871 τις
1836 799 1897 853 τὸ
1920 799 2066 872 ἔχειν

461 893 952 967 ἀνθρωπινώτερον
972 891 1298 963 λαμϐανέτω
1334 889 1543 958 λέγων·
1601 887 1768 959 Ὁρᾷς
1807 883 1925 948 πῶς
1969 883 2065 938 καὶ

461 978 627 1041 αὑτὸς
669 977 697 1030 0'
741 975 1066 1039 διδάσκαλος
1112 975 1282 1028 ἔδωκε
1321 970 1756 1046 προγενέστερον
1797 968 2065 1040 ὑπάρχειν

460 1063 557 1117 τοῦ
593 1062 727 1115 Υίοῦ
754 1061 849 1114 τὸν
879 1061 1133 1131 Πατέρα;
1171 1057 1307 1112 ἀλλά
1339 1056 1539 1128 μᾶλλον
1571 1052 1905 1124 συγγνώμην
1931 1050 2066 1105 ἀπό-

460 1163 646 1216 νειμαι
669 1143 748 1214 τῷ
788 1142 950 1213 λόγῳ,
979 1141 1291 1213 ἀνθρώποις
1323 1137 1443 1193 οὖσι
1473 1140 1570 1193 καὶ
1604 1138 1839 1209 πηλίνην
1865 1153 2065 1207 κεκτη-

464 1228 650 1300 μένοις
690 1227 976 1296 γλῶσσαν,
1021 1225 1116 1277 καὶ
1156 1225 1294 1294 πρὸς
1339 1221 1664 1294 ἀνθρώπους
1719 1218 2065 1291 ποιουμένοις

458 1311 618 1382 λόγον
670 1314 801 1382 περὶ
841 1311 996 1374 θείας
1040 1308 1137 1362 καὶ
1193 1307 1371 1362 πάντα
1408 1307 1568 1376 λόγον
1620 1301 2064 1376 ὑπερδαινούσης

459 1395 695 1465 φύσεως.
726 1394 1039 1464 ΙἌνθρωποι
1078 1391 1188 1462 γάρ
1227 1391 1402 1454 ὄντες,
1449 1389 1524 1452 ώς
1564 1387 1845 1460 ἄνθρωποι
1879 1385 2062 1440 λαλεῖν

456 1479 841 1551 ἐδιδάχθημεν.
879 1477 972 1549 Μὴ
1003 1475 1114 1546 γάρ
1155 1475 1335 1528 ίσασιν
1361 1475 1410 1527 οί
1432 1472 1628 1538 ἀθλιοι,
1660 1472 1741 1526 ὅτι
1771 1472 1901 1542 περὶ
1927 1467 2061 1523 Θεοῦ

454 1563 827 1633 διαλέγονται,
873 1560 1248 1634 προφέροντες
1292 1557 1486 1627 λόγους
1524 1557 1652 1620 τοὺς
1693 1555 1787 1609 ἐπὶ
1819 1553 1955 1608 Θεοῦ
1986 1553 2062 1625 μὴ

457 1647 801 1718 ἁρμόζοντας
839 1643 1115 1713 λέγεσθαι.
1152 1640 1262 1697 Καὶ
1298 1643 1402 1713 δρα
1445 1637 1805 1710 κακουργίαν.
1834 1636 1966 1691 Ὅτε
1995 1635 2065 1690 τά

459 1729 752 1802 ζητήματα
795 1729 1209 1799 προτείνουσιν,
1256 1724 1367 1779 ἀπὸ
1418 1721 1533 1778 τῶν
1564 1721 1926 1802 ἀνθρωπίνων
1971 1718 2062 1772 λο-

457 1801 676 1883 γισμῶν
707 1811 996 1867 λαλοῦσιψ
1039 1805 1182 1863 οἷον·
1231 1809 1368 1872 Πάν,
1421 1807 1577 1878 φησὶ,
1627 1806 1689 1859 τὸ
1721 1801 2064 1875 γεννώμενον

456 1897 636 1967 ἀρχὴν
671 1896 784 1967 ἔχει
816 1895 912 1948 τοῦ
946 1890 1108 1947 εἴναι.
1145 1892 1255 1945 Καὶ
1300 1890 1504 1956 πόθεν;
1539 1888 1711 1943 Τοῦτο
1743 1887 1947 1952 εὑθέως
1974 1886 2062 1941 λέ-

459 1995 619 2048 γουσι
645 1995 658 2008 ·
693 1981 766 2033 Σὺ
795 1977 1077 2049 γεννηθεὶς
1101 1976 1203 2029 οὑκ
1243 1975 1422 2047 ἀρχὴν
1450 1972 1643 2044 ἔσχεςς
1674 1972 1704 2024 0
1734 1972 1916 2043 πατήρ
1943 1987 2060 2036 σου,

459 2066 490 2117 0
520 2063 745 2126 πάππος
769 2080 897 2126 σου;
945 2061 1071 2114 Ἐὰν
1096 2059 1463 2130 παραστήσῃς
1490 2055 1640 2127 αὑτῷ
1667 2055 1726 2120 ἐξ
1752 2054 1934 2110 αὑτῶν
1954 2055 2064 2108 τῶν

460 2146 738 2219 λογισμῶν
763 2144 1024 2216 λογισμὸν
1049 2143 1239 2213 ἕτερον
1263 2139 1515 2194 διαλῦσαι
1541 2137 1707 2193 αὑτοῦ
1727 2138 1826 2212 τὴν
1867 2137 2064 2211 μανίαν

457 2231 784 2301 δυνάμενον,
823 2227 988 2292 εὑθὺς
1030 2225 1344 2296 σοφίζεται·
1401 2222 1538 2295 Περὶ
1582 2220 1718 2275 Θεοῦ
1760 2221 1937 2290 λόγος,
1970 2222 2066 2276 καὶ

458 2313 842 2386 ἀνθρωπίνους
887 2327 979 2383 μοι
1025 2307 1324 2378 λογισμοὺς
1381 2304 1776 2377 παρεισάγεις;
1823 2305 1918 2359 καὶ
1966 2303 2066 2377 τὴν

461 2397 564 2467 μὲν
597 2397 753 2467 ῥίζαν
788 2394 898 2448 τῶν
943 2393 1130 2447 κακῶν
1158 2391 1268 2446 ἀπὸ
1313 2389 1511 2444 κοινῶν
1547 2389 1884 2461 προφέρουσι
1915 2388 2065 2458 λογι-

461 2479 618 2550 σμῶν
637 2495 651 2510 ο
691 2479 791 2550 τὴν
819 2477 877 2531 δὲ
924 2476 1169 2530 διάλυσιν
1208 2474 1319 2528 τῶν
1342 2472 1533 2527 κακῶν
1559 2472 1620 2526 οὑ
1648 2472 1930 2544 βούλονται
1955 2473 2064 2528 ἀπὸ

458 2563 570 2618 τῶν
590 2562 771 2617 αὐτῶν
800 2560 1053 2635 δέχεσθαι
1079 2557 1378 2630 λογισμῶν.

528 2721 592 2776 δ’.
619 2720 784 2789 Λέγει
803 2719 1086 2784 πολλάκις·
1105 2717 1342 2773 Δύναταί
1363 2735 1448 2782 τις
1464 2717 1605 2773 εἶναι
1624 2715 1722 2772 καὶ
1736 2714 2028 2786 γεννᾶσθαι
2046 2732 2063 2784 ;

470 2802 599 2856 Ἐάν
628 2798 742 2867 οὖν,
765 2803 928 2868 δείξω
961 2803 1062 2873 τήν
1095 2803 1320 2873 Γραφήν
1345 2802 1429 2855 ὅτι
1455 2801 1558 2855 οὑκ
1602 2801 1696 2854 ἐπὶ
1713 2797 1849 2854 Θεοῦ
1883 2799 2063 2871 μόνον,

459 2886 599 2940 ἀλλά
639 2887 735 2939 καὶ
785 2887 880 2938 ἐπὶ
926 2885 1233 2956 ἀνθρώπων
1280 2887 1545 2956 είσήγαγε
1597 2883 1659 2937 τὸ
1707 2884 1982 2949 τοιοῦτον,
2013 2885 2067 2936 τί

460 2974 667 3036 ποιείς;
705 2971 844 3033 Τοὺς
876 2968 972 3022 τοῦ
1016 2968 1290 3040 μακαρίου
1338 2967 1596 3040 ’Δδραάμ
1629 2968 1828 3031 παῖδας
1856 2969 1953 3038 οὑχ
1989 2969 2068 3033 ώς

461 3055 541 3127 μὴ
565 3055 723 3118 δντας
748 3055 781 3124 ὴ
818 3051 1012 3124 Γραφὴ
1052 3052 1200 3120 λέγει
1245 3051 1581 3120 γεννᾶσθαι,
1615 3050 1730 3105 ἀλλ’
1761 3050 1839 3116 ὼς
1871 3051 2069 3123 προόν-

457 3156 580 3205 τας.
615 3140 673 3192 '0
704 3140 813 3210 γὰρ
853 3135 1106 3208 Ἀϐραὰμ
1148 3135 1411 3207 ἐγέννησε
1437 3136 1529 3190 τὸν
1567 3135 1786 3190 Ἰσαάκ·
1813 3136 1843 3189 0
1879 3134 2066 3190 Ίσαάκ

459 3223 721 3294 ἐγέννησε
773 3221 867 3276 τὸν
921 3219 1118 3274 Ἰακώὸ
1139 3237 1152 3251 ’
1199 3219 1397 3274 Ἰακὼϐ
1427 3219 1520 3274 τὸν
1550 3220 1701 3286 Λευὶ,
1733 3218 1795 3286 ἐξ
1835 3213 1896 3274 οὗ
1930 3220 1964 3290 ὴ
1995 3219 2068 3272 ἱε-

461 3307 663 3380 ρατικὴ
685 3305 848 3378 φυλή.
877 3303 1100 3376 Ἐπειδὴ
1137 3305 1316 3358 τοίνυν
1348 3303 1428 3376 τῷ
1456 3303 1795 3375 Μελχισεδὲκ
1826 3304 2069 3377 ἀπήντη-

461 3408 555 3446 σεν
587 3387 739 3456 οὗτος
761 3431 776 3456 ,
807 3389 952 3458 λέγω
994 3390 1058 3461 δὴ
1110 3389 1402 3461 Ἀϐραὰμ,
1441 3387 1653 3452 Παῦλος
1699 3391 1728 3442 0
1766 3387 2065 3453 ἀπόστολος

458 3474 780 3548 ἑρμηνεύων
829 3472 929 3544 τὴν
977 3473 1109 3526 ποτέ
1144 3473 1385 3544 ἱστορίαν
1428 3473 1508 3536 είς
1551 3471 1830 3541 θεολογίαν
1867 3471 2063 3542 λέγει’

459 3558 820 3626 Συνήντησε
875 3556 944 3610 δὲ
993 3559 1027 3610 ὀ
1079 3555 1460 3623 Μελχισεδὲκ
1505 3553 1588 3621 τῷ
1643 3557 1889 3626 Ἀϐραὰμ
1919 3596 1934 3623 ,
1964 3555 2067 3611 καὶ

457 3644 808 3712 ηὑλόγησεν
859 3641 1067 3694 αὐτόν.
1122 3641 1232 3692 Καὶ
1283 3640 1479 3708 ἐπάγει
1529 3639 1734 3703 εὐθέως
1767 3656 1782 3670 ο
1814 3640 1926 3694 Καὶ
1983 3641 2065 3707 ὡς

456 3726 604 3791 ἔπος
631 3721 1014 3793 dash-[470],
1043 3723 1117 3774 δι’
1147 3721 1406 3790 Ἀϐραὰμ
1431 3720 1531 3774 καὶ
1563 3723 1706 3776 Λευὶ
1742 3725 1776 3777 ὀ
1807 3722 2065 3788 δεκάτας

457 3807 783 3878 λαμϐάνων
812 3804 1203 3859 δεδεκάτωται
1223 3821 1237 3833 ·
1283 3805 1371 3858 ἔτι
1405 3803 1517 3875 γὰρ
1536 3803 1608 3858 ἐν
1635 3803 1709 3874 τῇ
1751 3805 1942 3874 ὀσφύῖ
1956 3806 2061 3862 τοῦ

458 3892 684 3962 ,πατρὸς
713 3886 794 3961 ἦν
837 3889 1106 3959 Ἀϐραάμ.
1136 3890 1247 3943 Καὶ
1273 3891 1301 3942 0
1329 3889 1525 3960 θνητὸς
1559 3889 1689 3961 πρὶν
1737 3891 2061 3962 γεννηθῆναι

457 3972 545 4048 ἦν.
587 3973 809 4047 Ἐπειδὴ
831 3974 968 4037 ὅλως
1001 3975 1034 4044 ή
1072 3973 1200 4044 ῥίζα
1243 3973 1364 4044 ἔζη,
1394 3972 1487 4026 τὸν
1533 3973 1749 4044 καρπὸν
1780 3974 1919 4046 μετά
1962 3975 2062 4045 τῆς

459 4058 644 4130 ζώσης
672 4057 830 4131 ῥίζης
854 4059 1171 4126 εἰσήγαγεν.
1203 4055 1473 4110 Ἐνταῦθα
1506 4056 1735 4122 δέ,ὅπου
1774 4061 1837 4112 οὑ
1867 4056 2059 4125 πάθος,

459 4145 523 4198 οὑ
577 4142 829 4213 διαδοχῆς
868 4141 1091 4212 τρόπος,
1125 4141 1186 4193 ού
1237 4142 1503 4210 κυοφορία
1524 4179 1540 4203 ,
1572 4141 1674 4194 οὑκ
1701 4141 2061 4212 ἀνθρωπίνων

462 4227 652 4283 παθῶν
675 4225 988 4290 ἀκολουθία,
1022 4226 1085 4278 οὑ
1116 4223 1261 4276 θέλει
1295 4225 1471 4278 εἰπεῖν
1499 4224 1632 4279 ὅντα
1669 4226 1728 4292 ἐξ
1757 4225 1909 4290 ὄντος
1937 4242 2062 4289 γεν-

458 4313 711 4383 νηθέντα,
741 4312 970 4381 μένοντα
999 4309 1056 4362 δὲ
1092 4308 1296 4371 ἀϊδίως.
1342 4307 1482 4361 Ἀλλ’
1509 4310 1557 4362 εί
1587 4309 1873 4380 ἐγεννήθη,
1902 4310 2056 4382 φησὶ,

459 4396 579 4458 πῶς
610 4396 697 4449 ἀεὶ
727 4390 795 4466 ῆν
828 4411 841 4459 ;
869 4395 986 4455 Πᾶς
1006 4392 1115 4463 γάρ
1138 4393 1166 4443 0
1196 4389 1538 4460 γεννώμενος
1565 4392 1742 4464 ἀρχὴν
1767 4392 2054 4465 λαμδάνιι.

458 4480 534 4534 Τὸ
561 4479 731 4550 δνομα
762 4476 859 4532 τοῦ
889 4476 1096 4548 πατρὸς
1131 4476 1260 4544 παρ’
1292 4473 1454 4543 ήμῶν
1479 4474 1569 4528 διά
1597 4474 1810 4528 πολλῶν
1840 4477 2057 4546 ἔρχεται

457 4564 747 4637 περιόδων.
791 4555 951 4617 Οἷον·
997 4560 1203 4615 ὑπόθου
1239 4563 1520 4615 νεανίσκον
1554 4558 1926 4631 ἐπιθυμοῦντα
1956 4561 2059 4631 γά-

457 4667 585 4722 μου.
631 4647 855 4720 Πρῶτον
909 4647 1119 4716 γίνεται
1156 4646 1442 4717 μνηστήρ,
1492 4639 1614 4698 εἶτα
1651 4643 1904 4714 νυμφίος,
1938 4640 2058 4700 εἶτα

455 4735 596 4805 ἀνήρ
613 4751 628 4764 ·
656 4732 759 4786 κᾶν
781 4732 940 4801 τέκῃ,
975 4730 1096 4782 τότε
1119 4728 1338 4797 λέγεται
1359 4729 1546 4800 πατήρ
1567 4745 1580 4759 ο
1615 4726 1718 4782 κᾶν
1753 4729 1828 4800 μὴ
1853 4727 1912 4782 τὸ
1935 4745 2057 4798 γεν-

454 4818 700 4888 νώμενον
733 4815 956 4883 αύτῷτὸ
985 4814 1158 4883 δνομα
1206 4813 1523 4885 χαρίσηται,
1559 4812 1731 4884 μυρία
1776 4811 1872 4883 ἔτη
1918 4813 2055 4884 μετά

454 4902 555 4972 τῆς
581 4898 838 4969 γυναικὸς
860 4897 955 4952 ἐάν
979 4897 1204 4970 ποιήσῃ,
1238 4899 1298 4950 οὑ
1324 4897 1570 4952 καλεῖται
1599 4899 1805 4969 πατήρ.
1823 4899 2056 4969 Ὁμοίως

456 4986 488 5055 ἡ
515 4985 720 5054 μήτηρ,
742 4982 957 5054 πρῶτον
985 4981 1274 5052 παρθένος,
1297 4975 1416 5035 εἶτα
1447 4981 1682 5053 μνηστὴ,
1701 4977 1819 5035 εἶτα
1843 4984 2051 5053 νύμφη,

456 5063 574 5118 εἷτα
602 5068 774 5137 γυνή·
809 5068 1106 5137 κυοφορεῖ,
1135 5064 1396 5134 βαστάζει
1438 5064 1530 5118 τὸν
1567 5065 1781 5137 καρπόν
1802 5081 1814 5096 '
1851 5064 1955 5119 κᾶν
1979 5067 2053 5136 μὴ

453 5149 595 5202 οὕτω
646 5149 905 5220 προέλθῃ,
955 5151 1139 5220 μήτηρ
1187 5150 1249 5202 οὑ
1301 5149 1540 5218 λέγεται.
1577 5149 1696 5204 Κᾶν
1741 5149 2053 5222 βαστάσῃή

455 5233 581 5304 ῥίζα
611 5235 703 5284 τὸν
736 5233 968 5302 καρπὸν,
995 5233 1091 5284 ἐάν
1125 5235 1200 5303 μὴ
1224 5232 1504 5304 προελθὼν
1533 5235 1561 5285 0
1599 5235 1726 5297 παῖς
1761 5234 2052 5306 χαρίσηται

453 5317 591 5386 αὑτῇ
628 5315 861 5386 ἀμοιϐὴν
898 5314 1006 5366 τῶν
1042 5316 1220 5368 πόνων
1275 5318 1376 5386 τὴν
1414 5317 1820 5389 προσηγορίαν,
1857 5319 1916 5370 οὑ
1967 5318 2055 5371 λέ-

452 5416 608 5466 γεται
646 5401 850 5470 μήτηρ.
881 5399 988 5451 Καὶ
1021 5398 1180 5451 τοῦτο
1209 5399 1467 5468 ἐποίησεν
1516 5401 1594 5463 ώς
1643 5400 1808 5470 σοφὸς
1838 5402 1866 5453 0
1897 5402 2050 5466 Θεὸς,

453 5484 538 5535 ἵνα
571 5483 646 5553 μὴ
677 5486 723 5535 οἱ
756 5483 991 5550 πατέρες
1019 5481 1159 5534 κατὰ
1196 5482 1306 5535 τῶν
1353 5483 1561 5536 παίδων
1593 5485 1940 5554 καυχῶνται·
1965 5487 2051 5539 ἵνα

452 5567 528 5637 μή
550 5566 684 5638 λέγῃ
705 5569 734 5620 0
766 5567 947 5637 πατὴρ
979 5565 1055 5636 τῷ
1081 5566 1250 5630 παιδὶ,
1299 5566 1441 5634 Ἐγώ
1469 5584 1550 5620 σοι
1573 5567 1634 5620 τὸ
1669 5567 1770 5638 ζῇν
1789 5570 2050 5641 ἐχαρισά-

452 5667 595 5722 μην·
629 5651 694 5703 δι⁸
727 5651 828 5721 ἐμὲ
867 5651 1160 5720 ἐγεννήθης
1194 5667 1206 5680 ·
1255 5650 1322 5702 δι’
1358 5649 1493 5720 ἐμοῦ
1525 5653 1605 5713 είς
1637 5651 1698 5704 τὸ
1731 5648 1871 5706 εἶναι
1906 5672 2049 5725 παρ-

447 5734 644 5805 ήχθης⁹
677 5735 789 5788 ἀλλ’
815 5736 902 5789 ἴνα
929 5736 1032 5789 κάν
1064 5736 1194 5807 εἴπῃ
1213 5735 1407 5800 ταῦτα,
1430 5735 1632 5799 εὐθέως
1661 5737 1888 5807 ἀκούσῃο
1909 5737 2051 5807 Ἐγὼ

443 5817 534 5871 διά
569 5819 628 5872 σὲ
676 5819 974 5891 ἐγεννήθην
1002 5860 1015 5884 ,
1047 5820 1112 5872 δι’
1148 5819 1249 5889 ἐμὲ
1297 5819 1391 5872 καὶ
1435 5819 1500 5873 σὺ
1555 5819 1760 5889 πατήρ.
1819 5821 2049 5890 Ὁμοίως

447 5903 542 5959 καὶ
564 5904 656 5960 ἐπὶ
685 5905 784 5977 τῆς
817 5907 1040 5978 μητρός·
1077 5903 1348 5977 Ἐχαρίοω
1383 5922 1474 5977 μοι
1503 5904 1564 5959 τὸ
1598 5903 1739 5960 εἶναι
1762 5905 1898 5975 υίὸς,
1921 5908 2050 5979 ἐχα-

1940 419 2316 482 SEVERIANI

2182 547 2428 622 ρισάμην
2471 566 2552 604 σοι
2599 551 2662 604 τὸ
2703 569 2842 606 ειναι
2895 555 3100 627 μήτηρ.
3141 557 3260 627 Ἐφ’
3301 557 3461 630 ήμῶν
3508 558 3788 630 λαμϐάνει

2174 631 2352 686 ταῦτα
2392 634 2556 705 χάριν
2585 635 2710 689 τινά
2741 638 2835 690 καὶ
2864 639 3156 696 ἀντίδοσιν.
3202 641 3434 713 Ὁμοίως
3458 644 3553 696 καὶ
3586 645 3615 697 0
3638 644 3766 708 υίὸς

2171 721 2272 772 οὑκ
2294 717 2496 784 εὑθέως
2528 721 2662 784 υίὸε,
2693 722 2830 776 ἀλλά
2857 723 3076 794 πρῶτον
3103 726 3346 797 σπέρμα,
3373 722 3494 780 εἶτα
3514 726 3780 798 ἔμϐρυον,

2170 804 2266 858 καὶ
2294 803 2383 858 ὅτε
2410 804 2647 877 γεννηθῇ
2670 845 2684 870 ,
2714 806 2834 859 τότε
2869 807 3004 871 υἱός.
3045 809 3232 862 Ταῦτα
3267 811 3474 881 χρόνων
3508 813 3783 882 ἀνάγκαις

2169 885 2411 942 δουλεύει
2450 904 2465 918 ·
2496 888 2670 942 ταῦτα
2709 888 2940 942 πάθεσιν
2988 891 3289 946 ὑποπίπτει
3322 909 3336 924 ·
3373 893 3548 948 ταῦτα
3599 913 3785 966 σωμα-

2168 970 2330 1041 τικῆς
2390 972 2506 1024 ἐστι
2579 972 2987 1036 καταστάσεως.
3041 973 3217 1028 Ὅπου
3285 974 3345 1030 δέ
3396 975 3694 1047 ἀσώματος
3746 981 3783 1050 ή

2170 1052 2332 1122 φύσις
2364 1055 2397 1124 ή
2449 1054 2726 1122 γεννῶσα,
2754 1056 2889 1108 ὃπου
2927 1054 3222 1127 ἀσώματος
3267 1062 3296 1112 0
3329 1059 3546 1129 καρπὸς
3588 1063 3616 1112 ὁ
3656 1077 3783 1127 γεν-

2167 1135 2429 1208 νώμενος,
2465 1141 2618 1191 ποῖον
2645 1139 2955 1209 ἐπιδέχεται
2985 1140 3169 1209 λόγον,
3197 1143 3279 1196 ὅτι
3307 1139 3374 1214 ἦν
3404 1161 3537 1195 ποτε
3559 1145 3649 1196 ὅτε
3679 1145 3785 1198 οὑκ

2165 1215 2267 1291 ἦν,
2300 1221 2396 1274 καὶ
2444 1221 2671 1294 ὕστερον
2717 1224 3019 1295 ἐγεννήθης
3059 1225 3170 1279 Καί
3210 1243 3392 1298 φαμεν
3421 1227 3597 1289 οὕτως
3619 1248 3630 1256 -
3665 1239 3696 1266 ι
3719 1228 3788 1281 Εἰ

2166 1302 2255 1357 ἀεὶ
2287 1301 2462 1370 οὕτως
2493 1305 2606 1376 ἔχει
2636 1306 2790 1373 Θεὸς,
2823 1310 2871 1360 εί
2907 1309 3074 1379 μηδὲν
3106 1311 3448 1381 προσκτᾶται
3489 1328 3644 1374 ποτε,
3694 1312 3786 1364 ἀεί

2169 1388 2286 1441 ἐστι
2339 1389 2434 1443 καὶ
2476 1391 2689 1463 Πατήρ.
2729 1390 2790 1444 El
2823 1391 2879 1444 δὲ
2909 1393 2995 1446 ἀεί
3025 1394 3143 1447 ἐστι
3172 1394 3397 1466 Πατὴρ,
3431 1394 3520 1448 ἀεὶ
3559 1394 3786 1465 δέχεται

2167 1470 2260 1525 τὸν
2287 1471 2416 1528 Υίόν
2443 1487 2457 1504 ⁸
2487 1475 2754 1541 συνατδιος
2795 1477 2904 1547 ἀρα
2930 1479 2958 1530 0
2989 1476 3120 1542 Υίὸς
3166 1479 3243 1549 τῷ
3276 1478 3473 1549 Πατρί.
3529 1478 3659 1531 Υἱὸν
3693 1479 3785 1532 λέ-

2167 1571 2340 1626 γομεν
2361 1558 2691 1630 γεννηθέντα
2723 1560 2824 1630 μὲν
2854 1560 3109 1628 ἀπαθῶς,
3144 1562 3236 1615 τὸν
3260 1561 3316 1616 δέ
3340 1562 3442 1631 τῆς
3467 1564 3785 1632 γεννήσεως

2165 1639 2368 1712 τρόπον
2398 1642 2726 1714 ἑρμηνεύειν
2759 1645 2861 1698 οὑκ
2884 1645 3253 1717 ἐπιστάμεθα.
3299 1645 3366 1699 Ἢ
3395 1645 3607 1718 ἀληθὴς
3635 1645 3787 1716 γνῶ-

2167 1738 2255 1786 σις
2291 1721 2433 1796 αῦτη
2463 1725 2636 1792 ἐστὶν,
2677 1726 2742 1780 τὸ
2778 1727 2852 1782 τά
2881 1728 3281 1800 ὑπερϐαίνοντα
3300 1729 3584 1800 τὴνφύσιν
3615 1729 3791 1801 ἡμῶν

2164 1810 2451 1882 ὁμολογεῖν
2469 1815 2546 1886 μὴ
2567 1815 2789 1872 ειδέναι.
2810 1817 2886 1871 Τὸ
2909 1820 3008 1888 μὲν
3037 1814 3134 1873 οὖν
3164 1816 3412 1888 γέννημα
3439 1817 3786 1888 προσκυνοῦ-

2169 1913 2294 1966 μεν,
2319 1897 2417 1970 τὴν
2450 1899 2508 1953 δὲ
2534 1900 2697 1970 φύσιν
2733 1904 2797 1956 οὑ
2823 1903 3415 1975 πολυπραγμονοῦμεν.
3454 1904 3519 1956 Et
3553 1904 3655 1974 μὲν
3683 1900 3784 1958 οὖν

2165 1979 2235 2056 ἦν
2266 1985 2553 2058 ἄνθρωπος
2568 1990 2596 2042 0
2615 1992 2906 2062 γεννήσας,
2929 1991 3280 2063 ἀνθρωπίνην
3307 1991 3535 2064 ἐποίησε
3563 1992 3659 2046 καὶ
3678 1993 3789 2062 τὴν

2166 2068 2522 2140 γέννησιν.Εί
2556 2073 2717 2142 σῶμα
2745 2070 2909 2144 εἶχεν,
2935 2076 3234 2145 ἐγέννησεν
3271 2074 3347 2140 ὡς
3394 2075 3577 2147 σῶμα.
3625 2077 3690 2129 El
3722 2077 3783 2129 δὲ

2169 2150 2420 2223 σώματος
2449 2157 2819 2227 ἀπήλλακται,
2843 2158 2917 2230 μὴ
2947 2160 3217 2231 περίαπτε
3243 2158 3496 2229 σώματος
3528 2159 3678 2230 πάθη
3701 2160 3783 2230 τῷ

2167 2238 2468 2310 ἀσωμάτῳ.
2513 2240 2653 2294 Ἀλλ’
2677 2242 2956 2313 ἐγέννησε,
2992 2243 3261 2314 φησὶν,ἐκ
3303 2243 3405 2314 τῆς
3440 2243 3600 2308 ἰδίας,
3633 2245 3782 2298 κατά

2166 2321 2340 2386 πάθος
2370 2322 2650 2394 ἐγέννησε,
2673 2325 2815 2379 κατά
2845 2325 3197 2398 τομὴν,κατά
3222 2326 3426 2399 ρεῦσιν.
3451 2329 3637 2380 Πείσω
3669 2328 3783 2381 ἀπὸ

2164 2405 2274 2459 τῶν
2309 2408 2536 2476 γηΐνων.
2567 2409 2791 2480 Γεννᾷή
2818 2409 3066 2480 ἄμπελος
3089 2451 3104 2476 ,
3131 2412 3298 2482 γεννᾷ
3330 2412 3363 2482 ἡ
3393 2411 3574 2473 ἐλαία,
3610 2413 3782 2482 γεννᾷ

2169 2491 2264 2545 καὶ
2306 2492 2369 2546 τὸ
2414 2491 2589 2564 ὕδωρ,
2635 2494 2696 2546 οὑ
2731 2493 2874 2546 κατὰ
2915 2493 3015 2565 τήν
3069 2493 3347 2565 ήμετέραν
3407 2493 3601 2563 φύσιν,
3637 2495 3783 2549 ἀλλά

2167 2574 2310 2630 κατά
2331 2575 2430 2648 τὴν
2461 2576 2598 2630 ίδίαν
2620 2577 2792 2643 τάξιν.
2819 2576 2972 2650 [07!]
3001 2578 3157 2631 Πᾶσα
3183 2578 3345 2648 γυνὴ,
3367 2576 3590 2630 ἐπειδάν
3623 2577 3782 2648 παρά

2165 2657 2304 2714 Θεοῦ
2335 2659 2477 2734 λάϐῃ
2498 2659 2558 2713 τὸ
2579 2660 2832 2725 γενέσθαι
2861 2661 3066 2733 μήτηρ.
3087 2660 3437 2732 κυοφοροῦσα
3465 2661 3565 2731 μὲν
3587 2659 3784 2730 ὠγκω-

2166 2758 2294 2797 ται·
2331 2743 2646 2814 ἀποθεμένη
2691 2744 2749 2796 δὲ
2789 2743 2881 2798 τὸν
2913 2745 3127 2816 καρπὸν
3160 2745 3528 2799 συστέλλεται.
3566 2745 3694 2798 Ἐπὶ
3721 2746 3783 2800 δὲ

2166 2827 2278 2881 τῶν
2299 2828 2622 2900 δένδρωντά
2657 2828 2879 2883 ἐναντία
2905 2829 3054 2883 ἔστιν
3093 2831 3296 2902 εὑρεῖν.
3345 2831 3484 2901 Πρὶν
3529 2830 3776 2901 γεννηθῇ

2167 2912 2270 2965 οὑκ
2304 2910 2595 2980 ῶγκωταιο
2631 2914 2760 2965 ὅταν
2779 2914 3037 2983 γεννήσῃ,
3069 2919 3190 2966 τότε
3225 2913 3544 2984 παχύνεται,
3575 2916 3605 2966 0
3639 2931 3779 2984 καρ-

2169 2992 2271 3057 πὸς
2303 2993 2544 3058 αὒξεται,
2584 2995 2680 3047 καὶ
2715 2997 2748 3064 ἠ
2778 2994 2904 3064 ρίζα
2951 2997 3306 3067 πληθύνεται,
3336 3008 3432 3050 καὶ
3455 2996 3580 3049 οὔτε
3607 2997 3781 3068 μείω-

2170 3092 2255 3141 σις
2289 3079 2356 3148 τῇ
2387 3077 2634 3148 γεννώσῃ
2671 3079 2818 3150 ῥίζῃ,
2849 3078 2974 3131 οὔτε
3011 3079 3309 3144 ἐλάττωσις
3342 3079 3420 3150 τῷ
3451 3081 3779 3150 γεννηθέντι

2168 3161 2550 3233 προσγίνεται.
2590 3163 2652 3215 'H
2682 3162 2927 3233 ἄμπελος
2956 3164 3122 3234 γεννᾷ
3147 3164 3208 3217 οὑ
3258 3162 3379 3215 καθ’
3422 3165 3603 3232 ἡμᾶς’
3637 3163 3779 3217 Θεὸν

2170 3244 2268 3298 ἐὰν
2317 3246 2557 3316 ἀκούσῃς
2587 3247 2667 3300 ὅτι
2699 3245 2992 3316 ἐγέννησεν
3017 3287 3030 3309 ,
3055 3245 3371 3318 ἀνθρώπινα
3412 3246 3564 3318 πάθη
3609 3263 3778 3317 περι-

2169 3328 2365 3395 άπτεις
2389 3329 2466 3401 τῷ
2499 3332 2678 3384 πᾶσαν
2704 3329 3053 3403 ἀνθρωπίνην
3083 3330 3469 3403 ὑπερϐαίνοντι
3497 3331 3700 3400 φύσιν;

2241 3488 2304 3543 ε’.
2345 3488 2455 3544 Καὶ
2486 3489 2658 3544 εἶπεν
2693 3491 2726 3542 ὀ
2767 3490 2912 3556 Θεός
2933 3505 2946 3518 ·
2979 3489 3350 3561 Ἔξαγαγέτω
3381 3494 3418 3559 ἠ
3449 3491 3525 3562 γῆ
3553 3494 3778 3562 ψυχὴν

2167 3574 2367 3637 ζῶσαν
2395 3574 2546 3627 κατὰ
2585 3572 2782 3642 γένος,
2814 3573 3167 3642 τετράποδα.
3199 3575 3438 3641 ἑρπετὰ,
3464 3578 3663 3642 θηρία.
3692 3579 3774 3632 Τά

2165 3657 2474 3729 τετράποδα
2521 3657 2691 3726 κτήνη
2738 3656 2922 3708 ἐστίν’
2966 3657 3196 3727 ἐρπετά,
3230 3657 3415 3728 θηρία,
3457 3659 3618 3728 δφις,
3649 3661 3779 3732 δρά.

2166 3759 2279 3795 κων
2306 3756 2319 3768 ·
2355 3741 2416 3794 ού
2459 3739 2570 3809 γάρ
2602 3738 2763 3808 μόνον
2784 3739 2852 3792 τά
2885 3740 3048 3810 θηρία
3086 3741 3155 3794 τὰ
3183 3741 3564 3798 ὑποπίπτοντα
3595 3748 3773 3818 κτήνη

2165 3823 2404 3893 λέγεται,
2445 3823 2581 3877 ἀλλά
2634 3823 2730 3875 καὶ
2776 3823 2845 3875 τά
2877 3823 3178 3896 ἀχθοφόρα.
3214 3825 3328 3878 Πάν
3381 3831 3728 3897 χορτοφάγον
3755 3873 3771 3895 ,

2166 3909 2279 3962 εἴτε
2331 3908 2477 3979 βοῦς,
2524 3909 2634 3960 εἴτε
2671 3906 2943 3977 πρόὸατον
2970 3949 2983 3971 ,
3021 3907 3220 3977 κτῆνος
3269 3908 3546 3974 καλεῖται,
3572 3914 3774 3982 κτῆνος

2165 3991 2320 4064 παρὰ
2347 3990 2408 4046 τὸ
2457 3990 2646 4060 κτῆμα
2677 3987 2815 4044 εἶναι
2855 3990 2951 4044 τοῦ
2995 3991 3306 4062 ἀνθρώπου.
3350 3993 3474 4046 Ὀτι
3505 3994 3560 4047 δέ
3594 4000 3775 4067 κτήνη

2164 4076 2410 4130 καλεῖται
2445 4076 2542 4128 καὶ
2571 4074 2817 4146 πρόῦατα
2856 4075 2950 4128 καὶ
2997 4073 3138 4143 βόες,
3173 4081 3443 4146 μαρτυρεῖ
3466 4080 3499 4146 ἡ
3531 4079 3727 4150 Γραφή
3757 4097 3770 4110 .

2163 4159 2275 4213 Καὶ
2319 4157 2598 4226 ἐγένοντο
2631 4156 2793 4224 αὐτῷ
2847 4158 3039 4226 κτήνη
3063 4161 3376 4226 προϐάτων
3423 4161 3523 4213 καὶ
3573 4165 3772 4229 κτήνη

2157 4242 2348 4307 βοῶν.
2397 4242 2720 4314 Ἐπληρώθη
2757 4243 2788 4312 ή
2821 4242 2922 4313 γῆ,
2948 4243 3124 4312 ἐκόμα
3159 4247 3270 4305 τοῖς
3305 4245 3560 4313 καρποῖς,
3595 4250 3771 4318 προή-

2163 4343 2327 4395 νεγκε
2355 4326 2423 4380 τὰ
2452 4326 2568 4391 ζῶα
2593 4342 2606 4356 ⁸
2634 4325 2815 4378 ἔλειπε
2852 4326 3036 4379 λοιπὸν
3081 4328 3108 4380 0
3149 4327 3538 4397 οίκοδεσπότης
3559 4343 3575 4358 °
3607 4332 3637 4381 0
3679 4333 3772 4384 οὑ-

2167 4410 2329 4482 ρανὸς
2363 4408 2824 4473 ἐκεκαλλώπιστο,
2855 4412 2887 4480 ή
2926 4411 2997 4479 γῆ
3027 4410 3377 4463 ἐπεποίκιλτο
3401 4412 3471 4480 ,ἡ
3516 4411 3770 4468 θάλασσα

2162 4495 2544 4565 ἐπεπλήρωτο,
2600 4495 2629 4546 0
2685 4494 2795 4564 ἀὴρ
2849 4493 3081 4563 ὀρνίθων
3139 4495 3483 4564 ἐκεκόσμητο
3541 4498 3765 4567 πλήθει.

2161 4579 2349 4632 Πάντα
2371 4575 2439 4648 ἦν
2468 4579 2685 4647 ἕτοιμα,
2702 4579 2796 4628 καὶ
2827 4577 3038 4630 ἔλειπεν
3067 4581 3094 4630 0
3126 4577 3434 4650 ἄνθρωπος.
3465 4581 3583 4651 Οὑχ
3613 4582 3769 4650 ὑδρί-

2160 4659 2310 4727 ζεται
2347 4660 2405 4714 δὲ
2450 4659 2528 4729 τῷ
2562 4655 2703 4712 εἷναι
2734 4659 3060 4725 τελευταῖος,
3106 4659 3245 4714 ἀλλά
3289 4665 3548 4733 τιμᾶται·
3594 4683 3769 4737 παρα-

2159 4743 2486 4807 σκευάζεται
2509 4743 2618 4814 γὰρ
2643 4743 2671 4795 0
2691 4738 2860 4808 οἶκος,
2881 4746 2974 4798 καὶ
3001 4745 3280 4812 είσάγεται
3301 4749 3330 4798 0
3349 4745 3763 4819 οἰκοδεσπότης.

2159 4828 2326 4881 Οὑδὲν
2362 4828 2471 4898 γάρ
2501 4828 2676 4891 όΘεὸς
2710 4827 2835 4881 οὕτε
2862 4828 3129 4900 ἀκαίρως,
3154 4827 3280 4882 οὔτε
3308 4829 3568 4898 ἀμέτρως
3599 4837 3761 4896 ποιεῖ,

2157 4909 2296 4965 ἀλλά
2341 4912 2520 4966 πάντα
2566 4912 2654 4966 διὰ
2700 4911 2801 4982 τὴν
2841 4911 3048 4983 χρείαν.
3089 4913 3199 4966 Καὶ
3248 4912 3411 4981 βλέπε
3451 4914 3553 4985 τὴν
3584 4917 3758 4983 τάξιν.

2157 4996 2383 5068 Πρῶτον
2437 4996 2694 5068 ἐποίησεν
2723 4998 2750 5047 ὁ
2790 4995 2923 5059 Θεὸς
2979 4995 3211 5066 βοτάνην
3255 4996 3350 5049 καὶ
3400 4997 3632 5067 χόρτον,
3668 5001 3758 5052 καὶ

2155 5079 2277 5132 τότε
2312 5078 2381 5132 τὰ
2404 5079 2569 5149 θηρία
2592 5079 2920 5147 τρεφόμενα.
2941 5080 3052 5131 Καὶ
3077 5082 3126 5132 εί
3157 5079 3258 5132 οὑκ
3274 5075 3342 5150 ἦν
3362 5081 3428 5132 τά
3462 5082 3756 5151 τρέφοντα,

2156 5166 2384 5235 ἄκαιρος
2405 5159 2474 5234 ἦν
2505 5166 2537 5231 ἡ
2571 5163 2900 5234 δημιουργία
2921 5161 3032 5214 τῶν
3063 5162 3237 5228 ζώων,
3268 5163 3617 5237 ζημιουμένη
3651 5168 3756 5219 τῶν

2157 5248 2389 5319 καρπῶν
2413 5247 2512 5317 τὴν
2543 5245 2768 5298 ἔνδειαν.
2815 5246 3070 5316 Ἐποίησε
3093 5247 3162 5299 τά
3196 5251 3486 5317 τρέφοντα,
3517 5251 3614 5302 καὶ
3638 5251 3753 5301 τότε

2154 5332 2224 5386 τά
2246 5333 2556 5403 τρεφόμενα
2581 5331 3103 5400 προπαρασκευάζει
3122 5349 3134 5362 ·
3161 5332 3378 5403 πρῶτον
3411 5332 3512 5397 τάς
3541 5335 3751 5403 χρείας,

2157 5419 2252 5471 καὶ
2290 5418 2462 5480 οὕτως
2501 5417 2708 5482 εἰσάγει
2748 5416 2818 5468 τά
2860 5417 2960 5485 τῆς
3005 5417 3194 5486 χρείας
3242 5417 3559 5486 μεθέξοντα.
3596 5418 3753 5472 Οὕτω

2155 5502 2249 5554 καὶ
2274 5503 2365 5553 ἐπὶ
2389 5501 2498 5552 τῶν
2522 5499 2752 5570 Γραφῶν
2771 5500 3016 5569 ἐποίησε.
3050 5502 3360 5571 Προέλαόον
3391 5503 3481 5553 τὸν
3515 5502 3750 5571 Χριστὸν

2155 5586 2213 5638 al
2251 5585 2467 5656 Γραφαὶ
2514 5583 2730 5653 πρῶτον
2781 5585 3152 5654 κηρύττουσαι
3181 5625 3194 5647 ,
3229 5585 3323 5637 καὶ
3368 5581 3490 5636 τότε
3542 5581 3751 5656 ἦλθενό

2158 5668 2621 5740 μαρτυρούμενος.
2669 5669 2975 5738 Προέλαὸον
3031 5671 3088 5722 αί
3141 5669 3474 5740 μαρτυρίαι,
3519 5670 3610 5723 ἵνα
3659 5688 3749 5723 πι-

2219 5849 2243 5876 ⁸
2267 5847 2598 5916 Ηὶςῌηιιξράοιη
2627 5849 2809 5916 desum
2833 5852 2880 5900 in
2905 5850 3157 5900 Vaticano.
3184 5850 3344 5916 (Fort,
3376 5853 3526 5902 verba
3566 5853 3646 5902 καί
3665 5869 3742 5916 φα·

2153 5926 2295 5972 μεν...
2319 5913 2387 5972 τῷ
2416 5911 2585 5972 Ιίατρί,
2608 5925 2720 5973 quae
2745 5914 2855 5962 Sav.
2885 5916 3076 5965 uncinis
3102 5913 3344 5975 inclusit.)
