3984 6422
213 409 339 464 461

221 508 464 578 accipiat
507 522 659 564 more
701 507 931 563 dicens:
964 506 1152 562 Vidcn’
1190 507 1463 578 quomodo
1493 508 1608 578 ipse
1651 508 1839 564 doctor

221 601 569 657 concesserit
612 601 821 656 Patrem
865 600 1003 655 Filio
1044 601 1278 670 priorem
1316 601 1480 656 esse?
1523 600 1621 656 sed
1664 602 1837 671 potius

220 695 470 750 senuoni
494 694 703 749 veniam
723 694 945 758 tribuas,
965 709 1088 749 eum
1114 692 1359 747 homines
1378 693 1567 759 simus,
1588 696 1836 762 luteaque

219 788 412 857 lingua
452 797 665 841 utamur
686 829 702 853 ,
734 795 894 858 atque
942 786 1249 841 hominibus
1281 787 1437 841 verba
1489 786 1741 841 faciamus
1771 786 1837 841 de

218 879 411 933 divina
439 895 763 949 omnemque
794 881 1054 934 rationem
1086 890 1373 949 superante
1402 889 1612 934 natura.
1647 880 1833 935 Homi-

220 984 331 1024 nes
351 970 495 1024 enim
520 984 642 1025 cum
663 972 852 1038 simus,
877 979 933 1025 ut
955 970 1199 1025 homines
1227 971 1369 1040 loqui
1393 970 1693 1025 didicimus.
1718 972 1833 1026 Non

216 1061 374 1114 enim
398 1061 577 1116 sciunt
606 1062 809 1126 miseri,
834 1077 893 1116 se
918 1061 987 1116 de
1011 1062 1119 1116 Deo
1146 1061 1434 1125 disserere,
1468 1062 1627 1115 verba
1660 1061 1835 1129 profe-

220 1161 428 1217 rentes,
461 1167 582 1223 qua
606 1152 674 1206 de
705 1153 813 1208 Deo
842 1153 1021 1208 dicere
1053 1167 1158 1206 non
1186 1161 1610 1206 consentaneum
1642 1162 1741 1206 est.
1770 1153 1834 1206 Et

218 1242 351 1296 vide
369 1257 558 1297 eorum
585 1243 869 1297 vafritiem.
895 1243 1028 1297 Cum
1056 1242 1382 1312 qumstioucs
1410 1250 1732 1311 proponunt,
1762 1258 1826 1296 ex

222 1335 476 1388 humanis
501 1335 789 1405 loquuntur
817 1335 1141 1399 ratiociniis;
1173 1335 1405 1403 exempli
1442 1349 1600 1387 causa
1625 1352 1639 1387 :
1662 1335 1831 1387 Omne

216 1424 367 1493 quod
391 1425 649 1495 gignitur,
684 1427 946 1497 inquiunt,
972 1425 1267 1481 exsisteudi
1298 1426 1613 1493 principium
1646 1423 1827 1478 habet.

218 1515 506 1572 Undenam
539 1519 714 1573 vero?
753 1517 944 1573 Statim
976 1525 1245 1587 reponunt
1274 1534 1287 1569 :
1321 1514 1399 1570 Tu
1430 1514 1519 1584 qui
1552 1523 1706 1569 natus
1736 1529 1827 1577 es,

217 1624 401 1663 annon
428 1610 746 1680 principium
767 1610 1030 1665 habuisti:
1055 1625 1180 1664 num
1205 1617 1352 1678 pater
1372 1608 1528 1660 tuus?
1557 1622 1680 1659 num
1700 1620 1830 1660 avus

220 1701 380 1754 tuus?
401 1700 456 1756 Si
483 1700 723 1770 proferas
749 1701 821 1755 illi
839 1716 905 1757 ex
929 1701 1047 1771 ipso
1063 1715 1247 1755 eorum
1268 1697 1545 1753 ratiocinio
1568 1696 1826 1751 rationem

216 1795 403 1861 aliam,
427 1811 549 1865 qua:
572 1795 815 1850 insanum
839 1795 981 1849 illius
999 1803 1359 1849 commentum
1392 1790 1559 1859 possit
1576 1790 1825 1855 obruere,

217 1888 400 1940 statim
425 1886 667 1956 captiose
695 1886 820 1940 dicit
849 1904 864 1939 τ
894 1886 969 1939 De
1001 1885 1109 1939 Deo
1135 1885 1324 1954 agitur,
1360 1891 1413 1936 et
1441 1883 1666 1935 humana
1698 1882 1826 1939 mihi

220 1979 497 2031 ratiocinia
531 1977 773 2032 inducis?
795 1985 847 2031 et
875 1976 952 2030 illi
975 1975 1187 2045 quidem
1208 1973 1441 2028 radicem
1470 1973 1727 2025 malorum
1758 1988 1826 2027 ex

216 2068 598 2123 uumnunibus
616 2068 905 2122 ratiociniis
928 2066 1205 2137 proferunt
1238 2084 1250 2119 :
1284 2066 1546 2119 malorum
1576 2078 1705 2119 vero
1730 2078 1821 2118 so-

218 2158 477 2214 lutionem
503 2159 688 2213 nolunt
713 2174 777 2213 ex
809 2159 997 2213 iisdem
1022 2156 1313 2211 ratiociniis
1341 2154 1641 2208 admittere.

289 2252 345 2305 4.
383 2252 473 2304 Ait
504 2265 649 2317 sa'pe
694 2249 977 2303 hmreucus
1011 2266 1025 2302 :
1057 2249 1139 2302 An
1189 2256 1361 2316 potest
1389 2246 1579 2313 aliquis
1620 2260 1740 2298 esse
1767 2254 1823 2299 et

221 2344 406 2397 nasci?
434 2341 491 2398 Si
522 2341 682 2411 igitur
706 2349 1098 2405 monstravero,
1130 2339 1459 2407 Scripturam
1490 2336 1683 2390 nonde
1708 2337 1819 2389 Deo

222 2445 454 2499 tantum,
488 2434 581 2488 sed
611 2434 768 2487 etiam
801 2432 868 2486 de
898 2431 1206 2485 hominibus
1236 2429 1411 2484 simile
1442 2428 1710 2498 quidpiam
1739 2428 1819 2481 in-

214 2527 438 2591 ducere,
480 2526 606 2594 quid
656 2524 821 2593 ages?
850 2523 995 2577 Beati
1033 2521 1265 2576 Abrahae
1308 2520 1469 2583 filios,
1516 2535 1621 2573 non
1665 2519 1815 2589 quasi

214 2634 320 2673 non
349 2621 478 2679 sint,
503 2617 597 2671 sed
623 2617 769 2686 quasi
807 2616 1209 2683 praeexsistant,
1232 2614 1506 2682 Scriptura
1546 2612 1690 2665 nasci
1729 2610 1815 2665 di-

213 2711 305 2764 cit.
339 2709 473 2763 Nam
499 2709 768 2762 Abraham
795 2708 978 2777 genuit
1023 2706 1197 2771 Isaac,
1229 2704 1375 2757 lsaac
1400 2703 1582 2773 genuit
1613 2701 1811 2769 Jacob,

213 2800 381 2855 .lacob
421 2799 583 2863 Levi,
618 2814 683 2853 ex
712 2812 819 2866 quo
861 2798 1029 2851 tribus
1072 2794 1437 2850 sacerdotalis.
1477 2794 1611 2861 Quia
1656 2792 1816 2863 igitur

213 2891 323 2957 hic,
370 2905 564 2960 nempe
610 2888 910 2951 Abraham,
961 2886 1351 2941 Melchisedeco
1389 2885 1601 2940 obviam
1644 2885 1808 2952 venit,

211 2983 410 3039 Paulus
430 2982 705 3052 apostolus
735 2981 787 3035 id
812 2982 951 3051 quod
983 2990 1106 3033 tunc
1134 2990 1340 3050 gestum
1376 2978 1476 3033 fuit
1513 2978 1812 3048 theologico

208 3089 361 3127 more
407 3074 765 3141 interpretans
805 3074 880 3125 ait
914 3089 927 3123 :
966 3090 985 3121 ς
1024 3070 1247 3125 Obviam
1283 3071 1429 3124 venit
1472 3078 1648 3123 autem
1678 3070 1810 3124 Mel-

205 3162 463 3218 chisedec
501 3162 766 3225 Abrahze,
813 3172 867 3215 et
911 3160 1180 3214 benedixit
1209 3159 1294 3222 ei;
1335 3178 1353 3211 ι
1377 3169 1431 3213 et
1474 3159 1651 3212 statim
1684 3159 1811 3212 sub-

200 3254 379 3323 Juugit
408 3271 420 3306 :
454 3272 471 3303 ε
511 3252 579 3307 Et
622 3263 678 3307 ut
716 3254 784 3307 ita
827 3253 1027 3305 dictum
1069 3250 1158 3313 sit,
1200 3264 1295 3318 per
1330 3249 1599 3303 Abraham
1647 3250 1805 3303 etiam

204 3345 358 3409 Levi,
383 3346 471 3413 qui
494 3343 727 3399 decimas
752 3344 965 3412 accipit,
993 3342 1288 3397 decimatus
1313 3350 1396 3396 est
1420 3358 1432 3394 :
1461 3340 1636 3396 adhuc
1664 3342 1805 3395 cnim

204 3438 258 3491 in
290 3436 485 3490 lumbis
528 3446 644 3490 erat
687 3434 919 3490 Abraha:
956 3432 1175 3502 »(Ηεὺν.
1209 3435 1261 3487 7.
1295 3434 1344 3487 l.
1393 3433 1444 3488 9.
1485 3434 1596 3502 10).
1634 3435 1808 3504 Atque

202 3529 340 3583 adeo
370 3528 610 3582 mortalis
635 3530 797 3581 homo
826 3537 1111 3598 antequam
1132 3535 1443 3581 nasceretur
1469 3535 1604 3580 erat.
1624 3528 1805 3593 Quan-

201 3621 494 3690 doquidem
542 3621 691 3676 radix
735 3621 977 3685 vivebat,
1026 3619 1255 3673 fructum
1303 3634 1426 3672 cum
1470 3619 1681 3674 vivente
1724 3637 1807 3672 ra-

200 3710 291 3763 dix
326 3710 553 3763 induxit.
588 3711 683 3763 llic
725 3726 881 3772 vero,
917 3710 1003 3763 ubi
1044 3711 1188 3763 nulla
1229 3710 1428 3779 passio,
1463 3710 1640 3763 nullus
1684 3726 1807 3765 Suc-

198 3800 465 3855 cessiouis
514 3800 737 3866 modus,
796 3800 941 3854 nulla
994 3803 1129 3855 uteri
1182 3802 1445 3871 gestatio,
1503 3800 1643 3853 nulla
1699 3801 1799 3854 liu-

199 3908 482 3947 manarum
542 3892 847 3961 passionum
884 3893 1079 3957 series,
1129 3908 1235 3945 non
1281 3892 1395 3945 vult
1450 3891 1629 3946 dicere
1676 3908 1798 3946 eum

199 3984 291 4051 qui
324 3983 535 4037 eratab
560 3984 850 4037 exsistente
879 3983 1057 4053 gigni,
1087 3992 1139 4036 et
1184 3984 1234 4037 in
1267 3994 1525 4037 aeternum
1558 4001 1795 4039 manere.

198 4078 272 4134 At
308 4076 351 4129 si
400 4075 613 4145 genitus
661 4074 788 4142 fuit,
841 4076 1031 4145 inquit,
1081 4075 1350 4144 quomodo
1390 4090 1605 4145 semper
1644 4078 1798 4130 erat?

198 4167 457 4236 Quisquis
500 4167 643 4221 enim
690 4168 943 4235 gignitur,
993 4168 1311 4236 principium
1362 4168 1576 4236 accipit.
1624 4169 1797 4223 Patris

198 4276 398 4317 nomen
422 4258 565 4329 apud
594 4274 694 4313 nos
725 4275 819 4328 per
850 4259 1049 4313 mullos
1076 4260 1326 4313 circuitus
1348 4259 1607 4313 decurrit.
1634 4259 1795 4314 Verbi

195 4351 391 4420 gratia,
424 4366 669 4420 suppoue
694 4352 948 4419 juvenem
983 4366 1203 4404 uxorem
1235 4350 1433 4405 ducere
1465 4352 1789 4418 cuiiientem.

195 4441 437 4495 l’rimum
472 4441 528 4494 ﬁt
554 4456 747 4510 procus
767 4481 782 4505 ,
815 4441 1010 4497 deinde
1040 4456 1289 4511 sponsus,
1324 4452 1506 4511 postea
1536 4445 1789 4507 maritus;

192 4534 237 4587 si
269 4533 471 4602 gignat,
500 4533 695 4587 dicitur
716 4542 899 4601 pater;
922 4534 1004 4587 sin
1034 4535 1209 4601 proles
1233 4535 1332 4588 hoc
1363 4535 1434 4588 illi
1464 4550 1656 4587 nomen
1687 4552 1789 4587 non

194 4622 462 4686 tribuerit,
491 4619 700 4674 etiamsi
722 4630 1005 4675 sexcentos
1033 4636 1201 4675 annos
1228 4638 1349 4675 eum
1383 4638 1549 4675 uxore
1576 4623 1787 4684 vixerit,

193 4730 301 4767 non
334 4726 483 4782 pater
509 4712 804 4766 vocabitur.
834 4710 1198 4779 Similiterque
1220 4723 1411 4775 mater,
1448 4714 1617 4780 primo
1642 4714 1791 4782 virgo

193 4807 320 4861 hinc
348 4805 637 4875 postulata,
662 4817 848 4874 postea
870 4804 1213 4873 desponsata,
1238 4804 1453 4857 demum
1483 4821 1645 4868 uxor;
1677 4816 1791 4859 ute—

191 4916 310 4953 rum
365 4910 558 4969 gestat,
610 4899 840 4952 fructum
894 4906 1095 4966 portat;
1146 4897 1239 4951 sed
1288 4897 1331 4949 si
1388 4912 1492 4949 non
1542 4898 1783 4965 prodeat,

192 5004 364 5045 mater
395 5007 499 5045 non
530 5001 765 5045 vocatur.
800 4991 1024 5045 Etiamsi
1057 4990 1205 5043 radix
1237 4991 1466 5043 fructum
1501 4990 1653 5051 ferat,
1686 4992 1784 5044 uisi

192 5098 477 5155 progressa
510 5084 689 5150 proles
733 5085 975 5138 laborum
1020 5084 1321 5137 mercedem
1347 5124 1361 5149 ,
1402 5084 1537 5135 hanc
1580 5084 1785 5137 scilicet

188 5176 721 5241 denominatiouem,
754 5178 1029 5240 retulerit,
1083 5188 1253 5230 mater
1303 5193 1407 5230 non
1466 5178 1781 5244 appellatur.

192 5268 425 5336 ldipsum
478 5269 650 5332 Deus,
701 5278 881 5338 utpote
933 5270 1147 5337 sapiens
1198 5269 1356 5332 fecit,
1417 5285 1483 5322 ne
1529 5270 1783 5323 adversus

190 5362 330 5413 filios
356 5358 713 5428 gloriarentur
744 5370 939 5428 patres,
957 5375 1087 5413 neve
1118 5360 1319 5415 diceret
1344 5370 1492 5430 pater
1514 5361 1641 5425 lilio,
1674 5361 1783 5430 Ego

190 5454 281 5505 tibi
325 5454 488 5506 vitam
540 5450 759 5522 largitus
804 5468 959 5515 sum,
989 5462 1205 5522 propter
1236 5469 1320 5506 me
1356 5463 1512 5506 natus
1545 5468 1624 5517 es,
1664 5468 1781 5507 mea

189 5557 355 5607 Opera
385 5543 436 5595 in
480 5557 660 5597 rerum
694 5553 934 5596 naturam
976 5543 1267 5611 productus
1307 5558 1363 5596 es
1394 5563 1407 5598 :
1437 5544 1529 5597 sed
1573 5544 1780 5598 etiamsi

189 5632 303 5686 lucc
343 5632 567 5697 diceret,
603 5634 783 5687 statim
832 5633 1080 5687 audiret:
1128 5634 1241 5703 Ego
1283 5644 1503 5703 propter
1532 5645 1581 5689 te
1625 5646 1780 5689 natus

190 5740 328 5785 sum,
366 5734 417 5775 tu
450 5724 611 5778 etiam
645 5735 861 5794 propter
905 5740 990 5778 me
1020 5734 1169 5793 pater
1211 5740 1291 5780 es.
1328 5725 1559 5795 ldipsum
1589 5734 1642 5780 et
1669 5741 1781 5778 ma-

190 5815 255 5870 tri
288 5832 300 5867 ;
331 5814 588 5872 Tribuisti
616 5817 745 5873 mihi
783 5828 838 5873 ut
878 5832 1053 5874 essent
1083 5817 1254 5887 ﬁlius,
1285 5828 1338 5876 et
1367 5834 1466 5891 ego
1488 5820 1651 5876 tribui
1684 5820 1775 5877 tibi

1309 394 1398 451 DE
1436 393 1650 451 MUNDI
1688 393 2077 453 CREATIONE
2112 399 2367 458 ORATIO
2401 402 2493 460 IV.

3413 426 3528 481 462

1942 522 1999 566 ιιι
2023 526 2173 567 esses
2200 524 2391 570 mater.
2423 515 2546 571 Hac
2571 515 2711 587 apud
2741 533 2840 574 nos
2865 523 3085 594 gratiam
3129 527 3413 594 quamdam
3448 530 3534 586 vl-

1940 616 2165 673 centque
2208 605 2577 661 retributionis
2604 623 2715 677 pne
2742 624 2801 663 se
2848 609 3045 666 ferunt.
3071 613 3436 688 Similiterque
3463 618 3529 674 il-

1942 693 2078 760 lius,
2128 711 2233 748 non
2288 698 2464 750 statim
2510 696 2683 761 filius,
2722 700 2818 754 sed
2866 700 3038 770 primo
3072 718 3288 769 semen,
3336 708 3530 766 deinde

1940 782 2102 849 fetus,
2130 793 2183 839 et
2208 800 2326 840 cum
2354 797 2508 841 natus
2539 798 2650 850 est,
2690 798 2816 844 tunc
2841 800 2924 845 est
2965 793 3125 848 filius.
3168 796 3295 852 Haec
3322 806 3529 869 tempo-

1938 890 2056 929 rum
2099 877 2503 932 necessitatibus
2548 880 2779 933 obuoxia
2832 891 2959 935 sunt
2990 900 3002 935 :
3036 883 3149 939 haec
3191 888 3528 954 passionihus

1938 963 2178 1031 subjecta
2212 982 2224 1017 :
2252 965 2366 1020 inec
2390 982 2668 1035 corporea:
2697 970 2820 1023 Sunt
2850 974 3266 1030 consututiouis.
3298 976 3396 1033 Ubi
3425 995 3525 1032 au-

1939 1061 2043 1108 tem
2072 1055 2382 1123 incorporea
2401 1065 2485 1112 est
2505 1067 2692 1111 natura
2710 1075 2828 1127 qua:
2854 1060 3040 1131 gignit,
3071 1065 3155 1117 ubi
3176 1066 3525 1135 incorporeus

1938 1156 2018 1200 est
2046 1145 2247 1202 fruetus
2292 1149 2379 1217 qui
2407 1150 2672 1218 gignitur,
2701 1167 2801 1220 qua
2852 1156 3057 1209 ratione
3098 1155 3305 1211 dicatur
3344 1160 3470 1214 illud
3506 1179 3519 1215 :

1938 1236 2067 1288 Erat
2095 1236 2311 1305 quando
2344 1252 2448 1291 non
2477 1249 2616 1305 erat,
2647 1250 2699 1295 et
2726 1250 2907 1309 postea
2937 1245 3147 1312 genitus
3173 1248 3299 1300 est?
3326 1249 3395 1301 At
3424 1264 3522 1305 nos

1933 1325 2162 1381 dicimus
2188 1346 2201 1381 :
2229 1328 2285 1383 Si
2318 1330 2456 1384 Deus
2488 1330 2557 1384 ita
2598 1346 2812 1400 semper
2842 1349 2901 1387 se
2937 1334 3123 1401 habet,
3164 1337 3209 1391 si
3241 1338 3371 1392 nihil
3398 1354 3521 1394 um-

1932 1433 2090 1487 quam
2114 1422 2375 1491 acquirat,
2399 1438 2614 1494 semper
2638 1426 2800 1479 etiam
2831 1435 2915 1480 est
2934 1428 3109 1483 Pater.
3137 1428 3286 1497 Quod
3314 1430 3357 1484 si
3378 1445 3519 1487 sem-

1935 1525 2029 1580 per
2057 1522 2138 1565 est
2166 1513 2344 1580 Pater,
2359 1530 2571 1585 semper
2591 1515 2782 1571 Filium
2807 1519 2993 1587 recipit
3026 1536 3040 1572 :
3070 1536 3197 1590 ergo
3222 1533 3519 1579 coazternns

1933 1613 2017 1659 est
2045 1605 2184 1661 Patri
2212 1605 2401 1662 Filius.
2433 1607 2622 1662 Filium
2650 1610 2877 1664 dicimus
2897 1611 3012 1665 sine
3038 1612 3284 1680 passione
3311 1626 3515 1681 natum,

1934 1698 2299 1766 generationis
2326 1714 2454 1753 vero
2496 1700 2711 1755 modum
2749 1702 3020 1770 explicare
3063 1719 3168 1758 non
3212 1720 3515 1774 possumus.

1939 1787 2076 1842 Vera
2108 1789 2223 1845 haec
2242 1801 2325 1845 est
2349 1791 2594 1857 scientia,
2624 1800 2683 1844 ut
2704 1793 2964 1848 fateamur
2992 1808 3091 1848 nos
3116 1809 3177 1849 ea
3200 1810 3303 1851 non
3333 1811 3514 1863 nosse,

1931 1894 2052 1949 qua:
2087 1891 2329 1935 naturam
2356 1890 2595 1936 nostram
2632 1891 2904 1950 superant.
2938 1882 3147 1936 Prolcm
3181 1884 3359 1953 itaque
3385 1885 3515 1940 ado-

1930 1985 2110 2024 ramus
2162 1981 2407 2025 naturam
2434 1987 2562 2025 vero
2581 1986 2688 2025 non
2709 1972 2919 2027 curiose
2940 1984 3261 2029 scrutamur.
3280 1974 3333 2030 Si
3355 1974 3515 2029 homo

1930 2072 2074 2117 esset
2101 2063 2147 2117 is
2168 2064 2257 2133 qui
2285 2065 2487 2133 genuit,
2521 2063 2810 2118 humanam
2831 2075 2977 2119 certe
2998 2065 3396 2135 generationem
3419 2065 3515 2120 ha-

1927 2154 2153 2210 buisset.
2183 2155 2238 2209 Si
2262 2169 2459 2226 corpus
2480 2155 2775 2220 habuisset,
2804 2157 3076 2226 genuisset
3094 2169 3148 2212 ut
3177 2173 3391 2228 corpus.
3416 2158 3510 2214 Sin

1928 2259 2059 2298 vero
2091 2244 2344 2299 immunis
2373 2246 2444 2299 sit
2471 2261 2500 2299 a
2540 2261 2768 2314 corpore
2789 2288 2803 2311 ,
2840 2262 2908 2300 ne
2938 2248 3179 2316 corporis
3206 2249 3513 2303 affectiones

1934 2332 2257 2403 incorporeo
2296 2334 2590 2390 adscribas.
2628 2338 2696 2390 At
2724 2337 2933 2406 genuit,
2970 2336 3174 2407 inquit,
3202 2354 3265 2393 ex
3299 2341 3510 2407 propria

1926 2433 2135 2489 natura,
2166 2440 2287 2479 cum
2322 2426 2569 2495 passione
2599 2428 2805 2496 genuit,
2840 2443 2933 2496 per
2963 2429 3278 2494 sectionem,
3312 2444 3407 2497 per
3432 2429 3513 2482 ef-

1923 2512 2145 2567 fluxum.
2180 2517 2258 2570 Ex
2289 2518 2519 2571 terrenis
2547 2518 2880 2573 contrarium
2910 2518 3097 2585 probo.
3144 2517 3324 2588 Gignit
3351 2520 3505 2585 vitis,

1920 2606 2086 2676 gignit
2106 2608 2245 2673 olea,
2272 2607 2441 2677 gignit
2462 2608 2622 2661 etiam
2639 2624 2797 2677 aqua,
2819 2624 2924 2662 non
2946 2608 3238 2663 secundum
3262 2621 3505 2665 naturam

1920 2707 2192 2762 nostram,
2236 2697 2331 2751 sed
2368 2698 2660 2752 secundum
2692 2699 2962 2767 proprium
2994 2699 3258 2754 ordinem.
3291 2700 3504 2768 Quaevis

1919 2787 2113 2841 mulier
2138 2788 2350 2857 quando
2373 2788 2422 2843 id
2446 2805 2475 2843 a
2509 2789 2620 2844 Deo
2639 2798 2967 2859 consequuta
2997 2800 3099 2857 est,
3129 2800 3188 2846 ut
3212 2793 3284 2848 sit
3310 2803 3501 2860 mater,

1920 2888 2129 2933 uterum
2157 2890 2352 2949 gestat,
2384 2880 2694 2934 intumescit
2724 2897 2739 2935 :
2767 2881 2965 2935 emisso
2990 2892 3166 2937 autem
3196 2882 3391 2950 fructu,
3423 2895 3506 2939 tu-

1918 2987 2125 3026 morem
2157 2973 2327 3042 ponit.
2356 2971 2411 3025 1η
2444 2972 2729 3025 arboribus
2754 2987 2910 3026 secus
2939 2973 3149 3027 accidit.
3188 2974 3500 3045 Priusquam

1914 3065 2161 3134 genuerit
2202 3064 2365 3117 arbor
2413 3078 2521 3116 non
2563 3063 2869 3117 intumescit
2903 3079 2917 3115 :
2946 3080 3066 3118 cum
3107 3067 3353 3135 genuerit
3391 3077 3502 3121 tum

1914 3156 2151 3208 crassior
2180 3153 2430 3217 efficitur,
2464 3153 2669 3206 fructus
2698 3162 2955 3222 augetur,
2986 3163 3041 3209 et
3068 3154 3215 3209 radix
3249 3155 3506 3226 multipli-

1913 3256 2086 3310 catur,
2136 3260 2308 3314 neque
2349 3245 2648 3299 imminutio
2697 3252 2780 3299 est
2818 3245 3053 3315 gignenti
3096 3246 3279 3311 radici,
3328 3262 3502 3317 neque

1915 3348 2041 3392 nato
2072 3339 2284 3393 fructui.
2308 3339 2489 3408 Gignit
2509 3337 2631 3393 vitis
2653 3354 2760 3392 non
2787 3353 2939 3393 more
2964 3347 3151 3392 nostro
3176 3352 3191 3391 :
3228 3339 3501 3409 Deumque

1914 3430 1957 3483 si
1981 3429 2213 3484 audieris
2237 3431 2506 3500 genuisse,
2535 3430 2794 3483 humanas
2824 3431 3100 3499 passiones
3121 3429 3379 3487 adscribis
3406 3446 3502 3485 na-

1914 3530 2086 3576 turam
2112 3538 2326 3576 omnem
2355 3522 2637 3576 humanam
2664 3522 2979 3592 superanti?

1984 3614 2036 3668 5.
2074 3613 2139 3667 Et
2168 3614 2296 3667 dixit
2325 3612 2458 3666 Deus
2483 3629 2501 3666 :
2530 3612 2734 3667 Educat
2760 3622 2893 3667 terra
2913 3616 3137 3667 animum
3164 3614 3401 3669 viventem
3419 3632 3502 3671 εο-

1910 3708 2134 3759 cuudum
2175 3724 2365 3778 genus,
2406 3707 2795 3776 quadrupedes,
2837 3710 3075 3777 reptilia,
3119 3711 3299 3762 bestius
3341 3710 3493 3781 (Gen.

1914 3798 1961 3852 l.
1994 3798 2105 3861 24).
2141 3797 2528 3866 Quadrupedes
2552 3798 2791 3867 jumenta
2820 3808 2971 3864 sunt;
3006 3801 3248 3868 reptiles,
3283 3801 3494 3870 besdze,

1910 3905 2134 3958 serpens
2174 3904 2227 3943 et
2253 3890 2454 3954 draco;
2484 3905 2655 3959 neque
2680 3890 2821 3943 enim
2865 3891 3050 3945 bestia:
3093 3892 3265 3945 solum
3309 3893 3492 3960 subju-

1908 3983 2076 4052 gales,
2111 3983 2203 4036 sed
2236 3984 2394 4037 etiam
2423 3999 2542 4052 qua:
2568 3983 2818 4037 oneribus
2848 3983 3115 4049 ferendis,
3142 3984 3380 4053 jumenta
3409 3984 3495 4039 di-

1908 4087 2119 4129 cuntur.
2152 4074 2417 4143 Quidquid
2452 4076 2594 4129 foeno
2624 4076 2857 4130 vescitur
2877 4116 2891 4141 ,
2921 4077 3034 4130 sive
3061 4078 3187 4140 bos,
3218 4077 3329 4131 sive
3355 4078 3492 4141 ovis,

1905 4184 2069 4239 pecus
2110 4178 2369 4222 vocatur:
2412 4185 2575 4231 κτῆνος
2617 4167 2728 4221 sive
2768 4182 2927 4235 pecus
2969 4167 3195 4233 dicitur,
3238 4169 3359 4237 quia
3411 4179 3495 4223 est

1902 4279 2063 4327 κτῆμα
2111 4261 2223 4315 sive
2254 4263 2521 4330 possessio
2561 4261 2811 4316 hominis.
2858 4258 3010 4326 Quod
3056 4267 3235 4313 autem
3282 4274 3410 4313 oves
3436 4268 3491 4313 rel.

1904 4355 2069 4408 boves
2098 4368 2287 4420 pecora
2318 4362 2577 4407 vocentur
2599 4352 2909 4406 testiﬁcatur
2930 4349 3203 4419 Scriptura
3236 4369 3249 4405 :
3283 4350 3346 4404 Et
3376 4353 3489 4421 fue-

1901 4454 2020 4497 runt
2044 4445 2121 4498 illi
2148 4460 2331 4512 pecora
2381 4445 2545 4496 ovium
2584 4452 2628 4496 et
2664 4458 2844 4511 pecora
2882 4441 3031 4494 boum
3056 4441 3074 4511 (
3098 4440 3223 4494 Gen.
3250 4441 3337 4493 96.
3375 4442 3487 4507 Μ).

1903 4536 2126 4605 Repleta
2156 4544 2239 4589 est
2273 4532 2447 4598 terra,
2488 4531 2745 4586 veruabat
2793 4532 3069 4593 fructibus,
3121 4530 3337 4599 protulit
3375 4530 3489 4583 ani-

1902 4629 2094 4689 malia;
2127 4625 2535 4680 desiderabatur
2567 4623 2781 4676 demum
2826 4630 2975 4689 pater
3002 4621 3265 4684 familias;
3298 4623 3485 4676 exulum

1898 4726 2148 4771 ornatum
2187 4717 2377 4780 fuerat,
2414 4726 2553 4769 terra
2597 4714 2747 4766 vario
2782 4712 2977 4766 decore
3020 4712 3368 4780 Splendebat,
3403 4728 3488 4766 re-

1898 4808 2097 4877 plt-tum
2145 4816 2261 4861 erat
2305 4821 2473 4872 mare,
2518 4820 2612 4858 aer
2652 4805 2827 4857 avium
2877 4803 3217 4858 multitudine
3264 4815 3489 4858 ornatus

1897 4909 2033 4953 erat.
2064 4898 2250 4952 Omnia
2298 4907 2478 4966 parata
2526 4906 2716 4961 erant,
2747 4907 2799 4951 et
2850 4896 3259 4951 desiderabatur
3301 4897 3484 4951 homo.

1896 4991 2011 5043 Non
2040 4990 2112 5043 illi
2146 4992 2483 5045 contumelia:
2511 5000 2611 5053 est,
2649 4990 2789 5058 quod
2817 4990 2886 5043 sit
2911 4999 3232 5058 postremus,
3263 4990 3355 5043 sed
3386 4990 3488 5043 hoc

1897 5082 1971 5135 illi
2004 5082 2145 5136 cedit
2172 5082 2360 5135 honori
2398 5100 2411 5134 :
2443 5093 2777 5150 praeparatur
2803 5082 2945 5136 enim
2973 5082 3195 5145 domus,
3231 5090 3281 5135 et
3329 5080 3476 5134 indu:

1894 5174 2035 5227 citur
2064 5184 2213 5243 pater
2246 5174 2496 5228 familias.
2532 5174 2668 5227 Nihil
2701 5174 2897 5243 quippe
2930 5174 3071 5227 Deus
3111 5173 3485 5241 intempestive

1900 5276 1954 5321 et
1980 5268 2096 5321 sine
2127 5268 2288 5321 modo
2321 5268 2473 5333 facit,
2518 5268 2610 5322 sed
2640 5277 2828 5321 cuncta
2858 5268 2923 5320 ad
2954 5276 3158 5320 certum
3197 5281 3371 5319 usum.
3408 5267 3483 5317 Ac

1894 5358 2013 5412 vide
2037 5358 2299 5411 ordinem.
2334 5360 2512 5413 Primo
2545 5360 2666 5414 fecit
2691 5360 2827 5413 Deus
2854 5358 3071 5411 herbam
3103 5369 3150 5413 et
3178 5359 3397 5420 faenum,
3428 5365 3483 5408 ct

1893 5462 2076 5522 postea
2102 5454 2352 5507 animalia
2376 5471 2494 5523 qua:
2522 5454 2606 5507 his
2632 5452 2979 5506 nutrirentur.
3007 5451 3114 5505 Nisi
3138 5452 3277 5504 enim
3301 5457 3483 5501 essent

1890 5544 2173 5611 alimenta,
2230 5545 2599 5615 intempestiva
2646 5545 2835 5599 fuisset
2882 5543 3189 5598 animalium
3235 5541 3479 5606 creatio,

1890 5651 2009 5706 quae
2055 5638 2276 5706 penuria
2314 5636 2579 5692 fructuum
2613 5637 2897 5690 laboraret.
2931 5633 3079 5688 Fecit
3107 5632 3359 5685 alimenta
3382 5673 3397 5694 ,
3425 5641 3481 5686 et

1890 5737 2010 5798 post
2035 5744 2096 5782 ea
2132 5746 2251 5799 qua:
2295 5730 2358 5783 iis
2394 5730 2671 5785 alerentur
2716 5726 2980 5789 condidit;
3012 5725 3182 5795 primo
3224 5724 3289 5777 ad
3324 5739 3481 5780 usum

1890 5821 2215 5894 necessaria,
2258 5819 2454 5877 deinde
2512 5820 2712 5878 inducit
2751 5836 2813 5877 ea
2861 5834 2979 5890 qua:
3034 5816 3135 5872 illis
3178 5826 3477 5873 uterentur.
