3984 6462
431 472 548 528 463

436 571 636 628 Eodem
671 570 833 626 modo
878 585 943 628 se
989 570 1042 624 in
1069 568 1364 640 Scripturis
1400 568 1585 640 gessit.
1615 572 2037 628 Antecesserunt

433 665 709 719 Christum
736 662 1026 732 Scriptum
1049 661 1222 730 ipsum
1251 659 1628 731 praedicantes,
1653 670 1708 715 et
1738 670 1864 716 tunc
1890 662 2036 718 venit

434 757 480 813 is
521 772 682 827 quem
735 756 1122 826 praedicabant.
1166 755 1574 811 Praecesserunt
1610 757 1946 820 testimonia,
1981 765 2037 810 ut

433 849 748 905 crederetur
772 849 845 911 ei,
875 848 943 902 de
987 861 1095 918 quo
1136 848 1505 903 testimonium
1557 848 1844 902 ferebatur.
1894 849 2039 902 Prat-

435 949 601 1002 cessit
633 947 740 1012 lex,
775 953 834 1000 ut
863 943 1180 1014 praedicaret
1209 945 1598 1016 legislaterem.
1631 945 2037 999 Przecesserunt

436 1039 754 1109 propheta,
798 1045 856 1094 ut
898 1037 1049 1093 illum
1095 1036 1472 1104 declararent,
1511 1036 1578 1093 de
1625 1051 1730 1106 quo
1774 1035 2036 1090 vaticina~

434 1130 652 1186 bantur.

508 1220 798 1292 Scriptura:
817 1236 907 1275 cur
925 1217 1125 1274 Judaeis
1153 1219 1361 1274 relictre.
1379 1247 1455 1260 —
1474 1218 1554 1273 Ae
1573 1217 1695 1272 vide
1715 1217 2037 1288 sapientiam

432 1313 556 1368 Dei.
601 1313 911 1382 Scripturas
957 1311 1342 1383 prephetarum
1391 1325 1499 1368 non
1544 1310 1668 1365 sivit
1710 1310 1762 1364 in
1794 1309 2038 1364 Ecclesia

437 1407 610 1460 solum
633 1422 778 1474 esse,
803 1405 900 1462 sed
927 1415 980 1461 et
1001 1407 1139 1476 apud
1163 1405 1407 1461 Judaaos:
1429 1417 1486 1461 ut
1503 1406 1578 1460 illi
1596 1414 2037 1476 coarguerentur,

434 1497 654 1567 reliquit
680 1512 773 1554 eas
797 1497 938 1568 apud
961 1497 1179 1553 Judaaos
1204 1497 1476 1568 indignos,
1504 1497 1597 1551 Dei
1617 1498 1820 1560 hostes,
1839 1496 2039 1552 Christi

435 1590 703 1644 inimicos.
721 1588 830 1644 Cur
851 1605 978 1660 ergo
1006 1589 1056 1644 id
1081 1589 1227 1654 fecit,
1253 1605 1351 1644 nec
1372 1590 1441 1643 sb
1466 1590 1571 1644 illis
1591 1589 1897 1660 Scripturas
1919 1591 2040 1645 absv

434 1681 597 1738 tulit?
630 1682 864 1737 Evidens
893 1692 1183 1746 causaest,
1215 1697 1314 1738 nec
1355 1682 1518 1736 multa
1561 1683 1877 1752 probatione
1904 1698 2040 1752 opus

435 1774 618 1829 habet.
653 1773 725 1829 Ut
750 1774 1060 1844 praedicatio
1085 1789 1203 1829 mea
1227 1790 1333 1829 non
1355 1785 1606 1845 suspecta
1628 1785 1794 1831 esset.
1818 1776 1874 1830 Si
1895 1775 2042 1831 solus

437 1867 733 1937 prophetas
762 1866 1021 1922 haberem
1041 1909 1055 1932 ,
1086 1879 1272 1937 posset
1299 1868 1610 1924 incredulus
1645 1868 2037 1924 contradicere.

435 1962 688 2015 Aususne
708 1975 884 2016 essem
912 1976 1013 2031 ego
1035 1960 1239 2024 dicere,
1264 1961 1407 2015 Dixit
1433 1961 1668 2033 Moyses.
1695 1961 1830 2016 dixit
1852 1961 2038 2028 Isaias,

436 2061 527 2105 aut
554 2051 694 2106 dixit
729 2053 970 2121 reliquus
997 2053 1382 2122 prophetarum
1412 2053 1582 2118 ordo,
1616 2053 1684 2107 de
1710 2052 1952 2118 Christo,
1986 2061 2043 2107 et

435 2143 505 2198 de
533 2143 597 2198 iis
628 2159 748 2212 quae
789 2151 1034 2213 tempore
1079 2143 1345 2201 adventus
1369 2145 1491 2215 ejus
1537 2154 1798 2200 eventura
1843 2145 2041 2200 erant?

439 2234 655 2289 Poterat
681 2234 853 2304 quivis
879 2235 1244 2304 respondere:
1271 2236 1550 2292 Undenam
1580 2238 1780 2292 scimus
1801 2237 2041 2308 Mnysem

437 2325 606 2381 fuisse
639 2328 994 2396 prophetam,
1029 2338 1084 2382 ct
1129 2327 1246 2383 htec
1277 2329 1501 2395 dixisse,
1547 2339 1639 2382 aut
1691 2329 2037 2398 praedicasse,

439 2417 896 2486 quemadmodum
931 2419 1083 2472 vobis
1107 2419 1429 2473 Christianis
1467 2420 1534 2473 ad
1570 2421 2040 2476 confirmationem

435 2506 701 2561 doctrinm
720 2516 911 2561 vestrm
931 2507 1201 2563 blaterare
1219 2510 1391 2564 visum
1412 2519 1512 2575 est,
1537 2511 1826 2581 prophetas
1850 2527 2044 2580 nempe

439 2598 667 2668 lingere,
697 2609 753 2654 et
798 2600 1016 2654 nemina
1046 2599 1292 2656 fabulose
1334 2603 1710 2657 comminisci?
1751 2619 1922 2658 nosne
1951 2605 2045 2659 dc-

439 2691 628 2746 bcinus
658 2694 796 2748 hanc
824 2696 1199 2752 auctoritatem
1226 2697 1551 2754 admittere?
1576 2698 1730 2754 Nunc
1760 2715 1891 2754 vero
1916 2715 2046 2755 con-

439 2783 758 2849 tradicenti,
801 2787 1012 2841 etiamsi
1059 2791 1267 2858 magnis
1323 2791 1562 2845 munitus
1617 2792 1687 2846 sit
1726 2792 2041 2859 ratiociniis,

434 2877 612 2932 omnis
656 2879 863 2934 sublata
908 2881 1122 2935 occasio
1162 2891 1264 2948 est,
1318 2899 1385 2938 ee
1423 2884 1564 2954 quod
1606 2885 1697 2939 illa
1740 2886 2042 2940 testimonia

434 2971 577 3042 apud
612 2975 757 3042 ipsos
783 2973 1025 3042 deposita
1053 2975 1180 3041 sint,
1212 2991 1332 3045 qua:
1358 2991 1458 3031 nos
1498 2977 1565 3030 ad
1590 2977 1900 3048 dogmatum
1939 2993 2042 3032 ne-

435 3078 672 3119 strermn
709 3067 1076 3122 defensionem
1115 3068 1405 3123 all‘erimus.
1448 3069 1603 3126 Unde
1642 3071 1785 3125 enim
1825 3071 2041 3142 coargui

435 3172 541 3212 non
564 3159 735 3228 possit
754 3174 942 3214 eorum
962 3160 1184 3214 levitas?
1207 3161 1286 3216 Ne
1311 3163 1470 3231 igitur
1495 3162 1612 3217 base
1628 3162 1893 3229 dicantur,
1919 3180 2042 3232 per-

436 3251 585 3306 misit
629 3261 687 3306 ut
716 3251 839 3307 libri
885 3252 1284 3323 Scripturarum
1329 3254 1469 3323 apud
1500 3254 1622 3308 illos
1666 3264 1883 3318 essent,
1914 3257 2044 3311 utsi

439 3344 568 3399 mihi
611 3344 746 3399 ﬁdes
791 3353 1034 3415 negetur,
1063 3346 1213 3414 quasi
1259 3347 1324 3401 ad
1352 3346 1692 3417 propriorum
1731 3347 2044 3418 dogmatum

435 3438 661 3507 gratiam
693 3439 781 3493 illa
811 3440 1164 3496 conlinxerim
1185 3482 1200 3507 ,
1228 3440 1333 3496 illis
1363 3440 1497 3495 fides
1524 3441 1822 3510 habeatur,
1854 3443 1942 3513 qui
1975 3440 2043 3495 ab

436 3529 542 3584 illis
585 3531 926 3601 dogmatibus
971 3533 1283 3589 abhorrent.
1311 3533 1368 3590 Si
1415 3533 1656 3590 Judaeum
1705 3536 2040 3606 interroges,

435 3637 544 3675 non
573 3621 696 3677 dico
727 3624 1012 3692 quemdam
1042 3625 1110 3680 de
1141 3626 1298 3694 plebe
1324 3641 1386 3681 ac
1421 3625 1493 3680 de.
1529 3627 1712 3692 turba,
1745 3628 1839 3682 sed
1868 3629 1957 3697 qui
1988 3636 2043 3683 ct

435 3716 600 3770 verbo
625 3715 823 3785 polleat
853 3726 907 3770 et
934 3717 1106 3787 legem
1139 3726 1338 3784 teneat,
1365 3717 1531 3772 Estne
1551 3719 1835 3774 Christus?
1856 3729 1909 3774 et
1932 3734 2039 3774 non

432 3807 576 3863 dicat
607 3824 713 3862 non
754 3824 876 3864 esse
896 3851 910 3874 ,
937 3810 1034 3865 sal
1063 3825 1186 3865 esse
1227 3810 1467 3880 quidem,
1495 3821 1551 3865 at
1578 3827 1683 3868 non
1725 3829 1846 3868 esse
1873 3813 2036 3880 hunc,

431 3915 592 3969 quem
620 3913 718 3954 ves
757 3897 966 3964 dicitis,
995 3900 1090 3953 sed
1117 3901 1280 3954 alium
1311 3917 1326 3954 :
1359 3901 1618 3956 hactenus
1646 3904 1734 3958 ille
1778 3919 1890 3957 rem
1930 3920 2040 3958 non

430 3989 647 4054 evertit,
681 3989 774 4044 sed
800 4004 1083 4058 personam
1108 3991 1160 4044 in
1188 3989 1407 4045 dubium
1439 3994 1668 4047 vocavit.
1697 3994 1852 4048 Aliud
1876 4010 2041 4064 porro

429 4090 514 4135 est
545 4096 660 4136 rem
703 4097 922 4152 negare,
956 4082 1100 4137 aliud
1151 4099 1283 4138 vero
1325 4099 1632 4156 personam.
1678 4086 1742 4143 Ut
1787 4090 1830 4143 si
1861 4090 1981 4160 quis
2007 4105 2039 4146 a

431 4188 518 4228 me
545 4172 785 4228 debitum
814 4183 1081 4244 reposcat,
1114 4175 1257 4230 aliud
1283 4187 1366 4231 est
1389 4177 1590 4245 dicere,
1609 4178 1725 4233 Non
1758 4179 1950 4245 debeo,
1983 4190 2038 4236 et

427 4264 572 4318 aliud
598 4264 801 4332 dicere,
823 4265 937 4320 Non
967 4265 1083 4330 tibi,
1107 4267 1202 4322 sed
1223 4268 1312 4323 alii
1335 4268 1528 4324 debeo.
1554 4269 1772 4325 Interim
1794 4271 2036 4328 debitum

428 4356 481 4412 in
512 4357 766 4415 confesso
791 4368 892 4413 est.
921 4361 1073 4426 Quod
1097 4361 1254 4431 igitur
1281 4359 1528 4418 Christus
1555 4363 1644 4429 sit,
1673 4364 1725 4418 id
1757 4365 1832 4419 illi
1864 4366 2036 4419 conli-

430 4460 634 4514 tentur,
662 4450 911 4505 dubitant
936 4460 1115 4508 autem
1146 4468 1213 4507 an
1243 4452 1330 4508 hic
1355 4455 1446 4520 sit,
1479 4455 1568 4524 qui
1598 4471 1631 4509 a
1655 4455 1809 4510 nobis
1837 4457 2035 4527 praidi-

424 4551 599 4608 catur,
620 4552 674 4598 et
690 4559 816 4598 eum
844 4545 934 4612 qui
963 4561 1067 4598 non
1091 4545 1301 4601 exsistit
1326 4546 1634 4613 admittunt,
1654 4549 1778 4618 quia
1797 4565 1921 4603 eum
1943 4551 2032 4619 qui

427 4652 557 4693 vere
588 4648 671 4692 est
700 4647 983 4708 negarunt.
1013 4639 1082 4694 Et
1107 4639 1357 4694 advertas
1390 4642 1580 4703 velim,
1610 4643 1783 4711 ipsum
1812 4643 2028 4712 legisla-

425 4738 597 4783 terem
642 4727 881 4801 Meysem
921 4729 1036 4799 ipsa
1079 4729 1310 4785 hominis
1340 4730 1662 4786 formatione
1699 4733 1893 4788 Filium
1943 4736 2031 4789 in-

422 4822 641 4887 ducere,
663 4822 886 4892 ejusque
900 4824 1285 4894 cognitionem.
1305 4825 1467 4892 Dixit,
1485 4825 1606 4880 Fiat
1623 4828 1998 4896 ﬁrmamentum
2010 4853 2032 4901 ,-

421 4913 577 4978 dixit,
607 4913 864 4969 Genninct
905 4925 1077 4978 terra;
1103 4916 1266 4982 dixit,
1304 4917 1540 4972 Educant
1568 4935 1732 4988 aquw.
1763 4919 1898 4974 Cum
1929 4937 2030 4976 au-

423 5017 530 5061 tem
556 5008 703 5062 venit
747 5009 814 5062 ad
843 5007 1115 5062 hominem
1144 5011 1218 5063 ait
1249 5029 1260 5063 :
1294 5010 1359 5064 Et
1389 5013 1516 5065 dixit
1542 5011 1713 5078 Deus,
1750 5013 2030 5072 Faciamus

421 5102 697 5155 hominem.
727 5102 999 5185 Interrogo
1019 5102 1293 5158 Judaeum:
1318 5107 1374 5158 Si
1395 5107 1542 5159 solus
1563 5117 1666 5172 est,
1691 5123 1790 5162 nec
1807 5117 1888 5162 est
1903 5124 2024 5162 cum

421 5211 486 5249 eo
537 5195 722 5261 Filius,
771 5212 929 5264 quem
982 5206 1366 5265 prtcdicamus,
1417 5200 1461 5253 si
1509 5214 1617 5256 non
1665 5209 1749 5255 est
1794 5201 2028 5272 Spiritus

419 5297 658 5352 sanctus,
688 5303 846 5356 quem
871 5288 1178 5354 adoramus,
1206 5291 1419 5346 cuinam
1450 5291 1603 5355 dixit,
1629 5291 1905 5347 Faciamus
1933 5296 2025 5348 lio-

420 5379 646 5432 miucm?
675 5379 879 5433 Cielum
907 5380 1060 5448 jussu
1092 5383 1206 5435 sele
1237 5381 1384 5446 facit,
1414 5392 1608 5437 terram
1637 5393 1691 5438 et
1719 5386 1919 5455 reliqua
1950 5387 2022 5441 si-

419 5472 648 5524 militer:
678 5487 800 5525 cum
826 5472 1096 5527 hominem
1117 5483 1285 5540 creat,
1311 5473 1644 5530 divinitatem
1668 5477 1786 5531 Filii
1805 5478 2019 5534 demum

419 5565 609 5619 volens
626 5566 776 5634 quasi
802 5581 894 5634 per
914 5566 1174 5620 fenestras
1194 5569 1630 5638 conspiciendam
1654 5571 1915 5640 praebere.
1935 5572 2019 5626 di-

416 5655 510 5719 cit,
535 5654 809 5709 Faciamus
832 5658 1122 5723 ltominem;
1147 5669 1203 5713 ut
1223 5660 1471 5716 ostendat
1498 5662 1642 5716 illum
1671 5665 1722 5716 in
1753 5664 2020 5732 prioribus

417 5749 578 5801 etiam
606 5749 856 5803 creandis
880 5751 978 5804 sibi
1007 5755 1214 5806 socium
1238 5753 1421 5808 fuisse.
1457 5755 1616 5808 Aiunt
1639 5756 1819 5825 itaque
1845 5755 2018 5811 Judaei

417 5840 466 5892 in
498 5850 783 5910 angustum
828 5841 1066 5909 redacti,
1102 5860 1201 5898 nec
1248 5847 1487 5901 valentes
1536 5848 1604 5901 ita
1649 5858 1888 5918 apertam
1932 5849 2015 5902 di-

415 5935 645 5990 ctionem
680 5944 916 6002 muttire,
951 5936 1120 6008 ipsum
1154 5937 1205 5993 id
1233 5939 1435 6009 angelis
1477 5939 1674 5996 dixisse
1704 5958 1716 5994 :
1762 5941 2012 6012 quoniam

1902 452 2280 511 SEVENANI

3634 490 3756 543 464

2146 567 2400 626 dictionis
2444 581 2689 627 naturam
2738 582 2924 643 aperte
2963 590 3164 646 negare
3194 591 3301 633 non
3345 590 3606 648 possunt,
3654 582 3766 637 alio

2145 665 2309 717 modo
2363 663 2705 734 negationem
2763 665 2906 720 illam
2961 667 3253 724 insinuant.
3310 670 3535 727 Cuinam
3598 673 3766 745 igitur

2145 754 2301 820 dixit,
2331 753 2653 810 Faciamus?
2678 758 2920 830 Angelis,
2950 760 3214 830 inquiunt.
3246 762 3474 832 Quaere,
3498 763 3619 821 Utri
3649 781 3765 821 ma-

2144 845 2290 915 jores
2320 856 2466 910 sunt,
2513 848 2714 918 angeli,
2761 864 2826 903 an
2881 850 3335 910 homines?Sanc
3381 856 3578 926 angeli.
3624 856 3766 911 Nam

2145 938 2360 1007 quando
2404 939 2566 993 etiam
2618 939 2908 996 admodum
2955 943 3006 998 in
3055 943 3252 999 virtute
3299 945 3660 1014 profecimus,
3697 963 3768 1002 ne

2148 1039 2275 1085 tunc
2303 1031 2522 1101 quidem
2555 1032 2678 1088 illos
2719 1048 3059 1103 superamus,
3105 1036 3200 1092 sed
3229 1052 3385 1107 pares
3426 1039 3505 1094 eis
3549 1055 3765 1094 sumus.

2146 1121 2299 1176 Nunc
2332 1139 2465 1178 vere
2506 1123 2571 1179 iis
2599 1134 2790 1180 natura
2830 1125 2988 1197 longe
3027 1127 3309 1185 inferiores
3337 1143 3545 1197 sumus,
3578 1130 3767 1187 incer-

2147 1217 2433 1286 poreisque
2457 1217 2661 1288 angelis
2685 1233 2870 1274 smnus
2901 1220 3156 1276 minores.

2221 1306 2276 1362 6.
2308 1309 2446 1362 Audi
2479 1311 2734 1366 Davidem
2764 1311 2863 1366 hac
2886 1312 2955 1368 de
2979 1327 3042 1367 re
3069 1313 3448 1371 tcstiﬁcantcm
3478 1334 3492 1370 :
3520 1315 3666 1383 Quid
3691 1327 3768 1371 est

2147 1401 2321 1464 homo,
2350 1401 2484 1472 quod
2505 1419 2696 1457 memor
2724 1420 2776 1456 es
2799 1405 2929 1474 ejus,
2964 1415 3055 1458 aut
3083 1404 3220 1475 ﬁlius
3252 1407 3492 1472 hominis,
3514 1409 3770 1478 quoniam

2147 1493 2321 1546 visitas
2368 1495 2524 1548 eum?
2569 1495 2808 1550 Minuiin
2855 1513 2972 1551 eum
3024 1497 3179 1567 paulo
3232 1498 3401 1552 minus
3448 1497 3511 1551 ab
3565 1501 3768 1569 angelis

2149 1583 2323 1654 (Psal.
2351 1586 2405 1642 8.
2429 1586 2483 1641 5.
2505 1584 2582 1656 6).
2608 1586 2766 1642 Certe
2788 1587 3024 1644 minores
3051 1590 3253 1660 angelis
3281 1605 3467 1646 sumus
3496 1608 3510 1644 :
3554 1605 3657 1645 nos
3686 1592 3772 1644 in-

2149 1674 2407 1742 feriores,
2437 1678 2611 1746 angeli
2640 1678 2900 1747 majores.
2931 1679 2986 1735 Si
3015 1695 3135 1734 cum
3169 1679 3444 1736 hominem
3475 1681 3630 1735 illum
3664 1683 3768 1736 mi-

2149 1781 2336 1821 norem
2390 1766 2614 1834 faceret,
2659 1784 2795 1839 epus
2841 1770 3030 1827 habuit
3080 1771 3287 1843 angelis
3336 1773 3667 1828 consiliariis
3714 1783 3770 1829 ct

2148 1857 2508 1927 adjutoribus,
2538 1875 2659 1914 cum
2691 1861 2924 1930 majores
2954 1863 3189 1929 faceret,
3234 1881 3339 1918 non
3369 1880 3536 1919 unum
3567 1881 3770 1934 nempe

2148 1951 2438 2020 angelum,
2487 1954 2582 2006 sed
2631 1953 2720 2006 illa
2768 1955 2933 2008 millia
2977 1955 3204 2011 millium
3253 1957 3768 2023 innumerabilium;

2149 2043 2607 2111 quemadmodum
2641 2044 2784 2099 enim
2809 2046 3091 2101 luminaria
3121 2048 3280 2102 simul
3303 2049 3486 2104 omnia
3512 2047 3665 2114 fecit,
3691 2051 3772 2106 sic

2147 2145 2203 2190 et
2231 2136 2453 2205 angelos
2481 2145 2536 2191 et
2572 2137 2929 2208 archangelns
2973 2139 3167 2205 simul;
3200 2149 3256 2194 et
3285 2149 3364 2195 tot
3405 2149 3529 2196 sunt
3560 2149 3621 2195 ut
3647 2156 3771 2196 om-

2148 2244 2273 2283 nem
2317 2240 2576 2299 superent
2622 2246 2930 2298 numerum,
2980 2233 3284 2303 clamatque
3317 2233 3500 2287 Daniel
3538 2252 3552 2288 ε
3586 2231 3770 2288 Decies

2149 2323 2334 2376 millies
2363 2323 2495 2377 dena
2519 2324 2682 2377 millia
2704 2325 3058 2379 ministrabant
3081 2327 3145 2392 ei,
3167 2337 3216 2380 et
3239 2326 3400 2380 millia
3427 2327 3653 2381 millium
3675 2328 3772 2380 ad-

2149 2415 2350 2468 stabant
2379 2417 2423 2469 ei
2450 2415 2610 2485 (Dan.
2644 2418 2697 2470 '1.
2725 2416 2838 2486 10).
2870 2417 3018 2471 Dena
3045 2418 3209 2471 millia
3240 2417 3504 2473 denorum
3532 2419 3768 2474 millium

2149 2509 2470 2578 angelorum
2516 2508 2663 2575 fecit,
2709 2509 2983 2579 milliaque
3027 2510 3252 2565 millium
3290 2511 3766 2581 archangelorum,

2150 2615 2250 2655 nec
2291 2615 2428 2670 epus
2475 2601 2661 2656 habuit
2706 2603 3017 2659 consiliario
3065 2612 3158 2658 aut
3195 2603 3482 2674 adjutore,
3533 2615 3591 2660 et
3641 2621 3771 2660 cum

2150 2709 2317 2746 unum
2341 2692 2548 2749 faceret
2576 2695 2778 2750 luteum
2813 2697 3121 2761 hominem,
3154 2697 3380 2751 consilio
3412 2697 3615 2763 utitur,
3651 2715 3770 2753 ser-

2151 2802 2367 2841 monem
2390 2787 2620 2853 confert,
2654 2788 2937 2843 consilium
2963 2787 3099 2842 init?
3129 2788 3254 2855 Quis
3279 2798 3353 2841 est
3375 2788 3565 2842 Itonia?
3589 2805 3771 2844 nonne

2150 2888 2296 2935 terra
2325 2889 2379 2935 et
2402 2881 2471 2936 de
2509 2880 2692 2935 terra?
2719 2895 2901 2935 nonne
2930 2880 3068 2936 cinis
3113 2888 3168 2934 et
3194 2879 3408 2934 favilla?
3445 2880 3770 2949 Clamatque

2149 2971 2422 3026 Abraham
2449 2988 2601 3028 suam
2637 2972 2941 3043 praedicans
2962 2973 3223 3028 vilitatem
3257 2990 3272 3027 :
3305 2970 3419 3044 Ego
3446 2983 3623 3027 autem
3654 2990 3769 3027 sum

2151 3073 2287 3119 terra
2314 3075 2364 3119 ct
2389 3067 2517 3120 cinis
2547 3064 2703 3136 (Gen.
2740 3067 2827 3121 18.
2859 3067 2977 3136 27).
3010 3065 3149 3135 Quid
3178 3075 3304 3121 sunt
3335 3066 3553 3137 angeli?
3584 3082 3768 3121 nonne

2149 3158 2409 3227 spiritus?
2454 3174 2634 3214 nonne
2678 3160 2859 3229 ignis?
2901 3159 3036 3214 Audi
3079 3160 3340 3214 Davidem
3382 3158 3715 3214 clamantem
3752 3176 3764 3212 :

2154 3250 2257 3316 Qui
2284 3255 2411 3321 facit
2437 3251 2648 3322 angelos
2675 3269 2794 3306 suos
2824 3253 3053 3323 spiritus,
3083 3262 3130 3305 et
3161 3253 3419 3306 ministros
3444 3268 3569 3305 suos
3597 3253 3767 3322 ignem

2151 3352 2376 3395 urentem
2403 3341 2576 3415 (Psal.
2608 3342 2733 3397 105.
2762 3343 2843 3412 4).
2875 3342 3007 3397 Cum
3035 3343 3172 3413 ignis
3201 3354 3448 3396 naturam
3476 3343 3764 3408 conderet,

2149 3433 2515 3504 intelligentes
2544 3443 2600 3490 et
2627 3434 2977 3505 incorporees
3002 3437 3244 3504 Spiritus,
3275 3450 3379 3489 non
3407 3451 3546 3506 opus
3579 3437 3766 3492 habuit

2148 3526 2478 3593 consiliario,
2533 3542 2639 3582 non
2685 3527 2850 3592 socio,
2903 3543 3009 3583 non
3055 3528 3162 3583 alio
3207 3529 3461 3598 quapiam
3503 3529 3559 3582 in
3597 3544 3767 3598 opere

2147 3617 2395 3687 adjutore
2427 3637 2439 3672 :
2473 3627 2530 3674 et
2558 3635 2681 3674 cum
2714 3635 2837 3676 eum
2861 3621 2952 3690 qui
2983 3620 3052 3676 de
3081 3630 3224 3676 terra
3253 3631 3334 3677 est
3361 3620 3570 3688 condit,
3602 3623 3766 3676 mise-

2147 3723 2264 3762 rum
2296 3708 2468 3776 illum,
2500 3710 2692 3777 vilem,
2726 3712 2815 3781 qui
2846 3711 2994 3766 brevi
3027 3721 3210 3782 postea
3253 3722 3498 3782 tempore
3537 3731 3649 3767 non
3681 3713 3764 3766 fu-

2148 3809 2300 3854 turus
2330 3809 2434 3866 est,
2470 3803 2559 3870 qui
2592 3803 2645 3856 in
2694 3802 2944 3872 sepulcro
2991 3803 3348 3868 dissolvetur,
3379 3807 3467 3873 qui
3516 3813 3764 3876 tempore

2145 3902 2518 3960 consumetur,
2571 3895 2856 3949 consilium
2904 3896 3021 3963 init,
3065 3898 3380 3952 consultat?
3428 3897 3632 3963 Etiam,
3685 3899 3765 3951 in-

2148 3987 2320 4057 quiet,
2347 3987 2501 4043 dccet
2530 3988 2819 4044 Dominum
2852 3991 2921 4046 ob
2951 3995 3228 4046 summam’
3243 4008 3394 4046 suam
3427 3993 3760 4058 bonitatem,

2146 4079 2330 4136 dicere
2359 4081 2574 4136 famulis
2598 4083 2956 4151 praesentibus
2978 4126 2994 4152 ,
3027 4084 3165 4152 Quid
3194 4084 3313 4140 fieri
3346 4086 3604 4155 oportet?
3634 4088 3760 4156 quid

2146 4173 2446 4229 faciemus?
2469 4175 2582 4230 llec
2613 4191 2828 4248 quoque
2853 4178 3096 4234 concedo
3115 4221 3130 4242 ,
3159 4193 3222 4233 ac
3253 4189 3371 4248 post
3402 4189 3610 4234 tantum
3641 4198 3760 4236 rer.

2146 4274 2347 4333 tamen,
2375 4266 2604 4322 admitte
2624 4309 2640 4335 ,
2669 4269 2821 4334 illud,
2853 4268 3160 4336 Faciamus,
3193 4271 3259 4325 ad
3300 4273 3523 4342 angelos
3551 4273 3756 4329 dictum

2143 4359 2327 4415 fuisse.
2363 4359 2518 4427 lllud,
2548 4360 2849 4428 Faciamus,
2879 4364 3071 4419 audisti
3094 4381 3107 4428 ;
3134 4365 3259 4420 illud
3281 4381 3428 4433 vero,
3455 4367 3757 4423 Secundum

2141 4452 2414 4524 imaginem
2437 4463 2487 4508 et
2509 4455 2893 4509 similitudinem
2914 4471 3019 4510 non
3043 4458 3260 4512 vidisti?
3286 4458 3396 4512 llec
3421 4462 3568 4513 enim
3591 4463 3757 4515 verbo

2139 4544 2448 4602 Iudaeorum
2475 4556 2530 4602 et
2552 4548 2927 4604 haereticorum
2956 4566 3049 4604 ora
3074 4551 3368 4605 ebstruam.
3395 4551 3585 4622 Neque
3610 4556 3756 4610 enim

2139 4637 2380 4705 Judazus,
2424 4654 2598 4710 neque
2627 4657 2839 4695 rursum
2880 4641 3198 4705 hatreticus,
3233 4644 3347 4712 ipse
3382 4661 3599 4715 quoque
3631 4664 3755 4701 vere

2137 4729 2390 4796 Iudaeus;
2426 4732 2534 4785 imo
2562 4732 2714 4802 pejor
2746 4752 2760 4788 :
2794 4733 2865 4787 illi
2901 4749 3132 4803 namque
3161 4749 3359 4803 Corpus
3397 4737 3610 4792 visibile
3633 4755 3754 4792 cru-

2138 4821 2460 4887 cilixcrunt;
2512 4821 2564 4876 hi
2620 4839 2748 4878 vero
2807 4823 3137 4880 divinitatem
3193 4827 3516 4881 invisibilem
3575 4830 3752 4898 impn~

2137 4925 2304 4985 guant
2323 4931 2335 4979 ;
2356 4915 2463 4968 imo
2483 4917 2862 4986 veroipsorum
2879 4918 3126 4973 salutem.
3150 4919 3350 4974 Verum
3377 4929 3430 4975 ct
3453 4921 3527 4974 illi
3550 4922 3750 4991 ἱιιιρω-

2135 5011 2311 5064 sibilia
2355 5010 2570 5079 aggredi
2612 5010 2966 5066 detnonSIrati
2998 5022 3140 5067 sunt.
3165 5012 3506 5082 Quapropter
3554 5018 3746 5084 partim

2138 5116 2324 5172 poenas
2367 5100 2524 5171 hujus
2564 5101 2818 5158 facinoris
2860 5105 2912 5158 in
2953 5107 3202 5173 praesenti
3245 5105 3532 5172 dederunt,
3578 5123 3749 5176 genus

2135 5211 2293 5248 suum
2325 5193 2571 5248 videntes
2605 5211 2701 5264 per
2731 5205 2899 5250 totum
2933 5197 3118 5251 orbem
3160 5198 3461 5268 dispersum
3520 5200 3745 5255 Detnum

2135 5297 2315 5340 autem
2361 5287 2462 5340 illis
2503 5297 2741 5341 extrema
2775 5290 2903 5341 ultio
2941 5298 3024 5342 est
3055 5289 3372 5358 inlligenda,
3402 5292 3620 5361 quando
3650 5309 3744 5347 cx-

2139 5390 2370 5434 tren‘ium
2420 5382 2660 5434 enmium
2705 5382 2965 5451 judicium
3015 5383 3347 5436 rcddendmn
3399 5387 3521 5438 erit.
3568 5387 3744 5452 Atque

2134 5475 2200 5527 ah
2247 5473 2375 5542 ipsis
2404 5488 2500 5526 suo
2545 5483 2790 5541 tempore
2837 5476 3142 5542 promerita}
3188 5485 3500 5544 repetentur
3543 5492 3738 5546 postne.

2130 5567 2267 5634 Quid
2297 5581 2473 5620 causae
2502 5566 2661 5633 igitur
2686 5577 2789 5629 est,
2819 5582 2912 5620 cur
2937 5565 3036 5621 hes
3058 5583 3248 5621 omnes
3270 5584 3554 5624 sermones
3589 5572 3741 5625 Vobis

2130 5661 2541 5731 proposuerim?
2584 5661 2717 5716 Volo
2765 5663 2910 5717 enim
2963 5679 3173 5717 rursum
3225 5665 3418 5718 seriem
3466 5679 3738 5736 repetere.

2126 5753 2244 5808 Non
2269 5755 2427 5808 audet
2451 5754 2762 5820 liznrelicus,
2787 5772 2888 5810 nec
2920 5755 3080 5811 audet
3100 5756 3314 5812 ,Ιιιόωυς
3342 5756 3547 5824 dicere,
3580 5776 3735 5812 unam

2127 5863 2246 5903 esse
2281 5848 2372 5903 Dei
2415 5857 2468 5902 ct
2497 5849 2809 5917 angelorum
2860 5851 3166 5920 imaginem.
3215 5849 3353 5904 Num
3391 5853 3594 5922 angeli,
3643 5853 3737 5921 qui

2131 5941 2254 5996 facti
2278 5947 2422 6009 sunt,
2448 5940 2723 6011 adjutores
2747 5942 2840 5999 Dei
2862 5941 3097 5999 fuerint?
3115 5942 3340 5999 Ministri
3357 5945 3534 6002 solum
3559 5956 3733 6010 erant,
