3984 6420
187 515 386 589 πευθῇ
443 512 473 564 ό
521 503 985 589 μαρτυρούμενος
1038 498 1346 589 Προέλαϐεν
1390 499 1427 589 δ
1448 497 1649 589 Νόμος,
1691 493 1780 589 ’ίνα

184 576 400 672 κηρύξῇ
427 576 882 659 τδνΝομοθέτην.
913 583 1223 672 Προέλαϐον
1250 583 1547 652 προφῆται,
1573 579 1660 632 ἴνα
1695 576 1786 646 ἐρ-

190 669 506 757 μηνεύσωσι
533 675 625 728 τὸν
649 669 1150 757 ’τιροιρητευόμενονἶ

260 741 366 818 Καὶ
412 763 518 832 ὅρα
557 757 652 810 τοῦ
698 741 840 808 θεοῦ
891 753 990 823 τήν
1031 751 1244 819 σοφίαν.
1276 748 1387 810 Τάς
1419 745 1648 832 Γραᾲφάς
1677 741 1786 832 τῶν

187 828 487 920 προφητῶν
529 844 591 894 οὐ
634 836 1116 920 συνεχώρησεν-ὲν
1163 834 1228 903 τῇ
1282 829 1581 920 Ἰῐκκλησία
1627 828 1787 898 μόνον

187 913 517 992 εἶναιξάὶλά
578 924 674 976 καὶ
713 922 852 992 πρὸς
913 916 1201 979 Ἰουδαίους
1240 931 1254 945 ·
1299 915 1389 967 ἵνα
1422 913 1782 982 ἐλέγχωνται,

188 1017 372 1069 εἴασεν
396 1009 568 1072 αὐτὰς
602 1006 696 1059 καὶ
734 1000 884 1074 παρὰ
930 999 1206 1062 Ἰουδαίοις
1239 1000 1351 1061 τοῖς
1379 995 1638 1060 ἀναξίοις,
1675 996 1787 1057 τοῖς

191 1097 505 1169 θεομάχοις,
531 1092 646 1154 τοῖς
676 1088 889 1169 ἐχθροῖς
921 1079 1308 1169 τοῦ-Χριστοῦ..
1340 1080 1489 1169 Δ-ιατί
1519 1074 1612 1169 οὖν
1632 1077 1788 1169 10610

189 1159 487 1248 πεποίηκε,
525 1174 620 1229 καί¹
649 1175 725 1243 μὴ
747 1159 937 1222 ἐλαϐεν
973 1165 1142 1229 αὐτὰς
1171 1163 1300 1237 παρ’
1327 1161 1542 1248 αύτῶν,
1574 1159 1788 1248 Φανερά

189 1267 225 1337 ἠ
264 1245 414 1319 αἰτία
443 1304 458 1327 ,
487 1261 582 1314 καὶ
631 1258 695 1310 οὐ
743 1252 946 1322 πολλῆς
988 1248 1335 1337 κατασκευῆς
1364 1245 1634 1337 δεομένη.
1669 1245 1788 1337 ’Ὶνα

190 1325 503 1404 ἀνύποπτον
601 1341 662 1393 τὸ
692 1339 823 1407 ἐμὸν
879 1338 1164 1405 κήρυγμα.
1197 1332 1260 1384 Εἰ
1308 1331 1468 1400 μόνος
1494 1325 1637 1414 εἶχον
1663 1327 1789 1389 τοὺς

192 1432 500 1504 προφήτας,
523 1412 649 1495 ἐνῆν
691 1421 967 1504 ἀντειπεῖν
991 1417 1069 1488 τῷ
1100 1415 1438 1504 ἀπιστοῦντι.
1459 1412 1790 1504 ἐβτόλμησα

192 1495 376 1570 εἰπεῖν
400 1511 543 1581 ἐγὼ,
575 1510 656 1562 ὅτι
685 1503 805 1560 εἷπε
857 1504 1121 1571 Μωῦσῆς,
1167 1501 1201 1572 ἢ
1253 1497 1407 1553 εἶπεν
1459 1498 1686 1560 Ἡσαΐας
1707 1537 1721 1560 ,
1754 1495 1788 1568 ἢ

192 1597 313 1653 εἷπε
347 1597 408 1650 τὸ
447 1593 636 1647 λοιπὸν
683 1590 793 1644 τῶν
829 1585 1127 1659 προφητῶν
1173 1584 1383 1654 τάγμα,
1416 1581 1542 1652 περί
1565 1597 1625 1632 τε
1655 1581 1791 1649 Χρι-

193 1681 344 1745 στοῦ,
382 1681 474 1732 καὶ
495 1676 604 1729 τῶν
635 1673 778 1728 κατά
805 1674 896 1725 τῖιν
931 1668 1122 1740 καιρὸν
1157 1668 1256 1733 τῆς
1286 1665 1588 1732 παρουσίας
1623 1660 1787 1717 αὐτοῦ

191 1744 575 1836 γενησομένων
616 1776 631 1827 ;
686 1755 845 1825 Ἐνῆν
898 1753 1175 1805 ἀντειπεῖν
1221 1749 1299 1821 τῷ
1345 1747 1657 1818 βουλομένῳ
1697 1744 1790 1799 καί

193 1832 424 1918 φάσκειν
452 1862 465 1873 -
502 1843 673 1898 Πόθεν
704 1838 881 1902 τοῦτο,
910 1838 995 1890 ὃτι
1030 1835 1272 1918 Μωῦσῆς
1303 1832 1793 1918 ἐγένετόᾷτιςῃπρο-

193 1913 390 2003 φήτης,
425 1930 518 1982 καὶ
566 1923 686 1978 εἷπε
744 1919 997 1990 ταῦτα,ἢ
1052 1917 1336 2003 ἐκήρυξεν,
1379 1916 1456 2003 ώς
1490 1913 1791 2003 ἠθελήσατε

373 2017 422 2066 οἱ
438 2008 753 2084 Χριστιανοὶ
777 2006 910 2076 πρὸς
929 2004 1188 2058 σύστασιν
1214 2002 1323 2054 τῶν
1346 2001 1564 2053 οἰκείων
1585 1997 1792 2089 δογμά-

192 2079 302 2155 τῶν
324 2100 420 2151 καὶ
449 2079 735 2168 προφήτας
757 2090 982 2152 πλάσαι,
1017 2087 1170 2158 {47?}
1201 2086 1295 2140 καὶ
1330 2084 1570 2154 ὀνόματα
1596 2079 1793 2168 μυθεῦ-

196 2203 324 2252 σαι;
357 2166 522 2253 ἡμεῖς
566 2182 630 2232 ἐκ
687 2175 880 2230 τούτου
935 2174 1221 2244 πρόκριμα
1258 2169 1547 2240 ὀφείλομεν
1583 2166 1790 2253 ὑπομέ·

193 2250 340 2336 νειν,
372 2250 490 2321 Νῦν
534 2265 591 2318 δὲ
639 2263 791 2316 πᾶσα
830 2258 908 2329 τῷ
955 2257 1255 2324 ἀντιλέγειν
1316 2254 1662 2325 βουλομένῳ,
1690 2250 1794 2305 κᾶν

198 2352 418 2424 μακρὰν
449 2349 625 2418 ἔχοντι
683 2342 1070 2410 δικαιολογίαν,
1110 2337 1441 2424 περιῄρηται
1497 2337 1792 2424 πρόφασις,

194 2421 279 2491 διὰ
316 2421 380 2488 τὸ
411 2432 616 2494 ταύτας
641 2430 741 2492 τὰς
777 2425 1082 2500 μαρτυρίας
1113 2425 1244 2492 παρ’
1279 2423 1464 2486 αὐτοῖς
1480 2421 1793 2491 τυγχάνειν,

195 2521 260 2582 ἃς
281 2519 446 2588 ἡμεῖς
478 2514 616 2585 πρὸς
647 2511 907 2564 σύστασιν
937 2508 1045 2561 τῶν
1072 2506 1288 2559 οἰκείων
1320 2504 1562 2577 φέρομεν
1592 2501 1796 2572 δογμά-

195 2587 334 2657 των.
360 2599 534 2652 Πόθεν
557 2598 665 2667 γὰρ
698 2594 773 2665 μὴ
807 2592 1032 2646 δυνατὸν
1058 2591 1275 2658 ἐλέγξαι
1320 2590 1421 2659 τὴν
1448 2587 1652 2643 τούτων
1694 2589 1795 2658 ρᾳ-

195 2683 508 2756 διουργίαν;
535 2681 653 2734 Ἴνα
683 2678 860 2731 τοίνυν
887 2677 959 2748 μὴ
978 2675 1154 2728 ταῦτα
1183 2669 1795 2756 λέγηται,συνεχώρησε

201 2771 330 2838 παρ’
366 2764 599 2827 ἐκείνοις
642 2762 711 2814 τὰ
740 2760 850 2813 τῶν
883 2757 1118 2829 Γραφῶν
1150 2758 1442 2827 τυγχάνειν
1477 2755 1676 2825 βιϐλία,
1710 2755 1798 2807 ἵνα

197 2853 302 2907 κᾶν
323 2849 437 2919 ἐγὼ
470 2844 760 2916 ἀπιστηθῶ
788 2843 862 2907 ὼς
893 2843 1030 2914 πρὸς
1050 2841 1210 2914 χάριν
1229 2841 1572 2894 τῶνοίκείων
1595 2838 1800 2909 δογμά-

197 2956 308 2992 των
337 2933 710 3003 πλαττόμενος
747 2928 834 2982 διά
858 2929 956 2998 τὴν
987 2927 1319 2997 οἰκειότητα,
1347 2927 1545 2978 ἐκεῖνοι
1574 2940 1801 2978 πιστευ-

197 3020 338 3075 θῶσι
368 3010 458 3070 διὰ
483 3016 584 3087 τὴν
617 3011 1026 3083 ἀλλοτριότητα.
1058 3010 1184 3064 Ἐὰν
1205 3010 1491 3082 ἐρωτήσῃς
1526 3008 1797 3071 Ἰουδαῖον,

198 3106 261 3159 ού
309 3103 455 3171 λέγω
485 3099 576 3153 τὸν
627 3098 847 3170 χυδαῖον
901 3095 997 3150 καί⁸
1029 3094 1253 3166 δημώδη
1304 3094 1460 3163 όχλον
1482 3132 1496 3156 ,
1523 3091 1661 3146 ἀλλά
1710 3091 1802 3144 τὸν

199 3187 357 3250 ἐντὸς
379 3187 536 3253 λόγου
569 3185 664 3236 καὶ
693 3181 883 3250 νόμου,
920 3179 1078 3232 Ἐστι
1114 3177 1379 3248 Χριστόςς
1413 3178 1506 3230 καὶ
1538 3177 1598 3230 οὐ
1652 3176 1802 3245 λέγει

199 3272 284 3326 δτι
325 3270 440 3322 Οὐκ
465 3267 644 3329 ἔστιν,
673 3264 786 3317 ἀλλ’
812 3265 896 3317 ὅτι
951 3261 1110 3316 Ἐστι
1150 3262 1280 3332 μὲν,
1310 3261 1409 3331 οὑχ
1444 3254 1597 3323 οὗτος
1641 3260 1698 3313 δὲ
1743 3259 1803 3312 ὃν

200 3353 363 3425 ὑμεῖς
404 3352 611 3419 λέγετε,
637 3348 752 3404 ἀλλ’
779 3347 936 3410 ἄλλος
956 3364 968 3377 ·
998 3349 1136 3410 τέιυς
1178 3345 1240 3398 τὸ
1280 3347 1516 3416 πρᾶγμα
1546 3344 1644 3397 οὐκ
1679 3342 1804 3397 ἀνέ-

200 3435 392 3506 τρεψε,
420 3435 548 3505 περὶ
568 3433 625 3486 δὲ
653 3433 716 3486 τὸ
739 3431 1029 3504 πρόσωπον
1060 3428 1534 3483 ἐδίστασεν.Ἀλλο
1567 3427 1624 3481 δέ
1657 3428 1804 3480 ἐστιν

201 3517 550 3592 ἀρνήσασθαι
585 3519 842 3589 πρᾶγμα,
865 3515 994 3569 ἀλλο
1024 3515 1081 3568 δὲ
1112 3515 1426 3586 πρόσωπον.
1445 3507 1572 3569 Οἷον
1597 3513 1692 3566 ἐάν
1720 3529 1804 3576 τις

203 3605 380 3676 ἐνάγῃ
412 3621 503 3672 μοι
547 3603 674 3673 περὶ
702 3601 916 3671 χρέους,
945 3600 1074 3653 ἄλλο
1107 3600 1255 3653 ἐστὶν
1294 3599 1489 3664 εἰπεῖν,
1523 3597 1596 3651 Ού
1634 3615 1807 3669 χρεω·

206 3688 342 3750 στῶ,
368 3689 462 3739 καὶ
485 3686 612 3740 ἀλλο
642 3683 711 3757 ἦν
746 3686 942 3749 εἰπεῖν,
975 3687 1048 3736 υύ
1076 3684 1158 3737 σοὶ
1184 3683 1471 3754 χρεωστῶ,
1490 3683 1604 3735 ἀλλ’
1637 3683 1801 3754 ἄλλῳ.

205 3776 361 3838 Τέως
388 3773 449 3827 τὸ
485 3774 649 3844 χρέος
702 3771 1070 3843 ὡμολόγηται.
1100 3768 1225 3825 ’Ότι
1272 3769 1369 3840 μὲν
1402 3766 1495 3824 οῦν
1522 3770 1638 3823 ἐστι
1667 3770 1805 3840 Χρι-

207 3864 335 3926 στος
360 3903 376 3927 ,
410 3859 786 3931 ὁμολογοῦσιν,
820 3858 1223 3930 ἀμφιϐάλλουσι
1272 3858 1328 3911 δὲ
1362 3859 1410 3911 εἰ
1460 3853 1613 3922 οῦτός
1656 3859 1806 3911 ἐστιν

205 3953 236 4005 ὁ
258 3949 390 4020 παρ’
423 3948 582 4020 ήμῶν
612 3947 1036 4017 κηρυττόμενος,
1058 3945 1263 4000 καὶτὸν
1301 3946 1376 4018 μὴ
1408 3945 1537 4000 ὄντα
1567 3946 1808 4018 ἐκδέχον-

205 4056 321 4102 ται,
353 4035 540 4106 ἐπειδὴ
579 4036 667 4087 τὺν
702 4034 829 4087 ὄντα
857 4035 1186 4105 ἠρνήσαντο.
1232 4033 1343 4088 Καὶ
1372 4035 1606 4106 πρόσεχε
1640 4036 1806 4088 αὑτὸν

205 4122 298 4174 τὸν
330 4119 630 4190 νομοθέτην
657 4117 899 4171 Μωῡσέα
926 4119 1062 4187 αὐτῇ
1099 4120 1166 4186 τῇ
1193 4117 1288 4169 τοῦ
1320 4117 1610 4189 ἀνθρώπου
1638 4135 1805 4172 κατα-

210 4205 383 4272 σκευῇ
427 4201 788 4268 εἰσαγαγόντα
823 4200 913 4253 τὸν
965 4201 1092 4253 Υίὸν
1122 4202 1216 4253 καὶ
1241 4201 1340 4268 τὴν
1384 4202 1587 4270 γνῶσιν
1616 4201 1801 4256 αὑτοῦ.

209 4281 371 4348 Εἷπε,
418 4282 738 4350 Γενηθήτω
784 4284 1088 4353 στερέωμα
1107 4300 1120 4313 ·
1159 4279 1304 4351 εἷπε,
1326 4286 1741 4352 Βλαστησὰτω
1767 4287 1805 4355 ή

210 4368 326 4440 γῆο
360 4364 507 4431 εἷπε,
557 4367 926 4438 Ἐξαγαγέτω
981 4368 1054 4422 τὰ
1100 4369 1310 4423 ὕδατα.
1353 4370 1479 4423 Ὅτε
1530 4366 1692 4440 ἦλθεν
1728 4373 1808 4432 είς

210 4453 305 4506 τὸν
345 4451 663 4520 ἄνθρωπον,
693 4453 838 4520 λέγει
871 4469 883 4482 ·
918 4452 1029 4505 Καὶ
1070 4449 1240 4507 εἶπεν
1273 4455 1306 4506 ό
1342 4452 1508 4519 Θεὸς,
1540 4455 1809 4519 Ποιήσω-

205 4553 325 4606 μεν
365 4534 702 4598 ἄνθρωπον.
748 4537 965 4606 Ἐρωτῶ
1003 4537 1252 4590 Ἰουδαῖον
1288 4553 1302 4568 °
1337 4538 1400 4590 Εἰ
1456 4538 1615 4609 μόνος
1666 4539 1805 4603 ἐστὶ,

215 4621 308 4670 καὶ
336 4620 438 4670 οὐκ
463 4618 577 4670 ἔστι
621 4619 736 4688 μετ’
771 4619 934 4672 αὑτοῦ
979 4621 1106 4684 Υἱὸς
1137 4622 1195 4674 ὃν
1224 4621 1567 4692 κηρύττομεν
1587 4662 1602 4686 ,
1637 4624 1684 4674 εί
1710 4624 1807 4674 οὑκ

212 4702 331 4768 ἐστι
357 4700 583 4771 Πνεῦμα
606 4702 762 4769 ἆγιον
792 4702 820 4755 ὃ
849 4703 1283 4773 προσκυνοῦμεν,
1316 4704 1421 4757 τίνι
1454 4701 1594 4769 εἷπε,
1632 4705 1808 4774 Ποιή-

215 4802 421 4854 σωμεν
452 4785 801 4852 ἅνθρωπον;
840 4786 945 4840 Τὸν
978 4788 1206 4858 οὐρανὸν
1250 4793 1394 4841 ποιεῖ
1425 4791 1807 4859 προστάγματι

218 4869 387 4940 μόνῳ,
413 4869 514 4938 τὴν
554 4869 659 4938 γῆν
688 4869 888 4940 ὁμοίως
913 4871 1006 4924 καὶ
1039 4871 1107 4924 τὰ
1131 4872 1294 4925 λοιπά
1323 4889 1335 4902 ·
1360 4873 1448 4925 ὅτε
1487 4874 1578 4926 τὸν
1603 4873 1808 4942 ἀνθρω-

215 4970 318 5006 πον
342 4953 689 5022 δημιουργεῖ,
712 4953 810 5023 τὴν
836 4953 1165 5022 θεοίνωσίαν
1207 4955 1391 5009 λοιπὸν
1425 4954 1519 5010 τοῦ
1556 4956 1684 5009 Υίοῦ
1736 4956 1810 5018 ώς

212 5038 303 5091 διὰ
336 5036 570 5106 θυρίδων
604 5037 924 5107 παρακύψαι
967 5038 1314 5109 βουλόμενος,
1341 5041 1511 5110 λέγει,
1546 5039 1811 5106 Ποιήσω·

213 5119 676 5190 μεν-ἄνθρωπον,
711 5121 798 5173 ἴνα
844 5121 993 5195 δείξῃ
1024 5124 1119 5176 καὶ
1151 5123 1260 5176 τῶν
1318 5125 1550 5196 πρώτων
1598 5124 1748 5193 αὑτῷ
1783 5136 1808 5165 α

219 5203 502 5276 συνεργόν.
536 5205 766 5272 Λέγουσι
789 5208 966 5263 τοίνυν
991 5209 1040 5261 οἰ
1079 5209 1317 5263 Ἰουδαῖοι
1346 5213 1709 5281 στενούμενοι,
1737 5211 1810 5281 μὴ

217 5288 509 5358 δυνάμενοι
539 5289 602 5342 τὸ
650 5292 924 5360 προφανὲς
965 5294 1311 5363 μετατιθέναι
1352 5296 1452 5365 τῆς
1490 5296 1705 5362 λέξεως,
1730 5298 1809 5349 ὃτι

177 5431 180 5434 ,
217 5374 331 5434 τοῖς
363 5373 618 5441 ἀγγέλοις
651 5371 807 5429 εἶπεν
843 5392 857 5406 ο
883 5377 1072 5449 ἐπειδὴ
1117 5380 1370 5452 φανερῶς
1424 5382 1705 5451 ἀρνεῖσθαι
1751 5382 1810 5434 οὑ

219 5452 478 5509 δύνανται
527 5456 628 5525 τῆς
670 5458 868 5523 λέξεως
911 5460 1010 5528 τὴν
1045 5461 1236 5530 φύσιν,
1270 5463 1443 5536 ἑτέρῳ
1481 5465 1666 5536 τρόπῳ
1696 5482 1812 5528 πως

219 5536 427 5608 ταύτην
457 5539 556 5610 τὴν
586 5540 816 5612 ἄρνησιν
839 5546 1240 5613 ἐπεισάγουσιν.
1278 5549 1396 5601 Τίνι
1443 5550 1621 5602 τοίνυν
1654 5546 1773 5602 εἷπε
1795 5589 1809 5614 ,

223 5622 580 5692 Ποιήσωμεν
595 5641 614 5689 ;
656 5627 952 5696 Ἀγγέλοις,
1005 5631 1188 5701 φησίν,
1241 5633 1480 5706 Ἐρωτῶ,
1510 5633 1650 5700 τίνες
1693 5636 1814 5706 μεί-

289 5815 315 5842 ⁸
341 5812 454 5892 5:1.
490 5813 652 5862 αὐτόν.
673 5813 929 5868 Combeﬁs.
956 5815 1119 5868 αὐτοῦ.

1287 386 1379 441 DE
1411 383 1630 442 MUNDI
1668 376 2068 436 CREATIONE
2107 377 2365 435 ORATIO
2403 378 2492 434 IV.

3354 383 3467 439 464

1891 489 2037 554 ζους’,
2070 489 2118 542 οἱ
2144 488 2391 557 ἄγγελοι,
2428 489 2461 560 ἦ
2494 487 2546 541 οἱ
2571 487 2878 558 ἄνθρωποι;
2913 485 3139 550 Πάντως
3167 487 3214 540 οἰ
3245 486 3487 557 ἄγγελοι.

1893 572 2060 626 Ὅταν
2102 575 2210 642 γάρ
2254 574 2397 627 πάνυ
2430 573 2729 643 φθάσωμεν
2763 572 2845 634 είς
2875 571 3075 641 ἀρετῆς
3112 571 3344 642 μέτρον,
3369 574 3490 627 τότε

1893 657 2138 720 ἐκείνους
2189 657 2287 726 ούχ
2340 656 2775 726 ὑπερϐαίνομεν,
2808 653 2923 706 ἀλλ’
2950 654 3180 717 ἐκείνοις
3207 655 3489 724 ίσούμεθα.

1891 739 2005 791 Νῦν
2031 738 2086 791 δὲ
2131 740 2263 793 πολὺ
2316 739 2414 810 τὴν
2454 739 2678 792 ἐκείνων
2709 736 3134 807 ύποϐεϐήκαμεν
3178 735 3361 804 φύσιν,
3399 739 3494 792 καὶ

1892 821 2148 885 ἐλάττους
2195 822 2296 891 τῆς
2343 821 2639 893 ἀσωμάτου
2692 820 2802 875 τῶν
2854 819 3106 888 ἀγγέλων
3149 817 3494 892 τυγχάνομεν

1893 906 2305 968 καταστάσεως.

1967 988 2042 1054 ς’.
2079 991 2283 1041 ’Λκουε
2311 989 2440 1060 περὶ
2486 988 2679 1042 τούτου
2733 985 2904 1041 Δαυῒδ
2946 984 3390 1059 μαρτυροῦντος⁶
3436 986 3497 1040 Τί

1893 1071 2067 1126 ἐστιν
2105 1072 2438 1139 ἄνθρωπος,
2470 1072 2560 1125 ὅτι
2575 1069 2896 1140 μιμνήσκῃ
2923 1068 3132 1133 αὐτοῦ,
3156 1071 3195 1138 ἢ
3229 1069 3361 1135 υίὸς
3391 1069 3498 1123 ἀν-

1894 1155 2131 1224 θρώπου
2152 1195 2168 1219 ,
2201 1154 2291 1208 ὅτι
2327 1155 2665 1222 ἐπισκέπτῃ
2713 1154 2938 1217 αὑτόν;
2993 1151 3370 1218 Ἡλάττωσας
3389 1153 3499 1205 ab"

1894 1238 2001 1291 τὸν
2043 1238 2246 1305 βραχύ
2280 1254 2335 1290 τι
2393 1237 2531 1304 παρ’
2569 1235 2885 1306 ἀγγέλους.
2918 1234 3070 1298 Τέως
3121 1235 3497 1305 ὴλαττωμένοι

1895 1321 2061 1390 ἐσμὲν
2098 1322 2230 1392 παρ’
2283 1321 2548 1389 ἀγγέλους
2576 1335 2590 1350 ⁶
2621 1322 2786 1390 ἡμεῖς
2843 1317 3122 1382 ἐλάττους,
3163 1319 3214 1372 οῑ
3273 1317 3496 1387 ἄγγελοι

1901 1404 2145 1474 μείζους.
2171 1403 2235 1458 Εἰ
2264 1404 2354 1456 τὸν
2377 1403 2663 1474 ἄνθρωπον
2687 1402 2780 1455 τὸν
2809 1403 3069 1456 ἐλάττονα
3095 1400 3288 1464 ποιῶν,
3305 1402 3499 1472 χρείαν

1896 1487 2024 1558 ἔσχε
2059 1485 2377 1556 συμϐούλων
2405 1485 2515 1540 τῶν
2550 1484 2800 1554 ἀγγέλων
2825 1485 2859 1556 ἢ
2894 1485 3194 1554 συνεργῶν,
3215 1488 3244 1530 δ
3263 1485 3353 1537 ὅτε
3372 1485 3499 1547 τοὺς

1901 1569 2118 1639 μείζους
2155 1569 2352 1635 ἐποίει,
2382 1568 2481 1639 οὐχ
2515 1569 2611 1622 ἕνα
2651 1566 2906 1636 ἄγγελον,
2933 1566 3050 1620 ἀλλ’
3097 1565 3232 1637 ὁμοῦ
3264 1567 3364 1629 τάς
3405 1584 3501 1637 μυ-

1899 1652 2092 1722 ριάδας
2133 1651 2350 1715 ἐκείνας
2383 1651 2482 1716 τὰς
2507 1651 2910 1724 ἀναριθμήτους
2936 1665 2951 1684 ο
2986 1648 3134 1722 [475]
3172 1649 3363 1719 ὥσπερ
3388 1650 3498 1720 γὰρ

1897 1735 2023 1799 τοὺς
2044 1735 2337 1805 φωστῆρας
2360 1735 2495 1806 ὁμοῦ
2527 1734 2735 1798 πάντας
2759 1734 3034 1803 ἐποίησεν,
3060 1731 3204 1786 οὕτω
3230 1731 3496 1800 ἀγγέλους

1899 1819 1992 1872 καὶ
2014 1819 2391 1888 ἀρχαγγέλους
2422 1818 2557 1889 ὁμοῦ
2579 1835 2592 1850 ·
2625 1818 2722 1872 καὶ
2749 1815 2994 1871 τοσοῦτοί
3021 1818 3127 1869 εἰσι
3156 1816 3239 1869 ὅτι
3263 1815 3364 1886 τὴν
3389 1815 3498 1867 τῶν

1898 1900 2152 1973 ἀριθμῶν
2177 1900 2591 1973 ὑπερϐεϐήκασι
2612 1900 2793 1971 φύσιν,
2823 1902 2916 1954 καὶ
2961 1899 3058 1970 βοᾷ
3094 1898 3296 1969 Δανιήλ
3320 1913 3332 1926 ·
3369 1899 3496 1968 Μύ-

1891 2001 2016 2053 ριαι
2049 1982 2337 2053 μυριάδες
2384 1983 2806 2054 ἐλειτούργουν
2842 1981 3024 2047 αὐτῷ,
3058 1982 3156 2035 καί
3198 1983 3386 2053 χίλιαι
3413 1998 3500 2049 χι-

1898 2067 2106 2133 λιάδες
2157 2067 2670 2136 παρειστήκεισαν
2719 2066 2899 2131 αὐτῷ.
2959 2065 3176 2137 Μυρίας
3233 2065 3501 2136 μυριάδας

1900 2151 2158 2220 ἐποίησεν
2184 2149 2454 2218 ἀγγέλων,
2488 2150 2583 2204 καὶ
2621 2148 2798 2219 χιλίας
2840 2148 3084 2219 χιλιάδας
3118 2147 3499 2218 ἀρχαγγέλων,

1902 2236 1996 2290 καὶ
2029 2235 2090 2288 οὐ
2126 2235 2285 2306 χρεία
2317 2233 2625 2304 συμϐούλου
2657 2233 2690 2305 ἢ
2723 2231 3011 2304 συνεργοῦ,
3053 2233 3149 2285 καὶ
3188 2232 3284 2286 ἕνα
3329 2229 3502 2284 ποιῶν

1902 2321 2128 2390 πήλινον
2179 2319 2466 2389 ἄνθρωπον
2511 2318 2674 2389 βουλῇ
2715 2318 3014 2388 κέχρηται.
3045 2316 3204 2386 λόγον
3248 2316 3501 2384 εἰσάγει,

1905 2402 2220 2474 συμϐουλὴν
2253 2401 2524 2472 λαμϐάνει
2555 2418 2574 2468 ;
2614 2401 2676 2454 Τί
2725 2401 2897 2454 ἐστιν
2929 2400 3240 2469 ἄνθρωπος
3266 2416 3287 2464 ;
3317 2400 3379 2453 ού
3428 2400 3500 2468 γῆ

1904 2486 1999 2538 καὶ
2028 2484 2138 2538 ἀπὸ
2183 2485 2323 2554 γῆς;
2360 2486 2420 2536 οὐ
2473 2483 2622 2547 κόνις
2672 2481 2833 2553 μόνον
2881 2483 2977 2537 καὶ
3008 2483 3222 2553 τέφρα;
3260 2482 3371 2535 Καὶ
3405 2482 3505 2553 βοᾷ

1917 2567 2171 2640 ’Δϐραάμ
2213 2569 2314 2638 τὴν
2365 2566 2558 2620 ἐαυτοῦ
2591 2565 2873 2638 κηρύττων
2903 2565 3178 2618 εὐτέλειαν
3199 2581 3211 2594 ·
3262 2563 3404 2633 Ἐγὼ
3435 2563 3504 2618 δέ

1903 2653 2019 2721 είμι
2049 2651 2124 2721 τῆ
2156 2650 2252 2704 καί
2281 2650 2536 2717 σποδός.
2577 2650 2642 2704 Τί
2671 2650 2810 2702 εἰσιν
2850 2649 3070 2717 ἀγγελοι
3104 2648 3198 2715 ;οὐ
3245 2645 3502 2717 πνεῦμα;

1905 2735 1965 2788 ού
2020 2734 2175 2805 πῦρ;
2212 2734 2322 2786 Καὶ
2369 2733 2535 2787 ἀκουε
2579 2732 2673 2786 τοῦ
2719 2731 2885 2785 Δαυῖδ
2925 2731 3188 2802 βοῶντοςο
3233 2730 3295 2784 '0
3316 2729 3506 2784 ποιῶν

1905 2819 2049 2885 τοὺς
2097 2819 2396 2890 ἀγγέλους
2440 2816 2629 2872 αὐτοῦ
2676 2818 3005 2885 πνεύματα,
3036 2815 3136 2869 καί
3187 2813 3331 2881 τοὺς
3384 2817 3503 2867 λεια

1906 2903 2197 2972 τουργοὺς
2217 2901 2405 2955 αὑτοῦ
2435 2901 2556 2968 πῦρ
2583 2899 2835 2969 φλέγον.
2867 2900 2979 2970 Τὴν
3008 2897 3102 2951 τοῦ
3137 2898 3310 2968 πυρὸς
3340 2898 3506 2966 φύσιν

1907 2984 2296 3058 ἐργαζόμενος,
2330 2983 2402 3036 τὰ
2447 2983 2610 3054 vos.th
2653 2984 2746 3035 καὶ
2779 2981 3047 3052 ἀσώματα
3088 2980 3397 3050 πνεύματα,
3440 2981 3503 3032 ού

1908 3067 2100 3139 χρείαν
2131 3066 2258 3137 ἔσχε
2283 3065 2612 3136 συμϐούλου,
2630 3065 2690 3118 οὐ
2716 3062 3001 3136 συνεργοῦ,
3021 3063 3118 3133 οὐχ
3146 3063 3337 3133 ἐτέρου
3363 3062 3507 3125 τινὲς

1909 3153 2054 3224 πρὸς
2106 3151 2428 3223 συμμαχίαν
2456 3149 2564 3204 τῶν
2608 3149 2916 3220 γενομένων
2948 3165 2962 3178 ·
2999 3147 3094 3202 καὶ
3133 3147 3225 3200 τὸν
3267 3147 3376 3200 ἀπὸ
3403 3151 3507 3218 γῆς

1911 3242 2107 3307 ποιῶν,
2133 3243 2225 3296 τὸν
2250 3242 2490 3314 οἰκτρὸν,
2519 3242 2610 3296 τὸν
2648 3240 2865 3310 εὐτελῆ,
2905 3240 2995 3293 τὸν
3045 3239 3241 3310 μικρὸν
3276 3238 3506 3310 ὕστερον

1910 3328 2012 3381 οὐκ
2045 3327 2322 3396 ἐσόμενον,
2371 3326 2462 3380 τὸν
2511 3326 2667 3396 τάφῳ
2719 3324 3090 3394 διαλυόμενον,
3143 3324 3235 3376 τὸν
3285 3326 3501 3394 καιροῖς

1910 3409 2320 3480 δαπανώμενον,
2353 3408 2549 3479 βουλὴν
2579 3408 2811 3478 εἰσάγει,
2846 3407 3037 3476 σκέψιν
3064 3409 3337 3471 ποιεῖται;
3372 3407 3502 3469 Ναὶ.

1913 3495 2111 3564 φησιν,
2155 3493 2433 3563 ἐνδέχεται
2475 3491 2754 3561 Δεσπότην
2805 3491 2893 3544 διὰ
2939 3489 3140 3559 πολλὴν
3193 3488 3508 3560 ἀγαθότητα

1913 3579 2085 3630 εἰπεῖν
2113 3575 2320 3639 δούλοις
2352 3575 2696 3646 παρεστῶσιο
2724 3575 2788 3629 Τί
2819 3575 2900 3629 δεῖ
2931 3573 3215 3643 γενέσθαι;
3246 3573 3299 3626 τί
3336 3574 3506 3626 ποιῶ-

1917 3675 2052 3731 μεν;
2094 3657 2370 3728 Συγχωρῶ
2416 3661 2511 3712 καὶ
2552 3657 2732 3722 τοῦτο,
2779 3658 2870 3711 καὶ
2928 3658 3066 3727 μετά
3115 3657 3206 3709 τὸν
3251 3656 3511 3710 τοσοῦτον

1912 3742 2135 3811 ἀγῶνα,
2166 3742 2358 3810 δίδωμι
2401 3742 2482 3804 τὸ,
2533 3742 2908 3809 Ποιήσωμεν,
2954 3740 3090 3812 πρὸς
3121 3740 3390 3808 ἀγγέλους
3429 3741 3507 3791 εἰι

1917 3827 2132 3898 ρῆσθαι.
2160 3825 2255 3889 Τὸ,
2282 3823 2652 3890 Ποιήσωμεν,
2696 3826 2962 3894 ἤκουσας’
3012 3823 3093 3886 τὸ,
3140 3823 3280 3877 Κατ’
3303 3824 3508 3876 εἰκόνα

1912 3908 2010 3962 καὶ
2039 3909 2342 3978 ὁμοίωσιν,
2371 3908 2470 3960 ούκ
2497 3903 2664 3972 εἷδες;
2699 3906 2884 3976 Τούτῳ
2907 3906 3015 3975 γὰρ
3036 3904 3232 3974 ὀφείλω
3258 3907 3337 3976 τῷ
3363 3907 3509 3976 λόγῳ

1914 3994 2008 4047 καὶ
2061 3991 2331 4045 Ἰουδαίων
2379 3992 2473 4044 καὶ
2527 3990 2820 4063 αἰρετικῶν
2869 3989 3184 4062 ἀπορράψαι
3239 3990 3504 4059 στόματα.

1915 4075 2052 4130 Οῦτε
2107 4075 2214 4146 γὰρ
2251 4075 2523 4136 Ἰουδαῖος.
2561 4073 2685 4126 οὔτε
2740 4072 2902 4125 πάλιν
2951 4073 3230 4143 αἰρετικὺς
3268 4074 3296 4126 ὁ
3343 4073 3506 4134 αὐτὸς

1914 4161 2034 4213 κατ’
2079 4156 2340 4227 ἀλήθειαν
2385 4157 2670 4221 Ἰουδαῖος,
2718 4157 2918 4226 μᾶλλον
2952 4156 3007 4208 δὲ
3043 4157 3137 4209 καί
3185 4156 3418 4227 χείρωνο
3456 4158 3508 4210 οἱ

1919 4243 2018 4312 μὲν
2049 4241 2157 4310 γάρ
2178 4241 2238 4293 τὸ
2263 4241 2419 4309 σῶμα
2450 4239 2803 4311 ἐσταύρωσαν
2832 4239 2894 4292 τὸ
2924 4238 3220 4310 ὁρώμενον,
3248 4242 3297 4292 οί
3325 4240 3381 4292 δέ
3407 4241 3510 4311 τὴν

1915 4328 2142 4397 θεότητα
2181 4326 2279 4394 τὴν
2309 4325 2538 4395 ἀόρατον
2570 4323 2864 4393 πολεμοῦσι
2884 4341 2896 4354 ο
2939 4324 3138 4393 μᾶλλον
3165 4323 3221 4377 δέ
3251 4323 3349 4394 τὴν
3380 4325 3509 4376 ἐαυ-

1914 4410 2022 4463 τῶν
2051 4407 2341 4480 σωτηρίαν.
2383 4408 2544 4461 Ἀλλὰ
2572 4409 2816 4462 κάκεῖνοι
2849 4407 3196 4478 ἠλέγχθησάν
3224 4407 3510 4472 ἀδυνάτοις

1915 4493 2362 4562 ἐπιχειρήσαντες
2396 4491 2738 4560 πράγμασιν.
2784 4490 2875 4542 Διὸ
2923 4491 3016 4542 καὶ
3067 4490 3225 4558 δίκην
3277 4490 3510 4561 μερικὴν

1915 4575 2117 4645 ταύτης
2146 4573 2245 4642 τῆς
2279 4572 2481 4642 τόλμης
2508 4572 2600 4623 ἐπὶ
2630 4573 2724 4625 τοῦ
2762 4573 3023 4642 παρόντος
3053 4571 3371 4634 δεδώκασιν,
3402 4574 3506 4626 ἀνά

1915 4659 2096 4709 πᾶσαν
2129 4656 2228 4725 τὴν
2256 4654 2584 4725 οἰκουμένην
2609 4654 2670 4708 τὸ
2702 4653 2910 4707 ἑαυτῶν
2948 4654 3348 4726 διεσπαρμένον
3382 4655 3506 4709 θεαρ-

1919 4743 2143 4810 σάιμενοι
2190 4738 2368 4806 γένος.
2408 4738 2676 4808 ’Ύστερον
2722 4737 2832 4808 γάρ
2878 4737 3060 4800 αὐτοῖς
3101 4740 3135 4809 ή
3189 4737 3369 4792 τελεία
3410 4739 3509 4790 ἐπ-

1915 4825 2214 4894 αχθήσεται
2243 4821 2367 4890 δίκη
2386 4861 2399 4883 ,
2429 4821 2520 4875 ὅτε
2562 4821 2624 4874 τὸ
2657 4820 2938 4892 πάνδημον
2976 4820 3156 4891 μέλλει
3180 4823 3502 4892 συγκροτεῖ-

1919 4907 2040 4957 σθαι
2086 4905 2388 4976 κριτήριον.
2424 4905 2534 4958 Καὶ
2576 4904 2730 4958 αὐτοὶ
2775 4903 2832 4956 δὲ
2866 4902 2945 4973 τῷ
2975 4903 3144 4956 δέοντι
3189 4903 3366 4973 καιρῷ
3405 4905 3506 4966 τὰς

1916 4988 2074 5055 ἀξίας
2109 4987 2260 5056 παρά
2291 4986 2384 5038 τοῦ
2423 4985 2588 5038 αὐτοῦ
2615 4986 3084 5056 ἀπαιτηθήσονται
3117 4986 3294 5046 δίκας.
3334 4985 3508 5038 Τοῦτο

1916 5073 1969 5124 τί
1998 5067 2090 5124 οῦν
2119 5071 2256 5133 ἐστι,
2298 5067 2377 5121 διὸ
2414 5069 2622 5130 πάντας
2663 5069 2790 5138 ὑμῖν
2819 5067 3042 5132 τούτους
3075 5067 3394 5139 παρεθέμην
3426 5069 3508 5122 λό-

1918 5173 2082 5226 γους;
2115 5155 2387 5224 Βούλομαι
2419 5154 2527 5224 γὰρ
2556 5153 2718 5207 πάλιν
2745 5153 2846 5222 τῆς
2875 5153 3194 5218 ἀκολουθίας
3227 5154 3500 5221 γενέσθαι.

1920 5242 1993 5295 Ού
2041 5240 2214 5309 τολμᾷ
2255 5237 2378 5291 οὔτε
2411 5238 2715 5308 αἱρετικδς,
2760 5236 2883 5290 οῦτε
2925 5237 3177 5302 Ἰουδαῖος
3207 5240 3380 5292 εἰπεῖν
3424 5239 3506 5291 ὅτι

1923 5325 2021 5396 μία
2049 5322 2211 5377 εἰκὼν
2237 5322 2332 5375 καὶ⁵
2355 5321 2612 5390 ὁμοίωσις
2635 5320 2769 5374 Θεοῦ
2796 5322 2890 5374 καὶ
2917 5322 3188 5390 ἀγγέλων.
3221 5333 3241 5360 ε
3272 5322 3363 5391 Μὴ
3394 5322 3506 5391 γὰρ

1920 5407 2163 5479 ἄγγελοι,
2194 5407 2244 5459 οἱ
2275 5405 2576 5475 γενόμενοι,
2610 5405 2863 5477 συνεργοὶ
2889 5401 3032 5478 ἦσαν
3060 5405 3154 5460 τοῦ
3181 5405 3350 5469 Θεοῦ;
3384 5407 3507 5457 Λει-

1919 5492 2139 5564 τουργοί
2187 5492 2366 5560 μόνον,
2398 5487 2725 5560 ὑμνοῦντες,
2775 5489 3258 5561 εὐχαριστοῦντες,
3307 5487 3507 5550 είδότες

1982 5638 2010 5676 b
2036 5636 2217 5702 Sav._i‘n
2244 5646 2414 5702 τηθίς..
2432 5631 2759 5702 ειιρριεηόυπι
2792 5632 2986 5702 cqnjicit
3009 5630 3170 5702 πολλῷ
3207 5629 3402 5702 μιξλλον,
3423 5629 3507 5702 γει

1920 5700 2061 5761 πόσῳ
2087 5698 2284 5760 μᾶλλον.
2317 5690 2417 5744 δέύ
2452 5690 2728 5756 ἱηίὲι-οερια
2749 5690 2909 5743 εει-ἱεε
2945 5694 3181 5742 orationis
3203 5690 3326 5740 infra
3351 5693 3483 5741 comi

1923 5769 2152 5872 ΩυέἪὲε
2176 5822 2300 5873 apud
2321 5820 2537 5872 Cosmum
2559 5819 2839 5880 [Egyplium
2862 5814 3110 5866 habentur
3132 5827 3178 5880 p.
3211 5815 3318 5865 5'25.
