3984 6478
552 511 666 568 465

540 614 624 668 ὅτι
651 609 915 678 ἐγένοντο,
939 609 1021 664 ὅτι
1051 609 1159 682 πρὸ
1184 609 1372 665 τούτου
1394 610 1494 664 οὐκ
1523 603 1686 680 ἦσαν,
1716 608 1810 662 καὶ
1841 607 2110 678 πνεύματι

542 694 877 764 ἀγαθότητος
923 692 1167 761 ἐγένοντο
1188 706 1246 733 ι·
1279 695 1373 745 καὶ
1417 693 1678 761 ἑστήκασι
1726 690 1951 761 θεωροὶ,
1995 689 2116 760 βλέ-

541 794 734 840 ποντες
771 777 840 829 τά
881 775 1137 845 γινόμενα
1194 777 1308 846 μετ’
1339 773 1553 837 αὐτούς.
1587 773 1852 827 Ἐϐλεπον
1888 772 2116 843 οὐρανὸν

542 862 608 915 ἐκ
635 857 729 912 τοῦ
766 858 839 929 μὴ
885 858 1036 920 ὄντος
1083 858 1386 927 γινόμενον,
1437 858 1530 909 καὶ
1567 855 1984 926 ἐξεπλήττοντο·
2018 854 2116 907 θά-

541 943 748 997 λασσαν
771 939 1191 1011 ἀφοριζομένην,
1220 941 1313 992 καὶ
1346 938 1680 1008 ἐθαύμαζον·
1712 938 1980 1008 ἐθεώρουν
2015 937 2118 1007 γῆν

541 1025 942 1096 κοσμουμένην,
993 1023 1089 1075 καὶ
1139 1022 1410 1094 ἔφριττον.
1440 1022 1562 1075 Ὅτι
1611 1021 1667 1075 δὲ
1697 1022 1798 1074 οὐκ
1835 1016 1974 1092 ἦσαν
2018 1020 2120 1089 ἀγ-

543 1106 691 1175 γελοι
734 1105 1004 1174 συνεργοὶ,
1034 1104 1168 1157 άλλά
1203 1105 1532 1174 θαυμασταὶ,
1565 1103 1710 1170 λέγει
1751 1106 1779 1156 6
1811 1102 1941 1165 Θεὸς
1983 1103 2120 1174 πρὸς

543 1187 635 1240 τὸν
669 1186 788 1241 Ἰώϐ
808 1202 822 1217 ⁶
855 1188 984 1239 Ὅτε
1009 1187 1267 1253 ἐποίησα
1293 1185 1503 1252 ἄστρα,
1534 1185 1766 1255 ᾔνεσαν
1788 1201 1865 1254 με
1897 1183 2120 1252 πάντες

545 1270 784 1340 ἄγγελοι
814 1268 915 1324 καί
939 1269 1239 1338 ὕμνησαν.

617 1429 771 1503 [4⁸14]
801 1429 1154 1499 Ποιήσωμεν
1185 1430 1518 1503 ἄνθρωπον.
1554 1429 1628 1483 Τὸ
1673 1429 1820 1500 ρῆμα
1858 1429 2007 1498 δηλοῖ
2033 1429 2122 1482 τὸν

546 1502 771 1583 λέγοντα
813 1515 907 1566 καὶ
952 1514 1042 1566 τὸν
1087 1502 1371 1567 ἀκούοντα.
1398 1513 1540 1584 Ὅρα
1571 1513 1671 1583 τῆς
1710 1513 1986 1582 όρθοδόξου
2030 1513 2120 1564 πί-

550 1613 718 1660 στεως
747 1594 845 1667 τὴν
878 1596 1071 1648 ἀκτῖνα
1099 1595 1420 1666 λάμπουσαν
1453 1594 1568 1647 ἀεί’
1603 1595 1695 1647 καὶ
1732 1595 1882 1665 ἥλιος
1921 1596 2124 1663 φαίνων

547 1681 646 1750 τὴν
661 1678 868 1733 ’ἐαυτοῦ
899 1681 1093 1733 ἀκτῖνα
1131 1679 1384 1749 συνῆψεν.
1421 1678 1772 1747 Ποιήσωμεν
1812 1679 2126 1746 ἄνθρωπον

548 1762 676 1818 κατ’
703 1764 908 1816 εἰκόνα
937 1761 1234 1831 ἡμετέραν
1264 1762 1361 1815 καί
1393 1763 1698 1830 ὁμοίωσιν.
1740 1761 1998 1830 Ἑφύλαξε
2033 1761 2126 1815 καὶ

545 1846 656 1900 τῶν
696 1845 1046 1899 ὐποστάσεων
1088 1846 1184 1916 τὴν
1228 1844 1400 1910 τάξιν,
1449 1845 1543 1897 καὶ
1571 1843 1671 1913 τῆς
1704 1845 1890 1907 οὐσίας
1932 1845 1992 1897 τὸ
2029 1861 2125 1914 μο-

547 1929 769 1992 νοειδές.
820 1927 1172 1998 Ποιήσωμεν
1233 1928 1548 1996 ἄνθρωπον
1611 1928 1736 1979 κατ’
1776 1928 2000 1980 εἰκόνα.
2050 1926 2124 1979 Οὐ

548 2014 670 2064 κατ’
696 2011 937 2072 εἰκόνας·
968 2011 1067 2063 οὐκ
1099 2010 1230 2080 άλλη
1264 2010 1373 2080 γὰρ
1402 2009 1565 2062 είκὼν
1598 2008 1832 2079 Πατρὸς,
1862 2010 1955 2062 καὶ
1992 2008 2123 2079 άλλη

551 2091 702 2146 Υίοῦ.
735 2093 1111 2160 Ποιήσωμεν’
1144 2093 1230 2146 ἵνα
1259 2094 1319 2145 τὸ
1356 2091 1715 2162 πληθυντικὸν
1751 2092 1859 2144 τῶν
1892 2092 2128 2145 ὑποστά-

552 2193 690 2230 σεων
725 2175 907 2247 δείξειν
943 2175 1078 2229 Κατ’
1109 2176 1315 2229 εικόνα
1362 2173 1685 2243 ἡμετέρανο
1719 2173 1805 2228 ἵνα
1835 2174 1896 2228 16
1932 2174 2126 2244 όμοού-

553 2275 665 2311 σιον
700 2251 1031 2331 ἑρμηνεύσῃ.
1071 2257 1168 2320 Τίς
1197 2259 1313 2309 ἐστι
1353 2255 1541 2308 τούτου
1575 2255 1666 2308 τοῦ
1698 2256 1937 2326 μεγάλου
1965 2257 2122 2324 λόγου

551 2341 772 2411 καὶτῆς
807 2341 1124 2412 θαυμαστῆς
1166 2339 1523 2410 δημιουργίας
1560 2340 1846 2403 κοινωνός;
1888 2339 2125 2393 Ἰουδαῖοι

551 2425 930 2494 ἀντιλέγουσι,
979 2426 1073 2478 καὶ
1125 2423 1596 2493 ἐπιστομιζόμενοι
1646 2424 2124 2493 ἐπαισχυντοῦσινο

550 2511 818 2581 αίρετικοὶ
848 2509 1150 2579 μαίνονται,
1181 2508 1215 2576 ὴ
1243 2505 1469 2577 ἀλήθεια
1499 2505 1836 2575 πολεμεῖται,
1862 2508 1891 2560 6
1919 2511 2017 2578 τῆς
2047 2509 2130 2560 εὐ-

552 2592 765 2655 σεϐείας
795 2591 951 2659 λόγος
981 2590 1246 2658 ἀήττητον
1277 2588 1388 2657 ἔχει
1411 2589 1510 2657 τὴν
1534 2588 1843 2660 ὁμολογίαν.

621 2748 686 2814 ζ’.
712 2750 882 2803 Πόθεν
901 2743 994 2802 οὖν
1010 2749 1432 2819 παραστήσωμεν
1454 2746 1558 2801 τίνι
1589 2743 1758 2810 εἷπεν,
1780 2747 2130 2818 Ποιήσωμεν

549 2831 900 2901 ἀνθρωπονς
937 2833 970 2902 ἢ
1003 2832 1085 2895 τίς
1129 2834 1275 2885 ἐστιν
1308 2829 1470 2883 αὐτοῦ
1515 2830 1846 2900 σύμϐουλος;
1878 2832 1952 2883 Τὸ
1997 2833 2125 2903 γὰρ,

551 2916 930 2983 Ποιήσωμεν,
971 2915 1092 2982 ὄψιν
1123 2913 1345 2967 ἀπαιτεῖ
1388 2912 1713 2982 συμϐούλου.
1746 2914 1910 2982 Λέγει
1949 2914 2128 2967 τοίνυν

550 3001 581 3051 6
617 2997 884 3068 μακάριος
921 2997 1148 3059 Ἡσαΐας
1189 2996 1315 3066 περὶ
1353 2994 1448 3047 τοῦ
1501 2995 1821 3066 μονογενοῦς
1856 2995 1986 3048 Υίοῦ
2036 2996 2127 3048 τοῦ

549 3078 709 3142 Θεοῦ,
739 3080 833 3133 τοῦ
863 3080 928 3133 δι’
958 3081 1105 3150 ἡμᾶς
1132 3080 1371 3150 σχήματι
1406 3077 1484 3148 τῷ
1515 3077 1637 3131 καθ’
1677 3080 1824 3150 ἡμᾶς
1864 3078 2132 3150 ἐπιδημή-

551 3181 762 3231 σαντος,
791 3165 872 3218 ὅτι
907 3163 1151 3218 Παιδίον
1175 3161 1467 3231 ἐγεννήθη
1507 3161 1668 3232 ἡμῖν,
1702 3163 1835 3225 υίὸς
1861 3162 1958 3216 καί
1996 3179 2130 3216 νεα-

550 3248 767 3312 νίσκος
795 3247 993 3313 ἐδόθη.
1025 3247 1097 3299 Τὸ
1133 3245 1207 3315 μὴ
1236 3245 1295 3300 ὃν
1338 3245 1547 3298 παιδίον
1579 3243 1870 3316 ἐγεννήθη·
1899 3247 1926 3297 ὁ
1958 3244 2015 3298 δέ
2053 3243 2128 3297 ὢν

553 3329 682 3392 Υίὸς
711 3328 887 3400 ἐδόθη.
913 3326 958 3380 Κ
964 3329 1025 3382 αὶ
1053 3327 1316 3382 καλεῖται
1344 3327 1412 3380 τὸ
1445 3328 1632 3394 ὄνομα
1655 3325 1842 3379 αὑτοῦ
1860 3326 2129 3395 μεγάλης

547 3411 792 3480 ,βουλῆς
848 3411 1122 3480 ἅγγελος,
1158 3408 1251 3463 τοῦ
1292 3409 1528 3473 παιδίου,
1580 3408 1709 3462 Υἱοῦ
1769 3410 1865 3480 μὲν
1907 3410 1996 3462 διά
2032 3409 2129 3481 τὴν

553 3495 800 3564 θεότητα,
828 3495 1039 3548 παιδίου
1068 3494 1124 3547 δὲ
1155 3492 1245 3547 διὰ
1268 3493 1368 3564 τὴν
1404 3492 1815 3564 ἀνθρωπότητα.
1847 3492 2128 3562 Μεγάλης

545 3578 793 3645 ,ϐουλῆς
844 3577 1118 3648 ἅγγελος,
1169 3575 1512 3646 θαυμαστὸς
1559 3575 1923 3644 σύμϐουλος.
1968 3575 2030 3627 Εἰ
2071 3574 2128 3626 δὲ

551 3661 643 3714 τὸν
674 3660 736 3714 σύ
746 3660 996 3731 μϐουλον,
1017 3653 1060 3726 ᾧ
1087 3655 1259 3725 εἶπεν,
1288 3657 1639 3725 Ποιήσωμεν
1662 3657 1972 3725 ἄνθρωπον
1999 3657 2126 3711 κατ’

552 3743 756 3797 εἰκόνα
792 3742 886 3796 καὶ
917 3742 1042 3795 καθ’
1069 3741 1354 3810 ὁμοίωσιν
1382 3740 1694 3808 ἡμετέραν,
1730 3740 1970 3810 μεγάλης
2001 3740 2128 3810 βου-

551 3826 649 3896 λῆς
677 3825 906 3894 ἄγγελον
943 3824 1145 3886 καλεῖς,
1184 3823 1412 3884 οὐδέπω,
1450 3822 1722 3893 προφῆτα,
1755 3821 2033 3892 ἐμήνυσας
2068 3823 2128 3876 τὸ

554 3907 770 3976 ἀξίωμα
820 3905 913 3960 τοῦ
972 3907 1123 3976 παρά
1174 3903 1267 3958 σοῦ
1324 3904 1730 3975 κηρυσσομένου
1803 3903 2124 3973 συμϐούλου.

566 3990 813 4057 Ἐγένετο
834 3990 940 4058 γὰρ
961 3991 1054 4042 καὶ
1068 3988 1305 4051 Μωύσῆς
1323 3985 1620 4057 σύμϐουλος
1634 4001 1646 4014 ·
1669 3984 1840 4038 ἐδόκει
1861 3985 1969 4055 γὰρ
1999 4002 2130 4055 συμ-

553 4071 824 4125 ϐουλεύειν
862 4070 1060 4138 λέγων’
1097 4069 1192 4137 Μὴ
1222 4067 1584 4133 ἀποκτείνῃς
1623 4067 1864 4131 αὐτοὺς,
1887 4065 2123 4134 μήποτε

550 4157 764 4210 ειπωσι
797 4155 867 4209 τὰ
898 4155 1072 4222 ἔθνη·
1104 4153 1208 4207 Διὰ
1235 4152 1302 4206 τὸ
1329 4152 1415 4220 μὴ
1444 4152 1738 4205 δύνασθαι
1775 4150 1997 4217 αὐτοὺς
2029 4167 2119 4204 τε·

551 4238 802 4302 κνῶσαι,
845 4237 1194 4292 ἀπέκτεινεν
1225 4235 1468 4300 αὐτούς.
1509 4231 1667 4285 Ἀλλά
1705 4231 1779 4302 μὴ
1832 4236 2034 4305 στήσῃς
2067 4232 2128 4286 τὸ

552 4321 735 4391 θαῦμα
791 4321 953 4390 μέχρι
997 4319 1087 4373 τοῦ
1141 4317 1479 4388 συμϐούλου·
1526 4315 1601 4386 μὴ
1650 4317 2033 4385 κοινοποιησῃς
2067 4317 2127 4369 τὸ

551 4404 741 4472 δνομα.
794 4403 853 4454 El
893 4402 987 4454 καὶ
1025 4400 1206 4454 πολλοὶ
1260 4397 1583 4466 σύμϐουλοι,
1641 4397 1714 4466 μὴ
1763 4396 2066 4467 ὐϐριζέσθω
2099 4401 2127 4452 6

556 4485 737 4554 μόνος.
774 4483 913 4536 Ἀλλ’
941 4483 1150 4535 οὐδέπω
1194 4481 1437 4548 ἐνόησας,
1479 4478 1633 4548 φησὶ,
1669 4478 1727 4529 τὸ
1772 4478 1986 4547 ἀξίωμα
2033 4479 2126 4532 τοῦ

553 4567 978 4636 κηρυττομένου.
1009 4567 1205 4617 Ἀκουε
1243 4561 1372 4633 περὶ
1409 4560 1502 4614 τοῦ
1533 4560 1848 4631 θαυμαστοῦ
1891 4561 2128 4630 συμϐού-

550 4649 672 4702 λουο
711 4650 999 4720 ἐρμηνεύει
1032 4647 1138 4718 γὰρ
1161 4649 1188 4700 6
1212 4646 1435 4707 Ἠσαίας
1464 4643 1570 4696 ἀπὸ
1597 4643 1688 4696 τοῦ
1717 4642 2127 4713 προεξελθόντπ

551 4731 613 4782 τὸ
647 4732 926 4800 ἑπόμενον.
960 4729 1332 4799 Θαυμαστὸς,
1371 4728 1533 4796 φησὶ,
1572 4727 1936 4794 σύμϐουλος,
1983 4726 2127 4790 Θεὸς

555 4809 1070 4880 ίσχυρός.’Καλῶε
1138 4810 1442 4882 προσέθηκε
1496 4809 1575 4878 τῷ
1619 4809 1739 4877 Θεῴ
1774 4808 1835 4860 τὸ
1888 4808 2122 4880 ἰσχυρόν.

553 4895 736 4958 Διατί;
774 4896 984 4964 Ὥσπερ
1027 4895 1134 4964 γὰρ
1181 4893 1425 4960 ἐγένοντο
1457 4890 1640 4942 πολλοὶ
1681 4889 1991 4958 σύμϐουλοι,
2032 4891 2124 4943 καὶ

550 4980 612 5032 οὐ
641 4977 727 5031 διὰ
763 4977 920 5030 τοῦτο
957 4977 1061 5029 ἔδει
1085 4974 1360 5046 τρωθῆναι
1388 4974 1450 5026 τὸ
1475 4972 1692 5042 ἀξίωμα
1716 4971 1809 5023 105
1843 4971 1960 5034 ὲνὸς
1992 4990 2128 5042 συμ-

552 5062 743 5114 ϐούλου
767 5077 781 5092 '
824 5061 993 5123 οὕτως
1041 5058 1228 5128 ἐπειδὴ
1273 5056 1457 5109 πολλοὶ
1503 5055 1748 5122 ἐγένοντο
1799 5054 1911 5107 θεοὶ
1953 5054 2128 5125 (Ἐγὼ

551 5145 661 5214 γὰρ
690 5139 846 5207 εἶπα,
892 5143 1023 5195 Θεοί
1054 5142 1213 5198 ἐστε.
1248 5140 1346 5194 καὶ
1375 5137 1491 5193 υἱοί
1532 5139 1825 5205 Ὑψίστου
1867 5137 2124 5201 πάντεςο

550 5228 646 5279 καὶ
680 5226 838 5277 πάλιν
879 5222 1030 5278 εἶπεν
1067 5225 1095 5277 6
1132 5225 1263 5288 Θεὸς
1309 5223 1386 5294 τῷ
1419 5222 1656 5282 Μωύσεῖ,
1700 5220 1852 5276 Ἰδοὺ
1893 5220 2125 5275 τέθεικά

550 5322 624 5361 σε
655 5310 742 5374 είς
770 5310 908 5361 θεὸν
951 5306 1030 5372 τῷ
1063 5307 1313 5376 Φαραώ),
1342 5300 1492 5368 οὗτος
1528 5306 1557 5356 ὁ
1584 5305 1983 5374 κηρυττόμενος
2027 5305 2126 5358 οὐκ

549 5389 777 5458 ὤφειλεν
824 5388 1164 5460 ὑϐρισθῆναι.
1202 5389 1310 5442 Καὶ
1347 5388 1432 5439 ἵνα
1483 5387 1555 5456 μὴ
1584 5387 1832 5458 νομίσῃς,
1862 5388 1942 5439 ὅτι
1983 5387 2121 5451 θεὸς,

548 5472 623 5533 ὡς
650 5475 677 5524 6
715 5472 981 5540 Μωῦσῆς,
1029 5472 1061 5540 ἢ
1106 5471 1180 5533 ὼς
1222 5472 1268 5522 οί
1304 5468 1609 5532 ἀπόστολοι,
1665 5470 1929 5538 ἐπήγαγε,
1981 5471 2124 5535 Θεὸς

550 5557 818 5622 ίσχυρός.
867 5555 1104 5622 Μωύσῆς
1133 5554 1272 5616 Θεὸς,
1304 5555 1402 5606 οὐκ
1446 5553 1694 5622 ἰσχυρὸς,
1737 5552 1848 5604 ἁλλ’
1880 5553 2122 5621 ἐνισχυό-

551 5654 728 5710 μενος.
789 5638 950 5691 ’Ἄλλο
1001 5637 1149 5692 ἐστὶν
1208 5637 1624 5708 ἐνισχυόμενος,
1691 5635 1816 5689 ἄλλο
1879 5635 2118 5706 ἰσχυρός.

608 5831 638 5862 ³
663 5829 798 5894 "ac,
835 5831 908 5878 ὅτι
931 5833 1019 5894 πρὸ
1064 5849 1170 5881 τ....
1219 5832 1450 5894 ἐγένοντο,
1474 5829 1656 5879 desunt
1683 5825 1730 5875 in
1756 5827 1904 5877 Savtl.
1947 5826 2113 5877 Montf.

544 5895 734 5954 νεύματι
758 5892 939 5956 legisse
961 5892 1156 5945 ﬁdem?
1200 5892 1330 5944 Εοιτ.

1996 488 2362 546 SEVERIANI

3694 511 3813 566 466

2217 606 2381 661 ’Λλλο
2410 605 2670 668 δανείζων
2711 606 2891 676 χάριν,
2931 601 3060 660 ἄλλο
3097 604 3408 677 λαμϐάνων.
3443 605 3587 674 Θεὸς
3620 609 3805 676 ίσχυο

2203 691 2335 756 ρός.
2404 688 2644 758 Μωύσῆς
2706 688 2828 752 θεὸς
2899 689 3314 758 ἐποχούμενος,
3379 687 3484 743 κᾶν
3542 689 3807 760 μεγάλων

2213 767 2246 844 ᾗ
2287 771 2580 841 θαυμάτων
2640 773 2915 842 ἐργάτης,
2969 769 3108 824 ἀλλά
3155 771 3422 841 λαμϐάνει
3468 770 3568 842 τὴν
3615 773 3803 844 χάριν.

2225 853 2564 920 ’Υπεξούσιοι
2592 855 2640 908 οί
2679 853 2986 916 ἀπόστολοι,
3018 852 3368 924 ἐξουσιαστὴς
3388 854 3418 906 ό
3451 855 3666 926 Σωτὴρ,
3709 856 3808 909 καὶ

2215 935 2416 990 δίδωσι.
2455 936 2601 1002 Θεὸς
2632 939 2902 1004 ίσχυρός.
2937 936 3051 988 Οὐκ
3080 935 3322 1007 ἠρκέσθη
3355 937 3411 990 δέ
3439 937 3559 991 οὐδὲ
3599 938 3805 1009 τούτῳ,

2217 1019 2331 1072 ἀλλ’
2353 1019 2568 1088 ἐπάγει,
2600 1021 2652 1072 '0
2675 1018 3102 1085 ἐξουσιαστὴς,
3131 1019 3218 1072 ἵνα
3245 1019 3510 1092 παιδεύσῃ
3538 1021 3632 1074 καί⁵
3652 1022 3809 1091 ἡμᾶς

2217 1103 2312 1155 καὶ
2343 1104 2676 1172 αίρετικούς,
2708 1104 2784 1173 μὴ
2828 1102 3146 1168 ὐπεξούσιον
3179 1101 3358 1171 λέγειν
3391 1104 3482 1156 τὸν
3513 1104 3617 1174 τῆς
3651 1104 3810 1168 ἐξου·

2220 1188 2340 1249 σίας
2373 1186 2628 1257 ἄρχοντα.
2655 1186 2818 1239 Ἀλλο
2857 1185 3208 1253 ὐπεξούσιος,
3252 1187 3380 1241 ἄλλο
3423 1187 3807 1260 ἐξουσιαστής.

2219 1267 2372 1341 [475]
2403 1269 2586 1333 Θέλεις
2623 1269 2815 1337 μαθεῖν
2845 1269 3190 1335 αὐτεξουσίου
3221 1271 3314 1323 καὶ⁵
3338 1270 3660 1336 ὐπεξουσίου
3690 1272 3812 1323 δια-

2219 1353 2420 1422 φοράνς
2467 1354 2530 1405 OE
2577 1351 2864 1405 ἀπόστολοι
2910 1351 3242 1418 ὐπεξούσιοι,
3275 1354 3305 1406 6
3337 1353 3530 1423 Σωτὴρ
3557 1353 3814 1418 ἐξουσιαο

2224 1435 2371 1504 στής.
2405 1433 2616 1496 Παῦλος
2648 1430 2785 1486 εἶδεν
2813 1437 2870 1487 ἐν
2900 1437 2965 1505 τῇ
2998 1433 3306 1506 Μακεδονία
3334 1434 3624 1504 παιδίσκην
3654 1435 3814 1504 ἐχου-

2224 1531 2322 1568 σαν
2378 1515 2594 1585 πνεῦμα
2633 1515 2921 1581 Πύθωνος,
2970 1517 3066 1569 καὶ
3111 1517 3373 1585 λέγουσαν
3410 1518 3502 1571 ἐπὶ
3547 1519 3811 1570 πάντων·

2226 1593 2399 1652 Οὗτοι
2432 1601 2485 1651 οί
2517 1598 2814 1666 ἄνθρωποι
2851 1598 3062 1653 δοῦλοι
3087 1599 3193 1652 τοῦ
3223 1599 3372 1652 Θεοῦ
3401 1598 3506 1652 τοῦ
3533 1600 3811 1667 ὑψίστου

2221 1682 2396 1734 είσίν.
2428 1682 2817 1749 Διαπονηθείς
2847 1681 2917 1734 δὲ
2949 1684 2983 1736 ό
3008 1682 3248 1748 Παῦλος
3278 1682 3376 1735 καί
3409 1682 3809 1750 ἐπιστρέψας.

2221 1760 2351 1816 εἷπε
2378 1763 2458 1829 τῷ
2485 1766 2800 1833 πνεύματι,
2827 1766 2887 1817 οὐ
2917 1767 2984 1836 τῇ
3028 1765 3416 1836 ἐνεργουμένη,
3449 1765 3586 1818 ἀλλά
3614 1764 3692 1835 τῷ
3721 1765 3813 1816 ἐν-

2223 1848 2501 1918 εργοῦντι,
2552 1847 2952 1918 Παραγγέλλω
3010 1864 3108 1901 σοι
3169 1847 3240 1900 ἐν
3290 1849 3535 1916 ὀνόματι
3584 1848 3812 1914 Κυρίου

2237 1931 2437 1998 Ἰησοῦ
2476 1931 2738 2000 Χριστοῦ
2790 1930 3059 1994 ἐξελθεῖν
3103 1931 3203 1985 ἀπ’
3231 1931 3438 2000 αὐτῆς.
3487 1932 3660 1985 Καλεῖ
3698 1931 3815 1983 Κύ-

2229 2032 2360 2086 ριον,
2402 2015 2488 2068 ἵνα
2524 2015 2673 2085 δείξῃ
2713 2016 2901 2068 ἐαυτὸν
2937 2013 3141 2068 δοῦλον.
3178 2014 3395 2085 Ἐπειδὴ
3427 2015 3487 2068 τὸ
3521 2014 3711 2084 θαῦμα
3741 2009 3814 2086 ἦν

2226 2098 2366 2170 ὑπὲρ
2400 2097 2708 2170 ἄνθρωπον,
2754 2098 2815 2151 τὸ
2857 2098 3115 2168 δαίμονας
3147 2097 3443 2151 ὑπακούειν
3475 2096 3810 2167 ἀνθρώποις.

2227 2180 2312 2234 ἵνα
2343 2181 2416 2252 μὴ
2446 2181 2568 2250 δψις
2611 2180 2834 2252 ἁρπάσῃ
2872 2179 2971 2250 τὴν
3003 2179 3206 2250 φωνὴν,
3237 2180 3330 2233 καὶ
3363 2179 3664 2250 νομισθῶσι
3696 2179 3816 2234 θεοὶ

2225 2265 2274 2318 οί
2306 2263 2400 2316 τοῦ
2451 2263 2587 2318 Θεοῦ
2637 2264 2945 2333 ὑπηρέται,
2999 2262 3400 2331 Παραγγέλλω
3448 2279 3570 2325 σοι,
3619 2264 3810 2334 φησὶν,

2226 2348 2295 2400 ἐν
2322 2345 2400 2412 τῷ
2449 2349 2690 2414 ὀνόματι
2736 2346 2842 2400 τοῦ
2891 2347 3132 2414 Κυρίου.
3167 2346 3360 2399 Δούλου
3394 2346 3455 2399 τὸ
3493 2347 3816 2415 παραγγέλο

2225 2429 2358 2492 λειν,
2388 2429 2657 2482 Δεσπότου
2691 2429 2752 2482 τὸ
2783 2428 3137 2493 ἐξουσιάζειν.
3164 2426 3315 2490 Εἶδες
3341 2428 3561 2498 οίκέτην
3592 2447 3814 2501 παραγ-

2225 2511 2500 2580 γέλλοντα,
2529 2511 2692 2581 βλέπε
2733 2511 3009 2581 Δεσπότην
3045 2512 3424 2565 ἐπιτάσσοντα.
3455 2513 3810 2583 Προσηνέχθη

2225 2612 2308 2659 τις
2334 2593 2412 2665 τῷ
2458 2594 2703 2665 Δεσπότῃ
2743 2593 3054 2664 δαιμονιῶν,
3085 2593 3266 2664 κωφὸς
3310 2595 3404 2648 καὶ
3433 2595 3490 2648 ἄ)
3503 2595 3649 2660 αλος.
3695 2597 3814 2650 Οὐκ

2226 2674 2376 2730 εἶπεν
2418 2677 2446 2730 ό
2485 2676 2795 2746 Δεσπότης,
2831 2675 3206 2746 Παραγγέλλω
3244 2692 3347 2741 σοι,
3378 2676 3438 2729 16
3473 2677 3673 2731 ἄλαλον
3714 2678 3814 2732 καὶ

2226 2759 2407 2829 κωφὸν
2451 2760 2757 2829 δαιμόνιον·
2813 2757 2950 2820 ἀλλ’,
3001 2758 3139 2827 Ἐγώ
3191 2773 3290 2812 σοι
3348 2758 3677 2814 ἐπιτάσσω.
3733 2760 3812 2813 Τὸ

2227 2843 2592 2913 παράγγελμα
2621 2841 2856 2906 Παύλου,
2882 2839 2976 2893 τοῦ
3003 2837 3352 2906 ἐξουσιαστοῦ
3381 2842 3442 2893 τὸ
3471 2843 3811 2898 ἐπιτάσσειν.

2241 2922 2388 2993 Ἐγώ
2419 2940 2517 2977 σοι
2546 2922 2874 2983 ἐπιτάσσω,
2923 2923 3134 2986 ἔξελθε
3176 2923 3277 2976 ἀπ’
3304 2925 3512 2990 αὑτοῦ,
3559 2927 3659 2978 καί
3696 2943 3815 2995 μη.

2226 3004 2350 3058 κέτι
2395 3004 2695 3072 είσέλθης.
2733 3005 3072 3074 ’Υπήκουσεν
3113 3007 3142 3058 6
3183 3004 3412 3076 δαίμων,
3447 3008 3664 3076 ἐπέγνω
3703 3008 3813 3079 γὰρ

2225 3089 2323 3161 τὴν
2349 3088 2616 3155 ἐξουσίαν.
2641 3087 2860 3155 Λεγέτω
2887 3089 2915 3140 6
2943 3088 3212 3158 μακάριος
3252 3089 3510 3161 Ἰεζεκιὴλ
3543 3091 3680 3162 πρὸς
3711 3093 3814 3164 τὴν

2226 3171 2508 3245 αίρετικὴν
2540 3173 2860 3242 συναγωγήν
2880 3189 2893 3202 ·
2926 3171 3018 3224 Ζῶ
3056 3171 3191 3241 ἐγὼ,
3231 3171 3393 3242 λέγει
3431 3174 3667 3240 Κύριος,
3690 3175 3814 3229 ἐδι-

2226 3254 2442 3321 καιώθη
2470 3255 2507 3321 ἡ
2553 3253 2788 3322 ἀδελφή
2825 3269 2943 3308 σου
2985 3254 3220 3324 Σόδομα
3267 3254 3421 3321 ὑπὲρ
3467 3255 3562 3308 σέ.
3614 3256 3730 3309 Καὶ
3759 3257 3815 3311 τί

2226 3340 2371 3391 ἐστιν
2397 3337 2424 3389 ὃ
2453 3337 2631 3405 λέγεις
2672 3336 2797 3390 Ἐὰν
2835 3337 2944 3407 γὰρ
2987 3339 3062 3409 μὴ
3098 3337 3275 3407 μάθῃς
3309 3337 3338 3390 ὃ
3369 3337 3538 3406 λέγει,
3569 3339 3630 3391 οὐ
3680 3338 3815 3412 δύνῃ

2227 3419 2602 3488 ἐφώιασθῆναι
2646 3419 2783 3490 πρὸς
2812 3419 2908 3488 τὴν
2955 3420 3053 3490 τῆς
3087 3418 3321 3490 θεωρίας
3362 3421 3695 3492 κατάληψιν.
3743 3425 3809 3477 Ol

2227 3499 2511 3569 Σοδομῖται
2569 3500 2927 3570 ἀπειρημένοι
2970 3500 2997 3539 δ
3047 3501 3439 3568 τυγχάνοντες,
3492 3508 3816 3576 παρανομία

2227 3582 2335 3652 γάρ
2364 3581 2626 3646 συνέζωνο
2654 3582 2735 3635 διὸ
2766 3583 2858 3635 καὶ
2889 3582 3134 3652 θεηλάτῳ
3164 3584 3627 3655 κατηναλώθησαν
3655 3588 3814 3657 πυρί.

2227 3664 2337 3717 Καὶ
2372 3661 2437 3734 ἦν
2475 3664 2831 3735 Ἰερουσαλὴμ
2887 3663 3025 3734 μετά
3074 3663 3170 3734 τὴν
3223 3665 3447 3719 ἐκείνων
3507 3669 3812 3739 ἀναίρεσιν,

2227 3747 2322 3799 καὶ
2350 3747 2450 3812 τῆς
2477 3747 2682 3809 πόλεως
2711 3745 2890 3799 αὐτῶν
2921 3747 3020 3816 τὴν
3048 3747 3410 3816 πυρπόλησιν,
3444 3749 3583 3818 μετά
3611 3750 3816 3813 πολλάς

2226 3831 2438 3897 γενεάς.
2483 3830 2722 3884 ἅνθοῦσα
2759 3829 2857 3900 μὲν
2893 3832 2961 3900 τῇ
2991 3829 3144 3898 ὄψει,
3176 3832 3241 3900 τῇ
3278 3829 3334 3883 δὲ
3375 3831 3544 3901 κακίᾳ
3587 3833 3815 3899 μείζονα

2229 3914 2474 3967 ποιοῦσα.
2509 3915 2640 3969 Ὀτε
2687 3914 2864 3967 τοίνυν
2899 3913 2996 3983 τὴν
3029 3913 3135 3966 τῶν
3173 3913 3419 3984 Σοδόμων
3462 3913 3815 3986 ὑπερέϐησαν

2227 3991 2370 4050 οὗτοι
2399 3998 2614 4060 κακίαν,
2645 3997 2870 4065 ὄμνυσιν
2893 3998 2921 4049 ό
2943 3995 3075 4058 Θεὸς
3100 3995 3190 4049 διὰ
3218 3995 3311 4048 τοῦ
3347 3996 3605 4066 Ἰεζεκιὴλ
3639 3998 3816 4067 λέγων

2228 4079 2429 4142 οὕτως’
2474 4078 2565 4132 Ζῶ
2593 4079 2708 4147 ἐγὼ
2744 4077 2996 4142 Ἀδωναῒ,
3034 4080 3198 4148 λέγει
3235 4080 3470 4146 Κύριος.
3499 4081 3636 4133 εἰπὲ
3663 4083 3816 4148 πρὸς

2229 4162 2340 4228 τὴν
2379 4161 2717 4215 ἀσύνθετον
2749 4159 2863 4227 τὴν
2894 4159 3186 4229 θυγατέρα
3218 4161 3652 4229 Ἰερουσαλήμ·
3690 4165 3813 4231 Οὐχ

2229 4243 2490 4313 ἥμαρτεν
2527 4246 2564 4312 ἠ
2598 4242 2828 4312 ἀδελφή
2860 4259 2977 4296 σου
3013 4242 3245 4312 Σόδομα
3277 4244 3425 4296 κατὰ
3461 4245 3531 4296 τὰ
3567 4244 3815 4312 ἡμίσεια

2227 4328 2345 4380 τῶν
2368 4326 2666 4397 ἁμαρτιῶν
2690 4343 2828 4390 σου,
2854 4327 2952 4378 καὶ
2980 4325 3289 4393 ἐδικαιώθη
3315 4325 3544 4394 Σόδομα
3569 4328 3640 4380 ἐκ
3664 4329 3811 4382 σοῦ’

2227 4411 2346 4464 ἀντὶ
2389 4411 2502 4475 τοῦ,
2533 4411 2675 4480 Πρὸς
2710 4409 2993 4478 σύγκρισιν
3025 4407 3122 4479 σὴν
3168 4407 3374 4478 Σόδομα
3415 4408 3596 4461 δικαία
3627 4411 3808 4463 ἐστίν’

2227 4488 2334 4545 οἷον
2361 4494 2412 4546 εί
2428 4510 2509 4555 τις
2540 4493 2721 4560 ἔλεγεν
2742 4493 3065 4561 αίρετικοῖς·
3100 4489 3527 4559 Ἐδικαιὼθησαν
3552 4492 3649 4546 καὶ
3684 4491 3812 4545 Ἰου-

2226 4574 2360 4628 δαῖοι
2391 4576 2496 4628 ἀπὸ
2540 4576 2636 4646 τῆς
2678 4574 2984 4644 ὑπερϐολῆς
3025 4574 3124 4643 τῆς
3165 4573 3308 4628 κατά
3341 4576 3466 4638 τούς
3500 4576 3810 4647 αἱρετικούς

2232 4659 2455 4728 μανίας·
2490 4656 2884 4726 ἐδικαιώθησαν
2924 4656 3194 4727 δαίμονες,
3226 4658 3306 4710 ὅτι
3340 4659 3387 4710 οί
3424 4659 3522 4726 μὲν
3566 4660 3695 4712 Υίὸν
3725 4660 3811 4712 λέ-

2227 4758 2431 4808 γουσιν,
2459 4742 2509 4793 οί
2545 4741 2601 4793 δὲ
2638 4741 2867 4809 ποίημα.
2909 4738 3244 4805 Ἑδικαιώθη
3286 4740 3522 4810 Σόδομα
3560 4742 3628 4795 ἐκ
3670 4742 3805 4798 σοῦ.

2226 4822 2383 4892 Ζητῶ
2413 4823 2471 4876 δὲ
2513 4825 2570 4875 ἐν
2603 4822 2821 4892 παρόδῳ
2864 4822 2961 4893 τὴν
3000 4822 3177 4875 αἰτίαν
3215 4822 3283 4874 δι’
3316 4823 3383 4894 ἢν
3420 4825 3468 4876 οί
3497 4824 3563 4876 τὰ
3592 4825 3810 4894 Σοδομι-

2224 4907 2332 4960 τῶν
2365 4905 2690 4978 πράξαντες,
2715 4907 2815 4959 οὐκ
2855 4904 3130 4957 ἀπώλοντο
3156 4905 3231 4967 ὡς
3264 4905 3577 4976 Σοδομίταν
3611 4909 3809 4977 μᾶλλον

2223 4988 2299 5050 δέ,
2331 4991 2376 5042 εί
2422 4989 2810 5042 ἐδιπλασίασαν
2842 4987 2911 5039 τά
2950 4987 3355 5056 ἁμαρτήματα,
3386 4987 3528 5043 διατί
3564 4991 3643 5062 μὴ
3682 4993 3808 5063 ἐρη-

2220 5071 2486 5141 ,μώθησαν
2524 5071 2597 5135 ὼς
2627 5071 2824 5123 ἐκεῖνοι
2849 5086 2864 5132 ;

2298 5224 2368 5287 η’.
2414 5217 2471 5269 '0
2494 5215 2626 5279 Θεὸς
2644 5211 2735 5268 οὖν
2769 5214 2828 5266 οὐ
2869 5212 3028 5282 μόνον
3060 5211 3250 5267 ἔϐλεπε
3277 5213 3374 5284 τὴν
3390 5215 3500 5270 τῶν
3539 5215 3806 5267 Ἰουδαίων

2225 5299 2578 5369 ἀκμάζουσαν
2609 5296 2881 5358 ἀσέϐειαν,
2915 5294 3051 5347 άλλά
3089 5297 3180 5349 καὶ
3211 5297 3307 5367 τὴν
3339 5297 3477 5366 μετά
3507 5297 3679 5349 ταῦτα
3703 5297 3805 5348 τῶν

2225 5381 2430 5434 πιστῶν
2466 5380 2781 5434 εὐσέϐειανο
2828 5378 3048 5448 προῄδει
3098 5379 3177 5431 ὅτι
3217 5380 3405 5449 ἔμελλε
3455 5379 3706 5448 προϊέναι
3744 5379 3804 5429 ἐκ

2224 5467 2321 5535 τῆς
2356 5466 2614 5528 Ἰουδαίας
2657 5467 2690 5533 ἡ
2741 5461 2872 5529 άγία
2923 5461 3167 5525 θεοτόκος
3200 5463 3503 5532 Παρθένοςο
3555 5460 3805 5529 προεώρα

2224 5550 2317 5602 τὸν
2349 5550 2506 5619 χορὸν
2552 5548 2662 5599 τῶν
2717 5545 3050 5607 ἀποστόλων,
3098 5546 3398 5615 προέϐλεπε
3448 5544 3515 5596 τὰ
3556 5544 3803 5613 τάγματα

2226 5631 2333 5684 τῶν
2376 5629 2742 5701 ὀμολογητῶν,
2788 5628 2886 5692 τὰς
2926 5628 3192 5699 μυριάδας
3240 5628 3346 5680 τῶν
3383 5626 3652 5680 Ἰουδαίων
3698 5627 3800 5682 τῶν

2283 5825 2311 5864 b
2351 5824 2529 5888 ὅπη.-
2552 5822 2805 5888 addilixal
2848 5824 3239 5886 ἀπηγορευμένοι,
3275 5821 3574 5884 conjiciique
3608 5821 3802 5888 ἐτύγχα-

2228 5901 2324 5945 νον,
2346 5886 2474 5946 quod
2498 5884 2754 5935 Cutnbcﬁs.
2779 5887 2985 5948 recepit.
