3984 6420
176 427 292 482 465

186 529 489 592 laudantes,
522 522 721 597 gratias
750 529 992 593 agentes,
1022 518 1176 589 gnari
1202 531 1264 572 se
1292 515 1461 570 factos
1489 525 1633 577 esse,
1666 511 1683 542 ¹
1713 507 1796 579 let

190 629 346 675 antea
390 632 500 672 non
549 616 747 680 fuisse,
776 628 840 668 ac
869 620 1001 666 nutu
1035 607 1331 663 voluntatis
1380 606 1525 659 illius
1566 608 1780 656 creatos

195 709 423 781 fuisse]:
476 707 797 775 stabantque
827 701 1285 770 contemplantes,
1330 695 1684 762 videntesque
1725 702 1790 744 ea

193 818 313 873 qua:
352 807 476 870 post
515 800 662 869 ipsos
711 800 847 851 facta
900 795 1135 849 fuerant.
1186 789 1452 845 Videbant
1491 785 1681 841 caelum
1728 799 1795 838 ex

195 896 363 950 nihilo
391 893 609 954 factum,
633 898 687 945 et
713 889 1038 957 stupebant;
1068 899 1215 939 mare
1235 888 1594 952 segregatum,
1623 887 1676 933 et
1698 878 1799 932 mi-

194 988 493 1046 rabantur;
527 982 1027 1052 contemplabantur
1055 990 1251 1034 terram
1294 984 1538 1032 ornatam
1558 1014 1573 1036 ,
1622 982 1674 1027 et
1701 987 1801 1025 cx-

196 1078 603 1134 horrescebant.
634 1074 787 1141 Quod
818 1083 996 1127 autem
1024 1072 1200 1141 angeli
1243 1083 1347 1123 non
1376 1068 1647 1136 adjutores
1679 1061 1796 1115 fue-

197 1173 325 1233 rint,
377 1170 473 1224 sed
516 1168 903 1231 admiratores,
938 1167 1013 1219 ait
1058 1165 1197 1218 Deus
1242 1162 1436 1217 Jobum
1477 1159 1795 1227 alloquens:

203 1261 424 1328 Quando
453 1260 551 1329 feci
576 1258 769 1315 stellas.
802 1257 1133 1310 laudauerunt
1157 1270 1235 1307 me
1256 1270 1427 1308 omnes
1452 1250 1620 1320 angeli
1648 1257 1696 1303 et
1720 1262 1800 1300 ce-

220 1351 551 1404 lebraverunt
599 1347 732 1414 (Job.
768 1345 855 1399 58.
908 1346 983 1413 7).

289 1440 451 1503 Illud,
478 1438 781 1497 Faciamus,
806 1435 1117 1489 Trinitatem
1140 1443 1186 1487 et
1206 1434 1459 1485 unitatem
1482 1428 1797 1482 subindicat.

217 1561 288 1574 ο-
324 1531 616 1584 Faciamus
656 1530 933 1582 hominem.
969 1528 1178 1582 Dictum
1230 1526 1358 1579 illud
1400 1533 1453 1577 et
1489 1523 1798 1589 loquentem

219 1622 489 1693 significat
532 1630 585 1674 et
638 1619 969 1673 audientem.
1022 1617 1156 1671 Vide
1201 1616 1511 1669 orthodoxa:
1546 1610 1667 1665 ﬁdei
1715 1624 1800 1662 ra-

220 1714 370 1767 dium
424 1726 641 1780 semper
678 1711 1097 1781 splendentem:
1142 1717 1195 1761 et
1233 1708 1312 1761 sol
1358 1706 1548 1761 lucens
1590 1702 1800 1757 radium

220 1818 380 1856 suum
421 1800 685 1869 adjunxit.
736 1800 1014 1853 Faciamus
1043 1801 1300 1853 hominem
1335 1796 1616 1849 secundum
1659 1794 1800 1846 ima-

218 1894 392 1960 ginem
427 1901 474 1943 et
514 1891 913 1944 similitudinem
957 1899 1209 1943 nostram.
1258 1888 1618 1941 Personarum
1654 1878 1800 1936 ordi-

205 2002 327 2039 nem
377 1988 630 2052 servavit,
661 1996 714 2040 et
742 1986 1054 2041 substantia:
1082 1986 1363 2039 unitatem.
1406 1982 1683 2035 Faciamus
1710 1983 1801 2034 ho-

201 2077 389 2129 minem
408 2078 686 2129 secundum
714 2077 1006 2147 imaginem.
1038 2074 1153 2131 Non
1184 2074 1475 2129 secundum
1507 2073 1801 2139 imagines:

202 2182 377 2237 neque
406 2168 551 2221 enim
577 2168 678 2221 alia
710 2176 793 2223 est
822 2168 996 2237 imago
1034 2166 1232 2233 Patris,
1276 2167 1379 2219 alia
1423 2165 1564 2221 Filii.
1614 2164 1805 2219 Facia-

201 2274 315 2311 mus
349 2275 363 2311 :
392 2267 450 2312 ut
479 2272 827 2327 personarum
863 2259 1164 2329 pluritatem
1197 2258 1477 2321 ostendat;
1514 2256 1805 2312 Secundum

199 2350 476 2420 imaginem
510 2359 779 2403 nostram:
811 2360 870 2404 ιιι
898 2350 1503 2404 consubstantialitatcm
1548 2348 1804 2404 declaret.

200 2441 461 2508 Quisnam
493 2455 624 2494 vero
659 2450 740 2495 est
765 2441 940 2511 magni
974 2440 1129 2510 hujus
1155 2442 1421 2495 sermonis
1451 2449 1507 2495 et
1532 2439 1806 2493 admiran-

198 2536 283 2587 da:
308 2536 599 2589 creationis
630 2536 843 2589 socius?
869 2536 1038 2590 Judmi
1070 2537 1463 2599 contradicunt,
1492 2550 1556 2590 ac
1580 2536 1660 2591 vel
1687 2550 1809 2590 con-

202 2622 358 2679 tutati
394 2626 732 2696 impudenter
762 2641 821 2682 se
846 2634 1077 2697 gerunt;
1114 2627 1351 2682 hmretici
1386 2628 1676 2693 insaniunt,
1711 2642 1806 2682 ve-

203 2716 337 2768 ritas
385 2716 745 2784 impugnatnr,
789 2718 1005 2787 pietatis
1050 2718 1293 2773 doctrina
1324 2719 1575 2773 invictam
1608 2734 1718 2788 pra:
1750 2735 1809 2775 se

200 2804 305 2858 fert
330 2803 745 2859 confessionem.

277 2896 330 2949 7.
376 2895 532 2951 Unde
568 2898 727 2967 igitur
765 2900 1112 2955 ostendemus
1140 2901 1224 2955 cui
1268 2900 1483 2967 dixerit,
1534 2900 1807 2956 Faciamus

201 2989 457 3041 hominem
481 2989 507 3042 .9
531 3000 622 3043 aut
652 2991 770 3061 quis
793 3001 879 3047 est
902 2993 1019 3060 ejus
1046 2994 1424 3048 consiliarius?
1456 2994 1588 3048 Illud
1624 2995 1767 3049 enim
1789 3036 1804 3058 ,

201 3080 506 3146 Faciamus,
549 3083 889 3151 praesentiam
926 3086 1217 3140 consiliarii
1259 3087 1440 3157 exigit.
1500 3088 1587 3141 Ait
1630 3088 1808 3157 itaque

201 3172 393 3226 beatus
420 3172 579 3225 Isaias
606 3174 671 3227 de
704 3175 977 3244 unigenito
1002 3175 1135 3231 Filio
1158 3177 1272 3244 Dei,
1321 3178 1411 3247 qui
1453 3188 1669 3248 propter
1709 3193 1808 3234 nos

200 3262 440 3317 Immana
472 3264 616 3318 venit
645 3264 815 3320 forma
851 3284 865 3321 :
896 3265 1037 3321 Puer
1077 3277 1226 3322 natus
1274 3278 1347 3323 est
1384 3269 1547 3332 nobis,
1581 3269 1718 3337 filius
1762 3279 1808 3324 et

199 3356 399 3424 juvenis
428 3355 578 3409 datus
607 3366 680 3409 est
704 3355 862 3422 (Isai.
885 3356 939 3413 9.
960 3358 1035 3430 6).
1070 3358 1170 3427 Qui
1202 3374 1308 3414 non
1340 3370 1457 3416 erat
1488 3376 1618 3430 puer
1648 3371 1804 3416 natus

199 3454 323 3509 est;
359 3446 449 3515 qui
482 3456 596 3502 erat
628 3446 815 3512 Filius,
847 3448 1006 3505 datus
1052 3459 1154 3505 est.
1210 3450 1281 3505 Et
1320 3451 1579 3506 vocabitur
1624 3468 1805 3507 nomen

199 3539 336 3607 ejus,
382 3539 557 3609 magni
576 3541 775 3593 consilii
802 3543 1034 3611 angelus,
1068 3558 1259 3613 nempe
1301 3544 1471 3613 pueri,
1500 3545 1590 3615 qui
1627 3543 1805 3621 Filius

200 3640 319 3684 erat
346 3641 566 3700 propter
590 3632 946 3700 divinitatem,
990 3650 1120 3705 puer
1150 3646 1326 3691 autem
1352 3646 1569 3707 propter
1614 3638 1805 3692 Imma-

202 3722 448 3774 nitatem.
484 3720 664 3791 Magni
684 3725 882 3777 consilii
929 3728 1160 3795 angelus,
1210 3728 1526 3782 admirabilis
1568 3730 1805 3783 consilia-

199 3814 327 3867 rius.
366 3812 422 3869 Si
464 3829 625 3883 porro
654 3816 1015 3871 consiliarium
1040 3818 1127 3873 cui
1152 3818 1304 3882 dixit,
1336 3818 1612 3873 Faciamus
1641 3821 1806 3874 homi-

200 3922 318 3959 nem
368 3907 646 3959 secundum
690 3906 962 3978 imaginem
1008 3920 1055 3963 et
1099 3910 1481 3964 similitudinem
1534 3920 1802 3977 nostram,

202 3997 383 4066 magni
415 3998 622 4052 consilii
649 4000 912 4069 Angelum
942 4015 1124 4067 vocas,
1170 4002 1428 4068 nondum,
1462 4017 1495 4056 ο
1523 4002 1803 4072 propheta,

201 4089 523 4157 dignitatem
563 4088 681 4156 ejus
708 4090 855 4158 quia
886 4098 938 4144 te
977 4092 1313 4147 consiliarius
1355 4103 1576 4147 vocatur
1621 4093 1804 4149 decla-

200 4179 357 4233 rasti.
395 4178 517 4232 Fuit
561 4181 702 4233 enim
746 4189 799 4235 et
840 4181 1049 4252 Moyses
1076 4184 1412 4239 consiliarius
1465 4202 1478 4237 :
1527 4185 1808 4240 videbatur

201 4272 349 4326 enim
378 4271 659 4326 consilium
685 4272 814 4327 dare
843 4288 966 4329 cum
993 4274 1193 4329 diceret
1217 4294 1229 4328 :
1259 4276 1341 4331 Ne
1368 4279 1570 4331 occidas
1610 4296 1712 4344 eos,
1747 4294 1809 4331 ne

202 4364 338 4431 forte
379 4363 552 4416 dicant
583 4373 751 4432 gentes
801 4379 820 4419 :
870 4363 949 4418 Eo
987 4368 1121 4437 quod
1166 4384 1266 4421 non
1308 4377 1471 4437 posset
1520 4370 1634 4422 illos
1668 4369 1809 4437 prole

202 4469 412 4523 augere,
451 4455 633 4507 occidit
670 4471 775 4509 eos.
813 4456 1012 4511 Verum
1040 4474 1108 4513 ne
1139 4460 1451 4513 miraculum
1472 4461 1535 4515 ad
1558 4463 1808 4517 consilia-

204 4545 343 4599 rium
372 4559 540 4611 usque
578 4547 831 4600 statueris
866 4566 878 4600 :
912 4564 978 4602 ne
1016 4564 1303 4605 commune
1344 4567 1539 4607 nomen
1592 4552 1803 4620 feceris,

203 4635 305 4689 ctsi
354 4634 507 4688 multi
532 4635 823 4691 consiliarii
864 4641 993 4704 sint,
1028 4655 1094 4693 ne
1121 4644 1441 4697 contumelia
1472 4643 1734 4701 afﬁciatur
1761 4646 1806 4701 is

204 4728 297 4796 qui
330 4728 478 4781 solus
515 4734 615 4781 est.
649 4729 720 4781 At
750 4729 1008 4794 nondum,
1040 4731 1231 4801 inquit,
1266 4734 1381 4802 ejus
1423 4738 1510 4801 qui
1544 4737 1805 4804 praedica-

206 4828 295 4871 tur
329 4815 641 4886 dignitatem
670 4819 831 4875 nosti.
878 4822 1014 4877 Audi
1039 4823 1106 4878 de
1132 4824 1432 4881 admirabili
1461 4829 1804 4897 consiliario;

204 4910 371 4965 Isaias
404 4912 547 4965 enim
590 4912 641 4966 id
685 4914 827 4983 quod
863 4916 1111 4985 sequitur
1139 4919 1206 4973 ab
1246 4936 1331 4981 eo,
1360 4921 1499 4990 quod
1527 4923 1805 4995 praecedit,

207 5004 591 5071 interpretatur
623 5021 636 5057 :
664 5003 1014 5073 Admirabilis,
1058 5010 1247 5079 inquit,
1284 5014 1622 5077 consiliarius,
1669 5014 1809 5069 Deus

206 5096 378 5163 fortis.
441 5093 607 5149 Recte
660 5096 769 5150 Deo
823 5097 1189 5155 fortitudinem
1250 5103 1512 5170 adjunsit.
1578 5104 1809 5171 Quare?

206 5185 670 5252 Quemadmodum
699 5189 840 5243 enim
882 5192 1035 5245 multi
1082 5192 1231 5248 fuere
1276 5196 1587 5263 consiliarii,
1635 5212 1808 5267 neque

208 5285 386 5331 tamen
415 5277 536 5331 ideo
562 5278 717 5332 unius
739 5280 1030 5336 consiliarii
1060 5284 1291 5355 dignitas
1322 5287 1440 5340 laedi
1466 5286 1685 5353 debuit,
1731 5290 1807 5345 sic

204 5369 330 5435 quia
370 5369 524 5423 multi
559 5367 712 5425 fuere
751 5370 822 5426 dii
868 5372 1030 5442 (nam
1059 5377 1169 5430 ait:
1209 5376 1316 5447 Ego
1340 5379 1463 5443 dixi,
1488 5382 1575 5435 Dii
1597 5383 1730 5442 estis.
1761 5392 1807 5436 et

210 5460 303 5525 ﬁlii
356 5458 605 5516 Altissimi
652 5478 823 5515 omnes
872 5461 1063 5535 [Psal.
1097 5468 1182 5522 81.
1216 5468 1326 5540 6];
1393 5485 1455 5525 ac
1492 5488 1701 5527 rursum
1733 5476 1807 5527 ait

208 5554 349 5606 Deus
376 5554 574 5627 Moysi,
609 5555 741 5612 Ecce
778 5559 924 5627 posui
951 5568 996 5612 te
1021 5559 1073 5613 in
1097 5563 1243 5614 deum
1275 5563 1564 5619 Pharaonis
1609 5566 1803 5639 [Exod.

205 5644 259 5697 7.
285 5644 337 5717 1]
360 5646 399 5717 ),
450 5648 536 5702 hic
565 5649 654 5719 qui
685 5650 1007 5721 praedicatur
1036 5669 1142 5709 non
1167 5654 1348 5711 debuit
1376 5662 1693 5715 contumelia
1722 5662 1802 5716 af-

271 5845 287 5876 ²
326 5844 516 5895 Μηδεὶς
536 5848 767 5900 articulus
787 5851 870 5913 qui
896 5854 1083 5903 uncinis
1105 5852 1341 5905 clauditur
1359 5858 1503 5909 deest
1528 5861 1575 5909 in
1602 5860 1742 5911 Savil.

1188 402 1274 458 DE
1312 394 1525 457 MUNDI
1562 385 1952 453 CREATIONE
1989 386 2245 447 ORATIO
2283 388 2369 448 IV.

3379 398 3493 454 466

1903 505 2011 561 IIci.
2039 507 2118 562 Ac
2147 520 2218 560 ne
2246 515 2401 576 putes
2430 521 2554 563 cum
2580 506 2649 562 ita
2676 506 2836 563 deum
2864 520 3007 573 esse,
3040 514 3097 562 ut
3124 514 3240 562 erat
3266 504 3501 579 Moyses,

1903 609 1961 656 ut
1989 610 2145 656 erant
2168 601 2421 670 apostoli,
2473 600 2698 667 addidit,
2728 601 2866 656 Deus
2906 603 3069 673 fortis.
3102 596 3315 675 Moyses
3360 600 3504 655 Dens

1904 700 2038 757 erat,
2069 707 2176 748 non
2222 691 2398 761 fortis,
2442 692 2540 749 sed
2586 692 2900 748 fortitudine
2943 694 3194 749 donatus;
3233 692 3390 747 Aliud
3421 702 3506 747 est

1905 781 2219 840 fortitudine
2268 782 2514 850 donatus,
2570 792 2625 838 et
2674 785 2816 838 aliud
2863 784 3038 839 fortis.
3088 783 3247 837 Aliud
3278 784 3503 853 gratiam

1904 876 2271 945 commodans,
2300 877 2444 933 aliud
2461 876 2747 949 accipiens.
2782 877 2918 931 Deus
2947 876 3111 948 fortis.
3139 875 3349 947 Moyses
3372 874 3507 930 deus

1905 979 2020 1023 erat
2050 968 2359 1024 fortitudine
2380 969 2628 1032 donatus,
2661 969 2870 1023 etiamsi
2900 966 3181 1037 grandium
3220 967 3510 1021 miraculo-

1908 1073 2025 1112 rum
2055 1067 2292 1128 patrator
2318 1075 2333 1124 ;
2372 1074 2558 1113 verum
2588 1060 2812 1128 gratiam
2841 1059 3050 1128 accipit.
3103 1057 3216 1112 Sub
3241 1067 3507 1126 potestate

1906 1158 2060 1204 erant
2085 1150 2334 1219 apostoli,
2385 1163 2573 1220 potens
2603 1162 2685 1206 est
2712 1152 2984 1215 Servatur,
3014 1159 3069 1206 et
3107 1150 3311 1206 tribuit.
3368 1149 3511 1206 Deus

1907 1241 2073 1311 fortis.
2120 1240 2303 1311 Neque
2346 1241 2448 1297 hoc
2488 1251 2693 1298 tantum
2737 1244 2867 1297 satis
2913 1242 3120 1306 habuit,
3162 1244 3254 1296 sed
3287 1242 3509 1312 adjicit,

1908 1343 2103 1402 potens,
2156 1343 2212 1387 ut
2254 1342 2308 1388 et
2351 1347 2450 1387 nos
2491 1343 2546 1388 et
2587 1334 2870 1389 haereticos
2899 1334 3138 1399 doceret,
3172 1350 3239 1390 ne
3278 1336 3378 1390 sub
3415 1350 3513 1405 po-

1908 1433 2099 1480 testate
2150 1425 2453 1481 diceremus
2500 1441 2624 1481 eum
2682 1427 2772 1496 qui
2820 1427 2919 1495 ipsi
2962 1428 3212 1497 potestati
3258 1427 3508 1497 imperat.

1907 1516 2063 1571 Aliud
2104 1525 2185 1572 est
2228 1517 2329 1572 sub
2373 1526 2637 1588 potestate
2678 1518 3035 1583 constitutus,
3101 1518 3243 1573 aliud
3289 1527 3504 1590 potens.

1907 1609 2000 1664 Vis
2031 1624 2190 1665 nosse
2223 1609 2511 1666 discrimen
2551 1611 2691 1666 inter
2718 1626 2839 1666 eum
2862 1612 2951 1680 qui
2981 1627 3051 1667 ex
3084 1624 3140 1666 se
3181 1621 3371 1681 potens
3411 1612 3505 1679 sit,

1908 1712 1963 1755 et
2006 1715 2127 1756 eum
2158 1704 2249 1772 qui
2270 1702 2372 1757 sub
2396 1711 2661 1773 potestate
2683 1703 2790 1758 sit?
2816 1703 3054 1773 Apostoli
3086 1703 3186 1758 sub
3220 1712 3507 1773 potestate,

1909 1791 2169 1848 Servator
2199 1809 2328 1849 vero
2358 1804 2550 1865 potens
2578 1804 2714 1851 erat.
2738 1796 2932 1850 Paulus
2959 1794 3090 1850 vidit
3115 1795 3170 1851 in
3200 1795 3509 1854 Macedonia

1912 1880 2140 1951 puellam
2200 1884 2448 1951 spiritum
2490 1885 2750 1956 Pythonis
2792 1885 3107 1953 habentem,
3155 1888 3509 1958 omnibusque

1912 1973 2178 2032 dicentem
2213 1993 2229 2031 :
2258 1976 2332 2031 Hi
2359 1977 2587 2033 homines
2610 1980 2739 2033 servi
2771 1978 2871 2033 Dei
2910 1980 3147 2035 altissimi
3174 1991 3312 2035 sunt.
3342 1980 3512 2053 ngre

1911 2074 2078 2119 autem
2113 2066 2277 2135 ferens
2314 2067 2534 2133 Paulus,
2561 2085 2828 2125 conversus
2852 2071 2983 2127 dixit
3010 2071 3211 2141 spiritui
3252 2073 3385 2143 (Act.
3417 2072 3507 2128 16.

1914 2158 2002 2213 17.
2034 2158 2122 2230 18)
2147 2174 2162 2225 ;
2210 2175 2317 2216 non
2343 2170 2522 2216 autem
2548 2162 2763 2233 puellae,
2792 2162 2888 2218 sed
2918 2164 3149 2233 puellam
3184 2165 3507 2234 occupanti,

1912 2248 2171 2306 Dcnuntio
2197 2251 2285 2307 tibi
2322 2257 2379 2311 in
2406 2254 2608 2309 nomine
2634 2254 2840 2309 Domini
2861 2254 2987 2309 Iesu
3010 2252 3218 2323 Christi,
3268 2264 3324 2311 ut
3358 2273 3510 2312 mas

1913 2344 1977 2397 ab
2016 2344 2126 2398 illa.
2190 2344 2361 2401 Vocat
2409 2346 2730 2417 Dominum,
2776 2355 2838 2403 ut
2873 2348 3121 2404 ostendat
3162 2364 3223 2405 se
3268 2364 3507 2405 servum.

1913 2433 2047 2501 Quia
2077 2450 2236 2505 supra
2267 2435 2539 2493 hominem
2572 2438 2674 2494 hoc
2710 2440 3029 2495 miraculum
3057 2448 3194 2505 erat,
3222 2440 3364 2510 quod
3394 2439 3510 2495 da:-

1914 2541 2101 2583 mones
2152 2527 2435 2585 obedirent
2479 2530 2802 2597 hominibus,
2856 2548 2925 2588 ne
2969 2533 3114 2588 visus
3145 2548 3332 2588 vocem
3356 2548 3511 2603 rape-

1913 2628 2017 2687 ret,
2062 2636 2197 2677 neve
2239 2621 2305 2689 ii,
2347 2623 2439 2694 qui
2484 2624 2577 2679 Dei
2617 2626 2847 2680 ministri
2894 2635 3081 2691 erant,
3130 2626 3203 2681 dii
3248 2642 3369 2682 esse
3414 2641 3511 2696 pu-

1917 2718 2174 2777 tarentur,
2232 2711 2508 2783 Dcnuntio,
2556 2716 2751 2787 inquit,
2801 2718 2890 2771 tibi
2937 2718 2989 2770 in
3033 2718 3235 2772 nomine
3278 2716 3506 2772 Domini.

1915 2802 2068 2861 Servi
2093 2813 2179 2861 est
2205 2805 2549 2875 denuntiare,
2584 2809 2679 2865 Dei
2708 2824 2832 2865 cum
2869 2817 3135 2881 potestate
3180 2824 3362 2880 agere.
3412 2811 3509 2865 Vi-

1915 2897 2037 2953 disti
2070 2898 2323 2954 [amulum
2366 2901 2793 2968 denuntiantem,
2836 2902 2956 2955 vide
3004 2902 3287 2955 Dominum
3330 2908 3505 2973 Impe-

1914 3000 2142 3045 rantem.
2192 2990 2416 3048 Oblatus
2442 3001 2526 3047 est
2571 2992 2795 3047 Domino
2837 2992 3050 3061 quidam
3104 2991 3503 3056 dmmoniacus.

1913 3080 2106 3136 surdus
2133 3092 2188 3136 et
2218 3092 2413 3139 mutus.
2461 3082 2577 3139 Non
2616 3084 2750 3139 dixit
2780 3084 3052 3147 Dominus,
3104 3084 3367 3139 Dcnuntio
3413 3083 3511 3139 tibi

1915 3172 2081 3227 surdo
2111 3181 2164 3228 et
2190 3182 2340 3229 muto
2368 3174 2671 3241 daemonio;
2703 3174 2819 3239 sed,
2851 3174 2961 3245 Ego
2999 3174 3088 3228 tibi
3115 3174 3374 3243 praecipio.
3408 3174 3513 3230 Ile-

1913 3263 2177 3319 nuntiatlo
2230 3274 2312 3321 est
2357 3265 2529 3331 Pauli,
2586 3267 2820 3336 pOIentis
2866 3276 3046 3321 autem
3090 3275 3172 3321 est
3217 3265 3508 3335 imperare.

1915 3352 2028 3425 Ego
2071 3355 2161 3409 tibi
2209 3357 2470 3426 precipio,
2516 3359 2597 3412 exi
2646 3360 2709 3411 ab
2757 3375 2835 3423 eo,
2886 3374 2975 3410 nec.
2999 3358 3220 3425 amplius
3244 3357 3510 3411 intraveris

1915 3442 2106 3513 (Marc.
2127 3445 2179 3502 9.
2200 3445 2313 3508 24).
2336 3446 2583 3502 Obedivit
2611 3447 2844 3513 daemon,
2863 3447 3010 3502 novit
3029 3448 3173 3502 enim
3198 3450 3508 3516 potentiam.

1912 3535 2063 3591 Dicat
2088 3535 2277 3593 beatus
2293 3536 2543 3594 Ezechiel
2564 3538 2630 3593 ad
2652 3554 2979 3611 synanogam
2998 3539 3302 3593 haereticam
3339 3556 3353 3593 :
3386 3538 3512 3593 Vivo

1911 3642 2024 3698 ego,
2058 3627 2177 3681 dicit
2204 3625 2456 3683 Dominus
2479 3669 2493 3692 ,
2514 3630 2803 3699 justiﬁcata
2848 3640 2919 3683 est
2964 3644 3109 3683 soror
3152 3639 3239 3681 tua
3280 3628 3510 3683 Sodoma

1910 3735 2066 3789 supra
2092 3728 2139 3773 te
2184 3717 2398 3789 (Ezech.
2425 3720 2512 3776 l6.
2546 3720 2658 3789 52).
2684 3720 2818 3787 Quid
2860 3730 2943 3775 est
2986 3720 3114 3776 illud
3159 3720 3301 3790 quod
3339 3721 3509 3776 dicit?

1912 3810 2023 3866 Nisi
2055 3812 2198 3867 enim
2226 3812 2356 3867 illud
2386 3811 2659 3878 didiceris,
2709 3828 2813 3867 non
2845 3814 3046 3883 poteris
3075 3814 3261 3869 deduci
3292 3814 3358 3869 ad
3397 3815 3508 3883 spi-

1914 3905 2121 3961 ritualis
2168 3919 2358 3961 sensus
2402 3906 2829 3975 intelligentiam.
2894 3906 3186 3961 Sodomita:
3238 3906 3511 3976 desperati

1911 4004 2104 4059 erant;
2138 3996 2191 4051 in
2217 3996 2423 4052 scelere
2455 3998 2598 4052 enim
2630 3999 2788 4051 vitam
2821 3997 3185 4067 transigebant
3229 4014 3242 4051 :
3278 3998 3507 4068 ideoque

1914 4086 2164 4143 divinitus
2191 4089 2432 4144 immisso
2462 4089 2760 4159 consumpti
2792 4101 2911 4143 sunt
2945 4090 3083 4158 igne.
3136 4088 3368 4158 Eratque
3414 4088 3509 4144 Je-

1914 4180 2145 4234 rusalem
2174 4189 2295 4250 post
2332 4195 2517 4236 eorum
2546 4182 2789 4248 exitium,
2826 4180 3078 4250 urbisque
3103 4196 3290 4235 eorum
3323 4180 3510 4235 incen-

1913 4272 2082 4337 dium,
2124 4272 2310 4327 multis
2336 4272 2793 4342 generationibus,
2843 4273 3021 4343 specie
3048 4272 3261 4341 quidem
3287 4272 3507 4335 ﬂorens,

1914 4364 2115 4435 majora
2138 4373 2315 4420 tamen
2340 4366 2541 4420 scelera
2565 4374 2901 4435 perpetrans.
2952 4364 3084 4419 Cum
3123 4365 3280 4434 igitur
3318 4363 3372 4417 bi
3412 4364 3511 4418 So-

1914 4456 2236 4512 domitarum
2285 4456 2577 4526 nequitiam
2628 4464 2980 4525 superarent,
3024 4455 3169 4523 jnrat
3226 4454 3364 4508 Deus
3414 4469 3510 4522 per

1914 4547 2252 4603 Ezechielem
2296 4548 2377 4603 his
2427 4549 2607 4603 verbis
2662 4566 2675 4603 :
2730 4566 2748 4599 ι
2786 4547 2918 4601 Vivo
2961 4562 3060 4616 ego
3098 4546 3338 4609 Adonai,
3378 4544 3511 4598 dicit

1915 4640 2194 4705 Dominus,
2217 4639 2304 4696 dic
2326 4640 2694 4709 incompositae
2720 4639 2843 4693 filim
2868 4638 3165 4693 Jerusalem
3195 4655 3206 4690 :
3234 4636 3349 4691 Non
3380 4651 3507 4704 pec-

1914 4733 2055 4789 cavit
2097 4747 2251 4789 soror
2306 4744 2395 4788 tua
2440 4732 2673 4788 Sodoma
2717 4732 2799 4786 vel
2846 4730 3124 4785 dimidium
3167 4737 3507 4794 peccatorum

1918 4835 2151 4892 tuorum,
2193 4838 2242 4883 et
2266 4826 2552 4897 jnstilicata
2585 4836 2667 4880 est
2693 4825 2924 4879 Sodoma
2953 4838 3015 4877 ex
3048 4832 3099 4877 te
3125 4840 3144 4873 ›
3172 4820 3382 4893 (Ezech.
3417 4820 3506 4875 16.

1916 4921 2007 4976 48.
2041 4918 2167 4990 52),
2216 4934 2279 4973 ac
2321 4919 2365 4972 si
2406 4919 2634 4983 diceret,
2682 4916 2912 4971 Sodoma
2968 4912 3369 4982 comparatione
3426 4914 3500 4966 tui

1910 5010 2052 5083 justa
2097 5020 2211 5073 est;
2256 5025 2318 5064 ac
2362 5010 2404 5062 si
2448 5010 2567 5077 quis
2624 5007 2886 5060 hrrrelicis
2934 5004 3140 5058 diceret
3176 5023 3188 5059 :
3226 5002 3508 5059 Justificati

1916 5112 2040 5157 διιηι
2080 5114 2131 5158 ct
2156 5102 2325 5157 Judmi
2356 5117 2420 5155 ex
2454 5102 2648 5170 ingenti
2684 5100 3056 5152 liwreticoruni
3087 5095 3303 5163 furore;
3346 5096 3507 5165 justi-

1917 5196 2056 5252 licati
2105 5204 2228 5250 sunt
2273 5196 2565 5255 dtemoncs,
2615 5194 2736 5263 quia
2767 5192 2819 5245 hi
2853 5191 3043 5244 Filium
3087 5191 3261 5260 ipsum
3290 5196 3504 5253 vocant,

1915 5292 1989 5349 illi
2021 5307 2147 5348 vero
2173 5289 2466 5360 opilicium.
2507 5286 2801 5355 Justiﬁcata
2840 5294 2912 5339 est
2962 5283 3191 5339 Sodoma
3230 5300 3291 5339 ea:
3321 5295 3384 5338 te.
3412 5283 3507 5336 IIic

1916 5396 2093 5441 autem
2141 5386 2313 5441 obiter
2339 5400 2522 5455 quer
2552 5397 2765 5438 causam
2798 5396 2892 5433 cur
2923 5380 2957 5433 ii
2986 5380 3074 5448 qui
3107 5377 3505 5434 Sodomitarum

1915 5481 2116 5535 scelera
2158 5486 2556 5548 perpetrarnnt,
2598 5490 2703 5528 non
2757 5473 3026 5542 perierunt
3068 5483 3126 5525 ut
3173 5468 3505 5530 Sodomitaz;

1916 5571 2023 5627 imo
2063 5574 2243 5638 etiam,
2295 5571 2341 5626 si
2381 5569 2542 5638 duplo
2586 5567 2789 5635 majora
2842 5572 3214 5634 peccaverunt,
3256 5576 3354 5615 cur
3398 5576 3505 5613 non

1914 5667 2171 5723 devastati
2202 5676 2322 5720 sunt
2354 5675 2409 5719 ut
2438 5663 2548 5718 illi?

1985 5759 2038 5815 8.
2083 5760 2221 5813 Deus
2262 5758 2438 5827 itaque
2488 5772 2593 5809 non
2643 5754 2803 5807 modo
2851 5751 3065 5807 videbat
3108 5749 3377 5819 ingentem
3408 5744 3506 5800 Ju-

1921 5854 2157 5907 dtcorum
2188 5850 2535 5919 impietatem,
2561 5845 2654 5903 sed
2682 5847 2842 5900 etiam
2869 5858 3009 5907 eam,
3035 5856 3153 5912 qua:
3185 5847 3303 5911 post
3332 5836 3506 5895 futura
