  <div class='ocr_page' id='page_1' title='image "/cluster/home/n/w/nwhite01/storage/ocr_20150623/56/ien.35556001660836/463.png"; bbox 0 0 3984 6424; ppageno 0'>
   <div class='ocr_carea' id='block_1_1' title="bbox 439 433 555 490">
    <p class='ocr_par' dir='ltr' id='par_1_1' title="bbox 439 433 555 490">
     <span class='ocr_line' id='line_1_1' title="bbox 439 433 555 490; baseline 0.009 -1"><span class='ocrx_word' id='word_1_1' title='bbox 439 433 555 490; x_wconf 82' lang='grc'><strong>467</strong></span> 
     </span>
    </p>
   </div>
   <div class='ocr_carea' id='block_1_2' title="bbox 429 507 2026 597">
    <p class='ocr_par' dir='ltr' id='par_1_2' title="bbox 429 507 2026 597">
     <span class='ocr_line' id='line_1_2' title="bbox 429 507 2026 597; baseline -0.021 -8"><span class='ocrx_word' id='word_1_2' title='bbox 429 543 565 597; x_wconf 80' lang='lat' dir='ltr'><strong>erat,</strong></span> <span class='ocrx_word' id='word_1_3' title='bbox 608 529 842 586; x_wconf 85' lang='lat' dir='ltr'><strong>fidelium</strong></span> <span class='ocrx_word' id='word_1_4' title='bbox 887 525 1170 596; x_wconf 74' lang='lat' dir='ltr'><strong>pietatem;</strong></span> <span class='ocrx_word' id='word_1_5' title='bbox 1217 515 1544 590; x_wconf 71' lang='lat' dir='ltr'><strong>prasvidebat</strong></span> <span class='ocrx_word' id='word_1_6' title='bbox 1586 507 1913 583; x_wconf 87' lang='lat' dir='ltr'><strong>prodituram</strong></span> <span class='ocrx_word' id='word_1_7' title='bbox 1957 517 2026 558; x_wconf 79' lang='lat' dir='ltr'><strong>ex</strong></span> 
     </span>
    </p>
   </div>
   <div class='ocr_carea' id='block_1_3' title="bbox 430 597 2032 685">
    <p class='ocr_par' dir='ltr' id='par_1_3' title="bbox 430 597 2032 685">
     <span class='ocr_line' id='line_1_3' title="bbox 430 597 2032 685; baseline -0.019 -4"><span class='ocrx_word' id='word_1_8' title='bbox 430 625 614 682; x_wconf 72' lang='lat' dir='ltr'><strong>Judma</strong></span> <span class='ocrx_word' id='word_1_9' title='bbox 642 637 763 679; x_wconf 89' lang='lat' dir='ltr'><strong>esse</strong></span> <span class='ocrx_word' id='word_1_10' title='bbox 795 628 1034 675; x_wconf 85' lang='lat' dir='ltr'><strong>sanctam</strong></span> <span class='ocrx_word' id='word_1_11' title='bbox 1062 615 1344 685; x_wconf 89' lang='lat' dir='ltr'><strong>Deiparam</strong></span> <span class='ocrx_word' id='word_1_12' title='bbox 1371 609 1630 678; x_wconf 82' lang='lat' dir='ltr'><strong>virginem</strong></span> <span class='ocrx_word' id='word_1_13' title='bbox 1664 622 1678 659; x_wconf 92' lang='lat'><strong>:</strong></span> <span class='ocrx_word' id='word_1_14' title='bbox 1707 597 2032 673; x_wconf 67' lang='lat' dir='ltr'><strong>praevidebat</strong></span> 
     </span>
    </p>
   </div>
   <div class='ocr_carea' id='block_1_4' title="bbox 432 695 2030 785">
    <p class='ocr_par' dir='ltr' id='par_1_4' title="bbox 432 695 2030 785">
     <span class='ocr_line' id='line_1_4' title="bbox 432 695 2030 785; baseline -0.021 -10"><span class='ocrx_word' id='word_1_15' title='bbox 432 721 658 776; x_wconf 88' lang='lat' dir='ltr'><strong>chorum</strong></span> <span class='ocrx_word' id='word_1_16' title='bbox 706 713 1098 785; x_wconf 77' lang='lat' dir='ltr'><strong>apostolorum,</strong></span> <span class='ocrx_word' id='word_1_17' title='bbox 1141 721 1349 763; x_wconf 89' lang='lat' dir='ltr'><strong>necnon</strong></span> <span class='ocrx_word' id='word_1_18' title='bbox 1388 701 1606 757; x_wconf 83' lang='lat' dir='ltr'><strong>ordines</strong></span> <span class='ocrx_word' id='word_1_19' title='bbox 1639 695 2030 755; x_wconf 83' lang='lat' dir='ltr'><strong>confessorum,</strong></span> 
     </span>
    </p>
   </div>
   <div class='ocr_carea' id='block_1_5' title="bbox 429 780 2035 868">
    <p class='ocr_par' dir='ltr' id='par_1_5' title="bbox 429 780 2035 868">
     <span class='ocr_line' id='line_1_5' title="bbox 429 780 2035 868; baseline -0.021 0"><span class='ocrx_word' id='word_1_20' title='bbox 429 821 484 868; x_wconf 91' lang='lat' dir='ltr'><strong>et</strong></span> <span class='ocrx_word' id='word_1_21' title='bbox 515 811 680 865; x_wconf 90' lang='lat' dir='ltr'><strong>multa</strong></span> <span class='ocrx_word' id='word_1_22' title='bbox 711 780 871 861; x_wconf 82' lang='lat' dir='ltr'><strong>millia</strong></span> <span class='ocrx_word' id='word_1_23' title='bbox 893 803 1200 859; x_wconf 72' lang='lat' dir='ltr'><strong>Judmorum</strong></span> <span class='ocrx_word' id='word_1_24' title='bbox 1220 798 1310 868; x_wconf 90' lang='lat' dir='ltr'><strong>qui</strong></span> <span class='ocrx_word' id='word_1_25' title='bbox 1329 791 1584 850; x_wconf 75' lang='lat' dir='ltr'><strong>credituri</strong></span> <span class='ocrx_word' id='word_1_26' title='bbox 1609 795 1782 844; x_wconf 89' lang='lat' dir='ltr'><strong>erant.</strong></span> <span class='ocrx_word' id='word_1_27' title='bbox 1809 780 2035 852; x_wconf 79' lang='lat' dir='ltr'><strong>Quando</strong></span> 
     </span>
    </p>
   </div>
   <div class='ocr_carea' id='block_1_6' title="bbox 431 879 2036 959">
    <p class='ocr_par' dir='ltr' id='par_1_6' title="bbox 431 879 2036 959">
     <span class='ocr_line' id='line_1_6' title="bbox 431 879 2036 959; baseline -0.021 0"><span class='ocrx_word' id='word_1_28' title='bbox 431 905 575 959; x_wconf 89' lang='lat' dir='ltr'><strong>enim</strong></span> <span class='ocrx_word' id='word_1_29' title='bbox 599 899 843 955; x_wconf 74' lang='lat' dir='ltr'><strong>ascendit</strong></span> <span class='ocrx_word' id='word_1_30' title='bbox 871 895 1070 952; x_wconf 80' lang='lat' dir='ltr'><strong>Paulus</strong></span> <span class='ocrx_word' id='word_1_31' title='bbox 1097 893 1150 948; x_wconf 91' lang='lat' dir='ltr'><strong>in</strong></span> <span class='ocrx_word' id='word_1_32' title='bbox 1181 887 1481 947; x_wconf 84' lang='lat' dir='ltr'><strong>Jerusalem</strong></span> <span class='ocrx_word' id='word_1_33' title='bbox 1501 925 1516 948; x_wconf 85' lang='lat'><strong>,</strong></span> <span class='ocrx_word' id='word_1_34' title='bbox 1539 883 1722 938; x_wconf 89' lang='lat' dir='ltr'><strong>dicunt</strong></span> <span class='ocrx_word' id='word_1_35' title='bbox 1759 879 1806 931; x_wconf 91' lang='lat' dir='ltr'><strong>ei</strong></span> <span class='ocrx_word' id='word_1_36' title='bbox 1835 889 2036 944; x_wconf 87' lang='lat' dir='ltr'><strong>coapo-</strong></span> 
     </span>
    </p>
   </div>
   <div class='ocr_carea' id='block_1_7' title="bbox 431 965 2040 1056">
    <p class='ocr_par' dir='ltr' id='par_1_7' title="bbox 431 965 2040 1056">
     <span class='ocr_line' id='line_1_7' title="bbox 431 965 2040 1056; baseline -0.024 -5"><span class='ocrx_word' id='word_1_37' title='bbox 431 995 556 1051; x_wconf 88' lang='lat' dir='ltr'><strong>stoli</strong></span> <span class='ocrx_word' id='word_1_38' title='bbox 590 1012 603 1048; x_wconf 91' lang='lat'><strong>:</strong></span> <span class='ocrx_word' id='word_1_39' title='bbox 629 992 805 1056; x_wconf 79' lang='lat' dir='ltr'><strong>Vides,</strong></span> <span class='ocrx_word' id='word_1_40' title='bbox 831 987 996 1045; x_wconf 80' lang='lat' dir='ltr'><strong>Paule</strong></span> <span class='ocrx_word' id='word_1_41' title='bbox 1028 981 1219 1051; x_wconf 80' lang='lat' dir='ltr'><strong>frater,</strong></span> <span class='ocrx_word' id='word_1_42' title='bbox 1243 990 1362 1050; x_wconf 87' lang='lat' dir='ltr'><strong>quot</strong></span> <span class='ocrx_word' id='word_1_43' title='bbox 1383 977 1545 1031; x_wconf 79' lang='lat' dir='ltr'><strong>millia</strong></span> <span class='ocrx_word' id='word_1_44' title='bbox 1573 982 1692 1029; x_wconf 89' lang='lat' dir='ltr'><strong>sunt</strong></span> <span class='ocrx_word' id='word_1_45' title='bbox 1724 965 2040 1021; x_wconf 70' lang='lat' dir='ltr'><strong>Juda’orum</strong></span> 
     </span>
    </p>
   </div>
   <div class='ocr_carea' id='block_1_8' title="bbox 433 1060 2037 1156">
    <p class='ocr_par' dir='ltr' id='par_1_8' title="bbox 433 1060 2037 1156">
     <span class='ocr_line' id='line_1_8' title="bbox 433 1060 2037 1156; baseline -0.021 -16"><span class='ocrx_word' id='word_1_46' title='bbox 433 1088 523 1156; x_wconf 79' lang='lat' dir='ltr'><strong>qui</strong></span> <span class='ocrx_word' id='word_1_47' title='bbox 563 1083 882 1139; x_wconf 83' lang='lat' dir='ltr'><strong>crediderunt</strong></span> <span class='ocrx_word' id='word_1_48' title='bbox 930 1079 1070 1149; x_wconf 83' lang='lat' dir='ltr'><strong>(Act.</strong></span> <span class='ocrx_word' id='word_1_49' title='bbox 1098 1072 1331 1142; x_wconf 70' lang='lat'><strong>21.20).</strong></span> <span class='ocrx_word' id='word_1_50' title='bbox 1381 1064 1694 1124; x_wconf 76' lang='lat' dir='ltr'><strong>Prmvidens</strong></span> <span class='ocrx_word' id='word_1_51' title='bbox 1736 1060 1898 1156; x_wconf 79' lang='lat' dir='ltr'><strong>igitur</strong></span> <span class='ocrx_word' id='word_1_52' title='bbox 1941 1068 2037 1110; x_wconf 90' lang='lat' dir='ltr'><strong>eos</strong></span> 
     </span>
    </p>
   </div>
   <div class='ocr_carea' id='block_1_9' title="bbox 430 1153 2036 1250">
    <p class='ocr_par' dir='ltr' id='par_1_9' title="bbox 430 1153 2036 1250">
     <span class='ocr_line' id='line_1_9' title="bbox 430 1153 2036 1250; baseline -0.02 -19"><span class='ocrx_word' id='word_1_53' title='bbox 430 1153 521 1250; x_wconf 87' lang='lat' dir='ltr'><strong>qui</strong></span> <span class='ocrx_word' id='word_1_54' title='bbox 552 1175 806 1232; x_wconf 90' lang='lat' dir='ltr'><strong>credituri</strong></span> <span class='ocrx_word' id='word_1_55' title='bbox 837 1180 1012 1235; x_wconf 91' lang='lat' dir='ltr'><strong>erant,</strong></span> <span class='ocrx_word' id='word_1_56' title='bbox 1040 1167 1282 1238; x_wconf 87' lang='lat' dir='ltr'><strong>pepercit</strong></span> <span class='ocrx_word' id='word_1_57' title='bbox 1313 1159 1631 1220; x_wconf 86' lang='lat' dir='ltr'><strong>incredulis;</strong></span> <span class='ocrx_word' id='word_1_58' title='bbox 1671 1153 2036 1220; x_wconf 84' lang='lat' dir='ltr'><strong>nonipsorum</strong></span> 
     </span>
    </p>
   </div>
   <div class='ocr_carea' id='block_1_10' title="bbox 438 1243 2037 1342">
    <p class='ocr_par' dir='ltr' id='par_1_10' title="bbox 438 1243 2037 1342">
     <span class='ocr_line' id='line_1_10' title="bbox 438 1243 2037 1342; baseline -0.022 -16"><span class='ocrx_word' id='word_1_59' title='bbox 438 1243 630 1342; x_wconf 80' lang='lat' dir='ltr'><strong>gratia,</strong></span> <span class='ocrx_word' id='word_1_60' title='bbox 678 1265 771 1322; x_wconf 87' lang='lat' dir='ltr'><strong>sed</strong></span> <span class='ocrx_word' id='word_1_61' title='bbox 814 1273 1030 1335; x_wconf 88' lang='lat' dir='ltr'><strong>propter</strong></span> <span class='ocrx_word' id='word_1_62' title='bbox 1073 1259 1327 1319; x_wconf 87' lang='lat' dir='ltr'><strong>fructum,</strong></span> <span class='ocrx_word' id='word_1_63' title='bbox 1369 1254 1457 1324; x_wconf 90' lang='lat' dir='ltr'><strong>qui</strong></span> <span class='ocrx_word' id='word_1_64' title='bbox 1489 1267 1555 1306; x_wconf 78' lang='lat' dir='ltr'><strong>ex</strong></span> <span class='ocrx_word' id='word_1_65' title='bbox 1588 1247 1694 1302; x_wconf 90' lang='lat' dir='ltr'><strong>illis</strong></span> <span class='ocrx_word' id='word_1_66' title='bbox 1735 1243 2037 1298; x_wconf 78' lang='lat' dir='ltr'><strong>nasciturus</strong></span> 
     </span>
    </p>
   </div>
   <div class='ocr_carea' id='block_1_11' title="bbox 433 1329 2036 1419">
    <p class='ocr_par' dir='ltr' id='par_1_11' title="bbox 433 1329 2036 1419">
     <span class='ocr_line' id='line_1_11' title="bbox 433 1329 2036 1419; baseline -0.022 0"><span class='ocrx_word' id='word_1_67' title='bbox 433 1329 570 1419; x_wconf 60' lang='lat' dir='ltr'><strong>crat.</strong></span> <span class='ocrx_word' id='word_1_68' title='bbox 599 1329 655 1416; x_wconf 82' lang='lat' dir='ltr'><strong>Id</strong></span> <span class='ocrx_word' id='word_1_69' title='bbox 697 1329 1013 1415; x_wconf 74' lang='lat' dir='ltr'><strong>testificatur</strong></span> <span class='ocrx_word' id='word_1_70' title='bbox 1039 1353 1203 1409; x_wconf 86' lang='lat' dir='ltr'><strong>Isaias</strong></span> <span class='ocrx_word' id='word_1_71' title='bbox 1228 1369 1240 1403; x_wconf 89' lang='lat'><strong>:</strong></span> <span class='ocrx_word' id='word_1_72' title='bbox 1271 1349 1367 1402; x_wconf 71' lang='lat' dir='ltr'><strong>«Et</strong></span> <span class='ocrx_word' id='word_1_73' title='bbox 1397 1344 1498 1400; x_wconf 87' lang='lat' dir='ltr'><strong>nisi</strong></span> <span class='ocrx_word' id='word_1_74' title='bbox 1526 1340 1783 1396; x_wconf 80' lang='lat' dir='ltr'><strong>Dominus</strong></span> <span class='ocrx_word' id='word_1_75' title='bbox 1803 1329 2036 1390; x_wconf 75' lang='lat' dir='ltr'><strong>Sabaoth</strong></span> 
     </span>
    </p>
   </div>
   <div class='ocr_carea' id='block_1_12' title="bbox 438 1431 2041 1523">
    <p class='ocr_par' dir='ltr' id='par_1_12' title="bbox 438 1431 2041 1523">
     <span class='ocr_line' id='line_1_12' title="bbox 438 1431 2041 1523; baseline -0.021 -14"><span class='ocrx_word' id='word_1_76' title='bbox 438 1455 747 1523; x_wconf 89' lang='lat' dir='ltr'><strong>reliquisset</strong></span> <span class='ocrx_word' id='word_1_77' title='bbox 776 1449 932 1504; x_wconf 92' lang='lat' dir='ltr'><strong>nobis</strong></span> <span class='ocrx_word' id='word_1_78' title='bbox 962 1460 1170 1510; x_wconf 87' lang='lat' dir='ltr'><strong>semen,</strong></span> <span class='ocrx_word' id='word_1_79' title='bbox 1201 1440 1354 1511; x_wconf 89' lang='lat' dir='ltr'><strong>quasi</strong></span> <span class='ocrx_word' id='word_1_80' title='bbox 1383 1437 1613 1493; x_wconf 84' lang='lat' dir='ltr'><strong>Sodoma</strong></span> <span class='ocrx_word' id='word_1_81' title='bbox 1637 1431 1945 1492; x_wconf 77' lang='lat' dir='ltr'><strong>fuissemus,</strong></span> <span class='ocrx_word' id='word_1_82' title='bbox 1986 1431 2041 1478; x_wconf 92' lang='lat' dir='ltr'><strong>et</strong></span> 
     </span>
    </p>
   </div>
   <div class='ocr_carea' id='block_1_13' title="bbox 437 1515 2036 1617">
    <p class='ocr_par' dir='ltr' id='par_1_13' title="bbox 437 1515 2036 1617">
     <span class='ocr_line' id='line_1_13' title="bbox 437 1515 2036 1617; baseline -0.019 -14"><span class='ocrx_word' id='word_1_83' title='bbox 437 1515 588 1617; x_wconf 74' lang='lat' dir='ltr'><strong>quasi</strong></span> <span class='ocrx_word' id='word_1_84' title='bbox 629 1542 929 1601; x_wconf 79' lang='lat' dir='ltr'><strong>Gomorrlta</strong></span> <span class='ocrx_word' id='word_1_85' title='bbox 961 1538 1166 1595; x_wconf 88' lang='lat' dir='ltr'><strong>similes</strong></span> <span class='ocrx_word' id='word_1_86' title='bbox 1194 1535 1314 1589; x_wconf 86' lang='lat' dir='ltr'><strong>facti</strong></span> <span class='ocrx_word' id='word_1_87' title='bbox 1339 1543 1583 1588; x_wconf 85' lang='lat' dir='ltr'><strong>essemus</strong></span> <span class='ocrx_word' id='word_1_88' title='bbox 1614 1545 1632 1576; x_wconf 80' lang='grc' dir='ltr'><strong>ι</strong></span> <span class='ocrx_word' id='word_1_89' title='bbox 1693 1522 1845 1617; x_wconf 75' lang='lat' dir='ltr'><strong>(Isai.</strong></span> <span class='ocrx_word' id='word_1_90' title='bbox 1958 1515 2036 1590; x_wconf 85' lang='lat'><strong>9).</strong></span> 
     </span>
    </p>
   </div>
   <div class='ocr_carea' id='block_1_14' title="bbox 441 1612 2042 1693">
    <p class='ocr_par' dir='ltr' id='par_1_14' title="bbox 441 1612 2042 1693">
     <span class='ocr_line' id='line_1_14' title="bbox 441 1612 2042 1693; baseline -0.017 -2"><span class='ocrx_word' id='word_1_91' title='bbox 441 1612 639 1693; x_wconf 47' lang='lat' dir='ltr'><strong>i’erum</strong></span> <span class='ocrx_word' id='word_1_92' title='bbox 688 1633 825 1690; x_wconf 87' lang='lat' dir='ltr'><strong>forte</strong></span> <span class='ocrx_word' id='word_1_93' title='bbox 869 1645 966 1685; x_wconf 90' lang='lat' dir='ltr'><strong>nos</strong></span> <span class='ocrx_word' id='word_1_94' title='bbox 1005 1629 1151 1685; x_wconf 91' lang='lat' dir='ltr'><strong>dicto</strong></span> <span class='ocrx_word' id='word_1_95' title='bbox 1200 1627 1307 1680; x_wconf 92' lang='lat' dir='ltr'><strong>vim</strong></span> <span class='ocrx_word' id='word_1_96' title='bbox 1356 1622 1653 1677; x_wconf 86' lang='lat' dir='ltr'><strong>intulimus.</strong></span> <span class='ocrx_word' id='word_1_97' title='bbox 1684 1613 1830 1671; x_wconf 85' lang='lat' dir='ltr'><strong>etde</strong></span> <span class='ocrx_word' id='word_1_98' title='bbox 1851 1612 1950 1665; x_wconf 80' lang='lat' dir='ltr'><strong>alia</strong></span> <span class='ocrx_word' id='word_1_99' title='bbox 1981 1624 2042 1664; x_wconf 88' lang='lat' dir='ltr'><strong>re</strong></span> 
     </span>
    </p>
   </div>
   <div class='ocr_carea' id='block_1_15' title="bbox 438 1701 2038 1801">
    <p class='ocr_par' dir='ltr' id='par_1_15' title="bbox 438 1701 2038 1801">
     <span class='ocr_line' id='line_1_15' title="bbox 438 1701 2038 1801; baseline -0.021 -15"><span class='ocrx_word' id='word_1_100' title='bbox 438 1729 678 1801; x_wconf 86' lang='lat' dir='ltr'><strong>loquitur</strong></span> <span class='ocrx_word' id='word_1_101' title='bbox 707 1724 914 1781; x_wconf 82' lang='lat' dir='ltr'><strong>Isaias?</strong></span> <span class='ocrx_word' id='word_1_102' title='bbox 961 1724 1031 1777; x_wconf 83' lang='lat' dir='ltr'><strong>At</strong></span> <span class='ocrx_word' id='word_1_103' title='bbox 1076 1719 1299 1774; x_wconf 90' lang='lat' dir='ltr'><strong>Paulum</strong></span> <span class='ocrx_word' id='word_1_104' title='bbox 1340 1713 1486 1776; x_wconf 89' lang='lat' dir='ltr'><strong>audi,</strong></span> <span class='ocrx_word' id='word_1_105' title='bbox 1516 1707 1902 1781; x_wconf 88' lang='lat' dir='ltr'><strong>prophetarum</strong></span> <span class='ocrx_word' id='word_1_106' title='bbox 1931 1701 2038 1801; x_wconf 76' lang='lat' dir='ltr'><strong>fra-</strong></span> 
     </span>
    </p>
   </div>
   <div class='ocr_carea' id='block_1_16' title="bbox 440 1795 2040 1887">
    <p class='ocr_par' dir='ltr' id='par_1_16' title="bbox 440 1795 2040 1887">
     <span class='ocr_line' id='line_1_16' title="bbox 440 1795 2040 1887; baseline -0.019 -8"><span class='ocrx_word' id='word_1_107' title='bbox 440 1833 579 1879; x_wconf 88' lang='lat' dir='ltr'><strong>trem</strong></span> <span class='ocrx_word' id='word_1_108' title='bbox 609 1831 660 1876; x_wconf 91' lang='lat' dir='ltr'><strong>et</strong></span> <span class='ocrx_word' id='word_1_109' title='bbox 693 1820 1044 1887; x_wconf 86' lang='lat' dir='ltr'><strong>interpretem</strong></span> <span class='ocrx_word' id='word_1_110' title='bbox 1071 1813 1336 1868; x_wconf 89' lang='lat' dir='ltr'><strong>dicentem</strong></span> <span class='ocrx_word' id='word_1_111' title='bbox 1367 1825 1379 1858; x_wconf 88' lang='lat'>:</span> <span class='ocrx_word' id='word_1_112' title='bbox 1417 1824 1436 1858; x_wconf 83' lang='grc'>‹</span> <span class='ocrx_word' id='word_1_113' title='bbox 1463 1804 1701 1862; x_wconf 84' lang='lat' dir='ltr'><strong>Fratres.</strong></span> <span class='ocrx_word' id='word_1_114' title='bbox 1754 1815 1861 1854; x_wconf 88' lang='lat' dir='ltr'><strong>non</strong></span> <span class='ocrx_word' id='word_1_115' title='bbox 1917 1795 2040 1851; x_wconf 74' lang='lat' dir='ltr'><strong>zeli-</strong></span> 
     </span>
    </p>
   </div>
   <div class='ocr_carea' id='block_1_17' title="bbox 441 1892 2045 1985">
    <p class='ocr_par' dir='ltr' id='par_1_17' title="bbox 441 1892 2045 1985">
     <span class='ocr_line' id='line_1_17' title="bbox 441 1892 2045 1985; baseline -0.019 -16"><span class='ocrx_word' id='word_1_116' title='bbox 441 1913 584 1985; x_wconf 69' lang='lat' dir='ltr'><strong>quia:</strong></span> <span class='ocrx_word' id='word_1_117' title='bbox 641 1908 937 1965; x_wconf 88' lang='lat' dir='ltr'><strong>secundum</strong></span> <span class='ocrx_word' id='word_1_118' title='bbox 981 1905 1296 1961; x_wconf 84' lang='lat' dir='ltr'><strong>electionem</strong></span> <span class='ocrx_word' id='word_1_119' title='bbox 1346 1897 1532 1969; x_wconf 72' lang='lat' dir='ltr'><strong>gratia:</strong></span> <span class='ocrx_word' id='word_1_120' title='bbox 1583 1894 1737 1948; x_wconf 73' lang='lat' dir='ltr'><strong>facta:</strong></span> <span class='ocrx_word' id='word_1_121' title='bbox 1777 1896 1936 1947; x_wconf 85' lang='lat' dir='ltr'><strong>sunt;</strong></span> <span class='ocrx_word' id='word_1_122' title='bbox 1987 1892 2045 1940; x_wconf 89' lang='lat' dir='ltr'><strong>ut</strong></span> 
     </span>
    </p>
   </div>
   <div class='ocr_carea' id='block_1_18' title="bbox 439 1979 2042 2074">
    <p class='ocr_par' dir='ltr' id='par_1_18' title="bbox 439 1979 2042 2074">
     <span class='ocr_line' id='line_1_18' title="bbox 439 1979 2042 2074; baseline -0.018 -14"><span class='ocrx_word' id='word_1_123' title='bbox 439 1979 682 2074; x_wconf 69' lang='lat' dir='ltr'><strong>reliquiae</strong></span> <span class='ocrx_word' id='word_1_124' title='bbox 710 2002 872 2055; x_wconf 66' lang='lat' dir='ltr'><strong>salva:</strong></span> <span class='ocrx_word' id='word_1_125' title='bbox 893 2007 1097 2056; x_wconf 85' lang='lat' dir='ltr'><strong>essent.</strong></span> <span class='ocrx_word' id='word_1_126' title='bbox 1132 1995 1201 2049; x_wconf 83' lang='lat' dir='ltr'><strong>Et</strong></span> <span class='ocrx_word' id='word_1_127' title='bbox 1227 1993 1365 2048; x_wconf 90' lang='lat' dir='ltr'><strong>sicut</strong></span> <span class='ocrx_word' id='word_1_128' title='bbox 1390 1988 1524 2044; x_wconf 88' lang='lat' dir='ltr'><strong>dixit</strong></span> <span class='ocrx_word' id='word_1_129' title='bbox 1559 1985 1739 2048; x_wconf 78' lang='lat' dir='ltr'><strong>Isaias,</strong></span> <span class='ocrx_word' id='word_1_130' title='bbox 1783 1980 1894 2036; x_wconf 82' lang='lat' dir='ltr'><strong>Nisi</strong></span> <span class='ocrx_word' id='word_1_131' title='bbox 1935 1979 2042 2032; x_wconf 86' lang='lat' dir='ltr'><strong>Do-</strong></span> 
     </span>
    </p>
   </div>
   <div class='ocr_carea' id='block_1_19' title="bbox 440 2069 2040 2160">
    <p class='ocr_par' dir='ltr' id='par_1_19' title="bbox 440 2069 2040 2160">
     <span class='ocr_line' id='line_1_19' title="bbox 440 2069 2040 2160; baseline -0.019 -7"><span class='ocrx_word' id='word_1_132' title='bbox 440 2069 622 2153; x_wconf 79' lang='lat' dir='ltr'><strong>minus</strong></span> <span class='ocrx_word' id='word_1_133' title='bbox 651 2091 891 2149; x_wconf 87' lang='lat' dir='ltr'><strong>Sabaoth</strong></span> <span class='ocrx_word' id='word_1_134' title='bbox 925 2088 1228 2160; x_wconf 87' lang='lat' dir='ltr'><strong>reliquisset</strong></span> <span class='ocrx_word' id='word_1_135' title='bbox 1257 2082 1412 2139; x_wconf 91' lang='lat' dir='ltr'><strong>nobis</strong></span> <span class='ocrx_word' id='word_1_136' title='bbox 1441 2093 1651 2140; x_wconf 84' lang='lat' dir='ltr'><strong>semen,</strong></span> <span class='ocrx_word' id='word_1_137' title='bbox 1689 2073 1839 2145; x_wconf 90' lang='lat' dir='ltr'><strong>quasi</strong></span> <span class='ocrx_word' id='word_1_138' title='bbox 1866 2069 2040 2126; x_wconf 86' lang='lat' dir='ltr'><strong>Sodo-</strong></span> 
     </span>
    </p>
   </div>
   <div class='ocr_carea' id='block_1_20' title="bbox 439 2160 2044 2248">
    <p class='ocr_par' dir='ltr' id='par_1_20' title="bbox 439 2160 2044 2248">
     <span class='ocr_line' id='line_1_20' title="bbox 439 2160 2044 2248; baseline -0.019 -4"><span class='ocrx_word' id='word_1_139' title='bbox 439 2202 530 2243; x_wconf 87' lang='lat' dir='ltr'><strong>ma</strong></span> <span class='ocrx_word' id='word_1_140' title='bbox 578 2186 703 2240; x_wconf 86' lang='lat' dir='ltr'><strong>facti</strong></span> <span class='ocrx_word' id='word_1_141' title='bbox 754 2198 1000 2240; x_wconf 83' lang='lat' dir='ltr'><strong>essemus</strong></span> <span class='ocrx_word' id='word_1_142' title='bbox 1056 2199 1075 2234; x_wconf 76' lang='grc' dir='ltr'><strong><em>ι</em></strong></span> <span class='ocrx_word' id='word_1_143' title='bbox 1136 2177 1310 2248; x_wconf 85' lang='lat' dir='ltr'><strong>(Rom.</strong></span> <span class='ocrx_word' id='word_1_144' title='bbox 1345 2176 1431 2229; x_wconf 89' lang='grc'><strong>11.</strong></span> <span class='ocrx_word' id='word_1_145' title='bbox 1460 2171 1513 2226; x_wconf 69' lang='grc' dir='ltr'>ε.</span> <span class='ocrx_word' id='word_1_146' title='bbox 1542 2179 1590 2224; x_wconf 80' lang='lat' dir='ltr'><strong>et</strong></span> <span class='ocrx_word' id='word_1_147' title='bbox 1618 2167 1673 2224; x_wconf 88' lang='lat'><strong>9.</strong></span> <span class='ocrx_word' id='word_1_148' title='bbox 1705 2163 1820 2236; x_wconf 75' lang='grc'><strong>29).</strong></span> <span class='ocrx_word' id='word_1_149' title='bbox 1852 2160 2044 2218; x_wconf 87' lang='lat' dir='ltr'><strong>Omnia</strong></span> 
     </span>
    </p>
   </div>
   <div class='ocr_carea' id='block_1_21' title="bbox 438 2257 2042 2348">
    <p class='ocr_par' dir='ltr' id='par_1_21' title="bbox 438 2257 2042 2348">
     <span class='ocr_line' id='line_1_21' title="bbox 438 2257 2042 2348; baseline -0.019 -14"><span class='ocrx_word' id='word_1_150' title='bbox 438 2276 704 2348; x_wconf 84' lang='lat' dir='ltr'><strong>siquidem</strong></span> <span class='ocrx_word' id='word_1_151' title='bbox 726 2271 1054 2345; x_wconf 72' lang='lat' dir='ltr'><strong>prmvidebat</strong></span> <span class='ocrx_word' id='word_1_152' title='bbox 1079 2270 1241 2334; x_wconf 88' lang='lat' dir='ltr'><strong>Deus,</strong></span> <span class='ocrx_word' id='word_1_153' title='bbox 1261 2275 1316 2320; x_wconf 92' lang='lat' dir='ltr'><strong>et</strong></span> <span class='ocrx_word' id='word_1_154' title='bbox 1345 2279 1451 2318; x_wconf 89' lang='lat' dir='ltr'><strong>non</strong></span> <span class='ocrx_word' id='word_1_155' title='bbox 1485 2257 1705 2331; x_wconf 87' lang='lat' dir='ltr'><strong>perinde</strong></span> <span class='ocrx_word' id='word_1_156' title='bbox 1733 2265 1894 2325; x_wconf 83' lang='lat' dir='ltr'><strong>atque</strong></span> <span class='ocrx_word' id='word_1_157' title='bbox 1922 2267 2042 2314; x_wconf 90' lang='lat' dir='ltr'><strong>nos,</strong></span> 
     </span>
    </p>
   </div>
   <div class='ocr_carea' id='block_1_22' title="bbox 439 2344 2046 2443">
    <p class='ocr_par' dir='ltr' id='par_1_22' title="bbox 439 2344 2046 2443">
     <span class='ocr_line' id='line_1_22' title="bbox 439 2344 2046 2443; baseline -0.021 -15"><span class='ocrx_word' id='word_1_158' title='bbox 439 2372 531 2443; x_wconf 83' lang='lat' dir='ltr'><strong>qui</strong></span> <span class='ocrx_word' id='word_1_159' title='bbox 561 2379 806 2440; x_wconf 90' lang='lat' dir='ltr'><strong>tempore</strong></span> <span class='ocrx_word' id='word_1_160' title='bbox 832 2368 1111 2429; x_wconf 76' lang='lat' dir='ltr'><strong>docemur,</strong></span> <span class='ocrx_word' id='word_1_161' title='bbox 1157 2362 1235 2416; x_wconf 87' lang='lat' dir='ltr'><strong>sic</strong></span> <span class='ocrx_word' id='word_1_162' title='bbox 1262 2359 1403 2414; x_wconf 87' lang='lat' dir='ltr'><strong>Deus</strong></span> <span class='ocrx_word' id='word_1_163' title='bbox 1429 2370 1525 2426; x_wconf 91' lang='lat' dir='ltr'><strong>per</strong></span> <span class='ocrx_word' id='word_1_164' title='bbox 1548 2348 1938 2421; x_wconf 75' lang='lat' dir='ltr'><strong>experientiam</strong></span> <span class='ocrx_word' id='word_1_165' title='bbox 1965 2344 2046 2397; x_wconf 93' lang='lat' dir='ltr'><strong>di-</strong></span> 
     </span>
    </p>
   </div>
   <div class='ocr_carea' id='block_1_23' title="bbox 439 2437 2046 2526">
    <p class='ocr_par' dir='ltr' id='par_1_23' title="bbox 439 2437 2046 2526">
     <span class='ocr_line' id='line_1_23' title="bbox 439 2437 2046 2526; baseline -0.019 -6"><span class='ocrx_word' id='word_1_166' title='bbox 439 2465 562 2521; x_wconf 88' lang='lat' dir='ltr'><strong>scit.</strong></span> <span class='ocrx_word' id='word_1_167' title='bbox 594 2437 803 2517; x_wconf 77' lang='lat' dir='ltr'><strong>Rurstts</strong></span> <span class='ocrx_word' id='word_1_168' title='bbox 833 2461 974 2524; x_wconf 91' lang='lat' dir='ltr'><strong>dico,</strong></span> <span class='ocrx_word' id='word_1_169' title='bbox 1009 2465 1068 2512; x_wconf 92' lang='lat' dir='ltr'><strong>ut</strong></span> <span class='ocrx_word' id='word_1_170' title='bbox 1092 2468 1236 2526; x_wconf 58' lang='lat' dir='ltr'><strong>serpe</strong></span> <span class='ocrx_word' id='word_1_171' title='bbox 1264 2451 1396 2517; x_wconf 83' lang='lat' dir='ltr'><strong>dixi,</strong></span> <span class='ocrx_word' id='word_1_172' title='bbox 1436 2447 1760 2504; x_wconf 65' lang='lat' dir='ltr'><strong>smeu&#39;lorum</strong></span> <span class='ocrx_word' id='word_1_173' title='bbox 1799 2440 1933 2495; x_wconf 83' lang='lat' dir='ltr'><strong>fmes</strong></span> <span class='ocrx_word' id='word_1_174' title='bbox 1964 2437 2046 2491; x_wconf 87' lang='lat' dir='ltr'><strong>vi-</strong></span> 
     </span>
    </p>
   </div>
   <div class='ocr_carea' id='block_1_24' title="bbox 439 2534 2046 2621">
    <p class='ocr_par' dir='ltr' id='par_1_24' title="bbox 439 2534 2046 2621">
     <span class='ocr_line' id='line_1_24' title="bbox 439 2534 2046 2621; baseline -0.021 -2"><span class='ocrx_word' id='word_1_175' title='bbox 439 2562 603 2619; x_wconf 84' lang='lat' dir='ltr'><strong>debat</strong></span> <span class='ocrx_word' id='word_1_176' title='bbox 636 2577 650 2615; x_wconf 90' lang='lat'><strong>:</strong></span> <span class='ocrx_word' id='word_1_177' title='bbox 679 2558 944 2615; x_wconf 84' lang='lat' dir='ltr'><strong>Adamum</strong></span> <span class='ocrx_word' id='word_1_178' title='bbox 976 2554 1110 2608; x_wconf 86' lang='lat' dir='ltr'><strong>vidit</strong></span> <span class='ocrx_word' id='word_1_179' title='bbox 1154 2555 1485 2621; x_wconf 87' lang='lat' dir='ltr'><strong>peccantem,</strong></span> <span class='ocrx_word' id='word_1_180' title='bbox 1525 2537 1855 2613; x_wconf 72' lang='lat' dir='ltr'><strong>prmvidcbat</strong></span> <span class='ocrx_word' id='word_1_181' title='bbox 1883 2534 2046 2589; x_wconf 87' lang='lat' dir='ltr'><strong>etiam</strong></span> 
     </span>
    </p>
   </div>
   <div class='ocr_carea' id='block_1_25' title="bbox 441 2623 2048 2724">
    <p class='ocr_par' dir='ltr' id='par_1_25' title="bbox 441 2623 2048 2724">
     <span class='ocr_line' id='line_1_25' title="bbox 441 2623 2048 2724; baseline -0.022 -13"><span class='ocrx_word' id='word_1_182' title='bbox 441 2668 538 2711; x_wconf 89' lang='lat' dir='ltr'><strong>eos</strong></span> <span class='ocrx_word' id='word_1_183' title='bbox 565 2652 657 2724; x_wconf 91' lang='lat' dir='ltr'><strong>qui</strong></span> <span class='ocrx_word' id='word_1_184' title='bbox 687 2666 758 2707; x_wconf 76' lang='lat' dir='ltr'><strong>ex</strong></span> <span class='ocrx_word' id='word_1_185' title='bbox 793 2649 886 2704; x_wconf 93' lang='lat' dir='ltr'><strong>illo</strong></span> <span class='ocrx_word' id='word_1_186' title='bbox 927 2644 1088 2700; x_wconf 84' lang='lat' dir='ltr'><strong>futuri</strong></span> <span class='ocrx_word' id='word_1_187' title='bbox 1131 2648 1314 2697; x_wconf 87' lang='lat' dir='ltr'><strong>essent</strong></span> <span class='ocrx_word' id='word_1_188' title='bbox 1348 2635 1501 2708; x_wconf 88' lang='lat' dir='ltr'><strong>justi,</strong></span> <span class='ocrx_word' id='word_1_189' title='bbox 1531 2631 1749 2689; x_wconf 77' lang='lat' dir='ltr'><strong>videbat</strong></span> <span class='ocrx_word' id='word_1_190' title='bbox 1796 2641 1919 2682; x_wconf 91' lang='lat' dir='ltr'><strong>eum</strong></span> <span class='ocrx_word' id='word_1_191' title='bbox 1949 2623 2048 2724; x_wconf 45' lang='lat' dir='ltr'><strong>eji:</strong></span> 
     </span>
    </p>
   </div>
   <div class='ocr_carea' id='block_1_26' title="bbox 441 2714 2049 2810">
    <p class='ocr_par' dir='ltr' id='par_1_26' title="bbox 441 2714 2049 2810">
     <span class='ocr_line' id='line_1_26' title="bbox 441 2714 2049 2810; baseline -0.022 -8"><span class='ocrx_word' id='word_1_192' title='bbox 441 2714 693 2802; x_wconf 78' lang='lat' dir='ltr'><strong>ciendum</strong></span> <span class='ocrx_word' id='word_1_193' title='bbox 721 2758 788 2798; x_wconf 83' lang='lat' dir='ltr'><strong>ex</strong></span> <span class='ocrx_word' id='word_1_194' title='bbox 829 2737 1078 2810; x_wconf 82' lang='lat' dir='ltr'><strong>paradiso</strong></span> <span class='ocrx_word' id='word_1_195' title='bbox 1107 2751 1120 2789; x_wconf 92' lang='lat'><strong>:</strong></span> <span class='ocrx_word' id='word_1_196' title='bbox 1164 2746 1348 2787; x_wconf 90' lang='lat' dir='ltr'><strong>verum</strong></span> <span class='ocrx_word' id='word_1_197' title='bbox 1377 2725 1708 2798; x_wconf 64' lang='lat' dir='ltr'><strong>praevidebat</strong></span> <span class='ocrx_word' id='word_1_198' title='bbox 1736 2732 1958 2789; x_wconf 86' lang='lat' dir='ltr'><strong>regnum</strong></span> <span class='ocrx_word' id='word_1_199' title='bbox 1999 2714 2049 2768; x_wconf 89' lang='lat' dir='ltr'><strong>ei</strong></span> 
     </span>
    </p>
   </div>
   <div class='ocr_carea' id='block_1_27' title="bbox 442 2805 2047 2906">
    <p class='ocr_par' dir='ltr' id='par_1_27' title="bbox 442 2805 2047 2906">
     <span class='ocr_line' id='line_1_27' title="bbox 442 2805 2047 2906; baseline -0.021 -13"><span class='ocrx_word' id='word_1_200' title='bbox 442 2851 564 2893; x_wconf 87' lang='lat' dir='ltr'><strong>csse</strong></span> <span class='ocrx_word' id='word_1_201' title='bbox 608 2805 874 2906; x_wconf 81' lang='lat' dir='ltr'><strong>paratum.</strong></span> <span class='ocrx_word' id='word_1_202' title='bbox 902 2827 1165 2898; x_wconf 84' lang='lat' dir='ltr'><strong>Quodque</strong></span> <span class='ocrx_word' id='word_1_203' title='bbox 1193 2817 1509 2877; x_wconf 85' lang='lat' dir='ltr'><strong>admirabile</strong></span> <span class='ocrx_word' id='word_1_204' title='bbox 1534 2825 1637 2877; x_wconf 89' lang='lat' dir='ltr'><strong>est,</strong></span> <span class='ocrx_word' id='word_1_205' title='bbox 1671 2823 1798 2906; x_wconf 81' lang='lat' dir='ltr'><strong>ante</strong></span> <span class='ocrx_word' id='word_1_206' title='bbox 1833 2805 2047 2906; x_wconf 76' lang='lat' dir='ltr'><strong>paradi-</strong></span> 
     </span>
    </p>
   </div>
   <div class='ocr_carea' id='block_1_28' title="bbox 442 2897 2049 2994">
    <p class='ocr_par' dir='ltr' id='par_1_28' title="bbox 442 2897 2049 2994">
     <span class='ocr_line' id='line_1_28' title="bbox 442 2897 2049 2994; baseline -0.022 -10"><span class='ocrx_word' id='word_1_207' title='bbox 442 2942 562 2984; x_wconf 87' lang='lat' dir='ltr'><strong>sum</strong></span> <span class='ocrx_word' id='word_1_208' title='bbox 591 2897 818 2994; x_wconf 73' lang='lat' dir='ltr'><strong>regnum</strong></span> <span class='ocrx_word' id='word_1_209' title='bbox 851 2897 1095 2991; x_wconf 85' lang='lat' dir='ltr'><strong>paratum</strong></span> <span class='ocrx_word' id='word_1_210' title='bbox 1122 2915 1238 2968; x_wconf 91' lang='lat' dir='ltr'><strong>fuit.</strong></span> <span class='ocrx_word' id='word_1_211' title='bbox 1264 2909 1472 2967; x_wconf 82' lang='lat' dir='ltr'><strong>Miraris</strong></span> <span class='ocrx_word' id='word_1_212' title='bbox 1499 2904 1643 2976; x_wconf 86' lang='lat' dir='ltr'><strong>quod</strong></span> <span class='ocrx_word' id='word_1_213' title='bbox 1661 2901 1830 2957; x_wconf 83' lang='lat' dir='ltr'><strong>Adam</strong></span> <span class='ocrx_word' id='word_1_214' title='bbox 1847 2897 2049 2994; x_wconf 84' lang='lat' dir='ltr'><strong>ejectus</strong></span> 
     </span>
    </p>
   </div>
   <div class='ocr_carea' id='block_1_29' title="bbox 443 2992 2047 3085">
    <p class='ocr_par' dir='ltr' id='par_1_29' title="bbox 443 2992 2047 3085">
     <span class='ocr_line' id='line_1_29' title="bbox 443 2992 2047 3085; baseline -0.022 -8"><span class='ocrx_word' id='word_1_215' title='bbox 443 3019 607 3076; x_wconf 90' lang='lat' dir='ltr'><strong>fuerit</strong></span> <span class='ocrx_word' id='word_1_216' title='bbox 649 2992 715 3073; x_wconf 82' lang='lat' dir='ltr'><strong>ex</strong></span> <span class='ocrx_word' id='word_1_217' title='bbox 763 3011 1054 3085; x_wconf 85' lang='lat' dir='ltr'><strong>paradiso?</strong></span> <span class='ocrx_word' id='word_1_218' title='bbox 1105 3009 1332 3072; x_wconf 81' lang='lat' dir='ltr'><strong>Mirare,</strong></span> <span class='ocrx_word' id='word_1_219' title='bbox 1382 3000 1526 3073; x_wconf 91' lang='lat' dir='ltr'><strong>quod</strong></span> <span class='ocrx_word' id='word_1_220' title='bbox 1568 3007 1696 3054; x_wconf 86' lang='lat' dir='ltr'><strong>ante</strong></span> <span class='ocrx_word' id='word_1_221' title='bbox 1742 2992 2047 3065; x_wconf 85' lang='lat' dir='ltr'><strong>paradisum</strong></span> 
     </span>
    </p>
   </div>
   <div class='ocr_carea' id='block_1_30' title="bbox 445 3090 2047 3187">
    <p class='ocr_par' dir='ltr' id='par_1_30' title="bbox 445 3090 2047 3187">
     <span class='ocr_line' id='line_1_30' title="bbox 445 3090 2047 3187; baseline -0.021 -17"><span class='ocrx_word' id='word_1_222' title='bbox 445 3123 688 3187; x_wconf 90' lang='lat' dir='ltr'><strong>paratum</strong></span> <span class='ocrx_word' id='word_1_223' title='bbox 732 3110 832 3180; x_wconf 91' lang='lat' dir='ltr'><strong>ipsi</strong></span> <span class='ocrx_word' id='word_1_224' title='bbox 878 3108 1040 3162; x_wconf 89' lang='lat' dir='ltr'><strong>fuerit</strong></span> <span class='ocrx_word' id='word_1_225' title='bbox 1071 3117 1293 3174; x_wconf 83' lang='lat' dir='ltr'><strong>regnum</strong></span> <span class='ocrx_word' id='word_1_226' title='bbox 1320 3098 1598 3154; x_wconf 64' lang='lat' dir='ltr'><strong>catlorum.</strong></span> <span class='ocrx_word' id='word_1_227' title='bbox 1629 3093 1720 3148; x_wconf 86' lang='lat' dir='ltr'><strong>Ait</strong></span> <span class='ocrx_word' id='word_1_228' title='bbox 1750 3090 2005 3145; x_wconf 83' lang='lat' dir='ltr'><strong>Servatur</strong></span> <span class='ocrx_word' id='word_1_229' title='bbox 2033 3102 2047 3138; x_wconf 88' lang='lat'><strong>:</strong></span> 
     </span>
    </p>
   </div>
   <div class='ocr_carea' id='block_1_31' title="bbox 457 3179 2052 3268">
    <p class='ocr_par' dir='ltr' id='par_1_31' title="bbox 457 3179 2052 3268">
     <span class='ocr_line' id='line_1_31' title="bbox 457 3179 2052 3268; baseline -0.019 -6"><span class='ocrx_word' id='word_1_230' title='bbox 457 3179 648 3268; x_wconf 74' lang='lat' dir='ltr'><strong>l’enite,</strong></span> <span class='ocrx_word' id='word_1_231' title='bbox 673 3202 918 3258; x_wconf 81' lang='lat' dir='ltr'><strong>benedicti</strong></span> <span class='ocrx_word' id='word_1_232' title='bbox 972 3199 1148 3252; x_wconf 83' lang='lat' dir='ltr'><strong>Patris</strong></span> <span class='ocrx_word' id='word_1_233' title='bbox 1191 3196 1324 3257; x_wconf 86' lang='lat' dir='ltr'><strong>mei,</strong></span> <span class='ocrx_word' id='word_1_234' title='bbox 1358 3190 1610 3264; x_wconf 86' lang='lat' dir='ltr'><strong>possidete</strong></span> <span class='ocrx_word' id='word_1_235' title='bbox 1649 3194 1885 3256; x_wconf 84' lang='lat' dir='ltr'><strong>paratum</strong></span> <span class='ocrx_word' id='word_1_236' title='bbox 1914 3179 2052 3234; x_wconf 80' lang='lat' dir='ltr'><strong>vobis</strong></span> 
     </span>
    </p>
   </div>
   <div class='ocr_carea' id='block_1_32' title="bbox 443 3276 1888 3370">
    <p class='ocr_par' dir='ltr' id='par_1_32' title="bbox 443 3276 1888 3370">
     <span class='ocr_line' id='line_1_32' title="bbox 443 3276 1888 3370; baseline -0.019 -16"><span class='ocrx_word' id='word_1_237' title='bbox 443 3313 657 3370; x_wconf 80' lang='lat' dir='ltr'><strong>regnum</strong></span> <span class='ocrx_word' id='word_1_238' title='bbox 695 3311 728 3347; x_wconf 90' lang='lat' dir='ltr'><strong>a</strong></span> <span class='ocrx_word' id='word_1_239' title='bbox 776 3292 1134 3347; x_wconf 78' lang='lat' dir='ltr'><strong>constitutione</strong></span> <span class='ocrx_word' id='word_1_240' title='bbox 1175 3285 1352 3340; x_wconf 83' lang='lat' dir='ltr'><strong>mundi</strong></span> <span class='ocrx_word' id='word_1_241' title='bbox 1405 3281 1616 3353; x_wconf 78' lang='lat' dir='ltr'><strong>(Matth.</strong></span> <span class='ocrx_word' id='word_1_242' title='bbox 1646 3279 1737 3335; x_wconf 84' lang='grc'><strong>25.</strong></span> <span class='ocrx_word' id='word_1_243' title='bbox 1772 3276 1888 3346; x_wconf 70' lang='grc'><strong>51).</strong></span> 
     </span>
    </p>
   </div>
   <div class='ocr_carea' id='block_1_33' title="bbox 516 3372 2049 3452">
    <p class='ocr_par' dir='ltr' id='par_1_33' title="bbox 516 3372 2049 3452">
     <span class='ocr_line' id='line_1_33' title="bbox 516 3372 2049 3452; baseline -0.015 -5"><span class='ocrx_word' id='word_1_244' title='bbox 516 3393 708 3449; x_wconf 83' lang='lat' dir='ltr'><strong>Contra</strong></span> <span class='ocrx_word' id='word_1_245' title='bbox 736 3388 976 3441; x_wconf 83' lang='lat' dir='ltr'><strong>Arianos.</strong></span> <span class='ocrx_word' id='word_1_246' title='bbox 1019 3378 1356 3452; x_wconf 84' lang='lat' dir='ltr'><strong>Primogeuiti</strong></span> <span class='ocrx_word' id='word_1_247' title='bbox 1385 3387 1433 3431; x_wconf 89' lang='lat' dir='ltr'><strong>et</strong></span> <span class='ocrx_word' id='word_1_248' title='bbox 1462 3373 1708 3446; x_wconf 86' lang='lat' dir='ltr'><strong>unigeniti</strong></span> <span class='ocrx_word' id='word_1_249' title='bbox 1741 3372 2049 3440; x_wconf 70' lang='lat' dir='ltr'><strong>iii/ferentia.</strong></span> 
     </span>
    </p>
   </div>
   <div class='ocr_carea' id='block_1_34' title="bbox 443 3466 2052 3538">
    <p class='ocr_par' dir='ltr' id='par_1_34' title="bbox 443 3466 2052 3538">
     <span class='ocr_line' id='line_1_34' title="bbox 443 3466 2052 3538; baseline -0.016 2"><span class='ocrx_word' id='word_1_250' title='bbox 443 3481 875 3538; x_wconf 81' lang='lat' dir='ltr'><strong>——Erubescant</strong></span> <span class='ocrx_word' id='word_1_251' title='bbox 917 3472 1184 3538; x_wconf 72' lang='lat' dir='ltr'><strong>hazretici,</strong></span> <span class='ocrx_word' id='word_1_252' title='bbox 1230 3485 1354 3526; x_wconf 91' lang='lat' dir='ltr'><strong>cum</strong></span> <span class='ocrx_word' id='word_1_253' title='bbox 1401 3466 1623 3520; x_wconf 85' lang='lat' dir='ltr'><strong>audiunt</strong></span> <span class='ocrx_word' id='word_1_254' title='bbox 1666 3480 1730 3520; x_wconf 87' lang='lat' dir='ltr'><strong>ea</strong></span> <span class='ocrx_word' id='word_1_255' title='bbox 1769 3479 1892 3534; x_wconf 68' lang='lat' dir='ltr'><strong>quat</strong></span> <span class='ocrx_word' id='word_1_256' title='bbox 1931 3478 2052 3517; x_wconf 81' lang='lat' dir='ltr'><strong>sau-</strong></span> 
     </span>
    </p>
   </div>
   <div class='ocr_carea' id='block_1_35' title="bbox 445 3555 2055 3645">
    <p class='ocr_par' dir='ltr' id='par_1_35' title="bbox 445 3555 2055 3645">
     <span class='ocr_line' id='line_1_35' title="bbox 445 3555 2055 3645; baseline -0.015 -13"><span class='ocrx_word' id='word_1_257' title='bbox 445 3577 547 3632; x_wconf 87' lang='lat' dir='ltr'><strong>ctis</strong></span> <span class='ocrx_word' id='word_1_258' title='bbox 591 3582 773 3645; x_wconf 89' lang='lat' dir='ltr'><strong>parata</strong></span> <span class='ocrx_word' id='word_1_259' title='bbox 823 3577 966 3632; x_wconf 90' lang='lat' dir='ltr'><strong>sunt,</strong></span> <span class='ocrx_word' id='word_1_260' title='bbox 1011 3575 1138 3619; x_wconf 86' lang='lat' dir='ltr'><strong>ante</strong></span> <span class='ocrx_word' id='word_1_261' title='bbox 1180 3560 1621 3618; x_wconf 88' lang='lat' dir='ltr'><strong>constitutionem</strong></span> <span class='ocrx_word' id='word_1_262' title='bbox 1653 3557 1862 3620; x_wconf 87' lang='lat' dir='ltr'><strong>mundi,</strong></span> <span class='ocrx_word' id='word_1_263' title='bbox 1892 3564 1946 3611; x_wconf 92' lang='lat' dir='ltr'><strong>et</strong></span> <span class='ocrx_word' id='word_1_264' title='bbox 1974 3555 2055 3610; x_wconf 89' lang='lat' dir='ltr'><strong>di-</strong></span> 
     </span>
    </p>
   </div>
   <div class='ocr_carea' id='block_1_36' title="bbox 448 3647 2056 3732">
    <p class='ocr_par' dir='ltr' id='par_1_36' title="bbox 448 3647 2056 3732">
     <span class='ocr_line' id='line_1_36' title="bbox 448 3647 2056 3732; baseline -0.014 -9"><span class='ocrx_word' id='word_1_265' title='bbox 448 3674 597 3732; x_wconf 86' lang='lat' dir='ltr'><strong>cunt,</strong></span> <span class='ocrx_word' id='word_1_266' title='bbox 641 3664 768 3718; x_wconf 88' lang='lat' dir='ltr'><strong>Erat</strong></span> <span class='ocrx_word' id='word_1_267' title='bbox 803 3657 1090 3729; x_wconf 86' lang='lat' dir='ltr'><strong>aliquando</strong></span> <span class='ocrx_word' id='word_1_268' title='bbox 1132 3670 1254 3710; x_wconf 90' lang='lat' dir='ltr'><strong>cum</strong></span> <span class='ocrx_word' id='word_1_269' title='bbox 1285 3651 1456 3707; x_wconf 87' lang='lat' dir='ltr'><strong>Filius</strong></span> <span class='ocrx_word' id='word_1_270' title='bbox 1494 3664 1602 3704; x_wconf 91' lang='lat' dir='ltr'><strong>non</strong></span> <span class='ocrx_word' id='word_1_271' title='bbox 1652 3657 1819 3703; x_wconf 88' lang='lat' dir='ltr'><strong>esset.</strong></span> <span class='ocrx_word' id='word_1_272' title='bbox 1863 3647 2056 3716; x_wconf 89' lang='lat' dir='ltr'><strong>Specie</strong></span> 
     </span>
    </p>
   </div>
   <div class='ocr_carea' id='block_1_37' title="bbox 448 3738 2053 3822">
    <p class='ocr_par' dir='ltr' id='par_1_37' title="bbox 448 3738 2053 3822">
     <span class='ocr_line' id='line_1_37' title="bbox 448 3738 2053 3822; baseline -0.014 -7"><span class='ocrx_word' id='word_1_273' title='bbox 448 3767 656 3816; x_wconf 81' lang='lat' dir='ltr'><strong>tantum</strong></span> <span class='ocrx_word' id='word_1_274' title='bbox 710 3749 1056 3822; x_wconf 87' lang='lat' dir='ltr'><strong>Unigenitum</strong></span> <span class='ocrx_word' id='word_1_275' title='bbox 1112 3744 1473 3805; x_wconf 86' lang='lat' dir='ltr'><strong>confitentur,</strong></span> <span class='ocrx_word' id='word_1_276' title='bbox 1533 3738 1657 3811; x_wconf 92' lang='lat' dir='ltr'><strong>quia</strong></span> <span class='ocrx_word' id='word_1_277' title='bbox 1718 3738 2053 3806; x_wconf 79' lang='lat' dir='ltr'><strong>Scripturam</strong></span> 
     </span>
    </p>
   </div>
   <div class='ocr_carea' id='block_1_38' title="bbox 447 3827 2056 3912">
    <p class='ocr_par' dir='ltr' id='par_1_38' title="bbox 447 3827 2056 3912">
     <span class='ocr_line' id='line_1_38' title="bbox 447 3827 2056 3912; baseline -0.016 -7"><span class='ocrx_word' id='word_1_278' title='bbox 447 3848 632 3905; x_wconf 91' lang='lat' dir='ltr'><strong>delere</strong></span> <span class='ocrx_word' id='word_1_279' title='bbox 660 3859 766 3899; x_wconf 92' lang='lat' dir='ltr'><strong>non</strong></span> <span class='ocrx_word' id='word_1_280' title='bbox 799 3847 1061 3912; x_wconf 90' lang='lat' dir='ltr'><strong>possunt;</strong></span> <span class='ocrx_word' id='word_1_281' title='bbox 1105 3849 1292 3889; x_wconf 90' lang='lat' dir='ltr'><strong>vocem</strong></span> <span class='ocrx_word' id='word_1_282' title='bbox 1337 3831 1657 3901; x_wconf 88' lang='lat' dir='ltr'><strong>largiuntur,</strong></span> <span class='ocrx_word' id='word_1_283' title='bbox 1699 3837 1753 3884; x_wconf 92' lang='lat' dir='ltr'><strong>et</strong></span> <span class='ocrx_word' id='word_1_284' title='bbox 1779 3843 1894 3882; x_wconf 89' lang='lat' dir='ltr'><strong>rem</strong></span> <span class='ocrx_word' id='word_1_285' title='bbox 1928 3827 2056 3881; x_wconf 86' lang='lat' dir='ltr'><strong>sub-</strong></span> 
     </span>
    </p>
   </div>
   <div class='ocr_carea' id='block_1_39' title="bbox 449 3918 2054 3995">
    <p class='ocr_par' dir='ltr' id='par_1_39' title="bbox 449 3918 2054 3995">
     <span class='ocr_line' id='line_1_39' title="bbox 449 3918 2054 3995; baseline -0.016 0"><span class='ocrx_word' id='word_1_286' title='bbox 449 3939 688 3995; x_wconf 87' lang='lat' dir='ltr'><strong>trahunt.</strong></span> <span class='ocrx_word' id='word_1_287' title='bbox 739 3933 795 3989; x_wconf 87' lang='lat' dir='ltr'><strong>Si</strong></span> <span class='ocrx_word' id='word_1_288' title='bbox 837 3929 1136 3984; x_wconf 71' lang='lat' dir='ltr'><strong>dixerimus</strong></span> <span class='ocrx_word' id='word_1_289' title='bbox 1189 3923 1522 3993; x_wconf 82' lang='lat' dir='ltr'><strong>mtigcnitum</strong></span> <span class='ocrx_word' id='word_1_290' title='bbox 1575 3919 1770 3973; x_wconf 80' lang='lat' dir='ltr'><strong>Filium</strong></span> <span class='ocrx_word' id='word_1_291' title='bbox 1801 3959 1816 3983; x_wconf 87' lang='lat'><strong>,</strong></span> <span class='ocrx_word' id='word_1_292' title='bbox 1873 3918 2054 3971; x_wconf 88' lang='lat' dir='ltr'><strong>statim</strong></span> 
     </span>
    </p>
   </div>
   <div class='ocr_carea' id='block_1_40' title="bbox 450 4010 2057 4094">
    <p class='ocr_par' dir='ltr' id='par_1_40' title="bbox 450 4010 2057 4094">
     <span class='ocr_line' id='line_1_40' title="bbox 450 4010 2057 4094; baseline -0.015 -6"><span class='ocrx_word' id='word_1_293' title='bbox 450 4033 638 4088; x_wconf 87' lang='lat' dir='ltr'><strong>dicunt</strong></span> <span class='ocrx_word' id='word_1_294' title='bbox 667 4047 682 4083; x_wconf 90' lang='lat'><strong>:</strong></span> <span class='ocrx_word' id='word_1_295' title='bbox 714 4026 984 4094; x_wconf 87' lang='lat' dir='ltr'><strong>Scriptum</strong></span> <span class='ocrx_word' id='word_1_296' title='bbox 1015 4031 1097 4076; x_wconf 92' lang='lat' dir='ltr'><strong>est</strong></span> <span class='ocrx_word' id='word_1_297' title='bbox 1122 4019 1304 4084; x_wconf 89' lang='lat' dir='ltr'><strong>etiam,</strong></span> <span class='ocrx_word' id='word_1_298' title='bbox 1334 4014 1716 4084; x_wconf 78' lang='lat' dir='ltr'><strong>Primogenitus</strong></span> <span class='ocrx_word' id='word_1_299' title='bbox 1746 4013 1898 4065; x_wconf 77' lang='lat' dir='ltr'><strong>totius</strong></span> <span class='ocrx_word' id='word_1_300' title='bbox 1923 4010 2057 4064; x_wconf 81' lang='lat' dir='ltr'><strong>orbis</strong></span> 
     </span>
    </p>
   </div>
   <div class='ocr_carea' id='block_1_41' title="bbox 450 4101 2059 4187">
    <p class='ocr_par' dir='ltr' id='par_1_41' title="bbox 450 4101 2059 4187">
     <span class='ocr_line' id='line_1_41' title="bbox 450 4101 2059 4187; baseline -0.015 -9"><span class='ocrx_word' id='word_1_301' title='bbox 450 4134 702 4178; x_wconf 83' lang='lat' dir='ltr'><strong>terrarum</strong></span> <span class='ocrx_word' id='word_1_302' title='bbox 731 4117 868 4187; x_wconf 89' lang='lat' dir='ltr'><strong>(Col.</strong></span> <span class='ocrx_word' id='word_1_303' title='bbox 908 4115 960 4169; x_wconf 98' lang='grc'><strong>1.</strong></span> <span class='ocrx_word' id='word_1_304' title='bbox 992 4113 1103 4181; x_wconf 83' lang='grc'><strong>15).</strong></span> <span class='ocrx_word' id='word_1_305' title='bbox 1141 4110 1284 4180; x_wconf 85' lang='lat' dir='ltr'><strong>Ergo</strong></span> <span class='ocrx_word' id='word_1_306' title='bbox 1313 4105 1607 4162; x_wconf 88' lang='lat' dir='ltr'><strong>secundum</strong></span> <span class='ocrx_word' id='word_1_307' title='bbox 1633 4102 1915 4157; x_wconf 81' lang='lat' dir='ltr'><strong>haereticos</strong></span> <span class='ocrx_word' id='word_1_308' title='bbox 1943 4101 2059 4154; x_wconf 53' lang='lat' dir='ltr'><strong>bare</strong></span> 
     </span>
    </p>
   </div>
   <div class='ocr_carea' id='block_1_42' title="bbox 451 4193 2058 4279">
    <p class='ocr_par' dir='ltr' id='par_1_42' title="bbox 451 4193 2058 4279">
     <span class='ocr_line' id='line_1_42' title="bbox 451 4193 2058 4279; baseline -0.016 -7"><span class='ocrx_word' id='word_1_309' title='bbox 451 4218 559 4272; x_wconf 88' lang='lat' dir='ltr'><strong>duo</strong></span> <span class='ocrx_word' id='word_1_310' title='bbox 586 4217 726 4270; x_wconf 88' lang='lat' dir='ltr'><strong>inter</strong></span> <span class='ocrx_word' id='word_1_311' title='bbox 752 4226 811 4266; x_wconf 90' lang='lat' dir='ltr'><strong>se</strong></span> <span class='ocrx_word' id='word_1_312' title='bbox 839 4215 1099 4279; x_wconf 82' lang='lat' dir='ltr'><strong>pugnant.</strong></span> <span class='ocrx_word' id='word_1_313' title='bbox 1122 4203 1254 4259; x_wconf 85' lang='lat' dir='ltr'><strong>Nam</strong></span> <span class='ocrx_word' id='word_1_314' title='bbox 1282 4203 1324 4257; x_wconf 88' lang='lat' dir='ltr'><strong>si</strong></span> <span class='ocrx_word' id='word_1_315' title='bbox 1357 4198 1764 4271; x_wconf 84' lang='lat' dir='ltr'><strong>primogenitus,</strong></span> <span class='ocrx_word' id='word_1_316' title='bbox 1798 4210 1903 4249; x_wconf 90' lang='lat' dir='ltr'><strong>non</strong></span> <span class='ocrx_word' id='word_1_317' title='bbox 1935 4193 2058 4249; x_wconf 85' lang='lat' dir='ltr'><strong>uni-</strong></span> 
     </span>
    </p>
   </div>
   <div class='ocr_carea' id='block_1_43' title="bbox 451 4285 2058 4380">
    <p class='ocr_par' dir='ltr' id='par_1_43' title="bbox 451 4285 2058 4380">
     <span class='ocr_line' id='line_1_43' title="bbox 451 4285 2058 4380; baseline -0.016 -16"><span class='ocrx_word' id='word_1_318' title='bbox 451 4307 666 4380; x_wconf 87' lang='lat' dir='ltr'><strong>genitus</strong></span> <span class='ocrx_word' id='word_1_319' title='bbox 691 4313 773 4358; x_wconf 86' lang='lat' dir='ltr'><strong>est</strong></span> <span class='ocrx_word' id='word_1_320' title='bbox 805 4320 820 4358; x_wconf 88' lang='lat'><strong>:</strong></span> <span class='ocrx_word' id='word_1_321' title='bbox 853 4297 1241 4371; x_wconf 84' lang='lat' dir='ltr'><strong>primogenitus</strong></span> <span class='ocrx_word' id='word_1_322' title='bbox 1262 4294 1427 4358; x_wconf 89' lang='lat' dir='ltr'><strong>enim,</strong></span> <span class='ocrx_word' id='word_1_323' title='bbox 1479 4305 1600 4345; x_wconf 90' lang='lat' dir='ltr'><strong>cum</strong></span> <span class='ocrx_word' id='word_1_324' title='bbox 1629 4287 1823 4343; x_wconf 81' lang='lat' dir='ltr'><strong>fratres</strong></span> <span class='ocrx_word' id='word_1_325' title='bbox 1854 4285 2058 4340; x_wconf 82' lang='lat' dir='ltr'><strong>habue-</strong></span> 
     </span>
    </p>
   </div>
   <div class='ocr_carea' id='block_1_44' title="bbox 455 4375 2060 4468">
    <p class='ocr_par' dir='ltr' id='par_1_44' title="bbox 455 4375 2060 4468">
     <span class='ocr_line' id='line_1_44' title="bbox 455 4375 2060 4468; baseline -0.016 -14"><span class='ocrx_word' id='word_1_326' title='bbox 455 4375 546 4465; x_wconf 71' lang='lat' dir='ltr'><strong>rit,</strong></span> <span class='ocrx_word' id='word_1_327' title='bbox 581 4392 970 4468; x_wconf 85' lang='lat' dir='ltr'><strong>primogenitus</strong></span> <span class='ocrx_word' id='word_1_328' title='bbox 997 4388 1195 4442; x_wconf 86' lang='lat' dir='ltr'><strong>dicitur</strong></span> <span class='ocrx_word' id='word_1_329' title='bbox 1226 4403 1239 4438; x_wconf 92' lang='lat'><strong>:</strong></span> <span class='ocrx_word' id='word_1_330' title='bbox 1273 4382 1579 4452; x_wconf 88' lang='lat' dir='ltr'><strong>unigenilus</strong></span> <span class='ocrx_word' id='word_1_331' title='bbox 1607 4395 1756 4443; x_wconf 87' lang='lat' dir='ltr'><strong>vero,</strong></span> <span class='ocrx_word' id='word_1_332' title='bbox 1794 4378 1837 4431; x_wconf 92' lang='lat' dir='ltr'><strong>si</strong></span> <span class='ocrx_word' id='word_1_333' title='bbox 1867 4375 2060 4431; x_wconf 77' lang='lat' dir='ltr'><strong>fratres</strong></span> 
     </span>
    </p>
   </div>
   <div class='ocr_carea' id='block_1_45' title="bbox 459 4466 2062 4554">
    <p class='ocr_par' dir='ltr' id='par_1_45' title="bbox 459 4466 2062 4554">
     <span class='ocr_line' id='line_1_45' title="bbox 459 4466 2062 4554; baseline -0.016 -8"><span class='ocrx_word' id='word_1_334' title='bbox 459 4466 674 4553; x_wconf 79' lang='lat' dir='ltr'><strong>habeat,</strong></span> <span class='ocrx_word' id='word_1_335' title='bbox 726 4485 837 4554; x_wconf 83' lang='lat' dir='ltr'><strong>jam</strong></span> <span class='ocrx_word' id='word_1_336' title='bbox 893 4479 1201 4549; x_wconf 72' lang='lat' dir='ltr'><strong>unigenitus</strong></span> <span class='ocrx_word' id='word_1_337' title='bbox 1265 4490 1372 4529; x_wconf 87' lang='lat' dir='ltr'><strong>non</strong></span> <span class='ocrx_word' id='word_1_338' title='bbox 1440 4471 1637 4526; x_wconf 86' lang='lat' dir='ltr'><strong>dicitur</strong></span> <span class='ocrx_word' id='word_1_339' title='bbox 1689 4489 1703 4524; x_wconf 90' lang='lat'><strong>:</strong></span> <span class='ocrx_word' id='word_1_340' title='bbox 1760 4466 2062 4535; x_wconf 83' lang='lat' dir='ltr'><strong>unigenitus</strong></span> 
     </span>
    </p>
   </div>
   <div class='ocr_carea' id='block_1_46' title="bbox 457 4566 2062 4656">
    <p class='ocr_par' dir='ltr' id='par_1_46' title="bbox 457 4566 2062 4656">
     <span class='ocr_line' id='line_1_46' title="bbox 457 4566 2062 4656; baseline -0.019 -16"><span class='ocrx_word' id='word_1_341' title='bbox 457 4584 657 4656; x_wconf 88' lang='lat' dir='ltr'><strong>quippe</strong></span> <span class='ocrx_word' id='word_1_342' title='bbox 695 4577 853 4633; x_wconf 89' lang='lat' dir='ltr'><strong>estis</strong></span> <span class='ocrx_word' id='word_1_343' title='bbox 892 4573 982 4644; x_wconf 92' lang='lat' dir='ltr'><strong>qui</strong></span> <span class='ocrx_word' id='word_1_344' title='bbox 1021 4586 1159 4626; x_wconf 88' lang='lat' dir='ltr'><strong>unus</strong></span> <span class='ocrx_word' id='word_1_345' title='bbox 1198 4584 1262 4622; x_wconf 77' lang='lat' dir='ltr'><strong>ex</strong></span> <span class='ocrx_word' id='word_1_346' title='bbox 1295 4566 1474 4634; x_wconf 90' lang='lat' dir='ltr'><strong>aliquo</strong></span> <span class='ocrx_word' id='word_1_347' title='bbox 1509 4571 1666 4616; x_wconf 88' lang='lat' dir='ltr'><strong>natus</strong></span> <span class='ocrx_word' id='word_1_348' title='bbox 1707 4568 1824 4623; x_wconf 90' lang='lat' dir='ltr'><strong>est;</strong></span> <span class='ocrx_word' id='word_1_349' title='bbox 1871 4571 2062 4626; x_wconf 90' lang='lat' dir='ltr'><strong>quem-</strong></span> 
     </span>
    </p>
   </div>
   <div class='ocr_carea' id='block_1_47' title="bbox 459 4649 2064 4735">
    <p class='ocr_par' dir='ltr' id='par_1_47' title="bbox 459 4649 2064 4735">
     <span class='ocr_line' id='line_1_47' title="bbox 459 4649 2064 4735; baseline -0.02 0"><span class='ocrx_word' id='word_1_350' title='bbox 459 4649 747 4734; x_wconf 70' lang='lat' dir='ltr'><strong>admodum</strong></span> <span class='ocrx_word' id='word_1_351' title='bbox 793 4680 848 4726; x_wconf 91' lang='lat' dir='ltr'><strong>et</strong></span> <span class='ocrx_word' id='word_1_352' title='bbox 887 4667 1166 4735; x_wconf 88' lang='lat' dir='ltr'><strong>Scriptura</strong></span> <span class='ocrx_word' id='word_1_353' title='bbox 1215 4660 1536 4716; x_wconf 74' lang='lat' dir='ltr'><strong>testificatur</strong></span> <span class='ocrx_word' id='word_1_354' title='bbox 1572 4652 1942 4709; x_wconf 83' lang='lat' dir='ltr'><strong>Abrahamum</strong></span> <span class='ocrx_word' id='word_1_355' title='bbox 1984 4649 2064 4704; x_wconf 67' lang='lat' dir='ltr'><strong>alo</strong></span> 
     </span>
    </p>
   </div>
   <div class='ocr_carea' id='block_1_48' title="bbox 466 4741 2060 4839">
    <p class='ocr_par' dir='ltr' id='par_1_48' title="bbox 466 4741 2060 4839">
     <span class='ocr_line' id='line_1_48' title="bbox 466 4741 2060 4839; baseline -0.019 -14"><span class='ocrx_word' id='word_1_356' title='bbox 466 4771 690 4839; x_wconf 87' lang='lat' dir='ltr'><strong>loquens</strong></span> <span class='ocrx_word' id='word_1_357' title='bbox 721 4782 735 4819; x_wconf 85' lang='lat'><strong>:</strong></span> <span class='ocrx_word' id='word_1_358' title='bbox 763 4763 912 4818; x_wconf 83' lang='lat' dir='ltr'><strong>Tolle</strong></span> <span class='ocrx_word' id='word_1_359' title='bbox 938 4760 1103 4829; x_wconf 79' lang='lat' dir='ltr'><strong>ﬁlium</strong></span> <span class='ocrx_word' id='word_1_360' title='bbox 1135 4768 1278 4809; x_wconf 89' lang='lat' dir='ltr'><strong>tuum</strong></span> <span class='ocrx_word' id='word_1_361' title='bbox 1318 4748 1637 4821; x_wconf 85' lang='lat' dir='ltr'><strong>unigenitum</strong></span> <span class='ocrx_word' id='word_1_362' title='bbox 1680 4744 1838 4815; x_wconf 82' lang='lat' dir='ltr'><strong>(Gen.</strong></span> <span class='ocrx_word' id='word_1_363' title='bbox 1861 4742 1953 4797; x_wconf 85' lang='grc'><strong>22.</strong></span> <span class='ocrx_word' id='word_1_364' title='bbox 1980 4741 2060 4811; x_wconf 83' lang='grc'><strong>2).</strong></span> 
     </span>
    </p>
   </div>
   <div class='ocr_carea' id='block_1_49' title="bbox 464 4834 2066 4928">
    <p class='ocr_par' dir='ltr' id='par_1_49' title="bbox 464 4834 2066 4928">
     <span class='ocr_line' id='line_1_49' title="bbox 464 4834 2066 4928; baseline -0.02 -9"><span class='ocrx_word' id='word_1_365' title='bbox 464 4834 858 4928; x_wconf 80' lang='lat' dir='ltr'><strong>Primogenitus</strong></span> <span class='ocrx_word' id='word_1_366' title='bbox 915 4853 1111 4907; x_wconf 90' lang='lat' dir='ltr'><strong>dicitur</strong></span> <span class='ocrx_word' id='word_1_367' title='bbox 1161 4849 1238 4910; x_wconf 92' lang='lat' dir='ltr'><strong>is,</strong></span> <span class='ocrx_word' id='word_1_368' title='bbox 1286 4845 1373 4915; x_wconf 91' lang='lat' dir='ltr'><strong>qui</strong></span> <span class='ocrx_word' id='word_1_369' title='bbox 1439 4842 1635 4897; x_wconf 79' lang='lat' dir='ltr'><strong>fratres</strong></span> <span class='ocrx_word' id='word_1_370' title='bbox 1688 4838 1887 4900; x_wconf 83' lang='lat' dir='ltr'><strong>habet;</strong></span> <span class='ocrx_word' id='word_1_371' title='bbox 1945 4834 2066 4889; x_wconf 91' lang='lat' dir='ltr'><strong>ideo</strong></span> 
     </span>
    </p>
   </div>
   <div class='ocr_carea' id='block_1_50' title="bbox 463 4927 2068 5019">
    <p class='ocr_par' dir='ltr' id='par_1_50' title="bbox 463 4927 2068 5019">
     <span class='ocr_line' id='line_1_50' title="bbox 463 4927 2068 5019; baseline -0.019 -11"><span class='ocrx_word' id='word_1_372' title='bbox 463 4953 608 5008; x_wconf 88' lang='lat' dir='ltr'><strong>enim</strong></span> <span class='ocrx_word' id='word_1_373' title='bbox 654 4927 863 5019; x_wconf 81' lang='lat' dir='ltr'><strong>primus</strong></span> <span class='ocrx_word' id='word_1_374' title='bbox 889 4955 992 5004; x_wconf 84' lang='lat' dir='ltr'><strong>est.</strong></span> <span class='ocrx_word' id='word_1_375' title='bbox 1049 4940 1189 5012; x_wconf 90' lang='lat' dir='ltr'><strong>quod</strong></span> <span class='ocrx_word' id='word_1_376' title='bbox 1237 4940 1382 5007; x_wconf 89' lang='lat' dir='ltr'><strong>prior</strong></span> <span class='ocrx_word' id='word_1_377' title='bbox 1419 4943 1573 4988; x_wconf 87' lang='lat' dir='ltr'><strong>natus</strong></span> <span class='ocrx_word' id='word_1_378' title='bbox 1619 4933 1705 4986; x_wconf 91' lang='lat' dir='ltr'><strong>sit.</strong></span> <span class='ocrx_word' id='word_1_379' title='bbox 1753 4927 2068 4998; x_wconf 89' lang='lat' dir='ltr'><strong>Unigenitus</strong></span> 
     </span>
    </p>
   </div>
   <div class='ocr_carea' id='block_1_51' title="bbox 464 5017 2070 5109">
    <p class='ocr_par' dir='ltr' id='par_1_51' title="bbox 464 5017 2070 5109">
     <span class='ocr_line' id='line_1_51' title="bbox 464 5017 2070 5109; baseline -0.014 -14"><span class='ocrx_word' id='word_1_380' title='bbox 464 5058 618 5109; x_wconf 84' lang='lat' dir='ltr'><strong>vero,</strong></span> <span class='ocrx_word' id='word_1_381' title='bbox 661 5017 792 5095; x_wconf 82' lang='lat' dir='ltr'><strong>ideo</strong></span> <span class='ocrx_word' id='word_1_382' title='bbox 831 5035 1027 5091; x_wconf 89' lang='lat' dir='ltr'><strong>dicitur</strong></span> <span class='ocrx_word' id='word_1_383' title='bbox 1067 5030 1389 5100; x_wconf 84' lang='lat' dir='ltr'><strong>unigenitus,</strong></span> <span class='ocrx_word' id='word_1_384' title='bbox 1436 5024 1580 5096; x_wconf 89' lang='lat' dir='ltr'><strong>quod</strong></span> <span class='ocrx_word' id='word_1_385' title='bbox 1620 5023 1812 5078; x_wconf 82' lang='lat' dir='ltr'><strong>fratres</strong></span> <span class='ocrx_word' id='word_1_386' title='bbox 1841 5035 1946 5075; x_wconf 87' lang='lat' dir='ltr'><strong>non</strong></span> <span class='ocrx_word' id='word_1_387' title='bbox 1974 5017 2070 5073; x_wconf 88' lang='lat' dir='ltr'><strong>ha-</strong></span> 
     </span>
    </p>
   </div>
   <div class='ocr_carea' id='block_1_52' title="bbox 468 5112 2070 5198">
    <p class='ocr_par' dir='ltr' id='par_1_52' title="bbox 468 5112 2070 5198">
     <span class='ocr_line' id='line_1_52' title="bbox 468 5112 2070 5198; baseline -0.016 -9"><span class='ocrx_word' id='word_1_388' title='bbox 468 5135 612 5190; x_wconf 85' lang='lat' dir='ltr'><strong>beat.</strong></span> <span class='ocrx_word' id='word_1_389' title='bbox 632 5131 780 5186; x_wconf 85' lang='lat' dir='ltr'><strong>Alias</strong></span> <span class='ocrx_word' id='word_1_390' title='bbox 805 5141 1015 5198; x_wconf 87' lang='lat' dir='ltr'><strong>quoque</strong></span> <span class='ocrx_word' id='word_1_391' title='bbox 1040 5122 1346 5193; x_wconf 85' lang='lat' dir='ltr'><strong>unigenitus</strong></span> <span class='ocrx_word' id='word_1_392' title='bbox 1375 5129 1478 5184; x_wconf 91' lang='lat' dir='ltr'><strong>est,</strong></span> <span class='ocrx_word' id='word_1_393' title='bbox 1498 5117 1589 5187; x_wconf 90' lang='lat' dir='ltr'><strong>qui</strong></span> <span class='ocrx_word' id='word_1_394' title='bbox 1619 5115 1767 5170; x_wconf 88' lang='lat' dir='ltr'><strong>solus</strong></span> <span class='ocrx_word' id='word_1_395' title='bbox 1796 5129 1861 5167; x_wconf 79' lang='lat' dir='ltr'><strong>ex</strong></span> <span class='ocrx_word' id='word_1_396' title='bbox 1891 5112 2070 5180; x_wconf 90' lang='lat' dir='ltr'><strong>aliquo</strong></span> 
     </span>
    </p>
   </div>
   <div class='ocr_carea' id='block_1_53' title="bbox 471 5201 2070 5288">
    <p class='ocr_par' dir='ltr' id='par_1_53' title="bbox 471 5201 2070 5288">
     <span class='ocr_line' id='line_1_53' title="bbox 471 5201 2070 5288; baseline -0.018 -6"><span class='ocrx_word' id='word_1_397' title='bbox 471 5233 632 5282; x_wconf 78' lang='lat' dir='ltr'><strong>natus</strong></span> <span class='ocrx_word' id='word_1_398' title='bbox 658 5231 762 5287; x_wconf 85' lang='lat' dir='ltr'><strong>est,</strong></span> <span class='ocrx_word' id='word_1_399' title='bbox 790 5235 897 5274; x_wconf 89' lang='lat' dir='ltr'><strong>non</strong></span> <span class='ocrx_word' id='word_1_400' title='bbox 929 5218 1018 5288; x_wconf 92' lang='lat' dir='ltr'><strong>qui</strong></span> <span class='ocrx_word' id='word_1_401' title='bbox 1049 5217 1194 5270; x_wconf 88' lang='lat' dir='ltr'><strong>solus</strong></span> <span class='ocrx_word' id='word_1_402' title='bbox 1225 5212 1396 5266; x_wconf 88' lang='lat' dir='ltr'><strong>factus</strong></span> <span class='ocrx_word' id='word_1_403' title='bbox 1422 5218 1523 5273; x_wconf 88' lang='lat' dir='ltr'><strong>est,</strong></span> <span class='ocrx_word' id='word_1_404' title='bbox 1579 5215 1637 5260; x_wconf 92' lang='lat' dir='ltr'><strong>ut</strong></span> <span class='ocrx_word' id='word_1_405' title='bbox 1664 5212 1930 5275; x_wconf 88' lang='lat' dir='ltr'><strong>nuganlur</strong></span> <span class='ocrx_word' id='word_1_406' title='bbox 1959 5201 2070 5255; x_wconf 78' lang='lat' dir='ltr'><strong>ha:-</strong></span> 
     </span>
    </p>
   </div>
   <div class='ocr_carea' id='block_1_54' title="bbox 471 5297 2072 5383">
    <p class='ocr_par' dir='ltr' id='par_1_54' title="bbox 471 5297 2072 5383">
     <span class='ocr_line' id='line_1_54' title="bbox 471 5297 2072 5383; baseline -0.016 -8"><span class='ocrx_word' id='word_1_407' title='bbox 471 5318 648 5375; x_wconf 87' lang='lat' dir='ltr'><strong>rclici.</strong></span> <span class='ocrx_word' id='word_1_408' title='bbox 677 5313 1015 5383; x_wconf 86' lang='lat' dir='ltr'><strong>Unigenitus,</strong></span> <span class='ocrx_word' id='word_1_409' title='bbox 1048 5308 1170 5379; x_wconf 85' lang='lat' dir='ltr'><strong>quia</strong></span> <span class='ocrx_word' id='word_1_410' title='bbox 1205 5308 1352 5360; x_wconf 90' lang='lat' dir='ltr'><strong>solus</strong></span> <span class='ocrx_word' id='word_1_411' title='bbox 1383 5301 1502 5356; x_wconf 89' lang='lat' dir='ltr'><strong>talis</strong></span> <span class='ocrx_word' id='word_1_412' title='bbox 1519 5300 1690 5355; x_wconf 83' lang='lat' dir='ltr'><strong>factus</strong></span> <span class='ocrx_word' id='word_1_413' title='bbox 1714 5307 1814 5353; x_wconf 91' lang='lat' dir='ltr'><strong>est.</strong></span> <span class='ocrx_word' id='word_1_414' title='bbox 1850 5297 1990 5366; x_wconf 81' lang='lat' dir='ltr'><strong>Ergo</strong></span> <span class='ocrx_word' id='word_1_415' title='bbox 2018 5303 2072 5350; x_wconf 90' lang='lat' dir='ltr'><strong>et</strong></span> 
     </span>
    </p>
   </div>
   <div class='ocr_carea' id='block_1_55' title="bbox 474 5393 2071 5476">
    <p class='ocr_par' dir='ltr' id='par_1_55' title="bbox 474 5393 2071 5476">
     <span class='ocr_line' id='line_1_55' title="bbox 474 5393 2071 5476; baseline -0.016 -9"><span class='ocrx_word' id='word_1_416' title='bbox 474 5412 620 5468; x_wconf 83' lang='lat' dir='ltr'><strong>Elias</strong></span> <span class='ocrx_word' id='word_1_417' title='bbox 665 5407 989 5476; x_wconf 88' lang='lat' dir='ltr'><strong>unigenitus,</strong></span> <span class='ocrx_word' id='word_1_418' title='bbox 1022 5405 1143 5474; x_wconf 84' lang='lat' dir='ltr'><strong>quia</strong></span> <span class='ocrx_word' id='word_1_419' title='bbox 1189 5400 1338 5454; x_wconf 88' lang='lat' dir='ltr'><strong>solus</strong></span> <span class='ocrx_word' id='word_1_420' title='bbox 1380 5395 1535 5458; x_wconf 88' lang='lat' dir='ltr'><strong>talis;</strong></span> <span class='ocrx_word' id='word_1_421' title='bbox 1583 5393 1724 5462; x_wconf 86' lang='lat' dir='ltr'><strong>quod</strong></span> <span class='ocrx_word' id='word_1_422' title='bbox 1775 5406 1904 5446; x_wconf 90' lang='lat' dir='ltr'><strong>sane</strong></span> <span class='ocrx_word' id='word_1_423' title='bbox 1950 5405 2071 5444; x_wconf 91' lang='lat' dir='ltr'><strong>cum</strong></span> 
     </span>
    </p>
   </div>
   <div class='ocr_carea' id='block_1_56' title="bbox 476 5483 2073 5570">
    <p class='ocr_par' dir='ltr' id='par_1_56' title="bbox 476 5483 2073 5570">
     <span class='ocr_line' id='line_1_56' title="bbox 476 5483 2073 5570; baseline -0.018 -7"><span class='ocrx_word' id='word_1_424' title='bbox 476 5505 687 5562; x_wconf 81' lang='lat' dir='ltr'><strong>ratione</strong></span> <span class='ocrx_word' id='word_1_425' title='bbox 735 5508 954 5570; x_wconf 89' lang='lat' dir='ltr'><strong>pugnat.</strong></span> <span class='ocrx_word' id='word_1_426' title='bbox 989 5501 1059 5550; x_wconf 83' lang='lat' dir='ltr'><strong>At</strong></span> <span class='ocrx_word' id='word_1_427' title='bbox 1086 5497 1136 5549; x_wconf 89' lang='lat' dir='ltr'><strong>in</strong></span> <span class='ocrx_word' id='word_1_428' title='bbox 1169 5509 1320 5548; x_wconf 90' lang='lat' dir='ltr'><strong>more</strong></span> <span class='ocrx_word' id='word_1_429' title='bbox 1341 5491 1634 5559; x_wconf 72' lang='lat' dir='ltr'><strong>Scriptum</strong></span> <span class='ocrx_word' id='word_1_430' title='bbox 1662 5497 1765 5549; x_wconf 87' lang='lat' dir='ltr'><strong>est,</strong></span> <span class='ocrx_word' id='word_1_431' title='bbox 1799 5495 1856 5538; x_wconf 91' lang='lat' dir='ltr'><strong>ut</strong></span> <span class='ocrx_word' id='word_1_432' title='bbox 1886 5483 2073 5551; x_wconf 61' lang='lat' dir='ltr'><strong>unigeo</strong></span> 
     </span>
    </p>
   </div>
   <div class='ocr_carea' id='block_1_57' title="bbox 477 5577 2075 5656">
    <p class='ocr_par' dir='ltr' id='par_1_57' title="bbox 477 5577 2075 5656">
     <span class='ocr_line' id='line_1_57' title="bbox 477 5577 2075 5656; baseline -0.017 -4"><span class='ocrx_word' id='word_1_433' title='bbox 477 5600 648 5652; x_wconf 85' lang='lat' dir='ltr'><strong>nitum</strong></span> <span class='ocrx_word' id='word_1_434' title='bbox 676 5594 819 5650; x_wconf 86' lang='lat' dir='ltr'><strong>dicat</strong></span> <span class='ocrx_word' id='word_1_435' title='bbox 847 5605 990 5654; x_wconf 92' lang='lat' dir='ltr'><strong>eum,</strong></span> <span class='ocrx_word' id='word_1_436' title='bbox 1024 5587 1112 5656; x_wconf 90' lang='lat' dir='ltr'><strong>qui</strong></span> <span class='ocrx_word' id='word_1_437' title='bbox 1139 5586 1288 5639; x_wconf 89' lang='lat' dir='ltr'><strong>solus</strong></span> <span class='ocrx_word' id='word_1_438' title='bbox 1311 5583 1380 5637; x_wconf 89' lang='lat' dir='ltr'><strong>ab</strong></span> <span class='ocrx_word' id='word_1_439' title='bbox 1409 5581 1588 5650; x_wconf 89' lang='lat' dir='ltr'><strong>aliquo</strong></span> <span class='ocrx_word' id='word_1_440' title='bbox 1616 5577 1827 5648; x_wconf 85' lang='lat' dir='ltr'><strong>genitus</strong></span> <span class='ocrx_word' id='word_1_441' title='bbox 1857 5583 1958 5636; x_wconf 87' lang='lat' dir='ltr'><strong>est,</strong></span> <span class='ocrx_word' id='word_1_442' title='bbox 1986 5586 2075 5626; x_wconf 89' lang='lat' dir='ltr'><strong>se-</strong></span> 
     </span>
    </p>
   </div>
   <div class='ocr_carea' id='block_1_58' title="bbox 482 5666 2075 5755">
    <p class='ocr_par' dir='ltr' id='par_1_58' title="bbox 482 5666 2075 5755">
     <span class='ocr_line' id='line_1_58' title="bbox 482 5666 2075 5755; baseline -0.015 -12"><span class='ocrx_word' id='word_1_443' title='bbox 482 5687 716 5744; x_wconf 88' lang='lat' dir='ltr'><strong>cundum</strong></span> <span class='ocrx_word' id='word_1_444' title='bbox 757 5685 903 5755; x_wconf 91' lang='lat' dir='ltr'><strong>prius</strong></span> <span class='ocrx_word' id='word_1_445' title='bbox 949 5681 1373 5737; x_wconf 89' lang='lat' dir='ltr'><strong>demonstratam</strong></span> <span class='ocrx_word' id='word_1_446' title='bbox 1418 5673 1566 5727; x_wconf 82' lang='lat' dir='ltr'><strong>vocis</strong></span> <span class='ocrx_word' id='word_1_447' title='bbox 1611 5666 2075 5738; x_wconf 79' lang='lat' dir='ltr'><strong>significationem.</strong></span> 
     </span>
    </p>
   </div>
   <div class='ocr_carea' id='block_1_59' title="bbox 481 5758 2077 5848">
    <p class='ocr_par' dir='ltr' id='par_1_59' title="bbox 481 5758 2077 5848">
     <span class='ocr_line' id='line_1_59' title="bbox 481 5758 2077 5848; baseline -0.018 -10"><span class='ocrx_word' id='word_1_448' title='bbox 481 5779 734 5844; x_wconf 72' lang='lat' dir='ltr'><strong>Attende,</strong></span> <span class='ocrx_word' id='word_1_449' title='bbox 770 5791 970 5848; x_wconf 63' lang='lat' dir='ltr'><strong>quisse.</strong></span> <span class='ocrx_word' id='word_1_450' title='bbox 1003 5769 1418 5840; x_wconf 87' lang='lat' dir='ltr'><strong>Primogenitus,</strong></span> <span class='ocrx_word' id='word_1_451' title='bbox 1443 5767 1486 5821; x_wconf 91' lang='lat' dir='ltr'><strong>si</strong></span> <span class='ocrx_word' id='word_1_452' title='bbox 1518 5764 1706 5818; x_wconf 90' lang='lat' dir='ltr'><strong>fratres</strong></span> <span class='ocrx_word' id='word_1_453' title='bbox 1729 5775 1831 5814; x_wconf 90' lang='lat' dir='ltr'><strong>non</strong></span> <span class='ocrx_word' id='word_1_454' title='bbox 1864 5758 2077 5821; x_wconf 89' lang='lat' dir='ltr'><strong>habeat,</strong></span> 
     </span>
    </p>
   </div>
   <div class='ocr_carea' id='block_1_60' title="bbox 483 5855 2078 5944">
    <p class='ocr_par' dir='ltr' id='par_1_60' title="bbox 483 5855 2078 5944">
     <span class='ocr_line' id='line_1_60' title="bbox 483 5855 2078 5944; baseline -0.017 -15"><span class='ocrx_word' id='word_1_455' title='bbox 483 5871 794 5944; x_wconf 76' lang='lat' dir='ltr'><strong>unigenitus</strong></span> <span class='ocrx_word' id='word_1_456' title='bbox 831 5877 937 5924; x_wconf 90' lang='lat' dir='ltr'><strong>est.</strong></span> <span class='ocrx_word' id='word_1_457' title='bbox 973 5867 1082 5937; x_wconf 81' lang='lat' dir='ltr'><strong>Ego</strong></span> <span class='ocrx_word' id='word_1_458' title='bbox 1113 5878 1218 5921; x_wconf 91' lang='lat' dir='ltr'><strong>non</strong></span> <span class='ocrx_word' id='word_1_459' title='bbox 1246 5874 1433 5923; x_wconf 90' lang='lat' dir='ltr'><strong>unum,</strong></span> <span class='ocrx_word' id='word_1_460' title='bbox 1466 5871 1570 5911; x_wconf 90' lang='lat' dir='ltr'><strong>non</strong></span> <span class='ocrx_word' id='word_1_461' title='bbox 1611 5855 1765 5918; x_wconf 86' lang='lat' dir='ltr'><strong>duos,</strong></span> <span class='ocrx_word' id='word_1_462' title='bbox 1799 5866 1903 5907; x_wconf 87' lang='lat' dir='ltr'><strong>non</strong></span> <span class='ocrx_word' id='word_1_463' title='bbox 1935 5860 2078 5918; x_wconf 91' lang='lat' dir='ltr'><strong>tres,</strong></span> 
     </span>
    </p>
   </div>
   <div class='ocr_carea' id='block_1_61' title="bbox 1896 378 2269 441">
    <p class='ocr_par' dir='ltr' id='par_1_61' title="bbox 1896 378 2269 441">
     <span class='ocr_line' id='line_1_61' title="bbox 1896 378 2269 441; baseline -0.011 -2"><span class='ocrx_word' id='word_1_464' title='bbox 1896 378 2269 441; x_wconf 67' lang='lat' dir='ltr'><strong>SEVERIANI</strong></span> 
     </span>
    </p>
   </div>
   <div class='ocr_carea' id='block_1_62' title="bbox 3641 401 3759 457">
    <p class='ocr_par' dir='ltr' id='par_1_62' title="bbox 3641 401 3759 457">
     <span class='ocr_line' id='line_1_62' title="bbox 3641 401 3759 457; baseline 0.025 -3"><span class='ocrx_word' id='word_1_465' title='bbox 3641 401 3759 457; x_wconf 81' lang='grc'><strong>468</strong></span> 
     </span>
    </p>
   </div>
   <div class='ocr_carea' id='block_1_63' title="bbox 2137 491 3743 566">
    <p class='ocr_par' dir='ltr' id='par_1_63' title="bbox 2137 491 3743 566">
     <span class='ocr_line' id='line_1_63' title="bbox 2137 491 3743 566; baseline -0.003 -12"><span class='ocrx_word' id='word_1_466' title='bbox 2137 497 2232 554; x_wconf 89' lang='lat' dir='ltr'><strong>sed</strong></span> <span class='ocrx_word' id='word_1_467' title='bbox 2275 495 2538 566; x_wconf 86' lang='lat' dir='ltr'><strong>plurimos</strong></span> <span class='ocrx_word' id='word_1_468' title='bbox 2583 496 2796 566; x_wconf 90' lang='lat' dir='ltr'><strong>reperio</strong></span> <span class='ocrx_word' id='word_1_469' title='bbox 2840 493 3252 566; x_wconf 86' lang='lat' dir='ltr'><strong>primogenitos.</strong></span> <span class='ocrx_word' id='word_1_470' title='bbox 3316 491 3450 550; x_wconf 82' lang='lat' dir='ltr'><strong>Rem</strong></span> <span class='ocrx_word' id='word_1_471' title='bbox 3507 498 3743 549; x_wconf 77' lang='lat' dir='ltr'><strong>novam!</strong></span> 
     </span>
    </p>
   </div>
   <div class='ocr_carea' id='block_1_64' title="bbox 2138 586 3752 658">
    <p class='ocr_par' dir='ltr' id='par_1_64' title="bbox 2138 586 3752 658">
     <span class='ocr_line' id='line_1_64' title="bbox 2138 586 3752 658; baseline -0.002 -15"><span class='ocrx_word' id='word_1_472' title='bbox 2138 587 2483 658; x_wconf 85' lang='lat' dir='ltr'><strong>Primogcniti</strong></span> <span class='ocrx_word' id='word_1_473' title='bbox 2515 586 2790 657; x_wconf 88' lang='lat' dir='ltr'><strong>quomodo</strong></span> <span class='ocrx_word' id='word_1_474' title='bbox 2820 586 3042 657; x_wconf 82' lang='lat' dir='ltr'><strong>plures?</strong></span> <span class='ocrx_word' id='word_1_475' title='bbox 3071 586 3245 642; x_wconf 83' lang='lat' dir='ltr'><strong>Unum</strong></span> <span class='ocrx_word' id='word_1_476' title='bbox 3270 588 3412 642; x_wconf 91' lang='lat' dir='ltr'><strong>enim</strong></span> <span class='ocrx_word' id='word_1_477' title='bbox 3437 601 3560 641; x_wconf 87' lang='lat' dir='ltr'><strong>esse</strong></span> <span class='ocrx_word' id='word_1_478' title='bbox 3586 601 3752 656; x_wconf 60' lang='lat' dir='ltr'><strong>opor.</strong></span> 
     </span>
    </p>
   </div>
   <div class='ocr_carea' id='block_1_65' title="bbox 2141 677 3755 748">
    <p class='ocr_par' dir='ltr' id='par_1_65' title="bbox 2141 677 3755 748">
     <span class='ocr_line' id='line_1_65' title="bbox 2141 677 3755 748; baseline 0 -14"><span class='ocrx_word' id='word_1_479' title='bbox 2141 687 2237 734; x_wconf 86' lang='lat' dir='ltr'><strong>tet.</strong></span> <span class='ocrx_word' id='word_1_480' title='bbox 2265 679 2586 734; x_wconf 87' lang='lat' dir='ltr'><strong>Sermonem</strong></span> <span class='ocrx_word' id='word_1_481' title='bbox 2618 677 2872 748; x_wconf 78' lang='lat' dir='ltr'><strong>produxi,</strong></span> <span class='ocrx_word' id='word_1_482' title='bbox 2904 679 2974 733; x_wconf 91' lang='lat' dir='ltr'><strong>ob</strong></span> <span class='ocrx_word' id='word_1_483' title='bbox 3001 679 3119 733; x_wconf 85' lang='lat' dir='ltr'><strong>illas</strong></span> <span class='ocrx_word' id='word_1_484' title='bbox 3149 693 3332 741; x_wconf 87' lang='lat' dir='ltr'><strong>voces,</strong></span> <span class='ocrx_word' id='word_1_485' title='bbox 3360 679 3755 748; x_wconf 84' lang='lat' dir='ltr'><strong>primogenitus</strong></span> 
     </span>
    </p>
   </div>
   <div class='ocr_carea' id='block_1_66' title="bbox 2141 769 3752 840">
    <p class='ocr_par' dir='ltr' id='par_1_66' title="bbox 2141 769 3752 840">
     <span class='ocr_line' id='line_1_66' title="bbox 2141 769 3752 840; baseline -0.002 -13"><span class='ocrx_word' id='word_1_486' title='bbox 2141 784 2195 827; x_wconf 91' lang='lat' dir='ltr'><strong>et</strong></span> <span class='ocrx_word' id='word_1_487' title='bbox 2246 771 2554 840; x_wconf 84' lang='lat' dir='ltr'><strong>unigenitus</strong></span> <span class='ocrx_word' id='word_1_488' title='bbox 2604 789 2616 825; x_wconf 89' lang='lat'><strong>:</strong></span> <span class='ocrx_word' id='word_1_489' title='bbox 2661 769 3039 825; x_wconf 86' lang='lat' dir='ltr'><strong>difficultatem</strong></span> <span class='ocrx_word' id='word_1_490' title='bbox 3067 786 3199 826; x_wconf 88' lang='lat' dir='ltr'><strong>vero</strong></span> <span class='ocrx_word' id='word_1_491' title='bbox 3240 772 3535 827; x_wconf 78' lang='lat' dir='ltr'><strong>solvamus.</strong></span> <span class='ocrx_word' id='word_1_492' title='bbox 3590 772 3752 836; x_wconf 85' lang='lat' dir='ltr'><strong>Eum,</strong></span> 
     </span>
    </p>
   </div>
   <div class='ocr_carea' id='block_1_67' title="bbox 2141 861 3756 933">
    <p class='ocr_par' dir='ltr' id='par_1_67' title="bbox 2141 861 3756 933">
     <span class='ocr_line' id='line_1_67' title="bbox 2141 861 3756 933; baseline 0.001 -17"><span class='ocrx_word' id='word_1_493' title='bbox 2141 863 2229 932; x_wconf 89' lang='lat' dir='ltr'><strong>qui</strong></span> <span class='ocrx_word' id='word_1_494' title='bbox 2261 863 2464 930; x_wconf 82' lang='lat' dir='ltr'><strong>primus</strong></span> <span class='ocrx_word' id='word_1_495' title='bbox 2504 861 2691 918; x_wconf 87' lang='lat' dir='ltr'><strong>credat</strong></span> <span class='ocrx_word' id='word_1_496' title='bbox 2719 863 2770 916; x_wconf 94' lang='lat' dir='ltr'><strong>in</strong></span> <span class='ocrx_word' id='word_1_497' title='bbox 2802 877 2898 916; x_wconf 90' lang='lat' dir='ltr'><strong>sua</strong></span> <span class='ocrx_word' id='word_1_498' title='bbox 2926 870 3107 928; x_wconf 60' lang='lat' dir='ltr'><strong>rotate,</strong></span> <span class='ocrx_word' id='word_1_499' title='bbox 3145 863 3286 918; x_wconf 88' lang='lat' dir='ltr'><strong>Deus</strong></span> <span class='ocrx_word' id='word_1_500' title='bbox 3330 863 3756 933; x_wconf 85' lang='lat' dir='ltr'><strong>primogenitum</strong></span> 
     </span>
    </p>
   </div>
   <div class='ocr_carea' id='block_1_68' title="bbox 2142 953 3758 1023">
    <p class='ocr_par' dir='ltr' id='par_1_68' title="bbox 2142 953 3758 1023">
     <span class='ocr_line' id='line_1_68' title="bbox 2142 953 3758 1023; baseline 0.004 -19"><span class='ocrx_word' id='word_1_501' title='bbox 2142 965 2318 1018; x_wconf 83' lang='lat' dir='ltr'><strong>vocat,</strong></span> <span class='ocrx_word' id='word_1_502' title='bbox 2363 970 2468 1007; x_wconf 90' lang='lat' dir='ltr'><strong>non</strong></span> <span class='ocrx_word' id='word_1_503' title='bbox 2510 954 2653 1023; x_wconf 90' lang='lat' dir='ltr'><strong>quod</strong></span> <span class='ocrx_word' id='word_1_504' title='bbox 2697 956 2768 1008; x_wconf 90' lang='lat' dir='ltr'><strong>sit</strong></span> <span class='ocrx_word' id='word_1_505' title='bbox 2814 953 3020 1023; x_wconf 87' lang='lat' dir='ltr'><strong>primus</strong></span> <span class='ocrx_word' id='word_1_506' title='bbox 3065 955 3204 1010; x_wconf 89' lang='lat' dir='ltr'><strong>inter</strong></span> <span class='ocrx_word' id='word_1_507' title='bbox 3247 958 3379 1010; x_wconf 84' lang='lat' dir='ltr'><strong>alios</strong></span> <span class='ocrx_word' id='word_1_508' title='bbox 3407 956 3616 1023; x_wconf 84' lang='lat' dir='ltr'><strong>fideles,</strong></span> <span class='ocrx_word' id='word_1_509' title='bbox 3657 958 3758 1013; x_wconf 87' lang='lat' dir='ltr'><strong>sed</strong></span> 
     </span>
    </p>
   </div>
   <div class='ocr_carea' id='block_1_69' title="bbox 2143 1044 3761 1117">
    <p class='ocr_par' dir='ltr' id='par_1_69' title="bbox 2143 1044 3761 1117">
     <span class='ocr_line' id='line_1_69' title="bbox 2143 1044 3761 1117; baseline 0.003 -20"><span class='ocrx_word' id='word_1_510' title='bbox 2143 1045 2284 1116; x_wconf 89' lang='lat' dir='ltr'><strong>quod</strong></span> <span class='ocrx_word' id='word_1_511' title='bbox 2338 1047 2390 1099; x_wconf 90' lang='lat' dir='ltr'><strong>in</strong></span> <span class='ocrx_word' id='word_1_512' title='bbox 2442 1044 2556 1100; x_wconf 86' lang='lat' dir='ltr'><strong>suis</strong></span> <span class='ocrx_word' id='word_1_513' title='bbox 2602 1047 2934 1115; x_wconf 89' lang='lat' dir='ltr'><strong>temporibus</strong></span> <span class='ocrx_word' id='word_1_514' title='bbox 2986 1047 3134 1116; x_wconf 91' lang='lat' dir='ltr'><strong>prius</strong></span> <span class='ocrx_word' id='word_1_515' title='bbox 3202 1048 3551 1117; x_wconf 86' lang='lat' dir='ltr'><strong>apparuerit;</strong></span> <span class='ocrx_word' id='word_1_516' title='bbox 3602 1049 3761 1104; x_wconf 82' lang='lat' dir='ltr'><strong>verbi</strong></span> 
     </span>
    </p>
   </div>
   <div class='ocr_carea' id='block_1_70' title="bbox 2142 1138 3764 1211">
    <p class='ocr_par' dir='ltr' id='par_1_70' title="bbox 2142 1138 3764 1211">
     <span class='ocr_line' id='line_1_70' title="bbox 2142 1138 3764 1211; baseline 0.003 -20"><span class='ocrx_word' id='word_1_517' title='bbox 2142 1139 2347 1208; x_wconf 84' lang='lat' dir='ltr'><strong>gratia,</strong></span> <span class='ocrx_word' id='word_1_518' title='bbox 2411 1138 2461 1193; x_wconf 92' lang='lat' dir='ltr'><strong>iu</strong></span> <span class='ocrx_word' id='word_1_519' title='bbox 2517 1138 2753 1210; x_wconf 64' lang='lat' dir='ltr'><strong>Egypto</strong></span> <span class='ocrx_word' id='word_1_520' title='bbox 2800 1149 2916 1194; x_wconf 88' lang='lat' dir='ltr'><strong>erat</strong></span> <span class='ocrx_word' id='word_1_521' title='bbox 2964 1141 3230 1210; x_wconf 82' lang='lat' dir='ltr'><strong>pepulus,</strong></span> <span class='ocrx_word' id='word_1_522' title='bbox 3285 1141 3413 1195; x_wconf 84' lang='lat' dir='ltr'><strong>dicit</strong></span> <span class='ocrx_word' id='word_1_523' title='bbox 3469 1140 3611 1196; x_wconf 86' lang='lat' dir='ltr'><strong>Deus</strong></span> <span class='ocrx_word' id='word_1_524' title='bbox 3660 1158 3764 1211; x_wconf 86' lang='lat' dir='ltr'><strong>per</strong></span> 
     </span>
    </p>
   </div>
   <div class='ocr_carea' id='block_1_71' title="bbox 2144 1231 3764 1304">
    <p class='ocr_par' dir='ltr' id='par_1_71' title="bbox 2144 1231 3764 1304">
     <span class='ocr_line' id='line_1_71' title="bbox 2144 1231 3764 1304; baseline 0.002 -19"><span class='ocrx_word' id='word_1_525' title='bbox 2144 1231 2378 1302; x_wconf 82' lang='lat' dir='ltr'><strong>Moyscm</strong></span> <span class='ocrx_word' id='word_1_526' title='bbox 2418 1251 2429 1286; x_wconf 92' lang='lat'>:</span> <span class='ocrx_word' id='word_1_527' title='bbox 2463 1231 2632 1286; x_wconf 81' lang='lat' dir='ltr'><strong>Filius</strong></span> <span class='ocrx_word' id='word_1_528' title='bbox 2677 1235 3042 1304; x_wconf 79' lang='lat' dir='ltr'><strong>primogenitus</strong></span> <span class='ocrx_word' id='word_1_529' title='bbox 3070 1250 3208 1288; x_wconf 83' lang='lat' dir='ltr'><strong>meus</strong></span> <span class='ocrx_word' id='word_1_530' title='bbox 3238 1232 3426 1288; x_wconf 81' lang='lat' dir='ltr'><strong>Israel.</strong></span> <span class='ocrx_word' id='word_1_531' title='bbox 3476 1234 3597 1288; x_wconf 77' lang='lat' dir='ltr'><strong>Dixi</strong></span> <span class='ocrx_word' id='word_1_532' title='bbox 3628 1250 3646 1288; x_wconf 91' lang='lat'><strong><em>:</em></strong></span> <span class='ocrx_word' id='word_1_533' title='bbox 3675 1235 3764 1288; x_wconf 87' lang='lat' dir='ltr'><strong>di-</strong></span> 
     </span>
    </p>
   </div>
   <div class='ocr_carea' id='block_1_72' title="bbox 2146 1325 3766 1399">
    <p class='ocr_par' dir='ltr' id='par_1_72' title="bbox 2146 1325 3766 1399">
     <span class='ocr_line' id='line_1_72' title="bbox 2146 1325 3766 1399; baseline 0.003 -22"><span class='ocrx_word' id='word_1_534' title='bbox 2146 1325 2286 1377; x_wconf 86' lang='lat' dir='ltr'><strong>mitte</strong></span> <span class='ocrx_word' id='word_1_535' title='bbox 2335 1325 2458 1377; x_wconf 81' lang='lat' dir='ltr'><strong>milti</strong></span> <span class='ocrx_word' id='word_1_536' title='bbox 2508 1327 2756 1396; x_wconf 82' lang='lat' dir='ltr'><strong>populum</strong></span> <span class='ocrx_word' id='word_1_537' title='bbox 2799 1343 2966 1380; x_wconf 87' lang='lat' dir='ltr'><strong>meum</strong></span> <span class='ocrx_word' id='word_1_538' title='bbox 3239 1328 3294 1382; x_wconf 72' lang='grc'><strong>4.</strong></span> <span class='ocrx_word' id='word_1_539' title='bbox 3325 1325 3418 1380; x_wconf 74' lang='grc'><strong>22.</strong></span> <span class='ocrx_word' id='word_1_540' title='bbox 3452 1327 3567 1395; x_wconf 79' lang='grc'><strong>25).</strong></span> <span class='ocrx_word' id='word_1_541' title='bbox 3617 1327 3766 1382; x_wconf 84' lang='lat' dir='ltr'><strong>Ecce</strong></span> 
     </span>
    </p>
   </div>
   <div class='ocr_carea' id='block_1_73' title="bbox 2147 1418 3765 1490">
    <p class='ocr_par' dir='ltr' id='par_1_73' title="bbox 2147 1418 3765 1490">
     <span class='ocr_line' id='line_1_73' title="bbox 2147 1418 3765 1490; baseline 0.001 -19"><span class='ocrx_word' id='word_1_542' title='bbox 2147 1418 2401 1488; x_wconf 85' lang='lat' dir='ltr'><strong>populum</strong></span> <span class='ocrx_word' id='word_1_543' title='bbox 2457 1419 2870 1490; x_wconf 83' lang='lat' dir='ltr'><strong>primogenitum</strong></span> <span class='ocrx_word' id='word_1_544' title='bbox 2920 1437 2932 1473; x_wconf 93' lang='lat'>:</span> <span class='ocrx_word' id='word_1_545' title='bbox 2986 1420 3111 1490; x_wconf 87' lang='lat' dir='ltr'><strong>quia</strong></span> <span class='ocrx_word' id='word_1_546' title='bbox 3159 1420 3253 1475; x_wconf 90' lang='lat' dir='ltr'><strong>illo</strong></span> <span class='ocrx_word' id='word_1_547' title='bbox 3305 1431 3550 1489; x_wconf 90' lang='lat' dir='ltr'><strong>tempore</strong></span> <span class='ocrx_word' id='word_1_548' title='bbox 3605 1421 3765 1489; x_wconf 83' lang='lat' dir='ltr'><strong>prior</strong></span> 
     </span>
    </p>
   </div>
   <div class='ocr_carea' id='block_1_74' title="bbox 2145 1512 3767 1583">
    <p class='ocr_par' dir='ltr' id='par_1_74' title="bbox 2145 1512 3767 1583">
     <span class='ocr_line' id='line_1_74' title="bbox 2145 1512 3767 1583; baseline 0.001 -19"><span class='ocrx_word' id='word_1_549' title='bbox 2145 1519 2263 1565; x_wconf 91' lang='lat' dir='ltr'><strong>erat</strong></span> <span class='ocrx_word' id='word_1_550' title='bbox 2317 1512 2584 1581; x_wconf 86' lang='lat' dir='ltr'><strong>populus,</strong></span> <span class='ocrx_word' id='word_1_551' title='bbox 2641 1513 2730 1583; x_wconf 89' lang='lat' dir='ltr'><strong>qui</strong></span> <span class='ocrx_word' id='word_1_552' title='bbox 2782 1513 2948 1568; x_wconf 88' lang='lat' dir='ltr'><strong>Deum</strong></span> <span class='ocrx_word' id='word_1_553' title='bbox 2991 1521 3240 1569; x_wconf 87' lang='lat' dir='ltr'><strong>noverat.</strong></span> <span class='ocrx_word' id='word_1_554' title='bbox 3292 1512 3527 1567; x_wconf 87' lang='lat' dir='ltr'><strong>Emersit</strong></span> <span class='ocrx_word' id='word_1_555' title='bbox 3574 1524 3767 1580; x_wconf 82' lang='lat' dir='ltr'><strong>postea</strong></span> 
     </span>
    </p>
   </div>
   <div class='ocr_carea' id='block_1_75' title="bbox 2149 1600 3766 1674">
    <p class='ocr_par' dir='ltr' id='par_1_75' title="bbox 2149 1600 3766 1674">
     <span class='ocr_line' id='line_1_75' title="bbox 2149 1600 3766 1674; baseline 0.002 -20"><span class='ocrx_word' id='word_1_556' title='bbox 2149 1600 2337 1668; x_wconf 88' lang='lat' dir='ltr'><strong>David,</strong></span> <span class='ocrx_word' id='word_1_557' title='bbox 2369 1611 2491 1674; x_wconf 89' lang='lat' dir='ltr'><strong>post</strong></span> <span class='ocrx_word' id='word_1_558' title='bbox 2515 1603 2708 1673; x_wconf 85' lang='lat' dir='ltr'><strong>legem,</strong></span> <span class='ocrx_word' id='word_1_559' title='bbox 2743 1611 2867 1674; x_wconf 90' lang='lat' dir='ltr'><strong>post</strong></span> <span class='ocrx_word' id='word_1_560' title='bbox 2901 1603 3099 1658; x_wconf 85' lang='lat' dir='ltr'><strong>multas</strong></span> <span class='ocrx_word' id='word_1_561' title='bbox 3129 1612 3336 1668; x_wconf 68' lang='lat' dir='ltr'><strong>aztates,</strong></span> <span class='ocrx_word' id='word_1_562' title='bbox 3369 1619 3432 1658; x_wconf 86' lang='lat' dir='ltr'><strong>ac</strong></span> <span class='ocrx_word' id='word_1_563' title='bbox 3467 1604 3766 1674; x_wconf 87' lang='lat' dir='ltr'><strong>pollicetur</strong></span> 
     </span>
    </p>
   </div>
   <div class='ocr_carea' id='block_1_76' title="bbox 2151 1691 3770 1763">
    <p class='ocr_par' dir='ltr' id='par_1_76' title="bbox 2151 1691 3770 1763">
     <span class='ocr_line' id='line_1_76' title="bbox 2151 1691 3770 1763; baseline 0.002 -17"><span class='ocrx_word' id='word_1_564' title='bbox 2151 1691 2200 1746; x_wconf 90' lang='lat' dir='ltr'><strong>ei</strong></span> <span class='ocrx_word' id='word_1_565' title='bbox 2236 1691 2397 1757; x_wconf 87' lang='lat' dir='ltr'><strong>Deus,</strong></span> <span class='ocrx_word' id='word_1_566' title='bbox 2430 1708 2496 1748; x_wconf 74' lang='lat' dir='ltr'><strong>ex</strong></span> <span class='ocrx_word' id='word_1_567' title='bbox 2528 1692 2735 1748; x_wconf 90' lang='lat' dir='ltr'><strong>semine</strong></span> <span class='ocrx_word' id='word_1_568' title='bbox 2763 1693 2881 1763; x_wconf 87' lang='lat' dir='ltr'><strong>ejus</strong></span> <span class='ocrx_word' id='word_1_569' title='bbox 2905 1693 3181 1749; x_wconf 88' lang='lat' dir='ltr'><strong>Christum</strong></span> <span class='ocrx_word' id='word_1_570' title='bbox 3230 1695 3494 1748; x_wconf 86' lang='lat' dir='ltr'><strong>oriturum</strong></span> <span class='ocrx_word' id='word_1_571' title='bbox 3537 1709 3679 1756; x_wconf 82' lang='lat' dir='ltr'><strong>esse,</strong></span> <span class='ocrx_word' id='word_1_572' title='bbox 3711 1706 3770 1749; x_wconf 79' lang='lat' dir='ltr'><strong>et</strong></span> 
     </span>
    </p>
   </div>
   <div class='ocr_carea' id='block_1_77' title="bbox 2148 1784 3774 1850">
    <p class='ocr_par' dir='ltr' id='par_1_77' title="bbox 2148 1784 3774 1850">
     <span class='ocr_line' id='line_1_77' title="bbox 2148 1784 3774 1850; baseline 0.001 -11"><span class='ocrx_word' id='word_1_573' title='bbox 2148 1786 2227 1839; x_wconf 75' lang='lat' dir='ltr'><strong>sic</strong></span> <span class='ocrx_word' id='word_1_574' title='bbox 2270 1786 2344 1839; x_wconf 88' lang='lat' dir='ltr'><strong>ait</strong></span> <span class='ocrx_word' id='word_1_575' title='bbox 2387 1803 2401 1838; x_wconf 88' lang='lat'><strong>:</strong></span> <span class='ocrx_word' id='word_1_576' title='bbox 2445 1784 2625 1841; x_wconf 80' lang='lat' dir='ltr'><strong>Inueni</strong></span> <span class='ocrx_word' id='word_1_577' title='bbox 2654 1785 2820 1842; x_wconf 84' lang='lat' dir='ltr'><strong>David</strong></span> <span class='ocrx_word' id='word_1_578' title='bbox 2847 1802 3046 1841; x_wconf 83' lang='lat' dir='ltr'><strong>servum</strong></span> <span class='ocrx_word' id='word_1_579' title='bbox 3073 1802 3261 1850; x_wconf 85' lang='lat' dir='ltr'><strong>meum,</strong></span> <span class='ocrx_word' id='word_1_580' title='bbox 3299 1787 3410 1840; x_wconf 84' lang='lat' dir='ltr'><strong>oleo</strong></span> <span class='ocrx_word' id='word_1_581' title='bbox 3439 1796 3614 1840; x_wconf 85' lang='lat' dir='ltr'><strong>sancto</strong></span> <span class='ocrx_word' id='word_1_582' title='bbox 3636 1787 3774 1840; x_wconf 68' lang='grc' dir='ltr'><strong>ωνεὶ</strong></span> 
     </span>
    </p>
   </div>
   <div class='ocr_carea' id='block_1_78' title="bbox 2148 1875 3775 1950">
    <p class='ocr_par' dir='ltr' id='par_1_78' title="bbox 2148 1875 3775 1950">
     <span class='ocr_line' id='line_1_78' title="bbox 2148 1875 3775 1950; baseline 0.001 -20"><span class='ocrx_word' id='word_1_583' title='bbox 2148 1883 2282 1932; x_wconf 74' lang='lat' dir='ltr'><strong>cum.</strong></span> <span class='ocrx_word' id='word_1_584' title='bbox 2307 1875 2430 1946; x_wconf 84' lang='lat' dir='ltr'><strong>Ipse</strong></span> <span class='ocrx_word' id='word_1_585' title='bbox 2455 1878 2709 1933; x_wconf 84' lang='lat' dir='ltr'><strong>invocabit</strong></span> <span class='ocrx_word' id='word_1_586' title='bbox 2755 1895 2856 1946; x_wconf 87' lang='lat' dir='ltr'><strong>me,</strong></span> <span class='ocrx_word' id='word_1_587' title='bbox 2904 1889 3050 1950; x_wconf 79' lang='lat' dir='ltr'><strong>pater</strong></span> <span class='ocrx_word' id='word_1_588' title='bbox 3073 1895 3212 1933; x_wconf 84' lang='lat' dir='ltr'><strong>meus</strong></span> <span class='ocrx_word' id='word_1_589' title='bbox 3251 1895 3322 1933; x_wconf 84' lang='lat' dir='ltr'><strong>es.</strong></span> <span class='ocrx_word' id='word_1_590' title='bbox 3352 1877 3421 1932; x_wconf 87' lang='lat' dir='ltr'><strong>Et</strong></span> <span class='ocrx_word' id='word_1_591' title='bbox 3455 1895 3546 1949; x_wconf 82' lang='lat' dir='ltr'><strong>ego</strong></span> <span class='ocrx_word' id='word_1_592' title='bbox 3571 1880 3775 1948; x_wconf 84' lang='lat' dir='ltr'><strong>primo-</strong></span> 
     </span>
    </p>
   </div>
   <div class='ocr_carea' id='block_1_79' title="bbox 2148 1971 3771 2043">
    <p class='ocr_par' dir='ltr' id='par_1_79' title="bbox 2148 1971 3771 2043">
     <span class='ocr_line' id='line_1_79' title="bbox 2148 1971 3771 2043; baseline 0.002 -20"><span class='ocrx_word' id='word_1_593' title='bbox 2148 1971 2374 2041; x_wconf 84' lang='lat' dir='ltr'><strong>genitum</strong></span> <span class='ocrx_word' id='word_1_594' title='bbox 2402 1988 2590 2042; x_wconf 86' lang='lat' dir='ltr'><strong>ponam</strong></span> <span class='ocrx_word' id='word_1_595' title='bbox 2620 1972 2767 2027; x_wconf 85' lang='lat' dir='ltr'><strong>illum</strong></span> <span class='ocrx_word' id='word_1_596' title='bbox 2810 1972 2982 2043; x_wconf 86' lang='lat' dir='ltr'><strong>(Psal.</strong></span> <span class='ocrx_word' id='word_1_597' title='bbox 3014 1971 3104 2029; x_wconf 89' lang='lat'><strong>88.</strong></span> <span class='ocrx_word' id='word_1_598' title='bbox 3135 1972 3224 2028; x_wconf 82' lang='grc'><strong>21.</strong></span> <span class='ocrx_word' id='word_1_599' title='bbox 3259 1972 3348 2027; x_wconf 81' lang='grc'><strong>27.</strong></span> <span class='ocrx_word' id='word_1_600' title='bbox 3380 1973 3500 2041; x_wconf 74' lang='grc'><strong>28).</strong></span> <span class='ocrx_word' id='word_1_601' title='bbox 3539 1973 3692 2040; x_wconf 87' lang='lat' dir='ltr'><strong>Quod</strong></span> <span class='ocrx_word' id='word_1_602' title='bbox 3721 1975 3771 2027; x_wconf 80' lang='lat' dir='ltr'><strong>si</strong></span> 
     </span>
    </p>
   </div>
   <div class='ocr_carea' id='block_1_80' title="bbox 2153 2063 3775 2136">
    <p class='ocr_par' dir='ltr' id='par_1_80' title="bbox 2153 2063 3775 2136">
     <span class='ocr_line' id='line_1_80' title="bbox 2153 2063 3775 2136; baseline 0.005 -22"><span class='ocrx_word' id='word_1_603' title='bbox 2153 2063 2540 2133; x_wconf 84' lang='lat' dir='ltr'><strong>primogenitus</strong></span> <span class='ocrx_word' id='word_1_604' title='bbox 2565 2063 2637 2120; x_wconf 88' lang='lat' dir='ltr'><strong>sit</strong></span> <span class='ocrx_word' id='word_1_605' title='bbox 2659 2064 2844 2132; x_wconf 89' lang='lat' dir='ltr'><strong>David,</strong></span> <span class='ocrx_word' id='word_1_606' title='bbox 2879 2064 3268 2136; x_wconf 86' lang='lat' dir='ltr'><strong>primogenitus</strong></span> <span class='ocrx_word' id='word_1_607' title='bbox 3296 2080 3511 2136; x_wconf 89' lang='lat' dir='ltr'><strong>quoque</strong></span> <span class='ocrx_word' id='word_1_608' title='bbox 3535 2067 3775 2135; x_wconf 81' lang='lat' dir='ltr'><strong>populus</strong></span> 
     </span>
    </p>
   </div>
   <div class='ocr_carea' id='block_1_81' title="bbox 2151 2154 3772 2227">
    <p class='ocr_par' dir='ltr' id='par_1_81' title="bbox 2151 2154 3772 2227">
     <span class='ocr_line' id='line_1_81' title="bbox 2151 2154 3772 2227; baseline 0.002 -19"><span class='ocrx_word' id='word_1_609' title='bbox 2151 2163 2254 2208; x_wconf 92' lang='lat' dir='ltr'><strong>est.</strong></span> <span class='ocrx_word' id='word_1_610' title='bbox 2312 2154 2480 2210; x_wconf 83' lang='lat' dir='ltr'><strong>Adam</strong></span> <span class='ocrx_word' id='word_1_611' title='bbox 2527 2155 2919 2227; x_wconf 86' lang='lat' dir='ltr'><strong>primogenitus</strong></span> <span class='ocrx_word' id='word_1_612' title='bbox 2967 2156 3020 2212; x_wconf 93' lang='lat' dir='ltr'><strong>in</strong></span> <span class='ocrx_word' id='word_1_613' title='bbox 3065 2156 3417 2227; x_wconf 86' lang='lat' dir='ltr'><strong>generatione</strong></span> <span class='ocrx_word' id='word_1_614' title='bbox 3457 2171 3574 2219; x_wconf 87' lang='lat' dir='ltr'><strong>sua,</strong></span> <span class='ocrx_word' id='word_1_615' title='bbox 3627 2156 3772 2222; x_wconf 83' lang='lat' dir='ltr'><strong>Noe,</strong></span> 
     </span>
    </p>
   </div>
   <div class='ocr_carea' id='block_1_82' title="bbox 2151 2244 3773 2320">
    <p class='ocr_par' dir='ltr' id='par_1_82' title="bbox 2151 2244 3773 2320">
     <span class='ocr_line' id='line_1_82' title="bbox 2151 2244 3773 2320; baseline 0.002 -21"><span class='ocrx_word' id='word_1_616' title='bbox 2151 2244 2275 2300; x_wconf 86' lang='lat' dir='ltr'><strong>Sem</strong></span> <span class='ocrx_word' id='word_1_617' title='bbox 2305 2247 2669 2316; x_wconf 78' lang='lat' dir='ltr'><strong>primogeniti,</strong></span> <span class='ocrx_word' id='word_1_618' title='bbox 2699 2249 2972 2304; x_wconf 85' lang='lat' dir='ltr'><strong>Abraham</strong></span> <span class='ocrx_word' id='word_1_619' title='bbox 3003 2249 3398 2320; x_wconf 88' lang='lat' dir='ltr'><strong>primogenitus</strong></span> <span class='ocrx_word' id='word_1_620' title='bbox 3438 2251 3490 2303; x_wconf 93' lang='lat' dir='ltr'><strong>iu</strong></span> <span class='ocrx_word' id='word_1_621' title='bbox 3533 2265 3773 2319; x_wconf 83' lang='lat' dir='ltr'><strong>genera-</strong></span> 
     </span>
    </p>
   </div>
   <div class='ocr_carea' id='block_1_83' title="bbox 2154 2338 3776 2414">
    <p class='ocr_par' dir='ltr' id='par_1_83' title="bbox 2154 2338 3776 2414">
     <span class='ocr_line' id='line_1_83' title="bbox 2154 2338 3776 2414; baseline 0.004 -23"><span class='ocrx_word' id='word_1_622' title='bbox 2154 2338 2299 2394; x_wconf 91' lang='lat' dir='ltr'><strong>tione</strong></span> <span class='ocrx_word' id='word_1_623' title='bbox 2330 2356 2448 2400; x_wconf 86' lang='lat' dir='ltr'><strong>sua,</strong></span> <span class='ocrx_word' id='word_1_624' title='bbox 2480 2339 2713 2412; x_wconf 78' lang='lat' dir='ltr'><strong>Moyses,</strong></span> <span class='ocrx_word' id='word_1_625' title='bbox 2745 2342 2931 2407; x_wconf 89' lang='lat' dir='ltr'><strong>Isaias,</strong></span> <span class='ocrx_word' id='word_1_626' title='bbox 2979 2341 3104 2412; x_wconf 90' lang='lat' dir='ltr'><strong>quia</strong></span> <span class='ocrx_word' id='word_1_627' title='bbox 3147 2342 3260 2396; x_wconf 85' lang='lat' dir='ltr'><strong>suis</strong></span> <span class='ocrx_word' id='word_1_628' title='bbox 3291 2344 3624 2412; x_wconf 75' lang='lat' dir='ltr'><strong>temporibus</strong></span> <span class='ocrx_word' id='word_1_629' title='bbox 3654 2345 3776 2414; x_wconf 86' lang='lat' dir='ltr'><strong>pie-</strong></span> 
     </span>
    </p>
   </div>
   <div class='ocr_carea' id='block_1_84' title="bbox 2157 2433 3777 2505">
    <p class='ocr_par' dir='ltr' id='par_1_84' title="bbox 2157 2433 3777 2505">
     <span class='ocr_line' id='line_1_84' title="bbox 2157 2433 3777 2505; baseline 0.002 -18"><span class='ocrx_word' id='word_1_630' title='bbox 2157 2434 2250 2487; x_wconf 88' lang='lat' dir='ltr'><strong>tati</strong></span> <span class='ocrx_word' id='word_1_631' title='bbox 2277 2448 2337 2489; x_wconf 90' lang='lat' dir='ltr'><strong>se</strong></span> <span class='ocrx_word' id='word_1_632' title='bbox 2364 2433 2707 2489; x_wconf 87' lang='lat' dir='ltr'><strong>dediderunt.</strong></span> <span class='ocrx_word' id='word_1_633' title='bbox 2757 2436 2834 2490; x_wconf 78' lang='lat' dir='ltr'><strong>Ex</strong></span> <span class='ocrx_word' id='word_1_634' title='bbox 2882 2434 2967 2490; x_wconf 85' lang='lat' dir='ltr'><strong>his</strong></span> <span class='ocrx_word' id='word_1_635' title='bbox 3015 2435 3198 2490; x_wconf 91' lang='lat' dir='ltr'><strong>multis</strong></span> <span class='ocrx_word' id='word_1_636' title='bbox 3232 2435 3602 2505; x_wconf 75' lang='lat' dir='ltr'><strong>primogenitis</strong></span> <span class='ocrx_word' id='word_1_637' title='bbox 3638 2451 3777 2490; x_wconf 89' lang='lat' dir='ltr'><strong>con-</strong></span> 
     </span>
    </p>
   </div>
   <div class='ocr_carea' id='block_1_85' title="bbox 2153 2526 3776 2598">
    <p class='ocr_par' dir='ltr' id='par_1_85' title="bbox 2153 2526 3776 2598">
     <span class='ocr_line' id='line_1_85' title="bbox 2153 2526 3776 2598; baseline 0.001 -19"><span class='ocrx_word' id='word_1_638' title='bbox 2153 2535 2367 2596; x_wconf 82' lang='lat' dir='ltr'><strong>gregata</strong></span> <span class='ocrx_word' id='word_1_639' title='bbox 2407 2538 2491 2580; x_wconf 86' lang='lat' dir='ltr'><strong>est</strong></span> <span class='ocrx_word' id='word_1_640' title='bbox 2522 2526 2762 2582; x_wconf 88' lang='lat' dir='ltr'><strong>Ecclesia</strong></span> <span class='ocrx_word' id='word_1_641' title='bbox 2795 2542 3007 2597; x_wconf 83' lang='lat' dir='ltr'><strong>magna,</strong></span> <span class='ocrx_word' id='word_1_642' title='bbox 3040 2541 3159 2598; x_wconf 68' lang='lat' dir='ltr'><strong>qua:</strong></span> <span class='ocrx_word' id='word_1_643' title='bbox 3186 2536 3269 2582; x_wconf 89' lang='lat' dir='ltr'><strong>est</strong></span> <span class='ocrx_word' id='word_1_644' title='bbox 3299 2527 3352 2582; x_wconf 91' lang='lat' dir='ltr'><strong>in</strong></span> <span class='ocrx_word' id='word_1_645' title='bbox 3396 2527 3550 2581; x_wconf 74' lang='lat' dir='ltr'><strong>cmlo.</strong></span> <span class='ocrx_word' id='word_1_646' title='bbox 3591 2527 3776 2580; x_wconf 80' lang='lat' dir='ltr'><strong>Testi—</strong></span> 
     </span>
    </p>
   </div>
   <div class='ocr_carea' id='block_1_86' title="bbox 2155 2617 3773 2682">
    <p class='ocr_par' dir='ltr' id='par_1_86' title="bbox 2155 2617 3773 2682">
     <span class='ocr_line' id='line_1_86' title="bbox 2155 2617 3773 2682; baseline 0.001 -10"><span class='ocrx_word' id='word_1_647' title='bbox 2155 2621 2346 2673; x_wconf 87' lang='lat' dir='ltr'><strong>licatur</strong></span> <span class='ocrx_word' id='word_1_648' title='bbox 2375 2618 2570 2673; x_wconf 85' lang='lat' dir='ltr'><strong>Paulus</strong></span> <span class='ocrx_word' id='word_1_649' title='bbox 2600 2636 2613 2671; x_wconf 89' lang='lat'><strong>:</strong></span> <span class='ocrx_word' id='word_1_650' title='bbox 2653 2636 2672 2670; x_wconf 76' lang='grc' dir='ltr'>ι</span> <span class='ocrx_word' id='word_1_651' title='bbox 2697 2619 3018 2675; x_wconf 79' lang='lat' dir='ltr'><strong>Accessistis</strong></span> <span class='ocrx_word' id='word_1_652' title='bbox 3060 2619 3128 2675; x_wconf 88' lang='lat' dir='ltr'><strong>ad</strong></span> <span class='ocrx_word' id='word_1_653' title='bbox 3154 2617 3283 2675; x_wconf 87' lang='lat' dir='ltr'><strong>Sion</strong></span> <span class='ocrx_word' id='word_1_654' title='bbox 3307 2629 3568 2682; x_wconf 90' lang='lat' dir='ltr'><strong>montem,</strong></span> <span class='ocrx_word' id='word_1_655' title='bbox 3616 2627 3672 2674; x_wconf 91' lang='lat' dir='ltr'><strong>et</strong></span> <span class='ocrx_word' id='word_1_656' title='bbox 3699 2619 3773 2674; x_wconf 87' lang='lat' dir='ltr'><strong>ad</strong></span> 
     </span>
    </p>
   </div>
   <div class='ocr_carea' id='block_1_87' title="bbox 2155 2710 3774 2776">
    <p class='ocr_par' dir='ltr' id='par_1_87' title="bbox 2155 2710 3774 2776">
     <span class='ocr_line' id='line_1_87' title="bbox 2155 2710 3774 2776; baseline -0.001 -10"><span class='ocrx_word' id='word_1_657' title='bbox 2155 2712 2424 2766; x_wconf 89' lang='lat' dir='ltr'><strong>civitatem</strong></span> <span class='ocrx_word' id='word_1_658' title='bbox 2468 2712 2561 2766; x_wconf 88' lang='lat' dir='ltr'><strong>Dei</strong></span> <span class='ocrx_word' id='word_1_659' title='bbox 2605 2711 2832 2765; x_wconf 89' lang='lat' dir='ltr'><strong>viventis</strong></span> <span class='ocrx_word' id='word_1_660' title='bbox 2879 2711 3210 2776; x_wconf 85' lang='lat' dir='ltr'><strong>Jerusalem,</strong></span> <span class='ocrx_word' id='word_1_661' title='bbox 3266 2719 3321 2765; x_wconf 88' lang='lat' dir='ltr'><strong>et</strong></span> <span class='ocrx_word' id='word_1_662' title='bbox 3364 2712 3429 2764; x_wconf 91' lang='lat' dir='ltr'><strong>ad</strong></span> <span class='ocrx_word' id='word_1_663' title='bbox 3477 2710 3774 2765; x_wconf 87' lang='lat' dir='ltr'><strong>multorum</strong></span> 
     </span>
    </p>
   </div>
   <div class='ocr_carea' id='block_1_88' title="bbox 2158 2801 3775 2873">
    <p class='ocr_par' dir='ltr' id='par_1_88' title="bbox 2158 2801 3775 2873">
     <span class='ocr_line' id='line_1_88' title="bbox 2158 2801 3775 2873; baseline 0.001 -18"><span class='ocrx_word' id='word_1_664' title='bbox 2158 2803 2386 2856; x_wconf 89' lang='lat' dir='ltr'><strong>millium</strong></span> <span class='ocrx_word' id='word_1_665' title='bbox 2431 2801 3174 2873; x_wconf 83' lang='lat' dir='ltr'><strong>angelorumfrequentiam,</strong></span> <span class='ocrx_word' id='word_1_666' title='bbox 3219 2816 3273 2858; x_wconf 90' lang='lat' dir='ltr'><strong>et</strong></span> <span class='ocrx_word' id='word_1_667' title='bbox 3315 2802 3610 2857; x_wconf 84' lang='lat' dir='ltr'><strong>Ecclesiam</strong></span> <span class='ocrx_word' id='word_1_668' title='bbox 3662 2804 3775 2871; x_wconf 82' lang='lat' dir='ltr'><strong>pri-</strong></span> 
     </span>
    </p>
   </div>
   <div class='ocr_carea' id='block_1_89' title="bbox 2157 2893 3770 2965">
    <p class='ocr_par' dir='ltr' id='par_1_89' title="bbox 2157 2893 3770 2965">
     <span class='ocr_line' id='line_1_89' title="bbox 2157 2893 3770 2965; baseline 0.002 -18"><span class='ocrx_word' id='word_1_669' title='bbox 2157 2895 2486 2960; x_wconf 84' lang='lat' dir='ltr'><strong>mitivorum,</strong></span> <span class='ocrx_word' id='word_1_670' title='bbox 2532 2898 2620 2965; x_wconf 89' lang='lat' dir='ltr'><strong>qui</strong></span> <span class='ocrx_word' id='word_1_671' title='bbox 2648 2896 2937 2964; x_wconf 90' lang='lat' dir='ltr'><strong>conscripti</strong></span> <span class='ocrx_word' id='word_1_672' title='bbox 2967 2897 3168 2950; x_wconf 88' lang='lat' dir='ltr'><strong>suntin</strong></span> <span class='ocrx_word' id='word_1_673' title='bbox 3197 2896 3340 2950; x_wconf 71' lang='lat' dir='ltr'><strong>czclis</strong></span> <span class='ocrx_word' id='word_1_674' title='bbox 3371 2914 3389 2946; x_wconf 76' lang='grc' dir='ltr'><strong><em>ι</em></strong></span> <span class='ocrx_word' id='word_1_675' title='bbox 3446 2893 3632 2963; x_wconf 82' lang='lat' dir='ltr'><strong>(Hebr.</strong></span> <span class='ocrx_word' id='word_1_676' title='bbox 3675 2897 3770 2950; x_wconf 78' lang='grc'><strong>12.</strong></span> 
     </span>
    </p>
   </div>
   <div class='ocr_carea' id='block_1_90' title="bbox 2155 2986 3770 3057">
    <p class='ocr_par' dir='ltr' id='par_1_90' title="bbox 2155 2986 3770 3057">
     <span class='ocr_line' id='line_1_90' title="bbox 2155 2986 3770 3057; baseline 0.001 -17"><span class='ocrx_word' id='word_1_677' title='bbox 2155 2986 2274 3056; x_wconf 89' lang='grc'><strong>22).</strong></span> <span class='ocrx_word' id='word_1_678' title='bbox 2349 2988 2833 3057; x_wconf 86' lang='lat' dir='ltr'><strong>Primogenitorum</strong></span> <span class='ocrx_word' id='word_1_679' title='bbox 2881 2989 3092 3044; x_wconf 89' lang='lat' dir='ltr'><strong>illorum</strong></span> <span class='ocrx_word' id='word_1_680' title='bbox 3145 3002 3282 3042; x_wconf 87' lang='lat' dir='ltr'><strong>unus</strong></span> <span class='ocrx_word' id='word_1_681' title='bbox 3333 2997 3418 3042; x_wconf 87' lang='lat' dir='ltr'><strong>est</strong></span> <span class='ocrx_word' id='word_1_682' title='bbox 3468 2987 3770 3042; x_wconf 85' lang='lat' dir='ltr'><strong>secundum</strong></span> 
     </span>
    </p>
   </div>
   <div class='ocr_carea' id='block_1_91' title="bbox 2157 3080 3768 3150">
    <p class='ocr_par' dir='ltr' id='par_1_91' title="bbox 2157 3080 3768 3150">
     <span class='ocr_line' id='line_1_91' title="bbox 2157 3080 3768 3150; baseline 0.001 -14"><span class='ocrx_word' id='word_1_683' title='bbox 2157 3097 2375 3137; x_wconf 89' lang='lat' dir='ltr'><strong>carnem</strong></span> <span class='ocrx_word' id='word_1_684' title='bbox 2419 3081 2686 3148; x_wconf 87' lang='lat' dir='ltr'><strong>Christus,</strong></span> <span class='ocrx_word' id='word_1_685' title='bbox 2716 3082 3012 3138; x_wconf 89' lang='lat' dir='ltr'><strong>secundum</strong></span> <span class='ocrx_word' id='word_1_686' title='bbox 3052 3081 3386 3137; x_wconf 89' lang='lat' dir='ltr'><strong>divinitatem</strong></span> <span class='ocrx_word' id='word_1_687' title='bbox 3419 3080 3768 3150; x_wconf 83' lang='lat' dir='ltr'><strong>Unigenitus.</strong></span> 
     </span>
    </p>
   </div>
   <div class='ocr_carea' id='block_1_92' title="bbox 2158 3173 3775 3247">
    <p class='ocr_par' dir='ltr' id='par_1_92' title="bbox 2158 3173 3775 3247">
     <span class='ocr_line' id='line_1_92' title="bbox 2158 3173 3775 3247; baseline -0.002 -17"><span class='ocrx_word' id='word_1_688' title='bbox 2158 3177 2292 3245; x_wconf 84' lang='lat' dir='ltr'><strong>Quia</strong></span> <span class='ocrx_word' id='word_1_689' title='bbox 2340 3177 2485 3231; x_wconf 87' lang='lat' dir='ltr'><strong>enim</strong></span> <span class='ocrx_word' id='word_1_690' title='bbox 2529 3192 2626 3232; x_wconf 90' lang='lat' dir='ltr'><strong>eos</strong></span> <span class='ocrx_word' id='word_1_691' title='bbox 2661 3177 2751 3247; x_wconf 84' lang='lat' dir='ltr'><strong>qui</strong></span> <span class='ocrx_word' id='word_1_692' title='bbox 2796 3191 2892 3245; x_wconf 86' lang='lat' dir='ltr'><strong>per</strong></span> <span class='ocrx_word' id='word_1_693' title='bbox 2938 3176 3176 3246; x_wconf 85' lang='lat' dir='ltr'><strong>singulas</strong></span> <span class='ocrx_word' id='word_1_694' title='bbox 3207 3185 3394 3229; x_wconf 70' lang='lat' dir='ltr'><strong>anates</strong></span> <span class='ocrx_word' id='word_1_695' title='bbox 3421 3173 3775 3243; x_wconf 87' lang='lat' dir='ltr'><strong>profecerunt</strong></span> 
     </span>
    </p>
   </div>
   <div class='ocr_carea' id='block_1_93' title="bbox 2157 3265 3771 3339">
    <p class='ocr_par' dir='ltr' id='par_1_93' title="bbox 2157 3265 3771 3339">
     <span class='ocr_line' id='line_1_93' title="bbox 2157 3265 3771 3339; baseline -0.005 -13"><span class='ocrx_word' id='word_1_696' title='bbox 2157 3272 2402 3334; x_wconf 82' lang='lat' dir='ltr'><strong>assumit,</strong></span> <span class='ocrx_word' id='word_1_697' title='bbox 2448 3286 2573 3326; x_wconf 88' lang='lat' dir='ltr'><strong>cum</strong></span> <span class='ocrx_word' id='word_1_698' title='bbox 2611 3271 2862 3326; x_wconf 86' lang='lat' dir='ltr'><strong>omnibus</strong></span> <span class='ocrx_word' id='word_1_699' title='bbox 2887 3279 2941 3325; x_wconf 92' lang='lat' dir='ltr'><strong>et</strong></span> <span class='ocrx_word' id='word_1_700' title='bbox 2976 3270 3091 3339; x_wconf 85' lang='lat' dir='ltr'><strong>ipse</strong></span> <span class='ocrx_word' id='word_1_701' title='bbox 3121 3266 3506 3338; x_wconf 90' lang='lat' dir='ltr'><strong>primogenitus</strong></span> <span class='ocrx_word' id='word_1_702' title='bbox 3548 3265 3771 3319; x_wconf 90' lang='lat' dir='ltr'><strong>dicitur.</strong></span> 
     </span>
    </p>
   </div>
   <div class='ocr_carea' id='block_1_94' title="bbox 2162 3360 3774 3435">
    <p class='ocr_par' dir='ltr' id='par_1_94' title="bbox 2162 3360 3774 3435">
     <span class='ocr_line' id='line_1_94' title="bbox 2162 3360 3774 3435; baseline -0.004 -16"><span class='ocrx_word' id='word_1_703' title='bbox 2162 3365 2287 3419; x_wconf 89' lang='lat' dir='ltr'><strong>Ideo</strong></span> <span class='ocrx_word' id='word_1_704' title='bbox 2331 3366 2407 3419; x_wconf 90' lang='lat' dir='ltr'><strong>ait</strong></span> <span class='ocrx_word' id='word_1_705' title='bbox 2455 3365 2654 3419; x_wconf 87' lang='lat' dir='ltr'><strong>Paulus</strong></span> <span class='ocrx_word' id='word_1_706' title='bbox 2703 3382 2716 3418; x_wconf 88' lang='lat'>:</span> <span class='ocrx_word' id='word_1_707' title='bbox 2775 3363 3160 3435; x_wconf 80' lang='lat' dir='ltr'><strong>Primogenitus</strong></span> <span class='ocrx_word' id='word_1_708' title='bbox 3203 3363 3258 3414; x_wconf 86' lang='lat' dir='ltr'><strong>in</strong></span> <span class='ocrx_word' id='word_1_709' title='bbox 3305 3360 3475 3413; x_wconf 83' lang='lat' dir='ltr'><strong>multis</strong></span> <span class='ocrx_word' id='word_1_710' title='bbox 3523 3360 3774 3427; x_wconf 77' lang='lat' dir='ltr'><strong>fratribus</strong></span> 
     </span>
    </p>
   </div>
   <div class='ocr_carea' id='block_1_95' title="bbox 2161 3451 3771 3526">
    <p class='ocr_par' dir='ltr' id='par_1_95' title="bbox 2161 3451 3771 3526">
     <span class='ocr_line' id='line_1_95' title="bbox 2161 3451 3771 3526; baseline -0.003 -17"><span class='ocrx_word' id='word_1_711' title='bbox 2161 3455 2542 3526; x_wconf 74' lang='lat' dir='ltr'><strong>(Rom.8.29).</strong></span> <span class='ocrx_word' id='word_1_712' title='bbox 2574 3455 2770 3510; x_wconf 85' lang='lat' dir='ltr'><strong>Verum</strong></span> <span class='ocrx_word' id='word_1_713' title='bbox 2808 3455 2877 3510; x_wconf 90' lang='lat' dir='ltr'><strong>de</strong></span> <span class='ocrx_word' id='word_1_714' title='bbox 2905 3455 3122 3509; x_wconf 90' lang='lat' dir='ltr'><strong>homine</strong></span> <span class='ocrx_word' id='word_1_715' title='bbox 3151 3452 3317 3507; x_wconf 84' lang='lat' dir='ltr'><strong>multa</strong></span> <span class='ocrx_word' id='word_1_716' title='bbox 3347 3451 3451 3505; x_wconf 91' lang='lat' dir='ltr'><strong>dici</strong></span> <span class='ocrx_word' id='word_1_717' title='bbox 3485 3459 3771 3520; x_wconf 87' lang='lat' dir='ltr'><strong>poterant:</strong></span> 
     </span>
    </p>
   </div>
   <div class='ocr_carea' id='block_1_96' title="bbox 2161 3546 3771 3613">
    <p class='ocr_par' dir='ltr' id='par_1_96' title="bbox 2161 3546 3771 3613">
     <span class='ocr_line' id='line_1_96' title="bbox 2161 3546 3771 3613; baseline -0.004 -11"><span class='ocrx_word' id='word_1_718' title='bbox 2161 3555 2409 3602; x_wconf 85' lang='lat' dir='ltr'><strong>servatur</strong></span> <span class='ocrx_word' id='word_1_719' title='bbox 2435 3556 2615 3600; x_wconf 86' lang='lat' dir='ltr'><strong>autem</strong></span> <span class='ocrx_word' id='word_1_720' title='bbox 2641 3546 2915 3601; x_wconf 88' lang='lat' dir='ltr'><strong>enarratio</strong></span> <span class='ocrx_word' id='word_1_721' title='bbox 2946 3547 2998 3600; x_wconf 93' lang='lat' dir='ltr'><strong>in</strong></span> <span class='ocrx_word' id='word_1_722' title='bbox 3025 3546 3168 3600; x_wconf 92' lang='lat' dir='ltr'><strong>diem</strong></span> <span class='ocrx_word' id='word_1_723' title='bbox 3191 3555 3397 3600; x_wconf 80' lang='lat' dir='ltr'><strong>sextam</strong></span> <span class='ocrx_word' id='word_1_724' title='bbox 3425 3554 3771 3613; x_wconf 83' lang='lat' dir='ltr'><strong>sequentem,</strong></span> 
     </span>
    </p>
   </div>
   <div class='ocr_carea' id='block_1_97' title="bbox 2164 3636 3771 3710">
    <p class='ocr_par' dir='ltr' id='par_1_97' title="bbox 2164 3636 3771 3710">
     <span class='ocr_line' id='line_1_97' title="bbox 2164 3636 3771 3710; baseline -0.002 -16"><span class='ocrx_word' id='word_1_725' title='bbox 2164 3641 2218 3695; x_wconf 92' lang='lat' dir='ltr'><strong>in</strong></span> <span class='ocrx_word' id='word_1_726' title='bbox 2255 3656 2362 3710; x_wconf 92' lang='lat' dir='ltr'><strong>qua</strong></span> <span class='ocrx_word' id='word_1_727' title='bbox 2403 3639 2670 3695; x_wconf 85' lang='lat' dir='ltr'><strong>formatus</strong></span> <span class='ocrx_word' id='word_1_728' title='bbox 2714 3649 2816 3705; x_wconf 90' lang='lat' dir='ltr'><strong>est,</strong></span> <span class='ocrx_word' id='word_1_729' title='bbox 2863 3649 2939 3704; x_wconf 89' lang='lat' dir='ltr'><strong>ut,</strong></span> <span class='ocrx_word' id='word_1_730' title='bbox 2979 3648 3305 3710; x_wconf 86' lang='lat' dir='ltr'><strong>cooperante</strong></span> <span class='ocrx_word' id='word_1_731' title='bbox 3345 3636 3522 3692; x_wconf 87' lang='lat' dir='ltr'><strong>divina</strong></span> <span class='ocrx_word' id='word_1_732' title='bbox 3553 3638 3726 3707; x_wconf 85' lang='lat' dir='ltr'><strong>gratia</strong></span> <span class='ocrx_word' id='word_1_733' title='bbox 3753 3677 3771 3701; x_wconf 89' lang='lat'><strong>,</strong></span> 
     </span>
    </p>
   </div>
   <div class='ocr_carea' id='block_1_98' title="bbox 2163 3729 3776 3801">
    <p class='ocr_par' dir='ltr' id='par_1_98' title="bbox 2163 3729 3776 3801">
     <span class='ocr_line' id='line_1_98' title="bbox 2163 3729 3776 3801; baseline -0.002 -16"><span class='ocrx_word' id='word_1_734' title='bbox 2163 3732 2382 3797; x_wconf 86' lang='lat' dir='ltr'><strong>clarior,</strong></span> <span class='ocrx_word' id='word_1_735' title='bbox 2415 3747 2512 3801; x_wconf 93' lang='lat' dir='ltr'><strong>pro</strong></span> <span class='ocrx_word' id='word_1_736' title='bbox 2540 3733 2680 3786; x_wconf 91' lang='lat' dir='ltr'><strong>virili</strong></span> <span class='ocrx_word' id='word_1_737' title='bbox 2711 3740 2918 3798; x_wconf 89' lang='lat' dir='ltr'><strong>nostra,</strong></span> <span class='ocrx_word' id='word_1_738' title='bbox 2960 3731 3134 3785; x_wconf 90' lang='lat' dir='ltr'><strong>oratio</strong></span> <span class='ocrx_word' id='word_1_739' title='bbox 3164 3729 3385 3793; x_wconf 81' lang='lat' dir='ltr'><strong>evadat;</strong></span> <span class='ocrx_word' id='word_1_740' title='bbox 3435 3743 3540 3782; x_wconf 90' lang='lat' dir='ltr'><strong>non</strong></span> <span class='ocrx_word' id='word_1_741' title='bbox 3591 3743 3658 3782; x_wconf 78' lang='lat' dir='ltr'><strong>ex</strong></span> <span class='ocrx_word' id='word_1_742' title='bbox 3709 3729 3776 3782; x_wconf 89' lang='lat' dir='ltr'><strong>iis</strong></span> 
     </span>
    </p>
   </div>
   <div class='ocr_carea' id='block_1_99' title="bbox 2162 3820 3777 3894">
    <p class='ocr_par' dir='ltr' id='par_1_99' title="bbox 2162 3820 3777 3894">
     <span class='ocr_line' id='line_1_99' title="bbox 2162 3820 3777 3894; baseline -0.002 -18"><span class='ocrx_word' id='word_1_743' title='bbox 2162 3839 2282 3893; x_wconf 76' lang='lat' dir='ltr'><strong>qua:</strong></span> <span class='ocrx_word' id='word_1_744' title='bbox 2308 3823 2559 3894; x_wconf 87' lang='lat' dir='ltr'><strong>cogitatio</strong></span> <span class='ocrx_word' id='word_1_745' title='bbox 2590 3833 2770 3878; x_wconf 88' lang='lat' dir='ltr'><strong>nostra</strong></span> <span class='ocrx_word' id='word_1_746' title='bbox 2799 3821 3181 3894; x_wconf 85' lang='lat' dir='ltr'><strong>suppeditabit,</strong></span> <span class='ocrx_word' id='word_1_747' title='bbox 3218 3821 3315 3875; x_wconf 87' lang='lat' dir='ltr'><strong>sed</strong></span> <span class='ocrx_word' id='word_1_748' title='bbox 3345 3835 3409 3874; x_wconf 80' lang='lat' dir='ltr'><strong>ex</strong></span> <span class='ocrx_word' id='word_1_749' title='bbox 3450 3821 3515 3873; x_wconf 92' lang='lat' dir='ltr'><strong>iis</strong></span> <span class='ocrx_word' id='word_1_750' title='bbox 3539 3835 3662 3889; x_wconf 80' lang='lat' dir='ltr'><strong>qua:</strong></span> <span class='ocrx_word' id='word_1_751' title='bbox 3691 3820 3777 3873; x_wconf 86' lang='lat' dir='ltr'><strong>di-</strong></span> 
     </span>
    </p>
   </div>
   <div class='ocr_carea' id='block_1_100' title="bbox 2162 3910 3777 3983">
    <p class='ocr_par' dir='ltr' id='par_1_100' title="bbox 2162 3910 3777 3983">
     <span class='ocr_line' id='line_1_100' title="bbox 2162 3910 3777 3983; baseline -0.003 -16"><span class='ocrx_word' id='word_1_752' title='bbox 2162 3913 2408 3970; x_wconf 89' lang='lat' dir='ltr'><strong>dicimus.</strong></span> <span class='ocrx_word' id='word_1_753' title='bbox 2460 3915 2775 3969; x_wconf 87' lang='lat' dir='ltr'><strong>Communis</strong></span> <span class='ocrx_word' id='word_1_754' title='bbox 2802 3915 2998 3983; x_wconf 92' lang='lat' dir='ltr'><strong>quippe</strong></span> <span class='ocrx_word' id='word_1_755' title='bbox 3027 3911 3148 3966; x_wconf 91' lang='lat' dir='ltr'><strong>fons</strong></span> <span class='ocrx_word' id='word_1_756' title='bbox 3173 3921 3290 3975; x_wconf 81' lang='lat' dir='ltr'><strong>est;</strong></span> <span class='ocrx_word' id='word_1_757' title='bbox 3318 3910 3627 3964; x_wconf 89' lang='lat' dir='ltr'><strong>communia</strong></span> <span class='ocrx_word' id='word_1_758' title='bbox 3655 3925 3777 3964; x_wconf 80' lang='lat' dir='ltr'><strong>om-</strong></span> 
     </span>
    </p>
   </div>
   <div class='ocr_carea' id='block_1_101' title="bbox 2165 4002 3777 4075">
    <p class='ocr_par' dir='ltr' id='par_1_101' title="bbox 2165 4002 3777 4075">
     <span class='ocr_line' id='line_1_101' title="bbox 2165 4002 3777 4075; baseline -0.001 -19"><span class='ocrx_word' id='word_1_759' title='bbox 2165 4006 2251 4058; x_wconf 92' lang='lat' dir='ltr'><strong>nia</strong></span> <span class='ocrx_word' id='word_1_760' title='bbox 2290 4006 2565 4075; x_wconf 90' lang='lat' dir='ltr'><strong>proposita</strong></span> <span class='ocrx_word' id='word_1_761' title='bbox 2607 4005 2772 4070; x_wconf 87' lang='lat' dir='ltr'><strong>dona,</strong></span> <span class='ocrx_word' id='word_1_762' title='bbox 2814 4005 2858 4057; x_wconf 87' lang='lat' dir='ltr'><strong>si</strong></span> <span class='ocrx_word' id='word_1_763' title='bbox 2903 4003 3064 4057; x_wconf 92' lang='lat' dir='ltr'><strong>modo</strong></span> <span class='ocrx_word' id='word_1_764' title='bbox 3097 4017 3196 4057; x_wconf 88' lang='lat' dir='ltr'><strong>nos</strong></span> <span class='ocrx_word' id='word_1_765' title='bbox 3221 4002 3449 4056; x_wconf 87' lang='lat' dir='ltr'><strong>velimus</strong></span> <span class='ocrx_word' id='word_1_766' title='bbox 3475 4015 3597 4054; x_wconf 89' lang='lat' dir='ltr'><strong>cum</strong></span> <span class='ocrx_word' id='word_1_767' title='bbox 3625 4002 3777 4055; x_wconf 90' lang='lat' dir='ltr'><strong>omni</strong></span> 
     </span>
    </p>
   </div>
   <div class='ocr_carea' id='block_1_102' title="bbox 2165 4093 3779 4154">
    <p class='ocr_par' dir='ltr' id='par_1_102' title="bbox 2165 4093 3779 4154">
     <span class='ocr_line' id='line_1_102' title="bbox 2165 4093 3779 4154; baseline -0.003 -2"><span class='ocrx_word' id='word_1_768' title='bbox 2165 4100 2443 4154; x_wconf 88' lang='lat' dir='ltr'><strong>alacritate</strong></span> <span class='ocrx_word' id='word_1_769' title='bbox 2469 4095 2705 4152; x_wconf 91' lang='lat' dir='ltr'><strong>studium</strong></span> <span class='ocrx_word' id='word_1_770' title='bbox 2736 4096 3016 4151; x_wconf 88' lang='lat' dir='ltr'><strong>adhibere.</strong></span> <span class='ocrx_word' id='word_1_771' title='bbox 3066 4093 3385 4150; x_wconf 89' lang='lat' dir='ltr'><strong>Sermonem</strong></span> <span class='ocrx_word' id='word_1_772' title='bbox 3429 4103 3612 4147; x_wconf 85' lang='lat' dir='ltr'><strong>autem</strong></span> <span class='ocrx_word' id='word_1_773' title='bbox 3653 4107 3779 4147; x_wconf 81' lang='lat' dir='ltr'><strong>ver-</strong></span> 
     </span>
    </p>
   </div>
   <div class='ocr_carea' id='block_1_103' title="bbox 2168 4189 3113 4246">
    <p class='ocr_par' dir='ltr' id='par_1_103' title="bbox 2168 4189 3113 4246">
     <span class='ocr_line' id='line_1_103' title="bbox 2168 4189 3113 4246; baseline -0.004 -1"><span class='ocrx_word' id='word_1_774' title='bbox 2168 4204 2341 4246; x_wconf 87' lang='lat' dir='ltr'><strong>tamus</strong></span> <span class='ocrx_word' id='word_1_775' title='bbox 2367 4191 2434 4245; x_wconf 88' lang='lat' dir='ltr'><strong>ad</strong></span> <span class='ocrx_word' id='word_1_776' title='bbox 2462 4205 2671 4245; x_wconf 90' lang='lat' dir='ltr'><strong>morum</strong></span> <span class='ocrx_word' id='word_1_777' title='bbox 2704 4189 3113 4245; x_wconf 91' lang='lat' dir='ltr'><strong>institutionem.</strong></span> 
     </span>
    </p>
   </div>
   <div class='ocr_carea' id='block_1_104' title="bbox 2238 4277 3779 4352">
    <p class='ocr_par' dir='ltr' id='par_1_104' title="bbox 2238 4277 3779 4352">
     <span class='ocr_line' id='line_1_104' title="bbox 2238 4277 3779 4352; baseline -0.005 -12"><span class='ocrx_word' id='word_1_778' title='bbox 2238 4284 2291 4340; x_wconf 89' lang='lat'><strong>9.</strong></span> <span class='ocrx_word' id='word_1_779' title='bbox 2335 4283 2460 4339; x_wconf 89' lang='lat' dir='ltr'><strong>lleri</strong></span> <span class='ocrx_word' id='word_1_780' title='bbox 2495 4283 2829 4338; x_wconf 86' lang='lat' dir='ltr'><strong>ostendimus</strong></span> <span class='ocrx_word' id='word_1_781' title='bbox 2860 4280 3132 4352; x_wconf 89' lang='lat' dir='ltr'><strong>quomodo</strong></span> <span class='ocrx_word' id='word_1_782' title='bbox 3173 4293 3294 4335; x_wconf 88' lang='lat' dir='ltr'><strong>esse</strong></span> <span class='ocrx_word' id='word_1_783' title='bbox 3322 4277 3516 4331; x_wconf 89' lang='lat' dir='ltr'><strong>debeat</strong></span> <span class='ocrx_word' id='word_1_784' title='bbox 3543 4277 3779 4332; x_wconf 83' lang='lat' dir='ltr'><strong>elevatio</strong></span> 
     </span>
    </p>
   </div>
   <div class='ocr_carea' id='block_1_105' title="bbox 2167 4368 3774 4449">
    <p class='ocr_par' dir='ltr' id='par_1_105' title="bbox 2167 4368 3774 4449">
     <span class='ocr_line' id='line_1_105' title="bbox 2167 4368 3774 4449; baseline -0.007 -15"><span class='ocrx_word' id='word_1_785' title='bbox 2167 4395 2422 4434; x_wconf 87' lang='lat' dir='ltr'><strong>manumn</strong></span> <span class='ocrx_word' id='word_1_786' title='bbox 2452 4378 2635 4449; x_wconf 86' lang='lat' dir='ltr'><strong>pietati</strong></span> <span class='ocrx_word' id='word_1_787' title='bbox 2660 4377 2958 4430; x_wconf 89' lang='lat' dir='ltr'><strong>fidentium.</strong></span> <span class='ocrx_word' id='word_1_788' title='bbox 2981 4374 3082 4441; x_wconf 88' lang='lat' dir='ltr'><strong>Qui</strong></span> <span class='ocrx_word' id='word_1_789' title='bbox 3108 4372 3201 4425; x_wconf 85' lang='lat' dir='ltr'><strong>dat</strong></span> <span class='ocrx_word' id='word_1_790' title='bbox 3222 4368 3565 4441; x_wconf 83' lang='lat' dir='ltr'><strong>pauperibus,</strong></span> <span class='ocrx_word' id='word_1_791' title='bbox 3592 4369 3736 4423; x_wconf 84' lang='lat' dir='ltr'><strong>dicat</strong></span> <span class='ocrx_word' id='word_1_792' title='bbox 3761 4387 3774 4422; x_wconf 92' lang='lat'><strong>:</strong></span> 
     </span>
    </p>
   </div>
   <div class='ocr_carea' id='block_1_106' title="bbox 2169 4460 3779 4535">
    <p class='ocr_par' dir='ltr' id='par_1_106' title="bbox 2169 4460 3779 4535">
     <span class='ocr_line' id='line_1_106' title="bbox 2169 4460 3779 4535; baseline -0.007 -9"><span class='ocrx_word' id='word_1_793' title='bbox 2169 4471 2398 4526; x_wconf 82' lang='lat' dir='ltr'><strong>Eleuatio</strong></span> <span class='ocrx_word' id='word_1_794' title='bbox 2424 4486 2668 4523; x_wconf 90' lang='lat' dir='ltr'><strong>manuum</strong></span> <span class='ocrx_word' id='word_1_795' title='bbox 2701 4482 2929 4522; x_wconf 85' lang='lat' dir='ltr'><strong>mearum</strong></span> <span class='ocrx_word' id='word_1_796' title='bbox 2956 4463 3131 4535; x_wconf 86' lang='lat' dir='ltr'><strong>(Psal.</strong></span> <span class='ocrx_word' id='word_1_797' title='bbox 3165 4463 3286 4518; x_wconf 83' lang='grc'><strong>140.</strong></span> <span class='ocrx_word' id='word_1_798' title='bbox 3318 4461 3399 4531; x_wconf 86' lang='grc'><strong>2).</strong></span> <span class='ocrx_word' id='word_1_799' title='bbox 3431 4461 3533 4528; x_wconf 86' lang='lat' dir='ltr'><strong>Qui</strong></span> <span class='ocrx_word' id='word_1_800' title='bbox 3565 4460 3779 4529; x_wconf 87' lang='lat' dir='ltr'><strong>lapsum</strong></span> 
     </span>
    </p>
   </div>
   <div class='ocr_carea' id='block_1_107' title="bbox 2171 4552 3780 4633">
    <p class='ocr_par' dir='ltr' id='par_1_107' title="bbox 2171 4552 3780 4633">
     <span class='ocr_line' id='line_1_107' title="bbox 2171 4552 3780 4633; baseline -0.008 -14"><span class='ocrx_word' id='word_1_801' title='bbox 2171 4565 2344 4633; x_wconf 87' lang='lat' dir='ltr'><strong>erigit,</strong></span> <span class='ocrx_word' id='word_1_802' title='bbox 2391 4562 2554 4623; x_wconf 87' lang='lat' dir='ltr'><strong>dicat,</strong></span> <span class='ocrx_word' id='word_1_803' title='bbox 2600 4560 2829 4614; x_wconf 82' lang='lat' dir='ltr'><strong>Elevatio</strong></span> <span class='ocrx_word' id='word_1_804' title='bbox 2870 4573 3117 4611; x_wconf 86' lang='lat' dir='ltr'><strong>manuum</strong></span> <span class='ocrx_word' id='word_1_805' title='bbox 3155 4569 3404 4608; x_wconf 85' lang='lat' dir='ltr'><strong>mearum.</strong></span> <span class='ocrx_word' id='word_1_806' title='bbox 3455 4552 3780 4619; x_wconf 63' lang='lat' dir='ltr'><strong>Quaeramus</strong></span> 
     </span>
    </p>
   </div>
   <div class='ocr_carea' id='block_1_108' title="bbox 2172 4644 3781 4723">
    <p class='ocr_par' dir='ltr' id='par_1_108' title="bbox 2172 4644 3781 4723">
     <span class='ocr_line' id='line_1_108' title="bbox 2172 4644 3781 4723; baseline -0.008 -14"><span class='ocrx_word' id='word_1_807' title='bbox 2172 4655 2367 4710; x_wconf 82' lang='lat' dir='ltr'><strong>Psalmi</strong></span> <span class='ocrx_word' id='word_1_808' title='bbox 2396 4652 2731 4723; x_wconf 72' lang='lat' dir='ltr'><strong>prooemium,</strong></span> <span class='ocrx_word' id='word_1_809' title='bbox 2758 4646 3188 4721; x_wconf 87' lang='lat' dir='ltr'><strong>quandoquidem</strong></span> <span class='ocrx_word' id='word_1_810' title='bbox 3213 4659 3308 4714; x_wconf 86' lang='lat' dir='ltr'><strong>par</strong></span> <span class='ocrx_word' id='word_1_811' title='bbox 3328 4652 3410 4698; x_wconf 91' lang='lat' dir='ltr'><strong>est</strong></span> <span class='ocrx_word' id='word_1_812' title='bbox 3427 4658 3490 4697; x_wconf 87' lang='lat' dir='ltr'><strong>ea</strong></span> <span class='ocrx_word' id='word_1_813' title='bbox 3518 4657 3618 4696; x_wconf 85' lang='lat' dir='ltr'><strong>nos</strong></span> <span class='ocrx_word' id='word_1_814' title='bbox 3638 4644 3781 4696; x_wconf 80' lang='lat' dir='ltr'><strong>scire</strong></span> 
     </span>
    </p>
   </div>
   <div class='ocr_carea' id='block_1_109' title="bbox 2171 4733 3782 4816">
    <p class='ocr_par' dir='ltr' id='par_1_109' title="bbox 2171 4733 3782 4816">
     <span class='ocr_line' id='line_1_109' title="bbox 2171 4733 3782 4816; baseline -0.01 -17"><span class='ocrx_word' id='word_1_815' title='bbox 2171 4762 2291 4816; x_wconf 63' lang='lat' dir='ltr'><strong>quae</strong></span> <span class='ocrx_word' id='word_1_816' title='bbox 2320 4745 2615 4815; x_wconf 83' lang='lat' dir='ltr'><strong>psallimus.</strong></span> <span class='ocrx_word' id='word_1_817' title='bbox 2647 4741 2756 4796; x_wconf 86' lang='lat' dir='ltr'><strong>Cur</strong></span> <span class='ocrx_word' id='word_1_818' title='bbox 2781 4740 3029 4804; x_wconf 90' lang='lat' dir='ltr'><strong>dicimus,</strong></span> <span class='ocrx_word' id='word_1_819' title='bbox 3047 4736 3320 4806; x_wconf 85' lang='lat' dir='ltr'><strong>Dirigatur</strong></span> <span class='ocrx_word' id='word_1_820' title='bbox 3349 4733 3512 4787; x_wconf 83' lang='lat' dir='ltr'><strong>oratio</strong></span> <span class='ocrx_word' id='word_1_821' title='bbox 3543 4749 3654 4785; x_wconf 86' lang='lat' dir='ltr'><strong>mea</strong></span> <span class='ocrx_word' id='word_1_822' title='bbox 3681 4733 3782 4786; x_wconf 81' lang='lat' dir='ltr'><strong>sic-</strong></span> 
     </span>
    </p>
   </div>
   <div class='ocr_carea' id='block_1_110' title="bbox 2173 4823 3778 4903">
    <p class='ocr_par' dir='ltr' id='par_1_110' title="bbox 2173 4823 3778 4903">
     <span class='ocr_line' id='line_1_110' title="bbox 2173 4823 3778 4903; baseline -0.009 -13"><span class='ocrx_word' id='word_1_823' title='bbox 2173 4849 2224 4890; x_wconf 89' lang='lat' dir='ltr'><strong>ut</strong></span> <span class='ocrx_word' id='word_1_824' title='bbox 2270 4839 2526 4891; x_wconf 85' lang='lat' dir='ltr'><strong>inccnsum</strong></span> <span class='ocrx_word' id='word_1_825' title='bbox 2564 4835 2616 4888; x_wconf 88' lang='lat' dir='ltr'><strong>in</strong></span> <span class='ocrx_word' id='word_1_826' title='bbox 2661 4840 2931 4903; x_wconf 84' lang='lat' dir='ltr'><strong>conspectu</strong></span> <span class='ocrx_word' id='word_1_827' title='bbox 2975 4828 3103 4882; x_wconf 78' lang='lat' dir='ltr'><strong>tuo?</strong></span> <span class='ocrx_word' id='word_1_828' title='bbox 3146 4826 3262 4881; x_wconf 83' lang='lat' dir='ltr'><strong>Non</strong></span> <span class='ocrx_word' id='word_1_829' title='bbox 3302 4825 3446 4879; x_wconf 89' lang='lat' dir='ltr'><strong>enim</strong></span> <span class='ocrx_word' id='word_1_830' title='bbox 3494 4823 3778 4878; x_wconf 83' lang='lat' dir='ltr'><strong>incensum</strong></span> 
     </span>
    </p>
   </div>
   <div class='ocr_carea' id='block_1_111' title="bbox 2172 4913 3781 4996">
    <p class='ocr_par' dir='ltr' id='par_1_111' title="bbox 2172 4913 3781 4996">
     <span class='ocr_line' id='line_1_111' title="bbox 2172 4913 3781 4996; baseline -0.015 -7"><span class='ocrx_word' id='word_1_831' title='bbox 2172 4947 2333 4989; x_wconf 90' lang='lat' dir='ltr'><strong>omne</strong></span> <span class='ocrx_word' id='word_1_832' title='bbox 2359 4945 2465 4984; x_wconf 90' lang='lat' dir='ltr'><strong>nou</strong></span> <span class='ocrx_word' id='word_1_833' title='bbox 2493 4927 2774 4996; x_wconf 88' lang='lat' dir='ltr'><strong>dirigitur:</strong></span> <span class='ocrx_word' id='word_1_834' title='bbox 2811 4924 2952 4979; x_wconf 87' lang='lat' dir='ltr'><strong>Deus</strong></span> <span class='ocrx_word' id='word_1_835' title='bbox 2994 4919 3193 4990; x_wconf 90' lang='lat' dir='ltr'><strong>quippe</strong></span> <span class='ocrx_word' id='word_1_836' title='bbox 3223 4925 3622 4987; x_wconf 85' lang='lat' dir='ltr'><strong>unguentorum</strong></span> <span class='ocrx_word' id='word_1_837' title='bbox 3667 4913 3781 4966; x_wconf 86' lang='lat' dir='ltr'><strong>fra-</strong></span> 
     </span>
    </p>
   </div>
   <div class='ocr_carea' id='block_1_112' title="bbox 2174 5005 3785 5093">
    <p class='ocr_par' dir='ltr' id='par_1_112' title="bbox 2174 5005 3785 5093">
     <span class='ocr_line' id='line_1_112' title="bbox 2174 5005 3785 5093; baseline -0.014 -15"><span class='ocrx_word' id='word_1_838' title='bbox 2174 5024 2382 5093; x_wconf 86' lang='lat' dir='ltr'><strong>grantia</strong></span> <span class='ocrx_word' id='word_1_839' title='bbox 2423 5036 2528 5074; x_wconf 91' lang='lat' dir='ltr'><strong>non</strong></span> <span class='ocrx_word' id='word_1_840' title='bbox 2569 5018 2885 5071; x_wconf 80' lang='lat' dir='ltr'><strong>delectatur.</strong></span> <span class='ocrx_word' id='word_1_841' title='bbox 2917 5011 3053 5079; x_wconf 90' lang='lat' dir='ltr'><strong>Quid</strong></span> <span class='ocrx_word' id='word_1_842' title='bbox 3087 5010 3246 5080; x_wconf 86' lang='lat' dir='ltr'><strong>igitur</strong></span> <span class='ocrx_word' id='word_1_843' title='bbox 3274 5018 3357 5064; x_wconf 88' lang='lat' dir='ltr'><strong>est</strong></span> <span class='ocrx_word' id='word_1_844' title='bbox 3386 5007 3540 5072; x_wconf 89' lang='lat' dir='ltr'><strong>illud,</strong></span> <span class='ocrx_word' id='word_1_845' title='bbox 3569 5005 3785 5075; x_wconf 78' lang='lat' dir='ltr'><strong>Dirigu-</strong></span> 
     </span>
    </p>
   </div>
   <div class='ocr_carea' id='block_1_113' title="bbox 2178 5097 3785 5169">
    <p class='ocr_par' dir='ltr' id='par_1_113' title="bbox 2178 5097 3785 5169">
     <span class='ocr_line' id='line_1_113' title="bbox 2178 5097 3785 5169; baseline -0.012 0"><span class='ocrx_word' id='word_1_846' title='bbox 2178 5125 2259 5169; x_wconf 90' lang='lat' dir='ltr'><strong>tur</strong></span> <span class='ocrx_word' id='word_1_847' title='bbox 2289 5115 2451 5168; x_wconf 85' lang='lat' dir='ltr'><strong>oratio</strong></span> <span class='ocrx_word' id='word_1_848' title='bbox 2474 5109 2623 5163; x_wconf 86' lang='lat' dir='ltr'><strong>mea?</strong></span> <span class='ocrx_word' id='word_1_849' title='bbox 2652 5105 2924 5161; x_wconf 86' lang='lat' dir='ltr'><strong>Articulus</strong></span> <span class='ocrx_word' id='word_1_850' title='bbox 2943 5103 3117 5165; x_wconf 90' lang='lat' dir='ltr'><strong>deest,</strong></span> <span class='ocrx_word' id='word_1_851' title='bbox 3149 5102 3220 5156; x_wconf 84' lang='lat' dir='ltr'><strong>ita</strong></span> <span class='ocrx_word' id='word_1_852' title='bbox 3250 5109 3309 5154; x_wconf 90' lang='lat' dir='ltr'><strong>ut</strong></span> <span class='ocrx_word' id='word_1_853' title='bbox 3334 5112 3529 5156; x_wconf 79' lang='lat' dir='ltr'><strong>sensus</strong></span> <span class='ocrx_word' id='word_1_854' title='bbox 3555 5097 3687 5151; x_wconf 91' lang='lat' dir='ltr'><strong>dicti</strong></span> <span class='ocrx_word' id='word_1_855' title='bbox 3715 5099 3785 5150; x_wconf 77' lang='lat' dir='ltr'><strong>sit</strong></span> 
     </span>
    </p>
   </div>
   <div class='ocr_carea' id='block_1_114' title="bbox 2177 5191 3782 5272">
    <p class='ocr_par' dir='ltr' id='par_1_114' title="bbox 2177 5191 3782 5272">
     <span class='ocr_line' id='line_1_114' title="bbox 2177 5191 3782 5272; baseline -0.015 -9"><span class='ocrx_word' id='word_1_856' title='bbox 2177 5209 2300 5263; x_wconf 85' lang='lat' dir='ltr'><strong>talis</strong></span> <span class='ocrx_word' id='word_1_857' title='bbox 2339 5227 2351 5262; x_wconf 86' lang='lat'><strong>:</strong></span> <span class='ocrx_word' id='word_1_858' title='bbox 2385 5203 2650 5272; x_wconf 86' lang='lat' dir='ltr'><strong>Dirigatur</strong></span> <span class='ocrx_word' id='word_1_859' title='bbox 2665 5198 2828 5251; x_wconf 85' lang='lat' dir='ltr'><strong>oratio</strong></span> <span class='ocrx_word' id='word_1_860' title='bbox 2848 5211 2960 5249; x_wconf 83' lang='lat' dir='ltr'><strong>mea</strong></span> <span class='ocrx_word' id='word_1_861' title='bbox 2989 5194 3120 5248; x_wconf 83' lang='lat' dir='ltr'><strong>sicut</strong></span> <span class='ocrx_word' id='word_1_862' title='bbox 3151 5196 3412 5246; x_wconf 78' lang='lat' dir='ltr'><strong>incensum</strong></span> <span class='ocrx_word' id='word_1_863' title='bbox 3437 5191 3489 5241; x_wconf 92' lang='lat' dir='ltr'><strong>in</strong></span> <span class='ocrx_word' id='word_1_864' title='bbox 3508 5199 3782 5257; x_wconf 68' lang='lat' dir='ltr'><strong>conspectu</strong></span> 
     </span>
    </p>
   </div>
   <div class='ocr_carea' id='block_1_115' title="bbox 2180 5280 3782 5366">
    <p class='ocr_par' dir='ltr' id='par_1_115' title="bbox 2180 5280 3782 5366">
     <span class='ocr_line' id='line_1_115' title="bbox 2180 5280 3782 5366; baseline -0.014 -12"><span class='ocrx_word' id='word_1_865' title='bbox 2180 5310 2287 5354; x_wconf 89' lang='lat' dir='ltr'><strong>tuo.</strong></span> <span class='ocrx_word' id='word_1_866' title='bbox 2319 5297 2487 5366; x_wconf 81' lang='lat' dir='ltr'><strong>Quale</strong></span> <span class='ocrx_word' id='word_1_867' title='bbox 2517 5290 2830 5348; x_wconf 86' lang='lat' dir='ltr'><strong>incensum?</strong></span> <span class='ocrx_word' id='word_1_868' title='bbox 2861 5289 2974 5343; x_wconf 91' lang='lat' dir='ltr'><strong>Duo</strong></span> <span class='ocrx_word' id='word_1_869' title='bbox 3003 5287 3188 5343; x_wconf 81' lang='lat' dir='ltr'><strong>erant&#39;</strong></span> <span class='ocrx_word' id='word_1_870' title='bbox 3217 5284 3400 5338; x_wconf 84' lang='lat' dir='ltr'><strong>altaria</strong></span> <span class='ocrx_word' id='word_1_871' title='bbox 3430 5283 3482 5335; x_wconf 90' lang='lat' dir='ltr'><strong>in</strong></span> <span class='ocrx_word' id='word_1_872' title='bbox 3527 5280 3782 5350; x_wconf 70' lang='lat' dir='ltr'><strong>taberna-</strong></span> 
     </span>
    </p>
   </div>
   <div class='ocr_carea' id='block_1_116' title="bbox 2246 5388 3781 5466">
    <p class='ocr_par' dir='ltr' id='par_1_116' title="bbox 2246 5388 3781 5466">
     <span class='ocr_line' id='line_1_116' title="bbox 2246 5388 3781 5466; baseline -0.016 -5"><span class='ocrx_word' id='word_1_873' title='bbox 2246 5415 2262 5444; x_wconf 73' lang='grc'>⁸</span> <span class='ocrx_word' id='word_1_874' title='bbox 2300 5409 2424 5461; x_wconf 87' lang='lat' dir='ltr'><strong>Illud</strong></span> <span class='ocrx_word' id='word_1_875' title='bbox 2449 5408 2725 5458; x_wconf 89' lang='lat' dir='ltr'><strong>membrum</strong></span> <span class='ocrx_word' id='word_1_876' title='bbox 2761 5403 2984 5466; x_wconf 54' lang='lat' dir='ltr'><strong>phrasis,</strong></span> <span class='ocrx_word' id='word_1_877' title='bbox 3011 5395 3254 5466; x_wconf 65' lang='lat' dir='ltr'><strong>Articylus</strong></span> <span class='ocrx_word' id='word_1_878' title='bbox 3279 5395 3521 5466; x_wconf 30' lang='lat' dir='ltr'><strong>deest&quot;:</strong></span> <span class='ocrx_word' id='word_1_879' title='bbox 3641 5389 3781 5466; x_wconf 64' lang='lat' dir='ltr'><strong>talis,</strong></span> 
     </span>
    </p>
   </div>
   <div class='ocr_carea' id='block_1_117' title="bbox 2180 5454 3785 5535">
    <p class='ocr_par' dir='ltr' id='par_1_117' title="bbox 2180 5454 3785 5535">
     <span class='ocr_line' id='line_1_117' title="bbox 2180 5454 3785 5535; baseline -0.016 -11"><span class='ocrx_word' id='word_1_880' title='bbox 2180 5488 2276 5524; x_wconf 89' lang='lat' dir='ltr'><strong>non</strong></span> <span class='ocrx_word' id='word_1_881' title='bbox 2301 5454 2558 5535; x_wconf 58' lang='lat' dir='ltr'><strong>iégiiu&#39;i‘iii</strong></span> <span class='ocrx_word' id='word_1_882' title='bbox 2583 5454 2720 5535; x_wconf 61' lang='lat' dir='ltr'><strong>savii.</strong></span> <span class='ocrx_word' id='word_1_883' title='bbox 2749 5454 2846 5534; x_wconf 74' lang='lat' dir='ltr'><strong>nec</strong></span> <span class='ocrx_word' id='word_1_884' title='bbox 2875 5466 2924 5512; x_wconf 76' lang='lat' dir='ltr'><strong>ia</strong></span> <span class='ocrx_word' id='word_1_885' title='bbox 2948 5454 3235 5530; x_wconf 80' lang='lat' dir='ltr'><strong>Combefisio</strong></span> <span class='ocrx_word' id='word_1_886' title='bbox 3256 5498 3269 5514; x_wconf 84' lang='lat'><strong>,</strong></span> <span class='ocrx_word' id='word_1_887' title='bbox 3293 5454 3590 5535; x_wconf 36' lang='lat' dir='ltr'><strong>qui‘ltabent</strong></span> <span class='ocrx_word' id='word_1_888' title='bbox 3607 5465 3626 5535; x_wconf 38' lang='grc' dir='ltr'><strong>ἐ</strong></span> <span class='ocrx_word' id='word_1_889' title='bbox 3650 5454 3785 5535; x_wconf 59' lang='lat' dir='ltr'><strong>Piri:</strong></span> 
     </span>
    </p>
   </div>
   <div class='ocr_carea' id='block_1_118' title="bbox 2180 5518 3783 5610">
    <p class='ocr_par' dir='ltr' id='par_1_118' title="bbox 2180 5518 3783 5610">
     <span class='ocr_line' id='line_1_118' title="bbox 2180 5518 3783 5610; baseline 0 0"><span class='ocrx_word' id='word_1_890' title='bbox 2180 5518 2796 5610; x_wconf 52' lang='grc' dir='ltr'><strong>ᾇᾱὶίιῗδθὶέιὲοξτεςαέὲῑιι</strong></span> <span class='ocrx_word' id='word_1_891' title='bbox 2830 5518 3783 5610; x_wconf 51' lang='lat' dir='ltr'><strong>isserat!.i&quot;.f?&quot;:t§’$:ll‘..f&quot;;’...mgf:</strong></span> 
     </span>
    </p>
   </div>
   <div class='ocr_carea' id='block_1_119' title="bbox 2181 5576 3784 5650">
    <p class='ocr_par' dir='ltr' id='par_1_119' title="bbox 2181 5576 3784 5650">
     <span class='ocr_line' id='line_1_119' title="bbox 2181 5576 3784 5650; baseline -0.016 0"><span class='ocrx_word' id='word_1_892' title='bbox 2829 5597 2928 5638; x_wconf 86' lang='lat' dir='ltr'><strong>etc.</strong></span> <span class='ocrx_word' id='word_1_893' title='bbox 2954 5596 3132 5638; x_wconf 75' lang='lat' dir='ltr'><strong>Sensus</strong></span> <span class='ocrx_word' id='word_1_894' title='bbox 3158 5593 3249 5640; x_wconf 83' lang='lat' dir='ltr'><strong>est,</strong></span> <span class='ocrx_word' id='word_1_895' title='bbox 3278 5576 3326 5628; x_wconf 79' lang='lat' dir='ltr'><strong>ni</strong></span> <span class='ocrx_word' id='word_1_896' title='bbox 3349 5576 3784 5650; x_wconf 62' lang='lat' dir='ltr'><strong>fallor,_artict1lunt</strong></span> 
     </span>
    </p>
   </div>
   <div class='ocr_carea' id='block_1_120' title="bbox 2183 5639 3783 5720">
    <p class='ocr_par' dir='ltr' id='par_1_120' title="bbox 2183 5639 3783 5720">
     <span class='ocr_line' id='line_1_120' title="bbox 2183 5639 3783 5720; baseline -0.017 -10"><span class='ocrx_word' id='word_1_897' title='bbox 2504 5639 2720 5714; x_wconf 33' lang='lat' dir='ltr'><strong>ile-esse,</strong></span> <span class='ocrx_word' id='word_1_898' title='bbox 2740 5639 2799 5702; x_wconf 76' lang='lat' dir='ltr'><strong>ut</strong></span> <span class='ocrx_word' id='word_1_899' title='bbox 2824 5652 3060 5720; x_wconf 72' lang='lat' dir='ltr'><strong>indicetur</strong></span> <span class='ocrx_word' id='word_1_900' title='bbox 3085 5639 3783 5720; x_wconf 31' lang='lat' dir='ltr'><strong>incenSunrqu-oddamﬁpecu-</strong></span> 
     </span>
    </p>
   </div>
   <div class='ocr_carea' id='block_1_121' title="bbox 2186 5709 3786 5784">
    <p class='ocr_par' dir='ltr' id='par_1_121' title="bbox 2186 5709 3786 5784">
     <span class='ocr_line' id='line_1_121' title="bbox 2186 5709 3786 5784; baseline -0.018 -12"><span class='ocrx_word' id='word_1_901' title='bbox 2186 5709 2490 5784; x_wconf 12' lang='lat' dir='ltr'><strong>Iiare,rqubd</strong></span> <span class='ocrx_word' id='word_1_902' title='bbox 2533 5721 2649 5784; x_wconf 48' lang='lat' dir='ltr'><strong>ipse</strong></span> <span class='ocrx_word' id='word_1_903' title='bbox 2676 5709 2844 5784; x_wconf 71' lang='lat' dir='ltr'><strong>pbstea</strong></span> <span class='ocrx_word' id='word_1_904' title='bbox 2885 5713 3075 5784; x_wconf 78' lang='lat' dir='ltr'><strong>iudicat.</strong></span> <span class='ocrx_word' id='word_1_905' title='bbox 3111 5709 3786 5784; x_wconf 35' lang='lat' dir='ltr'><strong>V&#39;er‘un‘tnetiarn&quot;manseris}?</strong></span> 
     </span>
    </p>
   </div>
   <div class='ocr_carea' id='block_1_122' title="bbox 2187 5761 3781 5839">
    <p class='ocr_par' dir='ltr' id='par_1_122' title="bbox 2187 5761 3781 5839">
     <span class='ocr_line' id='line_1_122' title="bbox 2187 5761 3781 5839; baseline -0.015 -4"><span class='ocrx_word' id='word_1_906' title='bbox 2187 5761 2870 5839; x_wconf 53' lang='lat' dir='ltr'><strong>i&#39;iiJu’ieiiI&#39;ariiEutu?eisin</strong></span> <span class='ocrx_word' id='word_1_907' title='bbox 2894 5761 3330 5839; x_wconf 62' lang='lat' dir='ltr'><strong>potiuspeculiare</strong></span> <span class='ocrx_word' id='word_1_908' title='bbox 3365 5761 3614 5839; x_wconf 66' lang='lat' dir='ltr'><strong>quidpiam</strong></span> <span class='ocrx_word' id='word_1_909' title='bbox 3657 5762 3781 5811; x_wconf 79' lang='lat' dir='ltr'><strong>indi-</strong></span> 
     </span>
    </p>
   </div>
   <div class='ocr_carea' id='block_1_123' title="bbox 2185 5829 3674 5904">
    <p class='ocr_par' dir='ltr' id='par_1_123' title="bbox 2185 5829 3674 5904">
     <span class='ocr_line' id='line_1_123' title="bbox 2185 5829 3674 5904; baseline -0.017 -8"><span class='ocrx_word' id='word_1_910' title='bbox 2185 5829 2484 5900; x_wconf 61' lang='lat' dir='ltr'><strong>aii-Lii&#39;iiér&#39;n</strong></span> <span class='ocrx_word' id='word_1_911' title='bbox 2509 5829 2605 5894; x_wconf 81' lang='lat' dir='ltr'><strong>neu</strong></span> <span class='ocrx_word' id='word_1_912' title='bbox 2630 5842 2797 5904; x_wconf 83' lang='lat' dir='ltr'><strong>majori</strong></span> <span class='ocrx_word' id='word_1_913' title='bbox 2824 5829 3178 5901; x_wconf 74' lang='lat' dir='ltr'><strong>perqutsitione</strong></span> <span class='ocrx_word' id='word_1_914' title='bbox 3201 5829 3396 5892; x_wconf 72' lang='lat' dir='ltr'><strong>dignam</strong></span> <span class='ocrx_word' id='word_1_915' title='bbox 3421 5829 3674 5874; x_wconf 74' lang='lat' dir='ltr'><strong>mittimus.</strong></span> 
     </span>
    </p>
   </div>
  </div>
