3984 6406
171 403 288 461 467

198 508 502 582 μελλόντων
541 507 838 562 πιστεύειν.
871 508 946 562 Οὐ
982 507 1092 580 γάρ
1125 508 1360 578 ἀνῆλθεν
1397 511 1426 562 6
1454 507 1664 570 Παῦλος
1709 505 1790 566 εἰς

205 593 599 664 Ἰερουσαλὴμ,
652 593 904 661 λέγουσιν
956 595 1005 645 οἰ
1056 593 1481 647 συναπόστολοι·
1523 589 1790 658 Θεωρεῖς,

191 676 423 744 ἀδελφέ
457 673 679 737 Παῦλε,
709 675 895 728 πόσαι
925 675 1213 743 μυριάδες
1241 676 1360 729 εισί
1391 674 1509 728 τῶν
1547 688 1794 727 πιστευ-

191 760 438 813 σάντων
475 757 805 811 Ἰουδαίων.
836 758 1080 827 Προῖδὼν
1117 755 1211 812 οῦν
1248 759 1377 821 τοὺς
1415 757 1792 818 πιστεύοντας,

190 843 450 910 ἐφείσατο
483 838 592 892 τῶν
629 841 1076 909 ἀπιστησάντων·
1123 841 1185 894 οὐ
1221 841 1288 893 δι’
1335 841 1614 906 ἐκείνους,
1658 838 1796 893 ἀλλὰ

187 925 274 979 διὰ
313 923 470 996 [476]
497 921 588 976 τὸν
615 921 674 987 ἐξ
716 922 898 975 αὐτῶν
930 923 1194 993 μέλλοντα
1226 925 1510 978 τίκτεσθαι
1558 923 1790 995 καρπόν.

187 1007 296 1061 Καὶ
335 1007 608 1077 μαρτυρεῖ
643 1006 869 1067 Ἡσαΐας
890 1022 904 1035 ·
938 1005 1049 1059 Καὶ
1081 1009 1135 1060 εἰ
1173 1005 1261 1076 μὴ
1305 1008 1523 1075 Κύριος
1551 1006 1796 1061 Σαϐαὼθ

185 1091 583 1162 ἐγκατέλιπεν
619 1090 764 1159 ἡμῖν
793 1088 1052 1158 σπέρμα,
1081 1091 1162 1155 ὡς
1201 1090 1436 1159 Σόδομα
1472 1090 1549 1144 ἂν
1584 1091 1795 1159 ἐγενή-

187 1179 402 1245 θημεν,
455 1173 554 1226 καὶ
604 1174 683 1238 ὡς
735 1172 1016 1241 Γόμορρα
1063 1172 1141 1226 ἂν
1192 1174 1596 1242 ὡμοιώθημεν.
1653 1173 1793 1225 Ἀλλ’

187 1255 300 1330 ἆρα
338 1257 415 1328 μὴ
449 1257 608 1327 ἡμεῖς
651 1255 993 1324 ὲϐιασάμεθα
1023 1255 1086 1307 τὸ
1122 1255 1296 1326 ῥῆμα,
1337 1256 1431 1308 καὶ
1463 1256 1591 1326 περὶ
1633 1254 1793 1309 άλλου

188 1338 345 1395 εἶπεν
387 1340 644 1402 Ἠσαῖας;
694 1338 832 1390 Ἀλλ’
875 1338 1040 1391 ἄκουε
1089 1340 1261 1392 ταῦτα
1315 1338 1525 1392 Παύλου
1556 1338 1651 1390 τοῦ
1685 1337 1794 1392 τῶν

189 1423 490 1496 προφητῶν
529 1421 756 1489 ἀδελφοῦ
803 1422 895 1474 καὶ
935 1422 1224 1492 ἑρμηνέως
1280 1421 1561 1490 λέγοντος·
1604 1420 1797 1474 Ἀδελ-

185 1509 310 1578 φοί,
349 1509 471 1561 νῦν
513 1504 731 1574 λεῖμμα
758 1506 887 1557 κατ’
917 1503 1187 1573 ἐκλογὴν
1221 1505 1466 1574 χάριτος
1520 1503 1791 1574 γέγονεν,

189 1593 292 1645 ἵνα
351 1586 523 1656 σωθῇ
591 1587 657 1640 τὸ
723 1586 1119 1656 κατάλειμμα.
1185 1588 1295 1642 Καὶ
1370 1587 1567 1652 καθὼς
1625 1583 1796 1641 εἶπεν

197 1676 469 1739 Ἡσαΐας·
503 1675 571 1726 Εἰ
595 1670 684 1741 μὴ
713 1672 929 1740 Κύριος
955 1672 1202 1726 Σαϐαὼθ
1225 1671 1624 1741 ἐγκατέλιπεν
1649 1670 1797 1741 ἡμῖν

183 1757 448 1825 σπέρμα,
483 1755 560 1822 ὼς
592 1754 828 1823 Σόδομα
867 1753 946 1808 ἂν
983 1754 1374 1824 ἐγενήθημεν.
1406 1755 1656 1808 Ἀπαντα
1686 1755 1796 1827 γάρ

186 1841 436 1913 προεῖδέν
472 1840 502 1891 6
545 1837 699 1900 Θεὸς,
735 1837 829 1890 καὶ
863 1837 963 1908 οὐχ
1009 1839 1086 1901 ὡς
1127 1840 1288 1909 ἡμεῖς
1321 1838 1500 1910 χρόνῳ
1546 1837 1796 1891 διδασκό-

189 1924 333 1995 μεθα
361 1923 430 1976 τὰ
461 1921 787 1993 πράγματα,
812 1919 957 1973 οὓτω
997 1923 1092 1974 καὶ
1125 1925 1152 1975 6
1185 1923 1318 1986 Θεὸς
1348 1922 1436 1975 διὰ
1464 1922 1563 1993 τῆς
1599 1921 1796 1993 πείρας

189 2007 478 2078 μανθάνει.
525 2004 714 2068 Πάλιν,
762 2003 837 2067 ὼς
871 2003 1134 2068 πολλάκις
1173 2000 1347 2070 εἰπον,
1393 2004 1464 2058 τα
1510 2005 1640 2076 τέλη
1686 2005 1796 2058 τῶν

184 2091 401 2144 αἰώνων
430 2087 688 2141 έϐλεπεν’
720 2086 812 2140 τὸν
848 2088 1022 2158 Ἀδὰμ
1055 2083 1196 2140 εἶδεν
1229 2089 1635 2159 ἁμαρτάνοντα,
1669 2105 1800 2156 προ-

186 2173 336 2246 εώρα
385 2173 482 2226 καὶ
528 2173 656 2235 τοὺς
689 2171 746 2237 ἐξ
787 2171 956 2225 αὐτοῦ
997 2171 1290 2242 μέλλοντας
1337 2171 1604 2238 δικαίους,
1641 2172 1795 2225 ἔϐλε-

185 2275 287 2312 πεν
321 2273 345 2296 ι
398 2256 562 2310 αὐτὸν
626 2255 1024 2326 ἐκϐαλλόμενον
1085 2254 1180 2308 τοῦ
1239 2255 1611 2329 παραδείσου·
1657 2255 1795 2310 ἀλλὰ

187 2339 476 2411 προεώρα,
504 2340 585 2392 ὃτι
612 2331 940 2410 ἡτοίμασται
973 2337 1124 2409 αὐτῷ
1159 2337 1452 2408 βασίλειον.
1481 2339 1555 2392 Τὸ
1581 2339 1639 2393 δὲ
1673 2338 1797 2394 θαυ-

190 2425 420 2492 μαστὸν,
454 2421 563 2492 πρὸ
611 2421 705 2474 τοῦ
758 2421 1092 2492 παραδείσου
1146 2422 1179 2494 ή
1235 2420 1484 2491 βασιλεία
1551 2422 1789 2488 ἐγένετο·

185 2504 507 2572 Θαυμάζεις
534 2505 617 2556 ὅτι
647 2503 821 2574 Ἀδὰμ
848 2504 1112 2575 ἐξεϐλήθη
1143 2503 1239 2558 τοῦ
1269 2504 1630 2575 παραδείσους
1662 2504 1798 2560 Θαύ-

189 2607 363 2660 μασον
393 2590 474 2641 ὅτι
510 2589 616 2658 πρὸ
646 2588 740 2642 τοῦ
776 2582 1113 2659 παραδείσου
1149 2590 1182 2659 ή
1220 2588 1470 2659 βασιλεία
1498 2589 1607 2642 τῶν
1632 2590 1797 2660 οὐρα-

188 2671 295 2725 νῶν
334 2669 485 2742 αὐτῷ
522 2669 838 2742 ἡτοίμαστο.
869 2670 1034 2738 Λέγει
1064 2672 1092 2722 6
1127 2672 1338 2742 Σωτήρ·
1377 2671 1577 2736 Δεῦτε,
1608 2675 1663 2726 οἰ
1698 2674 1797 2726 εὐ-

185 2754 514 2826 λογημένοι
558 2754 665 2808 τοῦ
700 2756 934 2822 Πατρός
960 2772 1102 2823 μου,
1145 2755 1646 2824 κληρονομήσατε
1683 2757 1797 2823 τὴν

186 2839 646 2909 ἡτοιμασμένην
698 2839 842 2908 ὑμῖν
891 2839 1224 2904 ,βασιλείαν
1281 2840 1402 2893 ἀπὸ
1455 2841 1797 2910 καταϐολῆς

187 2928 384 2994 κόσμο
392 2942 428 2977 v
438 2965 450 2977 .

260 3064 727 3137 Αἰσχυνθήτωσαν
767 3065 1058 3134 αἰρετικοί,
1093 3066 1163 3119 τά
1211 3066 1594 3137 ήτοιμασμένα
1618 3066 1645 3105 b
1684 3067 1797 3127 τοῖς

189 3153 368 3220 ἁγίοις
409 3151 518 3221 πρὸ
562 3149 867 3220 καταϐολῆς
900 3151 1130 3220 κόσμου,
1178 3153 1270 3203 καὶ
1311 3153 1338 3201 ὁ
1377 3151 1500 3213 Υἱὸς
1548 3146 1615 3220 ἦν
1665 3167 1795 3201 ποτε

187 3236 274 3288 ὂτε
308 3234 408 3286 οὐκ
439 3229 528 3302 ἦν.
574 3234 826 3302 Σχήματι
874 3233 1200 3301 ὁμολογοῦσι
1256 3235 1558 3304 Μονογενῆ,
1607 3232 1795 3302 ἐπειδὴ

188 3315 489 3384 ἀπαλεῖψαι
524 3315 585 3367 τὸ
637 3317 873 3386 γράμμα
917 3315 978 3367 οὐ
1016 3314 1311 3369 δύνανται·
1359 3317 1420 3368 τὸ
1455 3316 1605 3386 ῥῆμα
1635 3316 1794 3387 χαρί-

187 3399 407 3464 ζονται,
455 3397 643 3452 καὶτὸ
689 3398 922 3468 πρᾶγμα
973 3397 1321 3451 κλέπτουσιν.
1377 3399 1502 3451 Ἐὰν
1553 3398 1796 3468 εἴπωμεν

189 3482 460 3553 μονογενῆ
515 3481 673 3542 Υἱὸν,
722 3481 930 3542 εὐθέως
977 3479 1236 3548 λέγουσι·
1290 3482 1608 3552 Γέγραπται
1663 3480 1792 3545 καὶ,

185 3566 574 3634 Πρωτότοκος
605 3563 810 3630 πάσης
849 3563 960 3631 τῆς
997 3563 1378 3633 οἰκουμένης.
1410 3564 1618 3618 Οὐκοῦν
1654 3564 1795 3617 κατὰ

187 3650 314 3712 τοὺς
362 3648 679 3719 αἱρετικοὺς
713 3649 781 3700 τὰ
814 3646 909 3700 δύο
946 3647 1200 3718 μάχεται.
1253 3649 1315 3700 Εἰ
1370 3647 1480 3718 γάρ
1514 3647 1794 3719 πρωτότο-

186 3749 313 3795 κος,
350 3731 413 3782 οὐ
454 3731 780 3800 μονογενής·
816 3731 845 3783 6
885 3729 992 3802 γάρ
1045 3731 1426 3801 πρωτότοκος,
1469 3731 1599 3784 ὅταν
1641 3730 1795 3782 ἁδελ-

187 3816 324 3884 φοὺς
378 3813 517 3882 Em,
573 3812 919 3882 πρωτότοκος
965 3813 1222 3880 λέγεται·
1269 3815 1297 3866 6
1339 3813 1395 3866 δὲ
1459 3813 1790 3883 μονογενὴς,

187 3898 284 3950 ἐὰν
332 3895 597 3962 ἀδελφοὺς
643 3894 778 3964 ἔχῃ,
831 3895 1126 3964 μονογενὴς
1171 3896 1232 3948 οὐ
1266 3896 1483 3963 λέγεται
1509 3914 1520 3925 ·
1568 3913 1792 3966 μονογε-

188 3981 284 4050 νὴς
317 3979 428 4050 γάρ
477 3980 626 4031 ἐστιν
658 3980 686 4030 6
727 3977 888 4046 μόνος
938 3977 1000 4030 ἔκ
1050 3996 1196 4042 τινος
1247 3978 1527 4048 γεννηθείς
1553 3997 1564 4008 ·
1608 3978 1792 4040 καθὼς

189 4063 286 4116 καὶ
350 4064 382 4131 ὴ
441 4059 633 4131 Γραφὴ
701 4063 972 4133 μαρτυρεῖ
1029 4061 1166 4133 πρὸς
1225 4063 1317 4114 τὸν
1392 4061 1644 4133 ’Λϐραὰμ
1702 4061 1792 4114 λέ-

187 4159 400 4213 γουσα·
437 4143 593 4198 Λάϐε
634 4143 742 4196 τὸν
782 4146 917 4198 υἱόν
949 4161 1067 4199 σου
1119 4147 1226 4198 τὸν
1269 4144 1591 4214 μονογενῆ.
1636 4147 1794 4216 Πρω-

185 4231 412 4292 τότοκος
440 4227 657 4295 λέγεται
686 4227 714 4280 6
745 4227 1009 4296 ἀδελφοὺς
1048 4226 1217 4297 ἔχων·
1267 4227 1540 4300 πρωτεύει
1573 4228 1680 4298 γάρ
1714 4226 1793 4296 τῷ

189 4313 446 4381 γενέσθαι
505 4311 745 4381 πρῶτος.
800 4311 859 4363 Ὀ
909 4310 967 4363 δὲ
1024 4311 1319 4382 μονογενὴς
1375 4312 1455 4381 τῷ
1511 4311 1588 4382 μὴ
1648 4312 1794 4382 ἔχειν

187 4395 458 4463 ἀδελφοὺς
516 4393 736 4461 λέγεται
786 4395 1103 4464 μονογενής.
1162 4395 1273 4446 Καὶ
1328 4395 1534 4465 ἑτέρως
1580 4395 1637 4447 δὲ
1692 4413 1792 4465 μο-

189 4479 418 4547 νογενής
466 4479 633 4542 ἐστιν,
669 4476 699 4528 6
733 4477 1028 4547 μονογενὴς
1067 4475 1128 4529 ἐκ
1160 4494 1304 4540 τινος
1347 4478 1652 4549 γεννηθεὶς,
1695 4479 1792 4548 οὐχ

189 4562 217 4612 6
247 4561 409 4631 μόνος
449 4559 740 4628 γενόμενος
761 4599 775 4623 ,
811 4560 886 4621 ὡς
917 4560 1336 4631 ῥᾳδιουργοῦσιν
1365 4562 1654 4633 αἱρετικοί.
1679 4563 1794 4614 Μο-

191 4646 442 4716 νογενὴς,
485 4646 568 4698 ὅτι
616 4646 776 4716 μόνος
821 4647 1036 4715 ἐγένετο
1074 4647 1338 4711 τοιοῦτος.
1387 4648 1598 4703 Οὐκοῦν
1639 4649 1734 4702 καὶ
1763 4649 1792 4700 6

203 4735 393 4799 Ἠλίας
423 4735 742 4806 μονογενὴς,
773 4736 853 4787 ὃτι
888 4736 1052 4806 μόνος
1083 4737 1324 4801 τοιοῦτος
1348 4752 1360 4765 ·
1387 4738 1525 4808 ὅπερ
1552 4738 1652 4791 οὐκ
1678 4738 1790 4808 ἔχει

189 4824 369 4891 λόγον.
416 4820 578 4875 Ἀλλά
629 4823 893 4892 μονογενῆ
947 4823 1068 4887 ἔθος
1122 4824 1307 4892 λέγειν
1355 4827 1421 4895 τῇ
1458 4825 1652 4897 Γραφῇ
1699 4825 1792 4877 τὸν

193 4911 358 4983 μόνον
382 4909 446 4962 έκ
483 4927 628 4972 τινος
663 4911 1012 4981 γεννηθέντα,
1043 4912 1186 4965 κατὰ
1213 4911 1312 4982 τὴν
1351 4911 1788 4982 προπαρατεθείο

191 5016 292 5054 σαν
335 4997 610 5061 ἀπόδειξιν
635 4998 711 5069 τῷ
743 5001 969 5069 ῥήματι·
1006 4999 1271 5071 Πρόσεχε.
1311 4999 1371 5056 Ὀ
1418 5001 1786 5071 πρωτότοκος,

189 5088 288 5142 ἑὰν
329 5085 595 5152 ἀδελφοὺς
632 5088 708 5157 μὴ
742 5087 870 5158 ἔχῃ,
925 5087 1220 5157 μονογενής
1270 5088 1438 5140 ἐστιν.
1502 5087 1645 5156 Ἐγὼ
1692 5089 1789 5159 οὐχ

190 5177 312 5242 ἱνα,
342 5174 403 5227 οὐ
433 5173 546 5236 δύο,
577 5175 635 5226 οὐ
665 5179 834 5245 τρεῖς,
863 5176 996 5228 ἀλλὰ
1025 5175 1254 5238 πολλοὺς
1284 5176 1671 5249 πρωτοτόκους
1694 5178 1790 5230 εὐ·-

192 5265 390 5336 ρίσκω.
433 5260 593 5314 Ξένον
635 5265 887 5333 πρᾶγμα.
921 5265 1262 5334 Πρωτότοκοι
1293 5264 1410 5329 πῶς
1447 5265 1631 5318 πολλοί
1651 5282 1664 5329 ;
1693 5261 1792 5329 Εἷς

189 5351 299 5422 γὰρ
333 5348 540 5418 ὀφείλει
581 5343 741 5402 εἶναι.
790 5349 1061 5415 Ἐξέτεινα
1088 5351 1179 5404 τὸν
1213 5351 1368 5420 λόγον
1408 5351 1495 5405 διὰ
1526 5350 1615 5404 τὸν
1642 5368 1792 5422 πρω-

189 5440 413 5492 τότοκον
445 5439 538 5491 καὶ
567 5440 659 5491 τὸν
695 5439 988 5508 μονογενῆ·
1013 5438 1232 5510 λύωμεν
1263 5440 1320 5493 δὲ
1351 5439 1410 5493 τὸ
1433 5439 1658 5510 ἄπορον.
1686 5439 1789 5491 Τὸν

256 5649 281 5677 ⁸
315 5647 440 5710 τοὺς
460 5648 506 5702 ἐξ
529 5646 676 5695 αὐτοῦ
702 5646 1170 5710 δικαιοπραγοῦντας,
1210 5651 1417 5699 ἔϐλεπεν.

261 5712 287 5752 b
310 5707 403 5775 H_ic
427 5714 565 5757 locus
584 5718 846 5775 _non_va(;al
873 5707 1156 5775 suspicione
1179 5714 1364 5762 mendi.
1389 5714 1501 5762 Sav.
1522 5718 1630 5775 post
1655 5715 1788 5775 ἡτοι-

190 5770 655 5894 ῌῷημύαῆᾈὲιὲςριει
681 5772 933 5826 ἀκούοντες
977 5773 1147 5833 ἀγαθά,
1172 5789 1212 5822 s.
1270 5776 1506 5836 ϐασίλεια,
1524 5770 1535 5775 ”
1550 5781 1661 5837 post
1685 5773 1785 5832 καί,

490 5930 766 5989 ΡΑτιιοι..
817 5929 936 5988 Gn.
990 5926 1144 5987 LVI.

1269 387 1358 445 DE
1388 386 1605 446 MUNDI
1640 384 2040 442 CREATIONE
2085 386 2350 442 ORATIO
2391 391 2479 447 IV.

1896 504 2116 575 πρῶτον
2154 507 2484 562 πιστεύοντα
2515 508 2649 573 Θεὸς
2689 519 2748 564 εν
2783 522 2848 582 τῃ
2889 513 2992 586 ἰδίᾳ
3026 515 3186 585 γενεᾷ
3217 517 3493 586 πρωτότο-

1897 609 1993 645 κον
2030 593 2218 657 καλεῖ,
2253 595 2352 665 οὐχ
2393 596 2470 659 ὡς
2503 597 2723 670 πρῶτον
2764 599 2943 652 ἄλλων
2983 601 3214 666 πιστῶν,
3250 603 3387 654 ἀλλὰ
3434 605 3493 656 έν

1897 683 2010 743 τοῖς
2056 680 2208 745 ἰδίοις
2255 683 2471 752 χρόνοις
2509 683 2728 755 πρῶτον
2776 686 3047 755 φανέντα·
3087 682 3220 753 οἷον,
3255 691 3313 741 ὲν
3338 687 3493 761 [477]

1896 769 2164 840 Αἰγύπτῳ
2209 766 2279 842 ἦν
2322 773 2350 824 6
2387 771 2546 839 λαὸς,
2597 773 2745 842 λέγει
2783 777 2813 828 6
2869 775 3001 840 Θεὸς
3051 777 3138 831 διὰ
3182 777 3493 841 Μωῦσέως·

1909 859 2045 922 Υἱὸς
2092 859 2473 927 πρωτότοκός
2521 878 2640 929 μου
2695 861 2956 932 Ἰσραήλ.
3000 860 3190 916 Εἷπα·
3245 865 3496 928 Ἐξαπό-

1898 950 2149 1001 στειλόν
2169 966 2272 1018 μοι
2301 949 2408 1004 τὸν
2435 952 2592 1003 λαόν
2611 969 2753 1020 μου.
2797 951 2926 1005 Ἰδοὺ
2956 951 3082 1014 λαὸς
3112 954 3457 1023 πρωτότοκος
3476 969 3492 984 ·

1899 1037 2087 1106 ἐπειδὴ
2119 1038 2177 1089 ὲν
2206 1037 2284 1107 τῷ
2313 1038 2490 1109 καιρῷ
2514 1039 2711 1110 ἐκείνῳ
2746 1040 2959 1109 πρῶτος
2985 1033 3052 1112 ἦν
3083 1041 3210 1104 λαὸς
3249 1044 3494 1110 ἐπεγνω-

1899 1124 2011 1187 κὼς
2042 1124 2134 1176 τὸν
2173 1124 2329 1178 Θεόν.
2377 1124 2640 1194 ’Δνέκυψε
2691 1126 2830 1197 μετὰ
2882 1125 3056 1180 ταῦτα
3112 1126 3303 1192 Δαυῒδ,
3357 1127 3498 1199 μετὰ

1897 1212 1990 1264 τὸν
2025 1212 2210 1282 νόμον,
2259 1212 2399 1282 μετὰ
2450 1212 2653 1276 πολλὰς
2685 1214 2880 1282 γενεὰς
2905 1255 2920 1278 ,
2964 1215 3059 1268 καὶ
3093 1215 3492 1284 ἐπαγγέλλεται

1898 1298 2074 1366 λέγων
2102 1301 2131 1351 6
2165 1299 2299 1361 Θεὸς
2322 1340 2338 1364 ,
2373 1301 2437 1352 ὲκ
2463 1299 2556 1352 τοῦ
2592 1301 2908 1372 σπέρματος
2937 1302 3101 1355 αὐτοῦ
3133 1303 3223 1356 τὸν
3254 1304 3491 1374 Χριστὸν

1899 1387 2264 1458 ἀναστήσειν,
2325 1389 2420 1441 καὶ
2465 1389 2617 1457 λέγει
2667 1390 2875 1454 οὕτως·
2916 1387 3116 1459 Εὗρον
3162 1393 3343 1447 Δαυῒδ
3387 1394 3496 1447 τὸν

1896 1474 2126 1528 δοῦλόν
2150 1493 2293 1545 μου,
2323 1476 2394 1529 ἐν
2421 1475 2605 1543 ἐλαίῳ
2629 1477 2776 1546 ἁγίῳ
2808 1478 3027 1547 ἐχρισα
3058 1481 3265 1533 αὐτόν.
3300 1481 3496 1544 Αὐτὸς

1895 1563 2323 1617 ἐπικαλέσεταί
2349 1581 2428 1632 με
2452 1605 2466 1628 ,
2513 1563 2717 1632 Πατήρ
2745 1583 2865 1633 μου
2891 1562 2950 1620 εἷ
2986 1567 3089 1620 σύ.
3129 1566 3303 1637 Κάγὼ
3335 1584 3494 1636 πρω-

1898 1652 2151 1705 τότοκον
2175 1649 2435 1720 θήσομαι
2456 1653 2663 1705 αὐτόν.
2696 1653 2758 1704 Εἰ
2789 1653 2847 1706 δὲ
2879 1653 3229 1724 πρωτότοκος
3253 1656 3282 1708 6
3306 1654 3491 1716 Δαυῒδ,

1899 1738 2245 1810 πρωτότοκος
2273 1740 2368 1793 καὶ
2392 1741 2422 1790 6
2452 1739 2603 1802 λαός.
2653 1740 2713 1792 '0
2756 1739 2929 1809 Ἀδὰμ
2962 1743 3309 1811 πρωτότοκος
3338 1743 3396 1793 ὲν
3424 1743 3491 1812 τῇ

1903 1829 2009 1900 ἰδίᾳ
2034 1829 2218 1899 γενεᾷ,
2244 1828 2391 1894 Νῶε,
2425 1828 2548 1898 Σὴμ
2585 1830 2943 1900 πρωτότοκοι,
2990 1829 3244 1902 Ἀϐραὰμ
3277 1831 3495 1900 πρωτό-

1897 1933 2056 1980 τοκος
2087 1918 2145 1970 ὲν
2188 1919 2255 1987 τῇ
2304 1918 2413 1988 ἰδία
2455 1919 2650 1989 γενεᾷ,
2682 1919 2959 1990 Μωῦσῆς,
3002 1919 3266 1982 Ἡσαΐας,
3307 1920 3494 1992 ἐπειδὴ

1900 2004 2042 2058 κατά
2068 2007 2194 2067 τοὺς
2227 2005 2438 2059 ἑαυτῶν
2468 2006 2696 2076 χρόνους
2735 2007 3051 2078 προέκυψαν
3075 2010 3156 2071 είς
3185 2007 3490 2062 εὐσέϐειαν.

1911 2093 2008 2144 Ἐκ
2048 2093 2256 2148 τούτων
2312 2095 2524 2149 πολλῶν
2571 2097 2938 2168 πρωτοτόκων
2986 2097 3229 2168 συνήχθη
3281 2098 3491 2169 μεγάλη

1911 2180 2232 2252 Ἐκκλησία,
2259 2183 2356 2238 καὶ
2393 2183 2541 2238 ἐστιν
2575 2188 2633 2238 ὲν
2665 2184 2901 2255 οὐρανῷ.
2930 2186 3221 2257 Μαρτυρεῖ
3246 2185 3489 2250 Παῦλος·

1899 2271 2408 2338 Προσεληλύθοτε
2434 2272 2590 2326 Σιὼν
2617 2273 2739 2341 ὄρει
2772 2273 2869 2325 καί
2895 2274 3070 2326 πόλει
3096 2274 3246 2328 Θεοῦ
3276 2273 3494 2341 ζῶντος

1911 2356 2333 2428 Ἰερουσαλὴμ,
2367 2360 2466 2413 καὶ
2495 2359 2788 2428 μυριάσιν
2830 2362 3103 2430 ἀγγέλων
3141 2363 3491 2432 πανηγύρει,

1898 2445 1998 2498 καὶ
2034 2446 2363 2514 Ἐκκλησία
2407 2449 2798 2513 πρωτοτόκων
2837 2449 3382 2518 ἀπογεγραμμένων
3422 2451 3496 2504 ἐν

1901 2531 2202 2600 οὐρανοῖς.
2245 2533 2502 2586 Ἐκείνων
2537 2533 2645 2586 τῶν
2682 2534 3045 2605 πρωτοτόκων
3078 2528 3157 2598 εἷς
3190 2537 3307 2589 ἐστι
3350 2539 3494 2590 κατᾶ

1901 2622 2080 2688 σάρκα
2108 2620 2367 2690 Χριστὸς,
2393 2621 2535 2674 κατὰ
2569 2622 2668 2692 τὴν
2694 2619 2926 2692 θεότητα
2953 2622 3288 2693 Μονογενής.
3321 2623 3496 2677 Ἐπει-

1897 2707 1962 2774 δὴ
2004 2707 2113 2774 γὰρ
2143 2709 2272 2771 τοὺς
2317 2710 2378 2760 ὲν
2425 2710 2632 2783 ἑκάστῃ
2662 2711 2829 2780 γενεᾷ
2870 2711 3282 2780 προκόπτοντας
3325 2728 3495 2783 προσο

1898 2793 2262 2862 λαμϐάνεται,
2304 2795 2443 2866 μετὰ
2477 2797 2699 2850 πάντων
2727 2798 2821 2849 καὶ
2851 2797 3014 2861 αὐτὸς
3038 2798 3384 2869 πρωτότοκος
3405 2799 3494 2853 λέ-

1895 2899 2072 2950 γεται.
2124 2885 2224 2939 Διὰ
2270 2885 2431 2939 τοῦτο
2477 2886 2628 2955 λέγει
2686 2886 2934 2952 Παῦλος·
2987 2889 3369 2957 Πρωτότοκος
3423 2891 3497 2944 ἐν

1897 2970 2153 3038 πολλοῖς
2199 2972 2508 3043 ἀδελφοῖς.
2567 2974 2709 3028 Ἀλλ’
2757 2973 2838 3027 ένι
2882 2974 3013 3045 περὶ
3057 2973 3153 3027 τοῦ
3201 2975 3492 3047 ἀνθρώπου

1897 3063 2070 3116 πολλὰ
2098 3067 2271 3117 εἰπεῖν
2292 3081 2304 3094 ·
2340 3069 2592 3138 τηρεῖται
2621 3067 2678 3119 δὲ
2706 3065 2767 3121 τὸ
2803 3067 3048 3138 διήγημα
3075 3069 3142 3137 τῇ
3179 3068 3310 3137 έξῆς
3336 3069 3393 3120 ἰν
3422 3071 3490 3139 τῇ

1897 3153 2031 3222 ἕκτῃ
2065 3153 2271 3225 ἡμέρᾳ,
2321 3155 2380 3207 ὲν
2500 3155 2594 3208 καὶ
2639 3154 2910 3226 ἐπλάσθη,
2947 3157 3054 3223 ἵνα,
3100 3156 3200 3226 τῆς
3229 3157 3325 3209 τοῦ
3354 3157 3491 3210 Θεοῦ

1897 3243 2120 3313 χάριτος
2169 3243 2572 3315 συνεργούσης,
2604 3244 2980 3317 ὲντελέστερον
3005 3246 3311 3316 σαφηνισθῇ
3352 3246 3492 3300 κατὰ

1897 3329 2128 3400 δύναμιν
2149 3329 2248 3403 τὴν
2269 3330 2547 3402 ἡμετέραν
2569 3334 2597 3384 6
2615 3332 2770 3400 λόγος
2792 3349 2803 3362 ·
2828 3334 2928 3386 οὐκ
2955 3334 3013 3400 ἐξ
3036 3327 3111 3387 ὧν
3137 3333 3490 3404 λογιζόμεθα,

1895 3417 2012 3472 ἀλλ’
2045 3419 2104 3486 ἐξ
2137 3413 2213 3474 ὧν
2249 3420 2644 3491 παιδευόμεθα.
2694 3421 2866 3492 Κοινὴ
2914 3422 3024 3492 γὰρ
3054 3425 3086 3492 ή
3119 3425 3297 3493 πηγὴ,
3334 3425 3491 3476 κοινὰ

1897 3507 2076 3560 πάντα
2097 3509 2166 3561 τὰ
2187 3509 2529 3578 προκείμενα
2549 3509 2717 3576 δῶρα,
2737 3510 2832 3563 ἐὰν
2867 3510 3028 3578 μόνον
3053 3510 3297 3580 θέλωμεν
3326 3512 3492 3581 ἡμεῖς

1901 3593 2041 3662 μετὰ
2071 3595 2253 3663 πάσης
2274 3594 2587 3665 προθυμίας
2619 3596 2963 3661 σπουδάζειν.
2985 3597 3289 3668 Τρέψωμεν
3312 3597 3368 3652 δὲ
3395 3598 3488 3652 τὸν

1896 3679 2054 3748 λόγον
2083 3681 2176 3733 ὲπὶ
2199 3681 2297 3753 τὴν
2329 3680 2440 3734 τῶν
2466 3682 2612 3751 ἠθῶν
2641 3683 2984 3753 ἐπιμέλειαν.

1967 3807 2032 3865 θ’.
2071 3805 2213 3870 Χθὲς
2244 3806 2459 3878 ἐδείχθη
2484 3807 2599 3871 πῶς
2616 3807 2696 3860 δεῖ
2736 3803 3126 3878 εἰναιέπαρσιν
3170 3809 3367 3878 χειρῶν
3399 3827 3486 3862 πε-

1897 3893 2403 3964 παῤῥησιασμένων
2431 3896 2491 3946 ὲν
2525 3895 2800 3966 εὐσεϐείᾳ.
2840 3896 2899 3948 Ὀ
2947 3895 3121 3958 διδοὺς
3169 3895 3363 3966 πένησι
3402 3895 3490 3948 λε-

1896 3983 2061 4050 γέτω,
2101 3983 2399 4050 Ἔπαρσις
2435 3981 2554 4036 τῶν
2594 3982 2812 4053 χειρῶν
2847 4003 2989 4053 μου.
3025 3985 3084 4038 Ὀ
3119 3985 3351 4055 ἐγείρων
3396 3984 3488 4038 τὸν

1898 4071 2137 4123 πεσόντα
2163 4069 2402 4139 λεγέτω,
2437 4073 2736 4138 Ἔπαρσις
2763 4070 2881 4124 τῶν
2905 4071 3124 4141 χειρῶν
3144 4089 3287 4140 μου.
3317 4073 3489 4143 Ζητή-

1899 4175 2082 4228 σωμεν
2111 4159 2169 4212 δὲ
2202 4158 2263 4211 τὸ
2292 4159 2581 4229 προοίμιον
2606 4159 2702 4212 τοῦ
2733 4159 2977 4229 ψαλμοῦ,
3011 4161 3200 4230 ἐπειδὴ
3228 4160 3263 4214 ἃ
3287 4160 3486 4229 ψάλλο-

1901 4261 1999 4313 μεν
2040 4244 2258 4305 πάντως
2319 4245 2518 4297 εἰδέναι
2569 4247 2697 4315 χρή.
2751 4246 2904 4298 Διατί
2946 4246 3213 4317 λέγομεν,
3261 4247 3488 4301 Κατευ-

1897 4330 2169 4396 θυνθήτω
2219 4333 2258 4398 ἡ
2305 4331 2618 4400 προσευχὴ
2659 4351 2780 4401 μου
2808 4334 2888 4398 ὡς
2927 4335 3191 4404 θυμίαμα
3230 4335 3489 4388 ἐνώπιόν

1895 4435 2013 4473 σου
2034 4437 2052 4484 ;
2075 4422 2192 4474 Πᾶν
2211 4421 2322 4492 γάρ
2351 4422 2606 4493 θυμίαμα
2631 4424 3026 4478 κατευθύνεται
3046 4436 3067 4463 ε
3092 4443 3105 4455 ·
3136 4427 3196 4478 οὐ
3228 4428 3335 4497 γὰρ
3355 4426 3490 4490 Θεὸς

1896 4509 2095 4580 εὐωδίᾳ
2136 4509 2394 4581 τέρπεται
2449 4512 2660 4582 μύρων.
2703 4514 2769 4566 Τί
2817 4509 2910 4566 οῦν
2958 4515 3097 4576 ἐστι,
3151 4519 3490 4571 Κατευθυνω

1897 4598 2054 4664 θήτω
2093 4599 2130 4666 ἠ
2163 4599 2474 4668 προσευχὴ
2521 4617 2680 4668 μους
2719 4603 2794 4654 Τὸ
2833 4601 3035 4673 ἄρθρον
3076 4603 3291 4668 λείπει,
3330 4605 3414 4657 ἵνα

1894 4686 1956 4738 τὸ
1994 4686 2285 4756 λεγόμενον
2319 4687 2560 4742 τοιοῦτον
2583 4705 2597 4719 ·
2647 4689 3116 4754 Κατευθυνθήτω
3152 4693 3189 4758 ἠ
3229 4704 3489 4760 προσευ-

1895 4774 1974 4842 χή
2001 4791 2121 4842 μου
2148 4774 2228 4840 ὠς
2256 4774 2520 4843 θυμίαμα
2549 4775 2808 4829 ἐνώπιόν
2837 4793 2974 4829 σου.
3003 4777 3162 4830 Ποῖον
3200 4779 3485 4849 θυμίαμα;

1894 4861 1999 4913 Δύο
2029 4857 2095 4930 ἦν
2127 4861 2492 4934 θυσιαστήρια
2517 4865 2575 4915 ἐν
2611 4866 2675 4931 τῇ
2707 4869 2880 4935 σκηνῇ
2906 4881 2918 4894 ·
2944 4866 3004 4919 ἓν
3037 4868 3094 4919 ἐν
3117 4869 3180 4937 τῇ
3211 4867 3348 4938 αὐλῇ
3382 4868 3488 4931 ἔξω

1896 4949 1955 5000 ὲν
2004 4949 2258 5020 ὑπαίθρῳ
2279 4966 2291 4979 ·
2331 4951 2517 5021 ἕτερον
2548 4951 2604 5004 δὲ
2634 4953 2715 5015 εἰς
2748 4952 2817 5004 τὰ
2851 4953 2983 5021 ἆγια
3019 4955 3123 5008 ὑπὸ
3154 4955 3370 5024 στέγην.
3415 4957 3487 5007 Τὸ

1895 5034 2004 5088 ἔσω
2038 5036 2426 5108 θυσιαστήριον
2469 5038 2832 5109 θυμιαμάτων
2872 5037 2940 5110 ἦν
2972 5040 3154 5109 μόνον,
3193 5043 3290 5111 οὐχ
3319 5043 3487 5113 αἰμά-

1894 5142 2005 5177 των
2032 5125 2243 5195 χύσεως
2264 5144 2278 5157 ·
2319 5129 2380 5180 τὸ
2417 5128 2475 5180 δὲ
2519 5129 2624 5195 ἔξω
2657 5129 3040 5199 θυσιαστήριον
3069 5129 3179 5182 τῶν
3210 5129 3488 5202 θυομένων

1895 5211 2052 5275 ζώων
2087 5215 2183 5267 καὶ
2233 5214 2414 5287 ἄρτων
2446 5217 2764 5288 προσφορᾶς
2803 5216 2896 5268 καί
2943 5235 3104 5269 τινων
3134 5216 3330 5272 ἄλλων.
3377 5219 3488 5270 Καὶ

1893 5306 1985 5359 τὸν
2021 5305 2120 5376 μὲν
2167 5304 2271 5368 ἔξω
2313 5304 2495 5374 βωμὸν
2533 5305 2746 5358 κελεύει
2791 5308 2819 5358 6
2860 5306 2993 5369 Θεὸς
3035 5306 3113 5376 τῷ
3159 5308 3387 5360 Μωῦσεῖ
3423 5308 3487 5358 ἐκ

1898 5392 2049 5465 [478]
2095 5393 2260 5445 λίθων
2302 5394 2660 5463 ἀπελεκήτων
2703 5393 2966 5463 ποιῆσαι·
2998 5393 3090 5447 τὸν
3134 5393 3190 5447 δὲ
3233 5394 3382 5446 ἔνδον
3427 5396 3486 5445 ὲν

1959 5596 1980 5624 ε
2010 5593 2162 5640 Savil.
2185 5598 2326 5652 putat
2351 5593 2619 5656 legendum
2639 5595 2740 5648 πῶς
2762 5593 2852 5655 γὰρ
2880 5595 3104 5656 θυμίαμα.
3138 5594 3285 5642 Forte
3309 5597 3487 5644 melius

1897 5657 2090 5718 legatur
2127 5659 2221 5718 πᾶν
2245 5656 2334 5716 γὰρ
2357 5655 2567 5718 θυμίαμα
2607 5656 2661 5702 οὐ
2686 5655 3032 5703 κατευθύνεται.
3081 5657 3201 5704 Illud
3227 5670 3390 5718 porro,
3431 5661 3487 5708 τὸ

1892 5715 2062 5781 άρθρον
2083 5717 2292 5781 λείπει...
2314 5715 2556 5781 τοιοῦτον
2587 5721 2733 5781 ορεει
2759 5719 2808 5766 in
2859 5718 2968 5765 Sav.
2992 5725 3053 5781 _el
3093 5715 3334 5768 Comlieﬁs
3361 5715 3486 5781 {qui

1893 5778 2081 5844 ξιιιϋεξηῐ
2102 5793 2210 5827 κατ.
2234 5780 2264 5833 ἡ
2288 5792 2366 5844 πρ..
2385 5780 2572 5837 μου,ὡς
2593 5779 2805 5844 θυμίαμα
2831 5778 3028 5844 ένῴπιὸν
3048 5794 3162 5844 aqu;
3185 5781 3322 5844 ποῖον
3346 5778 3487 5844 θυμοῖ

1894 5792 2081 5826 habent.
2102 5793 2210 5827 κατ.
2234 5792 2264 5833 η
2288 5793 2323 5824 π
2360 5792 2572 5837 .μου,ως
2593 5792 2805 5840 θυμίαμα
2831 5792 3028 5826 ενωπιον
3048 5794 3162 5835 σους
3185 5795 3322 5827 πονσν
3346 5792 3482 5844 θυμοῖ

1894 5840 1978 5888 δύο
1999 5840 2056 5895 ἦν
2082 5846 2180 5889 etc.
2205 5866 2266 5876 —
2299 5792 2374 5899 cf}.
2411 5844 2573 5888 notam
2594 5837 2972 5899 interpretationi
3001 5839 3183 5891 Latina:
3201 5841 3482 5902 subiectam.

3066 5933 3146 5992 29
