3984 6446
200 449 317 505 469

201 558 353 623 culo;
399 568 563 610 unum
597 554 649 608 in
694 553 833 607 atrio
872 548 1123 606 exteriori
1169 550 1269 603 sub
1311 546 1429 611 dio;
1478 543 1622 599 aliud
1661 543 1798 596 intra

200 659 381 703 saneta
412 646 513 701 sub
541 655 699 699 tecto.
734 643 959 698 interius
998 643 1165 696 altare
1196 639 1261 693 ad
1307 641 1580 693 incensum
1626 635 1800 689 solum

198 750 333 805 erat,
380 753 487 792 nou
528 737 593 791 ad
636 736 952 791 effusionem
1000 732 1291 803 sanguinis.
1333 729 1581 783 Exterius
1622 734 1799 779 autem

197 834 366 886 altare
396 829 463 883 ad
492 828 739 882 animalia
767 841 886 897 quae
914 824 1341 886 immolabantur,
1372 820 1439 873 ad
1481 832 1644 888 panes
1672 831 1800 886 pro-

198 924 502 995 positionis,
534 930 589 977 et
627 921 691 974 ad
735 928 932 975 caetera
977 919 1241 989 quaidam.
1275 914 1608 969 Exteriorem
1650 925 1799 965 aram

196 1018 354 1089 jussit
386 1015 644 1070 Dominus
674 1012 838 1082 Moysi
869 1026 933 1065 ex
977 1008 1232 1077 impolitis
1261 1004 1526 1074 lapidibus
1555 1013 1795 1063 struere;

198 1109 511 1164 interiorem
541 1119 668 1159 vero
699 1104 749 1157 in
780 1100 1144 1164 tabernaculo,
1175 1113 1242 1153 ex
1279 1110 1410 1150 auro
1438 1095 1623 1165 polito.
1661 1091 1799 1157 Quid

196 1205 375 1258 divina
406 1200 578 1272 gratia
614 1213 706 1268 per
734 1196 849 1250 bare
872 1193 1195 1257 subindieet,
1220 1204 1398 1260 opera:
1425 1188 1656 1258 pretium
1688 1185 1801 1239 fue-

196 1298 265 1353 rit
304 1295 613 1364 explorare.
648 1292 789 1344 Duos
819 1302 1013 1356 nempe
1042 1284 1270 1353 populos
1301 1281 1391 1336 Dei
1422 1280 1608 1351 gloria:
1640 1278 1801 1331 mini-

196 1396 455 1449 strantes,
488 1395 713 1452 quorum
750 1392 890 1431 unus
932 1374 1246 1437 ineruditus,
1278 1372 1414 1425 alter
1453 1369 1621 1439 probe
1652 1367 1803 1421 insti-

199 1488 342 1531 tutus
389 1477 479 1529 sit.
528 1474 625 1539 Qui
658 1473 708 1525 in
750 1470 1073 1524 dictionibus
1102 1467 1404 1521 solcecissat
1446 1474 1501 1517 et
1539 1460 1803 1516 barbarus

196 1580 294 1633 est,
327 1582 612 1623 sermones
638 1564 841 1636 profert
884 1571 940 1615 ut
976 1560 1180 1630 lapides
1220 1557 1525 1627 impolitos;
1565 1565 1798 1608 attamen

198 1664 228 1716 ii
276 1663 345 1715 ad
392 1660 582 1714 altaris
627 1666 947 1711 structuram
1002 1654 1305 1708 conferunt.
1353 1650 1560 1703 Rursus
1610 1662 1799 1701 aurum

196 1756 493 1826 expolitum
525 1754 788 1823 pretiosus
816 1750 1009 1803 dicitur
1040 1747 1210 1816 lapis;
1241 1756 1293 1798 at
1321 1758 1493 1812 neque
1515 1742 1601 1795 hic
1624 1741 1801 1795 extol-

197 1853 341 1917 litur,
378 1864 557 1919 neque
598 1849 686 1901 ille
725 1847 954 1915 ejicitur.
988 1843 1119 1897 Nam
1151 1852 1204 1896 et
1236 1841 1341 1894 illic
1371 1840 1541 1893 altare
1589 1837 1703 1903 Dei,
1748 1846 1802 1889 et

198 1945 281 1995 hic
307 1944 480 1994 altare
510 1941 623 1993 Dei.
658 1940 891 2007 Eratque
919 1952 984 1990 ex
1013 1949 1241 2004 quatuor
1261 1930 1540 2001 speciebus
1563 1943 1804 1995 unguen-

198 2047 305 2087 tum
335 2034 721 2101 eompositum,
762 2046 827 2085 ex
858 2037 1049 2093 stacte,
1078 2042 1144 2081 ex
1176 2040 1368 2095 onyce,
1400 2040 1463 2077 ex
1492 2023 1723 2093 galbano
1750 2030 1805 2075 et

197 2128 371 2181 thure.
404 2126 537 2193 Quia
577 2125 735 2194 igitur
763 2131 1089 2192 unguentum
1114 2120 1274 2173 variis
1297 2134 1361 2172 ex
1393 2117 1553 2171 rebus
1579 2130 1803 2183 compo-

198 2222 359 2280 nitur,
409 2219 687 2286 virtusque
736 2217 863 2269 item
910 2230 975 2267 ex
1018 2212 1181 2265 variis
1225 2217 1457 2271 constat,
1494 2208 1612 2261 ideo
1652 2207 1799 2270 dicit,

197 2312 467 2379 Dirigntur
498 2311 661 2362 oratio
692 2326 798 2360 mea
827 2308 955 2359 sicut
984 2307 1241 2357 incensum
1280 2304 1332 2355 in
1377 2312 1644 2369 conspectu
1673 2310 1756 2352 tuo
1785 2316 1802 2350 .-

196 2405 650 2473 quemadmodum
686 2402 813 2456 illud
854 2418 916 2455 ex
952 2400 1134 2453 multis
1160 2398 1537 2465 compositum,
1568 2403 1621 2449 et
1644 2408 1801 2446 uitam

195 2499 544 2568 fragrantiam
574 2498 845 2551 emittens.
894 2496 1027 2563 Quia
1066 2510 1188 2549 cum
1230 2494 1469 2547 oratione
1508 2489 1802 2558 ingreditur

195 2596 311 2663 quis
334 2592 546 2663 jejunio
582 2604 825 2653 ornatus,
870 2591 1231 2659 eleemosyna,
1274 2588 1397 2651 ﬁde,
1432 2586 1631 2640 Similis
1662 2594 1798 2647 esto,

197 2688 391 2754 inquit,
423 2684 719 2754 quadrupla
752 2684 922 2737 virtus
970 2683 1188 2735 incenso
1235 2681 1331 2741 illi,
1382 2679 1523 2747 quod
1568 2678 1618 2731 in
1669 2692 1800 2729 con.

194 2790 381 2848 specto
417 2789 510 2831 tuo
548 2776 811 2845 dirigitur.
857 2776 946 2830 Sic
986 2784 1035 2827 et
1080 2774 1263 2827 beatus
1308 2772 1469 2825 David
1506 2771 1629 2823 alibi
1671 2770 1742 2822 ait
1784 2785 1796 2822 :

194 2872 330 2925 Ecce
357 2888 512 2941 quam
541 2871 722 2922 bonum
754 2878 799 2922 et
838 2884 987 2935 quant
1008 2866 1318 2936 jucu-idum,
1355 2864 1580 2916 habitare
1618 2863 1801 2931 fratres

193 2967 243 3018 in
273 2983 459 3031 unum,
497 2965 625 3017 sicut
654 2973 961 3033 unguentum
998 2963 1047 3013 in
1094 2963 1275 3028 capite,
1307 2959 1442 3028 quod
1469 2959 1722 3011 descendit
1749 2958 1801 3009 in

194 3058 423 3116 barbam,
457 3054 663 3107 barbam
694 3056 863 3106 Aaron
896 3051 1065 3122 (Psal.
1100 3052 1218 3105 152.
1252 3052 1301 3103 1.
1327 3049 1382 3120 2)
1408 3051 1419 3102 !
1449 3048 1689 3101 Similem
1723 3048 1802 3099 di-

194 3149 264 3201 cit
304 3148 587 3200 cat-italum
637 3154 911 3215 unguento
950 3142 1303 3208 sacerdotali,
1360 3142 1659 3194 orationem
1715 3140 1799 3191 iu-

194 3255 359 3295 eenso
390 3238 736 3293 sacerdotali.

265 3331 592 3386 Continentia
628 3328 895 3382 sacerdotii
924 3343 1067 3381 soror
1094 3335 1184 3379 est.
1204 3324 1627 3380 —Conlinentia
1655 3339 1796 3392 pra:-

193 3425 336 3478 ditus
390 3424 491 3477 es?
543 3422 730 3475 Frater
774 3435 833 3474 es
886 3420 1203 3473 sacerdotis.
1247 3418 1616 3472 Sacerdotium
1664 3416 1800 3471 forte

196 3530 299 3569 non
335 3515 529 3577 habeo,
556 3513 942 3567 continentiam
976 3512 1167 3564 habeo.
1196 3509 1362 3565 Soror
1396 3519 1478 3563 est
1522 3508 1800 3561 continen-

196 3610 264 3661 tia
303 3623 422 3661 mca
455 3606 741 3662 sacerdotii
777 3606 871 3659 tui.
904 3605 1055 3659 Unde
1084 3604 1223 3659 hoc?
1264 3602 1472 3657 Etenim
1504 3603 1653 3656 illum
1681 3615 1800 3655 esse

196 3710 401 3752 castum
435 3708 671 3767 oportet,
703 3699 789 3767 qui
822 3697 1128 3752 sacerdotio
1157 3698 1412 3766 iungitur,
1457 3706 1511 3750 et
1551 3711 1659 3761 me,
1709 3694 1800 3764 qui

198 3792 363 3843 Deum
393 3793 589 3843 colam.
623 3790 675 3844 Si
709 3792 1009 3843 castitatem
1040 3790 1286 3853 habeam,
1318 3789 1677 3843 sacerdotium
1712 3803 1801 3841 ac-

196 3882 354 3949 cipio.
388 3881 667 3935 Uudenam
703 3880 846 3932 hoc?
876 3880 1036 3931 David
1073 3880 1279 3949 fugiens
1311 3894 1338 3931 a
1369 3880 1529 3933 Saulc
1562 3879 1709 3932 venit
1735 3878 1800 3932 ad

198 3974 551 4027 Abiatbarum
594 3972 669 4043 (a)
719 3987 984 4025 summum
1030 3970 1398 4031 sacerdotem,
1440 3970 1621 4037 aitque
1665 3969 1739 4022 illi
1787 3989 1798 4020 :

198 4068 279 4120 Da
312 4068 434 4119 nti/ti
462 4084 617 4135 partes
646 4066 719 4136 (Ι.
755 4064 883 4134 Reg.
911 4063 1000 4117 21.
1035 4064 1088 4117 5.
1117 4064 1197 4131 4),
1223 4063 1340 4131 quia
1368 4071 1586 4129 repente
1609 4062 1802 4112 missus

196 4177 315 4215 sum
347 4177 377 4214 a
403 4176 548 4228 rege,
574 4168 627 4212 et
657 4158 842 4211 viatica
872 4173 976 4211 non
1007 4155 1194 4209 haben.
1230 4156 1537 4222 Respttlltlcl
1560 4168 1801 4206 summus

197 4254 454 4307 sacerdos
491 4255 661 4321 legum
703 4252 907 4322 peritus
952 4267 965 4302 :
1001 4248 1123 4303 Non
1163 4264 1236 4303 est
1268 4249 1407 4301 nobis
1455 4248 1600 4315 panis
1643 4245 1799 4309 alius,

197 4350 297 4401 uisi
328 4349 475 4418 panis
504 4356 727 4407 sanctus,
760 4361 905 4412 quem
935 4360 1034 4395 non
1063 4345 1176 4395 licet
1206 4343 1314 4403 alii,
1348 4359 1499 4408 quant
1531 4340 1798 4403 sacerdoti,

198 4441 479 4494 comedere.
526 4438 660 4505 Quia
691 4438 852 4506 igitur
898 4435 1271 4488 necessitatem
1311 4432 1547 4493 videbat,
1582 4431 1804 4484 timebat

200 4550 328 4587 vero
358 4547 523 4600 panes
555 4530 930 4599 propesitionis
956 4529 1186 4593 tradere,
1211 4527 1401 4595 qumrit
1425 4527 1490 4579 ab
1517 4526 1579 4579 iis
1602 4525 1691 4594 qui
1720 4540 1805 4577 sa-

199 4627 453 4679 cerdotes
501 4640 607 4678 non
655 4633 830 4685 erant,
875 4638 939 4675 an
993 4622 1109 4691 puri
1155 4630 1355 4682 essent,
1406 4620 1641 4687 dicitque
1686 4636 1699 4670 :
1745 4618 1805 4670 Si

199 4719 381 4769 mundi
408 4727 525 4769 sunt
552 4717 695 4786 pueri
733 4716 820 4785 qui
861 4725 1023 4766 tecum
1063 4724 1181 4766 sunt
1224 4714 1284 4766 ab
1333 4713 1593 4777 uxoribus,
1639 4726 1800 4765 sume.

198 4806 599 4861 Continentiaiu
642 4807 782 4861 enim
813 4806 1033 4874 putabat
1062 4820 1182 4858 esse
1222 4805 1506 4858 sacerdotii
1536 4818 1801 4857 sororem.

203 4904 280 4955 Ac
328 4917 395 4953 ne
441 4903 561 4969 quis
610 4904 659 4954 in
706 4900 1029 4954 Calumniam
1079 4900 1374 4953 Sacerdotis
1421 4899 1595 4951 trahat
1642 4898 1801 4960 illud,

202 4992 345 5063 quod
383 5008 546 5059 panes
568 4994 766 5046 dederit
798 4994 878 5054 iis,
904 4993 989 5059 qni
1019 4992 1324 5045 sacerdotes
1352 5006 1454 5043 non
1479 4999 1653 5055 erant,
1681 4990 1803 5042 audi

202 5086 477 5157 quomodo
506 5086 763 5139 Servatur
793 5088 841 5138 id
867 5087 1013 5154 quasi
1045 5086 1209 5154 probe
1245 5084 1437 5137 factum
1472 5098 1805 5137 commemo-

201 5190 307 5237 ret.
338 5180 657 5234 lncusabant
687 5181 974 5247 aliquando
1003 5181 1275 5249 apostolos
1303 5177 1494 5239 Judmi,
1528 5176 1666 5245 quod
1697 5178 1807 5245 Spl-

202 5287 297 5328 cas
340 5271 616 5330 vellerent,
665 5278 717 5321 et
756 5272 999 5323 manibus
1035 5269 1393 5324 eool‘ricantes
1427 5268 1800 5331 eomederenl;

204 5364 401 5431 quibus
441 5362 515 5414 ait
555 5361 808 5413 Senator
842 5378 853 5412 :
892 5361 1012 5413 Non
1053 5362 1241 5431 legistis
1272 5363 1393 5430 quid
1423 5362 1593 5429 fecerit
1640 5360 1806 5413 David

205 5473 319 5507 cuni
347 5453 601 5507 esuriret?
631 5469 783 5521 panes
816 5454 1176 5519 propositionis
1201 5455 1435 5513 comedit,
1470 5470 1595 5521 quos
1626 5469 1724 5505 non
1753 5452 1807 5504 li-

206 5546 348 5599 cebat
380 5547 424 5597 ei
465 5545 742 5607 conradere,
778 5560 865 5595 nec
894 5546 952 5595 iis
980 5547 1065 5611 qui
1096 5562 1208 5597 cum
1239 5544 1329 5597 illo
1359 5557 1521 5610 erant,
1556 5545 1644 5597 sed
1686 5544 1807 5596 solis

206 5636 553 5690 sacerdotibus
582 5632 731 5703 (Luc.
764 5635 814 5689 6.
843 5636 894 5688 5.
929 5635 1007 5702 ιι).
1038 5636 1279 5691 Vidistin‘
1303 5653 1543 5691 sororem
1576 5652 1693 5691 esse
1719 5651 1807 5689 sa-

210 5818 349 5931 διδ5η)
386 5819 613 5867 Memoria
641 5817 816 5867 labitur
839 5816 1147 5866 Severianus.
1174 5818 1257 5867 Hic
1280 5819 1411 5867 enim
1445 5830 1543 5869 non
1560 5818 1807 5880 Ablatbar,

223 5896 231 5902 '
320 5878 611 5931 Acbimelec
636 5882 743 5931 eius
768 5886 904 5931 pater
928 5884 1049 5927 erat.

223 5878 297 5931 sed
320 5878 611 5931 Achimelec
636 5882 743 5943 ejus
767 5886 904 5940 pater
928 5884 1049 5927 erat.

1240 433 1325 487 DE
1362 425 1575 485 MUNDI
1614 416 2011 479 CREATH)NE
2050 420 2306 480 ORATIO
2346 425 2433 481 IV.

3389 434 3504 491 470

1914 540 2135 594 cerdotii
2166 540 2503 597 castitatem?
2533 540 2764 595 vidistin‘
2788 540 3057 611 quomodo
3081 541 3218 596 Deus
3246 556 3505 611 personas

1911 646 2015 685 nou
2045 633 2286 702 recipiat,
2318 632 2411 686 sed
2440 633 2716 688 veritatem
2746 631 3029 702 exploret?

1983 723 2070 778 10.
2114 724 2485 793 Prmparemus
2517 738 2614 779 nos
2643 740 2774 795 ergo
2801 725 2864 777 ad
2898 724 3328 786 beneﬁcentiam.
3354 735 3408 780 et
3438 726 3505 778 ad

1905 815 2187 883 justitiam,
2222 826 2278 870 ut
2299 817 2557 885 jejunium
2607 819 2718 872 alas
2759 818 3001 886 accipiat.
3044 798 3506 884 Quemadmodum

1909 909 2053 962 enim
2084 911 2197 964 avis
2226 912 2436 965 nonnisi
2469 912 2671 965 alarum
2710 926 2813 980 ope
2845 912 3024 966 volare
3064 921 3239 981 potest
3277 931 3290 966 :
3334 912 3411 966 sic
3454 924 3510 967 ct

1904 999 2166 1069 jejunium
2192 1002 2323 1057 duas
2346 1003 2503 1058 habet
2526 1004 2660 1073 alas,
2687 1005 2983 1059 orationem
3006 1014 3060 1058 et
3079 1004 3507 1076 eleemosynam.

1908 1095 2100 1163 quibus
2128 1096 2438 1150 destitutum
2469 1111 2680 1151 sursum
2716 1112 2934 1151 currere
2965 1096 3167 1164 nequit.
3205 1097 3335 1151 Vide
3371 1098 3512 1151 (Jor-

1910 1191 2107 1245 nelium
2133 1206 2253 1244 cum
2280 1190 2486 1258 jejunio
2514 1190 2595 1243 his
2620 1204 2833 1259 qunque
2858 1189 2958 1243 alis
2987 1191 3337 1255 instructum;
3371 1206 3512 1258 qua-

1912 1293 2130 1352 propter
2154 1292 2207 1337 et
2235 1298 2418 1337 vocem
2447 1282 2646 1335 audivit
2677 1282 2744 1335 de
2778 1282 2911 1335 czelo
2951 1300 2965 1335 :
2999 1281 3221 1346 Corneli,
3253 1284 3514 1336 orationes

1912 1385 2013 1427 tua:
2037 1386 2084 1426 et
2114 1375 2444 1444 eleemosyaa:
2469 1385 2569 1428 tua:
2594 1374 2927 1427 ascenderunt
2954 1376 3021 1425 ad
3048 1373 3213 1426 Deum
3249 1374 3382 1444 (Act.
3416 1375 3505 1427 ill.

1909 1470 1988 1539 4).
2024 1469 2190 1538 Finge
2219 1470 2414 1523 animal
2462 1484 2581 1524 esse
2620 1468 2903 1538 jejunium,
2947 1468 3242 1533 carissime,
3286 1468 3512 1537 ejusque

1910 1567 2021 1617 alas
2067 1579 2189 1618 esse
2228 1564 2622 1633 eleemosynatn
2674 1571 2728 1615 et
2771 1562 3108 1625 orationem;
3160 1562 3274 1614 sine
3319 1560 3511 1630 quibus

1910 1672 2122 1711 sursum
2155 1655 2279 1709 ferri
2311 1672 2413 1708 non
2447 1656 2633 1723 possit.
2663 1654 2763 1721 Qui
2790 1652 2907 1706 talis
2935 1662 3035 1717 est,
3072 1653 3169 1704 etsi
3195 1668 3301 1705 non
3327 1653 3512 1721 loqua-

1912 1761 2015 1810 tur,
2050 1750 2313 1818 justitiam
2342 1763 2529 1815 magna
2562 1762 2693 1799 voce
2724 1746 2938 1799 clamat.
2973 1745 3156 1813 Magna
3189 1746 3385 1813 quippe
3420 1745 3513 1812 ju-

1910 1842 2068 1895 stitia:
2093 1852 2310 1910 patrona
2346 1840 2511 1893 virtus
2537 1848 2637 1894 est.
2676 1838 2796 1891 Ideo
2825 1838 2953 1891 dicit
2977 1856 2989 1891 :
3018 1838 3243 1901 Exaudi,
3270 1837 3507 1901 Domine,

1908 1935 2156 2002 justitiam
2188 1949 2372 1985 meam.
2408 1932 2645 1985 Primum
2677 1931 2853 2001 itaque
2878 1931 3277 1999 maximumque
3310 1931 3508 1984 bonum

1910 2037 1992 2080 est
2017 2024 2209 2087 oratio,
2238 2026 2577 2094 eleemosyna
2610 2034 2665 2078 ct
2687 2025 2925 2092 justitia;
2958 2023 3100 2093 quod
3132 2034 3309 2078 autem
3337 2035 3510 2078 tutum

1912 2134 1993 2179 est
2023 2134 2076 2179 et
2108 2126 2483 2178 ineoncussum
2517 2125 2862 2193 omniumque
2908 2124 3079 2188 radix,
3114 2125 3207 2178 Dei
3250 2126 3507 2195 cognitio,

1915 2218 2179 2286 Unigeniti
2231 2217 2505 2280 adoratio,
2560 2216 2791 2285 Spiritus
2842 2218 3012 2271 sancti
3065 2217 3364 2283 confessio,
3406 2234 3511 2274 una

1912 2313 2043 2367 lides
2070 2313 2314 2376 indivisa,
2340 2327 2551 2373 secura,
2577 2321 2708 2378 tuta,
2736 2313 2894 2367 nullis
2919 2314 3156 2382 partibus
3178 2315 3362 2369 scissa.
3392 2315 3510 2369 Jam

1910 2407 2107 2459 dictum
2140 2416 2223 2459 est
2262 2406 2402 2475 quod
2435 2406 2675 2459 dicturus
2720 2420 2860 2470 sum,
2906 2417 3138 2461 attamen
3187 2423 3396 2460 rursum
3430 2407 3513 2461 di-

1909 2512 2044 2549 cam.
2094 2496 2233 2549 Deus
2275 2498 2488 2565 sapiens
2519 2512 2637 2549 cum
2686 2498 2773 2562 sit,
2822 2500 3063 2565 permisit
3106 2509 3164 2552 ut
3207 2500 3436 2553 lia-reses
3479 2515 3509 2552 a

1910 2587 2023 2639 suis
2049 2587 2359 2640 auctoribus
2401 2588 2849 2657 dogmalilmsque
2883 2605 3078 2643 nomen
3122 2589 3421 2655 baberent,
3452 2601 3510 2644 ut

1910 2676 2032 2733 hinc
2067 2681 2294 2748 liqueret
2337 2697 2440 2733 non
2476 2682 2565 2733 Dei
2609 2680 2942 2746 doctrinam,
2988 2683 3079 2736 sed
3114 2684 3388 2737 hominum
3423 2685 3507 2736 in-

1910 2786 2126 2830 ventum
2161 2792 2277 2831 esse
2306 2778 2516 2830 illorum
2548 2779 2863 2845 opiniones;
2897 2782 3125 2846 exempli
3171 2796 3328 2831 caiisa
3352 2821 3365 2841 ,
3401 2780 3511 2834 Ma-

1908 2871 2187 2923 cedoniani
2211 2887 2237 2921 a
2263 2870 2593 2934 Macedonio,
2622 2873 2802 2925 Ariani
2827 2874 2893 2927 ab
2928 2875 3071 2937 Ario,
3100 2874 3413 2927 Erinomiaui
3440 2874 3507 2927 ab

1909 2964 2189 3018 Eunomia.
2223 2964 2480 3017 Similiter
2510 2974 2561 3016 et
2592 2963 2811 3033 reliqua:
2845 2964 3097 3019 hmreses.
3126 2966 3506 3034 Apostolorum

1907 3074 2034 3112 vero
2060 3058 2217 3111 fidem
2246 3072 2365 3111 cum
2393 3059 2763 3112 intemeratam
2796 3073 3014 3114 servare
3041 3060 3219 3123 vellet,
3254 3075 3357 3112 non
3389 3074 3509 3128 per-

1907 3151 2052 3205 misit
2083 3161 2139 3205 ut
2165 3152 2231 3206 ab
2254 3151 2469 3207 homine
2496 3168 2691 3207 nomen
2722 3153 2980 3208 haberet:
3007 3154 3212 3206 etiamsi
3244 3153 3383 3207 enim
3412 3169 3509 3206 nos

1906 3254 2099 3300 vocent
2133 3245 2555 3306 llomnusiastas.
2591 3262 2694 3299 nnn
2738 3247 2835 3299 viri
2886 3258 3061 3301 tamen
3096 3262 3289 3301 nomen
3327 3247 3508 3314 profe-

1906 3346 2047 3399 runt,
2086 3336 2178 3389 sed
2211 3336 2366 3389 ﬁdem
2397 3336 2708 3405 pra-dicant.
2743 3337 2894 3402 Quod
2924 3337 3064 3390 enim
3108 3337 3174 3390 ab
3206 3336 3509 3389 hominibus

1906 3442 2099 3481 nomen
2146 3429 2362 3491 habere,
2411 3444 2515 3480 nnn
2560 3428 2629 3481 sil
2668 3428 2921 3490 ﬁdelium,
2965 3429 3056 3483 setl
3108 3426 3506 3487 ha'relicortnn,

1907 3521 1981 3572 ait
2032 3521 2225 3573 l’aulus
2265 3520 2574 3573 Corinthios
2620 3520 2943 3588 redargueus
2997 3538 3008 3572 :
3062 3520 3226 3572 Audio
3272 3521 3322 3571 in
3374 3520 3509 3571 vobis

1907 3613 2180 3665 schismata
2209 3630 2331 3673 esse,
2358 3629 2474 3664 nam
2496 3614 2628 3665 alius
2648 3612 2848 3682 quidem
2877 3612 2996 3664 dicit
3020 3628 3037 3663 :
3066 3610 3169 3679 Ego
3192 3628 3301 3663 sum
3335 3609 3505 3675 Pauli,

1907 3725 1997 3775 ego
2028 3717 2192 3759 autem
2224 3708 2428 3777 Apollo,
2462 3725 2551 3777 ego
2582 3724 2693 3759 vero
2720 3705 2907 3774 Cap/ia:
2937 3706 3011 3775 (l.
3044 3705 3157 3757 Cor.
3194 3706 3241 3757 1.
3280 3705 3365 3757 ll.
3396 3704 3507 3770 Η).

1914 3802 2097 3855 Videu‘
2120 3803 2186 3853 ab
2215 3802 2519 3855 hominilms
2548 3801 2841 3868 nuncupari
2871 3800 3216 3853 sebismatmn
3245 3814 3364 3853 esse
3389 3814 3510 3867 pro-

1909 3895 2121 3963 prium?
2152 3896 2343 3948 Annon
2376 3894 2478 3947 lide
2510 3894 2720 3962 dignior
2752 3892 2942 3945 Petrus
2984 3892 3332 3944 Macednum?
3361 3893 3509 3958 Apo-

1908 3990 2167 4041 stolorum
2198 3988 2411 4039 nomina
2440 3986 2647 4056 fugiunt
2680 4001 2801 4055 qua:
2828 3986 3012 4055 gloria:
3052 3983 3247 4037 01η-ὶηί
3281 3984 3505 4043 cedant;

1910 4092 1963 4135 tu
1996 4100 2121 4135 vero
2161 4082 2362 4135 scindis
2410 4080 2588 4143 fidem,
2635 4079 2922 4133 indivisum
2959 4095 3203 4148 regnum,
3239 4080 3511 4147 insepara-

1908 4173 2068 4227 bilem
2104 4173 2368 4240 gloriam?
2404 4172 2594 4223 Verum
2628 4171 2886 4223 hactenus
2917 4188 2929 4222 :
2963 4170 3221 4222 habemus
3248 4169 3388 4223 enim
3424 4171 3509 4221 lu-

1908 4280 2124 4319 cernam
2157 4273 2209 4317 et
2243 4264 2421 4317 lumen
2458 4282 2467 4314 :
2502 4278 2621 4315 nam
2654 4260 2885 4313 Lucerna
2917 4263 3124 4328 pedibus
3156 4262 3277 4314 meis
3306 4262 3511 4313 verbum

1912 4368 2071 4419 tuum,
2102 4366 2146 4408 et
2180 4357 2350 4409 lumen
2380 4356 2566 4408 semitis
2594 4354 2715 4406 meis
2746 4353 2916 4423 (Psal.
2960 4353 3079 4406 llS.
3114 4353 3260 4419 105).
3290 4351 3395 4406 Cur
3425 4352 3507 4406 ln-

1910 4450 2108 4505 cerna?
2136 4465 2229 4502 cur
2274 4448 2394 4501 lux?
2433 4447 2672 4500 Lucerna
2721 4446 2917 4515 quippe
2969 4443 3385 4509 catecltumenis,
3423 4443 3510 4498 lux

1909 4547 1973 4599 iis
2012 4545 2098 4615 qui
2142 4543 2332 4596 initiati
2376 4541 2646 4611 mysteriis
2681 4548 2822 4593 sunt.

1981 4638 2244 4707 Jejunium
2270 4651 2383 4687 cum
2412 4634 2553 4689 bonis
2582 4634 2813 4701 operibus
2839 4634 3165 4701 conjtmctum
3198 4646 3301 4683 esse
3344 4628 3506 4680 debet.

1911 4731 2142 4799 ——Rogo
2173 4729 2449 4783 caritatem
2479 4736 2732 4787 vestram,
2767 4733 2820 4777 ut
2849 4724 3220 4776 intemeratum
3250 4721 3509 4788 jejunium

1912 4834 2147 4877 vcstrmn
2196 4823 2442 4884 servetis,
2493 4818 2828 4887 impollutum
2881 4815 2949 4867 ab
2995 4814 3271 4881 injustitia,
3321 4826 3507 4879 purum

1912 4914 1979 4967 ab
2007 4915 2248 4967 avaritia.
2285 4911 2412 4964 Vide
2453 4908 2731 4962 stultitiam
2774 4922 2979 4968 eorum,
3014 4906 3101 4971 qui
3136 4903 3510 4957 abstinentiam

1913 5021 1940 5057 a
1987 5005 2120 5058 cibis
2157 5013 2445 5063 sectantur,
2495 5015 2590 5053 nec
2636 5007 2823 5051 curant
2862 5013 2889 5048 a
2944 4997 3173 5064 peccatis
3216 4995 3505 5047 abstinere.

1913 5100 2025 5152 Non
2064 5097 2207 5159 bibo,
2263 5096 2450 5163 inquit,
2499 5095 2699 5149 viuum.
2748 5106 2854 5143 non
2897 5090 3120 5142 comedo
3164 5089 3360 5151 oleum,
3407 5101 3509 5138 non

1914 5191 2016 5243 edo
2045 5204 2251 5242 carnes.
2286 5188 2427 5241 Bene
2459 5202 2586 5238 sane
2614 5186 2725 5236 lucc
2753 5191 2969 5251 propter
2993 5181 3157 5233 Deum
3191 5186 3472 5232 servantur
3498 5194 3509 5226 :

1916 5284 2027 5336 hcce
2060 5283 2195 5334 bona
2230 5288 2385 5342 sunt;
2419 5279 2510 5332 sed
2544 5292 2654 5331 rem
2685 5287 3007 5342 quzeramus.
3046 5272 3220 5331 Panis,
3256 5284 3410 5339 aqua,
3439 5267 3515 5318 vi-

1916 5392 2061 5437 nmn,
2096 5390 2305 5437 carnes,
2356 5373 2553 5431 oleum,
2606 5370 2717 5423 lucc
2758 5370 2933 5419 omnia
2982 5367 3072 5419 Dei
3122 5380 3283 5432 opera
3331 5371 3453 5415 sunt
3498 5375 3511 5411 :

1914 5471 2130 5524 avaritia
2186 5482 2342 5532 vero,
2390 5464 2646 5533 injustitia
2694 5472 2746 5516 et
2792 5462 3036 5531 impietas
3078 5473 3212 5529 opus
3249 5466 3371 5511 sunt
3400 5454 3513 5507 dia-

1916 5565 2040 5619 boli.
2075 5565 2114 5616 A
2153 5564 2241 5615 Dei
2272 5561 2521 5629 operibus
2564 5556 2801 5609 abstines
2844 5564 3061 5625 propter
3088 5552 3370 5621 jejunium,
3402 5557 3452 5601 et
3481 5564 3507 5599 a

1916 5658 2109 5713 diaboli
2142 5656 2395 5725 Operilius
2436 5668 2537 5704 non
2569 5650 2803 5704 abstines
2834 5657 3048 5715 propter
3084 5641 3381 5713 jejunium?
3410 5642 3511 5696 Pa-

1919 5754 2021 5817 nis,
2053 5750 2258 5813 vinum,
2292 5749 2488 5807 oleum,
2532 5752 2585 5797 et
2625 5743 2668 5795 si
2716 5755 2817 5810 qua
2864 5740 2985 5799 alia,
3032 5736 3122 5789 Dei
3172 5744 3295 5787 sunt
3327 5750 3513 5803 opera,

1919 5855 2105 5901 cuncta
2141 5846 2274 5898 booa
2310 5848 2362 5893 et
2402 5834 2687 5891 admodum
2732 5834 2885 5884 bona.
2924 5830 3007 5881 Ait
3045 5826 3241 5880 Paulus
3286 5844 3298 5881 :
3342 5824 3522 5881 Omnis
