3984 6490
460 493 569 547 471

448 596 684 642 creatura
711 583 806 638 Dei
833 584 984 648 bona,
1014 591 1059 636 et
1086 582 1216 637 nihil
1243 581 1595 649 reficiendum,
1624 581 1760 652 quod
1789 597 1906 636 cum
1933 598 2052 650 gra-

450 681 637 734 tiarum
667 679 864 732 actione
885 677 1225 746 percipiamus
1245 693 1262 729 :
1284 676 1632 744 suneti/icatur
1660 676 1793 729 enim
1821 692 1910 743 per
1935 691 2049 729 ver-

449 773 566 825 bum
591 768 688 824 Dei
709 779 760 823 et
785 768 1065 822 orationem
1097 766 1173 839 (l.
1205 766 1341 822 Tim.
1375 768 1429 824 ι.
1457 769 1509 822 4.
1535 767 1612 838 5).
1645 767 1700 822 Si
1732 782 1861 836 ergo
1888 767 2049 820 bene-

448 861 665 927 dicitur,
689 861 732 916 si
756 873 885 931 ergo
906 859 1290 927 sanctificatur,
1318 875 1415 914 cur
1435 858 1806 914 abstinemus?
1832 856 2048 928 lnjusti-

447 955 514 1008 tia
542 963 743 1022 autem,
774 953 1024 1020 avaritia,
1047 962 1102 1009 et
1123 954 1168 1008 si
1195 969 1301 1025 qua
1329 953 1457 1018 alia,
1484 952 1681 1008 diaboli
1712 959 1838 1008 sunt
1858 965 2045 1022 opera.

445 1046 530 1099 Ab
571 1045 824 1116 operibus
867 1045 964 1101 Dei
1005 1045 1244 1101 abstines
1298 1055 1522 1116 propter
1557 1047 1840 1118 jejunium,
1885 1058 1941 1102 et
1980 1044 2050 1100 ab

444 1137 698 1207 operibus
751 1137 951 1192 diaboli
1014 1153 1120 1192 non
1182 1138 1424 1193 abstines
1478 1147 1697 1210 propter
1750 1137 2048 1208 pietatem?

445 1229 627 1298 Atqui,
670 1229 884 1295 fratres,
933 1227 1193 1285 adversus
1236 1245 1358 1285 eum
1393 1231 1481 1300 qui
1521 1245 1627 1286 non
1669 1229 1894 1302 jejunnt,
1939 1243 2045 1284 non

445 1321 651 1389 prolata
684 1321 947 1376 sententia
971 1330 1074 1388 est,
1098 1321 1357 1377 adversus
1381 1337 1501 1376 eum
1529 1331 1729 1388 autem,
1754 1323 1841 1393 qui
1865 1322 2046 1391 inique

443 1415 572 1484 agit,
603 1429 818 1485 ptenam
861 1416 1262 1471 interminatur.
1297 1416 1381 1471 Ab
1424 1415 1490 1471 iis
1521 1431 1643 1486 qua:
1673 1417 1889 1471 innoxia
1919 1423 2046 1471 sunt

442 1519 733 1572 cavemus,
793 1521 891 1562 nec
940 1521 1195 1562 cavemus
1245 1507 1314 1563 ab
1368 1508 1468 1575 iis,
1520 1523 1640 1577 quae
1693 1520 1821 1563 sunt
1869 1507 2043 1575 culpa:

443 1598 691 1654 obnoxia.
725 1599 870 1654 Bona
901 1613 989 1655 res
1026 1609 1110 1656 est
1147 1601 1512 1673 cleemosyna,
1552 1617 1672 1671 qua:
1701 1601 1882 1673 specie
1919 1601 2041 1670 qui-

441 1688 562 1743 dem
592 1689 871 1760 dispergit,
905 1706 964 1745 re
1002 1699 1180 1745 autem
1223 1701 1530 1762 congregat.
1577 1692 2039 1759 Quemadmodum

441 1779 584 1833 enim
612 1781 844 1852 agricola
875 1791 1031 1838 terrae
1059 1784 1374 1849 faeneratur,
1394 1802 1456 1839 ex
1486 1801 1588 1855 qua
1617 1786 1821 1841 semina
1844 1800 2038 1853 esSpe-

441 1880 588 1927 ctat:
641 1873 719 1926 sic
763 1875 1106 1946 eleemosyna
1144 1875 1273 1931 dum
1319 1878 1436 1931 aliis
1470 1877 1586 1933 dari
1634 1878 1865 1943 videtur,
1916 1892 2040 1932 vere

440 1963 588 2018 danti
620 1967 882 2021 recondit.
915 1966 1048 2022 Nam
1074 1968 1147 2022 ait
1177 1969 1340 2024 David
1385 1987 1399 2024 :
1430 1969 1702 2039 Dispersit,
1738 1970 1876 2023 dedit
1906 1985 2038 2039 pau-

441 2054 662 2124 peribus,
688 2058 885 2126 iustitia
913 2059 1024 2129 eius
1050 2070 1216 2114 manet
1247 2062 1298 2115 in
1319 2061 1565 2116 stvculum
1599 2061 1770 2130 (Psal.
1806 2063 1928 2118 Ml.
1956 2061 2034 2130 9).

440 2145 528 2202 Sic
555 2147 881 2218 jejunemus,
911 2151 992 2207 sic
1016 2152 1324 2220 adoremus,
1357 2154 1434 2207 sic
1471 2154 1777 2217 credamus,
1826 2153 2036 2208 Patrem

438 2241 822 2309 glorificantes,
871 2243 1065 2299 Filium
1110 2245 1323 2316 hymnis
1371 2246 1736 2311 celebrantes,
1778 2245 2034 2313 Spiritum

437 2342 680 2390 sanctum
708 2336 1017 2402 adorantes,
1044 2338 1165 2408 quia
1191 2337 1289 2407 ipsi
1315 2337 1483 2408 gloria
1511 2338 1562 2392 in
1586 2338 1804 2395 smcula.
1838 2339 2030 2391 Amen.

686 2471 932 2542 Ejusdem
962 2472 1013 2526 in
1057 2473 1284 2542 quintam
1321 2472 1454 2526 diem
1493 2473 1781 2526 ereationis.

507 2608 559 2661 1.
587 2605 747 2662 Multa
775 2607 988 2677 quidem
1011 2623 1310 2680 magnaque
1337 2624 1367 2663 a
1389 2609 1772 2679 benignissimo
1797 2609 1906 2665 Deo
1938 2610 2034 2663 ho-

434 2697 668 2752 minibus
697 2712 951 2753 concessa
981 2714 1204 2753 munera
1228 2709 1386 2764 sunt;
1433 2700 1662 2770 primum
1708 2709 1887 2753 autem
1914 2702 2032 2767 ejus

435 2790 836 2859 maximumque
866 2789 1066 2844 donum
1092 2800 1174 2845 est
1209 2789 1604 2860 Seripturarum
1651 2792 1913 2848 doctrina.
1938 2793 2031 2849 Sol

432 2879 577 2933 enim
604 2889 659 2934 et
711 2881 854 2947 luna,
905 2884 1187 2951 omnisque
1230 2882 1504 2938 stellarum
1535 2883 1768 2950 chorus,
1811 2884 2030 2941 flumina

433 2971 585 3039 item,
618 2970 809 3036 fontes,
839 2981 896 3028 et
924 2972 1092 3040 lacus,
1117 2974 1184 3028 ad
1214 2989 1500 3045 corporum
1525 2992 1680 3031 usum
1705 2977 1842 3033 facta
1871 2988 1988 3034 sunt
2012 2995 2026 3045 ;

431 3078 601 3117 sacra:
629 3079 760 3119 vero
785 3064 1100 3136 Scriptum,
1145 3067 1212 3121 ad
1247 3070 1544 3124 animarum
1596 3073 2028 3129 emendationem

432 3163 557 3207 sunt
581 3155 737 3208 datin.
767 3155 979 3222 Quanto
1002 3167 1180 3212 autem
1209 3159 1384 3212 anima
1403 3173 1628 3229 oorpore
1652 3164 1898 3231 superior
1923 3173 2026 3232 est,

432 3255 582 3300 tanto
607 3249 855 3316 superius
883 3248 1004 3302 aliis
1049 3259 1133 3304 est
1171 3251 1472 3305 divinarum
1501 3251 1897 3322 Seripturarum
1928 3257 2028 3310 do-

430 3352 579 3391 num.
605 3337 729 3394 ldeo
755 3340 829 3394 ait
853 3338 1106 3395 Servator
1132 3361 1145 3396 :
1171 3341 1487 3397 Sci-utamini
1505 3344 1822 3413 Scripturas,
1841 3347 1892 3400 in
1917 3349 2030 3417 qui-

429 3429 521 3484 bus
565 3431 801 3485 videmini
847 3433 999 3486 vitam
1046 3442 1287 3488 teternam
1317 3435 1499 3490 habere
1543 3436 1736 3506 (Joan.
1783 3439 1839 3493 5.
1892 3437 2023 3510 59).

429 3520 745 3578 Scrutemur
763 3537 893 3595 ergo
923 3526 1204 3582 thesauros
1229 3527 1624 3597 Seripturarum
1645 3571 1660 3597 ,
1695 3539 1748 3584 et
1773 3546 1891 3602 quae
1913 3532 2029 3600 pol-

427 3611 557 3666 liciti
613 3629 800 3669 sumus
849 3614 1244 3685 aggrediamur,
1301 3619 1640 3691 hominisque
1693 3623 2021 3676 creationem

425 3718 524 3772 pro
553 3705 691 3758 virili
727 3715 906 3759 nostra
928 3706 1222 3762 ordiamur.
1255 3707 1425 3764 Nemo
1455 3726 1582 3764 vero
1602 3727 1810 3766 rursum
1839 3729 2022 3782 repre-

425 3794 624 3850 hcndat
676 3812 737 3851 ea
789 3813 907 3867 qua:
955 3800 1253 3854 accuratius
1298 3801 1686 3872 exploramus:
1728 3803 1831 3858 hoc
1879 3803 2020 3858 enim

425 3888 637 3944 illorum
689 3892 963 3961 proprium
1005 3903 1087 3947 est
1113 3894 1203 3963 qui
1232 3895 1416 3964 nugari
1445 3896 1681 3959 student,
1711 3911 1770 3951 ea
1803 3912 2025 3966 carpere

425 3997 544 4050 qua:
573 3997 601 4035 a
631 3983 739 4039 Deo
764 3993 961 4039 statuta
984 3994 1129 4051 sunt,
1161 3993 1216 4040 et
1237 4001 1298 4040 ea
1330 4002 1450 4058 quae
1471 3997 1723 4043 accurate
1774 3989 2024 4044 dicuntur

425 4075 844 4144 reprehendere.
879 4077 1068 4130 Audivi
1101 4077 1177 4130 sic
1201 4077 1505 4132 incusantes
1534 4096 1547 4130 :
1577 4079 1705 4146 Qua:
1733 4082 2024 4134 necessitas

423 4173 540 4220 erat
564 4166 631 4220 de
661 4167 780 4235 igne
809 4176 864 4221 et
908 4183 1043 4237 aqua
1087 4166 1201 4222 lucc
1244 4166 1426 4223 dicere
1451 4187 1463 4222 :
1488 4170 1677 4225 stridet
1707 4171 1865 4242 ignis,
1900 4187 2021 4227 cum

422 4272 558 4328 aqua
590 4260 640 4313 in
668 4273 796 4314 eum
846 4259 1123 4329 injicitur?
1151 4260 1281 4325 Nos,
1329 4261 1558 4328 aiebant,
1585 4279 1690 4319 non
1724 4281 1901 4320 rerum
1933 4282 2027 4320 na-

426 4352 676 4405 turalium
717 4350 1146 4421 disquisitionem
1191 4354 1502 4424 quaerimus,
1551 4355 1645 4411 sed
1698 4357 2020 4413 divinarum.

422 4443 572 4499 Scias
603 4451 778 4497 autem
814 4454 1046 4512 oportet,
1091 4446 1204 4499 lucc
1232 4447 1392 4501 verba
1427 4449 1735 4517 ignavorum
1773 4461 1825 4505 et
1877 4451 2022 4505 iner-

424 4538 553 4591 tium
577 4553 696 4592 esse
723 4538 1020 4592 hominum.
1051 4539 1178 4593 Post
1205 4539 1524 4610 theologiam
1549 4545 1690 4596 enim
1715 4561 1894 4599 rerum
1931 4563 2023 4599 na-

424 4629 675 4683 turalium
699 4631 970 4684 enarratio
993 4631 1174 4700 pietati
1193 4631 1595 4687 fundamentum
1619 4637 1824 4704 praebet
1845 4654 1858 4689 :
1881 4639 2019 4706 quod

425 4721 469 4774 si
527 4721 844 4776 naturalium
880 4738 1057 4776 rerum
1111 4725 1676 4781 commemorationem
1703 4727 2018 4795 eliminant,

424 4823 677 4869 accusent
703 4816 1011 4886 prophetas,
1044 4817 1316 4886 apostolos
1344 4829 1587 4888 arguant.
1625 4822 1913 4890 Apostolus
1938 4837 2022 4877 res

424 4907 696 4961 naturales
727 4916 959 4961 tractat:
1000 4926 1017 4958 ι
1057 4907 1174 4964 Νοη
1211 4910 1386 4964 omnis
1429 4925 1555 4964 caro
1612 4913 1799 4966 eadem
1849 4928 2018 4979 caro;

425 4997 518 5050 sed
574 4999 674 5051 alia
724 5014 851 5053 caro
908 4998 1203 5065 hominum,
1251 5000 1351 5053 alia
1392 5001 1777 5069 jmnentorum,
1811 5003 1911 5055 alia
1945 5003 2025 5069 pi-

426 5089 618 5153 scium,
651 5089 754 5142 alia
799 5090 1010 5151 avium;
1043 5099 1097 5144 et
1140 5105 1364 5159 corpora
1413 5093 1665 5155 cmlestia,
1699 5104 1751 5145 et
1795 5107 2022 5161 corpora

428 5188 637 5233 terrena
669 5197 689 5230 ι
735 5177 831 5249 (1.
879 5181 999 5235 Cor.
1031 5182 1118 5237 15.
1151 5179 1241 5238 59.
1284 5183 1353 5237 40
1377 5186 1415 5252 ).
1459 5183 1564 5237 Cur
1600 5185 1853 5238 naturalia
1883 5185 2024 5239 edis.

426 5271 557 5324 serit
587 5269 802 5332 Paulus,
835 5280 889 5324 et
909 5288 972 5325 ex
1002 5274 1216 5327 musicis
1242 5274 1607 5329 instrumentis
1629 5277 2023 5332 accusationem

428 5363 674 5429 instituit,
703 5371 759 5418 et
779 5365 848 5417 ait
873 5381 887 5419 :
928 5383 944 5416 ι
973 5364 1104 5419 Tam
1126 5366 1310 5432 multa,
1340 5376 1397 5420 ut
1430 5375 1575 5436 puta,
1597 5382 1790 5437 genera
1819 5370 2020 5441 lingua-

429 5470 549 5509 rum
582 5463 705 5508 sunt
735 5455 786 5509 in
819 5453 1038 5518 mundo,
1066 5465 1118 5509 et
1141 5456 1270 5510 nihil
1293 5458 1410 5511 sine
1435 5472 1565 5512 voce
1590 5458 1706 5512 est?
1736 5459 1948 5514 Etenim
1975 5462 2020 5515 si

429 5549 691 5602 incertam
725 5563 906 5602 vocem
930 5547 1135 5602 dederit
1161 5548 1304 5612 tuba,
1333 5551 1451 5620 quis
1473 5550 1681 5620 parabit
1710 5567 1767 5606 se
1798 5552 1863 5606 ad
1888 5568 2018 5623 pra:-

431 5641 602 5696 lium?
627 5644 739 5697 sive
762 5642 909 5707 tibia,
953 5641 1066 5696 sive
1094 5641 1316 5706 cithara,
1360 5642 1460 5697 nisi
1491 5644 1885 5699 distinctionem
1936 5661 2022 5700 so-

431 5735 640 5790 nituum
669 5735 934 5800 dederint,
965 5733 1231 5805 quomodo
1264 5747 1618 5803 cognoscetur
1647 5737 1696 5792 id
1726 5740 1864 5808 quod
1897 5740 2019 5794 tibia

433 5836 526 5882 aut
570 5827 710 5896 quod
744 5826 946 5880 cithara
1001 5827 1208 5881 canitur
1245 5845 1263 5877 ›
1299 5826 1392 5894 (1.
1430 5826 1547 5881 Cor.
1580 5831 1667 5883 14.
1701 5831 1785 5883 ll).
1819 5831 1869 5884 8.
1905 5831 2024 5898 7)?

437 5917 574 5988 Quid
603 5919 748 5974 Pauli
770 5920 942 5988 lingua
983 5931 1267 5974 commune
1297 5917 1530 5973 habebat
1560 5935 1680 5974 cum
1715 5923 1838 5976 tibia
1868 5933 1918 5978 et
1942 5925 2018 5979 ci-

1874 457 2257 520 SEVERIANI

3654 502 3763 555 472

2162 577 2355 635 tbara?
2381 578 2487 635 Sed
2516 579 2925 651 philosrmhatnr
2970 598 3040 640 ex
3086 585 3151 641 iis
3194 602 3316 658 qua:
3346 589 3447 645 sub
3482 603 3761 663 aspectum

2155 669 2377 735 eadunt,
2411 679 2468 725 ut
2506 686 2568 726 ea
2595 671 2833 727 declaret
2869 689 2990 743 qum
3029 675 3302 732 intellectu
3334 682 3754 750 perspiciuntur.

2155 761 2295 831 Quid
2350 778 2571 820 necesse
2621 775 2739 820 erat
2782 767 2834 821 in
2890 767 3026 821 libro
3072 767 3195 836 Job,
3245 771 3314 826 de
3363 780 3441 826 tot
3493 777 3761 845 tantisque

2156 853 2490 908 naturalibus
2560 855 2725 910 rebus
2792 859 3045 913 tractari?
3103 877 3123 911 ε
3177 859 3372 917 Leonis
3441 862 3700 918 fortitudo
3740 907 3757 933 ,

2155 949 2340 1004 letente
2363 964 2487 1016 vox,
2515 950 2764 1020 superbia
2810 951 3104 1008 draconum
3152 955 3415 1010 exstincta
3461 965 3565 1012 est.
3615 958 3758 1028 Myr-

2155 1042 2431 1098 mecoleon
2494 1044 2692 1113 periit,
2755 1059 2820 1100 eo
2885 1045 3027 1114 quod
3093 1061 3200 1102 non
3275 1046 3498 1104 haberet
3556 1065 3754 1106 eseam.

2154 1134 2289 1188 Pulli
2336 1143 2514 1190 autem
2559 1136 2827 1191 vulturum
2856 1137 2961 1192 alte
2987 1137 3171 1192 volant
3195 1157 3214 1191 ι
3246 1137 3400 1211 (Job.
3425 1140 3477 1194 ι.
3510 1140 3599 1195 10.
3632 1143 3689 1196 Η
3717 1147 3760 1210 ).

2151 1228 2262 1282 Cur
2310 1229 2448 1282 alius
2497 1228 2754 1298 propheta
2813 1230 3063 1296 dicebat,
3128 1249 3147 1283 α
3175 1229 3457 1298 Quomodo
3495 1233 3539 1286 si
3583 1244 3758 1288 sumat

2152 1318 2238 1373 leo
2261 1328 2316 1374 et
2343 1322 2536 1391 rapiat,
2578 1330 2737 1392 atque
2764 1323 2937 1392 rugiat
2961 1337 3125 1392 super
3155 1323 3413 1392 pra'dam,
3433 1334 3489 1379 et
3509 1326 3759 1395 replean-

2152 1421 2241 1466 tur
2266 1421 2474 1468 montes
2503 1428 2635 1468 voce
2657 1413 2772 1483 ejus
2806 1433 2825 1466 ι
2887 1413 3054 1484 (Isai.
3103 1415 3272 1489 5L4)
3301 1417 3322 1468 ?
3362 1414 3590 1487 Ipseque
3635 1419 3756 1473 Scr-

2148 1512 2303 1559 vator
2329 1503 2399 1560 de
2442 1504 2773 1560 naturalibus
2819 1506 2977 1560 rebus
3021 1507 3460 1563 sermocinatur:
3508 1526 3528 1560 ‹
3565 1508 3752 1563 Simile

2148 1604 2231 1650 est
2257 1610 2480 1666 regnum
2524 1595 2776 1650 caelorum
2824 1611 2994 1666 grano
3033 1596 3258 1666 sinapis,
3285 1596 3429 1668 quod
3474 1599 3754 1654 minimum

2146 1697 2229 1741 est
2254 1688 2503 1743 omnibus
2532 1689 2849 1755 seminibus,
2880 1704 3002 1744 cum
3041 1699 3221 1745 autem
3265 1693 3522 1757 creverit,
3581 1694 3756 1764 majus

2145 1787 2230 1834 est
2258 1780 2508 1835 omnibus
2527 1780 2762 1836 oleribus
2796 1800 2815 1834 ι
2862 1780 3085 1851 (Matth.
3120 1782 3207 1836 15.
3231 1783 3321 1838 3i.
3359 1783 3429 1837 52
3453 1784 3471 1854 )
3499 1802 3512 1837 :
3537 1799 3602 1839 ac
3631 1801 3752 1838 rur-

2146 1883 2306 1924 sum:
2345 1888 2365 1921 ι
2428 1869 2616 1926 Simile
2669 1879 2751 1925 est
2806 1886 3028 1942 regnum
3070 1873 3346 1939 caelorum,
3397 1873 3754 1943 quemadmo-

2145 1961 2273 2016 dum
2304 1963 2347 2016 si
2375 1962 2539 2016 homo
2556 1962 2714 2032 jaciat
2767 1972 3064 2017 sementem
3097 1977 3267 2025 suam,
3302 1975 3358 2019 et
3385 1965 3675 2034 germinet,
3703 1975 3756 2020 et

2145 2065 2376 2122 crescat,
2416 2054 2544 2110 dum
2573 2056 2744 2111 nescit
2775 2055 2866 2110 ille
2902 2073 2914 2110 :
2953 2055 3094 2111 ultro
3126 2057 3269 2110 enim
3299 2067 3440 2111 terra
3462 2059 3752 2127 germinat,

2146 2149 2320 2220 primo
2341 2149 2586 2215 herbam,
2602 2148 2799 2204 deinde
2815 2150 3017 2220 Spicum
3041 2168 3054 2204 :
3074 2149 3269 2205 deinde
3296 2150 3532 2205 triticum
3566 2149 3754 2220 implet

2145 2245 2199 2300 in
2226 2245 2372 2314 spica
2407 2263 2431 2296 ι
2465 2241 2670 2316 (Marc.
2713 2242 2767 2298 ι.
2801 2242 2970 2297 26-28
2996 2242 3036 2313 ).
3089 2241 3414 2298 Naturaliter
3468 2242 3636 2298 etiam
3684 2242 3750 2296 de

2143 2336 2277 2392 ctelo
2302 2344 2493 2391 tractat
2527 2335 2782 2391 Servator
2821 2350 2835 2388 :
2873 2352 2892 2387 ‹
2931 2333 2986 2390 Si
3017 2334 3231 2400 czelum,
3280 2333 3474 2404 inquit,
3525 2348 3752 2403 vespere

2145 2431 2364 2484 rubrum
2396 2429 2570 2494 fuerit,
2605 2428 2806 2496 dicitis,
2838 2428 3101 2483 Serenum
3136 2429 3259 2495 erit,
3290 2427 3448 2482 rubet
3471 2428 3616 2482 enim
3640 2442 3720 2482 ca:

2143 2521 2251 2576 lum
2281 2539 2294 2576 :
2326 2531 2381 2578 et
2406 2521 2505 2576 sub
2530 2520 2840 2585 diluculum,
2865 2520 3036 2575 Hodie
3061 2520 3231 2575 imber
3251 2519 3353 2574 erit
3377 2537 3389 2572 :
3418 2520 3575 2573 rubet
3601 2518 3749 2573 enim

2142 2616 2294 2671 triste
2318 2614 2507 2669 cadum
2546 2633 2566 2666 ι
2602 2612 2921 2684 (MatthJﬁ.
2947 2611 3005 2666 ἢ.
3025 2613 3060 2667 5
3080 2612 3123 2683 ).
3153 2610 3290 2680 Quid
3321 2609 3405 2666 his
3429 2624 3565 2679 opus
3594 2609 3750 2664 erat?

2141 2704 2267 2760 llmc
2297 2705 2418 2759 dico
2447 2715 2666 2774 pr0pter
2685 2718 2780 2758 eos
2800 2704 2888 2774 qui
2911 2703 3099 2758 inscite
3129 2701 3531 2774 reprehendere
3558 2715 3750 2771 aggre-

2138 2795 2376 2851 diuntur.
2431 2795 2508 2850 De
2563 2795 2674 2849 Deo
2700 2804 2946 2849 movetur
2975 2809 3176 2862 sermo,
3217 2803 3272 2848 et
3315 2801 3624 2848 accuratam
3650 2791 3750 2846 do-

2139 2887 2327 2942 ctrinae
2365 2885 2762 2940 enarrationem
2819 2885 3007 2940 audire
3047 2885 3267 2940 renuis?
3318 2883 3545 2950 Quando
3587 2883 3748 2954 igitur

2138 2978 2470 3049 propositum
2492 2985 2576 3032 est
2605 2993 2699 3046 per
2725 2977 2959 3032 divinam
2986 2978 3208 3047 gratiam
3231 2976 3298 3030 de
3329 2975 3563 3030 hominis
3593 2989 3749 3029 crea-

2138 3070 2284 3125 tione
2313 3084 2621 3124 sermoncm
2648 3069 2869 3136 habere,
2903 3084 3008 3123 non
3040 3084 3137 3137 pro
3178 3069 3254 3123 rei
3305 3067 3586 3139 dignitate,
3647 3067 3746 3121 sed

2137 3178 2234 3233 pro
2267 3161 2517 3218 facultate
2546 3170 2727 3215 nostra
2763 3176 2941 3231 opera:
2969 3161 3196 3231 pretium
3227 3169 3309 3215 est
3347 3158 3413 3213 ad
3444 3173 3742 3228 argumen-

2139 3264 2248 3310 tum
2281 3254 2592 3325 procedere.
2920 3267 2922 3273 '

2206 3349 2262 3403 2.
2288 3347 2549 3403 Ornatum
2577 3361 2733 3401 suum
2756 3355 3038 3416 acceperat
3067 3343 3279 3410 caelum,
3310 3352 3450 3398 terra
3479 3341 3746 3397 fructibus

2134 3449 2390 3497 coronata
2413 3448 2548 3502 erat,
2574 3453 2726 3509 aqua:
2748 3439 2911 3492 maris
2935 3447 3226 3507 segregata».
3262 3436 3501 3505 fuerant,
3544 3437 3745 3506 stirpes

2133 3538 2570 3604 germinaverant
2594 3571 2606 3592 ,
2637 3531 2807 3584 bruta:
2835 3531 3136 3584 animantes
3167 3528 3442 3599 producta:
3489 3527 3741 3594 fuerant,

2135 3625 2336 3695 repleta
2368 3631 2484 3678 erat
2514 3633 2680 3687 terra,
2710 3630 2900 3675 ornata
2929 3632 3043 3675 erat
3072 3620 3286 3684 domus,
3332 3618 3746 3673 desiderabatur

2134 3716 2374 3770 omnium
2406 3729 2524 3783 quae
2555 3711 2692 3766 facta
2740 3712 2953 3766 fuerant
3005 3713 3166 3766 herus
3213 3720 3268 3765 ct
3326 3709 3737 3780 paterfamilias.

2135 3806 2279 3861 Dixit
2318 3805 2457 3859 Deus
2481 3821 2500 3858 .‘
2526 3802 2800 3858 Faciamus
2826 3805 3079 3857 hominem
3112 3803 3181 3855 ad
3208 3802 3478 3873 imaginem
3513 3811 3560 3854 et
3593 3802 3744 3856 simi-

2135 3898 2395 3952 litudinem
2427 3894 2839 3964 nostram(6en.
2889 3896 2941 3947 l.
2979 3893 3106 3964 36).
3163 3892 3596 3947 Demonstratum
3654 3901 3746 3947 est

2133 3989 2325 4059 pridie,
2351 4002 2469 4058 qua:
2495 3988 2564 4041 sit
2595 3986 2737 4040 illius
2763 3987 2910 4041 vocis
2940 3986 3039 4048 vis,
3074 3982 3370 4046 Faciamus,
3413 3995 3466 4038 et
3498 3983 3617 4054 quis
3651 3985 3743 4037 cui

2131 4081 2381 4151 loquatur
2419 4097 2432 4133 :
2465 4080 2583 4149 quis
2622 4078 2981 4144 consiliarius,
3015 4087 3067 4131 et
3121 4077 3272 4147 cujus
3315 4076 3384 4129 sit
3434 4075 3746 4129 communis

2131 4169 2470 4225 deliberatio.
2508 4169 2705 4224 Verum
2756 4170 2877 4238 quia
2910 4183 2973 4223 ex
3019 4167 3312 4237 Scripturis
3360 4166 3741 4233 ostendimus,

2129 4263 2495 4319 consiliarium
2527 4262 2731 4332 antiqui
2775 4261 2917 4316 illius
2961 4261 3170 4316 consilii
3211 4259 3406 4316 Filium
3458 4276 3617 4324 esse,
3673 4275 3745 4314 ac

2131 4358 2366 4428 Spiritus
2396 4355 2564 4410 sancti
2592 4355 2816 4424 gloriam
2864 4354 3160 4419 tacuimus;
3213 4368 3280 4407 ne
3327 4367 3393 4406 ex
3443 4351 3602 4405 nobis
3644 4353 3741 4420 qui

2130 4452 2245 4503 sani
2275 4463 2482 4512 smnus,
2515 4447 2548 4500 ii
2581 4448 2666 4516 qui
2705 4455 2965 4515 a-grotant
2987 4447 3296 4499 occasiones
3325 4451 3565 4512 captent,
3596 4442 3743 4497 scire

2129 4547 2359 4602 oportet,
2396 4554 2553 4592 unam
2586 4553 2704 4591 esse
2733 4537 2978 4606 gloriam,
3014 4551 3171 4589 unam
3196 4539 3541 4596 sententiam,
3567 4550 3740 4588 unum

2129 4637 2444 4699 operantem
2470 4643 2771 4682 sermonem
2799 4627 2991 4688 Patris,
3021 4635 3073 4680 et
3105 4625 3221 4680 Filii
3253 4635 3307 4680 et
3340 4624 3577 4693 Spiritus
3607 4640 3742 4679 san-

2129 4726 2219 4775 cti.
2245 4720 2557 4789 Appellatus
2579 4731 2660 4772 est
2681 4719 2766 4772 hic
2789 4719 3126 4772 consiliarius
3155 4717 3352 4771 Filius:
3377 4717 3502 4770 alibi
3531 4717 3739 4771 dictum

2129 4827 2229 4881 est,
2283 4815 2375 4869 Dei
2417 4814 2697 4867 scientiam
2746 4813 3012 4865 neminem
3057 4810 3273 4874 habere,
3323 4809 3421 4862 nisi
3474 4810 3741 4879 Spiritum

2128 4913 2395 4961 sanctum.
2423 4903 2504 4958 Ait
2531 4902 2727 4957 Paulus
2758 4921 2770 4955 :
2800 4899 2967 4955 Nemo
2997 4901 3088 4954 scit
3109 4916 3223 4968 qua!
3237 4910 3350 4953 sunt
3368 4900 3608 4965 licininis,
3637 4902 3741 4954 nisi

2128 4998 2339 5068 spiritus
2374 4995 2613 5060 hominis,
2651 4994 2739 5064 qui
2783 4994 2834 5046 in
2876 4993 2987 5062 ipso
3017 5004 3088 5046 est
3118 5009 3136 5045 :
3158 4993 3228 5044 ita
3250 5000 3294 5044 et
3322 5006 3436 5060 qua:
3467 4989 3565 5044 Dei
3618 5003 3742 5046 sunt

2131 5106 2278 5143 nemo
2306 5088 2558 5158 cognovit,
2590 5086 2686 5139 nisi
2744 5083 2971 5154 Spiritus
3019 5082 3116 5136 Dei
3169 5084 3250 5151 (Ι.
3277 5081 3396 5135 Cor.
3431 5082 3486 5135 ἓ.
3519 5083 3580 5138 Η
3611 5085 3648 5150 ).
3677 5085 3738 5140 Si

2131 5181 2371 5250 Spiritus,
2412 5178 2604 5247 quiest
2634 5177 2686 5230 in
2715 5184 2788 5240 te,
2836 5190 2864 5228 a
2913 5185 2999 5229 tua
3031 5175 3329 5228 substantia
3372 5175 3585 5230 alienus
3627 5189 3737 5238 est.

2131 5276 2288 5329 etiam
2303 5273 2391 5341 qui
2413 5274 2463 5325 in
2482 5272 2590 5326 Deo
2604 5269 2923 5338 estSpiritus
2941 5269 3145 5322 alienus
3157 5277 3239 5322 est
3252 5287 3278 5320 a
3298 5269 3389 5324 Dei
3407 5271 3734 5325 substantia.

2203 5367 2399 5430 Patris,
2432 5363 2560 5418 Filii
2597 5374 2642 5418 et
2677 5363 2903 5433 Spiritus
2929 5363 3090 5415 sancti
3115 5379 3217 5415 una
3236 5362 3489 5416 voluntas.
3512 5394 3584 5404 —
3608 5365 3740 5418 Vult

2130 5458 2328 5530 aliquid
2363 5455 2558 5511 Pater?
2609 5454 2808 5508 Eadem
2852 5453 3099 5507 voluntas
3152 5463 3206 5507 et
3250 5453 3367 5508 Filii
3405 5461 3460 5508 et
3500 5455 3740 5522 Spiritus

2132 5551 2302 5606 sancti
2347 5556 2450 5604 est.
2483 5546 2609 5601 Vult
2663 5545 2862 5615 aliquid
2911 5543 3114 5599 Filius?
3144 5544 3343 5599 Eadem
3398 5546 3648 5598 voluntas
3679 5557 3738 5599 et

2131 5644 2305 5698 Patris
2334 5651 2387 5696 et
2424 5637 2656 5709 Spiritus
2696 5649 2797 5691 est.
2835 5636 2959 5691 Vult
2999 5637 3197 5706 aliquid
3229 5636 3496 5705 Spiritus?
3528 5637 3734 5691 Eadem

2134 5736 2380 5788 voluntas
2413 5744 2463 5788 et
2495 5731 2666 5786 Patris
2703 5739 2758 5785 et
2789 5729 2929 5785 Filii.
2971 5730 3203 5785 Suscitat
3245 5730 3401 5783 Pater
3447 5735 3740 5784 mortuos?

2131 5830 2363 5887 Suscitat
2388 5836 2442 5881 et
2480 5825 2664 5880 Filius.
2713 5826 2800 5879 Ait
2841 5825 3036 5894 quippe
3073 5824 3341 5886 Servator,
3393 5823 3540 5878 Sicut
3594 5827 3738 5879 enim

2138 5921 2296 5976 Pater
2325 5915 2530 5973 suscitat
2580 5929 2807 5971 mortuos
2848 5927 2897 5971 et
2926 5919 3162 5986 vivi/ient,
3193 5917 3264 5969 sic
3313 5928 3359 5970 et
3403 5915 3575 5972 Filius
3603 5935 3736 5980 quos
