3984 6424
225 354 340 407 471

201 463 319 518 τῶν
354 463 530 535 ἔργων
573 463 671 518 τοῦ
715 463 965 519 διαϐόλου
1013 468 1073 521 οὐ
1122 470 1334 544 χωρίζῃ
1379 471 1446 525 δι’
1481 473 1796 536 εὐσέϐειανς

201 554 321 606 Καὶ
357 552 493 623 μὴν,
522 552 776 622 ἀδελφοὶ,
805 554 946 608 κατὰ
977 555 1073 609 τοῦ
1121 558 1196 629 μὴ
1233 559 1585 630 νηστεύοντος
1617 561 1799 630 κρίσις

197 640 302 709 οὐχ
325 639 557 710 ὥρισται
580 656 594 671 ⁸
630 641 770 694 κατὰ
795 640 852 694 δὲ
877 641 973 695 τοῦ
1001 642 1314 710 ἀδικοῦντος
1335 648 1609 718 τιμωρίαν
1641 649 1800 718 ἠπεί-

195 723 388 794 λησεν.
424 725 506 779 Τά
542 727 812 780 ἀνεύθυνα
860 727 1157 800 φεύγομεν,
1210 733 1304 786 καὶ
1349 735 1418 788 τά
1454 735 1686 790 ὑπόδικα
1731 737 1792 789 ού

195 814 510 884 φεύγομεν;
551 816 781 885 Ἀγαθὸν
821 820 854 890 ἡ
885 817 1226 893 ἐλεημοσύνη
1246 839 1260 852 ·
1294 825 1360 894 τῇ
1409 823 1510 893 μὲν
1539 824 1648 896 γάρ
1674 826 1794 894 ὄψει

194 903 612 975 σκορπιζομένη
636 947 650 971 ,
684 908 745 976 τῇ
776 905 832 959 δέ
869 906 1098 978 ἀληθείᾳ
1148 911 1393 978 συνάγει.
1427 913 1637 985 Ὥσπερ
1683 914 1793 984 γάρ

190 991 447 1062 γεωργὸς
475 995 543 1073 τῇ
577 995 646 1064 γῇ
677 993 929 1060 δανείζει,
985 995 1080 1066 ἀφ’
1109 991 1178 1069 ἦς
1207 998 1487 1070 ἐκδέχεται
1522 1001 1592 1054 τά
1623 1002 1794 1073 σπέρ-

192 1095 348 1148 ματα
375 1095 390 1110 ο
426 1072 598 1142 οὕτως
629 1081 663 1151 ἡ
713 1080 1055 1154 ἐλεημοσύνη
1105 1083 1256 1139 δοκεῖ
1282 1087 1382 1157 μὲν
1427 1088 1608 1152 ἄλλοις
1649 1072 1790 1143 δίδο-

190 1164 342 1230 σθαι,
364 1168 431 1236 τῇ
459 1166 519 1219 δέ
541 1166 771 1238 ἀληθείᾳ
797 1167 876 1237 τῷ
898 1167 1154 1224 δεδωκότι
1176 1173 1520 1242 ταμιεύεται.
1541 1176 1790 1246 Ἐσκόρ-

189 1267 338 1305 πισε
365 1253 497 1326 γὰρ,
547 1256 710 1326 φησὶν
741 1257 770 1309 6
815 1254 980 1310 Δαυῒδ
1001 1297 1016 1322 ,
1044 1257 1228 1314 ἔδωκε
1277 1261 1401 1328 τοῖς
1435 1263 1718 1333 πένησιν,
1748 1267 1788 1334 ἠ

184 1337 556 1410 δικαιοσύνη
587 1341 774 1396 αὐτοῦ
813 1343 984 1412 μένει
1011 1347 1100 1410 είς
1124 1346 1230 1400 τὸν
1253 1348 1462 1405 αἰῶνα.
1507 1350 1666 1405 Οὕτω
1693 1371 1789 1424 νη-

188 1425 512 1496 στεύσωμεν
532 1468 548 1492 ,
589 1428 731 1483 οὕτω
779 1434 1272 1506 προσκυνήσωμεν,
1303 1436 1448 1492 οὕτω
1480 1441 1787 1494 πιστεύσω-

189 1529 315 1583 μεν,
345 1514 440 1566 τὸν
474 1515 696 1588 Πατέρα
728 1516 1063 1585 δοξάζοντες,
1095 1521 1188 1574 τὸν
1221 1522 1351 1577 Υίὺν
1377 1524 1698 1596 ὑμνοῦντες,
1725 1527 1786 1582 :6

187 1599 418 1671 Πνεῦμα
442 1600 505 1653 :6
532 1602 686 1672 άγιον
711 1605 1172 1676 προσκυνοῦντες,
1203 1609 1287 1664 ὅτι
1314 1611 1462 1683 αύτῷ
1490 1615 1524 1684 ή
1548 1612 1675 1682 δόξα
1705 1617 1786 1680 είς

184 1689 311 1753 τοῦς
342 1689 576 1754 αἰῶνας.
627 1691 823 1764 Ἀμήν.

189 1840 302 1897 Τοῦ
327 1842 526 1897 αὐτοῦ
549 1845 634 1911 είς
655 1843 771 1914 τὴν
820 1846 1101 1937 πέμπὺτην
1150 1851 1381 1926 ἡμέραν
1414 1853 1524 1924 τῆς
1555 1871 1782 1926 κοσμο-

867 1933 1085 1984 ποιῖας.

256 2066 324 2113 α’.
352 2060 533 2114 Πολλά
557 2062 655 2130 μὲν
689 2064 782 2118 καὶ
809 2067 1023 2136 μεγάλα
1055 2069 1124 2123 τὰ
1144 2070 1297 2141 παρά
1334 2071 1432 2125 τοῦ
1462 2071 1769 2144 φιλανθρώ-

183 2169 287 2204 που
304 2153 443 2206 Θεοῦ
463 2157 573 2218 τοῖς
600 2155 908 2228 ἀνθρώποις
920 2160 1274 2233 δεδωρημένα
1292 2180 1305 2194 ·
1327 2164 1517 2236 πρώτη
1538 2166 1593 2218 δὲ
1613 2166 1779 2221 αὐτοῦ

183 2248 278 2300 καὶ
305 2248 542 2318 μεγίστη
573 2249 765 2304 πασῶν
794 2251 1014 2323 δωρεῶν
1043 2255 1075 2326 ἡ
1104 2254 1214 2308 τῶν
1250 2256 1486 2328 Γραφῶν
1525 2258 1780 2314 διδασκα-

181 2337 289 2393 lia.
326 2340 515 2402 Ἥλιος
562 2343 660 2412 μέν
708 2343 818 2415 γάρ
864 2346 960 2399 καὶ
1015 2347 1248 2419 σελήνη,
1299 2351 1393 2404 καὶ
1439 2353 1545 2416 πᾶς
1586 2355 1614 2407 6
1669 2356 1778 2409 τῶν

179 2429 398 2503 ἄστρων
435 2436 615 2506 χορὸς,
664 2439 758 2491 καὶ
806 2441 1042 2511 ποταμοὶ
1084 2445 1180 2496 καὶ
1222 2446 1399 2516 πηγαὶ
1445 2447 1538 2499 καὶ
1591 2447 1776 2517 λίμναι

180 2524 317 2594 1:96;
347 2527 450 2596 τὴν
481 2526 591 2579 τῶν
625 2530 894 2599 σωμάτων
920 2532 1219 2603 θεραπείαν
1248 2538 1579 2609 γεγένηνται
1602 2557 1612 2568 ·
1634 2543 1689 2593 αἱ
1717 2542 1775 2594 δὲ

177 2619 332 2687 ᾶγιαι
355 2620 396 2671 Γ
401 2622 573 2691 ραφαὶ
603 2621 740 2694 1:96;
765 2623 864 2695 τὴν
893 2623 1001 2680 τῶν
1037 2626 1229 2699 ψυχῶν
1259 2630 1547 2702 διόρθωσιν
1588 2634 1775 2707 ἐδόθη-

176 2729 277 2770 σαν
297 2731 312 2743 ·
370 2713 483 2784 ὅσῳ
512 2714 568 2768 δὲ
623 2715 894 2786 σωμάτων
923 2718 1180 2793 ἀνωτέρα
1201 2722 1370 2794 ψυχὴ,
1396 2725 1636 2796 τοσούτῳ
1665 2729 1774 2783 τῶν

172 2805 350 2860 ἄλλων
377 2806 597 2878 δωρεῶν
636 2808 888 2882 ἀνωτέρα
937 2813 971 2884 ή
1003 2812 1113 2866 τῶν
1165 2813 1327 2869 θείων
1361 2815 1613 2887 Γραφῶν.
1672 2820 1771 2874 Διά

174 2897 333 2950 τοῦτο
353 2898 504 2965 λέγει
525 2900 552 2953 6
572 2900 764 2971 Σωτήρ
787 2917 798 2929 ·
838 2901 1150 2971 Ἐρευνᾶτε
1169 2905 1276 2972 τὰς
1297 2907 1562 2978 Γραφὰς,
1585 2909 1656 2965 ἐν
1675 2905 1773 2977 αἷς

171 2988 404 3046 δοκεῖτε
445 2990 598 3062 ζωὴν
621 2992 862 3048 αἰώνιον
906 2995 1091 3066 ἔχειν.
1137 2999 1550 3074 Ἑρευνήσωμεν
1591 3005 1771 3058 τοίνυν

169 3082 294 3146 τοὺς
335 3084 647 3156 θησαυροὺς
697 3086 808 3139 τῶν
857 3087 896 3139 Γ
904 3089 1114 3159 ραφῶν,
1165 3092 1262 3145 καὶ
1305 3093 1405 3164 τῆς
1435 3096 1769 3164 ἐπαγγελίας

171 3173 467 3245 ἁψώμεθα,
508 3178 602 3228 καὶ
643 3175 735 3230 τοῦ
766 3177 1056 3251 ἀνθρώπου
1082 3182 1180 3252 τὴν
1229 3182 1592 3257 δημιουργίαν
1625 3189 1769 3242 κατὰ

167 3264 402 3337 δύναμιν
453 3268 690 3334 ἐξειπεῖν
742 3271 1205 3343 ἐπιχειρήσωμεν.
1247 3275 1453 3347 Μηδεὶς
1497 3278 1556 3331 δὲ
1610 3281 1767 3335 πάλιν

169 3377 235 3430 με
243 3359 476 3430 μφέσθω
503 3364 615 3425 τοῖς
638 3363 776 3432 μετὰ
793 3365 1081 3436 ἀκριϐείας
1102 3365 1457 3439 ζητουμένοις
1474 3389 1487 3403 ·
1509 3373 1642 3428 ἴδιον
1658 3375 1765 3447 γάρ

163 3451 276 3504 τῶν
303 3451 566 3522 φλυαρεῖν
599 3455 1026 3526 ἐπιχειρούντων
1060 3458 1119 3512 :6
1148 3459 1467 3532 μέμφεσθαι
1504 3470 1624 3530 ταῖς
1668 3468 1762 3521 τοῦ

163 3541 303 3598 Θεοῦ
359 3544 636 3611 διατάξεσι
687 3548 783 3601 καὶ
837 3548 1091 3616 ἐγκαλεῖν
1137 3553 1251 3616 τοῖς
1297 3555 1436 3625 μετά
1482 3556 1764 3627 ἀκριϐείας

163 3635 763 3707 λεγομένοις.Ἤκουσά
783 3657 946 3695 τινων
967 3643 1367 3711 ἐγκαλούντων,
1391 3648 1474 3702 ὅτι
1499 3667 1582 3714 τις
1605 3654 1763 3724 χρεία

163 3720 234 3795 ἢν
255 3730 433 3782 εἰπεῖν
467 3729 596 3798 περὶ
625 3730 798 3801 πυρὸς
831 3732 924 3785 καὶ
957 3732 1180 3800 ὓδατος,
1222 3737 1304 3791 ὅτι
1346 3739 1520 3810 τρίζει
1548 3742 1609 3795 :6
1649 3743 1760 3814 πῦρ

163 3817 360 3881 ὕδατος
391 3819 850 3892 ἐπιϐαλλομένους
895 3823 1104 3894 Ἡμεῖς,
1134 3828 1289 3897 φησὶ,
1324 3831 1669 3898 φυσιολογίαν
1698 3835 1760 3888 ού

161 3911 393 3983 θέλομεν
426 3911 735 3983 μανθάνειν,
765 3914 899 3969 ἀλλά
927 3915 1224 3986 θεολογίαν.
1278 3922 1368 3974 Δεῖ
1417 3921 1474 3976 δέ
1525 3923 1756 3992 εἰδέναι,

158 4004 243 4058 ὃτι
272 4005 448 4058 ταῦτα
481 4006 548 4060 τά
576 4009 794 4078 ῥήματα
819 4010 1005 4082 ἀργῶν
1027 4014 1143 4066 ἐστι
1169 4014 1263 4066 καὶ
1293 4015 1572 4088 ῥᾳθύμων.
1603 4021 1759 4075 Μετά

158 4098 272 4168 γὰρ
298 4098 401 4168 τὴν
429 4098 706 4167 θεολογίαν
745 4103 777 4172 ἡ
811 4104 1124 4174 φυσιολογία
1158 4109 1398 4178 κρηπῖδα
1431 4111 1660 4183 παρέχει
1688 4118 1754 4186 τῇ

156 4190 421 4258 εὐσεϐείᾳ.
446 4207 459 4220 ·
489 4193 610 4245 εἰδὲ
635 4194 956 4249 ἐκϐάλλουσι
986 4199 1356 4268 φυσιολογίαν,
1386 4203 1757 4271 ἐγκαλείσθω-

157 4300 265 4338 σαν
291 4286 405 4348 τοῖς
428 4286 759 4356 προφήταις,
804 4289 1208 4358 μεμφέσθωσαν
1249 4295 1363 4357 τοῖς
1409 4295 1750 4365 ἀποστόλοις.

167 4372 233 4428 Ὁ
267 4375 590 4441 Ἀπόστολος
618 4379 964 4448 φυσιολογεῖ·
990 4383 1074 4436 οὐ
1118 4381 1288 4438 πᾶσα
1329 4386 1488 4455 σὰρξ
1517 4389 1555 4458 ἡ
1598 4391 1751 4461 αὐτὴ

154 4465 320 4535 σάρξ
340 4482 354 4496 ·
393 4467 531 4521 ἀλλ’
558 4467 716 4537 άλλη
752 4471 870 4539 μὲν
902 4473 1059 4543 σὰρξ
1103 4475 1451 4544 ἀνθρώπων,
1485 4480 1644 4550 ἄλλη
1685 4484 1754 4538 δὲ

153 4555 322 4623 σὰρξ
357 4556 614 4623 κτηνῶν,
656 4561 816 4629 άλλη
861 4561 929 4617 δὲ
955 4567 1198 4633 ιχθύων,
1228 4568 1388 4638 άλλη
1433 4571 1502 4625 δὲ
1560 4589 1747 4630 πετει-

154 4647 313 4703 νῶν·
339 4650 437 4702 καὶ
461 4650 707 4719 σώματα
721 4653 1070 4724 ἐπουράνια,
1107 4663 1204 4716 καὶ
1227 4664 1473 4734 σώματα
1497 4667 1745 4738 ἐπίγεια.

152 4741 314 4794 Διατί
341 4743 651 4812 φυσιολογεῖ
678 4747 907 4815 Παῦλος,
937 4751 1031 4803 καὶ
1064 4753 1171 4806 61:6
1195 4758 1471 4825 μουσικῶν
1500 4761 1748 4829 ὁργάνων

152 4835 397 4902 ἐγκαλεῖ,
428 4836 524 4889 καὶ
557 4837 738 4906 λέγει·
770 4838 1045 4896 Τοσαῦτα
1065 4847 1118 4898 εί
1149 4849 1342 4916 τύχοι,
1361 4850 1506 4919 γένη
1535 4851 1750 4920 φωνῶν

149 4925 327 4980 ἐστιν
359 4928 430 4982 ἐν
449 4930 675 4998 κόσμῳ,
709 4931 809 4985 καὶ
829 4933 1012 4987 οὐδὲν
1037 4936 1280 5005 ἀφωνόν
1304 4938 1434 4994 ἐστι
1457 4956 1475 5002 ;
1504 4942 1612 4996 Καὶ
1637 4944 1743 5013 γὰρ

150 5019 263 5074 ἐὰν
294 5020 528 5088 ἀδηλον
556 5023 767 5090 φωνὴν
798 5025 1071 5098 σάλπιγξ
1104 5029 1207 5097 δῷ,
1238 5032 1331 5100 τίς
1365 5033 1516 5107 [681]
1555 5053 1745 5104 παρα-

149 5113 505 5173 σκευάζεται
520 5116 608 5179 εἰς
637 5116 942 5185 πόλεμον;
973 5121 1110 5174 Ειτε
1135 5123 1344 5190 αὐλὸς,
1366 5126 1486 5179 εἴτε
1511 5129 1742 5196 κιθάρα,

152 5203 262 5257 ἐὰν
293 5204 634 5273 διαστολὴν
678 5207 804 5273 τοῖς
839 5212 1122 5280 φθόγγοις
1165 5213 1250 5282 μὴ
1297 5215 1400 5280 δῷ,
1437 5217 1564 5284 πῶς
1597 5238 1745 5287 γνω-

152 5295 447 5361 σθήσεται
481 5295 550 5348 τὸ
576 5299 957 5367 αὐλούμενον
990 5302 1028 5372 ἢ
1067 5304 1135 5357 τὸ
1169 5306 1650 5378 κιθαριζόμενονς
1679 5311 1744 5363 Τί

153 5388 328 5440 κοινὸν
349 5387 493 5459 εἶχεν
510 5393 541 5457 ή
560 5390 774 5444 Παύλου
794 5391 1013 5460 γλῶσσα
1025 5397 1161 5470 πρὸς
1186 5399 1345 5453 αὐλὸν
1368 5404 1462 5456 καὶ
1477 5405 1738 5474 κιθάρανς

165 5477 326 5532 Ἀλλά
379 5482 695 5551 φυσιολογεῖ
722 5484 830 5537 ἀπὸ
857 5485 966 5538 τῶν
994 5490 1336 5560 φαινομένων
1357 5534 1371 5554 ,
1421 5495 1506 5547 ἵνα
1560 5515 1709 5567 παρα

153 5569 326 5658 στήσῃ
375 5571 442 5624 τά
472 5572 757 5643 νοούμενα.
798 5575 892 5639 Τίς
924 5572 991 5648 ἦν
1039 5580 1196 5650 χρεία
1236 5583 1293 5634 ἐν
1323 5587 1389 5655 τῇ
1435 5585 1602 5658 βίϐλῳ
1646 5589 1739 5643 τοῦ

164 5657 282 5711 Ἰὼϐ
333 5662 792 5736 φυσιολογηθῆναι
846 5667 1130 5734 τοσαῦτα;
1188 5675 1406 5742 Σθένος
1451 5657 1734 5746 λέοντος,

150 5752 319 5820 φωνὴ
361 5754 650 5824 λεαίνης,
709 5761 1003 5831 γαυρίαμα
1054 5761 1399 5832 δρακόντων
1448 5772 1727 5841 ἐσϐέσθη.

1283 355 1371 410 DE
1409 357 1626 414 MUNDI
1664 357 2064 415 CREATIONE
2101 359 2358 416 ORATIO
2395 362 2459 415 ν.

3380 370 3496 424 472

1911 477 2356 544 Μυρμηκολέων
2383 476 2570 530 ὤλετο
2620 475 2779 544 παρὰ
2827 475 2890 530 τὸ
2941 473 3025 545 μὴ
3074 477 3238 545 ἔχειν
3267 476 3486 545 ⁸ϐοράν.

1903 567 2161 622 Νεοσσοὶ
2185 565 2254 620 δὲ
2271 566 2481 636 γυπῶν
2499 567 2571 622 τὰ
2599 568 2809 637 ὑψηλὰ
2840 567 3138 622 πέτονται.
3161 568 3311 622 Διατί
3331 569 3490 634 ἄλλος

1906 659 2193 730 προφήτης
2231 658 2417 728 ἔλεγεν
2436 675 2451 690 ⁶
2481 662 2592 715 Ὃν
2617 661 2842 729 τρόπον
2876 660 2986 714 ἐὰν
3017 659 3170 729 λάϐῃ
3200 659 3357 714 λέων
3387 661 3486 716 καὶ

1899 751 2164 820 ἁρπάσῃ.
2199 753 2526 824 καιβοήσῃ
2553 755 2651 810 ιπι
2681 754 2760 824 τῇ
2791 753 2962 824 θήρᾳ,
3003 757 3099 810 καὶ
3132 755 3381 822 πλησθῇ
3414 753 3511 808 τά.

1900 853 2009 923 ὄρη
2040 853 2150 923 τῆς
2175 854 2382 924 φωνῆς
2411 855 2634 921 αὐτοῦς
2666 855 2777 910 Καὶ
2821 855 2984 917 αὐτὸς
3021 857 3049 908 6
3082 855 3272 924 Σωτὴρ
3298 870 3488 923 φυσιο-

1898 946 2047 1016 λογεῖ
2061 965 2076 979 ·
2105 948 2297 1018 Ὁμοία
2317 949 2489 1004 ἐστίν
2504 951 2542 1019 ή
2555 950 2806 1014 ,βασιλεί
2807 967 2845 1004 α
2866 949 2985 1003 τῶν
3003 948 3274 1019 οὐρανῶν
3290 949 3487 1014 κόκκῳ

1899 1040 2240 1112 σινήπεως,
2295 1042 2327 1096 ὃ
2370 1044 2724 1113 μικρότερον
2769 1042 2887 1113 μὲν
2917 1044 3050 1098 ἐστι
3114 1039 3234 1094 τῶν
3276 1039 3488 1094 ἄλλων

1894 1135 2274 1206 σπερμάτων,
2317 1137 2585 1205 αὐξηθὲν
2628 1135 2717 1201 δὲ,
2756 1133 2957 1205 μεῖζον
2989 1133 3231 1187 πάντων
3259 1132 3485 1202 γίνεται

1893 1226 2013 1281 τῶν
2035 1226 2350 1297 λαχάνων·
2376 1229 2471 1284 καὶ
2497 1228 2690 1282 πάλιν·
2720 1228 2918 1298 Ὁμοία
2935 1226 3107 1281 ἐστίν
3131 1227 3167 1294 ἡ
3192 1225 3484 1290 ,ϐασιλεία

1890 1322 2011 1376 τῶν
2037 1323 2332 1394 οίφανῶν,
2358 1325 2441 1392 ὡς
2473 1324 2582 1379 ἐὰν
2606 1323 2917 1393 ἄνθρωπος
2927 1321 3094 1390 βάλῃ
3115 1321 3224 1375 τὸν
3249 1321 3484 1388 σπόρον

1890 1418 2101 1484 αὐτοῦ,
2146 1419 2245 1474 καὶ
2296 1418 2624 1488 ,ϐλαστάνῃ
2683 1416 2785 1472 καὶ
2816 1418 3187 1488 μηκύνηται,
3238 1414 3318 1480 ὼς
3368 1415 3482 1468 οὐκ

1888 1506 2052 1565 οἶδεν
2103 1513 2320 1579 αὐτός’
2371 1511 2675 1583 αὐτομάτη
2734 1509 2848 1581 γὰρ
2897 1511 2937 1579 ἡ
2985 1508 3062 1579 γῆ
3103 1504 3480 1573 βλαστάνει,

1889 1605 2126 1673 πρῶτον
2147 1607 2387 1675 χόρτον,
2427 1603 2554 1661 εἶτα
2587 1605 2846 1676 στάχυν,
2880 1600 3009 1658 εἶτα
3036 1602 3212 1656 σῖτον
3260 1597 3487 1668 πληροῖ

1886 1697 1957 1750 ἐν
1983 1698 2063 1759 τῶ
2087 1698 2330 1767 στάχυϊ.
2358 1700 2676 1768 Φυσιολογεῖ
2691 1700 2786 1752 καὶ
2816 1698 2908 1750 τὸν
2929 1695 3156 1766 οὐρανὸν
3184 1695 3212 1746 6
3240 1691 3394 1761 Σωτή
3403 1707 3436 1760 ρ
3460 1706 3475 1721 ⁸

1899 1789 2043 1845 Ἐὰν
2070 1791 2332 1860 γένηται,
2365 1793 2562 1862 φησὶν,
2608 1794 2641 1846 ό
2680 1790 2937 1860 οὐρανὸς
2977 1789 3158 1858 ὀψίας
3211 1783 3474 1853 πυρῤὸςν

1883 1883 2111 1953 λέγετε,
2138 1884 2348 1948 Εὐδία,
2377 1883 2656 1954 πυρράζει
2691 1884 2799 1953 γὰρ
2825 1886 2857 1938 ό
2898 1879 3156 1949 οὐρανός
3175 1894 3188 1908 °
3220 1876 3320 1930 καί
3352 1874 3474 1930 ὑπὸ

1885 1979 1995 2032 τάν
2027 1979 2264 2047 ὄρθρον,
2294 1977 2567 2048 Σήμερον
2595 1975 2837 2047 χειμὼν,
2873 1971 3152 2042 πυρράζει
3184 1974 3296 2040 γὰρ
3322 1985 3475 2023 στυ-

1885 2074 2112 2145 γνάζων
2158 2079 2192 2131 ό
2236 2076 2516 2143 οὐρανός.
2552 2075 2649 2138 Τίς
2685 2068 2780 2127 οῦν
2811 2071 2969 2143 χρεία
2997 2070 3244 2132 τούτων;
3282 2064 3470 2120 Ταῦτα

1881 2169 2025 2238 λέγω
2058 2169 2147 2222 διὰ
2176 2168 2304 2232 τοὺς
2348 2167 2689 2233 ἀπαιδεύτως
2737 2165 2990 2235 ἐγκαλεῖν
3034 2159 3466 2232 ἐπιχειροῦντας.

1882 2263 2019 2333 Περὶ
2065 2259 2201 2315 Θεοῦ
2237 2263 2470 2315 κινεῖται
2501 2260 2656 2330 λόγος
2678 2299 2695 2324 ,
2734 2259 2832 2313 καὶ
2871 2255 3092 2327 φεύγεις
3123 2252 3222 2325 τὴν
3262 2251 3468 2324 ἀκριϐῆ

1879 2355 1989 2407 τῶν
2039 2355 2327 2425 δογμάτων
2377 2354 2680 2427 ἀκρόασιν;
2747 2353 2900 2407 Ἐπεὶ
2943 2350 3124 2404 τοίνυν
3183 2347 3467 2420 πρόκειται

1877 2445 2014 2500 Θεοῦ
2070 2447 2255 2518 χάριτι
2303 2447 2384 2511 είς
2441 2445 2540 2516 τὴν
2596 2443 2691 2498 τοῦ
2759 2443 3051 2515 ἀνθρώπου
3101 2442 3468 2513 δημιουργίαν

1877 2543 2087 2608 εἰπεῖν,
2123 2540 2184 2593 ού
2227 2542 2349 2594 κατ’
2397 2539 2556 2606 ἀξίαν
2600 2537 2695 2590 τοῦ
2745 2537 3092 2608 πράγματος,
3143 2536 3278 2590 άλλά
3324 2533 3468 2588 κατά

1874 2633 2104 2703 δύναμιν
2132 2633 2228 2704 τὴν
2258 2633 2554 2705 ἡμετέραν,
2599 2629 2912 2698 ἀναγκαίως
2956 2630 3038 2684 εις
3071 2628 3170 2699 τὴν
3207 2626 3468 2681 ὑπόθεσιν

1875 2726 2223 2799 καθήξωμεν.

1947 2828 2013 2898 β’.
2042 2826 2416 2899 Ἐκεκόσμητο
2435 2829 2462 2881 6
2479 2825 2725 2898 οὐρανὸς,
2741 2824 3086 2894 ἐστεφάνωτο
3101 2823 3213 2885 τοῖς
3231 2822 3466 2892 καρποῖς

1871 2922 1904 2990 ὴ
1952 2921 2048 2992 γῆ,
2095 2918 2352 2990 διώριστο
2394 2919 2464 2972 :6
2487 2919 2585 2990 τῆς
2617 2918 2894 2988 θαλάσσης
2923 2915 3112 2981 ὕδατα,
3158 2913 3462 2983 ἐϐλάστησε

1874 3011 2249 3082 βλαστήματα,
2276 3011 2516 3082 προῆλθε
2546 3009 2616 3063 τά
2654 3010 2823 3078 ἄλογα
2856 3009 2992 3075 ζῶα,
3034 3007 3393 3077 ἐπεπλήρωτο
3426 3006 3461 3075 ἡ

1873 3103 2188 3175 οἰκουμένη,
2220 3102 2560 3174 ἐκεκόσμητο
2592 3104 2620 3155 ὁ
2657 3098 2828 3166 οἶκος,
2855 3101 3069 3155 ἔλειπεν
3093 3101 3122 3153 6
3145 3098 3462 3151 οἰκοδεσπό-

1869 3213 1970 3267 της
1992 3195 2212 3250 πάντων
2236 3196 2346 3249 τῶν
2375 3195 2703 3266 γενομένων.
2732 3196 2777 3246 Ε
2782 3190 2920 3248 Ιπεν
2940 3197 2973 3248 ό
2997 3192 3162 3258 Θεὸς,
3194 3188 3460 3256 Ποιήσω-

1861 3306 1980 3359 μεν
2001 3289 2315 3356 ἄνθρωπον
2339 3290 2467 3342 κατ’
2492 3288 2697 3342 εἰκόνα
2716 3285 3010 3357 ἡμετέραν
3025 3285 3121 3339 καὶ
3152 3284 3455 3352 ὁμοίωσιν.

1879 3379 2121 3452 Ἐδείχθη
2155 3383 2222 3451 τῇ
2254 3380 2556 3451 προτεραίᾳ
2587 3379 2671 3442 τίς
2710 3382 2743 3450 ἡ
2793 3379 3024 3449 δύναμις
3050 3377 3166 3442 τοῦ,
3197 3373 3460 3440 Ποιήσω-

1859 3493 1996 3545 μεν,
2008 3475 2154 3537 τίνος
2172 3475 2202 3528 ό
2215 3474 2394 3542 λόγος,
2420 3473 2667 3545 καὶπρὸς
2681 3473 2803 3526 τίνα
2817 3474 2845 3526 6
2860 3472 3019 3535 λόγος
3032 3489 3045 3504 ο
3063 3470 3146 3534 τίς
3165 3471 3194 3522 6
3216 3467 3280 3522 σύ
3287 3467 3457 3538 μϐου-

1865 3567 1976 3632 λος,
2007 3568 2105 3620 καὶ⁵
2140 3566 2284 3630 τίνος
2313 3568 2348 3635 ἠ
2399 3566 2553 3638 κοινὴ
2580 3566 2791 3635 σκέψις.
2824 3563 2965 3617 Ἀλλ’
2994 3562 3182 3632 ἐπειδὴ
3215 3560 3322 3614 61:6
3346 3558 3454 3611 τῶν

1863 3660 2099 3732 Γραφῶν
2117 3660 2439 3732 παρεστήσα
2447 3676 2545 3732 μεν
2567 3657 2870 3730 σύμϐουλον
2895 3657 2992 3728 τῆς
3004 3655 3239 3727 ἀρχαίας
3257 3653 3454 3724 βουλῆς

1863 3752 1954 3805 τὸν
1978 3752 2127 3816 Υἰὸν,
2157 3752 2549 3822 ἐσιωπήσαμεν
2590 3751 2647 3805 δὲ
2689 3750 2783 3804 τοῦ
2813 3749 2971 3817 ἀγίου
3003 3747 3321 3818 Πνεύματος
3353 3746 3454 3815 τὴν

1860 3846 2040 3910 δόξαν,
2071 3846 2160 3898 ἵνα
2216 3845 2293 3917 μὴ
2342 3845 2597 3918 ἀφορμὰς
2622 3845 2884 3916 δέχωνται
2923 3845 3055 3913 παρ’
3083 3841 3240 3912 ἡμῶν
3271 3842 3453 3909 ὑγιαι-

1860 3938 2060 3992 νόντων
2091 3939 2141 3991 οἱ
2161 3937 2468 4004 νοσοῦντες,
2496 3939 2793 4006 ἀναγκαῖον
2817 3935 3039 3996 εἰδέναι,
3061 3935 3143 3988 ὅτι
3177 3932 3276 4004 μία
3303 3932 3449 3999 δόξα,

1862 4031 1964 4101 μία
1990 4031 2220 4103 γνώμη,
2267 4025 2347 4095 εἷς
2388 4030 2544 4100 λόγος
2585 4029 2826 4100 ἐνεργῶν
2854 4029 2947 4083 τοῦ
2985 4027 3197 4098 Πατρδς
3230 4027 3322 4080 καὶ
3354 4025 3450 4080 τοῦ

1861 4124 1994 4178 Υίοῦ
2029 4125 2124 4179 καὶ
2179 4123 2272 4178 τοῦ
2324 4126 2480 4193 ἁγίου
2531 4124 2868 4194 Πνεύματος.
2937 4123 3164 4193 Εἴρηται
3215 4118 3452 4172 ἐνταῦθα

1861 4217 2166 4287 σύμϐουλος
2188 4219 2216 4270 6
2240 4216 2366 4281 Υίός
2389 4233 2405 4251 ο
2438 4214 2675 4286 ἀλλαχοῦ
2711 4218 2950 4288 εἴρηται,
2990 4215 3073 4268 δτι
3114 4213 3212 4282 τὴν
3245 4212 3449 4280 γνῶσιν

1856 4307 1949 4362 τοῦ
1992 4308 2129 4362 Θεοῦ
2170 4309 2348 4370 οὐδεὶς
2391 4305 2552 4373 οἶδεν,
2584 4309 2632 4362 εί
2676 4307 2752 4379 μὴ
2797 4307 2860 4361 τὸ
2901 4306 3126 4376 Πνεῦμα
3169 4304 3230 4357 τὸ
3268 4303 3444 4373 ἆγιον.

1855 4399 2019 4468 Λέγει
2048 4401 2277 4466 Παῦλος,
2295 4402 2377 4455 ὄτι
2401 4400 2610 4466 Οὐδεὶς
2625 4396 2750 4454 οἵδε
2769 4398 2886 4453 τῶν
2909 4397 3234 4466 ἀνθρώπων
3252 4397 3324 4451 τὰ
3340 4396 3450 4450 τοῦ

1855 4490 2194 4561 ἀνθρώπου,
2225 4494 2278 4545 εὶ
2303 4491 2390 4560 μὴ
2425 4492 2490 4544 τὸ
2523 4492 2763 4561 πνεῦμα
2790 4490 2897 4546 τοῦ
2935 4489 3252 4559 ἀνθρώπου
3277 4488 3344 4542 τὸ
3376 4488 3446 4540 ἐν

1852 4581 2014 4648 αὐτῷ
2033 4600 2047 4614 ·
2073 4583 2228 4636 οὕτω
2254 4581 2354 4635 καὶ
2381 4581 2453 4636 τὰ
2480 4583 2586 4638 τοῦ
2615 4583 2763 4637 Θεόῦ
2785 4581 2985 4650 οὐδεὶς
3014 4578 3257 4645 own-,5!
3271 4579 3357 4648 μὴ
3375 4579 3443 4633 τὸ

1852 4675 2097 4744 Πνεῦμα
2112 4675 2219 4729 τοῦ
2239 4675 2406 4730 Θεοῦ.
2433 4677 2496 4729 Et
2516 4677 2577 4730 :6
2604 4677 2661 4729 ἐν
2687 4677 2770 4730 σοὶ
2792 4675 3014 4745 πνεῦμα
3033 4675 3313 4746 ἀλλότριον
3340 4676 3442 4748 τῆς

1854 4767 1953 4836 σῆς
1973 4766 2186 4830 οὐσίας,
2229 4768 2322 4820 καὶ
2351 4768 2412 4821 :6
2439 4771 2498 4824 ἐν
2518 4769 2596 4840 τῷ
2617 4767 2738 4838 Θεῷ
2773 4766 3001 4839 Πνεῦμα
3028 4767 3309 4839 ἀλλότριον
3340 4767 3440 4840 τῆς

1849 4858 1944 4912 τοῦ
1970 4857 2103 4912 Θεοῦ
2128 4859 2334 4923 οὐσίας.

1921 4958 2178 5011 Βούλεταί
2227 4976 2277 5010 τι
2333 4959 2560 5029 Πατήρ;
2631 4960 2694 5012 Ἦ
2745 4959 2882 5030 αὐτὴ
2947 4959 3108 5031 βουλὴ
3163 4959 3257 5013 καὶ
3304 4958 3434 5013 Υίοῦ

1849 5050 1943 5104 καὶ
1976 5049 2130 5118 ἀγίου
2170 5049 2505 5119 Πνεύματος.
2555 5050 2810 5104 Βούλεταί
2859 5066 2911 5104 τι
2963 5051 3128 5115 Υἱός;
3188 5050 3251 5104 Ἦ
3296 5050 3434 5122 αύτὴ

1848 5145 2010 5215 βουλὴ
2064 5143 2276 5214 Πατρδς
2325 5143 2420 5196 καὶ
2462 5144 2796 5214 Πνεύματος.
2858 5144 3114 5198 Βούλεταί
3169 5160 3222 5197 τι
3280 5141 3433 5215 [482]

1845 5237 2106 5306 Πνεῦμα;
2153 5235 2216 5287 'H
2248 5236 2388 5308 αὑτὴ
2422 5236 2583 5306 βουλὴ
2621 5236 2835 5306 Πατρδς
2868 5237 2963 5290 καλ
2999 5234 3148 5290 Υιοῦ.
3195 5235 3430 5305 Ἐγείρει

1843 5331 1871 5382 6
1898 5329 2082 5400 Πατὴρ
2110 5330 2236 5393 τοὺς
2266 5329 2527 5402 νεκρούς;
2572 5329 2805 5400 Ἐγείρει
2853 5330 2948 5382 καὶ
2979 5334 3007 5384 6
3037 5329 3181 5393 Υἱός.
3209 5328 3371 5396 Λέγει
3402 5330 3430 5380 ό

1844 5421 2034 5491 Σωτήρ
2056 5437 2069 5451 ο
2106 5421 2331 5489 Ὥσπερ
2357 5421 2464 5490 γὰρ
2486 5425 2520 5475 ό
2542 5419 2740 5488 Πατὴρ
2775 5421 2984 5490 ἐγείρει
3007 5420 3148 5486 τοὺς
3175 5417 3428 5486 νεκροὺς

1843 5512 1939 5564 καὶ
1974 5510 2254 5574 ζωοποιεῖ,
2276 5513 2429 5565 οὕτω
2467 5511 2566 5565 καὶ
2595 5515 2627 5566 ό
2655 5512 2784 5578 Υἱὸς
2810 5513 2918 5579 οὓς
2944 5513 3101 5566 θέλει
3141 5507 3424 5571 ζωοποιεῖ,

1855 5603 1984 5656 Ἰδοὺ
2009 5605 2041 5674 ὴ
2062 5603 2221 5674 βουλὴ
2260 5605 2593 5675 συνηγμένη.
2627 5604 2737 5658 Ποῦ
2763 5600 2856 5659 οῦν
2888 5607 2919 5674 ἡ
2943 5604 3107 5674 βουλὴ
3137 5602 3230 5655 τοῦ
3256 5601 3427 5655 Πνεύ-

1844 5708 2047 5762 ματος;
2082 5694 2301 5745 Ἀκουε.
2341 5693 2528 5746 Ταῦτα
2549 5692 2617 5746 δὲ
2648 5691 2846 5747 πάντα
2869 5691 3101 5762 ἐνεργεῖ
3134 5691 3196 5744 τὸ
3230 5691 3301 5744 ἐν
3324 5689 3423 5745 καί

1847 5785 1911 5837 τὸ
1937 5784 2084 5839 αὐτὸ
2099 5785 2360 5855 Πνεῦμα,
2388 5783 2658 5855 διαιροῦν
2677 5787 2796 5855 ίδίςι
2816 5785 3055 5853 ἑκάστῳ
3076 5784 3406 5853 καθὼςβούη
