  <div class='ocr_page' id='page_1' title='image "/cluster/home/n/w/nwhite01/storage/ocr_20150623/56/ien.35556001660836/470.png"; bbox 0 0 3984 6432; ppageno 0'>
   <div class='ocr_carea' id='block_1_1' title="bbox 202 379 320 436">
    <p class='ocr_par' dir='ltr' id='par_1_1' title="bbox 202 379 320 436">
     <span class='ocr_line' id='line_1_1' title="bbox 202 379 320 436; baseline 0.017 -2"><span class='ocrx_word' id='word_1_1' title='bbox 202 379 320 436; x_wconf 76' lang='grc' dir='ltr'><strong>4ῗ3</strong></span> 
     </span>
    </p>
   </div>
   <div class='ocr_carea' id='block_1_2' title="bbox 206 472 1801 548">
    <p class='ocr_par' dir='ltr' id='par_1_2' title="bbox 206 472 1801 548">
     <span class='ocr_line' id='line_1_2' title="bbox 206 472 1801 548; baseline -0.006 -13"><span class='ocrx_word' id='word_1_2' title='bbox 206 481 313 537; x_wconf 71' lang='lat' dir='ltr'><strong>cuit</strong></span> <span class='ocrx_word' id='word_1_3' title='bbox 339 477 556 548; x_wconf 72' lang='lat' dir='ltr'><strong>rivi/ictu</strong></span> <span class='ocrx_word' id='word_1_4' title='bbox 584 477 778 548; x_wconf 83' lang='lat' dir='ltr'><strong>(Joan.</strong></span> <span class='ocrx_word' id='word_1_5' title='bbox 804 478 857 533; x_wconf 81' lang='grc'>5.</span> <span class='ocrx_word' id='word_1_6' title='bbox 893 477 955 531; x_wconf 75' lang='grc'>21</span> <span class='ocrx_word' id='word_1_7' title='bbox 983 476 1022 546; x_wconf 91' lang='grc'><strong>).</strong></span> <span class='ocrx_word' id='word_1_8' title='bbox 1054 475 1191 529; x_wconf 86' lang='lat' dir='ltr'><strong>Ecce</strong></span> <span class='ocrx_word' id='word_1_9' title='bbox 1233 475 1518 542; x_wconf 74' lang='lat' dir='ltr'><strong>conjuncta</strong></span> <span class='ocrx_word' id='word_1_10' title='bbox 1545 472 1801 528; x_wconf 79' lang='lat' dir='ltr'><strong>voluntas.</strong></span> 
     </span>
    </p>
   </div>
   <div class='ocr_carea' id='block_1_3' title="bbox 212 564 1805 640">
    <p class='ocr_par' dir='ltr' id='par_1_3' title="bbox 212 564 1805 640">
     <span class='ocr_line' id='line_1_3' title="bbox 212 564 1805 640; baseline -0.006 -13"><span class='ocrx_word' id='word_1_11' title='bbox 212 571 311 628; x_wconf 84' lang='lat' dir='ltr'><strong>Ubi</strong></span> <span class='ocrx_word' id='word_1_12' title='bbox 332 584 460 640; x_wconf 85' lang='lat' dir='ltr'><strong>ergo</strong></span> <span class='ocrx_word' id='word_1_13' title='bbox 490 570 735 623; x_wconf 76' lang='lat' dir='ltr'><strong>voluntas</strong></span> <span class='ocrx_word' id='word_1_14' title='bbox 763 568 1036 636; x_wconf 75' lang='lat' dir='ltr'><strong>Spiritus?</strong></span> <span class='ocrx_word' id='word_1_15' title='bbox 1065 565 1219 620; x_wconf 83' lang='lat' dir='ltr'><strong>Audi.</strong></span> <span class='ocrx_word' id='word_1_16' title='bbox 1254 564 1380 617; x_wconf 78' lang='lat' dir='ltr'><strong>lla&#39;c</strong></span> <span class='ocrx_word' id='word_1_17' title='bbox 1422 575 1590 619; x_wconf 88' lang='lat' dir='ltr'><strong>autem</strong></span> <span class='ocrx_word' id='word_1_18' title='bbox 1636 566 1805 617; x_wconf 80' lang='lat' dir='ltr'><strong><em>omnia</em></strong></span> 
     </span>
    </p>
   </div>
   <div class='ocr_carea' id='block_1_4' title="bbox 209 653 1804 728">
    <p class='ocr_par' dir='ltr' id='par_1_4' title="bbox 209 653 1804 728">
     <span class='ocr_line' id='line_1_4' title="bbox 209 653 1804 728; baseline -0.003 -15"><span class='ocrx_word' id='word_1_19' title='bbox 209 670 447 728; x_wconf 75' lang='lat' dir='ltr'><strong>operatur</strong></span> <span class='ocrx_word' id='word_1_20' title='bbox 502 675 632 712; x_wconf 84' lang='lat' dir='ltr'><strong>unus</strong></span> <span class='ocrx_word' id='word_1_21' title='bbox 661 668 806 727; x_wconf 83' lang='lat' dir='ltr'><strong>atque</strong></span> <span class='ocrx_word' id='word_1_22' title='bbox 854 657 985 709; x_wconf 81' lang='lat' dir='ltr'><strong>idem</strong></span> <span class='ocrx_word' id='word_1_23' title='bbox 1036 656 1281 723; x_wconf 78' lang='lat' dir='ltr'><strong>Spiritus,</strong></span> <span class='ocrx_word' id='word_1_24' title='bbox 1322 654 1547 709; x_wconf 82' lang='lat' dir='ltr'><strong>dividens</strong></span> <span class='ocrx_word' id='word_1_25' title='bbox 1594 653 1804 724; x_wconf 83' lang='lat' dir='ltr'><strong>singulis</strong></span> 
     </span>
    </p>
   </div>
   <div class='ocr_carea' id='block_1_5' title="bbox 214 745 1802 820">
    <p class='ocr_par' dir='ltr' id='par_1_5' title="bbox 214 745 1802 820">
     <span class='ocr_line' id='line_1_5' title="bbox 214 745 1802 820; baseline -0.001 -18"><span class='ocrx_word' id='word_1_26' title='bbox 214 761 358 820; x_wconf 73' lang='lat' dir='ltr'><strong>prout</strong></span> <span class='ocrx_word' id='word_1_27' title='bbox 388 751 493 803; x_wconf 75' lang='lat' dir='ltr'><strong>vult</strong></span> <span class='ocrx_word' id='word_1_28' title='bbox 524 749 616 819; x_wconf 90' lang='grc'>(1.</span> <span class='ocrx_word' id='word_1_29' title='bbox 668 749 783 803; x_wconf 74' lang='lat' dir='ltr'><strong>Cor.</strong></span> <span class='ocrx_word' id='word_1_30' title='bbox 820 750 907 804; x_wconf 70' lang='lat' dir='ltr'><strong>i2.</strong></span> <span class='ocrx_word' id='word_1_31' title='bbox 935 750 988 801; x_wconf 88' lang='grc'><strong>11</strong></span> <span class='ocrx_word' id='word_1_32' title='bbox 1019 748 1056 814; x_wconf 86' lang='grc'><strong>).</strong></span> <span class='ocrx_word' id='word_1_33' title='bbox 1090 746 1263 802; x_wconf 87' lang='lat' dir='ltr'><strong>Unum</strong></span> <span class='ocrx_word' id='word_1_34' title='bbox 1294 761 1516 816; x_wconf 90' lang='lat' dir='ltr'><strong>regnum</strong></span> <span class='ocrx_word' id='word_1_35' title='bbox 1550 745 1721 800; x_wconf 86' lang='lat' dir='ltr'><strong>Patris</strong></span> <span class='ocrx_word' id='word_1_36' title='bbox 1751 756 1802 800; x_wconf 72' lang='lat' dir='ltr'><strong>et</strong></span> 
     </span>
    </p>
   </div>
   <div class='ocr_carea' id='block_1_6' title="bbox 215 836 1805 909">
    <p class='ocr_par' dir='ltr' id='par_1_6' title="bbox 215 836 1805 909">
     <span class='ocr_line' id='line_1_6' title="bbox 215 836 1805 909; baseline -0.002 -16"><span class='ocrx_word' id='word_1_37' title='bbox 215 840 330 895; x_wconf 84' lang='lat' dir='ltr'><strong>Filii</strong></span> <span class='ocrx_word' id='word_1_38' title='bbox 357 849 413 894; x_wconf 91' lang='lat' dir='ltr'><strong>et</strong></span> <span class='ocrx_word' id='word_1_39' title='bbox 436 839 668 909; x_wconf 76' lang='lat' dir='ltr'><strong>Spiritus</strong></span> <span class='ocrx_word' id='word_1_40' title='bbox 694 838 886 893; x_wconf 92' lang='lat' dir='ltr'><strong>sancti.</strong></span> <span class='ocrx_word' id='word_1_41' title='bbox 911 837 1163 906; x_wconf 86' lang='lat' dir='ltr'><strong>Coarguit</strong></span> <span class='ocrx_word' id='word_1_42' title='bbox 1190 847 1366 891; x_wconf 89' lang='lat' dir='ltr'><strong>autem</strong></span> <span class='ocrx_word' id='word_1_43' title='bbox 1396 837 1537 891; x_wconf 87' lang='lat' dir='ltr'><strong>Deus</strong></span> <span class='ocrx_word' id='word_1_44' title='bbox 1573 851 1686 900; x_wconf 90' lang='lat' dir='ltr'><strong>eos,</strong></span> <span class='ocrx_word' id='word_1_45' title='bbox 1715 836 1805 905; x_wconf 87' lang='lat' dir='ltr'><strong>qui</strong></span> 
     </span>
    </p>
   </div>
   <div class='ocr_carea' id='block_1_7' title="bbox 215 927 1807 997">
    <p class='ocr_par' dir='ltr' id='par_1_7' title="bbox 215 927 1807 997">
     <span class='ocr_line' id='line_1_7' title="bbox 215 927 1807 997; baseline -0.004 -12"><span class='ocrx_word' id='word_1_46' title='bbox 215 931 329 988; x_wconf 83' lang='lat' dir='ltr'><strong>sine</strong></span> <span class='ocrx_word' id='word_1_47' title='bbox 354 931 629 984; x_wconf 82' lang='lat' dir='ltr'><strong>voluntate</strong></span> <span class='ocrx_word' id='word_1_48' title='bbox 671 930 763 983; x_wconf 86' lang='lat' dir='ltr'><strong>Dei</strong></span> <span class='ocrx_word' id='word_1_49' title='bbox 805 927 1005 997; x_wconf 90' lang='lat' dir='ltr'><strong>aliquid</strong></span> <span class='ocrx_word' id='word_1_50' title='bbox 1052 943 1209 996; x_wconf 88' lang='lat' dir='ltr'><strong>agere</strong></span> <span class='ocrx_word' id='word_1_51' title='bbox 1262 937 1542 981; x_wconf 74' lang='lat' dir='ltr'><strong>conantur.</strong></span> <span class='ocrx_word' id='word_1_52' title='bbox 1596 928 1685 979; x_wconf 93' lang='lat' dir='ltr'><strong>Ait</strong></span> <span class='ocrx_word' id='word_1_53' title='bbox 1715 942 1807 993; x_wconf 82' lang='lat' dir='ltr'><strong>per</strong></span> 
     </span>
    </p>
   </div>
   <div class='ocr_carea' id='block_1_8' title="bbox 218 1015 1806 1091">
    <p class='ocr_par' dir='ltr' id='par_1_8' title="bbox 218 1015 1806 1091">
     <span class='ocr_line' id='line_1_8' title="bbox 218 1015 1806 1091; baseline -0.002 -20"><span class='ocrx_word' id='word_1_54' title='bbox 218 1019 533 1091; x_wconf 78' lang='lat' dir='ltr'><strong>prophetam</strong></span> <span class='ocrx_word' id='word_1_55' title='bbox 570 1037 584 1072; x_wconf 88' lang='lat'><strong>:</strong></span> <span class='ocrx_word' id='word_1_56' title='bbox 627 1018 713 1073; x_wconf 69' lang='lat' dir='ltr'><strong>Var</strong></span> <span class='ocrx_word' id='word_1_57' title='bbox 741 1019 834 1085; x_wconf 77' lang='lat' dir='ltr'><strong>ﬁlii</strong></span> <span class='ocrx_word' id='word_1_58' title='bbox 880 1017 1172 1081; x_wconf 80' lang='lat' dir='ltr'><strong>desertores,</strong></span> <span class='ocrx_word' id='word_1_59' title='bbox 1211 1018 1331 1068; x_wconf 82' lang='lat' dir='ltr'><strong>dicit</strong></span> <span class='ocrx_word' id='word_1_60' title='bbox 1380 1016 1648 1069; x_wconf 90' lang='lat' dir='ltr'><strong>Dominus.</strong></span> <span class='ocrx_word' id='word_1_61' title='bbox 1703 1015 1806 1068; x_wconf 81' lang='lat' dir='ltr'><strong>Fe-</strong></span> 
     </span>
    </p>
   </div>
   <div class='ocr_carea' id='block_1_9' title="bbox 218 1108 1804 1179">
    <p class='ocr_par' dir='ltr' id='par_1_9' title="bbox 218 1108 1804 1179">
     <span class='ocr_line' id='line_1_9' title="bbox 218 1108 1804 1179; baseline -0.004 -13"><span class='ocrx_word' id='word_1_62' title='bbox 218 1113 353 1166; x_wconf 78' lang='lat' dir='ltr'><strong>cistis</strong></span> <span class='ocrx_word' id='word_1_63' title='bbox 382 1111 671 1175; x_wconf 72' lang='lat' dir='ltr'><strong>consilium,</strong></span> <span class='ocrx_word' id='word_1_64' title='bbox 705 1126 805 1162; x_wconf 81' lang='lat' dir='ltr'><strong>non</strong></span> <span class='ocrx_word' id='word_1_65' title='bbox 832 1125 920 1179; x_wconf 79' lang='lat' dir='ltr'><strong>per</strong></span> <span class='ocrx_word' id='word_1_66' title='bbox 948 1124 1045 1173; x_wconf 88' lang='lat' dir='ltr'><strong>me,</strong></span> <span class='ocrx_word' id='word_1_67' title='bbox 1080 1119 1124 1161; x_wconf 90' lang='lat' dir='ltr'><strong>et</strong></span> <span class='ocrx_word' id='word_1_68' title='bbox 1152 1109 1360 1177; x_wconf 71' lang='lat' dir='ltr'><strong>fwdera,</strong></span> <span class='ocrx_word' id='word_1_69' title='bbox 1386 1125 1483 1161; x_wconf 88' lang='lat' dir='ltr'><strong>non</strong></span> <span class='ocrx_word' id='word_1_70' title='bbox 1513 1126 1600 1177; x_wconf 81' lang='lat' dir='ltr'><strong>per</strong></span> <span class='ocrx_word' id='word_1_71' title='bbox 1633 1108 1804 1177; x_wconf 86' lang='lat' dir='ltr'><strong>Spiri-</strong></span> 
     </span>
    </p>
   </div>
   <div class='ocr_carea' id='block_1_10' title="bbox 221 1200 1806 1272">
    <p class='ocr_par' dir='ltr' id='par_1_10' title="bbox 221 1200 1806 1272">
     <span class='ocr_line' id='line_1_10' title="bbox 221 1200 1806 1272; baseline 0 -16"><span class='ocrx_word' id='word_1_72' title='bbox 221 1216 325 1256; x_wconf 85' lang='lat' dir='ltr'><strong>tum</strong></span> <span class='ocrx_word' id='word_1_73' title='bbox 370 1218 541 1256; x_wconf 52' lang='lat' dir='ltr'><strong>malm</strong></span> <span class='ocrx_word' id='word_1_74' title='bbox 592 1200 754 1272; x_wconf 83' lang='lat' dir='ltr'><strong>(Isai.</strong></span> <span class='ocrx_word' id='word_1_75' title='bbox 788 1203 876 1256; x_wconf 83' lang='lat'><strong>50.</strong></span> <span class='ocrx_word' id='word_1_76' title='bbox 928 1202 947 1253; x_wconf 82' lang='grc'><strong>1</strong></span> <span class='ocrx_word' id='word_1_77' title='bbox 978 1201 1016 1270; x_wconf 93' lang='grc'><strong>).</strong></span> <span class='ocrx_word' id='word_1_78' title='bbox 1046 1200 1201 1255; x_wconf 74' lang='lat' dir='ltr'><strong>Cfare</strong></span> <span class='ocrx_word' id='word_1_79' title='bbox 1227 1210 1463 1255; x_wconf 87' lang='lat' dir='ltr'><strong>sanctam</strong></span> <span class='ocrx_word' id='word_1_80' title='bbox 1489 1202 1806 1256; x_wconf 73' lang='lat' dir='ltr'><strong>Trinitatem</strong></span> 
     </span>
    </p>
   </div>
   <div class='ocr_carea' id='block_1_11' title="bbox 218 1292 1809 1362">
    <p class='ocr_par' dir='ltr' id='par_1_11' title="bbox 218 1292 1809 1362">
     <span class='ocr_line' id='line_1_11' title="bbox 218 1292 1809 1362; baseline -0.001 -15"><span class='ocrx_word' id='word_1_81' title='bbox 218 1300 647 1347; x_wconf 84' lang='lat' dir='ltr'><strong>commonstrans</strong></span> <span class='ocrx_word' id='word_1_82' title='bbox 668 1292 874 1346; x_wconf 89' lang='lat' dir='ltr'><strong>dicebat</strong></span> <span class='ocrx_word' id='word_1_83' title='bbox 901 1292 1187 1348; x_wconf 77' lang='lat' dir='ltr'><strong>Zacharias</strong></span> <span class='ocrx_word' id='word_1_84' title='bbox 1211 1292 1467 1360; x_wconf 86' lang='lat' dir='ltr'><strong>propheta</strong></span> <span class='ocrx_word' id='word_1_85' title='bbox 1488 1294 1596 1362; x_wconf 86' lang='lat' dir='ltr'><strong>(c):</strong></span> <span class='ocrx_word' id='word_1_86' title='bbox 1630 1313 1647 1345; x_wconf 79' lang='grc' dir='ltr'><strong>ι</strong></span> <span class='ocrx_word' id='word_1_87' title='bbox 1666 1293 1809 1348; x_wconf 87' lang='lat' dir='ltr'><strong>Con-</strong></span> 
     </span>
    </p>
   </div>
   <div class='ocr_carea' id='block_1_12' title="bbox 220 1380 1807 1446">
    <p class='ocr_par' dir='ltr' id='par_1_12' title="bbox 220 1380 1807 1446">
     <span class='ocr_line' id='line_1_12' title="bbox 220 1380 1807 1446; baseline 0 -10"><span class='ocrx_word' id='word_1_88' title='bbox 220 1382 488 1437; x_wconf 79' lang='lat' dir='ltr'><strong>furtentur</strong></span> <span class='ocrx_word' id='word_1_89' title='bbox 509 1398 694 1435; x_wconf 90' lang='lat' dir='ltr'><strong>manus</strong></span> <span class='ocrx_word' id='word_1_90' title='bbox 717 1380 1027 1446; x_wconf 82' lang='lat' dir='ltr'><strong>Zorobabel,</strong></span> <span class='ocrx_word' id='word_1_91' title='bbox 1060 1381 1186 1434; x_wconf 90' lang='lat' dir='ltr'><strong>dicit</strong></span> <span class='ocrx_word' id='word_1_92' title='bbox 1215 1381 1489 1442; x_wconf 88' lang='lat' dir='ltr'><strong>Dominus.</strong></span> <span class='ocrx_word' id='word_1_93' title='bbox 1521 1391 1572 1435; x_wconf 81' lang='lat' dir='ltr'><strong>cl.</strong></span> <span class='ocrx_word' id='word_1_94' title='bbox 1595 1382 1807 1437; x_wconf 74' lang='lat' dir='ltr'><strong>confor-</strong></span> 
     </span>
    </p>
   </div>
   <div class='ocr_carea' id='block_1_13' title="bbox 223 1473 1802 1543">
    <p class='ocr_par' dir='ltr' id='par_1_13' title="bbox 223 1473 1802 1543">
     <span class='ocr_line' id='line_1_13' title="bbox 223 1473 1802 1543; baseline -0.001 -15"><span class='ocrx_word' id='word_1_95' title='bbox 223 1485 401 1529; x_wconf 89' lang='lat' dir='ltr'><strong>tentur</strong></span> <span class='ocrx_word' id='word_1_96' title='bbox 443 1489 633 1527; x_wconf 89' lang='lat' dir='ltr'><strong>manus</strong></span> <span class='ocrx_word' id='word_1_97' title='bbox 672 1473 899 1527; x_wconf 85' lang='lat' dir='ltr'><strong>.losedec</strong></span> <span class='ocrx_word' id='word_1_98' title='bbox 932 1473 1243 1537; x_wconf 80' lang='lat' dir='ltr'><strong>sacerdotis,</strong></span> <span class='ocrx_word' id='word_1_99' title='bbox 1282 1482 1336 1526; x_wconf 92' lang='lat' dir='ltr'><strong>et</strong></span> <span class='ocrx_word' id='word_1_100' title='bbox 1369 1490 1554 1528; x_wconf 88' lang='lat' dir='ltr'><strong>manus</strong></span> <span class='ocrx_word' id='word_1_101' title='bbox 1597 1476 1802 1543; x_wconf 80' lang='lat' dir='ltr'><strong>populi,</strong></span> 
     </span>
    </p>
   </div>
   <div class='ocr_carea' id='block_1_14' title="bbox 218 1564 1805 1635">
    <p class='ocr_par' dir='ltr' id='par_1_14' title="bbox 218 1564 1805 1635">
     <span class='ocr_line' id='line_1_14' title="bbox 218 1564 1805 1635; baseline -0.001 -17"><span class='ocrx_word' id='word_1_102' title='bbox 218 1568 336 1633; x_wconf 80' lang='lat' dir='ltr'><strong>quia</strong></span> <span class='ocrx_word' id='word_1_103' title='bbox 374 1581 477 1635; x_wconf 88' lang='lat' dir='ltr'><strong>ego</strong></span> <span class='ocrx_word' id='word_1_104' title='bbox 516 1565 785 1619; x_wconf 80' lang='lat' dir='ltr'><strong>vobiscum</strong></span> <span class='ocrx_word' id='word_1_105' title='bbox 832 1580 967 1629; x_wconf 91' lang='lat' dir='ltr'><strong>sum,</strong></span> <span class='ocrx_word' id='word_1_106' title='bbox 1014 1564 1139 1618; x_wconf 88' lang='lat' dir='ltr'><strong>dicit</strong></span> <span class='ocrx_word' id='word_1_107' title='bbox 1189 1564 1465 1629; x_wconf 83' lang='lat' dir='ltr'><strong>Dominus,</strong></span> <span class='ocrx_word' id='word_1_108' title='bbox 1495 1576 1547 1618; x_wconf 79' lang='lat' dir='ltr'><strong>et</strong></span> <span class='ocrx_word' id='word_1_109' title='bbox 1577 1566 1805 1619; x_wconf 76' lang='lat' dir='ltr'><strong>Verbum</strong></span> 
     </span>
    </p>
   </div>
   <div class='ocr_carea' id='block_1_15' title="bbox 222 1655 1800 1725">
    <p class='ocr_par' dir='ltr' id='par_1_15' title="bbox 222 1655 1800 1725">
     <span class='ocr_line' id='line_1_15' title="bbox 222 1655 1800 1725; baseline -0.003 -14"><span class='ocrx_word' id='word_1_110' title='bbox 222 1675 397 1714; x_wconf 81' lang='lat' dir='ltr'><strong>ineunt</strong></span> <span class='ocrx_word' id='word_1_111' title='bbox 441 1658 669 1719; x_wconf 89' lang='lat' dir='ltr'><strong>bonum;</strong></span> <span class='ocrx_word' id='word_1_112' title='bbox 700 1657 994 1725; x_wconf 81' lang='lat' dir='ltr'><strong>etSpiritus</strong></span> <span class='ocrx_word' id='word_1_113' title='bbox 1025 1672 1173 1709; x_wconf 88' lang='lat' dir='ltr'><strong>meus</strong></span> <span class='ocrx_word' id='word_1_114' title='bbox 1221 1656 1271 1708; x_wconf 93' lang='lat' dir='ltr'><strong>in</strong></span> <span class='ocrx_word' id='word_1_115' title='bbox 1306 1655 1481 1709; x_wconf 88' lang='lat' dir='ltr'><strong>medio</strong></span> <span class='ocrx_word' id='word_1_116' title='bbox 1515 1666 1747 1709; x_wconf 89' lang='lat' dir='ltr'><strong>vestrum</strong></span> <span class='ocrx_word' id='word_1_117' title='bbox 1781 1675 1800 1707; x_wconf 73' lang='grc' dir='ltr'><strong>ι</strong></span> 
     </span>
    </p>
   </div>
   <div class='ocr_carea' id='block_1_16' title="bbox 221 1748 1807 1823">
    <p class='ocr_par' dir='ltr' id='par_1_16' title="bbox 221 1748 1807 1823">
     <span class='ocr_line' id='line_1_16' title="bbox 221 1748 1807 1823; baseline -0.001 -18"><span class='ocrx_word' id='word_1_118' title='bbox 221 1750 387 1823; x_wconf 82' lang='lat' dir='ltr'><strong>(Agg.</strong></span> <span class='ocrx_word' id='word_1_119' title='bbox 428 1750 483 1803; x_wconf 75' lang='lat'><strong>2.</strong></span> <span class='ocrx_word' id='word_1_120' title='bbox 515 1751 566 1805; x_wconf 89' lang='grc'><strong>5.</strong></span> <span class='ocrx_word' id='word_1_121' title='bbox 600 1749 688 1819; x_wconf 89' lang='grc'><strong>6).</strong></span> <span class='ocrx_word' id='word_1_122' title='bbox 720 1750 982 1803; x_wconf 78' lang='lat' dir='ltr'><strong>Praeterea</strong></span> <span class='ocrx_word' id='word_1_123' title='bbox 1030 1765 1174 1813; x_wconf 88' lang='lat' dir='ltr'><strong>vero,</strong></span> <span class='ocrx_word' id='word_1_124' title='bbox 1220 1748 1434 1813; x_wconf 82' lang='lat' dir='ltr'><strong>fratres,</strong></span> <span class='ocrx_word' id='word_1_125' title='bbox 1477 1751 1807 1819; x_wconf 89' lang='lat' dir='ltr'><strong>regeneratio</strong></span> 
     </span>
    </p>
   </div>
   <div class='ocr_carea' id='block_1_17' title="bbox 220 1838 1807 1908">
    <p class='ocr_par' dir='ltr' id='par_1_17' title="bbox 220 1838 1807 1908">
     <span class='ocr_line' id='line_1_17' title="bbox 220 1838 1807 1908; baseline 0.001 -15"><span class='ocrx_word' id='word_1_126' title='bbox 220 1849 401 1894; x_wconf 87' lang='lat' dir='ltr'><strong>nostra</strong></span> <span class='ocrx_word' id='word_1_127' title='bbox 428 1840 715 1894; x_wconf 75' lang='lat' dir='ltr'><strong>creatiunis</strong></span> <span class='ocrx_word' id='word_1_128' title='bbox 743 1838 1097 1893; x_wconf 87' lang='lat' dir='ltr'><strong>testimonium</strong></span> <span class='ocrx_word' id='word_1_129' title='bbox 1130 1849 1230 1893; x_wconf 86' lang='lat' dir='ltr'><strong>est.</strong></span> <span class='ocrx_word' id='word_1_130' title='bbox 1257 1839 1366 1893; x_wconf 78' lang='lat' dir='ltr'><strong>Nisi</strong></span> <span class='ocrx_word' id='word_1_131' title='bbox 1407 1839 1633 1908; x_wconf 85' lang='lat' dir='ltr'><strong>Spiritus</strong></span> <span class='ocrx_word' id='word_1_132' title='bbox 1666 1841 1807 1894; x_wconf 83' lang='lat' dir='ltr'><strong>Palri</strong></span> 
     </span>
    </p>
   </div>
   <div class='ocr_carea' id='block_1_18' title="bbox 217 1930 1803 1999">
    <p class='ocr_par' dir='ltr' id='par_1_18' title="bbox 217 1930 1803 1999">
     <span class='ocr_line' id='line_1_18' title="bbox 217 1930 1803 1999; baseline 0 -15"><span class='ocrx_word' id='word_1_133' title='bbox 217 1941 269 1984; x_wconf 87' lang='lat' dir='ltr'><strong>et</strong></span> <span class='ocrx_word' id='word_1_134' title='bbox 312 1930 453 1985; x_wconf 91' lang='lat' dir='ltr'><strong>Filio</strong></span> <span class='ocrx_word' id='word_1_135' title='bbox 482 1945 703 1984; x_wconf 90' lang='lat' dir='ltr'><strong>consors</strong></span> <span class='ocrx_word' id='word_1_136' title='bbox 728 1930 911 1984; x_wconf 71' lang='lat' dir='ltr'><strong>fuisset</strong></span> <span class='ocrx_word' id='word_1_137' title='bbox 941 1931 989 1982; x_wconf 92' lang='lat' dir='ltr'><strong>in</strong></span> <span class='ocrx_word' id='word_1_138' title='bbox 1022 1931 1315 1993; x_wconf 88' lang='lat' dir='ltr'><strong>creatione,</strong></span> <span class='ocrx_word' id='word_1_139' title='bbox 1360 1946 1532 1999; x_wconf 89' lang='lat' dir='ltr'><strong>neque</strong></span> <span class='ocrx_word' id='word_1_140' title='bbox 1565 1930 1719 1984; x_wconf 79' lang='lat' dir='ltr'><strong>fuerit</strong></span> <span class='ocrx_word' id='word_1_141' title='bbox 1752 1932 1803 1984; x_wconf 88' lang='lat' dir='ltr'><strong>in</strong></span> 
     </span>
    </p>
   </div>
   <div class='ocr_carea' id='block_1_19' title="bbox 221 2021 1809 2091">
    <p class='ocr_par' dir='ltr' id='par_1_19' title="bbox 221 2021 1809 2091">
     <span class='ocr_line' id='line_1_19' title="bbox 221 2021 1809 2091; baseline 0.002 -18"><span class='ocrx_word' id='word_1_142' title='bbox 221 2021 641 2091; x_wconf 72' lang='lat' dir='ltr'><strong>regeneratione.</strong></span> <span class='ocrx_word' id='word_1_143' title='bbox 673 2022 949 2087; x_wconf 47' lang='lat' dir='ltr'><strong>Quitmodo</strong></span> <span class='ocrx_word' id='word_1_144' title='bbox 980 2021 1347 2089; x_wconf 85' lang='lat' dir='ltr'><strong>baptizamur?</strong></span> <span class='ocrx_word' id='word_1_145' title='bbox 1381 2021 1443 2074; x_wconf 93' lang='lat' dir='ltr'><strong>In</strong></span> <span class='ocrx_word' id='word_1_146' title='bbox 1478 2025 1676 2075; x_wconf 80' lang='lat' dir='ltr'><strong>nomine</strong></span> <span class='ocrx_word' id='word_1_147' title='bbox 1703 2022 1809 2076; x_wconf 87' lang='lat' dir='ltr'><strong>Pa-</strong></span> 
     </span>
    </p>
   </div>
   <div class='ocr_carea' id='block_1_20' title="bbox 219 2109 1809 2184">
    <p class='ocr_par' dir='ltr' id='par_1_20' title="bbox 219 2109 1809 2184">
     <span class='ocr_line' id='line_1_20' title="bbox 219 2109 1809 2184; baseline 0.005 -21"><span class='ocrx_word' id='word_1_148' title='bbox 219 2114 304 2164; x_wconf 86' lang='lat' dir='ltr'><strong>tris</strong></span> <span class='ocrx_word' id='word_1_149' title='bbox 344 2121 390 2163; x_wconf 88' lang='lat' dir='ltr'><strong>et</strong></span> <span class='ocrx_word' id='word_1_150' title='bbox 423 2109 549 2163; x_wconf 82' lang='lat' dir='ltr'><strong>Filii</strong></span> <span class='ocrx_word' id='word_1_151' title='bbox 575 2121 619 2163; x_wconf 86' lang='lat' dir='ltr'><strong>et</strong></span> <span class='ocrx_word' id='word_1_152' title='bbox 662 2111 887 2180; x_wconf 77' lang='lat' dir='ltr'><strong>Spiritus</strong></span> <span class='ocrx_word' id='word_1_153' title='bbox 932 2114 1088 2164; x_wconf 83' lang='lat' dir='ltr'><strong>sancti</strong></span> <span class='ocrx_word' id='word_1_154' title='bbox 1140 2114 1368 2182; x_wconf 72' lang='lat' dir='ltr'><strong>(dlclt/t.</strong></span> <span class='ocrx_word' id='word_1_155' title='bbox 1398 2114 1486 2168; x_wconf 80' lang='lat'><strong>‘28.</strong></span> <span class='ocrx_word' id='word_1_156' title='bbox 1523 2116 1644 2184; x_wconf 83' lang='lat'><strong>19).</strong></span> <span class='ocrx_word' id='word_1_157' title='bbox 1679 2114 1809 2181; x_wconf 77' lang='lat' dir='ltr'><strong>Qua:</strong></span> 
     </span>
    </p>
   </div>
   <div class='ocr_carea' id='block_1_21' title="bbox 220 2202 1809 2271">
    <p class='ocr_par' dir='ltr' id='par_1_21' title="bbox 220 2202 1809 2271">
     <span class='ocr_line' id='line_1_21' title="bbox 220 2202 1809 2271; baseline 0.006 -18"><span class='ocrx_word' id='word_1_158' title='bbox 220 2202 388 2271; x_wconf 86' lang='lat' dir='ltr'><strong>major</strong></span> <span class='ocrx_word' id='word_1_159' title='bbox 415 2202 715 2271; x_wconf 79' lang='lat' dir='ltr'><strong>generatio,</strong></span> <span class='ocrx_word' id='word_1_160' title='bbox 743 2217 809 2254; x_wconf 91' lang='lat' dir='ltr'><strong>an</strong></span> <span class='ocrx_word' id='word_1_161' title='bbox 856 2204 1161 2269; x_wconf 71' lang='lat' dir='ltr'><strong>creationis,</strong></span> <span class='ocrx_word' id='word_1_162' title='bbox 1211 2220 1275 2256; x_wconf 89' lang='lat' dir='ltr'><strong>an</strong></span> <span class='ocrx_word' id='word_1_163' title='bbox 1326 2205 1668 2260; x_wconf 88' lang='lat' dir='ltr'><strong>initiationis?</strong></span> <span class='ocrx_word' id='word_1_164' title='bbox 1699 2209 1809 2262; x_wconf 92' lang='lat' dir='ltr'><strong>lllic</strong></span> 
     </span>
    </p>
   </div>
   <div class='ocr_carea' id='block_1_22' title="bbox 218 2294 1808 2365">
    <p class='ocr_par' dir='ltr' id='par_1_22' title="bbox 218 2294 1808 2365">
     <span class='ocr_line' id='line_1_22' title="bbox 218 2294 1808 2365; baseline 0.004 -19"><span class='ocrx_word' id='word_1_165' title='bbox 218 2294 535 2362; x_wconf 85' lang='lat' dir='ltr'><strong>principium</strong></span> <span class='ocrx_word' id='word_1_166' title='bbox 564 2294 683 2347; x_wconf 64' lang='lat' dir='ltr'><strong>vitae</strong></span> <span class='ocrx_word' id='word_1_167' title='bbox 711 2295 762 2347; x_wconf 91' lang='lat' dir='ltr'><strong>in</strong></span> <span class='ocrx_word' id='word_1_168' title='bbox 794 2306 1040 2359; x_wconf 90' lang='lat' dir='ltr'><strong>mortem,</strong></span> <span class='ocrx_word' id='word_1_169' title='bbox 1076 2296 1157 2346; x_wconf 85' lang='lat' dir='ltr'><strong>hic</strong></span> <span class='ocrx_word' id='word_1_170' title='bbox 1193 2297 1505 2365; x_wconf 77' lang='lat' dir='ltr'><strong>principium</strong></span> <span class='ocrx_word' id='word_1_171' title='bbox 1540 2300 1726 2352; x_wconf 90' lang='lat' dir='ltr'><strong>mortis</strong></span> <span class='ocrx_word' id='word_1_172' title='bbox 1754 2300 1808 2353; x_wconf 93' lang='lat' dir='ltr'><strong>in</strong></span> 
     </span>
    </p>
   </div>
   <div class='ocr_carea' id='block_1_23' title="bbox 216 2384 1807 2457">
    <p class='ocr_par' dir='ltr' id='par_1_23' title="bbox 216 2384 1807 2457">
     <span class='ocr_line' id='line_1_23' title="bbox 216 2384 1807 2457; baseline 0.006 -19"><span class='ocrx_word' id='word_1_173' title='bbox 216 2386 398 2439; x_wconf 83' lang='lat' dir='ltr'><strong>vitam.</strong></span> <span class='ocrx_word' id='word_1_174' title='bbox 433 2384 532 2452; x_wconf 88' lang='lat' dir='ltr'><strong>Qui</strong></span> <span class='ocrx_word' id='word_1_175' title='bbox 563 2400 689 2455; x_wconf 87' lang='lat' dir='ltr'><strong>ergo</strong></span> <span class='ocrx_word' id='word_1_176' title='bbox 722 2385 832 2439; x_wconf 84' lang='lat' dir='ltr'><strong>ﬁeri</strong></span> <span class='ocrx_word' id='word_1_177' title='bbox 861 2395 1054 2454; x_wconf 85' lang='lat' dir='ltr'><strong>potest,</strong></span> <span class='ocrx_word' id='word_1_178' title='bbox 1086 2400 1141 2440; x_wconf 90' lang='lat' dir='ltr'><strong>ut</strong></span> <span class='ocrx_word' id='word_1_179' title='bbox 1166 2390 1393 2457; x_wconf 73' lang='lat' dir='ltr'><strong>Spiritus</strong></span> <span class='ocrx_word' id='word_1_180' title='bbox 1419 2400 1634 2446; x_wconf 91' lang='lat' dir='ltr'><strong>sanctus</strong></span> <span class='ocrx_word' id='word_1_181' title='bbox 1663 2392 1712 2446; x_wconf 90' lang='lat' dir='ltr'><strong>in</strong></span> <span class='ocrx_word' id='word_1_182' title='bbox 1744 2408 1807 2447; x_wconf 92' lang='lat' dir='ltr'><strong>eo</strong></span> 
     </span>
    </p>
   </div>
   <div class='ocr_carea' id='block_1_24' title="bbox 216 2476 1804 2555">
    <p class='ocr_par' dir='ltr' id='par_1_24' title="bbox 216 2476 1804 2555">
     <span class='ocr_line' id='line_1_24' title="bbox 216 2476 1804 2555; baseline 0.009 -29"><span class='ocrx_word' id='word_1_183' title='bbox 216 2476 359 2544; x_wconf 85' lang='lat' dir='ltr'><strong>quod</strong></span> <span class='ocrx_word' id='word_1_184' title='bbox 394 2477 566 2545; x_wconf 84' lang='lat' dir='ltr'><strong>majus</strong></span> <span class='ocrx_word' id='word_1_185' title='bbox 593 2484 676 2531; x_wconf 90' lang='lat' dir='ltr'><strong>est</strong></span> <span class='ocrx_word' id='word_1_186' title='bbox 704 2492 923 2532; x_wconf 85' lang='lat' dir='ltr'><strong>censors</strong></span> <span class='ocrx_word' id='word_1_187' title='bbox 952 2481 1017 2532; x_wconf 88' lang='lat' dir='ltr'><strong>sit</strong></span> <span class='ocrx_word' id='word_1_188' title='bbox 1046 2482 1215 2533; x_wconf 68' lang='lat' dir='ltr'><strong>Patri;</strong></span> <span class='ocrx_word' id='word_1_189' title='bbox 1260 2492 1313 2534; x_wconf 88' lang='lat' dir='ltr'><strong>et</strong></span> <span class='ocrx_word' id='word_1_190' title='bbox 1345 2482 1493 2545; x_wconf 77' lang='lat' dir='ltr'><strong>Filii;</strong></span> <span class='ocrx_word' id='word_1_191' title='bbox 1530 2484 1579 2536; x_wconf 94' lang='lat' dir='ltr'><strong>in</strong></span> <span class='ocrx_word' id='word_1_192' title='bbox 1610 2500 1804 2555; x_wconf 92' lang='lat' dir='ltr'><strong>corpo-</strong></span> 
     </span>
    </p>
   </div>
   <div class='ocr_carea' id='block_1_25' title="bbox 216 2569 1806 2642">
    <p class='ocr_par' dir='ltr' id='par_1_25' title="bbox 216 2569 1806 2642">
     <span class='ocr_line' id='line_1_25' title="bbox 216 2569 1806 2642; baseline 0.008 -23"><span class='ocrx_word' id='word_1_193' title='bbox 216 2569 309 2621; x_wconf 88' lang='lat' dir='ltr'><strong>rali</strong></span> <span class='ocrx_word' id='word_1_194' title='bbox 332 2577 515 2622; x_wconf 88' lang='lat' dir='ltr'><strong>autem</strong></span> <span class='ocrx_word' id='word_1_195' title='bbox 535 2571 804 2624; x_wconf 88' lang='lat' dir='ltr'><strong>creatione</strong></span> <span class='ocrx_word' id='word_1_196' title='bbox 821 2586 847 2622; x_wconf 91' lang='lat' dir='ltr'><strong>a</strong></span> <span class='ocrx_word' id='word_1_197' title='bbox 872 2574 1136 2625; x_wconf 87' lang='lat' dir='ltr'><strong>connnuni</strong></span> <span class='ocrx_word' id='word_1_198' title='bbox 1161 2574 1416 2642; x_wconf 76' lang='lat' dir='ltr'><strong>dignitate</strong></span> <span class='ocrx_word' id='word_1_199' title='bbox 1441 2580 1806 2632; x_wconf 79' lang='lat' dir='ltr'><strong>removeatur?</strong></span> 
     </span>
    </p>
   </div>
   <div class='ocr_carea' id='block_1_26' title="bbox 216 2660 1806 2733">
    <p class='ocr_par' dir='ltr' id='par_1_26' title="bbox 216 2660 1806 2733">
     <span class='ocr_line' id='line_1_26' title="bbox 216 2660 1806 2733; baseline 0.004 -20"><span class='ocrx_word' id='word_1_200' title='bbox 216 2660 518 2729; x_wconf 82' lang='lat' dir='ltr'><strong>Numquam</strong></span> <span class='ocrx_word' id='word_1_201' title='bbox 562 2661 762 2715; x_wconf 92' lang='lat' dir='ltr'><strong>conditi</strong></span> <span class='ocrx_word' id='word_1_202' title='bbox 814 2664 1117 2726; x_wconf 75' lang='lat' dir='ltr'><strong>luiSsenius,</strong></span> <span class='ocrx_word' id='word_1_203' title='bbox 1158 2666 1257 2716; x_wconf 92' lang='lat' dir='ltr'><strong>nisi</strong></span> <span class='ocrx_word' id='word_1_204' title='bbox 1304 2681 1333 2716; x_wconf 90' lang='lat' dir='ltr'><strong>a</strong></span> <span class='ocrx_word' id='word_1_205' title='bbox 1376 2664 1576 2733; x_wconf 87' lang='lat' dir='ltr'><strong>Spiritu</strong></span> <span class='ocrx_word' id='word_1_206' title='bbox 1622 2678 1806 2720; x_wconf 90' lang='lat' dir='ltr'><strong>sancto</strong></span> 
     </span>
    </p>
   </div>
   <div class='ocr_carea' id='block_1_27' title="bbox 217 2749 1807 2821">
    <p class='ocr_par' dir='ltr' id='par_1_27' title="bbox 217 2749 1807 2821">
     <span class='ocr_line' id='line_1_27' title="bbox 217 2749 1807 2821; baseline 0.006 -20"><span class='ocrx_word' id='word_1_207' title='bbox 217 2749 429 2803; x_wconf 77' lang='lat' dir='ltr'><strong>formati</strong></span> <span class='ocrx_word' id='word_1_208' title='bbox 462 2765 722 2805; x_wconf 88' lang='lat' dir='ltr'><strong>essemus.</strong></span> <span class='ocrx_word' id='word_1_209' title='bbox 751 2752 815 2805; x_wconf 85' lang='lat' dir='ltr'><strong>Et</strong></span> <span class='ocrx_word' id='word_1_210' title='bbox 846 2754 966 2821; x_wconf 84' lang='lat' dir='ltr'><strong>quia</strong></span> <span class='ocrx_word' id='word_1_211' title='bbox 999 2754 1049 2805; x_wconf 90' lang='lat' dir='ltr'><strong>in</strong></span> <span class='ocrx_word' id='word_1_212' title='bbox 1105 2754 1274 2820; x_wconf 87' lang='lat' dir='ltr'><strong>prima</strong></span> <span class='ocrx_word' id='word_1_213' title='bbox 1314 2756 1585 2809; x_wconf 85' lang='lat' dir='ltr'><strong>creatione</strong></span> <span class='ocrx_word' id='word_1_214' title='bbox 1629 2757 1807 2810; x_wconf 89' lang='lat' dir='ltr'><strong>socius</strong></span> 
     </span>
    </p>
   </div>
   <div class='ocr_carea' id='block_1_28' title="bbox 215 2840 1807 2913">
    <p class='ocr_par' dir='ltr' id='par_1_28' title="bbox 215 2840 1807 2913">
     <span class='ocr_line' id='line_1_28' title="bbox 215 2840 1807 2913; baseline 0.005 -21"><span class='ocrx_word' id='word_1_215' title='bbox 215 2850 296 2893; x_wconf 87' lang='lat' dir='ltr'><strong>est</strong></span> <span class='ocrx_word' id='word_1_216' title='bbox 322 2840 497 2893; x_wconf 87' lang='lat' dir='ltr'><strong>Patris</strong></span> <span class='ocrx_word' id='word_1_217' title='bbox 542 2851 595 2895; x_wconf 90' lang='lat' dir='ltr'><strong>et</strong></span> <span class='ocrx_word' id='word_1_218' title='bbox 643 2841 782 2905; x_wconf 82' lang='lat' dir='ltr'><strong>Filii,</strong></span> <span class='ocrx_word' id='word_1_219' title='bbox 822 2844 1064 2896; x_wconf 86' lang='lat' dir='ltr'><strong>similiter</strong></span> <span class='ocrx_word' id='word_1_220' title='bbox 1109 2852 1164 2896; x_wconf 89' lang='lat' dir='ltr'><strong>et</strong></span> <span class='ocrx_word' id='word_1_221' title='bbox 1202 2844 1252 2896; x_wconf 91' lang='lat' dir='ltr'><strong>in</strong></span> <span class='ocrx_word' id='word_1_222' title='bbox 1294 2845 1608 2913; x_wconf 85' lang='lat' dir='ltr'><strong>baptismate</strong></span> <span class='ocrx_word' id='word_1_223' title='bbox 1632 2847 1807 2900; x_wconf 92' lang='lat' dir='ltr'><strong>socius</strong></span> 
     </span>
    </p>
   </div>
   <div class='ocr_carea' id='block_1_29' title="bbox 216 2930 1809 3004">
    <p class='ocr_par' dir='ltr' id='par_1_29' title="bbox 216 2930 1809 3004">
     <span class='ocr_line' id='line_1_29' title="bbox 216 2930 1809 3004; baseline 0.006 -23"><span class='ocrx_word' id='word_1_224' title='bbox 216 2939 296 2982; x_wconf 89' lang='lat' dir='ltr'><strong>est</strong></span> <span class='ocrx_word' id='word_1_225' title='bbox 317 2939 371 2982; x_wconf 91' lang='lat' dir='ltr'><strong>et</strong></span> <span class='ocrx_word' id='word_1_226' title='bbox 392 2930 624 2998; x_wconf 72' lang='lat' dir='ltr'><strong>adjutor.</strong></span> <span class='ocrx_word' id='word_1_227' title='bbox 653 2932 855 2986; x_wconf 72' lang='lat' dir='ltr'><strong>ltursus</strong></span> <span class='ocrx_word' id='word_1_228' title='bbox 876 2932 932 2986; x_wconf 88' lang='lat' dir='ltr'><strong>in</strong></span> <span class='ocrx_word' id='word_1_229' title='bbox 962 2932 1352 2988; x_wconf 88' lang='lat' dir='ltr'><strong>resurrectione</strong></span> <span class='ocrx_word' id='word_1_230' title='bbox 1394 2933 1503 2988; x_wconf 79' lang='lat' dir='ltr'><strong>lieri</strong></span> <span class='ocrx_word' id='word_1_231' title='bbox 1530 2936 1713 3004; x_wconf 85' lang='lat' dir='ltr'><strong>nequit</strong></span> <span class='ocrx_word' id='word_1_232' title='bbox 1754 2946 1809 2990; x_wconf 86' lang='grc' dir='ltr'><strong>ιιι</strong></span> 
     </span>
    </p>
   </div>
   <div class='ocr_carea' id='block_1_30' title="bbox 218 3021 1807 3093">
    <p class='ocr_par' dir='ltr' id='par_1_30' title="bbox 218 3021 1807 3093">
     <span class='ocr_line' id='line_1_30' title="bbox 218 3021 1807 3093; baseline 0.007 -22"><span class='ocrx_word' id='word_1_233' title='bbox 218 3035 315 3076; x_wconf 91' lang='lat' dir='ltr'><strong>nos</strong></span> <span class='ocrx_word' id='word_1_234' title='bbox 341 3021 451 3074; x_wconf 86' lang='lat' dir='ltr'><strong>alio</strong></span> <span class='ocrx_word' id='word_1_235' title='bbox 486 3022 643 3077; x_wconf 90' lang='lat' dir='ltr'><strong>modo</strong></span> <span class='ocrx_word' id='word_1_236' title='bbox 672 3037 1033 3092; x_wconf 78' lang='lat' dir='ltr'><strong>resurgamus,</strong></span> <span class='ocrx_word' id='word_1_237' title='bbox 1058 3039 1215 3093; x_wconf 89' lang='lat' dir='ltr'><strong>quam</strong></span> <span class='ocrx_word' id='word_1_238' title='bbox 1247 3025 1405 3080; x_wconf 81' lang='lat' dir='ltr'><strong>Patre</strong></span> <span class='ocrx_word' id='word_1_239' title='bbox 1424 3026 1651 3093; x_wconf 85' lang='lat' dir='ltr'><strong>volente,</strong></span> <span class='ocrx_word' id='word_1_240' title='bbox 1674 3027 1807 3083; x_wconf 85' lang='lat' dir='ltr'><strong>Filio</strong></span> 
     </span>
    </p>
   </div>
   <div class='ocr_carea' id='block_1_31' title="bbox 214 3112 1803 3184">
    <p class='ocr_par' dir='ltr' id='par_1_31' title="bbox 214 3112 1803 3184">
     <span class='ocr_line' id='line_1_31' title="bbox 214 3112 1803 3184; baseline 0.007 -22"><span class='ocrx_word' id='word_1_241' title='bbox 214 3120 577 3178; x_wconf 83' lang='lat' dir='ltr'><strong>cooperante,</strong></span> <span class='ocrx_word' id='word_1_242' title='bbox 623 3120 678 3165; x_wconf 88' lang='lat' dir='ltr'><strong>et</strong></span> <span class='ocrx_word' id='word_1_243' title='bbox 728 3112 926 3180; x_wconf 71' lang='lat' dir='ltr'><strong>Spiritu</strong></span> <span class='ocrx_word' id='word_1_244' title='bbox 974 3124 1158 3166; x_wconf 78' lang='lat' dir='ltr'><strong>sancto</strong></span> <span class='ocrx_word' id='word_1_245' title='bbox 1198 3116 1440 3168; x_wconf 78' lang='lat' dir='ltr'><strong>virtutem</strong></span> <span class='ocrx_word' id='word_1_246' title='bbox 1497 3126 1803 3184; x_wconf 63' lang='lat' dir='ltr'><strong>praestante.</strong></span> 
     </span>
    </p>
   </div>
   <div class='ocr_carea' id='block_1_32' title="bbox 216 3202 1807 3268">
    <p class='ocr_par' dir='ltr' id='par_1_32' title="bbox 216 3202 1807 3268">
     <span class='ocr_line' id='line_1_32' title="bbox 216 3202 1807 3268; baseline 0.006 -15"><span class='ocrx_word' id='word_1_247' title='bbox 216 3202 352 3254; x_wconf 88' lang='lat' dir='ltr'><strong>Audi</strong></span> <span class='ocrx_word' id='word_1_248' title='bbox 411 3203 690 3257; x_wconf 90' lang='lat' dir='ltr'><strong>Dominum</strong></span> <span class='ocrx_word' id='word_1_249' title='bbox 756 3205 1057 3268; x_wconf 87' lang='lat' dir='ltr'><strong>dicentem;</strong></span> <span class='ocrx_word' id='word_1_250' title='bbox 1116 3213 1258 3260; x_wconf 78' lang='lat' dir='ltr'><strong>recte</strong></span> <span class='ocrx_word' id='word_1_251' title='bbox 1316 3207 1425 3260; x_wconf 86' lang='lat' dir='ltr'><strong>dixi</strong></span> <span class='ocrx_word' id='word_1_252' title='bbox 1481 3208 1807 3262; x_wconf 88' lang='lat' dir='ltr'><strong>Dominum:</strong></span> 
     </span>
    </p>
   </div>
   <div class='ocr_carea' id='block_1_33' title="bbox 214 3294 1807 3361">
    <p class='ocr_par' dir='ltr' id='par_1_33' title="bbox 214 3294 1807 3361">
     <span class='ocr_line' id='line_1_33' title="bbox 214 3294 1807 3361; baseline 0.006 -15"><span class='ocrx_word' id='word_1_253' title='bbox 214 3294 427 3348; x_wconf 84' lang='lat' dir='ltr'><strong>etiamsi</strong></span> <span class='ocrx_word' id='word_1_254' title='bbox 464 3296 604 3348; x_wconf 89' lang='lat' dir='ltr'><strong>enim</strong></span> <span class='ocrx_word' id='word_1_255' title='bbox 636 3296 783 3349; x_wconf 81' lang='lat' dir='ltr'><strong>Pauli</strong></span> <span class='ocrx_word' id='word_1_256' title='bbox 830 3311 926 3349; x_wconf 80' lang='lat' dir='ltr'><strong>vox</strong></span> <span class='ocrx_word' id='word_1_257' title='bbox 960 3298 1049 3361; x_wconf 72' lang='lat' dir='ltr'><strong>sit,</strong></span> <span class='ocrx_word' id='word_1_258' title='bbox 1084 3298 1287 3350; x_wconf 86' lang='lat' dir='ltr'><strong>Domini</strong></span> <span class='ocrx_word' id='word_1_259' title='bbox 1324 3308 1500 3353; x_wconf 89' lang='lat' dir='ltr'><strong>tamen</strong></span> <span class='ocrx_word' id='word_1_260' title='bbox 1531 3311 1611 3354; x_wconf 89' lang='lat' dir='ltr'><strong>est</strong></span> <span class='ocrx_word' id='word_1_261' title='bbox 1644 3320 1655 3354; x_wconf 89' lang='lat'>:</span> <span class='ocrx_word' id='word_1_262' title='bbox 1683 3302 1807 3356; x_wconf 87' lang='lat' dir='ltr'><strong>licet</strong></span> 
     </span>
    </p>
   </div>
   <div class='ocr_carea' id='block_1_34' title="bbox 214 3384 1801 3461">
    <p class='ocr_par' dir='ltr' id='par_1_34' title="bbox 214 3384 1801 3461">
     <span class='ocr_line' id='line_1_34' title="bbox 214 3384 1801 3461; baseline 0.007 -28"><span class='ocrx_word' id='word_1_263' title='bbox 214 3384 359 3435; x_wconf 85' lang='lat' dir='ltr'><strong>enim</strong></span> <span class='ocrx_word' id='word_1_264' title='bbox 390 3398 454 3438; x_wconf 81' lang='lat' dir='ltr'><strong>ex</strong></span> <span class='ocrx_word' id='word_1_265' title='bbox 489 3385 600 3452; x_wconf 79' lang='lat' dir='ltr'><strong>ipso</strong></span> <span class='ocrx_word' id='word_1_266' title='bbox 628 3386 813 3440; x_wconf 89' lang='lat' dir='ltr'><strong>audire</strong></span> <span class='ocrx_word' id='word_1_267' title='bbox 839 3404 850 3437; x_wconf 93' lang='lat'>:</span> <span class='ocrx_word' id='word_1_268' title='bbox 892 3388 968 3438; x_wconf 80' lang='lat' dir='ltr'><strong>An</strong></span> <span class='ocrx_word' id='word_1_269' title='bbox 992 3388 1385 3453; x_wconf 77' lang='lat' dir='ltr'><strong>experimentum</strong></span> <span class='ocrx_word' id='word_1_270' title='bbox 1412 3392 1635 3458; x_wconf 72' lang='lat' dir='ltr'><strong>quwritis</strong></span> <span class='ocrx_word' id='word_1_271' title='bbox 1674 3394 1801 3461; x_wconf 81' lang='lat' dir='ltr'><strong>ejus,</strong></span> 
     </span>
    </p>
   </div>
   <div class='ocr_carea' id='block_1_35' title="bbox 212 3474 1807 3551">
    <p class='ocr_par' dir='ltr' id='par_1_35' title="bbox 212 3474 1807 3551">
     <span class='ocr_line' id='line_1_35' title="bbox 212 3474 1807 3551; baseline 0.008 -27"><span class='ocrx_word' id='word_1_272' title='bbox 212 3474 297 3539; x_wconf 85' lang='lat' dir='ltr'><strong>qui</strong></span> <span class='ocrx_word' id='word_1_273' title='bbox 322 3474 374 3525; x_wconf 87' lang='lat' dir='ltr'><strong>in</strong></span> <span class='ocrx_word' id='word_1_274' title='bbox 401 3490 478 3527; x_wconf 90' lang='lat' dir='ltr'><strong>me</strong></span> <span class='ocrx_word' id='word_1_275' title='bbox 509 3475 742 3540; x_wconf 73' lang='lat' dir='ltr'><strong>loquitur,</strong></span> <span class='ocrx_word' id='word_1_276' title='bbox 768 3475 955 3530; x_wconf 75' lang='lat' dir='ltr'><strong>Citriin</strong></span> <span class='ocrx_word' id='word_1_277' title='bbox 985 3476 1075 3547; x_wconf 72' lang='grc' dir='ltr'><strong>(Ξ.</strong></span> <span class='ocrx_word' id='word_1_278' title='bbox 1103 3477 1219 3529; x_wconf 79' lang='lat' dir='ltr'><strong>Cor.</strong></span> <span class='ocrx_word' id='word_1_279' title='bbox 1263 3480 1349 3533; x_wconf 78' lang='grc'><strong>15.</strong></span> <span class='ocrx_word' id='word_1_280' title='bbox 1378 3478 1474 3548; x_wconf 76' lang='lat'><strong>5)?</strong></span> <span class='ocrx_word' id='word_1_281' title='bbox 1519 3482 1605 3534; x_wconf 83' lang='lat' dir='ltr'><strong>Ait</strong></span> <span class='ocrx_word' id='word_1_282' title='bbox 1651 3481 1807 3551; x_wconf 79' lang='lat' dir='ltr'><strong>igitur</strong></span> 
     </span>
    </p>
   </div>
   <div class='ocr_carea' id='block_1_36' title="bbox 216 3562 1805 3637">
    <p class='ocr_par' dir='ltr' id='par_1_36' title="bbox 216 3562 1805 3637">
     <span class='ocr_line' id='line_1_36' title="bbox 216 3562 1805 3637; baseline 0.006 -22"><span class='ocrx_word' id='word_1_283' title='bbox 216 3562 267 3615; x_wconf 92' lang='lat' dir='ltr'><strong>in</strong></span> <span class='ocrx_word' id='word_1_284' title='bbox 314 3563 477 3616; x_wconf 81' lang='lat' dir='ltr'><strong>Paulo</strong></span> <span class='ocrx_word' id='word_1_285' title='bbox 527 3565 747 3633; x_wconf 80' lang='lat' dir='ltr'><strong>loquens</strong></span> <span class='ocrx_word' id='word_1_286' title='bbox 782 3584 793 3618; x_wconf 89' lang='lat'>:</span> <span class='ocrx_word' id='word_1_287' title='bbox 838 3584 853 3615; x_wconf 88' lang='grc' dir='ltr'><strong>ι</strong></span> <span class='ocrx_word' id='word_1_288' title='bbox 887 3565 991 3617; x_wconf 77' lang='lat' dir='ltr'><strong>Vcs</strong></span> <span class='ocrx_word' id='word_1_289' title='bbox 1022 3575 1199 3620; x_wconf 88' lang='lat' dir='ltr'><strong>autem</strong></span> <span class='ocrx_word' id='word_1_290' title='bbox 1235 3583 1339 3620; x_wconf 90' lang='lat' dir='ltr'><strong>non</strong></span> <span class='ocrx_word' id='word_1_291' title='bbox 1374 3570 1502 3623; x_wconf 91' lang='lat' dir='ltr'><strong>estis</strong></span> <span class='ocrx_word' id='word_1_292' title='bbox 1532 3570 1581 3623; x_wconf 93' lang='lat' dir='ltr'><strong>in</strong></span> <span class='ocrx_word' id='word_1_293' title='bbox 1614 3586 1805 3637; x_wconf 88' lang='lat' dir='ltr'><strong>carne,</strong></span> 
     </span>
    </p>
   </div>
   <div class='ocr_carea' id='block_1_37' title="bbox 214 3652 1804 3724">
    <p class='ocr_par' dir='ltr' id='par_1_37' title="bbox 214 3652 1804 3724">
     <span class='ocr_line' id='line_1_37' title="bbox 214 3652 1804 3724; baseline 0.006 -18"><span class='ocrx_word' id='word_1_294' title='bbox 214 3652 307 3706; x_wconf 83' lang='lat' dir='ltr'><strong>sed</strong></span> <span class='ocrx_word' id='word_1_295' title='bbox 333 3653 382 3704; x_wconf 94' lang='lat' dir='ltr'><strong>in</strong></span> <span class='ocrx_word' id='word_1_296' title='bbox 403 3654 593 3720; x_wconf 89' lang='lat' dir='ltr'><strong>spiritu</strong></span> <span class='ocrx_word' id='word_1_297' title='bbox 622 3674 633 3707; x_wconf 89' lang='lat'>:</span> <span class='ocrx_word' id='word_1_298' title='bbox 658 3656 935 3723; x_wconf 71' lang='lat' dir='ltr'><strong>siquidem</strong></span> <span class='ocrx_word' id='word_1_299' title='bbox 960 3656 1187 3724; x_wconf 83' lang='lat' dir='ltr'><strong>Spiritus</strong></span> <span class='ocrx_word' id='word_1_300' title='bbox 1212 3660 1301 3711; x_wconf 90' lang='lat' dir='ltr'><strong>Dei</strong></span> <span class='ocrx_word' id='word_1_301' title='bbox 1332 3660 1534 3714; x_wconf 83' lang='lat' dir='ltr'><strong>habitat</strong></span> <span class='ocrx_word' id='word_1_302' title='bbox 1557 3663 1607 3714; x_wconf 92' lang='lat' dir='ltr'><strong>in</strong></span> <span class='ocrx_word' id='word_1_303' title='bbox 1636 3664 1804 3717; x_wconf 80' lang='lat' dir='ltr'><strong>vobis.</strong></span> 
     </span>
    </p>
   </div>
   <div class='ocr_carea' id='block_1_38' title="bbox 215 3744 1809 3816">
    <p class='ocr_par' dir='ltr' id='par_1_38' title="bbox 215 3744 1809 3816">
     <span class='ocr_line' id='line_1_38' title="bbox 215 3744 1809 3816; baseline 0.007 -19"><span class='ocrx_word' id='word_1_304' title='bbox 215 3744 269 3797; x_wconf 85' lang='lat' dir='ltr'><strong>Si</strong></span> <span class='ocrx_word' id='word_1_305' title='bbox 294 3746 417 3813; x_wconf 84' lang='lat' dir='ltr'><strong>quis</strong></span> <span class='ocrx_word' id='word_1_306' title='bbox 440 3754 615 3799; x_wconf 91' lang='lat' dir='ltr'><strong>autem</strong></span> <span class='ocrx_word' id='word_1_307' title='bbox 645 3746 899 3816; x_wconf 87' lang='lat' dir='ltr'><strong>Spiritum</strong></span> <span class='ocrx_word' id='word_1_308' title='bbox 931 3749 1017 3801; x_wconf 90' lang='lat' dir='ltr'><strong>Dei</strong></span> <span class='ocrx_word' id='word_1_309' title='bbox 1052 3765 1155 3801; x_wconf 86' lang='lat' dir='ltr'><strong>non</strong></span> <span class='ocrx_word' id='word_1_310' title='bbox 1194 3750 1403 3814; x_wconf 85' lang='lat' dir='ltr'><strong>habeat,</strong></span> <span class='ocrx_word' id='word_1_311' title='bbox 1452 3752 1536 3806; x_wconf 90' lang='lat' dir='ltr'><strong>hic</strong></span> <span class='ocrx_word' id='word_1_312' title='bbox 1575 3769 1678 3807; x_wconf 92' lang='lat' dir='ltr'><strong>non</strong></span> <span class='ocrx_word' id='word_1_313' title='bbox 1728 3764 1809 3808; x_wconf 91' lang='lat' dir='ltr'><strong>est</strong></span> 
     </span>
    </p>
   </div>
   <div class='ocr_carea' id='block_1_39' title="bbox 210 3837 1805 3915">
    <p class='ocr_par' dir='ltr' id='par_1_39' title="bbox 210 3837 1805 3915">
     <span class='ocr_line' id='line_1_39' title="bbox 210 3837 1805 3915; baseline 0.006 -24"><span class='ocrx_word' id='word_1_314' title='bbox 210 3837 349 3906; x_wconf 88' lang='lat' dir='ltr'><strong>ejus.</strong></span> <span class='ocrx_word' id='word_1_315' title='bbox 396 3838 454 3892; x_wconf 89' lang='lat' dir='ltr'><strong>Si</strong></span> <span class='ocrx_word' id='word_1_316' title='bbox 496 3847 672 3893; x_wconf 91' lang='lat' dir='ltr'><strong>autem</strong></span> <span class='ocrx_word' id='word_1_317' title='bbox 710 3840 955 3895; x_wconf 87' lang='lat' dir='ltr'><strong>Christus</strong></span> <span class='ocrx_word' id='word_1_318' title='bbox 978 3842 1029 3895; x_wconf 91' lang='lat' dir='ltr'><strong>iu</strong></span> <span class='ocrx_word' id='word_1_319' title='bbox 1064 3843 1209 3895; x_wconf 74' lang='lat' dir='ltr'><strong>vobis</strong></span> <span class='ocrx_word' id='word_1_320' title='bbox 1240 3852 1338 3908; x_wconf 88' lang='lat' dir='ltr'><strong>est,</strong></span> <span class='ocrx_word' id='word_1_321' title='bbox 1374 3858 1566 3913; x_wconf 92' lang='lat' dir='ltr'><strong>corpus</strong></span> <span class='ocrx_word' id='word_1_322' title='bbox 1592 3846 1805 3915; x_wconf 87' lang='lat' dir='ltr'><strong>quidem</strong></span> 
     </span>
    </p>
   </div>
   <div class='ocr_carea' id='block_1_40' title="bbox 214 3936 1805 4003">
    <p class='ocr_par' dir='ltr' id='par_1_40' title="bbox 214 3936 1805 4003">
     <span class='ocr_line' id='line_1_40' title="bbox 214 3936 1805 4003; baseline 0.007 -20"><span class='ocrx_word' id='word_1_323' title='bbox 214 3940 485 3987; x_wconf 88' lang='lat' dir='ltr'><strong>mortuum</strong></span> <span class='ocrx_word' id='word_1_324' title='bbox 516 3940 598 3985; x_wconf 88' lang='lat' dir='ltr'><strong>est</strong></span> <span class='ocrx_word' id='word_1_325' title='bbox 641 3946 861 4003; x_wconf 89' lang='lat' dir='ltr'><strong>propter</strong></span> <span class='ocrx_word' id='word_1_326' title='bbox 911 3944 1182 4001; x_wconf 90' lang='lat' dir='ltr'><strong>peceatum</strong></span> <span class='ocrx_word' id='word_1_327' title='bbox 1214 3974 1229 3999; x_wconf 91' lang='lat'><strong>,</strong></span> <span class='ocrx_word' id='word_1_328' title='bbox 1281 3936 1500 4003; x_wconf 82' lang='lat' dir='ltr'><strong>Spiritus</strong></span> <span class='ocrx_word' id='word_1_329' title='bbox 1540 3953 1665 3992; x_wconf 91' lang='lat' dir='ltr'><strong>vero</strong></span> <span class='ocrx_word' id='word_1_330' title='bbox 1702 3940 1805 3994; x_wconf 88' lang='lat' dir='ltr'><strong>vita</strong></span> 
     </span>
    </p>
   </div>
   <div class='ocr_carea' id='block_1_41' title="bbox 216 4023 1806 4097">
    <p class='ocr_par' dir='ltr' id='par_1_41' title="bbox 216 4023 1806 4097">
     <span class='ocr_line' id='line_1_41' title="bbox 216 4023 1806 4097; baseline 0.007 -22"><span class='ocrx_word' id='word_1_331' title='bbox 216 4030 435 4091; x_wconf 90' lang='lat' dir='ltr'><strong>propter</strong></span> <span class='ocrx_word' id='word_1_332' title='bbox 455 4023 738 4091; x_wconf 86' lang='lat' dir='ltr'><strong>justitiam.</strong></span> <span class='ocrx_word' id='word_1_333' title='bbox 762 4026 910 4092; x_wconf 87' lang='lat' dir='ltr'><strong>Quod</strong></span> <span class='ocrx_word' id='word_1_334' title='bbox 940 4027 981 4077; x_wconf 91' lang='lat' dir='ltr'><strong>si</strong></span> <span class='ocrx_word' id='word_1_335' title='bbox 1015 4026 1243 4093; x_wconf 85' lang='lat' dir='ltr'><strong>Spiritus</strong></span> <span class='ocrx_word' id='word_1_336' title='bbox 1270 4028 1382 4095; x_wconf 90' lang='lat' dir='ltr'><strong>ejus</strong></span> <span class='ocrx_word' id='word_1_337' title='bbox 1411 4032 1501 4097; x_wconf 91' lang='lat' dir='ltr'><strong>qui</strong></span> <span class='ocrx_word' id='word_1_338' title='bbox 1533 4033 1806 4086; x_wconf 89' lang='lat' dir='ltr'><strong>suscitavit</strong></span> 
     </span>
    </p>
   </div>
   <div class='ocr_carea' id='block_1_42' title="bbox 212 4111 1803 4181">
    <p class='ocr_par' dir='ltr' id='par_1_42' title="bbox 212 4111 1803 4181">
     <span class='ocr_line' id='line_1_42' title="bbox 212 4111 1803 4181; baseline 0.009 -18"><span class='ocrx_word' id='word_1_339' title='bbox 212 4111 484 4166; x_wconf 70' lang='lat' dir='ltr'><strong>Christum</strong></span> <span class='ocrx_word' id='word_1_340' title='bbox 519 4112 721 4167; x_wconf 86' lang='lat' dir='ltr'><strong>habitat</strong></span> <span class='ocrx_word' id='word_1_341' title='bbox 750 4115 801 4168; x_wconf 92' lang='lat' dir='ltr'><strong>in</strong></span> <span class='ocrx_word' id='word_1_342' title='bbox 836 4116 1006 4178; x_wconf 85' lang='lat' dir='ltr'><strong>vobis,</strong></span> <span class='ocrx_word' id='word_1_343' title='bbox 1039 4118 1124 4181; x_wconf 91' lang='lat' dir='ltr'><strong>qui</strong></span> <span class='ocrx_word' id='word_1_344' title='bbox 1156 4118 1437 4172; x_wconf 83' lang='lat' dir='ltr'><strong>suscitavit</strong></span> <span class='ocrx_word' id='word_1_345' title='bbox 1475 4120 1742 4176; x_wconf 86' lang='lat' dir='ltr'><strong>Christum</strong></span> <span class='ocrx_word' id='word_1_346' title='bbox 1775 4139 1803 4177; x_wconf 93' lang='lat' dir='ltr'><strong>a</strong></span> 
     </span>
    </p>
   </div>
   <div class='ocr_carea' id='block_1_43' title="bbox 212 4204 1805 4281">
    <p class='ocr_par' dir='ltr' id='par_1_43' title="bbox 212 4204 1805 4281">
     <span class='ocr_line' id='line_1_43' title="bbox 212 4204 1805 4281; baseline 0.006 -24"><span class='ocrx_word' id='word_1_347' title='bbox 212 4204 442 4257; x_wconf 87' lang='lat' dir='ltr'><strong>mortuis</strong></span> <span class='ocrx_word' id='word_1_348' title='bbox 464 4204 745 4258; x_wconf 83' lang='lat' dir='ltr'><strong>viviﬁcabit</strong></span> <span class='ocrx_word' id='word_1_349' title='bbox 769 4214 821 4259; x_wconf 93' lang='lat' dir='ltr'><strong>et</strong></span> <span class='ocrx_word' id='word_1_350' title='bbox 841 4208 1083 4260; x_wconf 89' lang='lat' dir='ltr'><strong>mortalia</strong></span> <span class='ocrx_word' id='word_1_351' title='bbox 1112 4222 1331 4276; x_wconf 90' lang='lat' dir='ltr'><strong>corpora</strong></span> <span class='ocrx_word' id='word_1_352' title='bbox 1361 4220 1556 4276; x_wconf 85' lang='lat' dir='ltr'><strong>vestra,</strong></span> <span class='ocrx_word' id='word_1_353' title='bbox 1590 4225 1805 4281; x_wconf 86' lang='lat' dir='ltr'><strong>propter</strong></span> 
     </span>
    </p>
   </div>
   <div class='ocr_carea' id='block_1_44' title="bbox 212 4292 1800 4371">
    <p class='ocr_par' dir='ltr' id='par_1_44' title="bbox 212 4292 1800 4371">
     <span class='ocr_line' id='line_1_44' title="bbox 212 4292 1800 4371; baseline 0.008 -28"><span class='ocrx_word' id='word_1_354' title='bbox 212 4292 596 4347; x_wconf 82' lang='lat' dir='ltr'><strong>inhabitantem</strong></span> <span class='ocrx_word' id='word_1_355' title='bbox 627 4294 699 4362; x_wconf 79' lang='lat' dir='ltr'><strong>Sp</strong></span> <span class='ocrx_word' id='word_1_356' title='bbox 722 4295 883 4348; x_wconf 91' lang='lat' dir='ltr'><strong>ritum</strong></span> <span class='ocrx_word' id='word_1_357' title='bbox 909 4296 1022 4362; x_wconf 82' lang='lat' dir='ltr'><strong>ejus</strong></span> <span class='ocrx_word' id='word_1_358' title='bbox 1046 4297 1096 4349; x_wconf 92' lang='lat' dir='ltr'><strong>in</strong></span> <span class='ocrx_word' id='word_1_359' title='bbox 1120 4298 1266 4349; x_wconf 86' lang='lat' dir='ltr'><strong>vobis</strong></span> <span class='ocrx_word' id='word_1_360' title='bbox 1294 4318 1309 4349; x_wconf 77' lang='grc' dir='ltr'><strong>ι</strong></span> <span class='ocrx_word' id='word_1_361' title='bbox 1338 4299 1513 4366; x_wconf 83' lang='lat' dir='ltr'><strong>(Rom.</strong></span> <span class='ocrx_word' id='word_1_362' title='bbox 1544 4301 1595 4355; x_wconf 89' lang='lat'><strong>8.</strong></span> <span class='ocrx_word' id='word_1_363' title='bbox 1626 4302 1800 4371; x_wconf 84' lang='lat' dir='ltr'><strong>9-H).</strong></span> 
     </span>
    </p>
   </div>
   <div class='ocr_carea' id='block_1_45' title="bbox 210 4382 1804 4457">
    <p class='ocr_par' dir='ltr' id='par_1_45' title="bbox 210 4382 1804 4457">
     <span class='ocr_line' id='line_1_45' title="bbox 210 4382 1804 4457; baseline 0.008 -21"><span class='ocrx_word' id='word_1_364' title='bbox 210 4383 376 4437; x_wconf 79' lang='lat' dir='ltr'><strong>Extra</strong></span> <span class='ocrx_word' id='word_1_365' title='bbox 426 4382 637 4437; x_wconf 88' lang='lat' dir='ltr'><strong>Patrem</strong></span> <span class='ocrx_word' id='word_1_366' title='bbox 691 4394 745 4438; x_wconf 92' lang='lat' dir='ltr'><strong>ct</strong></span> <span class='ocrx_word' id='word_1_367' title='bbox 792 4385 988 4439; x_wconf 89' lang='lat' dir='ltr'><strong>Filium</strong></span> <span class='ocrx_word' id='word_1_368' title='bbox 1039 4396 1093 4439; x_wconf 90' lang='lat' dir='ltr'><strong>et</strong></span> <span class='ocrx_word' id='word_1_369' title='bbox 1143 4386 1400 4457; x_wconf 90' lang='lat' dir='ltr'><strong>Spiritum</strong></span> <span class='ocrx_word' id='word_1_370' title='bbox 1434 4403 1675 4444; x_wconf 87' lang='lat' dir='ltr'><strong>sanetum</strong></span> <span class='ocrx_word' id='word_1_371' title='bbox 1707 4407 1804 4448; x_wconf 91' lang='lat' dir='ltr'><strong>nec</strong></span> 
     </span>
    </p>
   </div>
   <div class='ocr_carea' id='block_1_46' title="bbox 210 4474 1805 4552">
    <p class='ocr_par' dir='ltr' id='par_1_46' title="bbox 210 4474 1805 4552">
     <span class='ocr_line' id='line_1_46' title="bbox 210 4474 1805 4552; baseline 0.006 -25"><span class='ocrx_word' id='word_1_372' title='bbox 210 4475 382 4541; x_wconf 87' lang='lat' dir='ltr'><strong>prima</strong></span> <span class='ocrx_word' id='word_1_373' title='bbox 416 4474 617 4528; x_wconf 86' lang='lat' dir='ltr'><strong>creatio</strong></span> <span class='ocrx_word' id='word_1_374' title='bbox 642 4484 742 4541; x_wconf 91' lang='lat' dir='ltr'><strong>est,</strong></span> <span class='ocrx_word' id='word_1_375' title='bbox 792 4490 889 4530; x_wconf 88' lang='lat' dir='ltr'><strong>nec</strong></span> <span class='ocrx_word' id='word_1_376' title='bbox 943 4478 1173 4533; x_wconf 89' lang='lat' dir='ltr'><strong>secunda</strong></span> <span class='ocrx_word' id='word_1_377' title='bbox 1227 4482 1517 4547; x_wconf 79' lang='lat' dir='ltr'><strong>generatio,</strong></span> <span class='ocrx_word' id='word_1_378' title='bbox 1571 4498 1667 4536; x_wconf 85' lang='lat' dir='ltr'><strong>nec</strong></span> <span class='ocrx_word' id='word_1_379' title='bbox 1711 4498 1805 4552; x_wconf 91' lang='lat' dir='ltr'><strong>po-</strong></span> 
     </span>
    </p>
   </div>
   <div class='ocr_carea' id='block_1_47' title="bbox 206 4565 1407 4624">
    <p class='ocr_par' dir='ltr' id='par_1_47' title="bbox 206 4565 1407 4624">
     <span class='ocr_line' id='line_1_47' title="bbox 206 4565 1407 4624; baseline 0.005 -7"><span class='ocrx_word' id='word_1_380' title='bbox 206 4573 410 4618; x_wconf 84' lang='lat' dir='ltr'><strong>strema</strong></span> <span class='ocrx_word' id='word_1_381' title='bbox 435 4566 776 4619; x_wconf 90' lang='lat' dir='ltr'><strong>resurrectio.</strong></span> <span class='ocrx_word' id='word_1_382' title='bbox 828 4565 1101 4620; x_wconf 83' lang='lat' dir='ltr'><strong>Faciamus</strong></span> <span class='ocrx_word' id='word_1_383' title='bbox 1137 4570 1407 4624; x_wconf 84' lang='lat' dir='ltr'><strong>hominem.</strong></span> 
     </span>
    </p>
   </div>
   <div class='ocr_carea' id='block_1_48' title="bbox 276 4656 1797 4731">
    <p class='ocr_par' dir='ltr' id='par_1_48' title="bbox 276 4656 1797 4731">
     <span class='ocr_line' id='line_1_48' title="bbox 276 4656 1797 4731; baseline 0.005 -20"><span class='ocrx_word' id='word_1_384' title='bbox 276 4657 332 4714; x_wconf 75' lang='grc'><strong>5.</strong></span> <span class='ocrx_word' id='word_1_385' title='bbox 366 4656 464 4714; x_wconf 90' lang='lat' dir='ltr'><strong>llic</strong></span> <span class='ocrx_word' id='word_1_386' title='bbox 509 4657 619 4725; x_wconf 85' lang='lat' dir='ltr'><strong>jam</strong></span> <span class='ocrx_word' id='word_1_387' title='bbox 670 4674 762 4713; x_wconf 92' lang='lat' dir='ltr'><strong>eos</strong></span> <span class='ocrx_word' id='word_1_388' title='bbox 799 4660 887 4728; x_wconf 90' lang='lat' dir='ltr'><strong>qui</strong></span> <span class='ocrx_word' id='word_1_389' title='bbox 933 4661 1330 4727; x_wconf 84' lang='lat' dir='ltr'><strong>reprehendunt</strong></span> <span class='ocrx_word' id='word_1_390' title='bbox 1363 4668 1797 4731; x_wconf 65' lang='lat' dir='ltr'><strong>prmmonuimus.</strong></span> 
     </span>
    </p>
   </div>
   <div class='ocr_carea' id='block_1_49' title="bbox 207 4747 1800 4825">
    <p class='ocr_par' dir='ltr' id='par_1_49' title="bbox 207 4747 1800 4825">
     <span class='ocr_line' id='line_1_49' title="bbox 207 4747 1800 4825; baseline 0.006 -25"><span class='ocrx_word' id='word_1_391' title='bbox 207 4747 453 4802; x_wconf 82' lang='lat' dir='ltr'><strong>Hominis</strong></span> <span class='ocrx_word' id='word_1_392' title='bbox 490 4751 775 4817; x_wconf 83' lang='lat' dir='ltr'><strong>appellatio</strong></span> <span class='ocrx_word' id='word_1_393' title='bbox 838 4750 1094 4805; x_wconf 86' lang='lat' dir='ltr'><strong>llcbraica</strong></span> <span class='ocrx_word' id='word_1_394' title='bbox 1164 4754 1339 4821; x_wconf 79' lang='lat' dir='ltr'><strong>lingua</strong></span> <span class='ocrx_word' id='word_1_395' title='bbox 1387 4754 1559 4823; x_wconf 80' lang='lat' dir='ltr'><strong>ignem</strong></span> <span class='ocrx_word' id='word_1_396' title='bbox 1602 4757 1800 4825; x_wconf 86' lang='lat' dir='ltr'><strong>signili-</strong></span> 
     </span>
    </p>
   </div>
   <div class='ocr_carea' id='block_1_50' title="bbox 206 4837 1796 4914">
    <p class='ocr_par' dir='ltr' id='par_1_50' title="bbox 206 4837 1796 4914">
     <span class='ocr_line' id='line_1_50' title="bbox 206 4837 1796 4914; baseline 0.004 -23"><span class='ocrx_word' id='word_1_397' title='bbox 206 4847 293 4891; x_wconf 79' lang='lat' dir='ltr'><strong>cat</strong></span> <span class='ocrx_word' id='word_1_398' title='bbox 442 4838 540 4892; x_wconf 77' lang='lat' dir='ltr'><strong>llic</strong></span> <span class='ocrx_word' id='word_1_399' title='bbox 562 4841 793 4892; x_wconf 85' lang='lat' dir='ltr'><strong>animum</strong></span> <span class='ocrx_word' id='word_1_400' title='bbox 813 4840 1027 4903; x_wconf 81' lang='lat' dir='ltr'><strong>adhibe,</strong></span> <span class='ocrx_word' id='word_1_401' title='bbox 1050 4859 1118 4909; x_wconf 92' lang='lat' dir='ltr'><strong>qu</strong></span> <span class='ocrx_word' id='word_1_402' title='bbox 1139 4858 1231 4895; x_wconf 80' lang='lat' dir='ltr'><strong>rso</strong></span> <span class='ocrx_word' id='word_1_403' title='bbox 1254 4862 1264 4894; x_wconf 93' lang='lat'>:</span> <span class='ocrx_word' id='word_1_404' title='bbox 1286 4846 1372 4911; x_wconf 89' lang='lat' dir='ltr'><strong>qtti</strong></span> <span class='ocrx_word' id='word_1_405' title='bbox 1402 4846 1610 4899; x_wconf 81' lang='lat' dir='ltr'><strong>sincere</strong></span> <span class='ocrx_word' id='word_1_406' title='bbox 1629 4846 1796 4914; x_wconf 87' lang='lat' dir='ltr'><strong>audit,</strong></span> 
     </span>
    </p>
   </div>
   <div class='ocr_carea' id='block_1_51' title="bbox 206 4929 1798 5005">
    <p class='ocr_par' dir='ltr' id='par_1_51' title="bbox 206 4929 1798 5005">
     <span class='ocr_line' id='line_1_51' title="bbox 206 4929 1798 5005; baseline 0.006 -24"><span class='ocrx_word' id='word_1_407' title='bbox 206 4936 391 4997; x_wconf 86' lang='lat' dir='ltr'><strong>utpote</strong></span> <span class='ocrx_word' id='word_1_408' title='bbox 414 4929 652 4982; x_wconf 88' lang='lat' dir='ltr'><strong>veritatis</strong></span> <span class='ocrx_word' id='word_1_409' title='bbox 683 4932 885 4984; x_wconf 90' lang='lat' dir='ltr'><strong>amicus</strong></span> <span class='ocrx_word' id='word_1_410' title='bbox 906 4932 1240 4995; x_wconf 88' lang='lat' dir='ltr'><strong>etalunmus,</strong></span> <span class='ocrx_word' id='word_1_411' title='bbox 1266 4934 1492 4990; x_wconf 88' lang='lat' dir='ltr'><strong>salutem</strong></span> <span class='ocrx_word' id='word_1_412' title='bbox 1520 4940 1798 5005; x_wconf 84' lang='lat' dir='ltr'><strong>consequi-</strong></span> 
     </span>
    </p>
   </div>
   <div class='ocr_carea' id='block_1_52' title="bbox 208 5019 1797 5095">
    <p class='ocr_par' dir='ltr' id='par_1_52' title="bbox 208 5019 1797 5095">
     <span class='ocr_line' id='line_1_52' title="bbox 208 5019 1797 5095; baseline 0.006 -24"><span class='ocrx_word' id='word_1_413' title='bbox 208 5028 293 5072; x_wconf 92' lang='lat' dir='ltr'><strong>tur</strong></span> <span class='ocrx_word' id='word_1_414' title='bbox 321 5037 333 5072; x_wconf 89' lang='lat'>:</span> <span class='ocrx_word' id='word_1_415' title='bbox 361 5019 455 5089; x_wconf 91' lang='lat' dir='ltr'><strong>qui</strong></span> <span class='ocrx_word' id='word_1_416' title='bbox 485 5034 611 5072; x_wconf 88' lang='lat' dir='ltr'><strong>vero</strong></span> <span class='ocrx_word' id='word_1_417' title='bbox 644 5020 836 5088; x_wconf 88' lang='lat' dir='ltr'><strong>iniquis</strong></span> <span class='ocrx_word' id='word_1_418' title='bbox 862 5030 943 5075; x_wconf 90' lang='lat' dir='ltr'><strong>est</strong></span> <span class='ocrx_word' id='word_1_419' title='bbox 971 5022 1209 5085; x_wconf 88' lang='lat' dir='ltr'><strong>auribus,</strong></span> <span class='ocrx_word' id='word_1_420' title='bbox 1240 5039 1343 5077; x_wconf 84' lang='lat' dir='ltr'><strong>non</strong></span> <span class='ocrx_word' id='word_1_421' title='bbox 1377 5026 1566 5093; x_wconf 53' lang='lat' dir='ltr'><strong>quaerit</strong></span> <span class='ocrx_word' id='word_1_422' title='bbox 1599 5028 1651 5080; x_wconf 91' lang='lat' dir='ltr'><strong>in</strong></span> <span class='ocrx_word' id='word_1_423' title='bbox 1692 5044 1797 5095; x_wconf 92' lang='lat' dir='ltr'><strong>quo</strong></span> 
     </span>
    </p>
   </div>
   <div class='ocr_carea' id='block_1_53' title="bbox 205 5111 1798 5183">
    <p class='ocr_par' dir='ltr' id='par_1_53' title="bbox 205 5111 1798 5183">
     <span class='ocr_line' id='line_1_53' title="bbox 205 5111 1798 5183; baseline 0.009 -24"><span class='ocrx_word' id='word_1_424' title='bbox 205 5111 489 5165; x_wconf 80' lang='lat' dir='ltr'><strong>utilitatem</strong></span> <span class='ocrx_word' id='word_1_425' title='bbox 518 5113 763 5179; x_wconf 88' lang='lat' dir='ltr'><strong>accipiat,</strong></span> <span class='ocrx_word' id='word_1_426' title='bbox 791 5112 883 5167; x_wconf 88' lang='lat' dir='ltr'><strong>sed</strong></span> <span class='ocrx_word' id='word_1_427' title='bbox 914 5114 964 5166; x_wconf 90' lang='lat' dir='ltr'><strong>in</strong></span> <span class='ocrx_word' id='word_1_428' title='bbox 995 5130 1100 5183; x_wconf 92' lang='lat' dir='ltr'><strong>quo</strong></span> <span class='ocrx_word' id='word_1_429' title='bbox 1137 5116 1466 5169; x_wconf 85' lang='lat' dir='ltr'><strong>criminetur.</strong></span> <span class='ocrx_word' id='word_1_430' title='bbox 1504 5118 1673 5172; x_wconf 85' lang='lat' dir='ltr'><strong>llonto</strong></span> <span class='ocrx_word' id='word_1_431' title='bbox 1696 5119 1798 5173; x_wconf 82' lang='lat' dir='ltr'><strong>lle-</strong></span> 
     </span>
    </p>
   </div>
   <div class='ocr_carea' id='block_1_54' title="bbox 207 5199 1796 5269">
    <p class='ocr_par' dir='ltr' id='par_1_54' title="bbox 207 5199 1796 5269">
     <span class='ocr_line' id='line_1_54' title="bbox 207 5199 1796 5269; baseline 0.009 -20"><span class='ocrx_word' id='word_1_432' title='bbox 207 5200 382 5253; x_wconf 71' lang='lat' dir='ltr'><strong>Iiraica</strong></span> <span class='ocrx_word' id='word_1_433' title='bbox 400 5199 627 5253; x_wconf 89' lang='lat' dir='ltr'><strong>dialecto</strong></span> <span class='ocrx_word' id='word_1_434' title='bbox 646 5202 781 5269; x_wconf 81' lang='lat' dir='ltr'><strong>ignis</strong></span> <span class='ocrx_word' id='word_1_435' title='bbox 801 5202 1010 5256; x_wconf 90' lang='lat' dir='ltr'><strong>dicitur.</strong></span> <span class='ocrx_word' id='word_1_436' title='bbox 1036 5205 1144 5257; x_wconf 91' lang='lat' dir='ltr'><strong>lloc</strong></span> <span class='ocrx_word' id='word_1_437' title='bbox 1166 5221 1359 5259; x_wconf 79' lang='lat' dir='ltr'><strong>nomen</strong></span> <span class='ocrx_word' id='word_1_438' title='bbox 1383 5222 1483 5260; x_wconf 92' lang='lat' dir='ltr'><strong>non</strong></span> <span class='ocrx_word' id='word_1_439' title='bbox 1504 5212 1617 5263; x_wconf 91' lang='lat' dir='ltr'><strong>sine</strong></span> <span class='ocrx_word' id='word_1_440' title='bbox 1638 5224 1796 5264; x_wconf 89' lang='lat' dir='ltr'><strong>causa</strong></span> 
     </span>
    </p>
   </div>
   <div class='ocr_carea' id='block_1_55' title="bbox 206 5291 1793 5363">
    <p class='ocr_par' dir='ltr' id='par_1_55' title="bbox 206 5291 1793 5363">
     <span class='ocr_line' id='line_1_55' title="bbox 206 5291 1793 5363; baseline 0.006 -20"><span class='ocrx_word' id='word_1_441' title='bbox 206 5291 431 5345; x_wconf 91' lang='lat' dir='ltr'><strong>inditum</strong></span> <span class='ocrx_word' id='word_1_442' title='bbox 460 5293 772 5345; x_wconf 88' lang='lat' dir='ltr'><strong>estAdamo</strong></span> <span class='ocrx_word' id='word_1_443' title='bbox 820 5312 832 5345; x_wconf 92' lang='lat'>:</span> <span class='ocrx_word' id='word_1_444' title='bbox 869 5295 960 5347; x_wconf 88' lang='lat' dir='ltr'><strong>sed</strong></span> <span class='ocrx_word' id='word_1_445' title='bbox 997 5305 1225 5363; x_wconf 89' lang='lat' dir='ltr'><strong>quatuor</strong></span> <span class='ocrx_word' id='word_1_446' title='bbox 1266 5308 1390 5350; x_wconf 90' lang='lat' dir='ltr'><strong>sunt</strong></span> <span class='ocrx_word' id='word_1_447' title='bbox 1431 5299 1690 5354; x_wconf 88' lang='lat' dir='ltr'><strong>elementa</strong></span> <span class='ocrx_word' id='word_1_448' title='bbox 1743 5302 1793 5355; x_wconf 91' lang='lat' dir='ltr'><strong>in</strong></span> 
     </span>
    </p>
   </div>
   <div class='ocr_carea' id='block_1_56' title="bbox 203 5379 1795 5453">
    <p class='ocr_par' dir='ltr' id='par_1_56' title="bbox 203 5379 1795 5453">
     <span class='ocr_line' id='line_1_56' title="bbox 203 5379 1795 5453; baseline 0.008 -20"><span class='ocrx_word' id='word_1_449' title='bbox 203 5379 404 5434; x_wconf 80' lang='lat' dir='ltr'><strong>mundo</strong></span> <span class='ocrx_word' id='word_1_450' title='bbox 432 5379 682 5450; x_wconf 87' lang='lat' dir='ltr'><strong>(rursum</strong></span> <span class='ocrx_word' id='word_1_451' title='bbox 710 5382 777 5435; x_wconf 87' lang='lat' dir='ltr'><strong>de</strong></span> <span class='ocrx_word' id='word_1_452' title='bbox 807 5384 962 5436; x_wconf 92' lang='lat' dir='ltr'><strong>rebus</strong></span> <span class='ocrx_word' id='word_1_453' title='bbox 989 5399 1087 5453; x_wconf 90' lang='lat' dir='ltr'><strong>ago</strong></span> <span class='ocrx_word' id='word_1_454' title='bbox 1119 5388 1470 5450; x_wconf 87' lang='lat' dir='ltr'><strong>naturalibus,</strong></span> <span class='ocrx_word' id='word_1_455' title='bbox 1507 5390 1667 5443; x_wconf 92' lang='lat' dir='ltr'><strong>velint</strong></span> <span class='ocrx_word' id='word_1_456' title='bbox 1702 5406 1795 5445; x_wconf 93' lang='lat' dir='ltr'><strong>no-</strong></span> 
     </span>
    </p>
   </div>
   <div class='ocr_carea' id='block_1_57' title="bbox 266 5510 1791 5580">
    <p class='ocr_par' dir='ltr' id='par_1_57' title="bbox 266 5510 1791 5580">
     <span class='ocr_line' id='line_1_57' title="bbox 266 5510 1791 5580; baseline 0.009 -21"><span class='ocrx_word' id='word_1_457' title='bbox 266 5510 338 5580; x_wconf 73' lang='grc' dir='ltr'><strong>(ᾳ)</strong></span> <span class='ocrx_word' id='word_1_458' title='bbox 372 5516 520 5580; x_wconf 59' lang='lat' dir='ltr'><strong>[:ocus</strong></span> <span class='ocrx_word' id='word_1_459' title='bbox 544 5513 719 5580; x_wconf 79' lang='lat' dir='ltr'><strong>citatus</strong></span> <span class='ocrx_word' id='word_1_460' title='bbox 744 5514 1004 5580; x_wconf 74' lang='lat' dir='ltr'><strong>estAggaei</strong></span> <span class='ocrx_word' id='word_1_461' title='bbox 1028 5552 1039 5571; x_wconf 92' lang='lat'><strong>,</strong></span> <span class='ocrx_word' id='word_1_462' title='bbox 1070 5522 1123 5561; x_wconf 88' lang='lat' dir='ltr'><strong>ut</strong></span> <span class='ocrx_word' id='word_1_463' title='bbox 1164 5515 1307 5580; x_wconf 80' lang='lat' dir='ltr'><strong>niblia</strong></span> <span class='ocrx_word' id='word_1_464' title='bbox 1350 5518 1545 5567; x_wconf 83' lang='lat' dir='ltr'><strong>adeunti</strong></span> <span class='ocrx_word' id='word_1_465' title='bbox 1589 5521 1791 5580; x_wconf 86' lang='lat' dir='ltr'><strong>patebit.</strong></span> 
     </span>
    </p>
   </div>
   <div class='ocr_carea' id='block_1_58' title="bbox 270 5572 1788 5641">
    <p class='ocr_par' dir='ltr' id='par_1_58' title="bbox 270 5572 1788 5641">
     <span class='ocr_line' id='line_1_58' title="bbox 270 5572 1788 5641; baseline 0.005 -19"><span class='ocrx_word' id='word_1_466' title='bbox 270 5572 341 5632; x_wconf 71' lang='grc' dir='ltr'><strong>(ὑ)</strong></span> <span class='ocrx_word' id='word_1_467' title='bbox 378 5572 479 5641; x_wconf 61' lang='grc' dir='ltr'><strong>γπί</strong></span> <span class='ocrx_word' id='word_1_468' title='bbox 519 5573 780 5641; x_wconf 74' lang='lat' dir='ltr'><strong>appellatio</strong></span> <span class='ocrx_word' id='word_1_469' title='bbox 817 5572 1046 5641; x_wconf 72' lang='lat' dir='ltr'><strong>ltebraiea</strong></span> <span class='ocrx_word' id='word_1_470' title='bbox 1088 5578 1271 5641; x_wconf 63' lang='lat' dir='ltr'><strong>ilCCt&#39;tiIl</strong></span> <span class='ocrx_word' id='word_1_471' title='bbox 1313 5580 1369 5641; x_wconf 86' lang='lat' dir='ltr'><strong>ad</strong></span> <span class='ocrx_word' id='word_1_472' title='bbox 1412 5581 1534 5639; x_wconf 81' lang='lat' dir='ltr'><strong>ignis</strong></span> <span class='ocrx_word' id='word_1_473' title='bbox 1574 5572 1788 5630; x_wconf 79' lang='lat' dir='ltr'><strong>nomen:</strong></span> 
     </span>
    </p>
   </div>
   <div class='ocr_carea' id='block_1_59' title="bbox 200 5634 1791 5699">
    <p class='ocr_par' dir='ltr' id='par_1_59' title="bbox 200 5634 1791 5699">
     <span class='ocr_line' id='line_1_59' title="bbox 200 5634 1791 5699; baseline 0.011 -24"><span class='ocrx_word' id='word_1_474' title='bbox 200 5638 312 5684; x_wconf 54' lang='grc' dir='ltr'>ἰτ-δι</span> <span class='ocrx_word' id='word_1_475' title='bbox 352 5634 424 5681; x_wconf 83' lang='lat' dir='ltr'><strong>rir</strong></span> <span class='ocrx_word' id='word_1_476' title='bbox 462 5634 699 5682; x_wconf 85' lang='lat' dir='ltr'><strong>Hebraice</strong></span> <span class='ocrx_word' id='word_1_477' title='bbox 738 5636 1040 5693; x_wconf 47' lang='lat' dir='ltr'><strong>diciturﬁtﬂe</strong></span> <span class='ocrx_word' id='word_1_478' title='bbox 1081 5637 1218 5697; x_wconf 52' lang='lat' dir='ltr'><strong>igniv.</strong></span> <span class='ocrx_word' id='word_1_479' title='bbox 1249 5640 1335 5685; x_wconf 66' lang='lat' dir='ltr'><strong>sed</strong></span> <span class='ocrx_word' id='word_1_480' title='bbox 1362 5642 1398 5686; x_wconf 91' lang='lat' dir='ltr'><strong>si</strong></span> <span class='ocrx_word' id='word_1_481' title='bbox 1429 5634 1579 5699; x_wconf 62' lang='lat' dir='ltr'><strong>ipsum</strong></span> <span class='ocrx_word' id='word_1_482' title='bbox 1616 5656 1791 5692; x_wconf 88' lang='lat' dir='ltr'><strong>nomen</strong></span> 
     </span>
    </p>
   </div>
   <div class='ocr_carea' id='block_1_60' title="bbox 204 5700 1791 5771">
    <p class='ocr_par' dir='ltr' id='par_1_60' title="bbox 204 5700 1791 5771">
     <span class='ocr_line' id='line_1_60' title="bbox 204 5700 1791 5771; baseline 0.006 -19"><span class='ocrx_word' id='word_1_483' title='bbox 204 5706 323 5754; x_wconf 58' lang='lat' dir='ltr'><strong>DTN</strong></span> <span class='ocrx_word' id='word_1_484' title='bbox 344 5700 492 5751; x_wconf 70' lang='lat' dir='ltr'><strong>Adam</strong></span> <span class='ocrx_word' id='word_1_485' title='bbox 510 5702 610 5751; x_wconf 74' lang='lat' dir='ltr'><strong>wit</strong></span> <span class='ocrx_word' id='word_1_486' title='bbox 634 5703 692 5752; x_wconf 88' lang='lat' dir='ltr'><strong>ad</strong></span> <span class='ocrx_word' id='word_1_487' title='bbox 713 5705 839 5763; x_wconf 80' lang='lat' dir='ltr'><strong>ignis</strong></span> <span class='ocrx_word' id='word_1_488' title='bbox 863 5719 1037 5754; x_wconf 87' lang='lat' dir='ltr'><strong>nomen</strong></span> <span class='ocrx_word' id='word_1_489' title='bbox 1063 5709 1319 5766; x_wconf 77' lang='lat' dir='ltr'><strong>accedere,</strong></span> <span class='ocrx_word' id='word_1_490' title='bbox 1337 5710 1479 5771; x_wconf 84' lang='lat' dir='ltr'><strong>longe</strong></span> <span class='ocrx_word' id='word_1_491' title='bbox 1502 5719 1629 5761; x_wconf 81' lang='lat' dir='ltr'><strong>errat</strong></span> <span class='ocrx_word' id='word_1_492' title='bbox 1648 5720 1727 5760; x_wconf 70' lang='lat' dir='ltr'><strong>Set</strong></span> <span class='ocrx_word' id='word_1_493' title='bbox 1744 5729 1791 5761; x_wconf 89' lang='lat' dir='ltr'><strong>e-</strong></span> 
     </span>
    </p>
   </div>
   <div class='ocr_carea' id='block_1_61' title="bbox 204 5784 378 5821">
    <p class='ocr_par' dir='ltr' id='par_1_61' title="bbox 204 5784 378 5821">
     <span class='ocr_line' id='line_1_61' title="bbox 204 5784 378 5821; baseline 0 -2"><span class='ocrx_word' id='word_1_494' title='bbox 204 5784 378 5821; x_wconf 59' lang='grc' dir='ltr'><strong>Γελιὲυδ.</strong></span> 
     </span>
    </p>
   </div>
   <div class='ocr_carea' id='block_1_62' title="bbox 1261 352 2424 413">
    <p class='ocr_par' dir='ltr' id='par_1_62' title="bbox 1261 352 2424 413">
     <span class='ocr_line' id='line_1_62' title="bbox 1261 352 2424 413; baseline -0.002 0"><span class='ocrx_word' id='word_1_495' title='bbox 1261 358 1347 413; x_wconf 90' lang='lat' dir='ltr'><strong>DE</strong></span> <span class='ocrx_word' id='word_1_496' title='bbox 1386 354 1599 413; x_wconf 81' lang='lat' dir='ltr'><strong>MUNDl</strong></span> <span class='ocrx_word' id='word_1_497' title='bbox 1636 352 2027 413; x_wconf 72' lang='lat' dir='ltr'><strong>CHEATIQNE</strong></span> <span class='ocrx_word' id='word_1_498' title='bbox 2066 355 2318 411; x_wconf 71' lang='lat' dir='ltr'><strong>UIlATlO</strong></span> <span class='ocrx_word' id='word_1_499' title='bbox 2365 357 2424 411; x_wconf 70' lang='grc' dir='ltr'>ι’.</span> 
     </span>
    </p>
   </div>
   <div class='ocr_carea' id='block_1_63' title="bbox 3373 380 3487 436">
    <p class='ocr_par' dir='ltr' id='par_1_63' title="bbox 3373 380 3487 436">
     <span class='ocr_line' id='line_1_63' title="bbox 3373 380 3487 436; baseline 0.026 -3"><span class='ocrx_word' id='word_1_500' title='bbox 3373 380 3487 436; x_wconf 83' lang='grc'><strong>474</strong></span> 
     </span>
    </p>
   </div>
   <div class='ocr_carea' id='block_1_64' title="bbox 1912 473 3500 544">
    <p class='ocr_par' dir='ltr' id='par_1_64' title="bbox 1912 473 3500 544">
     <span class='ocr_line' id='line_1_64' title="bbox 1912 473 3500 544; baseline 0.001 -16"><span class='ocrx_word' id='word_1_501' title='bbox 1912 473 2047 533; x_wconf 81' lang='lat' dir='ltr'><strong>lint)</strong></span> <span class='ocrx_word' id='word_1_502' title='bbox 2085 482 2469 544; x_wconf 87' lang='lat' dir='ltr'><strong>:terra,aqua,</strong></span> <span class='ocrx_word' id='word_1_503' title='bbox 2514 489 2621 537; x_wconf 75' lang='lat' dir='ltr'><strong>at-r,</strong></span> <span class='ocrx_word' id='word_1_504' title='bbox 2675 474 2829 543; x_wconf 81' lang='lat' dir='ltr'><strong>ignis.</strong></span> <span class='ocrx_word' id='word_1_505' title='bbox 2891 476 3094 529; x_wconf 65' lang='lat' dir='ltr'><strong>Caetera</strong></span> <span class='ocrx_word' id='word_1_506' title='bbox 3139 475 3399 529; x_wconf 88' lang='lat' dir='ltr'><strong>elementa</strong></span> <span class='ocrx_word' id='word_1_507' title='bbox 3443 487 3500 530; x_wconf 90' lang='lat' dir='ltr'><strong>ut</strong></span> 
     </span>
    </p>
   </div>
   <div class='ocr_carea' id='block_1_65' title="bbox 1911 564 3499 633">
    <p class='ocr_par' dir='ltr' id='par_1_65' title="bbox 1911 564 3499 633">
     <span class='ocr_line' id='line_1_65' title="bbox 1911 564 3499 633; baseline -0.001 -14"><span class='ocrx_word' id='word_1_508' title='bbox 1911 572 2262 619; x_wconf 86' lang='lat' dir='ltr'><strong>suntmauent</strong></span> <span class='ocrx_word' id='word_1_509' title='bbox 2284 581 2298 627; x_wconf 89' lang='lat'><strong>;</strong></span> <span class='ocrx_word' id='word_1_510' title='bbox 2323 564 2549 631; x_wconf 81' lang='lat' dir='ltr'><strong>exempli</strong></span> <span class='ocrx_word' id='word_1_511' title='bbox 2574 579 2752 627; x_wconf 86' lang='lat' dir='ltr'><strong>causa,</strong></span> <span class='ocrx_word' id='word_1_512' title='bbox 2772 564 2814 616; x_wconf 93' lang='lat' dir='ltr'><strong>si</strong></span> <span class='ocrx_word' id='word_1_513' title='bbox 2846 575 2996 616; x_wconf 81' lang='lat' dir='ltr'><strong>terra:</strong></span> <span class='ocrx_word' id='word_1_514' title='bbox 3024 564 3232 632; x_wconf 78' lang='lat' dir='ltr'><strong>glebam</strong></span> <span class='ocrx_word' id='word_1_515' title='bbox 3254 579 3499 633; x_wconf 88' lang='lat' dir='ltr'><strong>sumpse-</strong></span> 
     </span>
    </p>
   </div>
   <div class='ocr_carea' id='block_1_66' title="bbox 1914 656 3497 724">
    <p class='ocr_par' dir='ltr' id='par_1_66' title="bbox 1914 656 3497 724">
     <span class='ocr_line' id='line_1_66' title="bbox 1914 656 3497 724; baseline -0.001 -15"><span class='ocrx_word' id='word_1_516' title='bbox 1914 656 2005 719; x_wconf 88' lang='lat' dir='ltr'><strong>ris,</strong></span> <span class='ocrx_word' id='word_1_517' title='bbox 2037 669 2138 708; x_wconf 93' lang='lat' dir='ltr'><strong>non</strong></span> <span class='ocrx_word' id='word_1_518' title='bbox 2171 666 2321 724; x_wconf 91' lang='lat' dir='ltr'><strong>potes</strong></span> <span class='ocrx_word' id='word_1_519' title='bbox 2346 671 2410 709; x_wconf 82' lang='lat' dir='ltr'><strong>ex</strong></span> <span class='ocrx_word' id='word_1_520' title='bbox 2434 671 2493 709; x_wconf 90' lang='lat' dir='ltr'><strong>ea</strong></span> <span class='ocrx_word' id='word_1_521' title='bbox 2535 671 2691 723; x_wconf 89' lang='lat' dir='ltr'><strong>quam</strong></span> <span class='ocrx_word' id='word_1_522' title='bbox 2737 666 2885 709; x_wconf 87' lang='lat' dir='ltr'><strong>tenes</strong></span> <span class='ocrx_word' id='word_1_523' title='bbox 2926 658 3133 723; x_wconf 87' lang='lat' dir='ltr'><strong>glebam</strong></span> <span class='ocrx_word' id='word_1_524' title='bbox 3178 672 3449 724; x_wconf 88' lang='lat' dir='ltr'><strong>apponere</strong></span> <span class='ocrx_word' id='word_1_525' title='bbox 3485 674 3497 707; x_wconf 88' lang='lat'><strong>:</strong></span> 
     </span>
    </p>
   </div>
   <div class='ocr_carea' id='block_1_67' title="bbox 1913 746 3502 815">
    <p class='ocr_par' dir='ltr' id='par_1_67' title="bbox 1913 746 3502 815">
     <span class='ocr_line' id='line_1_67' title="bbox 1913 746 3502 815; baseline -0.001 -14"><span class='ocrx_word' id='word_1_526' title='bbox 1913 761 2040 815; x_wconf 87' lang='lat' dir='ltr'><strong>ergo</strong></span> <span class='ocrx_word' id='word_1_527' title='bbox 2070 746 2113 799; x_wconf 90' lang='lat' dir='ltr'><strong>si</strong></span> <span class='ocrx_word' id='word_1_528' title='bbox 2144 746 2352 815; x_wconf 81' lang='lat' dir='ltr'><strong>glebam</strong></span> <span class='ocrx_word' id='word_1_529' title='bbox 2378 747 2690 813; x_wconf 81' lang='lat' dir='ltr'><strong>sumpseris,</strong></span> <span class='ocrx_word' id='word_1_530' title='bbox 2717 746 2768 799; x_wconf 87' lang='lat' dir='ltr'><strong>id</strong></span> <span class='ocrx_word' id='word_1_531' title='bbox 2796 754 2973 799; x_wconf 87' lang='lat' dir='ltr'><strong>manet</strong></span> <span class='ocrx_word' id='word_1_532' title='bbox 3003 749 3140 814; x_wconf 90' lang='lat' dir='ltr'><strong>quod</strong></span> <span class='ocrx_word' id='word_1_533' title='bbox 3168 759 3267 800; x_wconf 81' lang='lat' dir='ltr'><strong>est.</strong></span> <span class='ocrx_word' id='word_1_534' title='bbox 3293 750 3502 813; x_wconf 82' lang='lat' dir='ltr'><strong>Aquam</strong></span> 
     </span>
    </p>
   </div>
   <div class='ocr_carea' id='block_1_68' title="bbox 1914 834 3501 904">
    <p class='ocr_par' dir='ltr' id='par_1_68' title="bbox 1914 834 3501 904">
     <span class='ocr_line' id='line_1_68' title="bbox 1914 834 3501 904; baseline -0.001 -15"><span class='ocrx_word' id='word_1_535' title='bbox 1914 851 2123 889; x_wconf 91' lang='lat' dir='ltr'><strong>rursum</strong></span> <span class='ocrx_word' id='word_1_536' title='bbox 2151 834 2196 889; x_wconf 91' lang='lat' dir='ltr'><strong>si</strong></span> <span class='ocrx_word' id='word_1_537' title='bbox 2222 850 2467 889; x_wconf 89' lang='lat' dir='ltr'><strong>mensura</strong></span> <span class='ocrx_word' id='word_1_538' title='bbox 2496 837 2719 904; x_wconf 89' lang='lat' dir='ltr'><strong>quadam</strong></span> <span class='ocrx_word' id='word_1_539' title='bbox 2753 838 3045 903; x_wconf 65' lang='lat' dir='ltr'><strong>sumpseris</strong></span> <span class='ocrx_word' id='word_1_540' title='bbox 3064 880 3076 900; x_wconf 91' lang='lat'><strong>,</strong></span> <span class='ocrx_word' id='word_1_541' title='bbox 3107 848 3283 890; x_wconf 89' lang='lat' dir='ltr'><strong>manet</strong></span> <span class='ocrx_word' id='word_1_542' title='bbox 3312 838 3501 891; x_wconf 84' lang='lat' dir='ltr'><strong>eadem</strong></span> 
     </span>
    </p>
   </div>
   <div class='ocr_carea' id='block_1_69' title="bbox 1914 928 3500 997">
    <p class='ocr_par' dir='ltr' id='par_1_69' title="bbox 1914 928 3500 997">
     <span class='ocr_line' id='line_1_69' title="bbox 1914 928 3500 997; baseline 0 -19"><span class='ocrx_word' id='word_1_543' title='bbox 1914 941 2070 996; x_wconf 86' lang='lat' dir='ltr'><strong>aqua,</strong></span> <span class='ocrx_word' id='word_1_544' title='bbox 2104 937 2448 993; x_wconf 77' lang='lat' dir='ltr'><strong>augmentum</strong></span> <span class='ocrx_word' id='word_1_545' title='bbox 2480 942 2583 978; x_wconf 89' lang='lat' dir='ltr'><strong>non</strong></span> <span class='ocrx_word' id='word_1_546' title='bbox 2608 928 2819 991; x_wconf 72' lang='lat' dir='ltr'><strong>accipit.</strong></span> <span class='ocrx_word' id='word_1_547' title='bbox 2859 932 2995 981; x_wconf 79' lang='lat' dir='ltr'><strong>Aere</strong></span> <span class='ocrx_word' id='word_1_548' title='bbox 3026 929 3068 980; x_wconf 90' lang='lat' dir='ltr'><strong>si</strong></span> <span class='ocrx_word' id='word_1_549' title='bbox 3119 938 3288 981; x_wconf 84' lang='lat' dir='ltr'><strong>utrem</strong></span> <span class='ocrx_word' id='word_1_550' title='bbox 3327 929 3500 997; x_wconf 84' lang='lat' dir='ltr'><strong>reple-</strong></span> 
     </span>
    </p>
   </div>
   <div class='ocr_carea' id='block_1_70' title="bbox 1914 1018 3504 1087">
    <p class='ocr_par' dir='ltr' id='par_1_70' title="bbox 1914 1018 3504 1087">
     <span class='ocr_line' id='line_1_70' title="bbox 1914 1018 3504 1087; baseline 0 -18"><span class='ocrx_word' id='word_1_551' title='bbox 1914 1020 2075 1081; x_wconf 58' lang='lat' dir='ltr'><strong>vrris,</strong></span> <span class='ocrx_word' id='word_1_552' title='bbox 2124 1018 2283 1070; x_wconf 90' lang='lat' dir='ltr'><strong>aliutn</strong></span> <span class='ocrx_word' id='word_1_553' title='bbox 2330 1027 2499 1069; x_wconf 90' lang='lat' dir='ltr'><strong>utrem</strong></span> <span class='ocrx_word' id='word_1_554' title='bbox 2533 1033 2599 1070; x_wconf 82' lang='lat' dir='ltr'><strong>cx</strong></span> <span class='ocrx_word' id='word_1_555' title='bbox 2627 1018 2716 1069; x_wconf 82' lang='lat' dir='ltr'><strong>illo</strong></span> <span class='ocrx_word' id='word_1_556' title='bbox 2760 1019 2980 1084; x_wconf 82' lang='lat' dir='ltr'><strong>implere</strong></span> <span class='ocrx_word' id='word_1_557' title='bbox 3016 1035 3121 1072; x_wconf 93' lang='lat' dir='ltr'><strong>non</strong></span> <span class='ocrx_word' id='word_1_558' title='bbox 3157 1028 3327 1087; x_wconf 87' lang='lat' dir='ltr'><strong>poles.</strong></span> <span class='ocrx_word' id='word_1_559' title='bbox 3367 1019 3504 1087; x_wconf 85' lang='lat' dir='ltr'><strong>Ignis</strong></span> 
     </span>
    </p>
   </div>
   <div class='ocr_carea' id='block_1_71' title="bbox 1912 1109 3502 1176">
    <p class='ocr_par' dir='ltr' id='par_1_71' title="bbox 1912 1109 3502 1176">
     <span class='ocr_line' id='line_1_71' title="bbox 1912 1109 3502 1176; baseline -0.001 -14"><span class='ocrx_word' id='word_1_560' title='bbox 1912 1125 2038 1164; x_wconf 82' lang='lat' dir='ltr'><strong>vero</strong></span> <span class='ocrx_word' id='word_1_561' title='bbox 2069 1125 2172 1163; x_wconf 91' lang='lat' dir='ltr'><strong>non</strong></span> <span class='ocrx_word' id='word_1_562' title='bbox 2201 1120 2380 1162; x_wconf 89' lang='lat' dir='ltr'><strong>manet</strong></span> <span class='ocrx_word' id='word_1_563' title='bbox 2410 1109 2583 1176; x_wconf 84' lang='lat' dir='ltr'><strong>qualis</strong></span> <span class='ocrx_word' id='word_1_564' title='bbox 2612 1120 2710 1162; x_wconf 82' lang='lat' dir='ltr'><strong>est.</strong></span> <span class='ocrx_word' id='word_1_565' title='bbox 2746 1110 2909 1161; x_wconf 79' lang='lat' dir='ltr'><strong>i’arva</strong></span> <span class='ocrx_word' id='word_1_566' title='bbox 2934 1111 3242 1163; x_wconf 89' lang='lat' dir='ltr'><strong>accenditur</strong></span> <span class='ocrx_word' id='word_1_567' title='bbox 3265 1113 3502 1171; x_wconf 85' lang='lat' dir='ltr'><strong>lucerna,</strong></span> 
     </span>
    </p>
   </div>
   <div class='ocr_carea' id='block_1_72' title="bbox 1913 1201 3506 1272">
    <p class='ocr_par' dir='ltr' id='par_1_72' title="bbox 1913 1201 3506 1272">
     <span class='ocr_line' id='line_1_72' title="bbox 1913 1201 3506 1272; baseline 0.001 -17"><span class='ocrx_word' id='word_1_568' title='bbox 1913 1204 2324 1272; x_wconf 88' lang='lat' dir='ltr'><strong>innumerasque</strong></span> <span class='ocrx_word' id='word_1_569' title='bbox 2345 1219 2411 1256; x_wconf 86' lang='lat' dir='ltr'><strong>ex</strong></span> <span class='ocrx_word' id='word_1_570' title='bbox 2444 1203 2529 1255; x_wconf 89' lang='lat' dir='ltr'><strong>illa</strong></span> <span class='ocrx_word' id='word_1_571' title='bbox 2560 1201 2698 1255; x_wconf 84' lang='lat' dir='ltr'><strong>faces</strong></span> <span class='ocrx_word' id='word_1_572' title='bbox 2725 1202 2992 1264; x_wconf 88' lang='lat' dir='ltr'><strong>accendis,</strong></span> <span class='ocrx_word' id='word_1_573' title='bbox 3041 1204 3297 1272; x_wconf 77' lang='lat' dir='ltr'><strong>integrann</strong></span> <span class='ocrx_word' id='word_1_574' title='bbox 3330 1204 3506 1256; x_wconf 82' lang='lat' dir='ltr'><strong>forna-</strong></span> 
     </span>
    </p>
   </div>
   <div class='ocr_carea' id='block_1_73' title="bbox 1913 1293 3502 1362">
    <p class='ocr_par' dir='ltr' id='par_1_73' title="bbox 1913 1293 3502 1362">
     <span class='ocr_line' id='line_1_73' title="bbox 1913 1293 3502 1362; baseline 0.001 -17"><span class='ocrx_word' id='word_1_575' title='bbox 1913 1307 2050 1358; x_wconf 85' lang='lat' dir='ltr'><strong>cem,</strong></span> <span class='ocrx_word' id='word_1_576' title='bbox 2087 1293 2355 1347; x_wconf 82' lang='lat' dir='ltr'><strong>ﬂammam</strong></span> <span class='ocrx_word' id='word_1_577' title='bbox 2407 1295 2696 1362; x_wconf 82' lang='lat' dir='ltr'><strong>ingentem,</strong></span> <span class='ocrx_word' id='word_1_578' title='bbox 2753 1308 2853 1347; x_wconf 89' lang='lat' dir='ltr'><strong>nec</strong></span> <span class='ocrx_word' id='word_1_579' title='bbox 2904 1301 3085 1346; x_wconf 89' lang='lat' dir='ltr'><strong>manet</strong></span> <span class='ocrx_word' id='word_1_580' title='bbox 3136 1294 3273 1361; x_wconf 86' lang='lat' dir='ltr'><strong>ignis</strong></span> <span class='ocrx_word' id='word_1_581' title='bbox 3317 1296 3502 1347; x_wconf 81' lang='lat' dir='ltr'><strong>eadem</strong></span> 
     </span>
    </p>
   </div>
   <div class='ocr_carea' id='block_1_74' title="bbox 1915 1385 3505 1454">
    <p class='ocr_par' dir='ltr' id='par_1_74' title="bbox 1915 1385 3505 1454">
     <span class='ocr_line' id='line_1_74' title="bbox 1915 1385 3505 1454; baseline 0.001 -17"><span class='ocrx_word' id='word_1_582' title='bbox 1915 1385 2102 1449; x_wconf 80' lang='lat' dir='ltr'><strong>forma,</strong></span> <span class='ocrx_word' id='word_1_583' title='bbox 2134 1385 2227 1439; x_wconf 87' lang='lat' dir='ltr'><strong>sed</strong></span> <span class='ocrx_word' id='word_1_584' title='bbox 2257 1386 2641 1454; x_wconf 74' lang='lat' dir='ltr'><strong>quantumlibet</strong></span> <span class='ocrx_word' id='word_1_585' title='bbox 2667 1388 2943 1438; x_wconf 87' lang='lat' dir='ltr'><strong>materiam</strong></span> <span class='ocrx_word' id='word_1_586' title='bbox 2974 1387 3288 1453; x_wconf 73' lang='lat' dir='ltr'><strong>corripuerit</strong></span> <span class='ocrx_word' id='word_1_587' title='bbox 3308 1427 3319 1447; x_wconf 90' lang='lat'><strong>,</strong></span> <span class='ocrx_word' id='word_1_588' title='bbox 3350 1402 3505 1439; x_wconf 82' lang='lat' dir='ltr'><strong>exsu-</strong></span> 
     </span>
    </p>
   </div>
   <div class='ocr_carea' id='block_1_75' title="bbox 1915 1478 3507 1547">
    <p class='ocr_par' dir='ltr' id='par_1_75' title="bbox 1915 1478 3507 1547">
     <span class='ocr_line' id='line_1_75' title="bbox 1915 1478 3507 1547; baseline 0 -16"><span class='ocrx_word' id='word_1_589' title='bbox 1915 1478 2188 1545; x_wconf 88' lang='lat' dir='ltr'><strong>perantius</strong></span> <span class='ocrx_word' id='word_1_590' title='bbox 2210 1490 2451 1547; x_wconf 82' lang='lat' dir='ltr'><strong>augetur.</strong></span> <span class='ocrx_word' id='word_1_591' title='bbox 2483 1478 2613 1532; x_wconf 89' lang='lat' dir='ltr'><strong>Cum</strong></span> <span class='ocrx_word' id='word_1_592' title='bbox 2650 1480 2922 1544; x_wconf 68' lang='lat' dir='ltr'><strong>prwscirct</strong></span> <span class='ocrx_word' id='word_1_593' title='bbox 2961 1495 3088 1547; x_wconf 86' lang='lat' dir='ltr'><strong>ergo</strong></span> <span class='ocrx_word' id='word_1_594' title='bbox 3118 1479 3275 1539; x_wconf 87' lang='lat' dir='ltr'><strong>Deus.</strong></span> <span class='ocrx_word' id='word_1_595' title='bbox 3310 1496 3371 1532; x_wconf 88' lang='lat' dir='ltr'><strong>ex</strong></span> <span class='ocrx_word' id='word_1_596' title='bbox 3402 1496 3507 1531; x_wconf 88' lang='lat' dir='ltr'><strong>uno</strong></span> 
     </span>
    </p>
   </div>
   <div class='ocr_carea' id='block_1_76' title="bbox 1914 1570 3505 1639">
    <p class='ocr_par' dir='ltr' id='par_1_76' title="bbox 1914 1570 3505 1639">
     <span class='ocr_line' id='line_1_76' title="bbox 1914 1570 3505 1639; baseline 0.001 -18"><span class='ocrx_word' id='word_1_597' title='bbox 1914 1583 2141 1636; x_wconf 81' lang='lat' dir='ltr'><strong>Corpore</strong></span> <span class='ocrx_word' id='word_1_598' title='bbox 2166 1570 2395 1622; x_wconf 89' lang='lat' dir='ltr'><strong>humano</strong></span> <span class='ocrx_word' id='word_1_599' title='bbox 2427 1571 2708 1639; x_wconf 87' lang='lat' dir='ltr'><strong>replendus</strong></span> <span class='ocrx_word' id='word_1_600' title='bbox 2757 1587 2877 1625; x_wconf 88' lang='lat' dir='ltr'><strong>esse</strong></span> <span class='ocrx_word' id='word_1_601' title='bbox 2925 1572 3070 1625; x_wconf 91' lang='lat' dir='ltr'><strong>orbis</strong></span> <span class='ocrx_word' id='word_1_602' title='bbox 3103 1573 3361 1625; x_wconf 84' lang='lat' dir='ltr'><strong>terminos</strong></span> <span class='ocrx_word' id='word_1_603' title='bbox 3390 1573 3505 1639; x_wconf 82' lang='lat' dir='ltr'><strong>(lu-</strong></span> 
     </span>
    </p>
   </div>
   <div class='ocr_carea' id='block_1_77' title="bbox 1916 1660 3503 1731">
    <p class='ocr_par' dir='ltr' id='par_1_77' title="bbox 1916 1660 3503 1731">
     <span class='ocr_line' id='line_1_77' title="bbox 1916 1660 3503 1731; baseline 0.001 -18"><span class='ocrx_word' id='word_1_604' title='bbox 1916 1674 2074 1713; x_wconf 90' lang='lat' dir='ltr'><strong>cerna</strong></span> <span class='ocrx_word' id='word_1_605' title='bbox 2107 1660 2302 1728; x_wconf 69' lang='lat' dir='ltr'><strong>quippe</strong></span> <span class='ocrx_word' id='word_1_606' title='bbox 2336 1676 2435 1713; x_wconf 90' lang='lat' dir='ltr'><strong>una</strong></span> <span class='ocrx_word' id='word_1_607' title='bbox 2467 1672 2542 1713; x_wconf 87' lang='lat' dir='ltr'><strong>tot</strong></span> <span class='ocrx_word' id='word_1_608' title='bbox 2583 1662 2825 1714; x_wconf 88' lang='lat' dir='ltr'><strong>accendit</strong></span> <span class='ocrx_word' id='word_1_609' title='bbox 2849 1662 3010 1723; x_wconf 81' lang='lat' dir='ltr'><strong>faces,</strong></span> <span class='ocrx_word' id='word_1_610' title='bbox 3041 1675 3264 1731; x_wconf 82' lang='lat' dir='ltr'><strong>eratque</strong></span> <span class='ocrx_word' id='word_1_611' title='bbox 3290 1664 3503 1727; x_wconf 86' lang='lat' dir='ltr'><strong>oriens,</strong></span> 
     </span>
    </p>
   </div>
   <div class='ocr_carea' id='block_1_78' title="bbox 1914 1750 3506 1819">
    <p class='ocr_par' dir='ltr' id='par_1_78' title="bbox 1914 1750 3506 1819">
     <span class='ocr_line' id='line_1_78' title="bbox 1914 1750 3506 1819; baseline 0.002 -15"><span class='ocrx_word' id='word_1_612' title='bbox 1914 1750 2186 1817; x_wconf 89' lang='lat' dir='ltr'><strong>occidens,</strong></span> <span class='ocrx_word' id='word_1_613' title='bbox 2231 1753 2527 1818; x_wconf 72' lang='lat' dir='ltr'><strong>septentrio</strong></span> <span class='ocrx_word' id='word_1_614' title='bbox 2557 1761 2609 1805; x_wconf 90' lang='lat' dir='ltr'><strong>et</strong></span> <span class='ocrx_word' id='word_1_615' title='bbox 2638 1753 2888 1805; x_wconf 65' lang='lat' dir='ltr'><strong>meridies</strong></span> <span class='ocrx_word' id='word_1_616' title='bbox 2914 1755 2960 1819; x_wconf 92' lang='lat'><strong>),</strong></span> <span class='ocrx_word' id='word_1_617' title='bbox 2988 1770 3180 1806; x_wconf 88' lang='lat' dir='ltr'><strong>nomen</strong></span> <span class='ocrx_word' id='word_1_618' title='bbox 3211 1754 3402 1806; x_wconf 71' lang='lat' dir='ltr'><strong>indidit</strong></span> <span class='ocrx_word' id='word_1_619' title='bbox 3430 1756 3506 1807; x_wconf 87' lang='lat' dir='ltr'><strong>rei</strong></span> 
     </span>
    </p>
   </div>
   <div class='ocr_carea' id='block_1_79' title="bbox 1915 1844 3508 1913">
    <p class='ocr_par' dir='ltr' id='par_1_79' title="bbox 1915 1844 3508 1913">
     <span class='ocr_line' id='line_1_79' title="bbox 1915 1844 3508 1913; baseline 0.002 -17"><span class='ocrx_word' id='word_1_620' title='bbox 1915 1853 2352 1898; x_wconf 89' lang='lat' dir='ltr'><strong>consentaneum.</strong></span> <span class='ocrx_word' id='word_1_621' title='bbox 2389 1844 2593 1898; x_wconf 87' lang='lat' dir='ltr'><strong>Idcirco</strong></span> <span class='ocrx_word' id='word_1_622' title='bbox 2623 1846 2793 1912; x_wconf 68' lang='lat' dir='ltr'><strong>ipsum</strong></span> <span class='ocrx_word' id='word_1_623' title='bbox 2835 1845 3023 1897; x_wconf 88' lang='lat' dir='ltr'><strong>Adatni</strong></span> <span class='ocrx_word' id='word_1_624' title='bbox 3071 1860 3263 1899; x_wconf 88' lang='lat' dir='ltr'><strong>nomen</strong></span> <span class='ocrx_word' id='word_1_625' title='bbox 3322 1849 3508 1913; x_wconf 85' lang='lat' dir='ltr'><strong>pignus</strong></span> 
     </span>
    </p>
   </div>
   <div class='ocr_carea' id='block_1_80' title="bbox 1915 1933 3510 2003">
    <p class='ocr_par' dir='ltr' id='par_1_80' title="bbox 1915 1933 3510 2003">
     <span class='ocr_line' id='line_1_80' title="bbox 1915 1933 3510 2003; baseline 0.001 -18"><span class='ocrx_word' id='word_1_626' title='bbox 1915 1943 2031 1985; x_wconf 87' lang='lat' dir='ltr'><strong>erat</strong></span> <span class='ocrx_word' id='word_1_627' title='bbox 2057 1933 2201 1986; x_wconf 88' lang='lat' dir='ltr'><strong>orbis</strong></span> <span class='ocrx_word' id='word_1_628' title='bbox 2236 1944 2517 1987; x_wconf 87' lang='lat' dir='ltr'><strong>terrarum.</strong></span> <span class='ocrx_word' id='word_1_629' title='bbox 2554 1935 2685 1999; x_wconf 69' lang='lat' dir='ltr'><strong>Quia</strong></span> <span class='ocrx_word' id='word_1_630' title='bbox 2725 1935 2869 1986; x_wconf 89' lang='lat' dir='ltr'><strong>enim</strong></span> <span class='ocrx_word' id='word_1_631' title='bbox 2898 1934 3129 1987; x_wconf 80' lang='lat' dir='ltr'><strong>futurum</strong></span> <span class='ocrx_word' id='word_1_632' title='bbox 3157 1948 3269 1988; x_wconf 86' lang='lat' dir='ltr'><strong>erat</strong></span> <span class='ocrx_word' id='word_1_633' title='bbox 3301 1946 3355 1987; x_wconf 89' lang='lat' dir='ltr'><strong>ut</strong></span> <span class='ocrx_word' id='word_1_634' title='bbox 3381 1951 3510 2003; x_wconf 86' lang='lat' dir='ltr'><strong>qua-</strong></span> 
     </span>
    </p>
   </div>
   <div class='ocr_carea' id='block_1_81' title="bbox 1918 2024 3506 2094">
    <p class='ocr_par' dir='ltr' id='par_1_81' title="bbox 1918 2024 3506 2094">
     <span class='ocr_line' id='line_1_81' title="bbox 1918 2024 3506 2094; baseline 0.002 -18"><span class='ocrx_word' id='word_1_635' title='bbox 1918 2035 2035 2078; x_wconf 87' lang='lat' dir='ltr'><strong>tuor</strong></span> <span class='ocrx_word' id='word_1_636' title='bbox 2074 2024 2285 2079; x_wconf 90' lang='lat' dir='ltr'><strong>climata</strong></span> <span class='ocrx_word' id='word_1_637' title='bbox 2312 2042 2377 2079; x_wconf 84' lang='lat' dir='ltr'><strong>cx</strong></span> <span class='ocrx_word' id='word_1_638' title='bbox 2416 2027 2529 2094; x_wconf 87' lang='lat' dir='ltr'><strong>ipso</strong></span> <span class='ocrx_word' id='word_1_639' title='bbox 2561 2026 2930 2093; x_wconf 88' lang='lat' dir='ltr'><strong>implercutur,</strong></span> <span class='ocrx_word' id='word_1_640' title='bbox 2967 2027 3191 2093; x_wconf 89' lang='lat' dir='ltr'><strong>imponit</strong></span> <span class='ocrx_word' id='word_1_641' title='bbox 3219 2028 3265 2080; x_wconf 88' lang='lat' dir='ltr'><strong>ei</strong></span> <span class='ocrx_word' id='word_1_642' title='bbox 3312 2044 3506 2080; x_wconf 87' lang='lat' dir='ltr'><strong>nomen</strong></span> 
     </span>
    </p>
   </div>
   <div class='ocr_carea' id='block_1_82' title="bbox 1917 2117 3503 2187">
    <p class='ocr_par' dir='ltr' id='par_1_82' title="bbox 1917 2117 3503 2187">
     <span class='ocr_line' id='line_1_82' title="bbox 1917 2117 3503 2187; baseline 0.001 -18"><span class='ocrx_word' id='word_1_643' title='bbox 1917 2117 2085 2169; x_wconf 76' lang='lat' dir='ltr'><strong>Adam</strong></span> <span class='ocrx_word' id='word_1_644' title='bbox 2115 2133 2127 2169; x_wconf 90' lang='lat'><strong>:</strong></span> <span class='ocrx_word' id='word_1_645' title='bbox 2160 2123 2288 2187; x_wconf 70' lang='lat' dir='ltr'><strong>di).,:ac</strong></span> <span class='ocrx_word' id='word_1_646' title='bbox 2313 2120 2518 2178; x_wconf 66' lang='grc' dir='ltr'><strong>ἀνατολὴ</strong></span> <span class='ocrx_word' id='word_1_647' title='bbox 2542 2158 2554 2180; x_wconf 89' lang='grc'><em>,</em></span> <span class='ocrx_word' id='word_1_648' title='bbox 2584 2119 2763 2171; x_wconf 80' lang='lat' dir='ltr'><strong>oriens</strong></span> <span class='ocrx_word' id='word_1_649' title='bbox 2790 2160 2803 2182; x_wconf 90' lang='lat'><strong>,</strong></span> <span class='ocrx_word' id='word_1_650' title='bbox 2838 2124 2977 2171; x_wconf 65' lang='grc' dir='ltr'>δέλτα</span> <span class='ocrx_word' id='word_1_651' title='bbox 3014 2124 3137 2176; x_wconf 68' lang='grc' dir='ltr'><strong>δύσις</strong></span> <span class='ocrx_word' id='word_1_652' title='bbox 3163 2160 3176 2182; x_wconf 90' lang='grc'>,</span> <span class='ocrx_word' id='word_1_653' title='bbox 3229 2120 3503 2180; x_wconf 73' lang='lat' dir='ltr'><strong>occidens,</strong></span> 
     </span>
    </p>
   </div>
   <div class='ocr_carea' id='block_1_83' title="bbox 1914 2212 3504 2281">
    <p class='ocr_par' dir='ltr' id='par_1_83' title="bbox 1914 2212 3504 2281">
     <span class='ocr_line' id='line_1_83' title="bbox 1914 2212 3504 2281; baseline 0.002 -19"><span class='ocrx_word' id='word_1_654' title='bbox 1914 2218 2039 2281; x_wconf 55' lang='grc' dir='ltr'><strong>(θῖνα</strong></span> <span class='ocrx_word' id='word_1_655' title='bbox 2063 2217 2248 2281; x_wconf 72' lang='grc' dir='ltr'><strong>ἄρκτος,</strong></span> <span class='ocrx_word' id='word_1_656' title='bbox 2274 2212 2585 2280; x_wconf 81' lang='lat' dir='ltr'><strong>septentrio,</strong></span> <span class='ocrx_word' id='word_1_657' title='bbox 2612 2224 2674 2271; x_wconf 81' lang='grc' dir='ltr'><strong>μῦ</strong></span> <span class='ocrx_word' id='word_1_658' title='bbox 2700 2222 2983 2279; x_wconf 66' lang='grc' dir='ltr'><strong>μεσημϐρία,</strong></span> <span class='ocrx_word' id='word_1_659' title='bbox 3008 2213 3278 2266; x_wconf 85' lang='lat' dir='ltr'><strong>meridies.</strong></span> <span class='ocrx_word' id='word_1_660' title='bbox 3314 2213 3377 2265; x_wconf 67' lang='lat' dir='ltr'><strong>Et</strong></span> <span class='ocrx_word' id='word_1_661' title='bbox 3403 2228 3504 2265; x_wconf 87' lang='lat' dir='ltr'><strong>no-</strong></span> 
     </span>
    </p>
   </div>
   <div class='ocr_carea' id='block_1_84' title="bbox 1918 2302 3507 2371">
    <p class='ocr_par' dir='ltr' id='par_1_84' title="bbox 1918 2302 3507 2371">
     <span class='ocr_line' id='line_1_84' title="bbox 1918 2302 3507 2371; baseline 0.001 -17"><span class='ocrx_word' id='word_1_662' title='bbox 1918 2317 2037 2355; x_wconf 87' lang='lat' dir='ltr'><strong>men</strong></span> <span class='ocrx_word' id='word_1_663' title='bbox 2074 2302 2309 2356; x_wconf 56' lang='lat' dir='ltr'><strong>etliterte</strong></span> <span class='ocrx_word' id='word_1_664' title='bbox 2336 2302 2704 2367; x_wconf 83' lang='lat' dir='ltr'><strong>testiﬁcantur,</strong></span> <span class='ocrx_word' id='word_1_665' title='bbox 2736 2304 3003 2356; x_wconf 82' lang='lat' dir='ltr'><strong>hominem</strong></span> <span class='ocrx_word' id='word_1_666' title='bbox 3030 2305 3354 2371; x_wconf 83' lang='lat' dir='ltr'><strong>repleturum</strong></span> <span class='ocrx_word' id='word_1_667' title='bbox 3388 2319 3507 2356; x_wconf 76' lang='lat' dir='ltr'><strong>esse</strong></span> 
     </span>
    </p>
   </div>
   <div class='ocr_carea' id='block_1_85' title="bbox 1915 2395 3504 2465">
    <p class='ocr_par' dir='ltr' id='par_1_85' title="bbox 1915 2395 3504 2465">
     <span class='ocr_line' id='line_1_85' title="bbox 1915 2395 3504 2465; baseline 0.003 -20"><span class='ocrx_word' id='word_1_668' title='bbox 1915 2395 2098 2447; x_wconf 84' lang='lat' dir='ltr'><strong>urbem</strong></span> <span class='ocrx_word' id='word_1_669' title='bbox 2131 2405 2413 2448; x_wconf 89' lang='lat' dir='ltr'><strong>terrarum.</strong></span> <span class='ocrx_word' id='word_1_670' title='bbox 2449 2396 2676 2449; x_wconf 76' lang='lat' dir='ltr'><strong>Vocatur</strong></span> <span class='ocrx_word' id='word_1_671' title='bbox 2702 2412 2826 2465; x_wconf 91' lang='lat' dir='ltr'><strong>ergo</strong></span> <span class='ocrx_word' id='word_1_672' title='bbox 2850 2397 3105 2450; x_wconf 88' lang='lat' dir='ltr'><strong>llebraica</strong></span> <span class='ocrx_word' id='word_1_673' title='bbox 3143 2398 3315 2465; x_wconf 83' lang='lat' dir='ltr'><strong>lingua</strong></span> <span class='ocrx_word' id='word_1_674' title='bbox 3350 2398 3504 2464; x_wconf 72' lang='lat' dir='ltr'><strong>ignis.</strong></span> 
     </span>
    </p>
   </div>
   <div class='ocr_carea' id='block_1_86' title="bbox 1914 2488 3512 2556">
    <p class='ocr_par' dir='ltr' id='par_1_86' title="bbox 1914 2488 3512 2556">
     <span class='ocr_line' id='line_1_86' title="bbox 1914 2488 3512 2556; baseline -0.001 -16"><span class='ocrx_word' id='word_1_675' title='bbox 1914 2488 2045 2551; x_wconf 83' lang='lat' dir='ltr'><strong>Quia</strong></span> <span class='ocrx_word' id='word_1_676' title='bbox 2094 2488 2252 2556; x_wconf 85' lang='lat' dir='ltr'><strong>igitur</strong></span> <span class='ocrx_word' id='word_1_677' title='bbox 2295 2488 2428 2555; x_wconf 85' lang='lat' dir='ltr'><strong>ignis</strong></span> <span class='ocrx_word' id='word_1_678' title='bbox 2468 2488 2873 2555; x_wconf 83' lang='lat' dir='ltr'><strong>appellationem</strong></span> <span class='ocrx_word' id='word_1_679' title='bbox 2917 2488 3097 2551; x_wconf 88' lang='lat' dir='ltr'><strong>habet,</strong></span> <span class='ocrx_word' id='word_1_680' title='bbox 3150 2504 3252 2540; x_wconf 89' lang='lat' dir='ltr'><strong>non</strong></span> <span class='ocrx_word' id='word_1_681' title='bbox 3306 2488 3512 2540; x_wconf 89' lang='lat' dir='ltr'><strong>dubitat</strong></span> 
     </span>
    </p>
   </div>
   <div class='ocr_carea' id='block_1_87' title="bbox 1914 2579 3507 2648">
    <p class='ocr_par' dir='ltr' id='par_1_87' title="bbox 1914 2579 3507 2648">
     <span class='ocr_line' id='line_1_87' title="bbox 1914 2579 3507 2648; baseline -0.004 -14"><span class='ocrx_word' id='word_1_682' title='bbox 1914 2580 2188 2648; x_wconf 87' lang='lat' dir='ltr'><strong>Scriptura</strong></span> <span class='ocrx_word' id='word_1_683' title='bbox 2218 2580 2376 2633; x_wconf 88' lang='lat' dir='ltr'><strong>etiam</strong></span> <span class='ocrx_word' id='word_1_684' title='bbox 2399 2581 2614 2648; x_wconf 84' lang='lat' dir='ltr'><strong>angelos</strong></span> <span class='ocrx_word' id='word_1_685' title='bbox 2634 2580 2877 2631; x_wconf 90' lang='lat' dir='ltr'><strong>homines</strong></span> <span class='ocrx_word' id='word_1_686' title='bbox 2896 2594 3105 2632; x_wconf 88' lang='lat' dir='ltr'><strong>vocare.</strong></span> <span class='ocrx_word' id='word_1_687' title='bbox 3128 2579 3349 2643; x_wconf 88' lang='lat' dir='ltr'><strong>Quando</strong></span> <span class='ocrx_word' id='word_1_688' title='bbox 3366 2579 3507 2630; x_wconf 88' lang='lat' dir='ltr'><strong>enim</strong></span> 
     </span>
    </p>
   </div>
   <div class='ocr_carea' id='block_1_88' title="bbox 1917 2668 3507 2731">
    <p class='ocr_par' dir='ltr' id='par_1_88' title="bbox 1917 2668 3507 2731">
     <span class='ocr_line' id='line_1_88' title="bbox 1917 2668 3507 2731; baseline -0.002 -8"><span class='ocrx_word' id='word_1_689' title='bbox 1917 2679 2175 2725; x_wconf 89' lang='lat' dir='ltr'><strong>venerunt</strong></span> <span class='ocrx_word' id='word_1_690' title='bbox 2202 2670 2362 2722; x_wconf 79' lang='lat' dir='ltr'><strong>Maria</strong></span> <span class='ocrx_word' id='word_1_691' title='bbox 2406 2680 2458 2723; x_wconf 91' lang='lat' dir='ltr'><strong>et</strong></span> <span class='ocrx_word' id='word_1_692' title='bbox 2489 2670 2647 2722; x_wconf 75' lang='lat' dir='ltr'><strong>socize</strong></span> <span class='ocrx_word' id='word_1_693' title='bbox 2675 2669 2924 2721; x_wconf 88' lang='lat' dir='ltr'><strong>mulieres</strong></span> <span class='ocrx_word' id='word_1_694' title='bbox 2958 2668 3023 2721; x_wconf 91' lang='lat' dir='ltr'><strong>ad</strong></span> <span class='ocrx_word' id='word_1_695' title='bbox 3058 2678 3458 2720; x_wconf 82' lang='lat' dir='ltr'><strong>monmnentutn</strong></span> <span class='ocrx_word' id='word_1_696' title='bbox 3494 2708 3507 2731; x_wconf 89' lang='lat'><strong>,</strong></span> 
     </span>
    </p>
   </div>
   <div class='ocr_carea' id='block_1_89' title="bbox 1915 2760 3507 2829">
    <p class='ocr_par' dir='ltr' id='par_1_89' title="bbox 1915 2760 3507 2829">
     <span class='ocr_line' id='line_1_89' title="bbox 1915 2760 3507 2829; baseline -0.002 -14"><span class='ocrx_word' id='word_1_697' title='bbox 1915 2763 2042 2816; x_wconf 91' lang='lat' dir='ltr'><strong>dicit</strong></span> <span class='ocrx_word' id='word_1_698' title='bbox 2075 2780 2084 2812; x_wconf 92' lang='lat'>:</span> <span class='ocrx_word' id='word_1_699' title='bbox 2113 2761 2244 2814; x_wconf 86' lang='lat' dir='ltr'><strong>Ecce</strong></span> <span class='ocrx_word' id='word_1_700' title='bbox 2286 2762 2585 2814; x_wconf 78' lang='lat' dir='ltr'><strong>adstiterant</strong></span> <span class='ocrx_word' id='word_1_701' title='bbox 2624 2761 2724 2813; x_wconf 81' lang='lat' dir='ltr'><strong>illis</strong></span> <span class='ocrx_word' id='word_1_702' title='bbox 2776 2761 2875 2813; x_wconf 88' lang='lat' dir='ltr'><strong>duo</strong></span> <span class='ocrx_word' id='word_1_703' title='bbox 2924 2762 3016 2813; x_wconf 85' lang='lat' dir='ltr'><strong>viri</strong></span> <span class='ocrx_word' id='word_1_704' title='bbox 3061 2760 3217 2829; x_wconf 87' lang='lat' dir='ltr'><strong>(an.</strong></span> <span class='ocrx_word' id='word_1_705' title='bbox 3274 2760 3360 2813; x_wconf 70' lang='lat' dir='ltr'><strong>2i.</strong></span> <span class='ocrx_word' id='word_1_706' title='bbox 3411 2760 3507 2829; x_wconf 77' lang='grc'>4).</span> 
     </span>
    </p>
   </div>
   <div class='ocr_carea' id='block_1_90' title="bbox 1917 2854 3511 2923">
    <p class='ocr_par' dir='ltr' id='par_1_90' title="bbox 1917 2854 3511 2923">
     <span class='ocr_line' id='line_1_90' title="bbox 1917 2854 3511 2923; baseline -0.001 -16"><span class='ocrx_word' id='word_1_707' title='bbox 1917 2854 2288 2908; x_wconf 84' lang='lat' dir='ltr'><strong>Erantautem</strong></span> <span class='ocrx_word' id='word_1_708' title='bbox 2334 2854 2524 2922; x_wconf 85' lang='lat' dir='ltr'><strong>angeli.</strong></span> <span class='ocrx_word' id='word_1_709' title='bbox 2572 2854 2674 2921; x_wconf 92' lang='lat' dir='ltr'><strong>Ipsi</strong></span> <span class='ocrx_word' id='word_1_710' title='bbox 2720 2869 2847 2907; x_wconf 90' lang='lat' dir='ltr'><strong>vero</strong></span> <span class='ocrx_word' id='word_1_711' title='bbox 2882 2855 3054 2923; x_wconf 86' lang='lat' dir='ltr'><strong>angeli</strong></span> <span class='ocrx_word' id='word_1_712' title='bbox 3105 2868 3314 2921; x_wconf 84' lang='lat' dir='ltr'><strong>quoque</strong></span> <span class='ocrx_word' id='word_1_713' title='bbox 3376 2854 3511 2920; x_wconf 82' lang='lat' dir='ltr'><strong>ignis</strong></span> 
     </span>
    </p>
   </div>
   <div class='ocr_carea' id='block_1_91' title="bbox 1916 2946 3513 3015">
    <p class='ocr_par' dir='ltr' id='par_1_91' title="bbox 1916 2946 3513 3015">
     <span class='ocr_line' id='line_1_91' title="bbox 1916 2946 3513 3015; baseline -0.001 -18"><span class='ocrx_word' id='word_1_714' title='bbox 1916 2955 2171 3000; x_wconf 85' lang='lat' dir='ltr'><strong>vocantur</strong></span> <span class='ocrx_word' id='word_1_715' title='bbox 2200 2965 2211 2999; x_wconf 90' lang='lat'><strong>:</strong></span> <span class='ocrx_word' id='word_1_716' title='bbox 2244 2961 2389 3011; x_wconf 84' lang='lat' dir='ltr'><strong>nam,</strong></span> <span class='ocrx_word' id='word_1_717' title='bbox 2420 2946 2517 3012; x_wconf 84' lang='lat' dir='ltr'><strong>Qui</strong></span> <span class='ocrx_word' id='word_1_718' title='bbox 2544 2946 2664 3015; x_wconf 80' lang='lat' dir='ltr'><strong>facit</strong></span> <span class='ocrx_word' id='word_1_719' title='bbox 2704 2947 2908 3015; x_wconf 80' lang='lat' dir='ltr'><strong>angelos</strong></span> <span class='ocrx_word' id='word_1_720' title='bbox 2938 2964 3052 2998; x_wconf 84' lang='lat' dir='ltr'><strong>suos</strong></span> <span class='ocrx_word' id='word_1_721' title='bbox 3083 2948 3308 3013; x_wconf 82' lang='lat' dir='ltr'><strong>spiritus,</strong></span> <span class='ocrx_word' id='word_1_722' title='bbox 3339 2958 3380 2997; x_wconf 79' lang='lat' dir='ltr'><strong>et</strong></span> <span class='ocrx_word' id='word_1_723' title='bbox 3424 2948 3513 2997; x_wconf 86' lang='lat' dir='ltr'><strong>nti-</strong></span> 
     </span>
    </p>
   </div>
   <div class='ocr_carea' id='block_1_92' title="bbox 1914 3034 3512 3109">
    <p class='ocr_par' dir='ltr' id='par_1_92' title="bbox 1914 3034 3512 3109">
     <span class='ocr_line' id='line_1_92' title="bbox 1914 3034 3512 3109; baseline 0.001 -19"><span class='ocrx_word' id='word_1_724' title='bbox 1914 3040 2096 3092; x_wconf 79' lang='lat' dir='ltr'><strong>nistros</strong></span> <span class='ocrx_word' id='word_1_725' title='bbox 2126 3056 2244 3093; x_wconf 86' lang='lat' dir='ltr'><strong>suos</strong></span> <span class='ocrx_word' id='word_1_726' title='bbox 2270 3040 2437 3109; x_wconf 84' lang='lat' dir='ltr'><strong>ignem</strong></span> <span class='ocrx_word' id='word_1_727' title='bbox 2465 3049 2687 3092; x_wconf 88' lang='lat' dir='ltr'><strong>urentem</strong></span> <span class='ocrx_word' id='word_1_728' title='bbox 2712 3034 2879 3102; x_wconf 86' lang='lat' dir='ltr'><strong>(Psal.</strong></span> <span class='ocrx_word' id='word_1_729' title='bbox 2916 3040 3031 3093; x_wconf 84' lang='lat'><strong>105.</strong></span> <span class='ocrx_word' id='word_1_730' title='bbox 3063 3041 3143 3108; x_wconf 73' lang='grc'><strong>4).</strong></span> <span class='ocrx_word' id='word_1_731' title='bbox 3171 3039 3328 3092; x_wconf 70' lang='lat' dir='ltr'><strong>Viros</strong></span> <span class='ocrx_word' id='word_1_732' title='bbox 3359 3049 3512 3091; x_wconf 88' lang='lat' dir='ltr'><strong>vocat</strong></span> 
     </span>
    </p>
   </div>
   <div class='ocr_carea' id='block_1_93' title="bbox 1916 3130 3505 3199">
    <p class='ocr_par' dir='ltr' id='par_1_93' title="bbox 1916 3130 3505 3199">
     <span class='ocr_line' id='line_1_93' title="bbox 1916 3130 3505 3199; baseline -0.001 -18"><span class='ocrx_word' id='word_1_733' title='bbox 1916 3130 2053 3195; x_wconf 69' lang='lat' dir='ltr'><strong>illos,</strong></span> <span class='ocrx_word' id='word_1_734' title='bbox 2086 3134 2209 3199; x_wconf 77' lang='lat' dir='ltr'><strong>quia</strong></span> <span class='ocrx_word' id='word_1_735' title='bbox 2236 3144 2573 3183; x_wconf 89' lang='lat' dir='ltr'><strong>communem</strong></span> <span class='ocrx_word' id='word_1_736' title='bbox 2604 3130 2934 3184; x_wconf 88' lang='lat' dir='ltr'><strong>habentcum</strong></span> <span class='ocrx_word' id='word_1_737' title='bbox 2966 3131 3179 3183; x_wconf 89' lang='lat' dir='ltr'><strong>homine</strong></span> <span class='ocrx_word' id='word_1_738' title='bbox 3212 3130 3505 3183; x_wconf 88' lang='lat' dir='ltr'><strong>notionem.</strong></span> 
     </span>
    </p>
   </div>
   <div class='ocr_carea' id='block_1_94' title="bbox 1916 3222 3502 3293">
    <p class='ocr_par' dir='ltr' id='par_1_94' title="bbox 1916 3222 3502 3293">
     <span class='ocr_line' id='line_1_94' title="bbox 1916 3222 3502 3293; baseline -0.001 -17"><span class='ocrx_word' id='word_1_739' title='bbox 1916 3223 2117 3293; x_wconf 88' lang='lat' dir='ltr'><strong>Ecquid</strong></span> <span class='ocrx_word' id='word_1_740' title='bbox 2165 3222 2399 3276; x_wconf 86' lang='lat' dir='ltr'><strong>mirum?</strong></span> <span class='ocrx_word' id='word_1_741' title='bbox 2430 3224 2547 3291; x_wconf 86' lang='lat' dir='ltr'><strong>Ipse</strong></span> <span class='ocrx_word' id='word_1_742' title='bbox 2597 3223 2735 3276; x_wconf 86' lang='lat' dir='ltr'><strong>Deus</strong></span> <span class='ocrx_word' id='word_1_743' title='bbox 2770 3234 2986 3275; x_wconf 87' lang='lat' dir='ltr'><strong>vocatur</strong></span> <span class='ocrx_word' id='word_1_744' title='bbox 3016 3224 3167 3289; x_wconf 82' lang='lat' dir='ltr'><strong>ignis,</strong></span> <span class='ocrx_word' id='word_1_745' title='bbox 3199 3233 3417 3275; x_wconf 88' lang='lat' dir='ltr'><strong>vocatur</strong></span> <span class='ocrx_word' id='word_1_746' title='bbox 3449 3233 3502 3274; x_wconf 85' lang='lat' dir='ltr'><strong>et</strong></span> 
     </span>
    </p>
   </div>
   <div class='ocr_carea' id='block_1_95' title="bbox 1916 3314 3506 3382">
    <p class='ocr_par' dir='ltr' id='par_1_95' title="bbox 1916 3314 3506 3382">
     <span class='ocr_line' id='line_1_95' title="bbox 1916 3314 3506 3382; baseline -0.002 -15"><span class='ocrx_word' id='word_1_747' title='bbox 1916 3316 2095 3369; x_wconf 92' lang='lat' dir='ltr'><strong>homo.</strong></span> <span class='ocrx_word' id='word_1_748' title='bbox 2128 3316 2217 3369; x_wconf 88' lang='lat' dir='ltr'><strong>Ait</strong></span> <span class='ocrx_word' id='word_1_749' title='bbox 2244 3316 2496 3369; x_wconf 82' lang='lat' dir='ltr'><strong>Servator</strong></span> <span class='ocrx_word' id='word_1_750' title='bbox 2523 3315 2588 3368; x_wconf 89' lang='lat' dir='ltr'><strong>de</strong></span> <span class='ocrx_word' id='word_1_751' title='bbox 2618 3315 2774 3367; x_wconf 83' lang='lat' dir='ltr'><strong>Patre</strong></span> <span class='ocrx_word' id='word_1_752' title='bbox 2802 3331 2899 3367; x_wconf 90' lang='lat' dir='ltr'><strong>suo</strong></span> <span class='ocrx_word' id='word_1_753' title='bbox 2928 3337 2937 3366; x_wconf 89' lang='lat'><em>:</em></span> <span class='ocrx_word' id='word_1_754' title='bbox 2972 3314 3137 3367; x_wconf 77' lang='lat' dir='ltr'><strong>Ilonto</strong></span> <span class='ocrx_word' id='word_1_755' title='bbox 3176 3316 3377 3382; x_wconf 84' lang='lat' dir='ltr'><strong>quidam</strong></span> <span class='ocrx_word' id='word_1_756' title='bbox 3400 3324 3506 3365; x_wconf 80' lang='lat' dir='ltr'><strong>emt</strong></span> 
     </span>
    </p>
   </div>
   <div class='ocr_carea' id='block_1_96' title="bbox 1916 3404 3505 3475">
    <p class='ocr_par' dir='ltr' id='par_1_96' title="bbox 1916 3404 3505 3475">
     <span class='ocr_line' id='line_1_96' title="bbox 1916 3404 3505 3475; baseline -0.001 -19"><span class='ocrx_word' id='word_1_757' title='bbox 1916 3406 2301 3475; x_wconf 79' lang='lat' dir='ltr'><strong>paterfamilias,</strong></span> <span class='ocrx_word' id='word_1_758' title='bbox 2324 3406 2406 3474; x_wconf 90' lang='lat' dir='ltr'><strong>qui</strong></span> <span class='ocrx_word' id='word_1_759' title='bbox 2435 3406 2673 3473; x_wconf 83' lang='lat' dir='ltr'><strong>plantavit</strong></span> <span class='ocrx_word' id='word_1_760' title='bbox 2698 3406 2909 3456; x_wconf 81' lang='lat' dir='ltr'><strong>vineam.</strong></span> <span class='ocrx_word' id='word_1_761' title='bbox 2940 3404 3001 3455; x_wconf 85' lang='lat' dir='ltr'><strong>Et</strong></span> <span class='ocrx_word' id='word_1_762' title='bbox 3026 3406 3156 3456; x_wconf 85' lang='lat' dir='ltr'><strong>misit</strong></span> <span class='ocrx_word' id='word_1_763' title='bbox 3185 3420 3347 3456; x_wconf 76' lang='lat' dir='ltr'><strong>servos</strong></span> <span class='ocrx_word' id='word_1_764' title='bbox 3367 3419 3505 3465; x_wconf 84' lang='lat' dir='ltr'><strong>suos,</strong></span> 
     </span>
    </p>
   </div>
   <div class='ocr_carea' id='block_1_97' title="bbox 1916 3494 3498 3564">
    <p class='ocr_par' dir='ltr' id='par_1_97' title="bbox 1916 3494 3498 3564">
     <span class='ocr_line' id='line_1_97' title="bbox 1916 3494 3498 3564; baseline -0.004 -15"><span class='ocrx_word' id='word_1_765' title='bbox 1916 3507 1958 3549; x_wconf 82' lang='lat' dir='ltr'><strong>tt</strong></span> <span class='ocrx_word' id='word_1_766' title='bbox 1990 3497 2141 3549; x_wconf 86' lang='lat' dir='ltr'><strong>occisi</strong></span> <span class='ocrx_word' id='word_1_767' title='bbox 2168 3506 2281 3548; x_wconf 78' lang='lat' dir='ltr'><strong>sunt</strong></span> <span class='ocrx_word' id='word_1_768' title='bbox 2308 3497 2434 3549; x_wconf 82' lang='lat' dir='ltr'><strong>scrri</strong></span> <span class='ocrx_word' id='word_1_769' title='bbox 2460 3494 2677 3564; x_wconf 77' lang='lat' dir='ltr'><strong>(Matth.</strong></span> <span class='ocrx_word' id='word_1_770' title='bbox 2705 3495 2796 3547; x_wconf 77' lang='lat'><strong>‘21.</strong></span> <span class='ocrx_word' id='word_1_771' title='bbox 2821 3496 2907 3548; x_wconf 76' lang='grc'><strong>55.</strong></span> <span class='ocrx_word' id='word_1_772' title='bbox 2942 3512 3045 3562; x_wconf 81' lang='lat' dir='ltr'><strong>sqq.</strong></span> <span class='ocrx_word' id='word_1_773' title='bbox 3078 3498 3114 3562; x_wconf 91' lang='lat'><strong>).</strong></span> <span class='ocrx_word' id='word_1_774' title='bbox 3150 3494 3318 3561; x_wconf 87' lang='lat' dir='ltr'><strong>thue</strong></span> <span class='ocrx_word' id='word_1_775' title='bbox 3348 3509 3498 3545; x_wconf 79' lang='lat' dir='ltr'><strong>cont-</strong></span> 
     </span>
    </p>
   </div>
   <div class='ocr_carea' id='block_1_98' title="bbox 1918 3586 3509 3653">
    <p class='ocr_par' dir='ltr' id='par_1_98' title="bbox 1918 3586 3509 3653">
     <span class='ocr_line' id='line_1_98' title="bbox 1918 3586 3509 3653; baseline -0.006 -11"><span class='ocrx_word' id='word_1_776' title='bbox 1918 3588 2109 3653; x_wconf 80' lang='lat' dir='ltr'><strong>pendio</strong></span> <span class='ocrx_word' id='word_1_777' title='bbox 2136 3587 2306 3641; x_wconf 83' lang='lat' dir='ltr'><strong>dicam</strong></span> <span class='ocrx_word' id='word_1_778' title='bbox 2337 3606 2347 3639; x_wconf 89' lang='lat'><strong>:</strong></span> <span class='ocrx_word' id='word_1_779' title='bbox 2383 3586 2446 3639; x_wconf 85' lang='lat' dir='ltr'><strong>Et</strong></span> <span class='ocrx_word' id='word_1_780' title='bbox 2478 3587 2602 3640; x_wconf 76' lang='lat' dir='ltr'><strong>dixit</strong></span> <span class='ocrx_word' id='word_1_781' title='bbox 2629 3587 2776 3638; x_wconf 88' lang='lat' dir='ltr'><strong>ltonto</strong></span> <span class='ocrx_word' id='word_1_782' title='bbox 2806 3586 2911 3650; x_wconf 89' lang='lat' dir='ltr'><strong>ille,</strong></span> <span class='ocrx_word' id='word_1_783' title='bbox 2950 3586 3127 3636; x_wconf 76' lang='lat' dir='ltr'><strong>Adhuc</strong></span> <span class='ocrx_word' id='word_1_784' title='bbox 3158 3601 3312 3636; x_wconf 88' lang='lat' dir='ltr'><strong>nnunt</strong></span> <span class='ocrx_word' id='word_1_785' title='bbox 3343 3586 3509 3650; x_wconf 76' lang='lat' dir='ltr'><strong>[ilium</strong></span> 
     </span>
    </p>
   </div>
   <div class='ocr_carea' id='block_1_99' title="bbox 1915 3676 3503 3746">
    <p class='ocr_par' dir='ltr' id='par_1_99' title="bbox 1915 3676 3503 3746">
     <span class='ocr_line' id='line_1_99' title="bbox 1915 3676 3503 3746; baseline -0.001 -19"><span class='ocrx_word' id='word_1_786' title='bbox 1915 3679 2322 3744; x_wconf 83' lang='lat' dir='ltr'><strong>ltubco;ntittam</strong></span> <span class='ocrx_word' id='word_1_787' title='bbox 2352 3679 2517 3742; x_wconf 84' lang='lat' dir='ltr'><strong>illum,</strong></span> <span class='ocrx_word' id='word_1_788' title='bbox 2558 3679 2599 3730; x_wconf 91' lang='lat' dir='ltr'><strong>si</strong></span> <span class='ocrx_word' id='word_1_789' title='bbox 2646 3682 2773 3746; x_wconf 78' lang='lat' dir='ltr'><strong>forte</strong></span> <span class='ocrx_word' id='word_1_790' title='bbox 2821 3686 3157 3729; x_wconf 78' lang='lat' dir='ltr'><strong>revcreantur.</strong></span> <span class='ocrx_word' id='word_1_791' title='bbox 3211 3676 3347 3740; x_wconf 75' lang='lat' dir='ltr'><strong>Quid</strong></span> <span class='ocrx_word' id='word_1_792' title='bbox 3401 3676 3503 3727; x_wconf 78' lang='lat' dir='ltr'><strong>sibi</strong></span> 
     </span>
    </p>
   </div>
   <div class='ocr_carea' id='block_1_100' title="bbox 1916 3769 3506 3839">
    <p class='ocr_par' dir='ltr' id='par_1_100' title="bbox 1916 3769 3506 3839">
     <span class='ocr_line' id='line_1_100' title="bbox 1916 3769 3506 3839; baseline 0 -18"><span class='ocrx_word' id='word_1_793' title='bbox 1916 3773 2023 3823; x_wconf 88' lang='lat' dir='ltr'><strong>vult</strong></span> <span class='ocrx_word' id='word_1_794' title='bbox 2078 3786 2271 3825; x_wconf 90' lang='lat' dir='ltr'><strong>nomen</strong></span> <span class='ocrx_word' id='word_1_795' title='bbox 2332 3774 2491 3825; x_wconf 91' lang='lat' dir='ltr'><strong>homo</strong></span> <span class='ocrx_word' id='word_1_796' title='bbox 2546 3786 2640 3839; x_wconf 91' lang='lat' dir='ltr'><strong>pro</strong></span> <span class='ocrx_word' id='word_1_797' title='bbox 2694 3771 2909 3824; x_wconf 90' lang='lat' dir='ltr'><strong>nomine</strong></span> <span class='ocrx_word' id='word_1_798' title='bbox 2950 3771 3171 3823; x_wconf 89' lang='lat' dir='ltr'><strong>divino?</strong></span> <span class='ocrx_word' id='word_1_799' title='bbox 3215 3769 3330 3822; x_wconf 87' lang='lat' dir='ltr'><strong>Non</strong></span> <span class='ocrx_word' id='word_1_800' title='bbox 3363 3770 3506 3821; x_wconf 87' lang='lat' dir='ltr'><strong>enim</strong></span> 
     </span>
    </p>
   </div>
   <div class='ocr_carea' id='block_1_101' title="bbox 1914 3858 3505 3929">
    <p class='ocr_par' dir='ltr' id='par_1_101' title="bbox 1914 3858 3505 3929">
     <span class='ocr_line' id='line_1_101' title="bbox 1914 3858 3505 3929; baseline -0.001 -16"><span class='ocrx_word' id='word_1_801' title='bbox 1914 3862 2047 3915; x_wconf 91' lang='lat' dir='ltr'><strong>dixit</strong></span> <span class='ocrx_word' id='word_1_802' title='bbox 2078 3860 2381 3929; x_wconf 90' lang='lat' dir='ltr'><strong>parabolam</strong></span> <span class='ocrx_word' id='word_1_803' title='bbox 2423 3880 2434 3914; x_wconf 90' lang='lat'><strong>:</strong></span> <span class='ocrx_word' id='word_1_804' title='bbox 2484 3878 2587 3913; x_wconf 93' lang='lat' dir='ltr'><strong>non</strong></span> <span class='ocrx_word' id='word_1_805' title='bbox 2618 3860 2770 3923; x_wconf 82' lang='lat' dir='ltr'><strong>dixit,</strong></span> <span class='ocrx_word' id='word_1_806' title='bbox 2818 3859 2996 3913; x_wconf 85' lang='lat' dir='ltr'><strong>Simile</strong></span> <span class='ocrx_word' id='word_1_807' title='bbox 3044 3870 3154 3924; x_wconf 83' lang='lat' dir='ltr'><strong>est;</strong></span> <span class='ocrx_word' id='word_1_808' title='bbox 3188 3860 3302 3922; x_wconf 89' lang='lat' dir='ltr'><strong>sed,</strong></span> <span class='ocrx_word' id='word_1_809' title='bbox 3338 3858 3505 3911; x_wconf 87' lang='lat' dir='ltr'><strong>llomo</strong></span> 
     </span>
    </p>
   </div>
   <div class='ocr_carea' id='block_1_102' title="bbox 1912 3948 3507 4019">
    <p class='ocr_par' dir='ltr' id='par_1_102' title="bbox 1912 3948 3507 4019">
     <span class='ocr_line' id='line_1_102' title="bbox 1912 3948 3507 4019; baseline -0.002 -17"><span class='ocrx_word' id='word_1_810' title='bbox 1912 3951 2114 4019; x_wconf 87' lang='lat' dir='ltr'><strong>quidam</strong></span> <span class='ocrx_word' id='word_1_811' title='bbox 2138 3962 2263 4003; x_wconf 82' lang='lat' dir='ltr'><strong>erat.</strong></span> <span class='ocrx_word' id='word_1_812' title='bbox 2295 3950 2498 4004; x_wconf 82' lang='lat' dir='ltr'><strong>Idcirco</strong></span> <span class='ocrx_word' id='word_1_813' title='bbox 2526 3950 2736 4018; x_wconf 83' lang='lat' dir='ltr'><strong>Moyses</strong></span> <span class='ocrx_word' id='word_1_814' title='bbox 2762 3968 2773 4002; x_wconf 91' lang='lat'>:</span> <span class='ocrx_word' id='word_1_815' title='bbox 2807 3948 2947 4002; x_wconf 85' lang='lat' dir='ltr'><strong>Deus</strong></span> <span class='ocrx_word' id='word_1_816' title='bbox 2974 3960 3139 4001; x_wconf 77' lang='lat' dir='ltr'><strong>noster</strong></span> <span class='ocrx_word' id='word_1_817' title='bbox 3168 3950 3296 4018; x_wconf 86' lang='lat' dir='ltr'><strong>ignis</strong></span> <span class='ocrx_word' id='word_1_818' title='bbox 3324 3965 3507 4001; x_wconf 83' lang='lat' dir='ltr'><strong>consu-</strong></span> 
     </span>
    </p>
   </div>
   <div class='ocr_carea' id='block_1_103' title="bbox 1913 4042 3505 4115">
    <p class='ocr_par' dir='ltr' id='par_1_103' title="bbox 1913 4042 3505 4115">
     <span class='ocr_line' id='line_1_103' title="bbox 1913 4042 3505 4115; baseline -0.001 -20"><span class='ocrx_word' id='word_1_819' title='bbox 1913 4062 2050 4096; x_wconf 83' lang='lat' dir='ltr'><strong>mens</strong></span> <span class='ocrx_word' id='word_1_820' title='bbox 2078 4044 2095 4115; x_wconf 96' lang='lat'><strong>(</strong></span> <span class='ocrx_word' id='word_1_821' title='bbox 2119 4044 2267 4097; x_wconf 89' lang='lat' dir='ltr'><strong>Deut.</strong></span> <span class='ocrx_word' id='word_1_822' title='bbox 2298 4045 2352 4097; x_wconf 71' lang='grc'>4.</span> <span class='ocrx_word' id='word_1_823' title='bbox 2385 4044 2512 4113; x_wconf 68' lang='grc'>21).</span> <span class='ocrx_word' id='word_1_824' title='bbox 2538 4042 3007 4110; x_wconf 85' lang='lat' dir='ltr'><strong>Salvatorquoqne</strong></span> <span class='ocrx_word' id='word_1_825' title='bbox 3033 4051 3307 4110; x_wconf 86' lang='lat' dir='ltr'><strong>postquam</strong></span> <span class='ocrx_word' id='word_1_826' title='bbox 3342 4057 3505 4093; x_wconf 85' lang='lat' dir='ltr'><strong>vene-</strong></span> 
     </span>
    </p>
   </div>
   <div class='ocr_carea' id='block_1_104' title="bbox 1914 4130 3501 4203">
    <p class='ocr_par' dir='ltr' id='par_1_104' title="bbox 1914 4130 3501 4203">
     <span class='ocr_line' id='line_1_104' title="bbox 1914 4130 3501 4203; baseline -0.003 -16"><span class='ocrx_word' id='word_1_827' title='bbox 1914 4145 1993 4187; x_wconf 85' lang='lat' dir='ltr'><strong>rat</strong></span> <span class='ocrx_word' id='word_1_828' title='bbox 2022 4135 2150 4187; x_wconf 91' lang='lat' dir='ltr'><strong>dicit</strong></span> <span class='ocrx_word' id='word_1_829' title='bbox 2184 4151 2194 4184; x_wconf 91' lang='lat'>:</span> <span class='ocrx_word' id='word_1_830' title='bbox 2226 4132 2405 4203; x_wconf 86' lang='lat' dir='ltr'><strong>Ignem</strong></span> <span class='ocrx_word' id='word_1_831' title='bbox 2428 4135 2535 4186; x_wconf 86' lang='lat' dir='ltr'><strong>veni</strong></span> <span class='ocrx_word' id='word_1_832' title='bbox 2556 4134 2746 4185; x_wconf 81' lang='lat' dir='ltr'><strong>mittere</strong></span> <span class='ocrx_word' id='word_1_833' title='bbox 2777 4134 2827 4184; x_wconf 89' lang='lat' dir='ltr'><strong>in</strong></span> <span class='ocrx_word' id='word_1_834' title='bbox 2856 4133 3073 4200; x_wconf 85' lang='lat' dir='ltr'><strong>terram(</strong></span> <span class='ocrx_word' id='word_1_835' title='bbox 3100 4131 3226 4184; x_wconf 89' lang='lat' dir='ltr'><strong>Luc.</strong></span> <span class='ocrx_word' id='word_1_836' title='bbox 3262 4130 3347 4183; x_wconf 73' lang='grc'><strong>12.</strong></span> <span class='ocrx_word' id='word_1_837' title='bbox 3372 4132 3439 4184; x_wconf 70' lang='grc'><strong>49</strong></span> <span class='ocrx_word' id='word_1_838' title='bbox 3464 4136 3501 4197; x_wconf 94' lang='grc'><strong>).</strong></span> 
     </span>
    </p>
   </div>
   <div class='ocr_carea' id='block_1_105' title="bbox 1912 4223 3501 4292">
    <p class='ocr_par' dir='ltr' id='par_1_105' title="bbox 1912 4223 3501 4292">
     <span class='ocr_line' id='line_1_105' title="bbox 1912 4223 3501 4292; baseline -0.001 -16"><span class='ocrx_word' id='word_1_839' title='bbox 1912 4224 2141 4277; x_wconf 83' lang='lat' dir='ltr'><strong>Adhibct</strong></span> <span class='ocrx_word' id='word_1_840' title='bbox 2168 4223 2343 4292; x_wconf 88' lang='lat' dir='ltr'><strong>itaque</strong></span> <span class='ocrx_word' id='word_1_841' title='bbox 2368 4238 2559 4277; x_wconf 88' lang='lat' dir='ltr'><strong>nomen</strong></span> <span class='ocrx_word' id='word_1_842' title='bbox 2590 4223 2665 4275; x_wconf 88' lang='lat' dir='ltr'><strong>rei</strong></span> <span class='ocrx_word' id='word_1_843' title='bbox 2693 4230 3129 4275; x_wconf 90' lang='lat' dir='ltr'><strong>consentaneum.</strong></span> <span class='ocrx_word' id='word_1_844' title='bbox 3157 4223 3501 4289; x_wconf 84' lang='lat' dir='ltr'><strong>Quandoqui-</strong></span> 
     </span>
    </p>
   </div>
   <div class='ocr_carea' id='block_1_106' title="bbox 1911 4312 3507 4383">
    <p class='ocr_par' dir='ltr' id='par_1_106' title="bbox 1911 4312 3507 4383">
     <span class='ocr_line' id='line_1_106' title="bbox 1911 4312 3507 4383; baseline 0 -17"><span class='ocrx_word' id='word_1_845' title='bbox 1911 4314 2032 4367; x_wconf 89' lang='lat' dir='ltr'><strong>dem</strong></span> <span class='ocrx_word' id='word_1_846' title='bbox 2091 4312 2247 4383; x_wconf 71' lang='lat' dir='ltr'><strong>ignis,</strong></span> <span class='ocrx_word' id='word_1_847' title='bbox 2295 4322 2353 4366; x_wconf 92' lang='lat' dir='ltr'><strong>ut</strong></span> <span class='ocrx_word' id='word_1_848' title='bbox 2371 4313 2480 4382; x_wconf 89' lang='lat' dir='ltr'><strong>jam</strong></span> <span class='ocrx_word' id='word_1_849' title='bbox 2512 4313 2641 4377; x_wconf 87' lang='lat' dir='ltr'><strong>dixi,</strong></span> <span class='ocrx_word' id='word_1_850' title='bbox 2672 4328 2733 4365; x_wconf 86' lang='lat' dir='ltr'><strong>ex</strong></span> <span class='ocrx_word' id='word_1_851' title='bbox 2779 4327 2943 4381; x_wconf 83' lang='lat' dir='ltr'><strong>parvo</strong></span> <span class='ocrx_word' id='word_1_852' title='bbox 2971 4327 3193 4379; x_wconf 87' lang='lat' dir='ltr'><strong>magnus</strong></span> <span class='ocrx_word' id='word_1_853' title='bbox 3223 4312 3421 4377; x_wconf 88' lang='lat' dir='ltr'><strong>evadit,</strong></span> <span class='ocrx_word' id='word_1_854' title='bbox 3453 4325 3507 4366; x_wconf 91' lang='lat' dir='ltr'><strong>et</strong></span> 
     </span>
    </p>
   </div>
   <div class='ocr_carea' id='block_1_107' title="bbox 1911 4403 3508 4473">
    <p class='ocr_par' dir='ltr' id='par_1_107' title="bbox 1911 4403 3508 4473">
     <span class='ocr_line' id='line_1_107' title="bbox 1911 4403 3508 4473; baseline 0.001 -17"><span class='ocrx_word' id='word_1_855' title='bbox 1911 4403 2072 4459; x_wconf 86' lang='lat' dir='ltr'><strong>homo</strong></span> <span class='ocrx_word' id='word_1_856' title='bbox 2093 4419 2121 4457; x_wconf 89' lang='lat' dir='ltr'><strong>a</strong></span> <span class='ocrx_word' id='word_1_857' title='bbox 2170 4419 2339 4473; x_wconf 89' lang='lat' dir='ltr'><strong>parvo</strong></span> <span class='ocrx_word' id='word_1_858' title='bbox 2382 4404 2565 4458; x_wconf 82' lang='lat' dir='ltr'><strong>orbein</strong></span> <span class='ocrx_word' id='word_1_859' title='bbox 2602 4413 2862 4457; x_wconf 89' lang='lat' dir='ltr'><strong>terrarum</strong></span> <span class='ocrx_word' id='word_1_860' title='bbox 2894 4403 3149 4472; x_wconf 84' lang='lat' dir='ltr'><strong>implevit,</strong></span> <span class='ocrx_word' id='word_1_861' title='bbox 3178 4414 3394 4456; x_wconf 79' lang='lat' dir='ltr'><strong>vocatus</strong></span> <span class='ocrx_word' id='word_1_862' title='bbox 3426 4419 3508 4457; x_wconf 79' lang='lat' dir='ltr'><strong>est</strong></span> 
     </span>
    </p>
   </div>
   <div class='ocr_carea' id='block_1_108' title="bbox 1912 4495 3503 4564">
    <p class='ocr_par' dir='ltr' id='par_1_108' title="bbox 1912 4495 3503 4564">
     <span class='ocr_line' id='line_1_108' title="bbox 1912 4495 3503 4564; baseline 0.001 -16"><span class='ocrx_word' id='word_1_863' title='bbox 1912 4496 2071 4549; x_wconf 87' lang='lat' dir='ltr'><strong>homo</strong></span> <span class='ocrx_word' id='word_1_864' title='bbox 2118 4495 2283 4564; x_wconf 82' lang='lat' dir='ltr'><strong>ignis,</strong></span> <span class='ocrx_word' id='word_1_865' title='bbox 2316 4511 2410 4563; x_wconf 88' lang='lat' dir='ltr'><strong>per</strong></span> <span class='ocrx_word' id='word_1_866' title='bbox 2437 4496 2586 4558; x_wconf 83' lang='lat' dir='ltr'><strong>illud,</strong></span> <span class='ocrx_word' id='word_1_867' title='bbox 2622 4495 2894 4547; x_wconf 77' lang='lat' dir='ltr'><strong>Faciamus</strong></span> <span class='ocrx_word' id='word_1_868' title='bbox 2923 4497 3174 4548; x_wconf 78' lang='lat' dir='ltr'><strong>hominem</strong></span> <span class='ocrx_word' id='word_1_869' title='bbox 3198 4513 3212 4548; x_wconf 89' lang='grc'>.·</span> <span class='ocrx_word' id='word_1_870' title='bbox 3244 4514 3362 4549; x_wconf 87' lang='lat' dir='ltr'><strong>nant</strong></span> <span class='ocrx_word' id='word_1_871' title='bbox 3396 4497 3503 4550; x_wconf 63' lang='grc' dir='ltr'><strong>Ην-</strong></span> 
     </span>
    </p>
   </div>
   <div class='ocr_carea' id='block_1_109' title="bbox 1910 4588 2755 4660">
    <p class='ocr_par' dir='ltr' id='par_1_109' title="bbox 1910 4588 2755 4660">
     <span class='ocr_line' id='line_1_109' title="bbox 1910 4588 2755 4660; baseline 0 -19"><span class='ocrx_word' id='word_1_872' title='bbox 1910 4588 2088 4643; x_wconf 87' lang='lat' dir='ltr'><strong>braice</strong></span> <span class='ocrx_word' id='word_1_873' title='bbox 2111 4598 2194 4643; x_wconf 92' lang='lat' dir='ltr'><strong>est</strong></span> <span class='ocrx_word' id='word_1_874' title='bbox 2222 4606 2233 4641; x_wconf 91' lang='lat'>:</span> <span class='ocrx_word' id='word_1_875' title='bbox 2269 4588 2545 4642; x_wconf 80' lang='lat' dir='ltr'><strong>Faciamus</strong></span> <span class='ocrx_word' id='word_1_876' title='bbox 2574 4592 2755 4660; x_wconf 80' lang='lat' dir='ltr'><strong>ignem.</strong></span> 
     </span>
    </p>
   </div>
   <div class='ocr_carea' id='block_1_110' title="bbox 1980 4681 3493 4752">
    <p class='ocr_par' dir='ltr' id='par_1_110' title="bbox 1980 4681 3493 4752">
     <span class='ocr_line' id='line_1_110' title="bbox 1980 4681 3493 4752; baseline 0 -15"><span class='ocrx_word' id='word_1_877' title='bbox 1980 4681 2166 4737; x_wconf 87' lang='lat' dir='ltr'><strong>Contra</strong></span> <span class='ocrx_word' id='word_1_878' title='bbox 2184 4682 2723 4752; x_wconf 80' lang='lat' dir='ltr'><strong>Ant/tropomorpltitns</strong></span> <span class='ocrx_word' id='word_1_879' title='bbox 2745 4699 2760 4735; x_wconf 92' lang='lat'><em>:</em></span> <span class='ocrx_word' id='word_1_880' title='bbox 2780 4684 2913 4736; x_wconf 72' lang='lat' dir='ltr'><strong>Deus</strong></span> <span class='ocrx_word' id='word_1_881' title='bbox 2932 4701 3031 4736; x_wconf 91' lang='lat' dir='ltr'><strong>non</strong></span> <span class='ocrx_word' id='word_1_882' title='bbox 3051 4685 3493 4737; x_wconf 72' lang='lat' dir='ltr'><strong>Cll&#39;CltlltSCl‘lllllttl&#39;.</strong></span> 
     </span>
    </p>
   </div>
   <div class='ocr_carea' id='block_1_111' title="bbox 1908 4774 3498 4846">
    <p class='ocr_par' dir='ltr' id='par_1_111' title="bbox 1908 4774 3498 4846">
     <span class='ocr_line' id='line_1_111' title="bbox 1908 4774 3498 4846; baseline 0.003 -20"><span class='ocrx_word' id='word_1_883' title='bbox 1908 4806 1977 4813; x_wconf 90' lang='lat'><strong>—-</strong></span> <span class='ocrx_word' id='word_1_884' title='bbox 2004 4774 2278 4828; x_wconf 83' lang='lat' dir='ltr'><strong>Faciamus</strong></span> <span class='ocrx_word' id='word_1_885' title='bbox 2324 4777 2576 4829; x_wconf 79' lang='lat' dir='ltr'><strong>hominem</strong></span> <span class='ocrx_word' id='word_1_886' title='bbox 2622 4778 2690 4828; x_wconf 87' lang='lat' dir='ltr'><strong>ad</strong></span> <span class='ocrx_word' id='word_1_887' title='bbox 2737 4779 3007 4846; x_wconf 82' lang='lat' dir='ltr'><strong>imaginem</strong></span> <span class='ocrx_word' id='word_1_888' title='bbox 3057 4788 3302 4829; x_wconf 87' lang='lat' dir='ltr'><strong>nostram.</strong></span> <span class='ocrx_word' id='word_1_889' title='bbox 3350 4777 3498 4830; x_wconf 83' lang='lat' dir='ltr'><strong>Multi</strong></span> 
     </span>
    </p>
   </div>
   <div class='ocr_carea' id='block_1_112' title="bbox 1909 4867 3500 4935">
    <p class='ocr_par' dir='ltr' id='par_1_112' title="bbox 1909 4867 3500 4935">
     <span class='ocr_line' id='line_1_112' title="bbox 1909 4867 3500 4935; baseline 0.001 -16"><span class='ocrx_word' id='word_1_890' title='bbox 1909 4867 2191 4920; x_wconf 79' lang='lat' dir='ltr'><strong>stultorum</strong></span> <span class='ocrx_word' id='word_1_891' title='bbox 2214 4876 2265 4919; x_wconf 92' lang='lat' dir='ltr'><strong>et</strong></span> <span class='ocrx_word' id='word_1_892' title='bbox 2290 4867 2653 4933; x_wconf 89' lang='lat' dir='ltr'><strong>imperitorum</strong></span> <span class='ocrx_word' id='word_1_893' title='bbox 2677 4877 2947 4935; x_wconf 87' lang='lat' dir='ltr'><strong>putarunt,</strong></span> <span class='ocrx_word' id='word_1_894' title='bbox 2975 4867 3244 4920; x_wconf 89' lang='lat' dir='ltr'><strong>hominem</strong></span> <span class='ocrx_word' id='word_1_895' title='bbox 3274 4868 3339 4921; x_wconf 89' lang='lat' dir='ltr'><strong>ad</strong></span> <span class='ocrx_word' id='word_1_896' title='bbox 3368 4869 3500 4921; x_wconf 81' lang='lat' dir='ltr'><strong>ima-</strong></span> 
     </span>
    </p>
   </div>
   <div class='ocr_carea' id='block_1_113' title="bbox 1907 4957 3495 5027">
    <p class='ocr_par' dir='ltr' id='par_1_113' title="bbox 1907 4957 3495 5027">
     <span class='ocr_line' id='line_1_113' title="bbox 1907 4957 3495 5027; baseline 0.001 -18"><span class='ocrx_word' id='word_1_897' title='bbox 1907 4958 2084 5027; x_wconf 88' lang='lat' dir='ltr'><strong>ginem</strong></span> <span class='ocrx_word' id='word_1_898' title='bbox 2111 4958 2203 5011; x_wconf 91' lang='lat' dir='ltr'><strong>Dei</strong></span> <span class='ocrx_word' id='word_1_899' title='bbox 2235 4972 2373 5020; x_wconf 81' lang='lat' dir='ltr'><strong>esse,</strong></span> <span class='ocrx_word' id='word_1_900' title='bbox 2406 4957 2545 5026; x_wconf 90' lang='lat' dir='ltr'><strong>quod</strong></span> <span class='ocrx_word' id='word_1_901' title='bbox 2582 4957 2719 5010; x_wconf 90' lang='lat' dir='ltr'><strong>Deus</strong></span> <span class='ocrx_word' id='word_1_902' title='bbox 2750 4973 2905 5011; x_wconf 89' lang='lat' dir='ltr'><strong>nares</strong></span> <span class='ocrx_word' id='word_1_903' title='bbox 2937 4957 3147 5021; x_wconf 84' lang='lat' dir='ltr'><strong>habeat,</strong></span> <span class='ocrx_word' id='word_1_904' title='bbox 3174 4971 3257 5010; x_wconf 90' lang='lat' dir='ltr'><strong>aut</strong></span> <span class='ocrx_word' id='word_1_905' title='bbox 3292 4960 3495 5022; x_wconf 84' lang='lat' dir='ltr'><strong>oculos,</strong></span> 
     </span>
    </p>
   </div>
   <div class='ocr_carea' id='block_1_114' title="bbox 1909 5048 3495 5112">
    <p class='ocr_par' dir='ltr' id='par_1_114' title="bbox 1909 5048 3495 5112">
     <span class='ocr_line' id='line_1_114' title="bbox 1909 5048 3495 5112; baseline 0.003 -14"><span class='ocrx_word' id='word_1_906' title='bbox 1909 5048 1991 5102; x_wconf 86' lang='lat' dir='ltr'><strong>vel</strong></span> <span class='ocrx_word' id='word_1_907' title='bbox 2021 5062 2195 5109; x_wconf 90' lang='lat' dir='ltr'><strong>aures,</strong></span> <span class='ocrx_word' id='word_1_908' title='bbox 2229 5048 2307 5100; x_wconf 86' lang='lat' dir='ltr'><strong>vel</strong></span> <span class='ocrx_word' id='word_1_909' title='bbox 2339 5062 2420 5112; x_wconf 89' lang='lat' dir='ltr'><strong>os,</strong></span> <span class='ocrx_word' id='word_1_910' title='bbox 2451 5058 2504 5099; x_wconf 95' lang='lat' dir='ltr'><strong>ut</strong></span> <span class='ocrx_word' id='word_1_911' title='bbox 2531 5062 2627 5100; x_wconf 91' lang='lat' dir='ltr'><strong>nos</strong></span> <span class='ocrx_word' id='word_1_912' title='bbox 2660 5048 2917 5101; x_wconf 89' lang='lat' dir='ltr'><strong>habemus</strong></span> <span class='ocrx_word' id='word_1_913' title='bbox 2948 5065 2959 5099; x_wconf 89' lang='lat'><strong>:</strong></span> <span class='ocrx_word' id='word_1_914' title='bbox 2991 5058 3044 5101; x_wconf 89' lang='lat' dir='ltr'><strong>at</strong></span> <span class='ocrx_word' id='word_1_915' title='bbox 3076 5049 3204 5101; x_wconf 74' lang='lat' dir='ltr'><strong>falsa</strong></span> <span class='ocrx_word' id='word_1_916' title='bbox 3236 5050 3495 5102; x_wconf 86' lang='lat' dir='ltr'><strong>absurda-</strong></span> 
     </span>
    </p>
   </div>
   <div class='ocr_carea' id='block_1_115' title="bbox 1906 5139 3496 5209">
    <p class='ocr_par' dir='ltr' id='par_1_115' title="bbox 1906 5139 3496 5209">
     <span class='ocr_line' id='line_1_115' title="bbox 1906 5139 3496 5209; baseline 0.001 -17"><span class='ocrx_word' id='word_1_917' title='bbox 1906 5155 2007 5207; x_wconf 89' lang='lat' dir='ltr'><strong>que</strong></span> <span class='ocrx_word' id='word_1_918' title='bbox 2031 5149 2109 5192; x_wconf 84' lang='lat' dir='ltr'><strong>est</strong></span> <span class='ocrx_word' id='word_1_919' title='bbox 2140 5140 2255 5193; x_wconf 66' lang='lat'><strong>111130</strong></span> <span class='ocrx_word' id='word_1_920' title='bbox 2283 5139 2482 5207; x_wconf 89' lang='lat' dir='ltr'><strong>opinio.</strong></span> <span class='ocrx_word' id='word_1_921' title='bbox 2507 5139 2705 5207; x_wconf 82' lang='lat' dir='ltr'><strong>Estque</strong></span> <span class='ocrx_word' id='word_1_922' title='bbox 2734 5140 2991 5193; x_wconf 88' lang='lat' dir='ltr'><strong>hactenus</strong></span> <span class='ocrx_word' id='word_1_923' title='bbox 3024 5140 3243 5194; x_wconf 81' lang='lat' dir='ltr'><strong>lia-rosis</strong></span> <span class='ocrx_word' id='word_1_924' title='bbox 3270 5158 3386 5209; x_wconf 76' lang='lat' dir='ltr'><strong>qua:</strong></span> <span class='ocrx_word' id='word_1_925' title='bbox 3420 5141 3496 5194; x_wconf 84' lang='lat' dir='ltr'><strong>di-</strong></span> 
     </span>
    </p>
   </div>
   <div class='ocr_carea' id='block_1_116' title="bbox 1906 5232 3492 5301">
    <p class='ocr_par' dir='ltr' id='par_1_116' title="bbox 1906 5232 3492 5301">
     <span class='ocr_line' id='line_1_116' title="bbox 1906 5232 3492 5301; baseline 0.003 -18"><span class='ocrx_word' id='word_1_926' title='bbox 1906 5233 1975 5284; x_wconf 89' lang='lat' dir='ltr'><strong>cit</strong></span> <span class='ocrx_word' id='word_1_927' title='bbox 2014 5232 2219 5285; x_wconf 85' lang='lat' dir='ltr'><strong>Numen</strong></span> <span class='ocrx_word' id='word_1_928' title='bbox 2260 5232 2494 5284; x_wconf 89' lang='lat' dir='ltr'><strong>divimnn</strong></span> <span class='ocrx_word' id='word_1_929' title='bbox 2546 5232 2776 5284; x_wconf 90' lang='lat' dir='ltr'><strong>hominis</strong></span> <span class='ocrx_word' id='word_1_930' title='bbox 2822 5232 3046 5286; x_wconf 79' lang='lat' dir='ltr'><strong>formam</strong></span> <span class='ocrx_word' id='word_1_931' title='bbox 3098 5234 3314 5287; x_wconf 89' lang='lat' dir='ltr'><strong>habere.</strong></span> <span class='ocrx_word' id='word_1_932' title='bbox 3361 5234 3492 5301; x_wconf 84' lang='lat' dir='ltr'><strong>Quia</strong></span> 
     </span>
    </p>
   </div>
   <div class='ocr_carea' id='block_1_117' title="bbox 1905 5320 3488 5391">
    <p class='ocr_par' dir='ltr' id='par_1_117' title="bbox 1905 5320 3488 5391">
     <span class='ocr_line' id='line_1_117' title="bbox 1905 5320 3488 5391; baseline 0.004 -20"><span class='ocrx_word' id='word_1_933' title='bbox 1905 5323 2045 5372; x_wconf 73' lang='lat' dir='ltr'><strong>enim</strong></span> <span class='ocrx_word' id='word_1_934' title='bbox 2067 5321 2366 5383; x_wconf 87' lang='lat' dir='ltr'><strong>audierunt,</strong></span> <span class='ocrx_word' id='word_1_935' title='bbox 2396 5320 2543 5371; x_wconf 71' lang='lat' dir='ltr'><strong>Oculi</strong></span> <span class='ocrx_word' id='word_1_936' title='bbox 2570 5320 2793 5383; x_wconf 88' lang='lat' dir='ltr'><strong>Dontini,</strong></span> <span class='ocrx_word' id='word_1_937' title='bbox 2820 5339 2963 5375; x_wconf 81' lang='lat' dir='ltr'><strong>aures</strong></span> <span class='ocrx_word' id='word_1_938' title='bbox 2992 5323 3189 5375; x_wconf 87' lang='lat' dir='ltr'><strong>Domini</strong></span> <span class='ocrx_word' id='word_1_939' title='bbox 3210 5323 3379 5391; x_wconf 80' lang='lat' dir='ltr'><strong>(Psal.</strong></span> <span class='ocrx_word' id='word_1_940' title='bbox 3403 5326 3488 5378; x_wconf 68' lang='lat'><strong>.35.</strong></span> 
     </span>
    </p>
   </div>
   <div class='ocr_carea' id='block_1_118' title="bbox 1906 5410 3490 5483">
    <p class='ocr_par' dir='ltr' id='par_1_118' title="bbox 1906 5410 3490 5483">
     <span class='ocr_line' id='line_1_118' title="bbox 1906 5410 3490 5483; baseline 0.003 -21"><span class='ocrx_word' id='word_1_941' title='bbox 1906 5410 2015 5478; x_wconf 78' lang='grc'>16),</span> <span class='ocrx_word' id='word_1_942' title='bbox 2059 5420 2130 5473; x_wconf 82' lang='lat' dir='ltr'><strong>cl,</strong></span> <span class='ocrx_word' id='word_1_943' title='bbox 2179 5411 2433 5463; x_wconf 80' lang='lat' dir='ltr'><strong>()tloratus</strong></span> <span class='ocrx_word' id='word_1_944' title='bbox 2472 5425 2540 5461; x_wconf 75' lang='lat' dir='ltr'><strong>cst</strong></span> <span class='ocrx_word' id='word_1_945' title='bbox 2582 5410 2828 5463; x_wconf 62' lang='lat' dir='ltr'><strong>Dondnus</strong></span> <span class='ocrx_word' id='word_1_946' title='bbox 2872 5412 3019 5477; x_wconf 67' lang='lat' dir='ltr'><strong>(lien.</strong></span> <span class='ocrx_word' id='word_1_947' title='bbox 3058 5414 3109 5467; x_wconf 85' lang='lat'><strong>8.</strong></span> <span class='ocrx_word' id='word_1_948' title='bbox 3150 5416 3263 5483; x_wconf 79' lang='lat'><strong>‘21),</strong></span> <span class='ocrx_word' id='word_1_949' title='bbox 3297 5426 3369 5480; x_wconf 88' lang='lat' dir='ltr'><strong>ct,</strong></span> <span class='ocrx_word' id='word_1_950' title='bbox 3422 5419 3490 5467; x_wconf 72' lang='lat' dir='ltr'><strong>Us</strong></span> 
     </span>
    </p>
   </div>
   <div class='ocr_carea' id='block_1_119' title="bbox 1908 5504 3490 5575">
    <p class='ocr_par' dir='ltr' id='par_1_119' title="bbox 1908 5504 3490 5575">
     <span class='ocr_line' id='line_1_119' title="bbox 1908 5504 3490 5575; baseline 0.005 -22"><span class='ocrx_word' id='word_1_951' title='bbox 1908 5504 2110 5556; x_wconf 85' lang='lat' dir='ltr'><strong>Domini</strong></span> <span class='ocrx_word' id='word_1_952' title='bbox 2139 5505 2397 5571; x_wconf 84' lang='lat' dir='ltr'><strong>loquutum</strong></span> <span class='ocrx_word' id='word_1_953' title='bbox 2428 5514 2496 5556; x_wconf 72' lang='lat' dir='ltr'><strong>est</strong></span> <span class='ocrx_word' id='word_1_954' title='bbox 2525 5505 2673 5569; x_wconf 82' lang='lat' dir='ltr'><strong>(lsui.</strong></span> <span class='ocrx_word' id='word_1_955' title='bbox 2712 5506 2758 5556; x_wconf 89' lang='lat'><strong>1.</strong></span> <span class='ocrx_word' id='word_1_956' title='bbox 2794 5505 2909 5573; x_wconf 71' lang='grc'>20),</span> <span class='ocrx_word' id='word_1_957' title='bbox 2937 5516 3007 5569; x_wconf 80' lang='lat' dir='ltr'><strong>et,</strong></span> <span class='ocrx_word' id='word_1_958' title='bbox 3037 5506 3220 5559; x_wconf 77' lang='lat' dir='ltr'><strong>Munus</strong></span> <span class='ocrx_word' id='word_1_959' title='bbox 3254 5507 3343 5560; x_wconf 66' lang='lat' dir='ltr'><strong>Dt&#39;l</strong></span> <span class='ocrx_word' id='word_1_960' title='bbox 3373 5512 3490 5575; x_wconf 63' lang='lat' dir='ltr'><strong>[erit</strong></span> 
     </span>
    </p>
   </div>
   <div class='ocr_carea' id='block_1_120' title="bbox 1903 5594 3493 5668">
    <p class='ocr_par' dir='ltr' id='par_1_120' title="bbox 1903 5594 3493 5668">
     <span class='ocr_line' id='line_1_120' title="bbox 1903 5594 3493 5668; baseline 0.005 -22"><span class='ocrx_word' id='word_1_961' title='bbox 1903 5594 2046 5661; x_wconf 70' lang='lat' dir='ltr'><strong>(Jul).</strong></span> <span class='ocrx_word' id='word_1_962' title='bbox 2096 5596 2179 5649; x_wconf 72' lang='grc'><strong>12.</strong></span> <span class='ocrx_word' id='word_1_963' title='bbox 2213 5596 2283 5663; x_wconf 77' lang='grc'><strong>9),</strong></span> <span class='ocrx_word' id='word_1_964' title='bbox 2334 5607 2404 5660; x_wconf 74' lang='lat' dir='ltr'><strong>cl,</strong></span> <span class='ocrx_word' id='word_1_965' title='bbox 2445 5595 2602 5647; x_wconf 65' lang='lat' dir='ltr'><strong>Pelles</strong></span> <span class='ocrx_word' id='word_1_966' title='bbox 2638 5596 2729 5647; x_wconf 80' lang='lat' dir='ltr'><strong>Dei</strong></span> <span class='ocrx_word' id='word_1_967' title='bbox 2772 5608 3009 5651; x_wconf 84' lang='lat' dir='ltr'><strong>ste/erunt</strong></span> <span class='ocrx_word' id='word_1_968' title='bbox 3042 5600 3210 5668; x_wconf 75' lang='lat' dir='ltr'><strong>(l’sal.</strong></span> <span class='ocrx_word' id='word_1_969' title='bbox 3264 5604 3377 5654; x_wconf 77' lang='grc'>151.</span> <span class='ocrx_word' id='word_1_970' title='bbox 3409 5604 3493 5662; x_wconf 79' lang='lat'><strong>7).</strong></span> 
     </span>
    </p>
   </div>
   <div class='ocr_carea' id='block_1_121' title="bbox 1904 5688 3489 5758">
    <p class='ocr_par' dir='ltr' id='par_1_121' title="bbox 1904 5688 3489 5758">
     <span class='ocr_line' id='line_1_121' title="bbox 1904 5688 3489 5758; baseline 0.002 -20"><span class='ocrx_word' id='word_1_971' title='bbox 1904 5690 2277 5754; x_wconf 85' lang='lat' dir='ltr'><strong>incorporeum</strong></span> <span class='ocrx_word' id='word_1_972' title='bbox 2320 5705 2438 5740; x_wconf 78' lang='lat' dir='ltr'><strong>t&#39;llltl</strong></span> <span class='ocrx_word' id='word_1_973' title='bbox 2491 5688 2745 5742; x_wconf 84' lang='lat' dir='ltr'><strong>membris</strong></span> <span class='ocrx_word' id='word_1_974' title='bbox 2790 5689 3161 5758; x_wconf 73' lang='lat' dir='ltr'><strong>depinxerunt.</strong></span> <span class='ocrx_word' id='word_1_975' title='bbox 3211 5698 3489 5747; x_wconf 55' lang='lat' dir='ltr'><strong>senti-nti.»</strong></span> 
     </span>
    </p>
   </div>
   <div class='ocr_carea' id='block_1_122' title="bbox 1906 5777 3488 5848">
    <p class='ocr_par' dir='ltr' id='par_1_122' title="bbox 1906 5777 3488 5848">
     <span class='ocr_line' id='line_1_122' title="bbox 1906 5777 3488 5848; baseline 0.007 -20"><span class='ocrx_word' id='word_1_976' title='bbox 1906 5777 2280 5834; x_wconf 78' lang='lat' dir='ltr'><strong>absurditalem</strong></span> <span class='ocrx_word' id='word_1_977' title='bbox 2321 5796 2424 5832; x_wconf 85' lang='lat' dir='ltr'><strong>non</strong></span> <span class='ocrx_word' id='word_1_978' title='bbox 2464 5781 2835 5847; x_wconf 63' lang='lat' dir='ltr'><strong>percipientes.</strong></span> <span class='ocrx_word' id='word_1_979' title='bbox 2871 5781 3003 5835; x_wconf 66' lang='lat' dir='ltr'><strong>Dicit</strong></span> <span class='ocrx_word' id='word_1_980' title='bbox 3042 5783 3199 5848; x_wconf 70' lang='lat' dir='ltr'><strong>Deus,</strong></span> <span class='ocrx_word' id='word_1_981' title='bbox 3233 5794 3285 5837; x_wconf 88' lang='lat' dir='ltr'><strong>ut</strong></span> <span class='ocrx_word' id='word_1_982' title='bbox 3315 5785 3488 5839; x_wconf 63' lang='lat' dir='ltr'><strong>dist-as</strong></span> 
     </span>
    </p>
   </div>
  </div>
