3984 6458
415 388 530 445 475

418 487 621 541 nullam
661 486 894 543 hominis
935 502 1058 542 cum
1089 487 1200 541 Deo
1239 500 1364 542 esse
1387 485 1815 554 similitudinem,
1842 504 2013 559 quau-

419 588 530 634 tum
561 578 766 635 scilicet
797 579 864 634 ad
892 579 1226 648 corporalem
1265 578 1524 649 speciem.
1552 579 1668 634 Non
1699 582 1843 636 enim
1871 579 2012 635 hanc

417 689 603 728 vocem
632 674 783 740 tollo,
817 672 1095 728 Faciamus
1123 674 1377 728 hominem
1405 675 1474 727 ad
1493 673 1784 744 imaginem.
1817 673 2014 729 Verum

417 765 843 820 demonstratum
865 775 970 833 est,
993 765 1268 835 quomodo
1289 765 1356 820 ad
1377 766 1652 837 imaginem
1676 766 1822 821 dicat
1850 767 2011 821 Deus.

416 858 612 914 Certum
638 867 683 912 et
710 867 897 913 terram
937 877 1029 927 ego
1069 859 1277 928 impleo,
1310 859 1433 912 dicit
1475 858 1727 914 Dominus
1759 859 1891 929 (Jer.
1920 857 2013 914 25.

412 951 532 1024 24).
575 951 784 1008 Rursus
813 953 956 1011 idem
985 969 1002 1004 :
1030 951 1222 1007 Culum
1267 952 1392 1005 mihi
1419 951 1637 1017 solium;
1684 963 1820 1006 terra
1847 961 2018 1004 autem

414 1042 696 1097 scabellum
725 1041 911 1110 pedum
953 1059 1182 1098 meorum
1217 1042 1374 1114 (lsai.
1407 1041 1499 1096 66.
1533 1041 1610 1113 1).
1649 1042 2017 1101 Vocesnese-

413 1147 645 1203 quemur
665 1133 689 1186 ἲ
713 1133 1084 1190 serviemusne
1125 1135 1342 1190 literte?
1370 1135 1476 1191 Sed
1514 1151 1638 1206 qure
1668 1134 1794 1190 hinc
1821 1148 2018 1191 conse-

414 1235 653 1296 quuntur
691 1242 783 1282 me
825 1227 1170 1297 redarguerit.
1212 1227 1494 1300 Quomodo
1528 1226 1777 1296 cogitabo
1823 1225 2015 1284 caelum

413 1318 607 1373 solium
647 1318 810 1373 esse?
848 1318 1054 1374 Solium
1095 1320 1472 1389 complectitur
1512 1317 1829 1382 sedentem;
1876 1318 2018 1373 Deus

414 1425 546 1465 vero
571 1425 678 1465 non
711 1410 1193 1468 circumscribitur.
1220 1411 1360 1466 Nihil
1384 1419 1469 1465 est
1500 1411 1644 1465 circa
1685 1410 1895 1475 Deum;
1919 1408 2017 1465 sed

415 1502 532 1572 ipse
576 1503 747 1558 ambit
784 1503 967 1558 omnia
1011 1511 1067 1558 et
1110 1501 1503 1572 circumcingit.
1544 1499 1599 1556 Si
1652 1515 1783 1570 ergo
1823 1500 2014 1555 czelum

414 1593 612 1648 haheat
663 1595 884 1661 solium,
936 1595 1208 1666 quomodo
1259 1595 1449 1649 crelnm
1500 1594 1680 1664 palmo
1726 1594 2018 1651 metietur?

411 1686 686 1756 quomodo
720 1687 875 1741 sedet
917 1688 968 1740 in
1005 1686 1178 1741 caelo?
1205 1685 1399 1741 Caelum
1431 1686 1558 1740 milii
1581 1686 1721 1740 sedes
1759 1694 1855 1750 est,
1882 1694 2018 1739 terra

412 1788 579 1832 autem
605 1778 882 1833 scabellum
909 1779 1097 1849 pedum
1115 1796 1341 1842 mearum
1365 1779 1412 1850 (Ι
1421 1779 1518 1833 sai.
1536 1778 1628 1836 40.
1650 1777 1760 1849 12).
1786 1777 2015 1836 Ubinam

411 1871 605 1926 sedet?
633 1872 689 1926 in
724 1873 858 1927 caelo
889 1871 1033 1943 quod
1067 1872 1376 1928 cernimus?
1405 1871 1590 1928 Stellae
1634 1881 1761 1926 sunt
1789 1871 1891 1928 sub
1925 1870 2018 1926 ﬁr-

415 1973 726 2029 mamento;
767 1980 922 2034 aqute
967 1979 1131 2034 super
1161 1964 1291 2018 illud
1329 1967 1517 2034 positu:
1556 1973 1699 2019 sunt.
1748 1961 1806 2020 Si
1855 1976 2016 2032 supra

412 2054 586 2120 sedet,
632 2070 738 2112 non
784 2071 949 2124 super
987 2057 1171 2120 caalos,
1223 2056 1317 2110 sed
1362 2057 1413 2110 in
1447 2057 1729 2122 superiore
1771 2055 1925 2110 caelo.
1960 2053 2017 2111 Si

413 2146 569 2201 sedet
587 2147 830 2212 omnino,
853 2147 1016 2201 etiam
1047 2146 1210 2216 pedes
1233 2161 1405 2217 usque
1433 2147 1500 2200 ad
1529 2155 1724 2201 terram
1758 2145 2013 2216 pendent.

412 2237 675 2294 Talemne
720 2238 944 2308 figuram
976 2239 1241 2295 adscribis
1279 2238 1357 2302 ei,
1386 2237 1478 2308 qui
1508 2238 1627 2294 sine
1669 2238 1840 2307 ﬁgura
1883 2239 2015 2294 est?

413 2331 609 2384 Annon
639 2329 862 2398 impium
891 2339 974 2384 est
1003 2329 1135 2386 illud
1161 2331 1230 2383 ita
1255 2329 1529 2398 cogitare?
1551 2329 1798 2394 Demum,
1828 2330 1872 2385 si
1901 2330 2017 2399 ejus

414 2419 581 2491 pedes
629 2427 830 2473 terram
866 2421 1094 2481 calcant,
1137 2419 1409 2486 quomodo
1444 2421 1675 2475 serimus
1696 2421 1721 2473 Ἰ
1747 2423 2018 2490 quomodo

415 2512 670 2566 metimus
689 2511 717 2564 ἲ
739 2511 1010 2579 quomodo
1041 2510 1453 2580 pertransimus,
1485 2527 1583 2565 nec
1610 2511 1663 2568 in
1695 2511 1861 2581 pedes
1900 2513 2018 2582 ejus

416 2604 801 2674 impingimus?
845 2602 1131 2669 Quomodo
1171 2603 1362 2658 etclam
1415 2604 1593 2672 palmo
1634 2620 1856 2659 mensus
1894 2605 2021 2660 est?

414 2712 578 2767 quam
609 2711 834 2767 magnos
874 2696 1058 2750 habuit
1084 2695 1281 2766 digitos
1306 2697 1655 2765 proportione
1680 2697 1976 2752 divinitatis
1994 2699 2019 2750 Υ

415 2797 472 2843 et
498 2787 771 2859 quomodo
814 2787 1007 2843 talibus
1049 2787 1232 2857 digitis
1274 2787 1496 2858 exiguas
1537 2788 1746 2844 tabulas
1778 2789 2011 2859 scripsit,

419 2895 595 2949 neque
636 2880 743 2934 illis
793 2879 1080 2949 pluribus?
1109 2879 1218 2934 Nos
1268 2880 1438 2933 tribus
1476 2879 1668 2950 digitis
1708 2881 2015 2946 scribimus,

417 2972 639 3042 reliquis
667 2987 885 3040 operam
910 2971 1342 3035 conferentibus;
1377 2971 1515 3025 Deus
1544 2986 1651 3026 uno
1671 2972 1838 3041 digito
1867 2971 2020 3026 tabu-

419 3067 502 3120 las
530 3066 766 3135 scripsit.
795 3064 1047 3119 Vidistiu’
1075 3064 1309 3134 aliquem
1333 3079 1441 3118 uno
1468 3064 1636 3134 digito
1656 3064 2020 3120 scribentem?

418 3155 558 3211 Sunt
582 3155 698 3209 hzrc
726 3156 895 3224 magis
925 3156 1234 3216 sementim.
1263 3170 1423 3224 quam
1447 3155 1634 3209 verba.

491 3252 546 3304 4.
589 3247 770 3319 Imago
812 3250 906 3302 Dei
935 3265 1130 3314 sumus,
1157 3250 1432 3318 quomodo.
1453 3278 1530 3288 —
1553 3246 1830 3303 Faciamus
1856 3248 2022 3302 homi-

422 3359 538 3395 nem
562 3342 630 3395 ad
656 3343 930 3411 imaginem
956 3350 1202 3395 nostram.
1233 3339 1364 3394 Vult
1392 3341 1532 3395 Deus
1571 3349 1629 3396 ut
1662 3350 1925 3412 quantum
1950 3347 2017 3396 ad

420 3434 675 3488 virtutem
713 3432 919 3486 similes
945 3432 1048 3505 ipsi
1071 3433 1260 3486 simus.
1284 3431 1422 3497 Quid
1449 3443 1552 3498 est,
1594 3433 1679 3487 Ad
1707 3434 2019 3504 imaginem!

426 3525 567 3579 Deus
600 3536 817 3579 sanctus
862 3535 980 3590 est;
1023 3525 1067 3578 si
1101 3525 1270 3579 sancti
1315 3523 1589 3590 fuerimus,
1623 3525 1690 3579 ad
1731 3526 2017 3592 imaginem

425 3616 520 3670 Dei
548 3631 753 3671 sumus.
788 3616 940 3681 Nam,
981 3615 1158 3669 Estote
1190 3617 1371 3680 sancti,
1402 3618 1520 3686 quia
1549 3634 1639 3688 ego
1665 3629 1871 3671 sanctus
1909 3635 2023 3672 sum

427 3707 610 3780 (Leuit.
657 3708 744 3763 19.
790 3707 871 3776 2).
906 3708 1046 3762 Deus
1071 3708 1252 3777 justus
1296 3715 1417 3772 est;
1461 3709 1505 3762 si
1534 3709 1796 3777 justitiam
1842 3718 2023 3765 secte-

425 3817 567 3867 mur,
602 3801 778 3870 imago
807 3800 899 3854 Dei
928 3814 1135 3854 smnus.
1182 3798 1312 3852 Nam
1341 3799 1521 3852 Justus
1547 3799 1818 3864 Dominus,
1869 3810 1916 3853 et
1931 3801 2025 3868 ju-

425 3899 616 3951 stitiam
646 3895 823 3955 dilexit
870 3893 1042 3962 (Psal.
1079 3893 1164 3948 lO.
1194 3893 1273 3962 8).
1319 3893 1376 3948 Si
1419 3893 1802 3948 misericordes
1829 3894 2020 3960 simus,

423 3991 602 4058 imago
632 4001 822 4042 sumus
849 3986 963 4041 Dei.
989 3986 1077 4040 Ait
1103 3987 1246 4041 enim
1286 3985 1544 4040 Servatur
1573 4004 1586 4040 :
1617 3984 1794 4040 Estote
1823 3985 2024 4040 miseri-

427 4081 628 4146 cordes,
668 4081 796 4134 sicut
828 4077 985 4132 Pater
1009 4089 1172 4138 uester
1209 4078 1494 4132 misericors
1534 4089 1608 4131 est
1635 4077 1786 4150 (Luc.
1820 4079 1873 4132 6.
1906 4078 2022 4150 56).

426 4172 591 4229 Vides
636 4189 738 4242 qua
785 4172 838 4225 in
865 4180 1017 4240 parte
1062 4172 1132 4225 sit
1174 4168 1394 4239 imago?
1439 4169 1688 4225 Ostendit
1730 4180 1785 4225 et
1829 4170 2026 4225 Paulus

425 4265 714 4335 imaginem
742 4280 755 4328 ;
782 4263 856 4318 ait
886 4263 1032 4318 enim
1058 4281 1071 4317 :
1097 4262 1284 4318 Exuite
1323 4277 1410 4316 vos
1440 4270 1654 4315 veterem
1695 4261 1949 4314 hominem
1979 4270 2026 4315 et

425 4358 622 4414 induite
645 4373 849 4422 novum,
881 4356 968 4427 qui
983 4355 1263 4410 secundum
1292 4354 1457 4407 Deum
1478 4363 1676 4408 creatus
1698 4365 1773 4407 est
1801 4354 1853 4407 in
1879 4353 2027 4424 agni-

429 4453 563 4505 tione
604 4451 849 4514 veritatis,
902 4449 1182 4504 secundum
1233 4446 1504 4516 imaginem
1551 4447 1661 4514 eius
1705 4447 1794 4516 qui
1839 4445 2027 4500 creavit

428 4563 542 4600 eum
581 4543 716 4618 (Col.
749 4544 802 4597 5.
849 4545 903 4597 9.
944 4541 1058 4611 10).
1102 4539 1266 4595 Vides
1317 4538 1603 4593 virtutibus
1654 4537 1835 4604 tribui,
1882 4535 2025 4606 quod

429 4637 707 4706 Scriptura
751 4635 901 4697 dicit,
953 4632 1035 4685 Ad
1077 4631 1348 4701 imaginem
1389 4629 1653 4683 nostram?
1702 4629 1758 4683 In
1803 4645 1910 4696 quo
1947 4637 2030 4682 est

427 4732 566 4784 ratio
613 4727 896 4798 imaginis?
927 4725 980 4780 In
1010 4733 1274 4795 potestate
1315 4725 1440 4778 item
1468 4741 1481 4776 :
1507 4721 1764 4791 Imperent
1810 4721 2028 4791 piscibus

427 4825 608 4888 maris,
636 4833 683 4876 et
707 4820 997 4875 volatilibus
1024 4819 1156 4883 caeli,
1185 4829 1230 4872 et
1258 4816 1441 4880 bestiis,
1473 4826 1518 4869 et
1546 4815 1830 4886 reptilibus,
1863 4824 1908 4866 et
1931 4819 2027 4884 ju-

428 4917 626 4979 mentis,
656 4926 702 4967 et
747 4915 994 4967 mtiversa:
1021 4921 1166 4965 terra
1193 4906 1350 4979 (Gen.
1395 4911 1447 4966 1.
1489 4909 1603 4979 26).
1636 4908 1683 4963 Ο
1709 4908 1804 4962 Dei
1837 4923 2030 4963 consc-

429 5017 685 5076 quentem
709 5006 989 5060 ordinem!
1021 5018 1054 5057 o
1082 5003 1366 5056 verborum
1394 5009 1698 5056 accuratam
1728 5000 2025 5054 rationem!

430 5099 538 5153 Cur
569 5099 703 5152 dixit
752 5097 923 5166 prius,
972 5093 1192 5149 Praesint
1233 5092 1453 5162 piscibus
1494 5092 1688 5145 maris?
1721 5090 2028 5146 Secundum

430 5190 675 5245 ordinem
733 5187 1023 5241 creationis
1093 5194 1176 5240 est
1235 5184 1371 5239 ordo
1425 5183 1828 5238 dominationis.
1893 5183 2028 5248 Quia

434 5281 590 5349 primi
620 5296 686 5334 ex
721 5279 852 5333 mari
885 5277 1011 5332 facti
1061 5284 1186 5330 sunt
1227 5279 1404 5345 pisces
1453 5285 1508 5330 et
1545 5275 1806 5340 volatilia,
1843 5284 2028 5342 postea

432 5387 564 5427 vero
605 5387 670 5425 ex
704 5381 840 5424 terra
873 5367 1246 5439 quadrupedes
1293 5376 1348 5421 et
1380 5366 1578 5432 reliqua
1623 5381 1836 5434 pecora,
1870 5365 2028 5418 indu-

433 5466 507 5518 cit
538 5464 683 5533 prius
722 5479 782 5515 ea
815 5480 932 5532 qua:
961 5461 1134 5530 priora
1166 5458 1302 5513 facta
1335 5469 1478 5512 sunt.
1525 5457 1751 5510 Ib-tesint
1786 5457 2029 5524 piscibus,

432 5571 478 5612 ct
528 5558 838 5622 volatilibus,
893 5566 940 5609 et
991 5555 1179 5619 bestiis,
1233 5563 1280 5607 et
1346 5550 1628 5622 reptilibus,
1670 5560 1718 5604 et
1759 5549 2029 5619 jumentis.

433 5649 792 5716 Quamobrem
817 5657 926 5702 tres
954 5647 1104 5714 pueri
1139 5645 1519 5701 benedicentes
1547 5644 1597 5697 in
1632 5642 1849 5695 fornace
1878 5639 2033 5693 ordi-

436 5758 558 5799 nem
600 5747 854 5795 servant:
889 5757 906 5789 ι
939 5736 1276 5801 Benedicite,
1329 5736 1495 5789 maria
1537 5741 1591 5788 et
1630 5732 1871 5795 ﬂumina,
1923 5730 2033 5784 Do-

439 5849 606 5892 mino.
652 5833 977 5897 Beucdicilc,
1021 5840 1138 5886 cete
1186 5840 1237 5884 et
1279 5828 1459 5883 omnia
1489 5841 1609 5893 qua:
1652 5838 1938 5882 moventur
1980 5830 2030 5882 in

1886 373 2254 438 SEVERIANI

3611 405 3726 461 476

2121 487 2289 557 aquis,
2328 486 2577 542 Domino.
2604 489 2928 558 Benedicite,
2952 509 3142 551 omnes
3171 497 3416 558 volucres
3443 499 3585 566 cadi,
3615 500 3727 554 Do-

2129 580 2294 633 mino.
2329 577 2655 647 Benedicite,
2688 581 2874 638 bestiae
2915 593 2971 639 et
3010 600 3228 656 pecora.
3271 587 3601 656 Benedicite,
3633 592 3725 648 lilii

2123 670 2400 726 hominum
2425 690 2445 723 ι
2479 671 2642 745 (Dan.
2660 673 2966 747 2.78.—82).
2999 677 3115 732 Alia
3134 690 3451 749 supererant
3470 682 3726 738 conside-

2120 765 2325 830 randa;
2363 764 2459 820 sed
2495 764 2564 820 ad
2601 767 2936 837 propositum
2983 778 3336 838 revertamur.
3387 771 3458 826 Et
3488 775 3730 845 formavit

2121 854 2264 909 Deus
2290 855 2542 909 hominem
2571 854 2723 929 (Gen.
2745 857 2802 919 2.
2836 859 2914 929 7).
2945 859 3063 915 Non
3083 862 3420 931 simpliciter
3442 863 3600 931 dixit,
3627 863 3732 920 Fe-

2121 945 2228 1009 cit;
2268 945 2384 1010 sed,
2439 945 2720 1001 Formavit.
2773 948 3052 1006 Formatio
3083 951 3284 1008 dicitur
3321 953 3391 1008 de
3428 953 3628 1012 decore
3675 963 3733 1013 et

2122 1047 2352 1097 ornatu;
2385 1047 2444 1092 ut
2466 1038 2680 1109 quando
2717 1040 2913 1111 aliquis
2941 1043 3126 1098 videns
3168 1045 3464 1100 formnsum
3493 1047 3727 1115 vultum,

2121 1130 2246 1200 quia
2277 1131 2499 1200 pulchre
2528 1131 2865 1187 etformatum
2907 1145 3010 1202 est,
3057 1134 3207 1199 dicit.
3239 1136 3379 1194 Nihil
3407 1137 3537 1194 fecit
3583 1138 3731 1196 Deus

2124 1222 2177 1277 in
2206 1238 2434 1294 corpore
2480 1233 2677 1294 praeter
2702 1224 2980 1291 decorum,
3028 1227 3123 1282 sed
3169 1237 3226 1282 et
3265 1227 3465 1284 decoro
3509 1240 3566 1286 et
3607 1231 3730 1286 usui

2123 1320 2416 1390 prospexit.
2447 1319 2689 1391 Exempli
2714 1334 2898 1387 causa,
2927 1321 3117 1378 oculus
3143 1322 3254 1378 duo
3280 1323 3463 1392 habet,
3487 1339 3643 1380 usum
3673 1336 3732 1381 et

2122 1413 2371 1468 decorem
2403 1432 2416 1468 :
2447 1429 2570 1468 nam
2610 1423 2663 1470 et
2687 1414 2855 1479 videt,
2888 1425 2944 1470 et
2981 1425 3263 1472 venustum
3292 1417 3469 1474 reddit
3495 1419 3730 1483 vultum,

2122 1503 2420 1576 faciemque
2463 1514 2642 1571 ornat,
2689 1506 2980 1574 omniaque
3029 1507 3309 1576 conspicit.
3362 1507 3522 1562 Auris
3572 1523 3732 1566 us'tm

2123 1598 2311 1662 habet,
2345 1608 2670 1669 aspectuque
2691 1599 2927 1669 jucunda
2973 1599 3260 1669 estzquod
3303 1600 3448 1655 enim
3488 1601 3730 1654 circum.

2122 1690 2356 1759 positum
2401 1699 2485 1744 est
2509 1691 2810 1762 cymbalum
2847 1690 3045 1746 animal
3075 1699 3320 1746 exornat.
3364 1691 3735 1755 Similiterque

2125 1796 2286 1836 nasus
2335 1781 2532 1836 olfactu
2586 1782 2894 1837 necessario
2943 1782 3197 1851 praeditus
3241 1791 3353 1848 est;
3404 1781 3522 1846 sed,
3568 1796 3733 1838 secus

2123 1887 2283 1940 quam
2315 1872 2367 1925 in
2393 1873 2604 1928 ett-teris
2630 1873 2974 1935 animalibus,
3007 1873 3154 1926 velut
3187 1873 3424 1928 medium
3467 1873 3735 1942 parietem

2121 1962 2287 2018 efficit
2314 1963 2381 2018 ad
2408 1963 2661 2019 decorem
2689 1962 3067 2034 complendum
3095 1981 3108 2017 :
3139 1963 3192 2018 id
3218 1965 3359 2018 enim
3402 1965 3493 2020 uni
3525 1963 3735 2018 homini

2122 2056 2382 2127 competit
2412 2074 2424 2111 :
2448 2066 2643 2112 caetera
2666 2058 2863 2129 quippe
2882 2057 3130 2112 animalia
3161 2072 3347 2112 nasum
3370 2073 3477 2112 non
3503 2057 3732 2126 habent,

2123 2149 2220 2204 sed
2250 2164 2413 2214 unam
2440 2158 2645 2206 tantum
2677 2150 2886 2206 narium
2928 2148 3270 2219 positionem.
3301 2148 3415 2205 Hoc
3440 2162 3569 2204 vero
3610 2165 3736 2204 eam

2123 2241 2193 2296 ob
2214 2256 2328 2296 rem
2355 2240 2609 2296 formavit
2643 2241 2804 2296 Deus.
2836 2241 2963 2296 Ideo
3001 2239 3191 2304 David,
3227 2238 3330 2305 Qui
3354 2240 3606 2311 plantavit
3635 2257 3734 2302 au~

2123 2348 2252 2398 rem,
2275 2348 2378 2386 non
2406 2332 2626 2386 audiet?
2650 2342 2740 2385 aut
2768 2333 2856 2403 qui
2881 2333 3031 2400 finxit
3061 2332 3287 2399 oculum,
3315 2347 3414 2385 non
3442 2331 3736 2385 considerat

2128 2423 2300 2493 (Psal.
2329 2423 2418 2479 95.
2450 2424 2546 2492 9)?
2590 2423 2680 2479 Sic
2729 2437 2928 2479 terram
2973 2423 3094 2479 fecit
3142 2423 3209 2477 ad
3257 2435 3506 2477 ornatum
3557 2432 3614 2477 et
3663 2422 3736 2479 ad

2127 2529 2304 2569 usum.
2334 2514 2413 2567 Ac
2429 2529 2496 2567 ne
2537 2513 2690 2582 plura
2733 2513 2828 2567 tibi
2863 2513 3059 2568 decora
3085 2527 3415 2576 recenseam,
3448 2521 3736 2582 postquam

2126 2622 2290 2660 unum
2317 2605 2506 2661 dixem
2533 2605 2966 2678 prurtergrediar.
3001 2605 3158 2660 Dedit
3184 2605 3324 2660 Deus
3355 2604 3584 2672 homini,
3618 2605 3735 2659 viro

2125 2695 2349 2763 scilicet,
2375 2711 2498 2752 cum
2523 2696 2643 2750 aliis
2672 2697 2834 2750 etiam
2869 2696 3092 2751 uberum
3123 2695 3568 2751 concinnitatem.
3606 2694 3736 2750 Viro

2124 2802 2222 2843 cur
2245 2787 2449 2844 ubera?
2475 2787 2697 2842 Decoris
2726 2801 2908 2842 causa.
2946 2786 3082 2842 Nam
3112 2797 3229 2843 esto
3263 2787 3475 2842 mulieri
3506 2800 3740 2842 conces-

2126 2880 2259 2936 serit
2283 2881 2446 2934 ubera
2470 2879 2541 2934 ob
2571 2888 2779 2933 natura:
2819 2880 3219 2941 necessitatem,
3251 2877 3319 2933 ad
3347 2877 3501 2932 lactis
3527 2877 3740 2932 submi-

2128 2975 2497 3030 nistrationem
2520 2987 2535 3038 ;
2560 2973 2676 3026 viro
2704 2986 2802 3027 cur
2824 2971 3023 3027 ubera?
3054 2971 3134 3027 Ad
3164 2971 3444 3038 decorum,
3469 2968 3539 3026 ad
3567 2986 3738 3024 orna-

2129 3078 2262 3122 tum.
2290 3065 2756 3135 Quemadmodum
2801 3065 2946 3120 enim
2996 3066 3046 3118 in
3079 3064 3320 3120 mdillciis
3359 3065 3462 3119 alia
3491 3063 3629 3119 ﬁunt
3665 3065 3742 3119 ob

2127 3161 2528 3226 necessitatem,
2554 3160 2654 3214 alia
2682 3159 2752 3218 ob
2770 3159 3027 3216 decorum
3058 3176 3075 3227 :_
3102 3160 3179 3214 sic
3206 3159 3346 3215 Deus
3376 3169 3430 3213 et
3461 3157 3742 3213 hominem

2127 3253 2359 3317 ornavit,
2387 3261 2443 3308 et
2463 3253 2563 3323 ipsi
2588 3251 2654 3306 ad
2683 3266 2836 3306 usum
2861 3250 3164 3306 necessaria
3186 3250 3433 3306 contulit.
3460 3248 3745 3305 Formm-it

2128 3361 2254 3401 eum
2284 3354 2507 3415 accepto
2535 3343 2758 3414 pulvere
2783 3343 2851 3398 de
2889 3353 3055 3398 terra.
3084 3343 3266 3398 Beata:
3293 3342 3737 3396 Christianorum

2129 3452 2275 3505 spes,
2323 3436 2368 3490 si
2424 3435 2848 3489 intellexerimus
2896 3449 2958 3488 ea
2997 3449 3118 3502 qua:
3157 3433 3425 3488 audimus.
3472 3432 3583 3488 Cur
3626 3447 3741 3486 non

2129 3527 2284 3589 dixit,
2311 3526 2534 3597 Accepit
2557 3526 2766 3595 glebam
2799 3526 2866 3579 de
2896 3527 3073 3579 terra“!
3103 3525 3331 3578 Tantum
3347 3539 3545 3595 corpus
3571 3523 3742 3578 effor-

2130 3620 2296 3674 tuavit
2325 3637 2337 3673 :
2362 3633 2426 3673 ac
2471 3635 2537 3671 ne
2579 3617 2733 3688 gleba
2763 3617 2982 3687 quidem
3009 3630 3143 3687 opus
3188 3615 3395 3682 habuit,
3427 3615 3521 3670 sed
3554 3616 3746 3684 pulve-

2128 3725 2245 3768 rem
2287 3707 2532 3779 accepit?
2566 3708 2705 3761 Deus
2747 3706 2993 3777 praevidit
3036 3705 3215 3760 futura
3258 3720 3322 3759 ac
3371 3705 3414 3759 si
3449 3707 3742 3774 prtesentia

2131 3810 2334 3858 essent.
2364 3802 2498 3868 Quia
2527 3800 2853 3870 przevidebat
2883 3799 2987 3854 hoc
3006 3798 3205 3852 animal
3241 3810 3360 3853 esse
3391 3798 3744 3864 moriturum,

2132 3893 2273 3949 etin
2303 3893 2580 3962 pulverem
2625 3891 3112 3956 transmittendum,
3159 3891 3266 3959 iam
3311 3888 3442 3944 olim
3487 3889 3540 3943 in
3581 3904 3747 3944 crea-

2134 3985 2281 4038 tione
2310 3998 2461 4052 spem
2492 3981 2903 4036 resurrectionis
2927 3981 3183 4036 ostendit.
3216 3980 3424 4050 Accipit
3457 3981 3748 4050 pulverem

2133 4075 2204 4132 de
2233 4085 2398 4134 terra,
2435 4082 2491 4129 ut
2518 4089 2639 4129 cum
2685 4072 2888 4127 videris
2934 4072 2986 4127 in
3027 4072 3276 4142 sepulcro
3305 4072 3601 4143 pulverem,
3643 4087 3750 4126 no-

2134 4170 2277 4224 veris
2305 4183 2451 4231 eum,
2484 4167 2572 4237 qui
2620 4165 2750 4222 illud
2781 4165 3099 4229 ell’ormavit,
3133 4164 3234 4221 hoc
3260 4179 3472 4236 quoque
3511 4165 3747 4219 suscita-

2134 4269 2313 4316 turum
2355 4275 2496 4314 esse.
2536 4257 2804 4313 Formavit
2847 4257 3103 4311 hominem
3130 4266 3332 4326 sumpto
3363 4256 3426 4309 de
3463 4264 3599 4308 terra
3626 4257 3751 4323 pul-

2134 4367 2264 4415 vere,
2284 4360 2330 4404 et
2346 4351 2612 4420 insufflauit
2640 4350 2692 4402 in
2715 4350 2895 4420 facient
2916 4349 3024 4419 ejus
3045 4349 3354 4418 spiraculum
3376 4348 3492 4401 vita:
3511 4346 3662 4418 (Gen.
3681 4347 3742 4403 2.

2134 4443 2213 4512 7).
2248 4441 2381 4496 Vide
2420 4441 2708 4496 discrimen
2755 4441 2897 4496 inter
2926 4440 3173 4494 homines
3217 4448 3271 4494 et
3316 4439 3495 4496 bruta.
3535 4437 3751 4494 Czetera

2135 4533 2312 4589 omnia
2344 4547 2464 4587 cum
2496 4532 2697 4587 faceret
2727 4532 2888 4597 Deus,
2917 4531 3076 4585 simul
3103 4529 3281 4585 omnia
3315 4527 3584 4598 produxit,
3613 4544 3749 4585 cum

2137 4641 2365 4696 corpore
2391 4625 2644 4678 animam.
2678 4623 3078 4685 Animadverte,
3112 4635 3315 4691 quaeso.
3353 4619 3502 4674 Fecit
3539 4622 3748 4675 natati-

2139 4719 2229 4784 lia,
2260 4717 2418 4772 simul
2445 4719 2677 4772 animam
2707 4725 2761 4771 et
2798 4730 3015 4785 corpus.
3049 4715 3249 4769 Educat
3295 4725 3429 4768 terra
3455 4715 3707 4768 animalia
3728 4759 3742 4780 ,

2140 4811 2316 4881 prodit
2358 4810 2519 4863 simul
2567 4824 2690 4864 cum
2738 4823 2967 4878 corpore
3015 4807 3213 4862 anima.
3269 4804 3514 4860 llominis
3568 4805 3752 4874 primo

2138 4920 2332 4974 corpus
2361 4901 2506 4970 facit,
2537 4900 2732 4956 deinde
2751 4901 3007 4954 animam.
3040 4898 3205 4969 Cujus
3233 4898 3346 4967 spei
3373 4897 3574 4950 causa?
3595 4895 3752 4964 Qua-

2139 4996 2206 5050 lis
2236 4993 2508 5059 formatio,
2549 4993 2670 5046 talis
2699 4991 2919 5046 solutio.
2969 4989 3094 5045 Ideo
3123 4990 3425 5043 animantes
3470 5002 3626 5057 Spem
3655 5003 3754 5042 rc-

2139 5085 2495 5143 surrectionis
2523 5099 2630 5138 non
2661 5085 2883 5147 habent,
2918 5083 3042 5152 quia
3075 5098 3180 5152 quo
3209 5080 3370 5135 modo
3411 5079 3565 5133 factae
3595 5089 3750 5146 sunt,

2139 5179 2330 5235 eodem
2359 5177 2517 5232 modo
2555 5177 2874 5229 moriuntur.
2906 5173 3077 5228 Simul
3106 5187 3304 5241 corpus
3329 5179 3384 5224 et
3407 5170 3586 5222 anima
3616 5169 3750 5222 abo-

2142 5272 2339 5325 lentur.
2365 5269 2574 5338 Corpus
2595 5267 2828 5321 hominis
2850 5265 2916 5321 de
2947 5274 3086 5319 terra
3109 5265 3336 5332 accepit,
3360 5262 3600 5316 animam
3631 5261 3751 5330 ipsc

2144 5363 2328 5417 tribuit
2355 5360 2612 5424 creando,
2647 5376 2752 5413 non
2786 5375 2850 5413 ex
2879 5373 2974 5411 sua
3016 5355 3316 5411 substantia
3350 5353 3703 5424 producendo
3733 5371 3749 5409 :

2142 5464 2203 5509 ut
2242 5470 2361 5509 cum
2403 5461 2670 5507 mortuum
2717 5451 2877 5506 fuerit
2907 5464 3124 5519 corpus,
3169 5449 3284 5502 sive
3311 5447 3496 5510 homo,
3550 5461 3620 5500 ne
3651 5447 3751 5501 dc-

2142 5563 2420 5618 Speremus
2459 5548 2526 5601 de
2568 5545 2766 5599 anima.
2815 5543 2950 5610 Quid
2996 5543 3162 5606 enim,
3208 5540 3348 5611 quod
3395 5541 3446 5593 in
3493 5539 3752 5608 sepulcro

2144 5641 2444 5710 depositura
2470 5640 2539 5693 sit
2573 5637 2806 5706 corpus?
2835 5637 2908 5689 Ne
2940 5634 3207 5703 putaveris
3240 5632 3310 5686 ibi
3338 5644 3460 5685 esse
3485 5631 3748 5683 animam.

2145 5733 2260 5787 Non
2287 5733 2429 5787 enim
2461 5731 2529 5785 de
2558 5741 2696 5784 terra
2737 5737 2947 5797 sumpta
2977 5736 3081 5791 est,
3126 5741 3222 5780 nec
3251 5725 3303 5776 in
3335 5735 3535 5776 terram
3569 5735 3752 5776 rever-

2150 5843 2304 5889 tetur.
2342 5835 2502 5904 spem
2536 5836 2665 5893 ergo
2690 5821 2893 5876 statuit.
2930 5818 3052 5874 ldeo
3079 5818 3238 5873 etiam
3288 5816 3337 5869 in
3375 5811 3628 5869 Ezechiel
3659 5825 3748 5868 re-
