3984 6424
221 359 339 418 475

214 468 639 543 περιγράφεται.
679 470 846 525 Οὐδέν
883 471 1000 525 ἐστι
1047 472 1173 543 περὶ
1213 471 1306 524 τὸν
1335 471 1498 525 Θεόν·
1535 471 1714 527 πάντα
1743 469 1802 523 δέ

218 561 408 614 κυκλοῖ
433 562 528 613 καὶ
552 562 777 633 τειχίζει
806 565 835 616 6
865 563 1016 627 Θεὸς.
1047 563 1109 617 Εἰ
1139 558 1231 617 οῦν
1264 564 1491 636 οὐρανὸν
1530 565 1643 633 ἔχει
1673 561 1800 634 θρό-

217 667 326 713 νον,
356 650 475 714 πῶς
500 653 762 724 μετρήσει
788 654 882 708 τὸν
903 655 1131 727 οὐρανὸν
1156 654 1402 728 σπιθαμῇ
1429 673 1443 720 ;
1474 654 1597 717 Πῶς
1621 654 1677 706 δὲ
1706 652 1802 707 καὶ

217 743 451 815 κάθηται
482 745 564 808 είς
596 746 687 798 τὸν
712 746 972 818 οὐρανόν;
1021 749 1083 802 '0
1119 747 1376 817 οὐρανὸς
1401 747 1533 817 ἐμοὶ
1568 747 1798 813 θρόνος,

214 841 254 908 ἡ
283 841 349 895 δὲ
375 841 455 911 τῇ
483 843 817 897 ὑποπόδιον
849 844 968 899 τῶν
993 845 1195 899 ποδῶν
1211 864 1352 914 μου.
1384 843 1497 898 Ποῦ
1523 842 1757 912 κάθηται
1781 857 1797 907 ;

215 935 306 986 ἐπὶ
347 932 444 985 τὸν
490 935 845 1004 φαινόμενονς
908 936 1162 1008 Ἀστέρες
1222 937 1480 990 ὐποκάτω
1532 933 1626 987 τοῦ
1682 950 1799 984 στε-

218 1023 522 1096 ρεώματος,
586 1025 730 1098 ὕδωρ
788 1028 991 1082 ἐπάνω.
1051 1029 1114 1083 Εἰ
1164 1027 1350 1082 ἐπάνω
1405 1027 1658 1097 κάθηται,
1699 1025 1800 1079 οὐκ

215 1115 398 1168 ἐπάνω
426 1114 535 1168 τῶν
569 1116 831 1187 οὐρανῶν,
867 1118 982 1172 ἀλλ’
1010 1123 1091 1184 είς
1119 1121 1210 1174 τὸν
1247 1118 1519 1190 ἀνώτερον
1549 1116 1796 1189 οὐρανόν.

212 1207 276 1258 Εἰ
309 1207 545 1278 κάθηται
578 1209 813 1273 πάντως,
843 1212 937 1263 καὶ
960 1213 1009 1265 οἱ
1041 1211 1201 1274 πόδες
1231 1210 1535 1281 κρέμανται
1571 1209 1675 1272 ἕως
1698 1207 1799 1278 τῆς

210 1299 330 1366 γῆς.
374 1297 628 1353 Τοιοῦτον
679 1301 864 1371 σχῆμα
914 1302 1202 1373 περιτίθης
1245 1301 1328 1372 τιῖί
1368 1299 1793 1372 ἀσχηματτστινῖ

210 1389 323 1442 Οὐκ
353 1389 505 1445 ἔστιν
538 1391 733 1456 ἀσεϐὲς
771 1395 864 1447 καὶ
891 1393 1051 1448 τοῦτο
1091 1394 1234 1448 οὕτω
1263 1393 1486 1464 νοῆσαι;
1522 1388 1665 1446 Εἶτα
1684 1390 1793 1442 λοι-

208 1479 328 1543 πὸν,
362 1483 412 1533 εί
437 1483 489 1535 οἱ
515 1484 673 1547 πόδες
701 1485 866 1538 αὐτοῦ
897 1487 1126 1539 πατοῦσι
1148 1487 1248 1557 τήν
1274 1485 1399 1555 γῆν,
1426 1483 1543 1546 πῶς
1571 1481 1794 1551 σπείροο

213 1587 342 1639 μενὶ
370 1571 491 1635 πῶς
511 1574 797 1646 θερίζομεν
822 1593 837 1642 ;
867 1578 982 1642 πῶς
1011 1577 1337 1649 διερχόμεθα
1359 1577 1434 1647 μή
1461 1572 1795 1643 συγκρούον-

206 1671 294 1719 te;
327 1659 498 1711 αὐτοῦ
525 1663 639 1725 τοῖς
670 1663 857 1728 ποσίν;
890 1663 1014 1726 Πῶς
1045 1665 1101 1716 δὲ
1144 1665 1417 1735 ἐμέτρησε
1448 1661 1539 1714 τὸν
1567 1658 1795 1728 οὐρανὸν

210 1750 490 1820 σπιθαμῇ;
539 1753 657 1817 πῶς
702 1753 995 1816 δακτύλους
1042 1750 1156 1825 εἶχε
1196 1755 1464 1824 μεγάλους
1497 1751 1794 1816 ἀναλόγους

207 1843 271 1911 τῇ
326 1840 581 1914 θεότητι;
640 1848 734 1899 καὶ
789 1847 910 1908 πῶς
946 1847 1003 1899 ἐν
1060 1847 1288 1909 ἐκείνοις
1340 1847 1454 1907 τοῖς
1507 1841 1792 1904 δακτύλοις

204 1931 408 2003 ἔγραψε
437 1934 649 2000 πλάκας
677 1937 878 2008 μικρὰς
905 1937 1187 2001 δακτύλοις
1222 1937 1486 1998 τοιούτοις
1506 1975 1518 1997 ,
1548 1933 1641 1986 καὶ
1669 1931 1790 1985 οὐδὲ

204 2025 444 2092 πολλοῖς
489 2025 678 2097 Ἡμεῖς
713 2030 858 2100 τρισὶ
895 2030 1179 2093 δακτύλοις
1217 2029 1520 2099 γράφομεν,
1550 2026 1660 2080 τῶν
1698 2025 1794 2079 άλ-

203 2115 306 2168 λων
349 2117 788 2190 συνεργούντων·
838 2121 970 2184 Θεὸς
1017 2123 1098 2175 ἐνὶ
1147 2120 1394 2191 δακτύλῳ
1433 2119 1533 2182 τὰς
1576 2116 1790 2179 πλάκας

202 2206 460 2280 ἔγραψεν.
492 2207 644 2275 Εἷδές
662 2229 783 2268 τινα
809 2215 890 2268 ἐνί
910 2213 1158 2287 δακτύλῳ
1179 2213 1492 2286 γράφοντα;
1522 2210 1790 2282 Νοήματά

202 2305 314 2356 ἐστι
340 2303 519 2359 ταῦτα
553 2306 754 2376 μᾶλλον
781 2308 813 2380 ή
840 2309 1080 2380 ῥήματα.

267 2441 328 2498 δ’.
353 2444 710 2514 Ποιήσωμεν
745 2448 1062 2518 ἄνθρωπον
1088 2446 1213 2501 κατ’
1240 2446 1444 2500 εἰκόνα
1470 2441 1782 2514 ἡμετέραν.

200 2533 455 2588 Βούλεται
486 2539 519 2608 ή
527 2541 634 2608 μᾶς
659 2542 686 2591 ὁ
698 2540 827 2602 Θεὸς
843 2539 1084 2610 μιμητὰς
1098 2537 1262 2592 αὐτοῦ
1276 2533 1411 2592 εἶναι
1430 2539 1549 2591 κατ’
1563 2536 1782 2607 ἀρετήν.

197 2625 260 2680 Τί
306 2627 446 2692 ἐστι,
486 2633 624 2684 Κατ’
665 2632 904 2696 είκόνα;
945 2632 1076 2696 Θεὸς
1127 2631 1313 2701 ἅγιος·
1355 2630 1450 2684 ἐὰν
1499 2627 1786 2699 γενώμεθα

197 2720 361 2788 άγιοι,
406 2723 526 2778 κατ’
555 2726 740 2778 εἰκόνα
770 2726 934 2794 ἐσμὲν
973 2723 1131 2779 Θεοῦ.
1175 2725 1430 2778 Γίνεσθε
1464 2725 1574 2793 7&9
1609 2721 1782 2790 ἅγιοι,

195 2810 284 2864 ὅτι
313 2813 433 2882 ἐγὼ
463 2813 634 2882 ἅγιός
673 2817 810 2882 εἰμι.
857 2815 988 2878 Θεὸς
1019 2815 1258 2877 δίκαιος·
1302 2813 1396 2865 ἐάν
1440 2811 1786 2879 δικαιοσύνην

196 2910 566 2982 μετέλθωμεν,
584 2910 746 2964 εἰκὼν
776 2915 940 2981 ἐσμεν
963 2906 1118 2964 Θεοῦ.
1143 2909 1377 2975 Δίκαιος
1415 2907 1522 2978 7&9
1548 2905 1784 2974 Κύριος,

193 3004 289 3055 καί
320 3003 720 3070 δικαιοσύνην
761 3003 1096 3073 ἠγάπησεν.
1141 3000 1268 3055 Ἐὰν
1302 2995 1451 3070 ὦμεν
1484 2997 1785 3069 φιλάνθρωο

193 3110 306 3155 ποι,
339 3094 632 3162 ἐλεήμονες
653 3135 668 3158 ,
706 3094 869 3147 εἰκών
904 3097 1071 3165 ἐσμεν
1098 3093 1188 3146 τοῦ
1221 3091 1377 3146 Θεοῦ.
1407 3092 1569 3158 Λέγει
1610 3090 1718 3158 γὰρ
1758 3089 1787 3139 6

194 3188 419 3256 Σωτήρ·
466 3186 722 3240 Γίνεσθε
767 3187 1154 3256 οἰκτίρμονες,
1198 3187 1278 3252 ὠς
1317 3189 1348 3240 ό
1387 3183 1587 3251 Πατὴρ
1621 3180 1786 3250 ὑμῶν

192 3279 489 3344 οἰκτείρει.
528 3273 680 3341 Εἶδες
711 3277 814 3331 ποῦ
847 3281 880 3349 ή
925 3279 1118 3342 εἰκών;
1151 3280 1402 3329 Δεὶκνύσι
1443 3276 1536 3327 καὶ
1574 3272 1786 3334 Παῦλος

191 3373 291 3439 τὴν
334 3370 541 3422 εἰκόνα·
571 3369 718 3437 λέγει
757 3370 865 3440 γάρ
891 3387 903 3399 ·
953 3369 1363 3423 Ἀποδύσασθε
1396 3367 1503 3419 τὸν
1526 3365 1787 3417 παλαιὸν

192 3465 548 3530 ἄνθρωπον,
603 3461 699 3515 καὶ
749 3461 1090 3515 ἐνδύσασθε
1131 3461 1240 3514 τὸν
1277 3459 1456 3524 νέον,
1487 3459 1599 3512 τὸν
1637 3457 1788 3510 κατὰ

195 3555 345 3608 Θεὸν
384 3553 705 3609 κτισθέντα
729 3556 816 3620 εἰς
851 3553 1179 3622 ἐπίγνωσιν
1203 3552 1488 3620 ἀληθείας
1508 3593 1522 3615 ,
1553 3551 1679 3602 κατ’
1708 3551 1788 3602 εί-

194 3650 344 3702 κόνα
375 3647 485 3700 τοῦ
517 3647 838 3711 κτίσαντος
865 3646 1070 3700 αὐτόν.
1109 3640 1260 3707 Εἶδες
1291 3644 1377 3697 ὅτι
1419 3645 1540 3704 ταῖς
1568 3642 1788 3710 ἀρεταῖς

193 3743 565 3812 ἐπιγράφεται
590 3739 672 3804 τὸ,
711 3739 850 3797 Κατ’
884 3739 1087 3794 εἰκόνα
1117 3737 1451 3807 ἢμετέραν;
1503 3735 1591 3787 Ἑν
1617 3733 1722 3786 τίνι
1750 3735 1784 3802 ή

193 3833 392 3898 εἰκῶν;
464 3832 552 3885 Ἐν
603 3833 667 3902 τῇ
734 3830 950 3900 ἐξουσίᾳ
1002 3829 1200 3882 πάλιν·
1265 3826 1631 3895 Ἀρχέτωσαν
1670 3824 1788 3878 τῶν

194 3929 420 3995 ἰχθύων
449 3924 558 3991 τῆς
587 3924 925 3990 θαλάσσης,
957 3921 1051 3975 καί
1081 3919 1199 3974 τῶν
1227 3919 1511 3974 πετεινῶν
1543 3918 1649 3973 τοῦ
1683 3919 1786 3971 οὺ-

186 4020 402 4088 ρανοῦ,
436 4019 535 4072 καὶ
565 4016 680 4070 τῶν
701 4017 937 4086 θηρίων,
959 4015 1055 4068 καί
1078 4013 1196 4067 τῶν
1223 4012 1506 4081 ἑρπετῶν,
1540 4012 1638 4066 καὶ
1668 4010 1788 4064 τῶν

192 4110 452 4178 κτηνῶν,
484 4109 584 4164 καὶ
610 4111 815 4177 πάσης
838 4109 946 4176 τῆς
975 4108 1107 4178 γῆς.
1145 4109 1210 4160 *Ω
1240 4109 1338 4177 τῆς
1373 4106 1466 4158 τοῦ
1496 4105 1630 4157 Θεοῦ
1660 4106 1789 4158 ἀκο-

191 4203 414 4264 λουθίας
433 4218 446 4233 ·
473 4200 519 4253 ῶ
539 4201 636 4271 τῆς
656 4201 762 4257 τῶν
787 4200 1047 4270 ῥημάτων
1067 4199 1371 4270 ἀκριϐείας.
1395 4198 1546 4251 Διατί
1573 4196 1789 4267 πρῶτον

193 4295 218 4359 ἐ
227 4312 332 4364 μνη
340 4294 624 4364 μόνευσεν,
663 4292 1028 4363 Ἀρχέτωσαν
1051 4291 1168 4346 τῶν
1191 4292 1412 4361 ἰχθύων
1431 4289 1542 4356 τῆς
1561 4289 1789 4344 θαλάσ-

193 4402 350 4452 σηςὶ
391 4383 553 4440 Κατὰ
577 4383 674 4457 τὴν
704 4385 854 4449 τάξιν
878 4385 977 4454 τῆς
1008 4383 1369 4454 δημιουργίας
1398 4380 1547 4454 [£85]
1576 4383 1608 4452 ή
1635 4381 1787 4445 τάξις

195 4480 293 4550 τῆς
307 4478 648 4542 δεσποτείας.
688 4479 906 4549 Ἐπειδὴ
937 4477 1141 4549 πρῶτοι
1167 4479 1228 4530 ἐκ
1256 4479 1353 4547 τῆς
1373 4477 1646 4546 θαλάσσης
1667 4475 1786 4544 ἐγέ-

195 4591 349 4628 νοντο
381 4572 598 4642 ἰχθύες,
639 4574 732 4625 καὶ
765 4571 1016 4632 πετεινά,
1062 4570 1197 4640 μετά
1232 4572 1404 4624 ταῦτα
1443 4571 1500 4623 δὲ
1531 4570 1639 4624 ἀπὸ
1683 4568 1789 4638 γῆς

195 4666 266 4719 τά
296 4665 606 4736 τετράποδα
645 4665 740 4717 καὶ
785 4663 852 4716 τά
896 4663 1058 4716 λοιπά
1105 4663 1299 4734 κτήνη,
1350 4662 1561 4728 εἰσάγει
1602 4655 1694 4713 οὖν
1720 4659 1790 4712 τὰ

197 4761 395 4831 πρῶτα
421 4759 708 4828 γενόμενα.
753 4756 1118 4827 Ἀρχέτωσαν
1140 4755 1256 4808 τῶν
1279 4756 1517 4822 ἰχθύων,
1549 4753 1644 4805 καὶ
1672 4753 1791 4805 τῶν

197 4850 519 4913 πετεινῶν,
549 4850 648 4904 καὶ
675 4849 795 4903 τῶν
827 4848 1076 4916 θηρίων,
1106 4847 1200 4900 καί
1231 4845 1350 4899 τῶν
1378 4843 1660 4912 ἑρπετῶν,
1690 4842 1788 4896 καί

199 4943 320 4997 τῶν
347 4940 603 5009 κτηνῶν.
643 4940 807 4994 Ὅθεν
843 4940 935 4993 καὶ
959 4941 1007 4992 οἱ
1037 4941 1184 5008 τρεῖς
1221 4937 1410 4998 παῖδες
1442 4933 1790 5003 εὐλογοῦντες

203 5038 260 5088 ἐν
310 5038 378 5105 τῇ
423 5033 639 5104 καμίνῳ
688 5033 1015 5102 φυλάττουσι
1060 5034 1158 5101 τὴν
1208 5028 1397 5094 τάξιν·
1446 5028 1787 5096 Εὐλοτεῖτε,

202 5126 514 5181 θάλασσαι
545 5127 640 5180 καί
678 5124 928 5194 ποταμοὶ
950 5164 964 5188 ,
1005 5124 1112 5178 τὸν
1148 5124 1385 5190 Κύριον.
1434 5118 1788 5187 Εὺλογεῖτε,

205 5219 362 5286 κήτη
392 5218 489 5270 καὶ
526 5215 725 5270 πάντα
756 5217 828 5270 τὰ
866 5215 1188 5284 κινούμενα
1212 5214 1284 5266 έν
1310 5213 1511 5274 ὕδασι,
1540 5210 1648 5264 τὸν
1677 5212 1794 5265 Κύ-

201 5327 355 5379 ριον.
387 5309 705 5375 Εὐλοτεῖτε
726 5347 741 5371 ,
783 5307 980 5361 πάντα
1006 5308 1077 5360 τὰ
1104 5306 1345 5358 πετεινὰ
1379 5303 1484 5356 τοῦ
1511 5303 1789 5372 οὐρανοῦ,

207 5401 316 5454 τὸν
345 5400 583 5467 Κύριον.
614 5399 950 5468 Εὐλοτεῖτε,
974 5397 1046 5450 τὰ
1075 5397 1248 5465 θηρία
1273 5396 1369 5448 καί
1397 5394 1467 5447 τὰ
1494 5394 1685 5454 νηκτά
1713 5396 1788 5463 (ί.

210 5497 438 5564 κτήνη).
471 5493 820 5562 Εὐλογεῒτε,
860 5493 976 5547 υἰοί
1021 5491 1140 5544 τῶν
1175 5490 1521 5556 ἀνθρώπων.
1555 5484 1663 5541 Ἦν
1693 5489 1794 5558 μὲν

209 5585 302 5642 οὖν
332 5590 426 5641 καὶ
447 5588 610 5658 ἕτερα
642 5587 1006 5658 ἐπιθεωρῆσαι
1029 5601 1042 5615 '
1073 5585 1187 5639 ἀλλ’
1222 5585 1300 5647 είς
1333 5584 1395 5636 τὸ
1435 5584 1793 5655 προκείμενον

210 5681 618 5751 ἐπανέλθωμεν.
642 5682 752 5736 Καί
781 5684 1052 5736 ἔπλασεν
1080 5684 1112 5734 ό
1147 5680 1289 5745 Θεὸς
1310 5679 1416 5732 τὸν
1456 5677 1790 5744 ἄνθρωπον.

210 5773 328 5830 Οὐκ
367 5769 520 5829 εἷπεν
550 5773 754 5840 ἁπλῶς,
780 5774 1066 5844 ἐποίησεν,
1107 5771 1219 5828 ἀλλ’
1258 5772 1551 5828 ἔπλασεν.
1587 5770 1791 5833 Πλάσις

1253 353 1340 406 DE
1379 351 1598 410 MUNDI
1639 351 2035 408 CREATIONE
2071 349 2330 407 ORATIO
2367 349 2434 404 Υ.

3373 335 3489 394 476

1909 469 2126 540 λέγεται
2166 468 2264 521 ἐπὶ⁸
2286 466 2386 538 τῆς
2412 462 2765 536 εὐπρεπείας·
2789 461 2864 525 ὡς
2889 461 3016 514 ὅταν
3042 475 3126 521 τις
3151 457 3489 528 θεασάμενος

1906 564 2206 635 πρόσωπον
2221 561 2515 633 εὔμορφον,
2544 559 2732 630 ἐπειδὴ
2749 556 2916 612 καλὸν
2936 555 3180 626 πλάσμα,
3208 555 3360 624 λέγῃ.
3386 554 3487 606 Οὐ-

1902 656 1993 711 δὲν
2022 655 2276 725 ἐποίησεν
2296 656 2325 707 6
2348 653 2480 717 Θεὸς
2504 654 2562 707 ἐν
2583 651 2663 722 τῷ
2699 650 2911 721 σώματι
2937 649 3204 720 ἀπρεπὲς,
3229 645 3366 700 ἀλλὰ
3390 645 3485 698 καὶ

1902 747 2038 818 πρὸς
2064 746 2166 817 τήν
2197 745 2528 816 εὐπρέπειαν
2566 744 2661 798 καὶ
2694 742 2831 814 πρὸς
2867 740 2966 812 τὴν
2997 740 3213 811 χρῆσιν.
3255 733 3414 804 οἷον,
3452 736 3486 790 6

1900 839 2176 911 ὀφθαλμὸς
2208 838 2300 892 δύο
2330 837 2444 909 ἔχει
2465 879 2479 902 ,
2510 839 2603 891 καὶ
2636 837 2834 908 χρῆσιν
2864 833 2960 888 καὶ
2990 831 3356 904 εὐπρέπειαν·
3389 831 3485 884 καὶ

1899 933 2009 1004 7&9
2039 933 2246 1002 βλέπει,
2273 932 2367 983 καὶ
2400 929 2680 999 φαιδρύνει
2711 929 2771 980 τὸ
2800 926 3124 998 πρόσωπον,
3162 922 3257 976 καὶ
3289 923 3485 992 κοσμεῖ

1898 1025 1997 1096 τήν
2022 1025 2165 1096 ὄψιν,
2197 1024 2289 1077 καὶ⁵
2325 1025 2429 1094 δρᾷ
2453 1022 2649 1075 πάντα.
2693 1020 2761 1072 Ἦ
2801 1018 2937 1090 ἀκοή
2967 1017 3079 1089 ἔχει
3118 1017 3218 1089 τήν
3263 1016 3480 1088 χρῆσιν,

1900 1117 2011 1188 ἔχει
2066 1119 2163 1190 τήν
2212 1117 2386 1188 ὸψινιι
2415 1130 2432 1149 ·
2487 1115 2549 1168 τὸ
2598 1113 2707 1185 7&9
2759 1110 3140 1182 περικείμενον
3205 1108 3484 1180 κύμϐαλον

1901 1217 2095 1285 κοσμεῖ
2135 1214 2197 1268 τὸ
2236 1211 2393 1277 ζῶον.
2447 1208 2678 1280 Ὁμοίως
2709 1208 2743 1278 ή
2779 1204 2865 1277 ῥὶς
2907 1204 3021 1275 ἔχει
3066 1204 3163 1274 τήν
3213 1205 3482 1275 ὸσφρησιν

1898 1305 2229 1372 ἀναγκαίαν·
2264 1301 2379 1356 ἀλλ’
2405 1299 2539 1371 ἔχει,
2573 1297 2726 1369 παρά
2747 1296 2814 1350 τά
2839 1293 2973 1351 ἄλλα
3001 1293 3136 1357 ζῶα,
3164 1294 3355 1364 ῶσπερ
3391 1310 3483 1364 με·

1901 1398 2160 1467 σότοιχον,
2195 1396 2285 1450 καὶ
2313 1391 2553 1464 πληροῦν
2578 1391 2674 1461 τήν
2702 1385 3036 1460 εὐπρέπειαν
3059 1401 3072 1415 ·
3105 1383 3263 1438 τοῦτο
3284 1382 3360 1454 τῷ
3391 1385 3480 1437 άν-

1899 1485 2100 1558 θριῢταρ
2146 1485 2416 1556 ὑπάρχει·
2450 1482 2519 1536 τὰ
2561 1483 2672 1551 7&9
2708 1479 2844 1536 άλλα
2891 1477 3006 1543 ζῶα
3049 1476 3330 1547 μυκτῆρας
3378 1475 3479 1528 οὐκ

1896 1579 2129 1648 ἔχουσιν,
2156 1576 2291 1629 ἀλλά
2331 1576 2458 1646 μίαν
2491 1572 2720 1626 καθόλου
2750 1571 2849 1641 τὴν
2889 1568 3058 1622 θέσιν.
3090 1565 3261 1621 Τοῦτο
3302 1566 3360 1620 δὲ
3389 1565 3479 1620 διά

1894 1670 2054 1722 τοῦτο
2093 1669 2321 1721 ἔπλασεν
2350 1669 2378 1719 6
2405 1666 2558 1728 Θεός.
2591 1663 2680 1716 Διὸ
2709 1663 2802 1715 καὶ
2832 1660 2993 1714 Δαυῖδ
3011 1677 3025 1690 ·
3076 1660 3136 1711 '0
3170 1659 3479 1728 φυτεύσας

1894 1759 1961 1812 τὸ
1987 1755 2114 1825 οὖς,
2149 1757 2281 1827 οὐχὶ
2318 1757 2559 1817 ἁκούει;
2594 1753 2632 1821 ἢ
2677 1756 2710 1807 ό
2743 1750 2985 1816 πλάσας
3011 1751 3116 1803 τόν
3142 1747 3476 1818 ὀφθαλμὸν,

1893 1850 2029 1918 ούχί
2073 1846 2379 1909 κατανοεῖ;
2429 1844 2585 1899 Οὕτω
2624 1843 2719 1897 καὶ
2761 1841 2860 1911 τὴν
2899 1840 2999 1910 γῆν
3052 1839 3310 1910 ἐποίησε,
3342 1837 3478 1908 πρὸς

1893 1940 2243 2012 εὐπρέπειαν,
2267 1938 2404 2010 πρὸς
2430 1937 2643 2008 χρῆσιν.
2668 1933 2774 1988 Καὶ
2800 1933 2888 1988 ἵνα
2917 1932 2990 2003 μή
3013 1927 3173 1995 δείξω
3198 1947 3279 1984 σοι
3310 1928 3478 1985 πολλὰ

1891 2039 2168 2109 εὐπρεπῆ,
2198 2037 2256 2090 ἓν
2279 2035 2448 2090 εἰπὼν
2485 2034 2889 2105 ὑπερϐήσομαι.
2921 2033 3162 2089 Ἔδωκεν
3182 2032 3211 2083 6
3240 2030 3372 2094 Θεὸς
3400 2030 3478 2100 τῷ

1890 2131 2186 2202 ἀνθρώπῳ,
2206 2130 2351 2199 λέγω
2372 2129 2438 2198 δὴ
2463 2126 2541 2197 τῷ
2563 2126 2738 2197 ἀνδρὶ,
2769 2125 2906 2196 μετὰ
2928 2123 3037 2178 τῶν
3063 2123 3235 2179 ἄλλων
3256 2123 3348 2176 καὶ
3375 2139 3478 2193 μα·

1892 2223 2033 2276 στῶν
2059 2221 2343 2292 ἁρμονίαν.
2384 2218 2564 2290 ’Δνδρὶ
2592 2218 2796 2288 μαστὸς
2822 2216 2995 2281 διατί;
3026 2216 3126 2269 Διὰ
3151 2214 3251 2285 τήν
3283 2213 3479 2283 εὐπρέ-

1890 2330 2069 2369 πειαν.
2113 2315 2295 2366 Ἔστω
2327 2311 2436 2383 7&9
2463 2310 2683 2378 γυναικὶ
2714 2308 2803 2361 διὰ
2828 2307 2887 2360 τὸ
2915 2308 3212 2376 ἀναγκαῖον
3245 2305 3343 2376 τῆς
3378 2304 3475 2374 φύ-

1896 2421 2056 2470 σεως,
2081 2402 2170 2458 διὰ
2193 2402 2292 2474 τὴν
2323 2401 2586 2472 χορηγίαν
2622 2398 2716 2453 τοῦ
2743 2398 3044 2466 γάλακτος·
3087 2396 3238 2467 ἀνδρὶ
3272 2395 3475 2467 μαστὸς

1887 2497 2030 2551 διατί
2047 2513 2062 2563 ;
2079 2495 2178 2549 Διὰ
2195 2497 2296 2566 τὴν
2321 2494 2673 2562 εὐπρέπειαν,
2697 2491 2786 2544 διὰ
2801 2492 2891 2561 τὴν
2921 2490 3240 2558 εὐκοσμίαν.
3264 2489 3475 2557 Ὥσπερ

1887 2590 1997 2660 γὰρ
2042 2590 2099 2643 ἐν
2139 2592 2250 2652 τοῖς
2305 2586 2700 2656 οἰκοδομήμασι
2744 2582 2865 2636 τινά
2913 2580 3011 2650 μὲν
3043 2580 3252 2648 γίνεται
3288 2579 3377 2632 διὰ
3412 2579 3474 2632 τὸ

1887 2683 2182 2749 ἀναγκαῖον
2201 2722 2214 2745 ,
2243 2680 2366 2732 τινὰ
2397 2678 2450 2730 δὲ
2476 2678 2564 2730 διὰ
2587 2676 2686 2745 τήν
2711 2673 3065 2743 εὐπρέπειαν·
3092 2671 3261 2730 οὕτως
3285 2672 3314 2722 6
3343 2667 3473 2730 Θεὸς

1888 2773 1983 2825 καὶ
2028 2771 2302 2840 ἐκόσμησε
2345 2770 2436 2821 τὸν
2476 2767 2793 2837 ἄνθρωπον,
2831 2763 2926 2814 καὶ
2967 2759 3103 2829 πρὸς
3141 2761 3239 2828 τήν
3280 2759 3473 2829 χρῆσιν

1888 2863 2209 2934 ἀπήρτισεν.
2237 2859 2509 2913 Ἐπλασεν
2535 2857 2697 2910 αὐτὸν
2726 2853 2854 2926 χοῦν
2883 2850 3064 2906 λαϐὼν
3088 2849 3196 2904 ἀπὸ
3221 2850 3320 2919 τῆς
3345 2850 3468 2920 γῆς.

1888 2955 2169 3026 Μακάριαι
2202 2956 2257 3006 αἱ
2291 2949 2632 3024 Χριστιανῶν
2663 2946 2876 3010 ἐλπίδες
2897 2985 2912 3009 ,
2954 2943 3049 2998 ἐὰν
3082 2941 3392 3012 ἐπιγνῶμεν
3438 2938 3476 2993 ἃ

1887 3043 2175 3117 ἀκούομεν.
2202 3045 2352 3097 Διατί
2377 3045 2476 3096 οὐκ
2496 3037 2618 3095 εἶπε
2639 3058 2652 3071 ·
2679 3039 2876 3092 Ἔλαϐε
2897 3037 3064 3107 βῶλον
3083 3036 3189 3090 ἀπὸ
3207 3034 3306 3104 τῆς
3333 3034 3435 3104 γῆς
3456 3049 3472 3097 ;

1889 3137 2152 3190 Τοσοῦτον
2189 3137 2346 3206 σῶμα
2394 3135 2627 3188 ἔπλασε·
2673 3134 2765 3186 καὶ
2809 3131 2870 3184 οὐ
2915 3129 3106 3201 χρείαν
3150 3127 3308 3197 ἔσχεν
3350 3125 3472 3178 οὐδὲ

1891 3228 2082 3297 βώλου,
2107 3228 2241 3282 ἀλλὰ
2268 3226 2394 3297 χοῦν
2423 3225 2722 3298 λαμϐάνει;
2764 3223 2822 3275 '0
2853 3221 2984 3284 Θεὸς
3009 3219 3225 3289 προεῖδε
3255 3219 3323 3272 τά
3356 3216 3475 3287 μέλ-

1886 3319 2044 3372 λοντα
2076 3318 2150 3380 ὼς
2183 3319 2330 3371 ὸντα.
2379 3316 2596 3386 Ἐπειδὴ
2624 3313 2866 3385 προῄδει,
2897 3314 2977 3366 ὅτι
3007 3310 3189 3382 μέλλει
3217 3309 3472 3378 τελευτᾷν

1888 3411 1949 3464 τὸ
1981 3410 2138 3474 ζῶον,
2181 3409 2274 3461 καὶ
2308 3408 2388 3468 εἰς
2425 3406 2554 3477 χοῦν
2592 3404 3054 3476 μεταϐάλλεσθαι,
3087 3400 3376 3471 προλαϐὼν
3415 3403 3473 3453 ἐν

1890 3503 1956 3572 τῇ
2003 3499 2332 3571 δημιουργίᾳ.
2380 3496 2544 3561 ἔδειξε
2583 3495 2682 3566 τὴν
2727 3493 2919 3547 ἐλπίδα
2961 3491 3063 3562 τῆς
3102 3492 3470 3553 ἀναστάσεως.

1888 3592 2170 3662 Λαμϐάνει
2201 3589 2328 3660 χοῦν
2358 3588 2464 3642 ἀπὸ
2501 3587 2602 3656 τῆς
2629 3586 2755 3657 γῆς,
2789 3585 2856 3638 ἵν’
2899 3586 3028 3637 ὅταν
3070 3583 3186 3654 ἴδῃς
3218 3584 3276 3636 ἐν
3319 3582 3472 3650 τάφῳ

1890 3691 2040 3761 χοῦν,
2073 3689 2216 3759 γνῷς
2243 3688 2324 3740 ὅτι
2352 3685 2380 3736 6
2417 3686 2592 3738 ἐκεῖνο
2622 3683 2828 3746 πλάσας
2864 3684 2958 3735 καὶ
2982 3681 3141 3734 τοῦτο
3170 3679 3470 3749 ἀνίστησιν.

1894 3784 2168 3836 Ἐπλασε
2191 3779 2296 3832 τὸν
2320 3779 2653 3846 ἄνθρωπον,
2676 3775 2830 3844 χοῦν
2849 3772 3050 3828 λαϐὼν
3069 3772 3186 3826 ἀπὸ
3206 3769 3317 3840 τῆς
3338 3765 3469 3838 τῆς,

1890 3873 1986 3926 καί
2035 3872 2421 3939 ἐνεφύσησεν
2450 3870 2537 3935 εἰς
2568 3867 2633 3921 τὸ
2683 3866 3008 3935 πρόσωπον
3045 3862 3231 3917 αὐτοῦ
3273 3859 3475 3926 πνοὴν

1889 3965 2056 4032 ζωῆς.
2105 3963 2278 4016 Βλέπε
2326 3959 2590 4031 διαφοράν
2632 3957 2934 4029 ἀνθρώπων
2978 3951 3070 4009 καὶ
3117 3955 3344 4023 ἀλόγων.
3392 3951 3474 4006 Τά

1888 4058 2023 4112 ἄλλα
2051 4057 2226 4110 πάντα
2257 4054 2424 4108 ποιῶν
2445 4054 2473 4105 6
2502 4052 2654 4116 Θεὸς,
2677 4050 2812 4122 ὁμοῦ
2846 4049 3021 4104 πάντα
3038 4048 3306 4118 ἐπήγαγε,
3333 4044 3472 4116 μετὰ

1888 4150 1982 4203 τοῦ
2017 4155 2265 4220 σώματος
2315 4147 2410 4199 καὶ
2441 4146 2540 4215 τήν
2583 4145 2786 4214 ψυχήν.
2826 4143 3100 4214 Πρόσεχε,
3147 4137 3468 4212 παρακαλῶ.

1904 4246 2156 4314 Ἐποίησε
2200 4242 2267 4296 τά
2312 4241 2505 4312 νηκτὰ,
2551 4237 2687 4309 δμοῦ
2737 4236 2895 4307 σῶμα
2944 4233 3094 4308 [486]
3136 4235 3231 4289 καὶ
3271 4235 3467 4305 ψυχήν.

1905 4334 2271 4404 Ἕξαγαγέτω
2317 4333 2354 4399 ἡ
2400 4330 2478 4400 γῆ
2518 4328 2663 4391 ζῶα·
2706 4327 2971 4400 προῆλθεν
3011 4325 3147 4397 ὁμοῦ
3191 4326 3327 4396 μετὰ
3363 4326 3471 4379 τῶν

1894 4429 2162 4498 σωμάτων
2195 4423 2287 4477 καὶ
2312 4425 2344 4493 ή
2366 4422 2533 4493 ψυχή.
2560 4421 2663 4474 Τὸν
2681 4419 2966 4490 ἄνθρωπον
2990 4420 3133 4470 ποιεῖ
3155 4416 3232 4487 τῷ
3260 4415 3472 4487 σώματι

1895 4519 2130 4590 πρῶτον,
2169 4512 2287 4569 εἶτα
2311 4517 2379 4585 τῇ
2402 4513 2569 4584 ψυχῇ.
2600 4511 2698 4564 Διά
2723 4511 2881 4564 ποίαν
2909 4509 3127 4572 ἐλπίδα;
3156 4510 3255 4562 Οἷα
3279 4510 3311 4579 ή
3339 4510 3473 4563 πλά-

1894 4629 1997 4675 σις,
2032 4608 2255 4678 τοιαύτη
2293 4606 2445 4676 καὶή
2483 4603 2635 4666 λύσις
2656 4619 2669 4633 ·
2695 4601 2765 4654 τὰ
2805 4601 2919 4667 ζῶα
2957 4601 3044 4654 διὰ
3067 4600 3224 4652 τοῦτο
3249 4601 3474 4654 ἀνάστα-

1894 4721 1976 4756 σιν
1999 4702 2098 4754 οὐκ
2119 4700 2254 4770 ἔχει,
2285 4697 2471 4768 ἐπειδὴ
2492 4697 2566 4760 ὼς
2587 4696 2823 4765 ἐγένετο,
2845 4692 2987 4747 οὕτω
3009 4693 3101 4746 καὶ
3120 4692 3470 4762 ἀποθνήσκει·

1891 4793 2026 4866 ὁμοῦ
2066 4794 2125 4846 τὸ
2155 4792 2314 4860 σῶμα
2356 4791 2450 4843 καὶ
2477 4791 2510 4860 ή
2536 4788 2681 4858 ψυχὴ
2708 4787 3050 4857 ἀφανίζεται.
3088 4784 3161 4836 Τὸ
3192 4782 3351 4853 σῶμα
3381 4781 3473 4834 τοῦ

1892 4886 2181 4958 ἀνθρώπου
2217 4882 2407 4936 ἐλαϐεν
2449 4880 2557 4933 ἀπὸ
2587 4880 2687 4948 τῆς
2721 4882 2854 4945 γῆς,
2885 4877 2983 4947 τὴν
3013 4875 3068 4928 δὲ
3102 4874 3281 4944 ψυχὴν
3314 4872 3478 4935 αὐτὸς

1892 4980 2072 5032 δίδωσι
2113 4976 2336 5038 κτίσας,
2365 4973 2798 5043 δημιουργήσας,
2833 4968 2933 5021 οὐκ
2977 4967 3041 5018 ἐκ
3074 4967 3171 5036 τῆς
3203 4965 3339 5027 ίδίας
3383 4965 3478 5018 οὐ·

1896 5071 2015 5135 σίας
2038 5067 2302 5132 ἐκϐαλὼν,
2333 5069 2400 5121 ἶν’
2425 5069 2552 5119 ὅταν
2589 5062 2836 5132 ἀποθάνῃ
2866 5060 2926 5113 τὸ
2958 5059 3137 5129 σῶμα,
3163 5057 3196 5127 ἢ
3225 5057 3253 5108 6
3276 5057 3479 5127 ἄνθρω-

1897 5180 2017 5229 πος,
2052 5163 2126 5233 μή
2154 5159 2483 5228 ἀπογνῶμεν
2512 5157 2610 5227 τῆς
2637 5155 2834 5224 ψυχῆς.
2869 5152 2936 5204 Τί
2960 5150 3088 5219 γάρ,
3113 5149 3196 5201 ὃτι
3219 5147 3390 5219 ἐτάφη
3418 5148 3478 5199 ἐν

1895 5254 2050 5324 τάφῳ
2077 5254 2137 5306 τὸ
2170 5251 2362 5322 σῶμα;
2393 5250 2483 5319 Μή
2511 5247 2889 5320 προσδοκήσῃς
2926 5244 3043 5296 ἐκεῖ
3080 5236 3220 5294 εἷναι
3253 5239 3350 5310 τήν
3375 5240 3478 5308 ψυ-

1893 5346 2016 5416 χήν.
2047 5343 2123 5397 Οὐ
2161 5343 2269 5413 7&9
2301 5339 2411 5396 ἀπὸ
2436 5340 2539 5410 γῆς
2567 5338 2796 5409 ἐλήφθη,
2836 5336 2957 5389 οὐδὲ
2983 5335 3063 5398 εἰς
3101 5335 3204 5405 γῆν
3241 5332 3479 5402 ἀπέρχεο

1894 5456 2004 5492 ται.
2047 5439 2316 5506 Ἐστησεν
2346 5431 2439 5488 οὖν
2469 5436 2570 5505 τὴν
2613 5431 2822 5487 ἐλπίδα.
2858 5430 2957 5483 Διά
2988 5427 3146 5482 τοῦτο
3182 5427 3273 5479 καὶ
3310 5425 3369 5477 ἐν
3400 5422 3479 5493 τῷ

1907 5529 2164 5600 Ἰεζεκιήλ
2209 5526 2542 5597 προφητεύει
2593 5525 2689 5596 τὴν
2739 5523 3038 5578 ἀνάστασιν
3083 5518 3224 5573 οὕτω
3268 5515 3476 5584 λέγων·

1963 5708 1989 5736 ⁸
2013 5705 2271 5758 Combeﬂs.
2296 5705 2561 5766 legendum
2581 5709 2721 5768 putat
2743 5703 2865 5767 ἔχειν
2894 5701 2978 5758 τὴν
3000 5700 3178 5765 τέρψιν.
3202 5695 3303 5749 Sed
3327 5692 3483 5745 lectio

1899 5773 1954 5820 ut
1975 5775 2053 5819 est
2079 5769 2195 5818 ferri
2222 5772 2405 5830 potest.
