3984 6478
436 555 579 620 Τοῖς
614 561 850 625 νεκροῖς
890 560 1129 626 dorso“;
1159 558 1397 630 ἐγένετο
1440 559 1635 631 σῶμα.
1662 557 1797 619 Εἶτά
1843 580 2031 635 φησιν,

443 639 547 692 Ἐκ
567 640 880 710 τεσσάρων
909 639 1147 712 ἀνέμων
1169 641 1391 698 ἐλθέτω
1412 642 1480 698 τὸ
1493 644 1753 717 πνεῦμα,
1779 648 1879 702 καί
1903 648 2032 701 εἰσ-

430 726 659 782 ελθέτω
709 729 798 793 εἰς
828 727 970 793 τοὺς
1010 728 1266 797 νεκροὺς
1302 731 1574 798 τούτους,
1616 734 1714 788 καί
1773 732 2035 802 ζησάτω·

434 825 580 863 σαν.
616 809 774 863 Οὕτω
802 812 897 864 καὶ
929 811 1090 866 Δαυῒδ
1118 812 1216 882 βοᾷ
1238 830 1253 844 ·
1302 814 1671 884 Ἀντανελεῖς
1703 817 1772 871 τό
1796 816 2037 885 πνεῦμα

440 891 656 954 αὐτῶν,
692 893 790 947 καί
813 895 1202 963 ἐκλείψουσι,
1234 897 1330 950 καί
1363 900 1452 965 είς
1488 900 1598 952 τὸν
1639 899 1794 968 χοῦν
1834 897 2036 953 αὐτῶν

442 976 939 1046 ἐπιστρέψωσιν.
992 980 1454 1049 Ἐξαποστελεῖς
1490 983 1558 1037 τὸ
1603 984 1849 1053 11νεῦμὰ
1892 1000 2033 1048 σου,

439 1061 539 1113 καὶ
577 1063 1029 1129 κτισθήσονται,
1072 1066 1169 1119 καί
1204 1068 1570 1135 ἀνακαινιεῖς
1599 1070 1667 1123 τὸ
1709 1070 2037 1137 πρόσωπον

441 1143 553 1213 τῆς
597 1143 731 1215 γῆς.
784 1143 938 1212 Εἶδες
962 1149 1294 1222 δημιουργὸν
1330 1152 1393 1206 16
1440 1152 1705 1224 Πνεῦμα;
1744 1149 1883 1217 εἶδες
1909 1169 2035 1208 συν-

436 1226 601 1296 ιργδν
638 1227 773 1282 Θεοῦ
795 1246 809 1296 ;

519 1320 583 1369 ε’.
614 1314 751 1368 Ἀλλ’
773 1319 853 1380 εἰς
870 1318 930 1371 τὸ
971 1320 1333 1390 προκείμενον
1359 1321 1767 1393 ἐπανέλθωμεν.
1798 1323 2039 1391 Ἔνεχφύ-

438 1412 660 1465 σησεν.
683 1399 784 1453 Διά
816 1402 933 1464 τοῦ,
992 1405 1427 1472 Ένεφύσησεν,
1470 1406 1531 1458 16
1568 1406 1774 1459 ἁπλοῦν
1803 1406 1903 1475 τῆς
1937 1405 2039 1475 ψυ-

440 1481 543 1551 χῆς
575 1481 775 1547 ἔδειξεο
811 1484 892 1538 διὸ
931 1486 1055 1539 οὔτε
1088 1488 1507 1559 πολυαρμόνιος.
1551 1491 1792 1561 Πρόσεχε
1828 1490 2034 1544 λοιπόν.

454 1564 670 1635 Ἐπειδὴ
699 1567 1014 1639 ἐπαλαιώθη
1046 1571 1079 1639 η
1110 1568 1462 1642 δημιουργία,
1496 1571 1839 1637 ἀνακαινίζει
1868 1571 2038 1644 αὐτὴν

440 1646 470 1698 6
494 1644 726 1716 Χριστὸς
764 1650 860 1702 ἐπὶ
886 1651 1188 1721 οἰκονομίᾳ.
1253 1654 1529 1725 Ἐπλάσθη
1570 1655 1743 1726 ’Λδάμ
1766 1656 1875 1710 ἀπὸ
1895 1656 2001 1726 γῆς
2020 1670 2034 1685 ⁸

442 1727 678 1783 ἔπλασεν
715 1733 744 1784 6
787 1733 1021 1802 Χριστὸς
1066 1733 1160 1788 τοῦ
1195 1736 1399 1806 τυφλοῦ
1435 1738 1562 1802 τοὺς
1589 1739 1904 1810 ὀφθαλμοὺς
1930 1739 2039 1793 ἀπὸ

440 1810 762 1895 πηλοῦ,ῖνα
798 1817 861 1869 σὺ
890 1816 1070 1888 μάθῃς
1099 1817 1189 1871 τὸν
1220 1818 1455 1874 λαϐόντα
1483 1822 1612 1895 χοῦν
1652 1824 1762 1876 ἀπὸ
1799 1824 1900 1893 τῆς
1934 1822 2039 1891 γῆς

442 1896 537 1946 καὶ
565 1893 867 1950 πλάσαντα.
923 1899 1291 1970 Ἐνεφύσησεν
1321 1903 1348 1954 6
1375 1893 1507 1967 Θεὸς
1534 1912 1615 1968 είς
1642 1905 1706 1958 16
1743 1906 2040 1975 πρόσωπον

440 1975 536 2028 τοῦ
579 1976 749 2049 ’Λδάμ
779 1981 950 2049 πνοὴν
975 1982 1122 2052 ζωῆς
1143 2001 1156 2014 ·
1188 1985 1523 2054 ἐνεφύσησεν
1554 1990 1581 2039 6
1606 1987 1845 2056 Χριστὸς
1869 1988 1949 2050 εἰς
1980 1986 2041 2039 16

440 2058 735 2127 πρῦσωπον
750 2061 859 2116 τῶν
882 2064 1108 2117 ἁποστόλ
1119 2084 1215 2129 ων,
1241 2068 1335 2120 καὶ
1356 2067 1524 2136 λέγει·
1550 2068 1773 2123 Λάϐετε
1798 2068 2042 2137 Πνεῦμα

442 2138 634 2209 ἅγιον.
688 2145 754 2197 ’0
802 2145 1085 2203 ἀπώλεσεν
1136 2149 1440 2221 ἐμφύσημα
1498 2152 1693 2222 Ἀδὰμ,
1745 2150 2041 2205 ἑαοῦθαὸ

442 2224 678 2295 Χριστὸς
709 2228 981 2292 ἀπέδωκε,
1025 2234 1117 2285 καὶ
1147 2234 1363 2298 ἐγένετο
1398 2235 1560 2289 πάλιν
1584 2238 1611 2289 6
1643 2235 1927 2307 ἄνθρωπος
1962 2237 2041 2297 εἰς

440 2308 621 2378 ψυχὴν
652 2310 853 2375 ζῶσαν.
902 2316 1142 2386 Πρόσεχε
1165 2335 1177 2347 ·
1223 2318 1459 2372 ἐνταῦθα
1503 2322 1535 2390 ἡ
1572 2320 1865 2373 ἀκολουθία
1891 2332 1940 2374 ⁸.
1978 2318 2039 2373 Εἰ

443 2390 553 2460 γὰρ
582 2394 674 2444 καὶ
703 2394 902 2463 κάμνει
930 2397 1032 2466 τῆς
1058 2400 1240 2467 φωνῆς
1274 2401 1337 2452 16
1364 2402 1615 2468 δργανον,
1646 2402 1783 2456 ἀλλά
1821 2404 1887 2471 τῇ
1917 2418 2041 2454 συν-

444 2472 566 2541 ήθει
591 2474 765 2530 ἐλπίδι
798 2479 1115 2549 προτρέχων
1142 2484 1236 2534 καὶ
1273 2483 1370 2546 τὰς
1394 2485 1505 2536 τῶν
1537 2484 1785 2554 ἀδελφῶν
1830 2485 2040 2547 ἱκεσίας

446 2556 801 2629 ὑποτέμνων,
836 2563 1078 2615 πιστεύω
1112 2565 1333 2633 δοθῆναί
1377 2585 1465 2637 μοι
1500 2568 1676 2636 λόγον,
1714 2570 1776 2621 ού
1817 2568 1907 2622 διὰ
1938 2570 2041 2637 τὴν

446 2639 603 2706 ἀξίαν
630 2642 793 2714 ἐμὴν.
824 2644 961 2698 ἀλλά
985 2647 1072 2699 διὰ
1101 2649 1200 2716 τὴν
1232 2650 1339 2702 τῶν
1368 2652 1678 2705 ἀκουόντων
1706 2653 2037 2724 προθυμίαν.

446 2724 509 2776 Εἰ
550 2727 645 2778 καὶ
671 2727 880 2793 ἀνάξιοι
909 2730 1019 2782 τῶν
1051 2732 1225 2797 ἁγίων
1260 2734 1447 2802 ἐσμὲν,
1483 2734 1602 2787 ἀλλ’
1625 2734 1826 2789 ἔπαθον
1852 2739 2039 2789 κάκείο

444 2824 527 2861 νοι
558 2808 752 2873 ταῦτα,
784 2811 878 2863 καὶ
919 2813 1022 2865 ὑπὸ
1055 2815 1153 2883 τῆς
1189 2814 1285 2867 τοῦ
1329 2816 1581 2885 σώματος
1615 2818 1900 2882 ἀσθενείας
1933 2820 2041 2871 ἐνε-

446 2892 748 2955 ποδίζοντο.
780 2896 1067 2966 Μαρτυρεῖ
1093 2897 1254 2950 Δαυῖδ
1292 2899 1467 2967 λέγων
1492 2916 1507 2930 ·
1557 2902 1884 2956 Ἐκοπίασα
1908 2905 2041 2970 κρά-

446 2974 578 3058 ζων,
610 2976 1010 3045 ἐϐραγχίασεν
1048 2983 1079 3033 ό
1107 2980 1342 3049 λάρυγξ
1369 3000 1507 3050 μου.
1546 2984 1764 3037 Βέλτιον
1788 2986 1844 3039 δὲ
1872 2985 2041 3058 βραγ-

448 3057 651 3140 χιῶντα
690 3059 868 3127 λέγειν
905 3060 975 3113 τὰ
1003 3062 1158 3131 ὀρθὰ,
1204 3063 1237 3131 ἢ
1286 3066 1453 3133 ὀρθὴν
1484 3065 1674 3134 ἔχοντα
1704 3067 1803 3138 τὴν
1835 3057 2039 3140 φωνὴν,

446 3139 891 3211 διεστραμμένην
915 3143 1060 3213 ἔχειν
1091 3146 1190 3213 τὴν
1210 3147 1409 3216 ψυχήν.
1447 3148 1815 3216 Ἐφύτευσεν
1838 3154 1870 3204 ό
1900 3153 2044 3218 Θεὸς

447 3223 818 3292 παράδεισον
836 3226 906 3279 ἐν
935 3227 1108 3295 Ἑδὲμ
1130 3230 1254 3282 κατ’
1273 3231 1666 3297 ἀνατολάς-,Τί
1681 3236 1829 3286 ἐστιν
1859 3236 2040 3305 Ἑδέμς

460 3308 623 3379 Ἐδὲμ
644 3309 1005 3381 ἑρμηνεύεται
1022 3313 1222 3383 τρυφὴ,
1248 3314 1323 3381 ὡς
1344 3314 1409 3368 ἂν
1440 3316 1581 3369 εῖποι
1607 3334 1713 3382 τις·
1749 3318 2044 3387 Ἐφύτευσε

450 3390 778 3462 παράδεισον
802 3396 860 3446 ἐν
887 3398 1087 3464 τρυφῖγ
1118 3398 1239 3450 ἀντὶ
1264 3397 1358 3449 τοῦ
1385 3413 1399 3428 ⁸
1426 3399 1483 3451 ἐν
1505 3400 1656 3469 τόπῳ
1679 3401 1956 3471 τρυφερῷ,
1987 3403 2045 3453 ὲν

448 3471 601 3544 τόπῳ
633 3474 801 3545 καλῷ.
832 3476 930 3529 Διά
960 3478 1119 3529 τοῦτο
1157 3481 1249 3531 ἐπὶ
1277 3479 1421 3532 τέλει
1446 3480 1620 3547 λέγει·
1656 3485 1763 3535 Καὶ
1796 3484 2045 3546 ἐξέϐαλε

452 3555 560 3608 τὸν
594 3556 789 3626 Ἀδὰμ,
815 3560 913 3612 καὶ
940 3560 1271 3625 κατῴκισεν
1292 3564 1480 3616 αὐτὸν
1499 3564 1785 3619 ἀπέναντι
1809 3567 1916 3620 τοῦ
1944 3584 2045 3619 πιιο

442 3638 735 3705 ραδείσου
757 3640 868 3709 τῆς
892 3644 1144 3712 τρυφῆς.
1162 3645 1526 3713 Ἐφύτευσεν
1548 3652 1579 3701 ὀ
1603 3649 1747 3714 Θεὸς
1768 3650 2045 3717 παράδει-

453 3736 570 3774 σον
607 3723 678 3775 ἐν
729 3724 900 3793 Ὲδὲμ
936 3728 1063 3779 κατ’
1097 3728 1423 3795 ἀνατολάς.
1472 3731 1625 3784 Διατί
1678 3733 1751 3803 μὴ
1801 3735 1880 3795 εἰς
1917 3734 2045 3787 ἄλλο

454 3804 799 3889 κλίμα,ἀλλὰ
825 3809 944 3861 κατ’
968 3811 1232 3873 ἀνατολὰς
1250 3814 1277 3863 6
1299 3813 1646 3882 παράδεισος;
1671 3816 1833 3867 Ὅθεν
1854 3818 1884 3887 ἡ
1904 3819 2044 3889 ἀρχὴ

452 3884 547 3938 τοῦ
567 3886 772 3958 δρόμου
792 3889 901 3941 τῶν
924 3895 1110 3961 φωστή
1122 3909 1248 3960 ρων,
1268 3895 1477 3946 ἐκεῖθεν
1490 3897 1581 3947 καὶ
1602 3898 1634 3965 ἡ
1657 3884 1913 3967 ἀρχὴτῆς
1933 3884 2048 3953 διαὶ

454 3972 645 4040 γωγῆς
673 3971 783 4026 τῶν
815 3974 1137 4045 ἀνθρώπων.
1175 3978 1487 4047 Προμηνύει
1514 3980 1544 4031 6
1572 3980 1705 4044 Θεὸς
1736 3982 1796 4035 τὸ
1830 3983 2043 4052 μέλλον’

454 4063 575 4117 κατ’
596 4064 863 4129 ἀνατολάς
891 4067 950 4119 ἓν
970 4066 1049 4137 τῷ
1082 4070 1395 4139 παραδείσῳ
1415 4070 1596 4143 τίθησι
1620 4073 1713 4125 τὸν
1736 4074 1831 4127 ἄνθ
1840 4092 2044 4145 ρωπον,

455 4144 542 4198 ῖνα
567 4146 716 4218 δείξῃ
736 4188 751 4207 .
783 4149 868 4202 δτι
894 4149 1083 4221 ῶσπερ
1107 4147 1251 4207 οὗτοι
1282 4155 1333 4206 οἰ
1358 4156 1643 4227 φωστῆρες
1670 4144 2049 4223 ἀνατέλλοντες

458 4228 610 4301 [A87]
644 4231 930 4302 τρέχουσιν
965 4237 1046 4298 εἰς
1091 4236 1243 4290 δύσιν
1268 4278 1282 4301 ,
1316 4239 1409 4291 καί⁵
1451 4238 1732 4295 δύνουσιν’
1778 4242 1922 4295 οῦτω
1955 4246 2049 4297 καὶ

453 4311 646 4365 τοῦτον
674 4314 755 4369 δεῖ
781 4316 888 4370 ἀπὸ
929 4318 1076 4389 ζωῆς
1120 4322 1199 4383 εἰς
1233 4321 1462 4376 θάνατον
1489 4322 1721 4395 δραμεῖν
1769 4327 1862 4379 καὶ
1890 4326 2049 4381 δῦσαι

457 4396 598 4481 κατά
629 4397 719 4481 16v
743 4398 915 4481 τύπον
946 4401 1057 4455 τῶν
1088 4406 1413 4476 φωστήρων,
1446 4408 1542 4460 καὶ
1574 4408 1742 4479 ἀλλην
1783 4411 2049 4481 ἀνατολὴν

456 4478 624 4531 πάλιν
656 4479 836 4533 λαϐεῖν
896 4482 955 4547 ἐξ
1010 4485 1365 4552 ἀναστάσεως
1416 4492 1649 4560 νεκρῶν.
1695 4478 1967 4563 Ἔδραμεν
2005 4478 2049 4547 -ὁ

470 4563 643 4651 ’Λδάμ
667 4569 747 4651 εἰς
774 4567 947 4634 δύσιν,
969 4570 1156 4625 ἔδυσεν
1176 4575 1256 4636 εἰς
1283 4575 1454 4643 τάφον
1472 4593 1487 4607 ο
1512 4578 1879 4649 ἠκολούθησεν
1899 4581 2048 4651 αύτῷ

454 4647 875 4733 1ἔασι-τράγματα
923 4653 1026 4722 τῆς
1079 4656 1213 4725 γῆς,
1247 4660 1341 4710 καὶ
1372 4663 1647 4732 συνετάφη
1697 4647 2044 4733 τῷήδύσαντί.

456 4725 663 4785 Ἦλθεν
705 4733 733 4784 6
769 4733 1001 4805 Χριστὸς
1026 4777 1041 4800 ,
1088 4742 1181 4792 καὶ
1232 4742 1489 4814 ἐποίησεν
1526 4725 1800 4799 ἀνατεῖλαι
1834 4748 1925 4800 τὸν
1956 4748 2049 4801 δύ-

459 4831 649 4869 σαντα.
702 4817 801 4868 Διά
858 4818 1019 4873 τοῦτο
1080 4820 1225 4889 λέγει
1282 4826 1312 4877 6
1353 4828 1641 4898 προφήτης
1684 4831 1813 4900 περὶ
1844 4832 2047 4884 αὐτοῦ’

470 4897 619 4953 Ἰδοὺ
642 4898 798 4967 ἀνὴρ
821 4939 836 4963 ,
899 4902 912 4921 ‘
997 4907 1183 4973 στολὴ
1224 4908 1411 4977 ὄνομα
1452 4912 1643 4977 αὐτῷ,
1686 4897 1782 4968 καί
1824 4916 2051 4970 ὑποκεί-

456 4985 645 5036 τωθεν
669 4985 858 5039 αὐτοῦ
903 4990 1233 5043 ιναι.’.ῖλει·
1263 4994 1539 5047 τουτέστιν
1562 5034 1575 5058 ,
1610 4997 1674 5050 ἐκ
1704 4998 1813 5051 τῶν
1840 5000 2045 5068 τάφων.

471 5064 561 5151 Ἐν
598 5065 895 5151 τῷᾲΪΛδάμ
930 5069 1113 5122 ἔδυσεν
1150 5075 1179 5125 6
1209 5073 1529 5145 ἄνθρωπος,
1576 5081 1633 5131 ἐν
1676 5080 1897 5151 Χριστῷ
1920 5064 2049 5135 ἀνέο

455 5146 653 5237 τειλεν.
690 5148 969 5237 Μαρτυρεῖ
998 5156 1209 5219 Παῦλος
1229 5172 1242 5185 ·
1274 5159 1502 5229 Ὥσπερ
1537 5162 1646 5231 γὰρ
1668 5146 1741 5216 ἑνί
1766 5164 1846 5229 τῷ
1869 5146 2050 5237 ’Ἀδὰμ

458 5228 683 5317 πάντες
716 5234 1253 5305 ἀποθνήσκουσιν,
1298 5228 1576 5297 οὔτωκαί
1603 5228 1674 5298 έν
1699 5245 1778 5311 τῷ
1816 5228 2049 5317 Χριστῷ

457 5308 683 5397 πάντες
710 5312 1273 5385 ζωοποιηθήσονται.
1307 5325 1416 5379 Καὶ
1442 5326 1663 5381 ἐλαϐεν
1682 5332 1715 5383 ό
1747 5308 1892 5397 Θεὸς
1944 5308 2050 5385 τὸν

457 5396 806 5483 ἆνθρωπον,
868 5403 938 5455 ὃν
982 5406 1268 5476 ἐποίησε,
1301 5410 1399 5462 καὶ
1442 5411 1609 5466 ἔθετο
1637 5415 1824 5469 αὐτόν
1966 5416 2049 5483 τῷ

459 5482 824 5549 παραδείσῳ.
879 5486 1210 5555 Εἱσήνεγκεν
1260 5494 1424 5547 αὑτὸν
1477 5496 1558 5561 εἰς
1612 5497 1828 5568 ἕτοιμον
1875 5482 2045 5555 οἶκον.

461 5562 676 5632 Ὥσπερ
704 5566 732 5617 6
762 5568 941 5619 καλῶν
994 5588 1114 5623 τινα
1155 5575 1232 5635 εἰς
1286 5576 1555 5643 ἑστίασιν,
1603 5580 1818 5651 πρῶτον
1866 5600 2048 5654 παρα-

458 5646 721 5709 σκευάζει
754 5650 843 5703 τδν
870 5648 1037 5716 οἷκον,
1062 5657 1154 5709 καὶ
1185 5658 1305 5709 τότε
1332 5661 1539 5728 εἰσάγει
1570 5646 1661 5713 τὸν
1689 5646 2045 5736 κεκλημένον*

459 5726 606 5781 οῦεω
636 5730 727 5783 καὶ
772 5733 1037 5789 ἐνταῦθα·
1072 5741 1485 5808 παρεσκεύασεν
1537 5743 1685 5814 αύτῷ
1725 5746 2047 5821 ἐνδιαίτημα

522 5862 547 5891 ⁸
574 5863 679 5912 Salv
712 5874 765 5917 e'.
782 5867 1042 5919 Comm-lis.
1065 5873 1269 5937 πρόσεχε
1297 5876 1388 5927 ἐντ.
1410 5881 1465 5939 τῇ
1490 5877 1764 5945 ἀκολουθίᾳ.

1890 448 2261 506 εενεειιΑΝι

2140 564 2475 638 ἀξιοπρεπές
2501 568 2595 620 τὸν
2622 567 2949 639 παράδεισον
2973 611 2988 636 ,
3016 571 3112 625 καὶ
3145 568 3319 634 οὕτως
3346 568 3613 642 εἰσήγαγε
3640 570 3729 624 τὸν

2139 649 2498 721 κεκλημένον.
2521 651 2632 706 Ποῦ
2662 652 2936 725 ἐπλάσθη;
2980 655 3070 708 Ἐν
3111 656 3179 726 τῇ
3208 655 3280 724 γῇ
3304 692 3319 716 ,
3351 652 3458 720 ἔξω
3489 652 3588 707 τοῦ
3620 671 3729 709 πα-

2140 734 2409 805 ραδείσου.
2453 736 2666 809 Ὠσπερ
2698 737 2807 808 γὰρ
2859 738 3145 808 φωστῆρες
3193 736 3439 807 ἀλλαχοῦ·
3461 736 3728 806 ἐγένοντο,

2138 817 2234 873 καὶ
2262 816 2528 889 ἐτέθησαν
2554 819 2613 870 ἐν
2647 818 2727 890 τῷ
2757 819 2994 892 οὐρανῷ,
3016 819 3189 883 οὕτως
3213 822 3242 873 6
3277 819 3450 890 Ἀδάμ
3484 820 3728 889 ἐπλάσθη

2136 900 2243 966 ἔξω
2270 902 2353 963 εἰς
2382 900 2551 972 ἀλλην
2577 902 2700 972 γῆν,
2738 906 2833 957 καὶ
2870 904 2993 957 τότε
3019 902 3307 973 εἰσηνέχθη
3332 906 3413 966 εἰς
3437 902 3531 955 τὸν
3562 903 3733 971 παρά-

2135 981 2330 1035 δεισον.
2356 982 2528 1037 Πόθεν
2564 983 2759 1051 τοῦτο;
2792 986 2955 1054 Λέγει
2987 988 3021 1057 ἡ
3062 986 3256 1057 Γραφὴ
3288 985 3382 1038 ἐπὶ
3426 985 3572 1038 τέλε.
3598 1028 3614 1049 ,
3644 986 3732 1037 ὅτε

2139 1062 2458 1129 ἐξεϐάλλετο
2486 1068 2515 1120 6
2552 1067 2752 1136 Ἀδάμ·
2786 1069 2900 1121 Καὶ
2936 1068 3369 1132 ἐξαπέστειλεν
3389 1070 3421 1120 ὁ
3456 1066 3602 1132 Θεὸς
3632 1068 3736 1120 τὸν

2150 1148 2322 1219 Ἀδὰμ
2341 1150 2411 1204 ἐκ
2436 1151 2542 1204 τοῦ
2564 1152 2935 1220 παραδείσου
2964 1152 3074 1220 τῆς
3097 1150 3327 1220 τρυφῆς
3349 1193 3363 1215 ,
3390 1150 3737 1220 ἐργάζεσθαι

2138 1232 2255 1297 τὴν
2275 1230 2412 1300 γῆν,
2443 1233 2512 1297 ἐξ
2539 1229 2617 1304 ἧς
2639 1234 2897 1303 ἐλήφθη.
2937 1236 3143 1289 Ἔθετο
3176 1233 3365 1288 αὐτὸν
3412 1234 3483 1287 ὲν
3510 1232 3594 1298 τῷ
3621 1247 3739 1287 πα-

2134 1315 2401 1383 ραδείσῳ
2435 1316 2548 1383 τῆς
2576 1317 2842 1387 τρυφῆς,
2884 1318 3230 1387 ἐργάζεσθαι
3268 1317 3365 1371 καί
3406 1317 3741 1387 φυλάττειν

2141 1399 2252 1452 τὸν
2298 1399 2685 1467 παράδεισον.
2741 1402 3119 1471 Ἐργάζεσθαι.
3154 1403 3219 1455 Τί
3266 1401 3375 1472 γάρ
3414 1400 3634 1453 ἔλειπεν
3681 1402 3741 1453 ἐν

2141 1480 2222 1552 τῷ
2274 1482 2626 1553 παραδείσῳς
2668 1485 2718 1538 εἰ
2752 1485 2809 1538 δὲ
2840 1486 2935 1539 καὶ
2958 1487 3116 1556 χρεία
3144 1480 3214 1555 ἦν
3256 1483 3519 1555 ἐργάτου,
3571 1481 3741 1533 πόθεν

2141 1566 2411 1637 άροτρονς
2443 1565 2606 1619 πόθεν
2633 1566 2700 1620 τὰ
2729 1567 2862 1621 ἄλλα
2893 1568 2992 1637 τῆς
3019 1566 3294 1637 γεωργίας
3317 1566 3527 1635 δργανα
3555 1582 3572 1631 ;
3616 1564 3744 1635 Ἐρ-

2139 1647 2407 1717 γάζεσθαι
2453 1649 2548 1701 καὶ
2589 1649 2878 1718 φυλάττειν
2905 1651 3005 1720 τήν
3050 1649 3271 1719 ἐντολὴν
3304 1649 3398 1701 τοῦ
3429 1647 3569 1701 Θεοῦ
3594 1689 3610 1712 ,
3642 1648 3743 1701 καὶ

2142 1730 2422 1785 πιστεύειν
2451 1735 2519 1803 τῇ
2549 1732 2736 1804 ἐντολῇ
2766 1773 2780 1795 ,
2806 1732 2901 1787 τοῦ
2924 1732 3063 1785 Θεοῦ
3085 1734 3244 1803 ἔργον
3268 1728 3354 1803 ἦν.
3388 1731 3552 1799 Λέγει
3577 1730 3606 1782 6
3634 1731 3743 1789 Σω-

2139 1816 2276 1885 τήρ·
2316 1816 2499 1870 Τοῦτό
2541 1816 2713 1869 ἐστιν
2745 1816 2922 1884 ἔργον
2954 1816 3059 1870 τοῦ
3107 1814 3293 1879 Θεοῦ,
3340 1815 3441 1867 ἵνα
3488 1815 3741 1868 πιστεύε-

2140 1912 2291 1965 σητε
2336 1901 2423 1963 εἰς
2470 1898 2543 1952 ὂν
2593 1900 2958 1953 ἀπέστειλεν
2994 1898 3245 1964 ἐκεῖνος.
3293 1898 3508 1967 Ὥσπερ
3542 1892 3636 1950 οὖν
3679 1897 3743 1950 16

2141 1981 2434 2034 πιστεῦσαι
2466 1981 2544 2051 τῷ
2579 1981 2802 2052 Χριστῷ
2832 1981 2991 2052 ἔργον
3023 1982 3171 2035 ἐστὶν
3194 2019 3209 2044 ,
3241 1979 3385 2034 οὕτω
3415 1978 3476 2033 16
3514 1978 3741 2032 πιστεῦ-

2144 2079 2234 2115 σαι
2268 2065 2333 2133 τῇ
2370 2064 2589 2134 ἐντολῇ,
2615 2064 2696 2117 ὅτι
2732 2064 2826 2116 ἐὰν
2856 2064 3090 2134 ἅψηται,
3131 2063 3466 2133 ἀποθνήσκει
3490 2078 3504 2093 ·
3539 2062 3636 2114 ἐὰν
3683 2060 3742 2113 δὲ

2146 2146 2220 2216 μὴ
2252 2147 2453 2216 ἅψηται
2479 2187 2494 2212 ,
2527 2145 2615 2215 ζῇ.
2654 2144 2855 2216 Ἔργον
2885 2142 2950 2217 ἦν
2996 2146 3106 2198 τῶν
3145 2142 3537 2215 πνευματικῶν
3564 2144 3742 2211 λόγων

2141 2231 2174 2299 ἡ
2204 2230 2457 2298 τήρησις.
2502 2228 2715 2281 Παύλου
2752 2229 2914 2299 ἔργον
2967 2233 3160 2293 ποῖον;
3216 2228 3291 2300 μὴ
3325 2228 3572 2301 γεωργὸς
3611 2224 3681 2297 ἦν
3712 2229 3743 2280 6

2144 2312 2353 2374 Παῦλος
2376 2329 2390 2376 ;
2418 2312 2494 2383 μὴ
2523 2313 2716 2384 ἑτέραν
2744 2313 2903 2382 ἔσχεν
2927 2313 3232 2383 ἐργασίαν;
3260 2313 3323 2365 ού
3358 2312 3421 2364 τὸ
3452 2313 3567 2367 πᾶν
3586 2310 3742 2379 αὐτῷ

2142 2394 2303 2465 ἔργον
2325 2395 2483 2463 λόγος
2515 2392 2582 2464 ἦν
2609 2414 2622 2460 ;
2652 2396 2713 2448 ού
2740 2398 2999 2465 κήρυγμα
3025 2392 3094 2467 ἦν
3120 2412 3133 2457 ;
3172 2396 3281 2448 Καὶ
3310 2395 3457 2461 λέγει
3486 2396 3601 2455 τοῖς
3636 2410 3745 2462 μα-

2142 2479 2367 2546 θηταῖς·
2404 2478 2476 2530 Τὸ
2509 2477 2690 2544 ἔργον
2716 2495 2835 2545 μου
2873 2478 3046 2546 ὑμεῖς
3081 2480 3221 2531 ἐστε
3262 2478 3333 2530 ἐν
3363 2477 3577 2543 Κυρίῳ.
3620 2475 3743 2543 Ἐρ-

2142 2559 2439 2629 τάζεσθαι,
2467 2560 2654 2629 φησὶν,
2687 2560 2875 2614 αὐτόν
2903 2562 3005 2614 καὶ
3028 2560 3373 2629 φυλάττειν.
3393 2559 3528 2611 ’Λπὸ
3552 2560 3701 2621 τίνος
3726 2576 3740 2621 ;

2143 2641 2361 2719 Λῃστὴς
2392 2643 2493 2695 οὐκ
2520 2637 2588 2712 ἦν
2613 2681 2627 2705 ,
2657 2645 2686 2695 6
2716 2643 3009 2713 παροδίτης
3036 2644 3136 2696 ούκ
3166 2637 3233 2713 ἦν
3254 2685 3267 2708 ,
3299 2644 3326 2695 6
3369 2640 3742 2695 ἐπιϐουλεύων

2142 2731 2242 2783 οὐκ
2278 2726 2381 2801 ἦν·
2434 2731 2544 2783 ἀπὸ
2591 2731 2736 2795 τίνος
2786 2732 3111 2800 φυλάττειν;
3143 2733 3258 2784 Ἱνα
3314 2730 3534 2801 φυλάξῃ
3572 2729 3745 2783 αὺτέν

2144 2811 2356 2882 έαυτῷ’
2403 2812 2492 2866 ἵνα
2548 2812 2622 2882 μὴ
2674 2813 2931 2883 παραϐὰς
2976 2814 3217 2884 ἀπολέσῃ
3269 2813 3467 2866 αὐτόν·
3504 2811 3622 2865 ἀλλ’
3652 2811 3743 2863 ἴνα

2140 2896 2239 2967 τὴν
2267 2895 2484 2967 ἐντολὴν
2508 2895 2795 2964 φυλάττων
2821 2896 3034 2969 φυλάξῃ
3064 2897 3242 2968 ἐαυτῷ
3271 2897 3361 2949 16v
3383 2895 3742 2967 παράδεισον.

2144 2979 2455 3050 Συγκάμνει
2492 2982 2558 3050 τῇ
2592 2983 2744 3050 φωνῇ
2776 2982 2867 3032 καὶ
2896 2982 2928 3052 ἡ
2954 2980 3162 3033 διάνο;;ι
3188 2998 3199 3009 ·
3234 2978 3369 3033 ἀλλᾶ
3398 2978 3507 3031 τῶν
3539 2979 3747 3047 νοημά·

2142 3080 2250 3115 των
2280 3062 2589 3132 γενώμεθα.
2626 3065 2878 3127 Ἔθηκε-ν
2924 3063 3112 3116 αὐτὸν
3145 3063 3213 3115 ἑν
3248 3061 3327 3127 τῷ
3366 3061 3741 3130 παραδείσῳ.

2144 3146 2344 3198 Λοιπὸν
2405 3149 2788 3218 σκιογραφεῖὴ
2843 3147 3036 3216 Γραφὴ
3074 3147 3142 3198 τὰ
3183 3145 3445 3216 μέλλοντα
3489 3143 3580 3196 διά
3632 3144 3745 3194 τῶν

2146 3228 2548 3297 προλαϐόντων.
2586 3229 2859 3296 Ποταμὸς
2897 3230 2966 3281 δὲ
3014 3229 3401 3295 ἐκπορεύεται
3431 3225 3502 3289 ἐξ
3547 3225 3744 3293 Ἐδὲμ,

2146 3310 2403 3371 ποτίζειν
2431 3314 2539 3366 τὸν
2564 3312 2950 3379 παράδεισον.
2998 3312 3130 3364 Ἀπὸ
3155 3310 3343 3364 τούτου
3379 3310 3539 3380 μάθε.
3575 3310 3658 3361 ὄτι
3681 3310 3745 3361 οὐ

2146 3396 2417 3466 κηποῦριν
2452 3398 2470 3417 '
2506 3398 2634 3463 (sic)
2678 3393 2753 3482 ἦν
2775 3400 2803 3449 6
2832 3396 3162 3482 παράδεισος
3185 3438 3210 3482 ,_
3247 3393 3443 3482 μικρὸν
3473 3392 3616 3482 ἔχων
3648 3391 3750 3458 μέ-

2148 3481 2582 3550 τρον.-ιΙοταμδς
2607 3480 2862 3544 τοσοῦτος
2892 3480 3107 3551 ἀρδεύει
3134 3520 3148 3543 ,
3178 3478 3317 3531 ὥστε
3362 3478 3472 3528 ἀπὸ
3509 3478 3607 3528 τοῦ
3644 3490 3748 3525 πε-

2155 3563 2507 3633 ριττεύματος
2543 3564 2704 3617 αὐτοῦ
2741 3566 3015 3635 τέσσαρας
3041 3559 3180 3616 εἶναι
3215 3559 3517 3628 ποταμούς.
3552 3562 3749 3610 Ποτίτ-

2142 3648 2257 3715 μὸς
2295 3646 2364 3699 δὲ
2383 3649 2763 3714 ἐκπορεύεται
2788 3647 2856 3710 ἐξ
2898 3647 3094 3715 Ἑδὲμ,
3129 3643 3385 3703 ποτίζειν
3410 3642 3519 3694 τόν
3550 3640 3749 3709 παρίίο

2149 3729 2377 3781 δεισον.
2398 3730 2637 3784 Ἐκεῖθεν
2669 3730 2804 3798 μετὰ
2836 3731 2897 3782 τὸ
2926 3730 3143 3783 ποτίσαι
3171 3725 3449 3799 μερίζεται
3481 3724 3637 3795 [488]
3662 3725 3751 3785 εἰς

2148 3815 2418 3883 τέσσαρας
2445 3814 2618 3881 ἀρχάς
2640 3830 2653 3843 ·
2685 3815 2763 3876 εἰς
2789 3813 2880 3865 τὸν
2912 3813 3103 3882 Τίγριν
3130 3854 3144 3875 ,
3169 3814 3247 3873 εἰς
3275 3809 3366 3861 τὸν
3398 3807 3593 3859 Νεῖλον
3616 3847 3628 3864 ,
3665 3808 3751 3869 εἰς

2150 3898 2238 3949 τὸν
2270 3897 2562 3965 Εὐφράτην
2582 3935 2596 3958 ,
2638 3898 2717 3959 εἰς
2745 3895 2836 3950 16v
2864 3898 2922 3947 ἐν
2956 3899 3023 3967 τῇ
3059 3895 3250 3966 Γραφῇ
3299 3891 3595 3962 λεγόμενον
3626 3890 3757 3942 Φει-

2156 3978 2284 4041 σὼν,
2311 3978 2369 4030 ὃν
2398 3978 2492 4032 νῦν
2517 3978 2733 4048 λέγουσι
2762 3980 3043 4033 Δανοῦϐιν.

2224 4062 2298 4126 ς’.
2326 4063 2496 4115 Βλέπε
2523 4064 2751 4133 μέγεθος
2783 4064 3029 4133 ποταμοῦ
3066 4064 3426 4135 μεριζομένου
3447 4066 3528 4127 εἰς
3546 4064 3752 4117 τέσσα-

2155 4162 2282 4216 pag"
2321 4148 2415 4199 καὶ
2446 4149 2475 4200 6
2512 4147 2752 4210 τοιοῦτος
2779 4148 2938 4218 μόνος
2983 4148 3201 4219 ἀρδεύει
3254 4149 3347 4202 16v
3392 4148 3750 4218 παράδεισον.

2151 4229 2305 4282 Διατί
2335 4228 2610 4294 τοιοῦτος;
2644 4232 2801 4299 μόνος
2823 4227 2889 4301 ἦν
2926 4231 3095 4300 ’Λδάμ
3115 4246 3127 4259 ’
3161 4232 3244 4295 τίς
3274 4232 3431 4302 χρεία
3462 4227 3532 4301 ἦν
3554 4227 3754 4282 10006—-

2152 4329 2245 4364 του
2276 4330 2289 4377 ;
2333 4312 2471 4365 Ἀλλ’
2500 4314 2599 4383 οὐχ
2643 4315 2725 4366 ἐνὶ
2760 4317 2905 4385 μόνῳ
2939 4314 3153 4382 ἐγένετο
3174 4331 3190 4347 ’
3237 4314 3373 4369 ἀλλά
3399 4316 3513 4377 τοῖς
3544 4313 3754 4381 πέρασι

2150 4396 2250 4466 τῆς
2277 4399 2625 4468 οἰκουμένης.
2669 4398 3027 4468 Ἢτοιμάξετο
3076 4400 3446 4471 πατριάρχαις
3472 4437 3488 4463 ,
3524 4397 3755 4467 προφή-

2149 4499 2270 4546 ταις
2292 4524 2307 4547 ,
2338 4484 2657 4547 ἀποστόλοις
2675 4525 2691 4549 ,
2732 4484 3178 4553 εύαγγελισταῖς,
3218 4485 3486 4555 μάρτυσιν
3511 4522 3526 4544 ,
3553 4481 3754 4551 ὁμολο-

2150 4567 2345 4635 γηταίς
2364 4605 2381 4631 ,
2426 4567 2603 4635 ἀγίοις
2622 4609 2636 4632 ,
2673 4571 2914 4630 πιστοῖς,
2955 4567 3256 4638 ὀρθοδόξοις
3279 4607 3293 4629 ,
3323 4563 3565 4627 εὐσεϐῶς
3595 4563 3753 4616 πολι-

2151 4648 2496 4717 τευομένοις,
2528 4650 2664 4703 πᾶσι
2697 4653 2807 4713 τοῖς
2838 4650 3089 4713 δικαίοις.
3123 4651 3184 4703 Εἰ
3224 4652 3333 4720 γάρ
3364 4649 3444 4719 τῷ
3483 4647 3657 4719 λῃστῇ
3687 4648 3753 4703 ἐν

2156 4732 2255 4800 μιᾷ
2274 4730 2395 4802 ὥρᾳ
2420 4732 2819 4802 ὁμολογήσαντι
2846 4734 2936 4785 τὸν
2955 4733 3284 4803 παράδεισον
3307 4733 3336 4785 6
3358 4730 3551 4802 Σωτὴρ
3579 4733 3756 4800 ἐπηγ·

2152 4813 2371 4879 γείλατο
2397 4814 2571 4883 λέγων
2590 4828 2605 4844 ο
2642 4814 2912 4883 Σήμερον
2937 4815 3064 4884 μετ’
3095 4816 3242 4885 ἐμοῦ
3270 4815 3384 4885 ἔσῃ
3415 4818 3485 4869 ἐν
3518 4814 3601 4881 τῷ
3634 4830 3755 4866 πα-

2144 4896 2411 4963 [ιιιδείσῳ
2448 4912 2464 4929 ·
2514 4898 2544 4949 6
2581 4899 2851 4961 κοπιάσας
2906 4899 2971 4951 ἐκ
3029 4899 3155 4963 νέας
3205 4898 3422 4969 ἡλικίας
3466 4897 3747 4968 Ἀϐραὰμ..

2166 4979 2373 5044 Ίσαάκ,
2418 4978 2635 5043 Ἰακὼϐ,
2667 4982 2716 5033 οἰ
2750 4982 2815 5033 ἐκ
2836 4980 3025 5035 τούτου
3057 4983 3550 5053 πατριάρχαι......
3582 4983 3609 5020 ι’
3635 4982 3751 5033 Καὶ

2153 5060 2260 5132 πρὸ
2285 5061 2492 5115 τούτων
2520 5064 2742 5117 πάντων
2779 5063 3111 5135 κληρονομεῖ
3141 5068 3169 5119 6
3195 5064 3399 5136 λῃστὴς
3438 5064 3533 5118 τὸν
3563 5065 3751 5134 παρά-

2152 5146 2347 5199 δεισον.
2381 5146 2531 5199 Ποιεί
2551 5142 2645 5200 οὗν
2677 5150 2705 5200 6
2735 5149 2867 5213 Θεὸς
2902 5148 2969 5202 τά
3000 5148 3160 5221 ἔργα,
3193 5150 3255 5202 οὺ
3302 5149 3439 5216 πρὸς
3462 5148 3525 5200 16
3561 5147 3752 5215 φαινό-

2155 5245 2337 5297 μενον,
2371 5228 2510 5281 άλλά
2534 5231 2670 5300 πρὸς
2704 5231 2765 5283 τὸ
2795 5232 3263 5300 προσδοκώμενον.
3305 5231 3461 5284 Διατί
3488 5230 3681 5285 τοσοῦτ
3717 5249 3750 5283 ν

2152 5311 2352 5374 πλάτος
2373 5312 2478 5381 γῆς
2502 5314 2757 5381 ἐποίησεν
2781 5332 2793 5373 ;
2830 5314 2917 5367 διὰ
2938 5314 3031 5367 τὸν
3070 5316 3264 5384 Ἀδὰμ,
3304 5314 3339 5384 ἢ
3372 5314 3462 5368 διὰ
3491 5314 3620 5375 τοὺς
3648 5313 3748 5367 νῦν

2151 5394 2572 5459 κατοικοῦντας;
2626 5396 2881 5450 Ἐκεῖθεν
2918 5397 3252 5465 ἀφορίζεται
3303 5400 3391 5463 είς
3434 5396 3748 5465 τέσσαρας

2148 5476 2336 5544 ἀρχάς
2360 5494 2373 5509 ·
2422 5479 2522 5532 οὐκ
2573 5474 2726 5532 εἶπεν
2752 5522 2766 5542 ,
2809 5483 2890 5541 εἰς
2926 5481 3169 5551 τέσσαρα
3204 5480 3511 5549 ἀπλὼματα
3533 5522 3549 5545 ,
3580 5480 3744 5541 ἀλλά.

2149 5560 2340 5629 ἀρχὰς
2362 5602 2375 5626 ,
2412 5562 2696 5628 τουτέστι,
2731 5564 2932 5634 πηγάς.
2973 5566 3181 5636 Ὀνομα
3211 5564 3285 5635 τῷ
3319 5566 3399 5617 ἐν).
3421 5564 3653 5630 Φεισὼν,
3681 5563 3744 5617 εν

2211 5706 2229 5723 ⁹
2256 5706 2407 5756 Savil.
2432 5712 2486 5776 εἰ
2508 5707 3037 5776 (Σοωὺθίῑε.-κηποῦρις.
3065 5714 3213 5761 Savil.
3240 5712 3366 5776 conj.
3392 5722 3565 5773 κῆπος.
3595 5714 3735 5776 Fort.

2150 5766 2251 5823 leg.
2291 5769 2568 5839 χηςπούριον.
2616 5772 2746 5820 unde
2773 5766 3123 5823 hodieriwruln
3155 5766 3374 5836 κηπούςῖι.
3418 5766 3548 5826 [intrii
3584 5766 3721 5829 SJVII

2147 5843 2533 5889 πεζιισσευματος.

2214 5890 2240 5929 ιι
2267 5890 2356 5940 Hic
2387 5898 2552 5941 textus
2575 5892 2795 5944 deﬁcere
2816 5893 3023 5944 videtur.
