3984 6416
216 358 338 414 477

205 466 598 522 surreetionem
631 463 947 518 vaticinatur
974 461 1057 514 his
1099 459 1278 514 verbis
1307 477 1319 512 :
1353 461 1569 514 Mortuis
1607 461 1801 514 ossibus

205 575 398 626 corpus
423 563 612 628 factum
637 565 709 608 est
737 552 948 624 (Ezecll.
983 553 1068 608 57.
1102 550 1178 620 9).
1213 550 1412 604 Deinde
1437 551 1510 604 ait
1535 568 1549 604 :
1579 550 1661 603 Ea:
1679 567 1805 617 qua-

206 658 330 701 tuor
365 649 521 702 ventis
559 648 721 700 ueniat
763 645 993 713 spiritus,
1044 653 1089 694 et
1129 642 1444 711 ingrediatur
1487 643 1538 693 iii
1582 651 1805 693 mortuos

205 740 328 806 llos,
357 749 403 792 et
441 740 628 792 vivant.
667 738 754 789 Sic
787 745 841 789 et
874 735 1035 788 David
1067 734 1262 786 clamat
1291 750 1303 784 :
1336 732 1546 800 Auferes
1575 732 1806 800 spiritum

203 847 405 896 eorum,
449 839 498 882 et
526 828 782 895 deﬁcient,
831 837 877 878 et
917 826 967 876 in
998 825 1251 890 pulverem
1298 839 1446 875 suum
1477 830 1803 874 revertentur.

210 919 428 973 Emittes
462 918 710 987 Spiritum
739 927 902 981 tuum,
935 924 977 967 et
1010 915 1330 978 creabantur,
1365 922 1409 964 et
1438 911 1698 964 reuovabis
1721 910 1805 976 [a-

205 1010 338 1063 ciem
363 1021 511 1062 teme
534 1007 703 1080 (l’sal.
741 1006 864 1060 105.
895 1004 983 1058 29.
1016 1004 1129 1070 51)).
1163 1003 1348 1055 Vidisti
1375 1002 1628 1071 Spiritum
1655 1015 1805 1055 crea—

210 1111 384 1156 torem
409 1101 431 1150 't
460 1100 634 1152 vidisti
663 1113 781 1150 cum
819 1098 925 1150 Deo
947 1095 1299 1162 operanlelll‘!

295 1192 349 1246 5.
393 1190 500 1244 Sed
539 1189 602 1241 all
633 1188 963 1258 propositum
995 1201 1343 1238 revertamur.
1381 1182 1678 1252 lusu/flavit.
1709 1182 1810 1235 Per

210 1282 383 1346 illud,
435 1279 753 1349 lnsuﬁlavit,
808 1278 1000 1330 allllll'c
1063 1276 1457 1342 simplicitatem
1511 1272 1746 1326 ostendit.
1795 1291 1807 1326 :

210 1373 335 1426 ideo
363 1386 463 1424 nec
492 1371 669 1423 multis
697 1372 1067 1423 colzcilinatur.
1101 1365 1331 1418 Attende
1352 1364 1483 1432 jam.
1510 1363 1640 1428 Quia
1662 1378 1812 1416 crea-

211 1473 328 1519 tura
359 1464 775 1522 inveteraverat,
802 1459 946 1512 illam
973 1459 1219 1513 Christus
1245 1457 1293 1508 ill
1319 1456 1714 1524 ὼεμριιδιιιίυιιε
1738 1452 1811 1523 (ιι)

216 1555 504 1608 instaurat.
560 1553 841 1607 Formatos
883 1562 964 1605 est
1010 1551 1175 1603 Adam
1224 1549 1290 1601 de
1336 1559 1475 1601 terra
1521 1546 1814 1600 :l‘ormavit

211 1648 462 1701 Christus
503 1647 630 1701 caeci
677 1645 862 1699 oculos
896 1661 959 1698 ex
989 1645 1099 1697 luto
1120 1685 1134 1708 ,
1167 1653 1222 1696 ut
1254 1643 1377 1695 hinc
1408 1644 1623 1695 noveris
1652 1657 1772 1695 cum
1798 1681 1811 1703 ,

215 1740 302 1807 qui
345 1739 554 1806 accepit
583 1737 850 1806 pulverem
877 1735 942 1788 de
974 1745 1110 1788 terra
1135 1777 1148 1794 ,
1179 1745 1230 1786 et
1263 1734 1529 1786 iorlllavit.
1564 1732 1810 1785 lllsufﬁa—

213 1829 291 1882 vit
334 1831 475 1883 Deus
517 1830 570 1881 in
616 1829 800 1881 facient
829 1826 996 1879 Adam
1049 1826 1309 1892 spiracula
1341 1826 1496 1886 vitia;
1529 1823 1812 1876 illsuillavit

211 1921 459 1976 Christus
511 1920 562 1972 ili
603 1919 792 1972 faciem
837 1923 1232 1985 apostolorum,
1278 1925 1333 1969 et
1373 1915 1508 1968 dixit
1554 1914 1818 1981 :Accipite

214 2010 470 2080 Spiritum
515 2021 743 2063 sanctum
792 2008 969 2079 (Joan.
1011 2010 1099 2061 20.
1130 2009 1242 2077 22).
1275 2009 1404 2060 Eam
1436 2023 1555 2076 qua:
1586 2008 1817 2074 perierat

213 2102 406 2155 Adami
454 2101 906 2162 illsulllationcm,
955 2099 1198 2151 Christus
1251 2098 1517 2160 restituit,
1563 2108 1617 2150 et
1647 2096 1816 2149 factus

215 2202 297 2244 est
337 2205 522 2245 rursus
551 2190 710 2243 homo
737 2190 785 2241 in
811 2190 1042 2240 animam
1071 2188 1358 2241 viventem.
1394 2187 1488 2239 llic
1516 2187 1671 2240 seriei
1697 2187 1816 2238 ani—

216 2297 359 2334 mimi
405 2279 620 2333 adhibe.
675 2279 896 2332 Etiamsi
944 2279 1085 2331 enim
1119 2279 1260 2332 vocis
1307 2293 1564 2346 organum
1597 2276 1810 2342 deﬁcit,

213 2383 470 2430 clinsueta
523 2383 697 2427 tamen
753 2388 848 2442 spe
901 2386 1267 2440 praecurrens,
1319 2371 1651 2437 fratrumque
1695 2381 1814 2420 vota

213 2469 562 2533 accclcrans,
610 2467 773 2520 credo
817 2467 1048 2518 dandum
1100 2465 1226 2519 mihi
1264 2481 1383 2518 esse
1415 2465 1673 2526 verbum,
1710 2479 1814 2514 non

216 2558 396 2612 meriti
447 2557 554 2612 mei
597 2573 793 2620 causa,
837 2555 930 2608 sed
973 2555 1265 2608 alacritatis
1291 2555 1595 2606 auditorum
1623 2553 1813 2619 gratia.

214 2647 441 2703 Etiamsi
471 2648 671 2702 sanctis
695 2663 798 2699 lion
826 2648 993 2699 simus
1023 2645 1407 2714 comparandi;
1432 2654 1485 2697 at
1508 2645 1579 2696 illi
1607 2658 1818 2712 quoque

213 2741 340 2796 talia
383 2748 511 2794 sunt
551 2739 721 2808 passi,
751 2738 1103 2806 corporisque
1130 2735 1527 2790 inﬁrmitatibus
1559 2733 1818 2803 impedie-

213 2833 429 2887 bantur.
471 2831 529 2884 Id
573 2831 886 2883 testiﬁcatur
930 2828 1095 2881 David
1139 2828 1319 2881 dicens
1365 2845 1377 2879 :
1419 2826 1668 2877 Lttborttt'i
1708 2826 1816 2876 cla-

215 2942 360 2977 mans
381 2965 396 2987 ,
419 2939 588 2974 rauth
615 2923 764 2989 [artic
793 2931 907 2973 sunt
933 2923 1107 2989 fauces
1140 2935 1260 2972 mea:
1290 2917 1460 2989 (Psat.
1495 2925 1581 2970 tib“.
1617 2923 1689 2986 fi).
1715 2917 1818 2969 Me-

213 3018 319 3072 lius
366 3031 526 3086 porro
568 3026 649 3067 est
688 3031 843 3066 rauca
877 3029 1007 3066 Voce
1038 3023 1178 3065 recta
1209 3012 1421 3074 dicere,
1450 3028 1607 3079 quam
1631 3051 1644 3074 ,
1675 3024 1816 3062 recta

214 3125 383 3173 voce,
429 3109 610 3159 animo
645 3120 955 3175 pel-versum
987 3119 1122 3155 esse.
1164 3102 1416 3154 l’llmlavit
1448 3100 1582 3153 Deus
1614 3101 1822 3170 paradi-

213 3218 327 3254 sum
352 3201 405 3252 in
431 3198 591 3252 Edent
618 3201 684 3250 ad
707 3199 946 3251 orien'ein
975 3195 1122 3267 (Gen.
1158 3195 1210 3247 2.
1247 3195 1323 3260 8).
1351 3193 1486 3259 Quid
1510 3203 1591 3247 est
1616 3192 1819 3246 Edoni?

217 3292 387 3349 [idem
418 3291 683 3361 signiﬁcat
713 3290 930 3343 delicias
960 3303 974 3352 ;
1008 3304 1069 3340 ae
1100 3287 1142 3340 si
1171 3287 1286 3354 quis
1309 3285 1533 3348 diceret,
1561 3284 1821 3338 Plautavit

221 3382 531 3452 paradisum
565 3382 615 3433 ill
646 3381 853 3434 deliciis
877 3423 889 3443 ,
915 3381 1026 3432 sive
1058 3380 1107 3430 in
1140 3377 1397 3431 delicioso
1429 3377 1578 3437 loco,
1616 3376 1666 3427 ill
1701 3376 1819 3444 pul-

219 3476 353 3530 ellro
393 3476 532 3528 loco.
579 3475 807 3542 Ideoque
849 3473 898 3524 ill
943 3474 1043 3524 ﬁllc
1071 3470 1198 3523 dicit
1233 3487 1243 3521 :
1279 3467 1346 3520 Et
1373 3469 1514 3538 ejecit
1543 3467 1744 3530 Adam,
1777 3475 1821 3518 et

220 3567 487 3619 collocavit
519 3582 632 3616 eum
659 3581 720 3616 ex
748 3564 954 3615 adverso
984 3561 1208 3631 paradisi
1234 3557 1525 3626 voluptatis.
1560 3556 1821 3610 Plantanit

219 3657 359 3714 Deus
381 3655 677 3724 paradisum
707 3655 758 3705 in
789 3652 949 3704 Edent
979 3652 1044 3702 ad
1069 3652 1306 3703 orientem
1331 3647 1483 3718 (Gen.
1509 3650 1559 3702 5.
1583 3648 1696 3715 21).
1713 3648 1822 3700 Cur

222 3765 326 3802 non
356 3748 410 3800 ili
438 3747 544 3798 alio
571 3744 806 3804 climate,
830 3741 921 3795 sed
947 3740 1010 3792 ad
1033 3741 1298 3793 orientem
1325 3738 1646 3806 paradisus?
1668 3735 1821 3790 Unde

224 3840 431 3897 initium
464 3851 653 3891 cursus
678 3833 1047 3896 lulniiiariuln,
1080 3832 1201 3884 inde
1227 3830 1544 3899 principium
1577 3833 1697 3882 vita:
1723 3831 1820 3880 Illi-

223 3935 447 3986 nlinum.
477 3931 860 3999 Priesiglliﬁeat
892 3929 1029 3981 Deus
1056 3926 1294 3980 futurum
1332 3943 1342 3977 :
1375 3925 1439 3976 ad
1473 3924 1734 3976 orientem
1769 3923 1822 3975 ili

226 4023 475 4090 paradiso
525 4023 672 4089 ponit
719 4021 1017 4082 hominem,
1069 4027 1124 4070 ut
1164 4017 1444 4077 ostendat,
1475 4014 1821 4083 quemadmo-

224 4115 349 4168 dum
394 4111 679 4165 luminaria
726 4111 812 4163 illa
850 4108 1077 4162 orientia
1109 4117 1331 4160 currunt
1360 4105 1425 4157 ad
1457 4104 1820 4167 occidentem,

225 4217 277 4258 et
303 4202 555 4256 occidunt
598 4219 611 4256 :
645 4201 714 4253 ita
762 4209 815 4253 et
856 4198 996 4252 hunc
1035 4209 1288 4265 oportere
1316 4212 1344 4248 a
1376 4196 1478 4247 vita
1513 4195 1565 4247 in
1599 4203 1822 4246 mortem

227 4309 447 4348 currere
474 4302 528 4346 et
542 4292 810 4355 cecidere,
837 4287 1282 4357 quemadmodum
1300 4285 1601 4344 luminaria,
1630 4283 1825 4335 alium-

225 4401 330 4455 que
401 4399 611 4437 rursum
682 4383 941 4435 orientem
1013 4393 1226 4432 sumere
1303 4393 1366 4428 ex
1437 4374 1826 4428 resurrectione

228 4484 586 4528 mortuorum.
633 4470 878 4524 Cucurrit
914 4469 1082 4522 Adam
1131 4468 1194 4520 ad
1236 4465 1564 4519 occidentem
1590 4505 1604 4528 ,
1636 4461 1828 4516 occidit

229 4568 282 4621 ili
327 4567 630 4634 sepulcrum
679 4582 691 4617 :
739 4571 978 4631 sequuta:
1027 4571 1149 4615 sunt
1192 4560 1336 4612 illum
1377 4575 1462 4610 res
1525 4565 1716 4619 terrae,
1773 4562 1828 4607 et

228 4674 351 4712 eum
400 4657 492 4710 illo
531 4653 809 4707 occidente
855 4652 1074 4720 sepultae
1114 4659 1251 4703 sunt.
1292 4648 1443 4700 \‘eint
1470 4646 1746 4707 Christus,
1776 4652 1830 4695 ct

231 4764 353 4804 eum
377 4746 467 4813 qui
491 4743 761 4797 occiderat
785 4744 912 4795 oriri
943 4741 1166 4794 curavit.
1195 4738 1318 4791 Ideo
1341 4739 1467 4790 dicit
1498 4737 1562 4788 de
1591 4736 1680 4787 illo
1709 4749 1830 4801 pro-

235 4844 394 4911 pheta
425 4856 439 4892 :
473 4837 605 4890 Ecce
627 4838 699 4890 vir
721 4877 735 4901 ,
772 4835 947 4886 Oriens
976 4848 1157 4886 nomen
1185 4832 1313 4898 ejus,
1338 4839 1385 4880 et
1409 4830 1501 4881 sub
1523 4828 1611 4878 illo
1641 4826 1830 4878 orietur

239 4933 422 5005 (Zacli.
466 4931 519 4985 6.
575 4930 662 4998 12)
690 4947 703 4989 ;
747 4943 939 4994 nempe
965 4942 1028 4980 ex
1059 4922 1335 4992 sepulcris.
1369 4920 1420 4971 In
1452 4920 1656 4972 Adamo
1684 4917 1824 4970 orcio

235 5027 311 5080 dit
352 5024 549 5081 homo,
600 5020 650 5071 ill
696 5018 907 5071 Christo
946 5027 1094 5068 ortus
1117 5023 1197 5067 est
1233 5031 1244 5064 :
1276 5012 1324 5064 id
1358 5012 1669 5064 testiﬁcatur
1696 5007 1826 5059 Pau-

239 5118 322 5170 lus
372 5133 385 5167 ε
442 5133 459 5164 l
495 5111 625 5165 Nam
668 5112 804 5164 sicut
834 5111 882 5162 ill
916 5109 1081 5161 Adam
1114 5119 1302 5160 omnes
1327 5102 1646 5165 moriuntur,
1680 5101 1749 5151 ita
1777 5109 1830 5152 et

240 5210 292 5262 in
319 5207 532 5262 Christo
555 5218 741 5256 omnes
762 5201 1164 5254 viviﬁcabuntur
1196 5217 1213 5247 ι
1249 5198 1323 5267 (1.
1344 5195 1460 5249 Cor.
1486 5193 1734 5261 15.22).‹
1765 5190 1831 5243 Ει

241 5299 450 5368 accepit
481 5297 619 5349 Deus
647 5295 940 5357 hominem,
970 5306 1126 5359 quem
1157 5289 1372 5351 iecerat,
1398 5295 1452 5340 et
1485 5285 1652 5353 posuit
1685 5283 1828 5335 illiilli

243 5394 292 5444 ili
320 5388 565 5459 paradiso
591 5405 608 5437 ›
639 5383 788 5454 (Cen.
816 5385 868 5435 2.
891 5383 996 5448 l5).
1028 5381 1205 5435 Intulit
1228 5379 1374 5431 illum
1407 5379 1456 5429 ili
1487 5384 1722 5443 paratam
1747 5373 1831 5424 do-

245 5499 410 5536 mum.
444 5476 903 5546 Quelnadlllodnm
936 5475 978 5528 is
999 5516 1010 5536 ,
1040 5475 1126 5541 qui
1154 5473 1381 5540 ιιιὶιμιιιιιι
1407 5472 1591 5521 invitat
1618 5467 1679 5518 ad
1705 5481 1832 5518 eon-

249 5574 480 5638 rliiuni,
527 5569 698 5638 primo
744 5574 965 5634 apparat
1004 5565 1176 5629 aedes,
1218 5572 1271 5615 et
1311 5573 1432 5614 tunc
1478 5557 1678 5611 inducit
1709 5571 1829 5608 clllli

308 5724 382 5781 (nl
415 5720 636 5776 Scilicet,
673 5718 740 5781 in_
763 5716 1086 5781 incarnatione
1119 5728 1221 5781 sua.
1251 5721 1344 5761 Mos
1365 5721 1459 5779 est
1492 5708 1831 5781 tict-lesiastleis

248 5769 562 5846 seruantibus
581 5769 669 5845 per
689 5778 1108 5842 dispensatis-acili,
1133 5775 1508 5826 i.'tt'al'tltt.iOItCltt
1531 5769 1826 5830 intelligere.

1306 348 1393 403 DE
1433 348 1648 405 MUNDI
1687 345 2078 404 CREATIONE
2117 347 2372 403 ORATIO
2408 350 2465 402 \'.

3391 362 3504 416 478

1911 473 2068 528 quem
2108 460 2351 514 invitavit
2383 481 2395 515 :
2429 462 2505 516 sic
2535 473 2590 516 et
2617 463 2703 517 hie
2732 480 2948 534 quoque
2974 484 2986 519 :
3015 468 3218 536 paravit
3247 469 3324 522 illi
3353 470 3498 524 asdes

1913 551 2258 619 magniﬁcas,
2319 551 2620 621 paradisum
2653 593 2666 615 ,
2714 563 2769 607 et
2819 557 2896 608 sic
2947 557 3224 612 invitatum
3270 559 3494 614 induxit.

1913 641 2138 695 Ubinam
2188 642 2443 698 formatus
2490 645 2620 698 est?
2663 644 2719 699 hi
2763 656 2900 701 terra
2927 687 2942 713 ,
2981 658 3130 703 extra
3175 652 3496 718 paradisum.

1913 731 2378 797 Quemadmodum
2419 735 2562 787 enim
2596 736 2873 790 huninaria
2896 779 2911 802 ,
2946 738 3071 796 alibi
3100 739 3233 794 facta
3261 753 3384 795 sunt
3404 785 3420 808 ,
3448 753 3496 798 et

1916 823 2083 889 posita
2127 832 2250 876 sunt
2288 824 2341 876 ili
2369 826 2501 878 eielo
2535 843 2547 878 :
2576 826 2651 879 sie
2683 836 2736 880 et
2765 827 2932 882 Adam
2958 839 3106 884 extra
3138 833 3392 886 formatus
3420 843 3501 886 est

1916 914 1965 964 ill
2011 913 2111 965 alia
2163 924 2317 968 terrm
2365 925 2546 984 parte,
2588 927 2641 970 et
2682 927 2806 973 tunc
2836 919 3078 974 inductus
3105 923 3262 974 estin
3295 924 3501 991 paradi—

1914 1016 2052 1054 sum.
2097 1003 2373 1057 Uildcnalii
2423 1005 2566 1059 hoc?
2611 1007 2698 1059 Ait
2749 1008 3020 1076 Scriptura
3048 1011 3100 1063 ill
3128 1013 3265 1073 ﬁne,
3291 1018 3507 1081 quando

1915 1095 2118 1159 ejectus
2157 1105 2238 1149 est
2279 1096 2445 1150 Adam
2477 1115 2489 1150 :
2527 1116 2544 1149 ι
2581 1098 2645 1151 Ει
2675 1098 2852 1152 emisit
2885 1100 3021 1154 Deus
3051 1103 3216 1154 Adam
3251 1105 3316 1158 de
3347 1120 3505 1173 para-

1915 1186 2034 1239 lliso
2065 1187 2372 1253 voluptatis,
2399 1200 2455 1241 lit
2475 1201 2789 1257 Operal'etur
2808 1202 3023 1258 terrain,
3043 1193 3110 1246 de
3126 1210 3228 1264 qua
3255 1210 3501 1265 sumptus

1916 1286 2017 1332 est.
2065 1278 2250 1331 Posuit.
2280 1280 2424 1332 illum
2465 1281 2513 1332 ill
2547 1283 2793 1350 paradiso
2824 1285 3138 1350 voluptatis,
3171 1297 3224 1340 ut
3255 1303 3509 1357 operare-

1921 1376 2004 1419 tur
2033 1376 2086 1421 et
2115 1370 2408 1423 custodiret
2441 1371 2617 1424 illum»
2652 1371 2804 1441 (Gen.
2837 1374 2891 1426 2.
2925 1376 3038 1442 25).
3073 1376 3141 1430 Ut
3172 1389 3505 1445 operaretur.

1917 1456 2052 1520 Quid
2096 1457 2147 1510 ill
2192 1460 2437 1526 paradiso
2481 1462 2920 1517 desiderabatur?
2959 1467 3039 1519 sill
3081 1469 3327 1536 operario
3372 1485 3509 1539 opus

1919 1558 2072 1613 erat,
2125 1550 2388 1602 undeliani
2434 1554 2711 1604 aratrum?
2760 1555 2898 1608 unde
2923 1557 3021 1608 alia
3055 1560 3394 1625 agricultura:
3423 1562 3510 1614 in-

1919 1641 2250 1691 strumenta?
2275 1641 2493 1707 Operari
2525 1653 2572 1694 et
2601 1645 2870 1698 custodire
2899 1659 3217 1715 prarceptunl
3245 1649 3334 1702 Dei
3359 1693 3371 1715 ,
3402 1651 3510 1704 illi-

1920 1745 2021 1795 ql‘c
2062 1730 2323 1793 credere,
2373 1733 2464 1785 Dei
2501 1748 2636 1801 opus
2682 1744 2814 1787 erat.
2856 1735 2944 1788 Ait
2969 1736 3219 1791 Servatur
3254 1757 3264 1790 :
3302 1739 3413 1792 lloc
3437 1753 3511 1794 est

1921 1835 2047 1884 opus
2070 1818 2198 1880 Dei,
2234 1830 2285 1870 ut
2315 1823 2530 1873 credatis
2557 1824 2607 1874 in
2641 1840 2779 1888 eum,
2811 1843 2952 1892 quem
2976 1827 3108 1879 misit
3132 1829 3218 1880 ille
3249 1829 3424 1898 (Joan.
3453 1832 3508 1886 6.

1920 1910 2031 1979 29).
2075 1909 2530 1975 Qllelnadnlodulll
2567 1913 2724 1980 igitur
2749 1916 2960 1969 Chlisto
2988 1919 3209 1971 credere
3238 1935 3370 1988 opus
3395 1932 3510 1990 est,

1921 2002 1996 2052 sic
2025 2001 2182 2053 etiam
2216 2003 2436 2056 credere
2463 2017 2726 2074 priet-opto
2745 2048 2758 2069 ,
2798 2008 3111 2060 llioriturunl
3140 2025 3257 2062 esse
3278 2050 3294 2076 ,
3319 2012 3360 2062 si
3388 2014 3512 2065 teti-

1920 2094 2088 2159 gerit;
2122 2097 2419 2158 victurum,
2454 2097 2496 2147 si
2530 2113 2632 2148 noli
2666 2097 2912 2163 tetigerit.
2953 2102 3099 2167 ()pus
3125 2110 3240 2152 erat
3264 2100 3514 2167 Spiritua-

1923 2184 2046 2236 lilllli
2073 2187 2356 2237 verborum
2384 2189 2704 2240 observatio.
2736 2189 2878 2241 Pauli
2902 2205 3034 2257 opus
3057 2191 3362 2258 quodnam?
3385 2209 3514 2248 llum

1921 2276 2150 2343 agricola
2181 2277 2374 2330 Paulus
2405 2288 2518 2331 erat
2543 2279 2566 2330 ?
2597 2297 2724 2332 nulli
2751 2280 2906 2332 aliam
2933 2281 3113 2333 habuit
3139 2284 3471 2337 voeationenl
3493 2285 3518 2337 ἲ

1923 2385 2100 2422 nonne
2146 2379 2311 2422 totum
2354 2371 2468 2437 ejus
2497 2387 2629 2438 opus
2658 2383 2768 2423 erat
2790 2412 2802 2434 ,
2832 2373 3098 2425 verbum?
3127 2390 3300 2428 nonne
3328 2376 3518 2443 pra-di-

1923 2465 2060 2513 catio
2087 2462 2108 2512 't
2142 2461 2275 2514 Dicit
2307 2471 2478 2515 tanien
2511 2463 2786 2531 diSlzipulis
2811 2505 2822 2526 ,
2856 2462 2999 2532 Opus
3024 2481 3182 2515 meum
3203 2481 3286 2517 vos
3318 2467 3434 2518 estis
3461 2469 3512 2518 in

1923 2550 2140 2604 Domino
2163 2551 2370 2620 (LCor.
2402 2553 2456 2607 9.
2487 2554 2562 2616 1).
2597 2553 2662 2607 Ut
2693 2563 3009 2618 operaretur,
3043 2555 3240 2624 inquit,
3275 2566 3321 2609 et
3351 2566 3514 2610 custo-

1923 2643 2050 2694 diret
2077 2645 2243 2696 illum.
2280 2645 2323 2696 A
2357 2644 2628 2712 quonam?
2655 2645 2761 2697 Fur
2790 2661 2894 2697 non
2924 2655 3069 2708 erat,
3102 2648 3274 2698 viator
3304 2647 3478 2700 nullus
3501 2690 3516 2714 ,

1926 2734 2200 2787 insidiator
2228 2735 2402 2788 nullus
2432 2755 2442 2788 :
2473 2751 2500 2786 a
2532 2752 2638 2804 quo
2668 2735 3003 2788 custodiret?
3034 2735 3101 2790 Ut
3130 2736 3424 2790 custodiret
3452 2739 3513 2790 il-

1925 2826 2029 2877 lum
2074 2826 2212 2890 sibi;
2255 2843 2322 2879 ne
2354 2828 2733 2895 pr.evarieatus
2754 2827 3050 2886 alilitleret;
3083 2827 3175 2879 sed
3205 2837 3259 2878 lit
3288 2828 3513 2881 inauda-

1926 2931 2034 2970 tlllil
2079 2919 2385 2971 custodiens
2432 2928 2671 2970 servaret
2713 2917 2813 2969 sibi
2863 2917 3184 2986 paradisum.
3241 2917 3351 2971 Ulla
3399 2934 3517 2972 cum

1925 3026 2055 3064 \oce
2085 3025 2234 3062 mens
2260 3011 2476 3063 deﬁcit:
2511 3026 2692 3062 verum
2723 3010 3002 3062 sententiis
3036 3011 3363 3064 insistanlus.
3397 3010 3520 3064 Po—

1923 3103 2021 3153 suit
2062 3103 2204 3153 illam
2244 3103 2294 3153 in
2329 3102 2586 3170 paradiso.
2626 3101 2888 3169 Deinceps
2914 3101 3187 3168 Scriptura
3218 3117 3281 3154 ex
3311 3101 3374 3154 iis
3400 3117 3519 3170 qua:

1926 3203 2316 3260 princesserunt
2358 3192 2659 3245 subindieat
2697 3190 2896 3245 futura.
2932 3191 3143 3244 Flavius
3174 3203 3341 3244 autem
3364 3209 3521 3262 egre-

1924 3283 2157 3336 diebatur
2199 3300 2262 3337 ea:
2305 3283 2492 3347 ladem,
2542 3284 2763 3352 irrigans
2811 3284 3101 3351 paradisum
3126 3282 3280 3350 (Gen.
3313 3283 3368 3335 2.
3404 3284 3518 3350 10).

1926 3374 1969 3428 ll
1995 3391 2060 3427 ile
2100 3374 2246 3428 disce
2278 3390 2380 3426 non
2411 3374 2680 3425 hortulum
2715 3372 2880 3426 fuisse
2912 3373 3216 3441 paradisum
3239 3413 3252 3435 ,
3283 3375 3522 3441 angustis

1927 3466 2169 3518 terminis
2195 3466 2677 3532 eircmliscriptulli.
2712 3464 2926 3516 Fluvius
2957 3474 3133 3516 tantus
3157 3464 3441 3532 irrigabat,
3468 3474 3522 3516 lit

1926 3573 1991 3612 ex
2029 3559 2144 3626 ejus
2183 3557 2532 3611 redundantia
2558 3565 2784 3625 quatuor
2812 3557 2954 3608 ﬁuvii
2983 3556 3270 3609 orirentur.
3302 3554 3522 3608 Flavius

1929 3662 2097 3704 autem
2142 3651 2487 3720 egrediebatur
2526 3665 2589 3701 es;
2640 3647 2798 3699 Iidem
2821 3689 2834 3712 ,
2866 3659 2917 3698 ut
2945 3648 3176 3716 irrigaret
3204 3649 3521 3715 paradisum.

1930 3745 2130 3798 Deinde
2161 3753 2434 3811 postquam
2477 3741 2783 3806 il'l'lgﬂVt'l'iIl
2804 3779 2816 3798 ,
2851 3738 3187 3790 dividebatur
3217 3739 3265 3789 in
3295 3747 3521 3806 quatuor

1927 3834 2096 3902 capita
2127 3850 2140 3897 ;
2188 3834 2236 3885 ill
2287 3831 2516 3900 'l'igriln,
2568 3831 2616 3881 ill
2665 3829 2837 3881 Nilum
2861 3867 2876 3892 ,
2913 3829 2961 3880 ill
2998 3828 3353 3895 Eupbratelll,
3386 3837 3439 3880 et
3472 3830 3520 3880 ill

1930 3927 2213 3980 l’hisonelli
2239 3967 2254 3988 ,
2295 3925 2371 3975 sie
2409 3925 2457 3975 ill
2500 3922 2772 3989 Scriptura
2815 3921 3050 3986 dictum,
3082 3935 3236 3987 quem
3265 3933 3402 3970 nunc
3435 3935 3521 3971 vo-

1928 4027 2051 4070 Cant
2078 4015 2391 4068 Danubium.

2003 4109 2054 4161 l5.
2104 4105 2207 4160 Car
2242 4116 2341 4156 tant
2378 4105 2475 4155 late
2513 4112 2702 4169 pateret
2729 4101 3028 4169 paradisus,
3058 4115 3172 4150 cum
3197 4100 3357 4149 Adam
3386 4099 3528 4151 solus

1930 4201 2251 4252 iii/tabitaret.
2304 4197 2599 4248 Flauiorum
2622 4211 2683 4245 ex
2706 4193 2944 4260 paradiso
2967 4191 3278 4243 litanantium
3301 4188 3533 4257 explica-

1933 4293 2000 4343 tio
2039 4289 2334 4358 singularis.
2367 4317 2436 4325 ——
2466 4287 2595 4339 Vide
2643 4285 3064 4354 magnitudinem
3110 4282 3252 4334 ﬂuvii
3285 4281 3436 4334 divisi
3474 4279 3528 4333 ili

1933 4394 2159 4453 quatuor
2205 4381 2420 4434 ﬁumina
2472 4397 2484 4430 :
2538 4380 2727 4446 hicque
2772 4378 2918 4429 solus
2967 4376 3150 4444 irrigat
3199 4372 3520 4442 paradisum.

1933 4483 2197 4542 Liuor-sum
2255 4473 2418 4525 talis?
2467 4472 2610 4524 solus
2662 4479 2780 4522 erat
2826 4469 3031 4529 Adam;
3076 4481 3193 4534 quia
3239 4462 3528 4516 necessitas

1937 4569 2068 4622 lauti
2108 4566 2292 4619 ﬂuvii?
2328 4563 2431 4617 Sed
2479 4578 2582 4614 non
2627 4562 2712 4612 lilii
2760 4569 2960 4611 tantum
3012 4556 3285 4626 paradisus
3314 4561 3528 4619 paratus

1933 4671 2079 4725 erat,
2120 4673 2306 4713 verum
2356 4655 2547 4709 ﬁnibus
2590 4665 2764 4707 terrae.
2796 4652 3129 4721 Pra‘paratus
3156 4655 3271 4699 erat
3299 4643 3526 4712 patriar-

1935 4755 2048 4806 this
2070 4795 2085 4819 ,
2115 4749 2390 4822 prophetis
2409 4788 2425 4812 ,
2449 4745 2737 4816 apostolis,
2764 4739 3109 4810 evangelistis
3131 4778 3145 4801 ,
3180 4734 3523 4804 martyribus,

1936 4843 2332 4901 confessoribus
2354 4841 2572 4901 sanctis,
2607 4837 2871 4900 ﬁdelibus,
2900 4833 2983 4900 pie
3007 4829 3324 4892 viventibus,
3351 4827 3528 4879 omni-

1939 4941 2037 4992 bus
2057 4939 2238 5007 justis.
2266 4935 2321 4988 Si
2343 4933 2483 4986 enim
2514 4930 2704 4984 latroni
2733 4943 2831 4979 una
2862 4925 2990 4977 liora
3023 4919 3296 4975 conﬁtenti
3322 4917 3528 4987 paradi-

1937 5045 2054 5083 sum
2092 5028 2343 5081 Servator
2373 5021 2614 5092 promisit
2656 5019 2838 5072 dicens
2882 5032 2894 5066 :
2943 5011 3108 5065 Hodie
3134 5026 3328 5065 mecum
3353 5008 3449 5061 eris
3478 5008 3530 5059 in

1939 5121 2177 5191 paradiso
2223 5116 2372 5189 (Luc.
2413 5114 2506 5168 25.
2551 5113 2676 5182 45);
2707 5110 2794 5179 qui
2823 5125 2850 5161 a
2881 5107 3156 5176 juVentute
3185 5104 3525 5161 laborarunt,

1942 5215 2204 5267 Alli-aliam
2229 5253 2241 5274 ,
2291 5210 2468 5270 Isaae,
2509 5205 2703 5268 Jacob,
2759 5202 2914 5269 hujus
2950 5198 3038 5251 ﬁlii
3073 5193 3382 5264 patriarcha:
3406 5232 3418 5253 ,
3453 5191 3528 5256 (ιι)

1941 5307 2109 5376 [ιιὶιιιιι
2145 5303 2324 5369 utique
2344 5309 2467 5352 sunt
2493 5292 2852 5363 consequuti.)
2883 5295 2944 5342 .-\t
2978 5299 3099 5341 ante
3125 5287 3222 5340 llos
3243 5297 3428 5337 omnes
3456 5285 3528 5330 la—

1942 5371 2024 5448 iro
2050 5393 2350 5462 paradisum
2373 5387 2731 5455 consequitur.
2759 5383 2928 5449 Opera
2960 5395 3084 5446 ergo
3111 5378 3247 5430 Deus
3273 5371 3399 5430 edit,
3424 5386 3527 5422 non

1941 5489 2056 5556 ejus
2091 5501 2247 5539 causa
2276 5482 2415 5551 quod
2449 5489 2695 5547 apparet,
2733 5479 2821 5529 sed
2851 5475 2967 5541 ejus
2998 5469 3133 5539 quod
3165 5472 3523 5532 exsliectatur.

1941 5553 2046 5632 (iur
2087 5589 2282 5630 tantam
2329 5583 2486 5626 terra:
2515 5568 2844 5622 latitudini-ni
2875 5565 3026 5618 fecit?
3055 5577 3118 5611 an
3153 5563 3366 5624 propter
3389 5553 3528 5605 Ada-

1945 5687 2085 5723 lllliill
2110 5712 2122 5731 ,
2170 5683 2236 5720 an
2278 5675 2491 5734 promer
2531 5677 2623 5714 eos
2665 5660 2752 5728 qui
2787 5659 2928 5710 illam
2959 5668 3095 5705 nunc
3128 5646 3520 5701 inhabitabant?

2013 5764 2084 5823 (ii)
2120 5771 2229 5819 qua:
2257 5757 2441 5806 uncinis
2463 5752 2766 5811 clauduntur,
2794 5750 2970 5798 desunt
2997 5746 3042 5791 ili
3065 5749 3243 5789 Ul'lL'CU.
