3984 6470
401 409 518 466 479

404 527 536 583 lude
559 523 801 579 dividitur
827 523 878 577 in
908 530 1122 591 quatuor
1151 518 1428 589 principia.
1460 515 1572 570 Non
1596 514 1763 573 dixit.
1795 513 1846 566 In
1877 525 2008 583 qua-

405 631 528 676 tuor
570 631 804 688 expansa
843 613 1061 669 llumina
1082 652 1097 678 ,
1145 611 1239 666 sed
1287 612 1341 664 in
1372 619 1601 680 quatuor
1628 606 1886 677 principia
1913 645 1929 671 ,
1955 603 2008 659 id

409 720 494 768 est
517 752 533 776 ,
573 708 770 765 fontes.
801 705 1005 760 Nomen
1036 702 1124 757 uni
1150 701 1384 766 Phison,
1413 714 1573 772 quem
1605 698 1765 753 modo
1794 695 2010 753 diceba-

405 820 525 860 mus
554 820 570 871 ;
606 800 802 857 deinde
830 798 1016 856 Gebon
1043 840 1058 863 ,
1099 796 1185 852 hic
1215 805 1293 852 est
1322 795 1492 852 Nilus.
1521 794 1711 853 Gehon
1737 802 1888 849 vetus
1914 809 2012 846 no-

403 913 526 952 men
564 895 682 965 ejus
722 903 805 948 est
841 909 857 948 :
897 891 951 946 id
987 889 1299 946 testiﬁcatur
1339 886 1598 944 leremias
1619 885 1804 941 dicens
1830 905 1843 942 :
1874 886 2010 950 Quid

401 996 492 1048 tibi
522 1003 569 1047 et
599 996 691 1046 vita
715 989 955 1062 .Egypti,
981 998 1034 1042 ut
1060 987 1199 1042 bibas
1225 1002 1410 1052 aquam
1433 983 1609 1039 Gelton
1631 981 1766 1057 μεθ’.
1794 982 1849 1036 2.
1880 980 2009 1052 i8)?

402 1085 499 1140 llic
545 1083 783 1138 animum
830 1080 1044 1136 adhibe.
1092 1079 1277 1145 Cogita
1325 1075 1466 1130 hunc
1509 1089 1630 1129 esse
1675 1073 2001 1144 paradisum.

403 1176 529 1230 llatc
555 1176 701 1230 enim
725 1172 915 1227 melius
934 1180 1154 1241 aspectu
1176 1183 1334 1240 quam
1359 1165 1525 1223 verbo
1549 1172 1852 1221 traduntur.
1878 1165 2008 1220 Pro-

399 1267 479 1322 dit
521 1267 708 1337 ingens
750 1263 978 1328 ﬂuvius,
1022 1263 1245 1332 cupioso
1290 1259 1542 1330 pra-ditus
1581 1259 2008 1327 alveo,etrtgat

404 1358 730 1427 paradisum.
781 1355 909 1410 Inde
958 1355 1008 1409 in
1055 1355 1465 1408 subterraneum
1489 1350 1773 1421 quemdam
1803 1351 2005 1404 hiatum

401 1447 595 1514 fertur,
625 1448 1051 1517 immensamque
1073 1446 1174 1501 sub
1201 1455 1341 1500 terra
1367 1453 1610 1516 penetrat
1631 1441 1800 1507 viam,
1826 1452 1880 1498 ut
1906 1457 2006 1498 no-

402 1546 481 1597 vit
509 1549 552 1599 is
582 1541 668 1612 qui
703 1541 840 1595 viam
868 1541 1055 1595 Stravit
1083 1540 1340 1595 Dominus
1369 1556 1384 1592 ε
1416 1537 1697 1609 ﬂuxusque
1723 1538 1816 1593 diu
1842 1539 2003 1605 latet,

396 1646 563 1707 atque
595 1637 644 1690 in
673 1635 884 1690 diversa
917 1635 1028 1688 loca
1057 1633 1347 1699 dividitur,
1380 1635 1752 1702 inveniturque
1782 1632 1921 1686 alius
1953 1634 2005 1685 in

398 1729 707 1798 A'JthiOpia,
751 1728 888 1783 alius
925 1727 976 1782 in
1017 1727 1296 1783 occidente
1318 1767 1334 1793 ,
1365 1725 1502 1781 alius
1531 1727 1582 1780 in
1613 1725 1822 1781 oriente
1846 1767 1860 1792 ,
1896 1725 2007 1780 Deo

396 1822 476 1878 sic
507 1837 596 1891 per
628 1823 1038 1876 subterraneum
1067 1819 1281 1876 alveum
1310 1819 1574 1884 trahente,
1605 1818 1888 1890 primoque
1909 1817 2006 1872 ﬂu-

397 1921 487 1967 vio
521 1921 806 1967 extraneos
851 1911 1025 1967 fontes
1070 1922 1316 1968 curante.
1352 1911 1458 1968 Cur
1484 1911 1598 1965 ita?
1622 1909 1699 1965 Ne
1720 1910 2002 1965 ﬂuviorum

399 2006 626 2070 vestigia
667 2014 988 2075 sequentes,
1035 2004 1340 2076 paradisum
1371 2004 1696 2066 invenirent.
1733 2018 1800 2058 ne
1827 2011 2004 2073 posset

400 2097 708 2152 hominibus
753 2097 968 2166 pervius
1015 2111 1154 2153 esse.
1186 2096 1320 2152 Nam
1347 2096 1392 2152 si
1423 2110 1489 2151 eo
1519 2096 1623 2152 iter
1649 2111 1767 2152 esse
1800 2105 2000 2167 posset,

398 2203 561 2248 nemo
585 2204 709 2246 ante
735 2191 930 2246 divites
962 2189 1265 2262 paradisum
1299 2191 1560 2246 inveniret
1596 2207 1611 2244 :
1645 2205 1828 2245 verum
1861 2190 2002 2245 Deus

397 2285 627 2341 occlusit
649 2298 753 2339 tam
781 2285 1106 2355 pauperibus
1130 2323 1145 2344 ,
1172 2298 1332 2354 quam
1360 2282 1632 2346 divitibus,
1663 2293 1721 2337 ut
1747 2282 1861 2336 sola
1892 2285 2003 2335 vir-

397 2387 514 2434 tute
539 2379 678 2432 viatn
722 2378 1040 2432 invenirent.
1074 2378 1342 2445 Quantum
1371 2376 1570 2431 laboris
1596 2390 1883 2446 suscepere
1914 2391 2005 2446 pa-

399 2468 681 2536 triarchae,
723 2469 1030 2538 prophetae,
1079 2466 1282 2535 sancti,
1317 2478 1618 2537 qumrentes
1654 2467 2001 2538 paradisum,

397 2576 499 2616 nec
518 2560 862 2616 invenerunt.
887 2561 1051 2615 Latro
1074 2601 1087 2624 ,
1121 2560 1288 2630 quiin
1315 2560 1404 2614 illa
1436 2565 1516 2614 via
1550 2576 1656 2616 non
1685 2561 2000 2626 incesserat,

396 2653 490 2709 sed
538 2653 795 2718 credidit,
836 2667 962 2708 vere
995 2657 1132 2707 viam
1160 2652 1399 2720 invenit,
1431 2669 1553 2708 eum
1583 2667 1776 2722 nempe
1804 2651 1891 2723 qui
1922 2651 2004 2707 di-

395 2747 503 2812 xit,
555 2743 670 2816 Ego
713 2761 824 2798 sunt
855 2745 954 2798 ria.
983 2746 1191 2800 Invenit
1222 2745 1563 2814 paradisum,
1593 2761 1751 2814 quem
1783 2744 2000 2800 inobse-

397 2840 614 2908 quentia
646 2839 821 2908 primo
851 2835 1055 2892 homini
1082 2836 1310 2891 occlusit
1337 2835 1515 2907 (Joan.
1548 2837 1633 2890 14.
1664 2836 1743 2905 ti).
1775 2837 2000 2890 Causam

395 2939 575 2987 autem
631 2945 816 3002 qumro
871 2945 970 2984 cur
1019 2929 1481 2998 bistoriographus
1511 2968 1525 2990 ,
1579 2935 2001 2982 commemorato

398 3023 571 3093 primo
615 3021 776 3076 ﬂuvio
796 3063 811 3089 ,
837 3019 1035 3076 dixerit
1065 3039 1076 3074 :
1108 3019 1190 3074 Ibi
1215 3030 1289 3074 est
1319 3036 1504 3073 aurum
1531 3020 1746 3083 bonum,
1778 3019 1999 3073 carbun-

394 3117 538 3170 culus
577 3124 624 3169 et
662 3115 795 3185 lapis
820 3114 1057 3185 prasinus
1084 3113 1236 3183 (Gen.
1267 3114 1324 3167 2.
1352 3112 1466 3184 l2).
1497 3113 1551 3169 Si
1585 3128 1804 3182 prorsus
1833 3121 2000 3166 terra-

397 3222 515 3262 rum
564 3206 750 3262 orbem
793 3206 1156 3273 describeret,
1187 3213 1462 3276 Oporteret
1500 3221 1628 3260 sane
1669 3205 1720 3259 in
1762 3203 1999 3274 qualibet

396 3299 617 3370 regione
654 3297 837 3353 dicere
863 3312 983 3368 quae
1012 3297 1117 3352 illic
1149 3298 1288 3351 bona
1319 3297 1623 3361 orirentur,
1656 3294 1994 3364 smaragdos,

396 3393 745 3466 hyacinthos,
780 3391 866 3446 ubi
900 3392 1192 3462 topazium,
1227 3391 1314 3446 ubi
1338 3391 1564 3446 diversa:
1587 3389 1691 3444 illm
1717 3391 1993 3455 materiai;

396 3486 490 3540 sed
521 3500 710 3539 aurum
738 3491 942 3538 tantum
968 3498 1031 3539 ac
1059 3483 1195 3538 duos
1225 3483 1429 3553 lapides
1455 3483 1678 3538 assumit
1698 3525 1713 3550 ,
1747 3482 1995 3537 sacerdo-

394 3576 452 3630 tii
481 3576 763 3645 primitias,
787 3578 906 3645 quia
937 3577 1190 3632 sacerdos
1215 3591 1430 3630 auream
1461 3577 1709 3631 laminam
1729 3576 1992 3647 gestabat,

393 3672 446 3724 in
493 3684 596 3739 qua
647 3669 742 3724 Dei
783 3683 978 3724 nomen
1006 3677 1122 3725 erat
1157 3670 1493 3739 inscriptum.
1521 3669 1686 3723 Erant
1713 3668 1992 3723 duodecim

394 3762 596 3831 lapides
643 3775 804 3831 supra
849 3761 1144 3818 sacerdotis
1187 3770 1403 3832 peetus,
1445 3761 1690 3828 sardius,
1721 3760 1992 3830 topazius,

391 3852 706 3923 smaragdos
725 3894 740 3920 ,
773 3854 1128 3909 carbunculus
1145 3894 1160 3917 ,
1188 3853 1503 3923 sapphirus,
1523 3853 1694 3923 jaspis
1711 3894 1725 3916 ,
1751 3852 1990 3924 ligurius,

390 3943 641 4009 achates,
687 3944 1022 4016 amethystus
1046 3987 1060 4008 ,
1109 3945 1508 4016 chrysolithos.
1546 3945 1816 4017 beryllus,
1851 3960 1993 4016 onyx

395 4032 590 4106 (Exod.
634 4032 723 4089 28.
757 4034 966 4105 l7-20).
1001 4035 1080 4088 Ex
1108 4034 1191 4089 his
1217 4035 1498 4090 duodecim
1532 4037 1794 4104 lapidibus
1825 4036 1992 4106 prasi-

392 4139 494 4180 nus
531 4136 840 4196 segregatus
880 4135 961 4181 est
993 4125 1152 4181 tribui
1176 4127 1528 4194 sacerdotali,
1559 4138 1612 4183 et
1636 4129 1994 4184 carbunculus

390 4219 572 4289 regite.
615 4218 751 4286 Quid
790 4219 862 4273 ita
886 4219 909 4272 ?
935 4219 1064 4286 Quia
1094 4220 1230 4290 ignis
1257 4224 1528 4291 proprium
1557 4231 1639 4277 est
1665 4238 1822 4278 urere
1847 4232 1902 4277 et
1931 4223 1994 4278 il-

391 4313 651 4367 luminare
699 4331 714 4366 :
761 4311 1006 4382 regisque
1051 4315 1324 4383 proprium
1355 4314 1669 4372 benefacere
1696 4325 1751 4372 et
1778 4318 1986 4388 punire.

390 4403 548 4458 Ponit
572 4403 762 4457 Ruben
791 4405 1014 4473 primam
1046 4405 1240 4459 tribum
1272 4406 1324 4458 in
1353 4405 1548 4470 sardio,
1582 4407 1905 4477 Symeonem
1933 4410 1987 4463 in

390 4494 600 4565 topazio
616 4539 628 4557 ,
663 4493 788 4549 Levi
817 4495 869 4548 in
893 4493 1067 4564 lapide
1090 4495 1306 4565 prasino
1327 4537 1342 4562 ,
1370 4495 1564 4551 ludam
1581 4539 1595 4560 ,
1619 4514 1686 4551 ex
1711 4513 1815 4567 quo
1835 4497 1991 4552 Chri-

389 4595 526 4650 stus,
558 4587 607 4639 in
636 4583 958 4640 carbunculo
984 4584 1298 4640 rubicundo.
1331 4586 1488 4642 Certe
1515 4585 1674 4641 Isaias
1704 4595 1823 4654 post
1847 4588 1986 4641 mul-

390 4687 440 4729 ta
489 4675 668 4744 elapsa
693 4685 930 4746 tempora
957 4675 1088 4731 dicit
1105 4675 1456 4747 .lerosolyma:
1485 4695 1497 4732 :
1524 4673 1589 4730 In
1611 4678 1843 4731 manibus
1867 4679 1990 4734 meis

389 4766 598 4834 depinan'
618 4782 787 4819 muros
811 4776 942 4832 tuos,
969 4776 1017 4820 et
1040 4769 1093 4820 in
1117 4776 1384 4836 conspectu
1414 4784 1522 4821 meo
1539 4784 1589 4821 es
1617 4785 1833 4838 semper.
1857 4768 1988 4823 Ecce

390 4871 623 4925 prcparo
651 4856 1013 4910 carbunculum
1040 4858 1261 4927 lapidem
1285 4868 1424 4910 tuum
1441 4857 1594 4930 (lsui.
1621 4859 1707 4914 49.
1731 4861 1982 4917 16.ε154.

391 4949 481 5021 ΙΙ)
501 4990 515 5012 ,
547 4948 884 5003 Servatorcm
914 4949 1239 5018 signiﬁcans.
1275 4947 1408 5002 Ecce
1435 4950 1567 5003 enim
1592 4990 1607 5013 ,
1655 4950 1858 5020 inquit,
1889 4970 1986 5021 po.

389 5055 506 5092 nam
534 5040 587 5092 in
617 5039 746 5093 Sion
770 5039 993 5109 lapidem
1027 5041 1355 5111 angularem,
1390 5043 1631 5107 electum,
1663 5043 1933 5111 pretiosum
1964 5062 1985 5098 :

387 5139 435 5183 et
481 5131 569 5200 qui
610 5131 779 5184 credet
806 5131 858 5184 in
888 5146 1035 5196 eum,
1069 5148 1170 5185 non
1196 5131 1536 5202 confundetur
1564 5130 1714 5205 (lsai.
1748 5132 1840 5189 28.
1874 5135 1983 5203 l6).

388 5221 755 5280 Carbunculus
795 5237 923 5291 ergo
951 5232 1257 5292 segregatus
1283 5233 1365 5278 est
1391 5225 1551 5296 regia:
1581 5225 1740 5282 tribui
1769 5242 1784 5292 ;
1809 5226 1984 5297 prasi-

389 5328 492 5370 nus
538 5312 854 5369 sacerdotali
902 5329 916 5366 :
957 5328 1079 5367 nam
1125 5315 1404 5369 sacerdotii
1446 5324 1530 5370 est
1553 5325 1700 5373 recte
1737 5325 1979 5389 πράττειν,

386 5422 567 5478 agere.
608 5408 650 5460 Δ
680 5403 841 5460 ﬂuvio
868 5405 962 5461 illo
987 5404 1311 5459 dirimuntur
1333 5416 1561 5476 quatuor
1581 5408 1754 5464 fontes
1779 5409 1984 5465 ﬂuvio—

390 5511 529 5551 rum.
558 5497 666 5552 Cur
695 5509 823 5566 ergo
842 5509 978 5564 aqua
999 5510 1184 5551 eorum
1213 5511 1319 5549 non
1341 5498 1560 5565 mqualis
1580 5498 1699 5552 est?
1724 5499 1983 5566 Quiut-unt

389 5587 530 5642 enim
560 5589 818 5653 studiosi,
850 5587 896 5642 si
919 5586 988 5642 ab
1012 5603 1118 5643 uno
1145 5587 1304 5641 ﬂuvio
1325 5630 1339 5654 ,
1369 5601 1455 5640 aut
1479 5589 1546 5642 ab
1569 5605 1673 5644 uno
1694 5590 1859 5656 fonte,
1884 5608 1981 5648 cur

392 5694 498 5735 non
547 5695 652 5734 una
698 5683 934 5735 omnium
973 5681 1246 5750 qualitas?
1276 5680 1412 5746 Quid
1443 5696 1570 5751 ergo
1597 5683 1672 5736 rei
1698 5688 1820 5738 est?
1851 5685 1984 5738 Atli-

389 5771 605 5828 cluntur
631 5771 925 5826 secundum
958 5782 1174 5837 terram,
1204 5784 1259 5828 et
1283 5772 1568 5842 qualitates
1596 5774 1853 5842 locorum,
1887 5793 1980 5846 per

387 5877 507 5935 qua:
532 5870 827 5919 transeunt.
850 5862 1309 5932 Quemadmodum
1338 5865 1449 5936 ipsa
1481 5881 1613 5938 aqua
1637 5883 1793 5923 unum
1822 5869 1978 5928 habet

1859 391 2226 449 SEVERIANl

3626 433 3742 490 480

2119 522 2368 571 naturam
2415 525 2470 573 et
2512 521 2864 592 qualitatem,
2917 526 3014 582 sed
3056 530 3102 584 si
3129 531 3491 597 absinthium.
3518 537 3566 593 si
3598 555 3729 597 sne.

2122 604 2303 673 thum,
2331 609 2382 664 si
2405 620 2522 665 ruta
2553 611 2862 670 infundatur
2881 658 2896 682 ,
2926 618 3086 673 aliam
3117 622 3348 692 acquirit
3369 626 3728 699 qualitatem;

2119 710 2183 752 ac
2208 707 2398 754 natura
2430 702 2644 772 quidem
2675 720 2778 760 una
2799 746 2814 772 ,
2845 708 2939 763 sed
2966 712 3204 767 materia:
3236 723 3613 775 trausmutant.
3638 721 3728 779 Sic

2117 793 2278 846 etiam
2306 790 2362 848 in
2391 793 2598 862 ﬂuviis,
2623 797 2742 868 quia
2775 814 2871 869 per
2889 809 3142 858 extranea
3169 806 3280 861 loca
3308 822 3563 880 manant;
3593 814 3730 870 alius

2120 897 2215 950 per
2255 893 2482 953 terram,
2533 902 2652 959 quae
2693 889 2960 946 diversam
3001 891 3163 951 habet
3204 899 3551 969 qualitatem,
3595 905 3730 962 alius

2117 988 2216 1042 per
2237 976 2395 1032 aliam
2417 1017 2432 1044 ,
2465 993 2496 1032 a
2524 980 2655 1037 locis
2681 981 3005 1038 inliciuntur.

2190 1067 2242 1121 7.
2273 1067 2371 1124 Ubi
2402 1084 2430 1122 a
2460 1070 2724 1140 positione
2757 1073 2997 1130 locorum
3029 1076 3247 1134 ﬂumina
3277 1081 3624 1151 qualitatibus
3647 1087 3725 1142 af-

2116 1160 2336 1228 fecerat,
2363 1163 2579 1220 detnum
2626 1166 2683 1221 in
2726 1169 2972 1237 paradiso
3001 1173 3125 1225 facit
3159 1172 3323 1228 Omne
3367 1175 3561 1246 lignum
3605 1179 3728 1250 pul-

2116 1254 2294 1308 chrum
2317 1256 2447 1324 visu,
2477 1267 2524 1310 et
2549 1258 2620 1311 ad
2647 1275 2812 1313 escam
2831 1277 2983 1316 suave
3009 1261 3162 1330 (Gen.
3193 1266 3246 1319 2.
3274 1263 3350 1336 9).
3381 1267 3537 1324 Prius
3556 1279 3729 1326 trans-

2113 1348 2379 1416 gressoris
2422 1351 2826 1408 excusationem
2881 1356 3118 1413 abstulit.
3163 1359 3296 1424 Quia
3327 1361 3470 1416 enim
3512 1363 3582 1418 de
3612 1380 3730 1419 mu-

2113 1439 2247 1497 liere
2273 1441 2427 1510 dixit,
2474 1441 2614 1499 Vidit
2658 1448 2841 1500 mulier
2880 1448 3095 1519 Iignmn,
3127 1451 3265 1520 quod
3294 1455 3570 1524 pulchrum
3616 1459 3730 1510 visu

2115 1547 2262 1606 esset,
2303 1551 2348 1594 et
2375 1538 2444 1593 ad
2473 1541 2773 1595 vescendum
2799 1559 2955 1597 suave
2983 1543 3135 1614 (Gen.
3167 1546 3219 1601 3.
3249 1547 3305 1614 6)
3333 1565 3347 1601 :
3379 1564 3446 1602 ne
3475 1551 3599 1619 quis
3629 1567 3726 1619 pu-

2117 1639 2273 1695 tarct,
2299 1632 2439 1689 inter
2461 1634 2562 1689 alia
2593 1635 2732 1705 ligna
2763 1635 2865 1691 hoc
2893 1639 3066 1692 solum
3096 1639 3350 1695 decorum
3377 1640 3562 1709 fuisse,
3587 1643 3731 1700 hanc

2116 1726 2482 1794 praestantiam
2521 1729 2771 1783 onmibns
2816 1729 2993 1786 inesse
3032 1730 3344 1788 testificatus
3372 1742 3478 1803 est,
3518 1745 3573 1790 et
3607 1737 3729 1792 visu

2111 1815 2396 1885 elegantia,
2426 1827 2481 1872 et
2507 1817 2661 1874 valde
2689 1819 2847 1886 bona,
2884 1829 2939 1875 ut
2965 1821 3138 1876 discas
3167 1839 3287 1878 eum
3322 1841 3426 1879 non
3456 1841 3522 1881 ex
3549 1843 3726 1898 penu-

2111 1909 2188 1961 ria
2237 1916 2628 1980 transgressum
2675 1926 2826 1977 esse,
2871 1913 2964 1967 sed
2995 1914 3044 1967 in
3091 1913 3362 1972 afﬂuentia
3409 1934 3531 1974 cum
3579 1931 3728 1976 esset

2112 2011 2436 2071 prosrratum
2465 2001 2650 2058 fuisse.
2671 2002 2738 2057 Et
2762 2005 2956 2075 lignum
2983 2007 3117 2071 vitm,
3147 2008 3336 2078 inquit,
3355 2011 3411 2064 in
3436 2013 3601 2065 medio
3627 2031 3725 2082 pa-

2110 2093 2290 2156 radisi,
2321 2103 2368 2146 et
2396 2094 2590 2164 lignum
2619 2095 2840 2150 scientia:
2862 2095 2982 2151 boni
3006 2107 3054 2151 et
3079 2101 3202 2153 mali
3224 2100 3372 2172 (Gen.
3403 2102 3458 2155 2.
3489 2102 3566 2174 9).
3599 2102 3728 2159 Tria

2112 2185 2374 2253 lignorum
2419 2187 2733 2243 discrimina
2765 2207 2777 2242 :
2809 2189 2910 2244 alia
2944 2191 3019 2244 illi
3065 2191 3187 2246 data
3219 2201 3362 2259 sunt,
3393 2204 3449 2248 ut
3479 2197 3726 2262 viveret;

2109 2277 2232 2337 alia,
2268 2287 2324 2330 ut
2364 2278 2502 2333 bene
2543 2279 2781 2345 viveret;
2823 2282 2948 2347 alia,
3000 2293 3054 2336 ut
3085 2299 3298 2353 semper
3338 2286 3561 2342 viveret.
3592 2289 3729 2345 Erat

2111 2367 2251 2420 unde
2275 2369 2410 2424 bene
2439 2370 2660 2435 viveret,
2688 2388 2752 2426 ex
2777 2373 2972 2443 quibus
2999 2374 3160 2430 edere
3187 2376 3412 2443 licebat;
3441 2388 3553 2435 erat
3580 2382 3726 2438 unde

2109 2457 2248 2514 bene
2276 2461 2572 2524 viveret,ex
2605 2464 2906 2532 prohibitis.
2939 2466 3154 2522 Poterat
3177 2469 3321 2523 enim
3351 2470 3488 2527 bene
3511 2474 3726 2539 vivere,

2109 2551 2152 2605 si
2182 2554 2442 2623 tetigisset
2472 2570 2577 2609 non
2609 2555 2896 2625 prohibita,
2930 2569 3105 2616 etnon
3140 2563 3398 2633 tetigisset
3431 2565 3726 2633 prohibita.

2107 2642 2238 2698 Illud
2271 2654 2386 2699 crat
2423 2647 2560 2702 bene
2585 2648 2785 2715 vivere,
2826 2649 2934 2705 Deo
2963 2652 3207 2724 obsequi.
3244 2654 3484 2711 Positum
3512 2670 3632 2713 erat
3665 2661 3733 2714 li-

2106 2750 2268 2804 gnum
2299 2737 2418 2789 vitze
2445 2738 2495 2790 in
2540 2739 2738 2804 medio,
2768 2741 2919 2810 quasi
2954 2745 3263 2812 prtemium;
3299 2746 3501 2817 lignum
3543 2752 3729 2806 scicn-

2111 2827 2196 2880 tia:
2221 2867 2235 2889 ,
2267 2835 2325 2882 ut
2355 2828 2625 2897 pala-Stra,
2659 2840 2718 2885 ut
2762 2834 3118 2903 gymnasium.
3147 2836 3202 2890 Si
3255 2839 3564 2894 mandatum
3608 2857 3730 2896 ser-

2107 2933 2201 2973 ves
2221 2919 2361 2974 circa
2389 2920 2588 2990 lignum
2617 2921 2740 2991 hoc,
2781 2926 2981 2994 accipis
3012 2928 3314 2995 praemium.
3345 2934 3423 2985 Ac
3451 2932 3573 2986 vide
3623 2935 3728 2988 mi-

2105 3014 2366 3068 raculum.
2402 3014 2638 3071 Paradisi
2667 3017 2807 3088 ligna
2832 3019 3032 3085 omnia,
3057 3019 3250 3090 ubique
3273 3023 3323 3076 iu
3354 3024 3576 3079 circuitu
3601 3041 3731 3079 ver-

2105 3106 2318 3170 nantia,
2375 3108 2572 3177 ubique
2623 3107 2894 3165 fructifera
2945 3127 2958 3163 :
3007 3111 3114 3165 duo
3165 3122 3370 3168 tantmn
3427 3116 3480 3170 in
3539 3117 3727 3174 medio

2103 3205 2273 3260 erant,
2308 3197 2372 3252 ad
2395 3200 2728 3269 gymnasium
2759 3209 2812 3255 et
2839 3202 3087 3256 stadium.
3119 3203 3250 3271 Qum
3286 3205 3337 3258 in
3369 3205 3594 3261 circuitu
3622 3208 3727 3262 ali-

2104 3297 2344 3343 mentum
2390 3291 2718 3360 praebebant.
2770 3291 2966 3347 Verum
3020 3297 3460 3366 transgressionis
3500 3309 3554 3354 et
3590 3300 3723 3371 ligni

2101 3394 2282 3435 sermo
2323 3381 2465 3437 aliud
2494 3383 2547 3437 in
2581 3394 2791 3453 tempus
2820 3394 3153 3451 reservetur;
3178 3389 3505 3456 propositum
3536 3400 3724 3447 autem

2104 3471 2204 3526 hoc
2227 3472 2336 3542 jam
2379 3484 2460 3527 est
2495 3490 2508 3526 :
2539 3473 2757 3528 adducit
2795 3475 2933 3530 Deus
2959 3478 3205 3532 animalia
3253 3482 3431 3534 omnia
3459 3482 3525 3536 ad
3576 3482 3724 3538 Ada-

2104 3579 2269 3618 mum.
2329 3564 2560 3618 Andiant
2589 3565 2822 3621 haeretici
2855 3585 2869 3621 :
2904 3584 3003 3624 nec
3049 3571 3261 3627 mireris
3304 3572 3350 3627 si
3389 3573 3456 3627 ad
3503 3575 3721 3645 singula

2103 3657 2244 3712 dicta
2270 3699 2285 3724 ,
2325 3658 2393 3713 ad
2437 3661 2676 3729 singulas
2721 3675 2880 3716 voces
2925 3672 3112 3719 contra
3160 3663 3441 3721 haereticos
3486 3679 3717 3738 agatur;

2101 3763 2199 3819 per
2252 3765 2468 3805 omnem
2533 3751 2678 3807 enim
2746 3755 3084 3811 occasionem
3147 3757 3616 3827 reprehenduntur
3677 3762 3718 3818 ii

2101 3839 2190 3910 qui
2248 3852 2434 3896 contra
2491 3842 2784 3913 gloriosum
2831 3861 3055 3915 regnum
3100 3847 3400 3920 insurgunt.
3439 3850 3602 3921 Lapis
3649 3870 3719 3908 ea:

2099 3948 2246 3986 muro
2288 3933 2475 3988 clamat
2511 3932 2737 4004 (Hebae.
2781 3935 2835 3989 2.
2869 3938 2989 4008 ll);
3024 3954 3130 3994 non
3175 3941 3317 4006 dico,
3366 3943 3593 3999 verbum
3641 3960 3717 4000 ex

2102 4025 2402 4095 Scriptura,
2449 4026 2567 4081 Iota
2598 4045 2778 4096 unum,
2806 4042 2895 4084 aut
2923 4048 3050 4086 unus
3077 4049 3208 4103 apex
3233 4034 3447 4106 (Matth.
3495 4037 3550 4092 5.
3593 4038 3712 4108 18),

2103 4119 2383 4174 hazreticos
2417 4121 2715 4192 inculpatos
2753 4140 2857 4179 non
2885 4126 3101 4190 sinunt;
3151 4128 3220 4181 ab
3260 4128 3510 4183 omnibus
3552 4145 3717 4185 accu-

2099 4219 2287 4265 santur
2332 4211 2421 4281 qui
2461 4223 2659 4283 negant
2687 4215 2922 4269 omnium
2969 4217 3273 4271 Dominum.
3329 4219 3716 4279 Animadverte

2101 4303 2278 4373 igitur.
2308 4304 2499 4360 Videre
2523 4315 2641 4361 erat
2660 4322 2773 4361 rem
2797 4308 3140 4378 stupendant,
3163 4308 3427 4363 Adamum
3451 4321 3711 4383 stantem,

2097 4405 2153 4450 et
2193 4397 2358 4452 Deum
2405 4399 2559 4467 quasi
2587 4399 2890 4454 ministrum
2921 4400 2986 4453 ad
3018 4399 3281 4454 Adamunt
3322 4401 3706 4464 adducentem.

2099 4489 2318 4542 Addurit
2346 4491 2490 4544 enim
2521 4489 2660 4544 Deus
2685 4491 2950 4544 animalia.
2983 4491 3080 4546 llic
3119 4491 3356 4560 attende,
3401 4509 3512 4550 non
3541 4496 3708 4568 dicta,

2099 4579 2191 4633 sed
2233 4581 2576 4634 sententiam.
2619 4580 2806 4650 Cogita
2835 4582 3003 4637 Deum
3034 4594 3287 4649 stantem,
3336 4593 3392 4640 et
3434 4586 3709 4644 Adamum

2098 4669 2488 4738 explorantem.
2513 4670 2748 4725 Adduxit
2777 4672 2915 4727 Deus
2939 4673 3138 4737 omnia,
3166 4673 3375 4729 Adamo
3395 4674 3536 4730 dixit
3557 4678 3710 4733 verbi

2097 4761 2266 4828 gratia
2298 4778 2312 4814 :
2344 4761 2461 4829 Quo
2498 4762 2715 4816 nomine
2745 4761 2832 4816 hic
2865 4762 2956 4817 tibi
2999 4763 3209 4818 videtur
3238 4766 3510 4822 vocandus
3539 4782 3662 4824 esse
3689 4769 3716 4821 ?

2100 4851 2252 4922 Isque
2281 4853 2356 4906 ait
2388 4869 2401 4905 :
2453 4852 2685 4907 Vocetur
2731 4853 2835 4908 leo.
2871 4853 2981 4908 Hoc
3029 4855 3168 4909 Deus
3194 4857 3390 4911 sanxit.
3439 4857 3540 4913 Hic
3571 4873 3708 4914 vero

2098 4961 2204 5014 quo
2234 4946 2494 5002 nomine?
2521 4946 2728 5000 Taurus
2764 4956 3001 5001 Vocetur.
3029 4947 3194 5002 Recte
3221 4951 3474 5005 statuisti.
3504 4951 3706 5008 Simili-

2099 5048 2284 5109 terque
2311 5040 2639 5108 singulorum
2671 5041 2888 5093 nomina
2917 5040 3058 5093 Deus
3086 5039 3404 5110 obsignavit.
3435 5045 3525 5097 Ait
3556 5046 3701 5098 enim

2095 5133 2369 5205 Scriptura
2403 5152 2416 5187 :
2448 5134 2682 5187 Adduxit
2711 5149 2770 5186 ea
2795 5134 2863 5185 ad
2890 5131 3079 5197 Adam,
3115 5144 3168 5186 ut
3201 5135 3409 5201 videret,
3453 5138 3580 5206 quid
3608 5153 3700 5190 ro-

2096 5236 2234 5279 caret
2259 5243 2318 5279 ea
2371 5223 2438 5278 Et
2483 5240 2632 5278 omne
2667 5221 2801 5294 quod
2831 5225 3023 5277 vocavit
3051 5223 3235 5291 Adam,
3268 5226 3364 5280 hoc
3401 5238 3472 5280 est
3515 5245 3702 5282 nomen

2094 5319 2223 5385 ejus.
2262 5316 2412 5372 Vide.
2447 5316 2580 5385 Quia
2610 5316 2676 5369 ad
2724 5316 3008 5385 imaginem
3042 5317 3212 5385 ipsum
3255 5329 3557 5384 creaverat,
3603 5334 3702 5373 κο-

2094 5409 2192 5464 luit
2219 5417 2273 5464 et
2301 5408 2556 5463 honorem
2587 5409 2636 5462 in
2664 5418 3011 5477 conspectum
3040 5409 3304 5479 proferre,
3332 5420 3386 5465 et
3409 5410 3700 5466 ostendere

2093 5517 2221 5557 vere
2246 5502 2420 5572 ipsum
2449 5501 2732 5571 imaginem
2758 5502 3033 5572 sapientia:
3057 5501 3218 5557 ferre.
3256 5505 3331 5558 Ac
3360 5518 3473 5557 rem
3505 5505 3700 5559 miram

2093 5596 2234 5650 vide.
2269 5595 2407 5649 Deus
2448 5594 2550 5648 sibi
2597 5595 2811 5648 nomina
2856 5604 2983 5649 ante
3026 5594 3328 5657 definierat,
3373 5595 3697 5666 volebatqun

2092 5703 2189 5758 per
2236 5688 2520 5758 imaginem
2567 5702 2714 5742 suam
2746 5689 3049 5750 ostendere,
3096 5687 3280 5741 Adami
3313 5685 3530 5743 decreta
3571 5705 3696 5744 cum

2095 5779 2188 5833 Dei
2221 5779 2489 5834 voluntate
2517 5780 2842 5834 consentire.
2879 5779 3039 5834 Certe
3065 5794 3186 5832 cum
3216 5779 3376 5832 vellet
3405 5779 3694 5834 ostendere

2091 5873 2382 5945 Scriptura,
2413 5871 2528 5929 bxc
2554 5888 2671 5945 (luas
2705 5873 2940 5930 Adamus
2969 5871 3222 5942 imposuit
3253 5873 3490 5940 nomina,
3523 5871 3692 5928 Deum
