  <div class='ocr_page' id='page_1' title='image "/cluster/home/n/w/nwhite01/storage/ocr_20150623/56/ien.35556001660836/476.png"; bbox 0 0 3984 6420; ppageno 0'>
   <div class='ocr_carea' id='block_1_1' title="bbox 209 415 330 470">
    <p class='ocr_par' dir='ltr' id='par_1_1' title="bbox 209 415 330 470">
     <span class='ocr_line' id='line_1_1' title="bbox 209 415 330 470; baseline 0 0"><span class='ocrx_word' id='word_1_1' title='bbox 209 415 330 470; x_wconf 79' lang='grc'>479</span> 
     </span>
    </p>
   </div>
   <div class='ocr_carea' id='block_1_2' title="bbox 217 529 1806 606">
    <p class='ocr_par' dir='ltr' id='par_1_2' title="bbox 217 529 1806 606">
     <span class='ocr_line' id='line_1_2' title="bbox 217 529 1806 606; baseline 0 -20"><span class='ocrx_word' id='word_1_2' title='bbox 217 532 428 604; x_wconf 79' lang='grc' dir='ltr'>ἀρτίως</span> <span class='ocrx_word' id='word_1_3' title='bbox 466 532 770 603; x_wconf 87' lang='grc' dir='ltr'>είρηκαμεν</span> <span class='ocrx_word' id='word_1_4' title='bbox 795 548 809 564; x_wconf 89' lang='grc'><strong>·</strong></span> <span class='ocrx_word' id='word_1_5' title='bbox 839 529 958 587; x_wconf 81' lang='grc' dir='ltr'>εἶτα</span> <span class='ocrx_word' id='word_1_6' title='bbox 977 535 1004 588; x_wconf 93' lang='lat'>6</span> <span class='ocrx_word' id='word_1_7' title='bbox 1032 535 1188 606; x_wconf 87' lang='grc' dir='ltr'>Γηών</span> <span class='ocrx_word' id='word_1_8' title='bbox 1206 551 1220 567; x_wconf 87' lang='grc'><strong>·</strong></span> <span class='ocrx_word' id='word_1_9' title='bbox 1253 529 1410 598; x_wconf 75' lang='grc' dir='ltr'>οὗτός</span> <span class='ocrx_word' id='word_1_10' title='bbox 1452 534 1601 586; x_wconf 79' lang='grc' dir='ltr'>ἐστιν</span> <span class='ocrx_word' id='word_1_11' title='bbox 1626 535 1655 586; x_wconf 94' lang='lat'>6</span> <span class='ocrx_word' id='word_1_12' title='bbox 1682 533 1806 586; x_wconf 81' lang='grc' dir='ltr'>Νεῖ-</span> 
     </span>
    </p>
   </div>
   <div class='ocr_carea' id='block_1_3' title="bbox 215 614 1807 687">
    <p class='ocr_par' dir='ltr' id='par_1_3' title="bbox 215 614 1807 687">
     <span class='ocr_line' id='line_1_3' title="bbox 215 614 1807 687; baseline 0 -21"><span class='ocrx_word' id='word_1_13' title='bbox 215 615 334 678; x_wconf 89' lang='grc' dir='ltr'>λος.</span> <span class='ocrx_word' id='word_1_14' title='bbox 367 614 520 682; x_wconf 85' lang='grc' dir='ltr'>Γηὼν</span> <span class='ocrx_word' id='word_1_15' title='bbox 546 615 608 668; x_wconf 86' lang='grc' dir='ltr'>τὸ</span> <span class='ocrx_word' id='word_1_16' title='bbox 640 615 864 685; x_wconf 83' lang='grc' dir='ltr'>ἀρχαῖον</span> <span class='ocrx_word' id='word_1_17' title='bbox 893 617 1059 670; x_wconf 91' lang='grc' dir='ltr'>αὑτοῦ</span> <span class='ocrx_word' id='word_1_18' title='bbox 1084 618 1276 687; x_wconf 76' lang='grc' dir='ltr'>ὄνομα.</span> <span class='ocrx_word' id='word_1_19' title='bbox 1314 615 1601 686; x_wconf 81' lang='grc' dir='ltr'>Μαρτυρεῖ</span> <span class='ocrx_word' id='word_1_20' title='bbox 1643 615 1807 685; x_wconf 85' lang='grc' dir='ltr'>Ἰερε-</span> 
     </span>
    </p>
   </div>
   <div class='ocr_carea' id='block_1_4' title="bbox 217 695 1808 768">
    <p class='ocr_par' dir='ltr' id='par_1_4' title="bbox 217 695 1808 768">
     <span class='ocr_line' id='line_1_4' title="bbox 217 695 1808 768; baseline 0.001 -21"><span class='ocrx_word' id='word_1_21' title='bbox 217 698 356 768; x_wconf 84' lang='grc' dir='ltr'>μίας</span> <span class='ocrx_word' id='word_1_22' title='bbox 401 697 603 763; x_wconf 82' lang='grc' dir='ltr'>λέγων·</span> <span class='ocrx_word' id='word_1_23' title='bbox 643 699 705 751; x_wconf 84' lang='grc' dir='ltr'>Τί</span> <span class='ocrx_word' id='word_1_24' title='bbox 751 713 850 752; x_wconf 90' lang='grc' dir='ltr'>σοι</span> <span class='ocrx_word' id='word_1_25' title='bbox 891 699 986 752; x_wconf 75' lang='grc' dir='ltr'>καί</span> <span class='ocrx_word' id='word_1_26' title='bbox 1043 699 1118 767; x_wconf 82' lang='grc' dir='ltr'>τῇ</span> <span class='ocrx_word' id='word_1_27' title='bbox 1149 700 1269 766; x_wconf 87' lang='grc' dir='ltr'>ὁδῷ</span> <span class='ocrx_word' id='word_1_28' title='bbox 1324 700 1668 768; x_wconf 74' lang='grc' dir='ltr'>Αἰγύπτου,</span> <span class='ocrx_word' id='word_1_29' title='bbox 1699 695 1808 750; x_wconf 83' lang='grc' dir='ltr'>τοῦ</span> 
     </span>
    </p>
   </div>
   <div class='ocr_carea' id='block_1_5' title="bbox 215 781 1806 852">
    <p class='ocr_par' dir='ltr' id='par_1_5' title="bbox 215 781 1806 852">
     <span class='ocr_line' id='line_1_5' title="bbox 215 781 1806 852; baseline -0.001 -20"><span class='ocrx_word' id='word_1_30' title='bbox 215 781 382 834; x_wconf 76' lang='grc' dir='ltr'>πιεῖν</span> <span class='ocrx_word' id='word_1_31' title='bbox 442 782 601 850; x_wconf 79' lang='grc' dir='ltr'>ὕδωρ</span> <span class='ocrx_word' id='word_1_32' title='bbox 653 782 872 849; x_wconf 85' lang='grc' dir='ltr'>Γηών;</span> <span class='ocrx_word' id='word_1_33' title='bbox 938 781 1202 836; x_wconf 82' lang='grc' dir='ltr'>Ἐνταῦθα</span> <span class='ocrx_word' id='word_1_34' title='bbox 1259 783 1516 852; x_wconf 87' lang='grc' dir='ltr'>πρόσεχε.</span> <span class='ocrx_word' id='word_1_35' title='bbox 1564 781 1806 849; x_wconf 87' lang='grc' dir='ltr'>Νόμισον</span> 
     </span>
    </p>
   </div>
   <div class='ocr_carea' id='block_1_6' title="bbox 214 857 1807 938">
    <p class='ocr_par' dir='ltr' id='par_1_6' title="bbox 214 857 1807 938">
     <span class='ocr_line' id='line_1_6' title="bbox 214 857 1807 938; baseline 0.001 -24"><span class='ocrx_word' id='word_1_36' title='bbox 214 861 408 916; x_wconf 87' lang='grc' dir='ltr'>τοῦτον</span> <span class='ocrx_word' id='word_1_37' title='bbox 455 857 597 916; x_wconf 75' lang='grc' dir='ltr'>εἶναι</span> <span class='ocrx_word' id='word_1_38' title='bbox 627 863 718 918; x_wconf 87' lang='grc' dir='ltr'>τὸν</span> <span class='ocrx_word' id='word_1_39' title='bbox 747 865 1095 938; x_wconf 85' lang='grc' dir='ltr'>παράδεισον.</span> <span class='ocrx_word' id='word_1_40' title='bbox 1128 866 1195 917; x_wconf 82' lang='grc' dir='ltr'>’Δ</span> <span class='ocrx_word' id='word_1_41' title='bbox 1233 877 1258 905; x_wconf 79' lang='grc' dir='ltr'>ι</span> <span class='ocrx_word' id='word_1_42' title='bbox 1315 864 1425 935; x_wconf 88' lang='grc' dir='ltr'>γάρ</span> <span class='ocrx_word' id='word_1_43' title='bbox 1452 864 1572 932; x_wconf 73' lang='grc' dir='ltr'>ὁψει</span> <span class='ocrx_word' id='word_1_44' title='bbox 1607 861 1807 933; x_wconf 66' lang='grc' dir='ltr'>μᾶλλον</span> 
     </span>
    </p>
   </div>
   <div class='ocr_carea' id='block_1_7' title="bbox 214 944 1806 1020">
    <p class='ocr_par' dir='ltr' id='par_1_7' title="bbox 214 944 1806 1020">
     <span class='ocr_line' id='line_1_7' title="bbox 214 944 1806 1020; baseline 0.002 -24"><span class='ocrx_word' id='word_1_45' title='bbox 214 944 249 1014; x_wconf 78' lang='grc' dir='ltr'>ἢ</span> <span class='ocrx_word' id='word_1_46' title='bbox 299 944 444 1016; x_wconf 89' lang='grc' dir='ltr'>λόγῳ</span> <span class='ocrx_word' id='word_1_47' title='bbox 495 947 866 1016; x_wconf 89' lang='grc' dir='ltr'>παραδίδοται.</span> <span class='ocrx_word' id='word_1_48' title='bbox 918 947 1254 1020; x_wconf 89' lang='grc' dir='ltr'>Προέρχεται</span> <span class='ocrx_word' id='word_1_49' title='bbox 1310 947 1555 1017; x_wconf 84' lang='grc' dir='ltr'>ποταμὸς</span> <span class='ocrx_word' id='word_1_50' title='bbox 1606 945 1806 1008; x_wconf 73' lang='grc' dir='ltr'>πολὺς,</span> 
     </span>
    </p>
   </div>
   <div class='ocr_carea' id='block_1_8' title="bbox 215 1028 1804 1100">
    <p class='ocr_par' dir='ltr' id='par_1_8' title="bbox 215 1028 1804 1100">
     <span class='ocr_line' id='line_1_8' title="bbox 215 1028 1804 1100; baseline 0 -21"><span class='ocrx_word' id='word_1_51' title='bbox 215 1029 477 1082; x_wconf 79' lang='grc' dir='ltr'>πλούσιον</span> <span class='ocrx_word' id='word_1_52' title='bbox 511 1032 656 1099; x_wconf 83' lang='grc' dir='ltr'>νᾶμα</span> <span class='ocrx_word' id='word_1_53' title='bbox 684 1030 822 1100; x_wconf 77' lang='grc' dir='ltr'>ἔχων</span> <span class='ocrx_word' id='word_1_54' title='bbox 851 1072 866 1094; x_wconf 90' lang='grc'>,</span> <span class='ocrx_word' id='word_1_55' title='bbox 919 1031 1015 1084; x_wconf 78' lang='grc' dir='ltr'>καὶ</span> <span class='ocrx_word' id='word_1_56' title='bbox 1061 1030 1278 1100; x_wconf 83' lang='grc' dir='ltr'>ἀρδεύει</span> <span class='ocrx_word' id='word_1_57' title='bbox 1322 1031 1414 1083; x_wconf 89' lang='grc' dir='ltr'>τὸν</span> <span class='ocrx_word' id='word_1_58' title='bbox 1455 1028 1804 1100; x_wconf 82' lang='grc' dir='ltr'>παράδεισον.</span> 
     </span>
    </p>
   </div>
   <div class='ocr_carea' id='block_1_9' title="bbox 228 1108 1806 1184">
    <p class='ocr_par' dir='ltr' id='par_1_9' title="bbox 228 1108 1806 1184">
     <span class='ocr_line' id='line_1_9' title="bbox 228 1108 1806 1184; baseline -0.003 -20"><span class='ocrx_word' id='word_1_59' title='bbox 228 1111 472 1174; x_wconf 76' lang='grc' dir='ltr'>Ἐκεῖθεν</span> <span class='ocrx_word' id='word_1_60' title='bbox 506 1112 728 1184; x_wconf 87' lang='grc' dir='ltr'>φέρεται</span> <span class='ocrx_word' id='word_1_61' title='bbox 770 1116 848 1177; x_wconf 88' lang='grc' dir='ltr'>είς</span> <span class='ocrx_word' id='word_1_62' title='bbox 887 1114 1155 1183; x_wconf 87' lang='grc' dir='ltr'>ὑπόνομόν</span> <span class='ocrx_word' id='word_1_63' title='bbox 1193 1130 1245 1166; x_wconf 89' lang='grc' dir='ltr'>τι</span> <span class='ocrx_word' id='word_1_64' title='bbox 1295 1113 1427 1183; x_wconf 89' lang='grc' dir='ltr'>χάος</span> <span class='ocrx_word' id='word_1_65' title='bbox 1451 1153 1466 1174; x_wconf 89' lang='grc'>,</span> <span class='ocrx_word' id='word_1_66' title='bbox 1520 1112 1614 1164; x_wconf 76' lang='grc' dir='ltr'>καὶ</span> <span class='ocrx_word' id='word_1_67' title='bbox 1659 1108 1806 1163; x_wconf 84' lang='grc' dir='ltr'>δύνει</span> 
     </span>
    </p>
   </div>
   <div class='ocr_carea' id='block_1_10' title="bbox 216 1194 1810 1269">
    <p class='ocr_par' dir='ltr' id='par_1_10' title="bbox 216 1194 1810 1269">
     <span class='ocr_line' id='line_1_10' title="bbox 216 1194 1810 1269; baseline -0.001 -22"><span class='ocrx_word' id='word_1_68' title='bbox 216 1195 330 1248; x_wconf 89' lang='grc' dir='ltr'>ὑπὸ</span> <span class='ocrx_word' id='word_1_69' title='bbox 358 1196 464 1265; x_wconf 83' lang='grc' dir='ltr'>γῆν</span> <span class='ocrx_word' id='word_1_70' title='bbox 494 1195 719 1266; x_wconf 81' lang='grc' dir='ltr'>ἄπειρον</span> <span class='ocrx_word' id='word_1_71' title='bbox 742 1237 757 1261; x_wconf 92' lang='grc'>,</span> <span class='ocrx_word' id='word_1_72' title='bbox 793 1197 868 1260; x_wconf 88' lang='grc' dir='ltr'>ὡς</span> <span class='ocrx_word' id='word_1_73' title='bbox 897 1195 1036 1250; x_wconf 79' lang='grc' dir='ltr'>οἶδεν</span> <span class='ocrx_word' id='word_1_74' title='bbox 1065 1199 1093 1250; x_wconf 98' lang='lat'>6</span> <span class='ocrx_word' id='word_1_75' title='bbox 1119 1196 1219 1269; x_wconf 78' lang='grc' dir='ltr'>τὴν</span> <span class='ocrx_word' id='word_1_76' title='bbox 1261 1197 1378 1251; x_wconf 88' lang='grc' dir='ltr'>ὁδὸν</span> <span class='ocrx_word' id='word_1_77' title='bbox 1430 1194 1679 1266; x_wconf 81' lang='grc' dir='ltr'>στρώσας</span> <span class='ocrx_word' id='word_1_78' title='bbox 1712 1196 1810 1246; x_wconf 89' lang='grc' dir='ltr'>Δε-</span> 
     </span>
    </p>
   </div>
   <div class='ocr_carea' id='block_1_11' title="bbox 217 1277 1809 1352">
    <p class='ocr_par' dir='ltr' id='par_1_11' title="bbox 217 1277 1809 1352">
     <span class='ocr_line' id='line_1_11' title="bbox 217 1277 1809 1352; baseline 0.007 -23"><span class='ocrx_word' id='word_1_79' title='bbox 217 1279 427 1348; x_wconf 82' lang='grc' dir='ltr'>σπότης</span> <span class='ocrx_word' id='word_1_80' title='bbox 453 1296 466 1309; x_wconf 87' lang='grc'><strong>·</strong></span> <span class='ocrx_word' id='word_1_81' title='bbox 501 1282 593 1333; x_wconf 74' lang='grc' dir='ltr'>καὶ</span> <span class='ocrx_word' id='word_1_82' title='bbox 625 1279 877 1334; x_wconf 76' lang='grc' dir='ltr'>λανθάνει</span> <span class='ocrx_word' id='word_1_83' title='bbox 932 1282 1024 1334; x_wconf 70' lang='grc' dir='ltr'>ἐπὶ</span> <span class='ocrx_word' id='word_1_84' title='bbox 1069 1282 1204 1334; x_wconf 88' lang='grc' dir='ltr'>πολὺ</span> <span class='ocrx_word' id='word_1_85' title='bbox 1239 1281 1298 1334; x_wconf 89' lang='grc' dir='ltr'>τὸ</span> <span class='ocrx_word' id='word_1_86' title='bbox 1333 1281 1545 1352; x_wconf 80' lang='grc' dir='ltr'>ῥεῦμα,</span> <span class='ocrx_word' id='word_1_87' title='bbox 1585 1279 1679 1331; x_wconf 76' lang='grc' dir='ltr'>καὶ</span> <span class='ocrx_word' id='word_1_88' title='bbox 1726 1277 1809 1340; x_wconf 75' lang='grc' dir='ltr'>εἰς</span> 
     </span>
    </p>
   </div>
   <div class='ocr_carea' id='block_1_12' title="bbox 212 1361 1808 1434">
    <p class='ocr_par' dir='ltr' id='par_1_12' title="bbox 212 1361 1808 1434">
     <span class='ocr_line' id='line_1_12' title="bbox 212 1361 1808 1434; baseline 0.001 -22"><span class='ocrx_word' id='word_1_89' title='bbox 212 1361 511 1431; x_wconf 81' lang='grc' dir='ltr'>διαφόρους</span> <span class='ocrx_word' id='word_1_90' title='bbox 547 1362 745 1427; x_wconf 81' lang='grc' dir='ltr'>τόπους</span> <span class='ocrx_word' id='word_1_91' title='bbox 779 1363 1118 1426; x_wconf 87' lang='grc' dir='ltr'>ἀναδίδοται,</span> <span class='ocrx_word' id='word_1_92' title='bbox 1161 1365 1254 1417; x_wconf 74' lang='grc' dir='ltr'>καὶ</span> <span class='ocrx_word' id='word_1_93' title='bbox 1293 1363 1662 1434; x_wconf 86' lang='grc' dir='ltr'>εὑρίσκεταιὸ</span> <span class='ocrx_word' id='word_1_94' title='bbox 1707 1361 1808 1430; x_wconf 85' lang='grc' dir='ltr'>μὲν</span> 
     </span>
    </p>
   </div>
   <div class='ocr_carea' id='block_1_13' title="bbox 214 1444 1804 1515">
    <p class='ocr_par' dir='ltr' id='par_1_13' title="bbox 214 1444 1804 1515">
     <span class='ocr_line' id='line_1_13' title="bbox 214 1444 1804 1515; baseline -0.001 -20"><span class='ocrx_word' id='word_1_95' title='bbox 214 1446 296 1508; x_wconf 82' lang='grc' dir='ltr'>εἰς</span> <span class='ocrx_word' id='word_1_96' title='bbox 334 1448 436 1515; x_wconf 65' lang='grc' dir='ltr'>τὴν</span> <span class='ocrx_word' id='word_1_97' title='bbox 465 1446 752 1500; x_wconf 83' lang='grc' dir='ltr'>Αἰθιοπίαν</span> <span class='ocrx_word' id='word_1_98' title='bbox 776 1489 790 1511; x_wconf 96' lang='grc'>,</span> <span class='ocrx_word' id='word_1_99' title='bbox 818 1448 847 1499; x_wconf 86' lang='grc' dir='ltr'>ὁ</span> <span class='ocrx_word' id='word_1_100' title='bbox 879 1447 935 1500; x_wconf 83' lang='grc' dir='ltr'>δὲ</span> <span class='ocrx_word' id='word_1_101' title='bbox 969 1449 1049 1510; x_wconf 87' lang='grc' dir='ltr'>εἰς</span> <span class='ocrx_word' id='word_1_102' title='bbox 1072 1447 1244 1512; x_wconf 87' lang='grc' dir='ltr'>δύσιν,</span> <span class='ocrx_word' id='word_1_103' title='bbox 1270 1450 1298 1500; x_wconf 97' lang='lat'>6</span> <span class='ocrx_word' id='word_1_104' title='bbox 1325 1448 1382 1501; x_wconf 84' lang='grc' dir='ltr'>δὲ</span> <span class='ocrx_word' id='word_1_105' title='bbox 1413 1449 1492 1509; x_wconf 87' lang='grc' dir='ltr'>εἰς</span> <span class='ocrx_word' id='word_1_106' title='bbox 1517 1444 1804 1515; x_wconf 80' lang='grc' dir='ltr'>ἀνατολὴν,</span> 
     </span>
    </p>
   </div>
   <div class='ocr_carea' id='block_1_14' title="bbox 213 1526 1808 1600">
    <p class='ocr_par' dir='ltr' id='par_1_14' title="bbox 213 1526 1808 1600">
     <span class='ocr_line' id='line_1_14' title="bbox 213 1526 1808 1600; baseline 0.001 -23"><span class='ocrx_word' id='word_1_107' title='bbox 213 1527 308 1579; x_wconf 88' lang='grc' dir='ltr'>τοῦ</span> <span class='ocrx_word' id='word_1_108' title='bbox 336 1528 475 1580; x_wconf 74' lang='grc' dir='ltr'>Θεοῦ</span> <span class='ocrx_word' id='word_1_109' title='bbox 502 1528 645 1581; x_wconf 83' lang='grc' dir='ltr'>οὑτω</span> <span class='ocrx_word' id='word_1_110' title='bbox 671 1529 740 1583; x_wconf 82' lang='grc' dir='ltr'>δι’</span> <span class='ocrx_word' id='word_1_111' title='bbox 776 1530 1047 1599; x_wconf 84' lang='grc' dir='ltr'>ὑπόνομον</span> <span class='ocrx_word' id='word_1_112' title='bbox 1093 1530 1340 1592; x_wconf 75' lang='grc' dir='ltr'>ἕλκοντος</span> <span class='ocrx_word' id='word_1_113' title='bbox 1373 1530 1433 1581; x_wconf 88' lang='grc' dir='ltr'>τὸ</span> <span class='ocrx_word' id='word_1_114' title='bbox 1475 1527 1680 1600; x_wconf 79' lang='grc' dir='ltr'>ῥεῦμα,</span> <span class='ocrx_word' id='word_1_115' title='bbox 1711 1526 1808 1580; x_wconf 72' lang='grc' dir='ltr'>καὶ</span> 
     </span>
    </p>
   </div>
   <div class='ocr_carea' id='block_1_15' title="bbox 216 1609 1805 1684">
    <p class='ocr_par' dir='ltr' id='par_1_15' title="bbox 216 1609 1805 1684">
     <span class='ocr_line' id='line_1_15' title="bbox 216 1609 1805 1684; baseline 0 -22"><span class='ocrx_word' id='word_1_116' title='bbox 216 1609 502 1674; x_wconf 83' lang='grc' dir='ltr'>ποιοῦντος</span> <span class='ocrx_word' id='word_1_117' title='bbox 529 1612 684 1676; x_wconf 80' lang='grc' dir='ltr'>ξένας</span> <span class='ocrx_word' id='word_1_118' title='bbox 711 1613 894 1681; x_wconf 87' lang='grc' dir='ltr'>πηγάς</span> <span class='ocrx_word' id='word_1_119' title='bbox 937 1612 1018 1683; x_wconf 84' lang='grc' dir='ltr'>τῷ</span> <span class='ocrx_word' id='word_1_120' title='bbox 1060 1613 1262 1684; x_wconf 83' lang='grc' dir='ltr'>πρώτῳ</span> <span class='ocrx_word' id='word_1_121' title='bbox 1292 1609 1541 1681; x_wconf 80' lang='grc' dir='ltr'>ποταμῷ.</span> <span class='ocrx_word' id='word_1_122' title='bbox 1571 1611 1723 1664; x_wconf 85' lang='grc' dir='ltr'>Διατί</span> <span class='ocrx_word' id='word_1_123' title='bbox 1749 1609 1805 1662; x_wconf 84' lang='grc' dir='ltr'>δὲ</span> 
     </span>
    </p>
   </div>
   <div class='ocr_carea' id='block_1_16' title="bbox 212 1691 1805 1766">
    <p class='ocr_par' dir='ltr' id='par_1_16' title="bbox 212 1691 1805 1766">
     <span class='ocr_line' id='line_1_16' title="bbox 212 1691 1805 1766; baseline -0.001 -22"><span class='ocrx_word' id='word_1_124' title='bbox 212 1692 407 1754; x_wconf 85' lang='grc' dir='ltr'>τοῦτο;</span> <span class='ocrx_word' id='word_1_125' title='bbox 435 1694 554 1748; x_wconf 85' lang='grc' dir='ltr'>Ἵνα</span> <span class='ocrx_word' id='word_1_126' title='bbox 584 1695 657 1766; x_wconf 78' lang='grc' dir='ltr'>μὴ</span> <span class='ocrx_word' id='word_1_127' title='bbox 685 1697 798 1759; x_wconf 82' lang='grc' dir='ltr'>τοῖς</span> <span class='ocrx_word' id='word_1_128' title='bbox 826 1697 998 1764; x_wconf 80' lang='grc' dir='ltr'>ἴχνεσι</span> <span class='ocrx_word' id='word_1_129' title='bbox 1024 1695 1135 1748; x_wconf 91' lang='grc' dir='ltr'>τῶν</span> <span class='ocrx_word' id='word_1_130' title='bbox 1163 1696 1421 1764; x_wconf 79' lang='grc' dir='ltr'>ποταμῶν</span> <span class='ocrx_word' id='word_1_131' title='bbox 1448 1691 1805 1747; x_wconf 68' lang='grc' dir='ltr'>ἀκολουθοῦν-</span> 
     </span>
    </p>
   </div>
   <div class='ocr_carea' id='block_1_17' title="bbox 212 1774 1806 1852">
    <p class='ocr_par' dir='ltr' id='par_1_17' title="bbox 212 1774 1806 1852">
     <span class='ocr_line' id='line_1_17' title="bbox 212 1774 1806 1852; baseline 0.001 -26"><span class='ocrx_word' id='word_1_132' title='bbox 212 1793 303 1838; x_wconf 89' lang='grc' dir='ltr'>τες</span> <span class='ocrx_word' id='word_1_133' title='bbox 328 1777 535 1845; x_wconf 78' lang='grc' dir='ltr'>εὕρωσι</span> <span class='ocrx_word' id='word_1_134' title='bbox 566 1778 658 1830; x_wconf 89' lang='grc' dir='ltr'>τὸν</span> <span class='ocrx_word' id='word_1_135' title='bbox 685 1779 1034 1849; x_wconf 84' lang='grc' dir='ltr'>παράδεισον,</span> <span class='ocrx_word' id='word_1_136' title='bbox 1065 1779 1149 1831; x_wconf 84' lang='grc' dir='ltr'>ἵνα</span> <span class='ocrx_word' id='word_1_137' title='bbox 1179 1780 1254 1849; x_wconf 81' lang='grc' dir='ltr'>μὴ</span> <span class='ocrx_word' id='word_1_138' title='bbox 1353 1781 1465 1841; x_wconf 83' lang='grc' dir='ltr'>τοῖς</span> <span class='ocrx_word' id='word_1_139' title='bbox 1499 1774 1806 1847; x_wconf 84' lang='grc' dir='ltr'>ἀνθρώποις</span> 
     </span>
    </p>
   </div>
   <div class='ocr_carea' id='block_1_18' title="bbox 215 1856 1808 1934">
    <p class='ocr_par' dir='ltr' id='par_1_18' title="bbox 215 1856 1808 1934">
     <span class='ocr_line' id='line_1_18' title="bbox 215 1856 1808 1934; baseline -0.001 -23"><span class='ocrx_word' id='word_1_140' title='bbox 215 1859 586 1929; x_wconf 86' lang='grc' dir='ltr'>καταληπτός.</span> <span class='ocrx_word' id='word_1_141' title='bbox 617 1861 678 1914; x_wconf 87' lang='grc' dir='ltr'>Εἰ</span> <span class='ocrx_word' id='word_1_142' title='bbox 714 1861 819 1934; x_wconf 83' lang='grc' dir='ltr'>γὰρ</span> <span class='ocrx_word' id='word_1_143' title='bbox 853 1857 923 1934; x_wconf 80' lang='grc' dir='ltr'>ἦν</span> <span class='ocrx_word' id='word_1_144' title='bbox 946 1861 1182 1925; x_wconf 83' lang='grc' dir='ltr'>ὁδεῦσαι,</span> <span class='ocrx_word' id='word_1_145' title='bbox 1214 1861 1392 1918; x_wconf 71' lang='grc' dir='ltr'>οὐδεὶς</span> <span class='ocrx_word' id='word_1_146' title='bbox 1425 1861 1490 1914; x_wconf 82' lang='grc' dir='ltr'>ἂν</span> <span class='ocrx_word' id='word_1_147' title='bbox 1535 1856 1660 1930; x_wconf 78' lang='grc' dir='ltr'>εὑρε</span> <span class='ocrx_word' id='word_1_148' title='bbox 1700 1857 1808 1929; x_wconf 85' lang='grc' dir='ltr'>πρὸ</span> 
     </span>
    </p>
   </div>
   <div class='ocr_carea' id='block_1_19' title="bbox 213 1940 1806 2015">
    <p class='ocr_par' dir='ltr' id='par_1_19' title="bbox 213 1940 1806 2015">
     <span class='ocr_line' id='line_1_19' title="bbox 213 1940 1806 2015; baseline -0.001 -22"><span class='ocrx_word' id='word_1_149' title='bbox 213 1940 321 1993; x_wconf 86' lang='grc' dir='ltr'>τῶν</span> <span class='ocrx_word' id='word_1_150' title='bbox 353 1942 626 1994; x_wconf 88' lang='grc' dir='ltr'>πλουσίων</span> <span class='ocrx_word' id='word_1_151' title='bbox 656 1942 748 1996; x_wconf 90' lang='grc' dir='ltr'>τὸν</span> <span class='ocrx_word' id='word_1_152' title='bbox 777 1945 1105 2015; x_wconf 79' lang='grc' dir='ltr'>παράδεισον</span> <span class='ocrx_word' id='word_1_153' title='bbox 1124 1960 1136 1973; x_wconf 82' lang='grc'><em>’</em></span> <span class='ocrx_word' id='word_1_154' title='bbox 1167 1944 1280 1997; x_wconf 84' lang='grc' dir='ltr'>ἀλλ’</span> <span class='ocrx_word' id='word_1_155' title='bbox 1305 1946 1334 1996; x_wconf 93' lang='grc' dir='ltr'>ὁ</span> <span class='ocrx_word' id='word_1_156' title='bbox 1358 1942 1489 2006; x_wconf 90' lang='grc' dir='ltr'>Θεὸς</span> <span class='ocrx_word' id='word_1_157' title='bbox 1514 1941 1806 1995; x_wconf 81' lang='grc' dir='ltr'>ἀπέκλεισε</span> 
     </span>
    </p>
   </div>
   <div class='ocr_carea' id='block_1_20' title="bbox 216 2023 1804 2096">
    <p class='ocr_par' dir='ltr' id='par_1_20' title="bbox 216 2023 1804 2096">
     <span class='ocr_line' id='line_1_20' title="bbox 216 2023 1804 2096; baseline -0.001 -20"><span class='ocrx_word' id='word_1_158' title='bbox 216 2025 309 2077; x_wconf 75' lang='grc' dir='ltr'>καὶ</span> <span class='ocrx_word' id='word_1_159' title='bbox 344 2026 543 2094; x_wconf 82' lang='grc' dir='ltr'>πένησι</span> <span class='ocrx_word' id='word_1_160' title='bbox 576 2027 668 2078; x_wconf 80' lang='grc' dir='ltr'>καὶ</span> <span class='ocrx_word' id='word_1_161' title='bbox 699 2025 975 2090; x_wconf 81' lang='grc' dir='ltr'>πλουσίοις</span> <span class='ocrx_word' id='word_1_162' title='bbox 997 2065 1014 2092; x_wconf 92' lang='grc'>,</span> <span class='ocrx_word' id='word_1_163' title='bbox 1066 2027 1153 2079; x_wconf 80' lang='grc' dir='ltr'>ἵνα</span> <span class='ocrx_word' id='word_1_164' title='bbox 1188 2027 1354 2096; x_wconf 83' lang='grc' dir='ltr'>ἀρετῇ</span> <span class='ocrx_word' id='word_1_165' title='bbox 1403 2024 1563 2096; x_wconf 86' lang='grc' dir='ltr'>μόνον</span> <span class='ocrx_word' id='word_1_166' title='bbox 1603 2023 1804 2094; x_wconf 80' lang='grc' dir='ltr'>εὕρωσι</span> 
     </span>
    </p>
   </div>
   <div class='ocr_carea' id='block_1_21' title="bbox 215 2107 1803 2181">
    <p class='ocr_par' dir='ltr' id='par_1_21' title="bbox 215 2107 1803 2181">
     <span class='ocr_line' id='line_1_21' title="bbox 215 2107 1803 2181; baseline -0.002 -20"><span class='ocrx_word' id='word_1_167' title='bbox 215 2109 313 2179; x_wconf 79' lang='grc' dir='ltr'>τὴν</span> <span class='ocrx_word' id='word_1_168' title='bbox 339 2109 479 2162; x_wconf 82' lang='grc' dir='ltr'>ὁδόν,</span> <span class='ocrx_word' id='word_1_169' title='bbox 509 2109 658 2162; x_wconf 86' lang='grc' dir='ltr'>Πόσα</span> <span class='ocrx_word' id='word_1_170' title='bbox 687 2109 892 2178; x_wconf 76' lang='grc' dir='ltr'>ἔκαμον</span> <span class='ocrx_word' id='word_1_171' title='bbox 916 2111 1272 2181; x_wconf 82' lang='grc' dir='ltr'>πατριάρχαι,</span> <span class='ocrx_word' id='word_1_172' title='bbox 1307 2109 1605 2179; x_wconf 81' lang='grc' dir='ltr'>προφῆται,</span> <span class='ocrx_word' id='word_1_173' title='bbox 1637 2107 1803 2174; x_wconf 73' lang='grc' dir='ltr'>ἅγιοι,</span> 
     </span>
    </p>
   </div>
   <div class='ocr_carea' id='block_1_22' title="bbox 216 2187 1807 2262">
    <p class='ocr_par' dir='ltr' id='par_1_22' title="bbox 216 2187 1807 2262">
     <span class='ocr_line' id='line_1_22' title="bbox 216 2187 1807 2262; baseline -0.003 -18"><span class='ocrx_word' id='word_1_174' title='bbox 216 2189 512 2260; x_wconf 83' lang='grc' dir='ltr'>ζητοῦντες</span> <span class='ocrx_word' id='word_1_175' title='bbox 539 2191 630 2243; x_wconf 85' lang='grc' dir='ltr'>τὸν</span> <span class='ocrx_word' id='word_1_176' title='bbox 653 2192 1004 2262; x_wconf 82' lang='grc' dir='ltr'>παράδεισον,</span> <span class='ocrx_word' id='word_1_177' title='bbox 1029 2192 1123 2244; x_wconf 60' lang='grc' dir='ltr'>καὶ¹</span> <span class='ocrx_word' id='word_1_178' title='bbox 1155 2192 1253 2262; x_wconf 89' lang='grc' dir='ltr'>οὑχ</span> <span class='ocrx_word' id='word_1_179' title='bbox 1278 2187 1471 2262; x_wconf 74' lang='grc' dir='ltr'>εὑρονς</span> <span class='ocrx_word' id='word_1_180' title='bbox 1517 2191 1575 2241; x_wconf 81' lang='lat'>&#39;0</span> <span class='ocrx_word' id='word_1_181' title='bbox 1603 2187 1807 2262; x_wconf 76' lang='grc' dir='ltr'>λῃστὴς</span> 
     </span>
    </p>
   </div>
   <div class='ocr_carea' id='block_1_23' title="bbox 192 2265 1805 2342">
    <p class='ocr_par' dir='ltr' id='par_1_23' title="bbox 192 2265 1805 2342">
     <span class='ocr_line' id='line_1_23' title="bbox 192 2265 1805 2342; baseline -0.002 -16"><span class='ocrx_word' id='word_1_182' title='bbox 192 2268 312 2342; x_wconf 61' lang='grc' dir='ltr'>ἳτὴν</span> <span class='ocrx_word' id='word_1_183' title='bbox 345 2273 466 2326; x_wconf 86' lang='grc' dir='ltr'>ὁδὸν</span> <span class='ocrx_word' id='word_1_184' title='bbox 497 2274 596 2342; x_wconf 81' lang='grc' dir='ltr'>οὑχ</span> <span class='ocrx_word' id='word_1_185' title='bbox 618 2273 844 2337; x_wconf 80' lang='grc' dir='ltr'>ὁδεύσας</span> <span class='ocrx_word' id='word_1_186' title='bbox 869 2316 884 2338; x_wconf 92' lang='grc'>,</span> <span class='ocrx_word' id='word_1_187' title='bbox 914 2275 1049 2328; x_wconf 88' lang='grc' dir='ltr'>άλλά</span> <span class='ocrx_word' id='word_1_188' title='bbox 1072 2275 1369 2335; x_wconf 86' lang='grc' dir='ltr'>πιστεύσας</span> <span class='ocrx_word' id='word_1_189' title='bbox 1394 2315 1407 2336; x_wconf 91' lang='grc'>,</span> <span class='ocrx_word' id='word_1_190' title='bbox 1437 2273 1650 2342; x_wconf 84' lang='grc' dir='ltr'>ἀληθῶς</span> <span class='ocrx_word' id='word_1_191' title='bbox 1677 2265 1805 2342; x_wconf 84' lang='grc' dir='ltr'>εὑρε</span> 
     </span>
    </p>
   </div>
   <div class='ocr_carea' id='block_1_24' title="bbox 213 2352 1806 2427">
    <p class='ocr_par' dir='ltr' id='par_1_24' title="bbox 213 2352 1806 2427">
     <span class='ocr_line' id='line_1_24' title="bbox 213 2352 1806 2427; baseline -0.001 -19"><span class='ocrx_word' id='word_1_192' title='bbox 213 2357 310 2426; x_wconf 72' lang='grc' dir='ltr'>τὴν</span> <span class='ocrx_word' id='word_1_193' title='bbox 337 2357 457 2410; x_wconf 90' lang='grc' dir='ltr'>ὁδὸν</span> <span class='ocrx_word' id='word_1_194' title='bbox 480 2397 494 2420; x_wconf 93' lang='grc'>,</span> <span class='ocrx_word' id='word_1_195' title='bbox 524 2357 615 2408; x_wconf 88' lang='grc' dir='ltr'>τὸν</span> <span class='ocrx_word' id='word_1_196' title='bbox 657 2356 882 2427; x_wconf 83' lang='grc' dir='ltr'>λέγοντα</span> <span class='ocrx_word' id='word_1_197' title='bbox 904 2375 918 2390; x_wconf 80' lang='grc' dir='ltr'><strong><em>ο</em></strong></span> <span class='ocrx_word' id='word_1_198' title='bbox 966 2357 1106 2427; x_wconf 75' lang='grc' dir='ltr'>Ἐγώ</span> <span class='ocrx_word' id='word_1_199' title='bbox 1137 2360 1252 2426; x_wconf 78' lang='grc' dir='ltr'>ειμι</span> <span class='ocrx_word' id='word_1_200' title='bbox 1284 2358 1321 2424; x_wconf 74' lang='grc' dir='ltr'><em>ἡ</em></span> <span class='ocrx_word' id='word_1_201' title='bbox 1353 2356 1509 2422; x_wconf 78' lang='grc' dir='ltr'>ὁδός.</span> <span class='ocrx_word' id='word_1_202' title='bbox 1547 2352 1685 2426; x_wconf 78' lang='grc' dir='ltr'>Εὗρε</span> <span class='ocrx_word' id='word_1_203' title='bbox 1716 2355 1806 2407; x_wconf 83' lang='grc' dir='ltr'>τὸν</span> 
     </span>
    </p>
   </div>
   <div class='ocr_carea' id='block_1_25' title="bbox 213 2436 1808 2511">
    <p class='ocr_par' dir='ltr' id='par_1_25' title="bbox 213 2436 1808 2511">
     <span class='ocr_line' id='line_1_25' title="bbox 213 2436 1808 2511; baseline -0.003 -18"><span class='ocrx_word' id='word_1_204' title='bbox 213 2441 578 2511; x_wconf 75' lang='grc' dir='ltr'>παράδεισον,</span> <span class='ocrx_word' id='word_1_205' title='bbox 627 2442 686 2494; x_wconf 84' lang='lat' dir='ltr'><em>6v</em></span> <span class='ocrx_word' id='word_1_206' title='bbox 747 2441 1069 2496; x_wconf 82' lang='grc' dir='ltr'>ἀπέκλεισεν</span> <span class='ocrx_word' id='word_1_207' title='bbox 1122 2441 1437 2511; x_wconf 79' lang='grc' dir='ltr'>ήπαρακοὴ</span> <span class='ocrx_word' id='word_1_208' title='bbox 1485 2438 1561 2508; x_wconf 83' lang='grc' dir='ltr'>τῷ</span> <span class='ocrx_word' id='word_1_209' title='bbox 1605 2436 1808 2506; x_wconf 83' lang='grc' dir='ltr'>πρώτῳ</span> 
     </span>
    </p>
   </div>
   <div class='ocr_carea' id='block_1_26' title="bbox 217 2521 1806 2594">
    <p class='ocr_par' dir='ltr' id='par_1_26' title="bbox 217 2521 1806 2594">
     <span class='ocr_line' id='line_1_26' title="bbox 217 2521 1806 2594; baseline -0.003 -19"><span class='ocrx_word' id='word_1_210' title='bbox 217 2523 511 2594; x_wconf 80' lang='grc' dir='ltr'>ἀνθρώπῳ.</span> <span class='ocrx_word' id='word_1_211' title='bbox 542 2523 699 2594; x_wconf 88' lang='grc' dir='ltr'>Ζητῶ</span> <span class='ocrx_word' id='word_1_212' title='bbox 726 2524 782 2577; x_wconf 84' lang='grc' dir='ltr'>δὲ</span> <span class='ocrx_word' id='word_1_213' title='bbox 809 2524 909 2594; x_wconf 82' lang='grc' dir='ltr'>τὴν</span> <span class='ocrx_word' id='word_1_214' title='bbox 929 2525 1108 2578; x_wconf 89' lang='grc' dir='ltr'>αἰτίαν</span> <span class='ocrx_word' id='word_1_215' title='bbox 1129 2523 1216 2576; x_wconf 80' lang='grc' dir='ltr'>διὰ</span> <span class='ocrx_word' id='word_1_216' title='bbox 1245 2524 1295 2576; x_wconf 86' lang='grc' dir='ltr'>τί</span> <span class='ocrx_word' id='word_1_217' title='bbox 1321 2525 1350 2575; x_wconf 91' lang='grc' dir='ltr'>ὁ</span> <span class='ocrx_word' id='word_1_218' title='bbox 1393 2521 1806 2592; x_wconf 76' lang='grc' dir='ltr'>ἱστοριογράφος</span> 
     </span>
    </p>
   </div>
   <div class='ocr_carea' id='block_1_27' title="bbox 215 2601 1814 2680">
    <p class='ocr_par' dir='ltr' id='par_1_27' title="bbox 215 2601 1814 2680">
     <span class='ocr_line' id='line_1_27' title="bbox 215 2601 1814 2680; baseline -0.004 -20"><span class='ocrx_word' id='word_1_219' title='bbox 215 2607 599 2677; x_wconf 87' lang='grc' dir='ltr'>μνημονεύσας</span> <span class='ocrx_word' id='word_1_220' title='bbox 628 2608 723 2662; x_wconf 86' lang='grc' dir='ltr'>τοῦ</span> <span class='ocrx_word' id='word_1_221' title='bbox 770 2607 989 2680; x_wconf 88' lang='grc' dir='ltr'>πρώτου</span> <span class='ocrx_word' id='word_1_222' title='bbox 1024 2605 1268 2677; x_wconf 87' lang='grc' dir='ltr'>ποταμοῦ</span> <span class='ocrx_word' id='word_1_223' title='bbox 1302 2601 1455 2659; x_wconf 76' lang='grc' dir='ltr'>εἶπεν</span> <span class='ocrx_word' id='word_1_224' title='bbox 1485 2645 1499 2668; x_wconf 91' lang='grc'>,</span> <span class='ocrx_word' id='word_1_225' title='bbox 1528 2606 1610 2657; x_wconf 83' lang='grc' dir='ltr'>ὅτι</span> <span class='ocrx_word' id='word_1_226' title='bbox 1661 2602 1814 2656; x_wconf 81' lang='grc' dir='ltr'>Ἑπεῖ</span> 
     </span>
    </p>
   </div>
   <div class='ocr_carea' id='block_1_28' title="bbox 212 2686 1804 2758">
    <p class='ocr_par' dir='ltr' id='par_1_28' title="bbox 212 2686 1804 2758">
     <span class='ocr_line' id='line_1_28' title="bbox 212 2686 1804 2758; baseline 0.001 -18"><span class='ocrx_word' id='word_1_227' title='bbox 212 2690 435 2758; x_wconf 74' lang='grc' dir='ltr'>γίνεται</span> <span class='ocrx_word' id='word_1_228' title='bbox 466 2690 530 2743; x_wconf 83' lang='grc' dir='ltr'>τὸ</span> <span class='ocrx_word' id='word_1_229' title='bbox 554 2692 816 2757; x_wconf 80' lang='grc' dir='ltr'>χρυσίον</span> <span class='ocrx_word' id='word_1_230' title='bbox 857 2691 925 2744; x_wconf 84' lang='grc' dir='ltr'>τὸ</span> <span class='ocrx_word' id='word_1_231' title='bbox 955 2691 1168 2754; x_wconf 74' lang='grc' dir='ltr'>καλὸν,</span> <span class='ocrx_word' id='word_1_232' title='bbox 1211 2690 1307 2743; x_wconf 83' lang='grc' dir='ltr'>καί</span> <span class='ocrx_word' id='word_1_233' title='bbox 1344 2692 1376 2742; x_wconf 86' lang='grc' dir='ltr'>ό</span> <span class='ocrx_word' id='word_1_234' title='bbox 1407 2687 1635 2756; x_wconf 77' lang='grc' dir='ltr'>ἄνθραξ</span> <span class='ocrx_word' id='word_1_235' title='bbox 1663 2729 1676 2748; x_wconf 87' lang='grc'>,</span> <span class='ocrx_word' id='word_1_236' title='bbox 1707 2686 1804 2741; x_wconf 76' lang='grc' dir='ltr'>καί</span> 
     </span>
    </p>
   </div>
   <div class='ocr_carea' id='block_1_29' title="bbox 213 2768 1808 2842">
    <p class='ocr_par' dir='ltr' id='par_1_29' title="bbox 213 2768 1808 2842">
     <span class='ocr_line' id='line_1_29' title="bbox 213 2768 1808 2842; baseline -0.004 -16"><span class='ocrx_word' id='word_1_237' title='bbox 213 2776 246 2826; x_wconf 79' lang='grc' dir='ltr'><em>ὁ</em></span> <span class='ocrx_word' id='word_1_238' title='bbox 269 2775 439 2837; x_wconf 78' lang='grc' dir='ltr'>λίθος</span> <span class='ocrx_word' id='word_1_239' title='bbox 479 2775 511 2826; x_wconf 81' lang='grc' dir='ltr'>ό</span> <span class='ocrx_word' id='word_1_240' title='bbox 543 2772 855 2840; x_wconf 76' lang='grc' dir='ltr'>πράσινος.</span> <span class='ocrx_word' id='word_1_241' title='bbox 892 2772 953 2826; x_wconf 71' lang='lat' dir='ltr'>El</span> <span class='ocrx_word' id='word_1_242' title='bbox 995 2773 1132 2835; x_wconf 82' lang='grc' dir='ltr'>ὅλως</span> <span class='ocrx_word' id='word_1_243' title='bbox 1164 2770 1543 2842; x_wconf 80' lang='grc' dir='ltr'>ὲχωρογράφει</span> <span class='ocrx_word' id='word_1_244' title='bbox 1595 2768 1691 2839; x_wconf 81' lang='grc' dir='ltr'>τὴν</span> <span class='ocrx_word' id='word_1_245' title='bbox 1730 2770 1808 2820; x_wconf 74' lang='lat' dir='ltr'>ol-</span> 
     </span>
    </p>
   </div>
   <div class='ocr_carea' id='block_1_30' title="bbox 214 2851 1806 2925">
    <p class='ocr_par' dir='ltr' id='par_1_30' title="bbox 214 2851 1806 2925">
     <span class='ocr_line' id='line_1_30' title="bbox 214 2851 1806 2925; baseline -0.004 -16"><span class='ocrx_word' id='word_1_246' title='bbox 214 2856 487 2924; x_wconf 85' lang='grc' dir='ltr'>κουμένην</span> <span class='ocrx_word' id='word_1_247' title='bbox 509 2893 522 2915; x_wconf 88' lang='grc'>,</span> <span class='ocrx_word' id='word_1_248' title='bbox 554 2855 719 2925; x_wconf 76' lang='grc' dir='ltr'>ἐχρῆν</span> <span class='ocrx_word' id='word_1_249' title='bbox 756 2859 930 2908; x_wconf 83' lang='grc' dir='ltr'>εἰπεῖν</span> <span class='ocrx_word' id='word_1_250' title='bbox 961 2855 1029 2908; x_wconf 80' lang='grc' dir='ltr'>τά</span> <span class='ocrx_word' id='word_1_251' title='bbox 1083 2855 1142 2906; x_wconf 78' lang='grc' dir='ltr'>ὲν</span> <span class='ocrx_word' id='word_1_252' title='bbox 1193 2854 1399 2922; x_wconf 80' lang='grc' dir='ltr'>ἑκάστῃ</span> <span class='ocrx_word' id='word_1_253' title='bbox 1439 2851 1594 2923; x_wconf 82' lang='grc' dir='ltr'>χώρᾳ</span> <span class='ocrx_word' id='word_1_254' title='bbox 1619 2851 1806 2919; x_wconf 81' lang='grc' dir='ltr'>γιγνό-</span> 
     </span>
    </p>
   </div>
   <div class='ocr_carea' id='block_1_31' title="bbox 215 2931 1804 3007">
    <p class='ocr_par' dir='ltr' id='par_1_31' title="bbox 215 2931 1804 3007">
     <span class='ocr_line' id='line_1_31' title="bbox 215 2931 1804 3007; baseline -0.004 -17"><span class='ocrx_word' id='word_1_255' title='bbox 215 2955 352 3004; x_wconf 87' lang='grc' dir='ltr'>μενα</span> <span class='ocrx_word' id='word_1_256' title='bbox 387 2937 530 2990; x_wconf 85' lang='grc' dir='ltr'>καλά</span> <span class='ocrx_word' id='word_1_257' title='bbox 555 2979 570 3002; x_wconf 85' lang='grc'>,</span> <span class='ocrx_word' id='word_1_258' title='bbox 611 2939 736 3000; x_wconf 80' lang='grc' dir='ltr'>τοῦς</span> <span class='ocrx_word' id='word_1_259' title='bbox 770 2937 1117 3007; x_wconf 87' lang='grc' dir='ltr'>σμαράγδους</span> <span class='ocrx_word' id='word_1_260' title='bbox 1143 2975 1158 2999; x_wconf 96' lang='grc'>,</span> <span class='ocrx_word' id='word_1_261' title='bbox 1184 2937 1309 2998; x_wconf 73' lang='grc' dir='ltr'>τοὺς</span> <span class='ocrx_word' id='word_1_262' title='bbox 1339 2933 1630 2996; x_wconf 86' lang='grc' dir='ltr'>ὑακίνθους</span> <span class='ocrx_word' id='word_1_263' title='bbox 1650 2973 1664 2995; x_wconf 93' lang='grc'>,</span> <span class='ocrx_word' id='word_1_264' title='bbox 1699 2931 1804 2986; x_wconf 82' lang='grc' dir='ltr'>ποῦ</span> 
     </span>
    </p>
   </div>
   <div class='ocr_carea' id='block_1_32' title="bbox 209 3015 1801 3088">
    <p class='ocr_par' dir='ltr' id='par_1_32' title="bbox 209 3015 1801 3088">
     <span class='ocr_line' id='line_1_32' title="bbox 209 3015 1801 3088; baseline -0.003 -17"><span class='ocrx_word' id='word_1_265' title='bbox 209 3020 506 3084; x_wconf 78' lang='grc' dir='ltr'>τοπάζιον,</span> <span class='ocrx_word' id='word_1_266' title='bbox 569 3019 671 3072; x_wconf 82' lang='grc' dir='ltr'>ποῦ</span> <span class='ocrx_word' id='word_1_267' title='bbox 732 3021 789 3072; x_wconf 81' lang='grc' dir='ltr'>αἱ</span> <span class='ocrx_word' id='word_1_268' title='bbox 848 3020 1100 3088; x_wconf 78' lang='grc' dir='ltr'>διάφοραι</span> <span class='ocrx_word' id='word_1_269' title='bbox 1165 3017 1275 3070; x_wconf 88' lang='grc' dir='ltr'>τῶν</span> <span class='ocrx_word' id='word_1_270' title='bbox 1328 3016 1471 3069; x_wconf 83' lang='grc' dir='ltr'>ὑλῶν</span> <span class='ocrx_word' id='word_1_271' title='bbox 1551 3015 1671 3068; x_wconf 85' lang='grc' dir='ltr'>ὑλαι</span> <span class='ocrx_word' id='word_1_272' title='bbox 1730 3015 1759 3056; x_wconf 69' lang='grc' dir='ltr'>δ</span> <span class='ocrx_word' id='word_1_273' title='bbox 1787 3031 1801 3045; x_wconf 84' lang='grc'>⁶</span> 
     </span>
    </p>
   </div>
   <div class='ocr_carea' id='block_1_33' title="bbox 211 3095 1806 3170">
    <p class='ocr_par' dir='ltr' id='par_1_33' title="bbox 211 3095 1806 3170">
     <span class='ocr_line' id='line_1_33' title="bbox 211 3095 1806 3170; baseline -0.002 -18"><span class='ocrx_word' id='word_1_274' title='bbox 211 3100 330 3152; x_wconf 80' lang='grc' dir='ltr'>ἀλλ’</span> <span class='ocrx_word' id='word_1_275' title='bbox 361 3101 675 3166; x_wconf 78' lang='grc' dir='ltr'>ἐπιλέγεται</span> <span class='ocrx_word' id='word_1_276' title='bbox 703 3101 902 3170; x_wconf 81' lang='grc' dir='ltr'>χρυσὸν</span> <span class='ocrx_word' id='word_1_277' title='bbox 926 3100 1020 3152; x_wconf 80' lang='grc' dir='ltr'>καὶ</span> <span class='ocrx_word' id='word_1_278' title='bbox 1044 3099 1142 3152; x_wconf 87' lang='grc' dir='ltr'>δύο</span> <span class='ocrx_word' id='word_1_279' title='bbox 1174 3097 1386 3162; x_wconf 81' lang='grc' dir='ltr'>λίθους,</span> <span class='ocrx_word' id='word_1_280' title='bbox 1412 3095 1512 3159; x_wconf 85' lang='grc' dir='ltr'>τὰς</span> <span class='ocrx_word' id='word_1_281' title='bbox 1549 3095 1806 3167; x_wconf 85' lang='grc' dir='ltr'>ἀπαρχάς</span> 
     </span>
    </p>
   </div>
   <div class='ocr_carea' id='block_1_34' title="bbox 208 3179 1809 3254">
    <p class='ocr_par' dir='ltr' id='par_1_34' title="bbox 208 3179 1809 3254">
     <span class='ocr_line' id='line_1_34' title="bbox 208 3179 1809 3254; baseline -0.004 -17"><span class='ocrx_word' id='word_1_282' title='bbox 208 3183 309 3254; x_wconf 83' lang='grc' dir='ltr'>τῆς</span> <span class='ocrx_word' id='word_1_283' title='bbox 343 3182 672 3254; x_wconf 76' lang='grc' dir='ltr'>ἱερωσύνης,</span> <span class='ocrx_word' id='word_1_284' title='bbox 711 3183 899 3253; x_wconf 77' lang='grc' dir='ltr'>ἐπειδὴ</span> <span class='ocrx_word' id='word_1_285' title='bbox 928 3183 956 3234; x_wconf 90' lang='lat'>6</span> <span class='ocrx_word' id='word_1_286' title='bbox 991 3182 1172 3252; x_wconf 79' lang='grc' dir='ltr'>ἱερεὺς</span> <span class='ocrx_word' id='word_1_287' title='bbox 1199 3180 1387 3249; x_wconf 78' lang='grc' dir='ltr'>ἐφόρει</span> <span class='ocrx_word' id='word_1_288' title='bbox 1429 3179 1660 3232; x_wconf 85' lang='grc' dir='ltr'>πέταλον</span> <span class='ocrx_word' id='word_1_289' title='bbox 1683 3196 1809 3250; x_wconf 80' lang='grc' dir='ltr'>χρυ-</span> 
     </span>
    </p>
   </div>
   <div class='ocr_carea' id='block_1_35' title="bbox 213 3259 1808 3336">
    <p class='ocr_par' dir='ltr' id='par_1_35' title="bbox 213 3259 1808 3336">
     <span class='ocr_line' id='line_1_35' title="bbox 213 3259 1808 3336; baseline -0.003 -18"><span class='ocrx_word' id='word_1_290' title='bbox 213 3265 363 3330; x_wconf 88' lang='grc' dir='ltr'>σοῦν,</span> <span class='ocrx_word' id='word_1_291' title='bbox 399 3259 619 3336; x_wconf 76' lang='grc' dir='ltr'>[4891ᾦ</span> <span class='ocrx_word' id='word_1_292' title='bbox 655 3266 1039 3336; x_wconf 76' lang='grc' dir='ltr'>ἐπεγέγραπτο</span> <span class='ocrx_word' id='word_1_293' title='bbox 1074 3264 1135 3316; x_wconf 90' lang='grc' dir='ltr'>τὸ</span> <span class='ocrx_word' id='word_1_294' title='bbox 1171 3263 1266 3316; x_wconf 90' lang='grc' dir='ltr'>τοῦ</span> <span class='ocrx_word' id='word_1_295' title='bbox 1296 3261 1430 3314; x_wconf 87' lang='grc' dir='ltr'>Θεοῦ</span> <span class='ocrx_word' id='word_1_296' title='bbox 1476 3262 1668 3331; x_wconf 73' lang='grc' dir='ltr'>ὄνομα.</span> <span class='ocrx_word' id='word_1_297' title='bbox 1695 3262 1808 3314; x_wconf 79' lang='grc' dir='ltr'>Δώ-</span> 
     </span>
    </p>
   </div>
   <div class='ocr_carea' id='block_1_36' title="bbox 214 3345 1803 3420">
    <p class='ocr_par' dir='ltr' id='par_1_36' title="bbox 214 3345 1803 3420">
     <span class='ocr_line' id='line_1_36' title="bbox 214 3345 1803 3420; baseline -0.004 -17"><span class='ocrx_word' id='word_1_298' title='bbox 214 3351 348 3404; x_wconf 89' lang='grc' dir='ltr'>δεκα</span> <span class='ocrx_word' id='word_1_299' title='bbox 373 3351 511 3404; x_wconf 89' lang='grc' dir='ltr'>λίθοι</span> <span class='ocrx_word' id='word_1_300' title='bbox 534 3346 675 3420; x_wconf 73' lang='grc' dir='ltr'>ἦσαν</span> <span class='ocrx_word' id='word_1_301' title='bbox 699 3351 790 3402; x_wconf 75' lang='grc' dir='ltr'>ἐπὶ</span> <span class='ocrx_word' id='word_1_302' title='bbox 823 3349 916 3402; x_wconf 84' lang='grc' dir='ltr'>τοῦ</span> <span class='ocrx_word' id='word_1_303' title='bbox 943 3347 1171 3418; x_wconf 81' lang='grc' dir='ltr'>στήθους</span> <span class='ocrx_word' id='word_1_304' title='bbox 1187 3347 1282 3400; x_wconf 74' lang='grc' dir='ltr'>τοῦ</span> <span class='ocrx_word' id='word_1_305' title='bbox 1314 3347 1504 3417; x_wconf 78' lang='grc' dir='ltr'>ἱερέως</span> <span class='ocrx_word' id='word_1_306' title='bbox 1524 3362 1536 3374; x_wconf 90' lang='grc'><strong>·</strong></span> <span class='ocrx_word' id='word_1_307' title='bbox 1565 3345 1803 3414; x_wconf 78' lang='grc' dir='ltr'>σάρδιον,</span> 
     </span>
    </p>
   </div>
   <div class='ocr_carea' id='block_1_37' title="bbox 212 3429 1799 3504">
    <p class='ocr_par' dir='ltr' id='par_1_37' title="bbox 212 3429 1799 3504">
     <span class='ocr_line' id='line_1_37' title="bbox 212 3429 1799 3504; baseline -0.004 -19"><span class='ocrx_word' id='word_1_308' title='bbox 212 3434 470 3499; x_wconf 75' lang='grc' dir='ltr'>τοπάζιον</span> <span class='ocrx_word' id='word_1_309' title='bbox 494 3475 508 3495; x_wconf 94' lang='grc'>,</span> <span class='ocrx_word' id='word_1_310' title='bbox 548 3432 859 3504; x_wconf 82' lang='grc' dir='ltr'>σμάραγδος</span> <span class='ocrx_word' id='word_1_311' title='bbox 884 3473 898 3494; x_wconf 92' lang='grc'>,</span> <span class='ocrx_word' id='word_1_312' title='bbox 929 3429 1164 3501; x_wconf 79' lang='grc' dir='ltr'>ἄνθραξ,</span> <span class='ocrx_word' id='word_1_313' title='bbox 1208 3430 1544 3500; x_wconf 76' lang='grc' dir='ltr'>σάπφειρος,</span> <span class='ocrx_word' id='word_1_314' title='bbox 1596 3429 1799 3492; x_wconf 83' lang='grc' dir='ltr'>ἰάσπις,</span> 
     </span>
    </p>
   </div>
   <div class='ocr_carea' id='block_1_38' title="bbox 213 3510 1806 3587">
    <p class='ocr_par' dir='ltr' id='par_1_38' title="bbox 213 3510 1806 3587">
     <span class='ocr_line' id='line_1_38' title="bbox 213 3510 1806 3587; baseline -0.003 -21"><span class='ocrx_word' id='word_1_315' title='bbox 213 3517 453 3587; x_wconf 82' lang='grc' dir='ltr'>λιγύριος</span> <span class='ocrx_word' id='word_1_316' title='bbox 477 3556 490 3579; x_wconf 92' lang='grc'>,</span> <span class='ocrx_word' id='word_1_317' title='bbox 528 3515 767 3586; x_wconf 79' lang='grc' dir='ltr'>ἀχάτης,</span> <span class='ocrx_word' id='word_1_318' title='bbox 805 3513 1107 3583; x_wconf 76' lang='grc' dir='ltr'>ἀμέθυστος</span> <span class='ocrx_word' id='word_1_319' title='bbox 1128 3553 1142 3573; x_wconf 92' lang='grc'>,</span> <span class='ocrx_word' id='word_1_320' title='bbox 1195 3511 1516 3580; x_wconf 86' lang='grc' dir='ltr'>χρυσόλιθος</span> <span class='ocrx_word' id='word_1_321' title='bbox 1545 3550 1558 3572; x_wconf 92' lang='grc'>,</span> <span class='ocrx_word' id='word_1_322' title='bbox 1604 3510 1806 3581; x_wconf 79' lang='grc' dir='ltr'>βήρυλ-</span> 
     </span>
    </p>
   </div>
   <div class='ocr_carea' id='block_1_39' title="bbox 214 3593 1802 3668">
    <p class='ocr_par' dir='ltr' id='par_1_39' title="bbox 214 3593 1802 3668">
     <span class='ocr_line' id='line_1_39' title="bbox 214 3593 1802 3668; baseline -0.004 -16"><span class='ocrx_word' id='word_1_323' title='bbox 214 3601 303 3664; x_wconf 86' lang='grc' dir='ltr'>λος</span> <span class='ocrx_word' id='word_1_324' title='bbox 326 3643 338 3663; x_wconf 90' lang='grc'>,</span> <span class='ocrx_word' id='word_1_325' title='bbox 371 3601 604 3668; x_wconf 86' lang='grc' dir='ltr'>ὁνύχιον.</span> <span class='ocrx_word' id='word_1_326' title='bbox 655 3599 750 3651; x_wconf 81' lang='grc' dir='ltr'>Ἐκ</span> <span class='ocrx_word' id='word_1_327' title='bbox 779 3599 886 3650; x_wconf 89' lang='grc' dir='ltr'>τῶν</span> <span class='ocrx_word' id='word_1_328' title='bbox 919 3596 1124 3649; x_wconf 87' lang='grc' dir='ltr'>δώδεκα</span> <span class='ocrx_word' id='word_1_329' title='bbox 1165 3595 1329 3647; x_wconf 89' lang='grc' dir='ltr'>λίθων</span> <span class='ocrx_word' id='word_1_330' title='bbox 1359 3593 1565 3646; x_wconf 89' lang='grc' dir='ltr'>τούτων</span> <span class='ocrx_word' id='word_1_331' title='bbox 1606 3597 1632 3647; x_wconf 91' lang='lat'>6</span> <span class='ocrx_word' id='word_1_332' title='bbox 1663 3595 1802 3663; x_wconf 81' lang='grc' dir='ltr'>πρά·</span> 
     </span>
    </p>
   </div>
   <div class='ocr_carea' id='block_1_40' title="bbox 216 3677 1808 3752">
    <p class='ocr_par' dir='ltr' id='par_1_40' title="bbox 216 3677 1808 3752">
     <span class='ocr_line' id='line_1_40' title="bbox 216 3677 1808 3752; baseline -0.006 -16"><span class='ocrx_word' id='word_1_333' title='bbox 216 3700 361 3747; x_wconf 92' lang='grc' dir='ltr'>σινος</span> <span class='ocrx_word' id='word_1_334' title='bbox 397 3684 705 3752; x_wconf 72' lang='grc' dir='ltr'>ἀφώρισται</span> <span class='ocrx_word' id='word_1_335' title='bbox 733 3683 798 3751; x_wconf 83' lang='grc' dir='ltr'>τῇ</span> <span class='ocrx_word' id='word_1_336' title='bbox 837 3682 1083 3750; x_wconf 81' lang='grc' dir='ltr'>ἱερατικῇ</span> <span class='ocrx_word' id='word_1_337' title='bbox 1120 3677 1298 3748; x_wconf 81' lang='grc' dir='ltr'>φυλῇ,</span> <span class='ocrx_word' id='word_1_338' title='bbox 1327 3679 1356 3730; x_wconf 90' lang='lat'>6</span> <span class='ocrx_word' id='word_1_339' title='bbox 1381 3677 1586 3746; x_wconf 80' lang='grc' dir='ltr'>ἄνθραξ</span> <span class='ocrx_word' id='word_1_340' title='bbox 1614 3681 1676 3745; x_wconf 81' lang='grc' dir='ltr'>τῇ</span> <span class='ocrx_word' id='word_1_341' title='bbox 1712 3678 1808 3746; x_wconf 88' lang='grc' dir='ltr'>βα-</span> 
     </span>
    </p>
   </div>
   <div class='ocr_carea' id='block_1_41' title="bbox 215 3761 1806 3836">
    <p class='ocr_par' dir='ltr' id='par_1_41' title="bbox 215 3761 1806 3836">
     <span class='ocr_line' id='line_1_41' title="bbox 215 3761 1806 3836; baseline -0.005 -17"><span class='ocrx_word' id='word_1_342' title='bbox 215 3767 416 3836; x_wconf 77' lang='grc' dir='ltr'>σιλικῇ.</span> <span class='ocrx_word' id='word_1_343' title='bbox 442 3766 627 3829; x_wconf 88' lang='grc' dir='ltr'>Διατί;</span> <span class='ocrx_word' id='word_1_344' title='bbox 673 3764 895 3834; x_wconf 83' lang='grc' dir='ltr'>Ἐπειδὴ</span> <span class='ocrx_word' id='word_1_345' title='bbox 926 3764 1098 3834; x_wconf 90' lang='grc' dir='ltr'>πυρὸς</span> <span class='ocrx_word' id='word_1_346' title='bbox 1127 3763 1260 3816; x_wconf 84' lang='grc' dir='ltr'>ίδιον</span> <span class='ocrx_word' id='word_1_347' title='bbox 1281 3762 1343 3813; x_wconf 87' lang='grc' dir='ltr'>τὸ</span> <span class='ocrx_word' id='word_1_348' title='bbox 1370 3762 1546 3814; x_wconf 82' lang='grc' dir='ltr'>καίειν</span> <span class='ocrx_word' id='word_1_349' title='bbox 1575 3761 1666 3813; x_wconf 76' lang='grc' dir='ltr'>καὶ</span> <span class='ocrx_word' id='word_1_350' title='bbox 1692 3779 1806 3828; x_wconf 88' lang='grc' dir='ltr'>φω-</span> 
     </span>
    </p>
   </div>
   <div class='ocr_carea' id='block_1_42' title="bbox 214 3843 1802 3916">
    <p class='ocr_par' dir='ltr' id='par_1_42' title="bbox 214 3843 1802 3916">
     <span class='ocr_line' id='line_1_42' title="bbox 214 3843 1802 3916; baseline -0.003 -14"><span class='ocrx_word' id='word_1_351' title='bbox 214 3849 413 3912; x_wconf 78' lang='grc' dir='ltr'>τίζειν·</span> <span class='ocrx_word' id='word_1_352' title='bbox 447 3849 542 3901; x_wconf 80' lang='grc' dir='ltr'>καὶ</span> <span class='ocrx_word' id='word_1_353' title='bbox 588 3847 849 3916; x_wconf 86' lang='grc' dir='ltr'>βασιλέως</span> <span class='ocrx_word' id='word_1_354' title='bbox 879 3847 1010 3899; x_wconf 87' lang='grc' dir='ltr'>ίδιον</span> <span class='ocrx_word' id='word_1_355' title='bbox 1057 3846 1366 3916; x_wconf 73' lang='grc' dir='ltr'>εὐεργετεῖν</span> <span class='ocrx_word' id='word_1_356' title='bbox 1396 3844 1491 3897; x_wconf 81' lang='grc' dir='ltr'>καὶ</span> <span class='ocrx_word' id='word_1_357' title='bbox 1536 3843 1802 3906; x_wconf 74' lang='grc' dir='ltr'>κολάζειν.</span> 
     </span>
    </p>
   </div>
   <div class='ocr_carea' id='block_1_43' title="bbox 215 3926 1808 4002">
    <p class='ocr_par' dir='ltr' id='par_1_43' title="bbox 215 3926 1808 4002">
     <span class='ocr_line' id='line_1_43' title="bbox 215 3926 1808 4002; baseline -0.004 -17"><span class='ocrx_word' id='word_1_358' title='bbox 215 3933 409 4002; x_wconf 87' lang='grc' dir='ltr'>Τίθησι</span> <span class='ocrx_word' id='word_1_359' title='bbox 448 3931 540 3984; x_wconf 84' lang='grc' dir='ltr'>τὸν</span> <span class='ocrx_word' id='word_1_360' title='bbox 582 3929 826 4000; x_wconf 80' lang='grc' dir='ltr'>Ῥουϐῆμ</span> <span class='ocrx_word' id='word_1_361' title='bbox 853 3931 954 3999; x_wconf 80' lang='grc' dir='ltr'>τὴν</span> <span class='ocrx_word' id='word_1_362' title='bbox 1001 3927 1224 3999; x_wconf 87' lang='grc' dir='ltr'>πρώτην</span> <span class='ocrx_word' id='word_1_363' title='bbox 1266 3926 1438 3996; x_wconf 82' lang='grc' dir='ltr'>φυλὴν</span> <span class='ocrx_word' id='word_1_364' title='bbox 1468 3928 1526 3978; x_wconf 82' lang='grc' dir='ltr'>ὲν</span> <span class='ocrx_word' id='word_1_365' title='bbox 1563 3926 1642 3996; x_wconf 85' lang='grc' dir='ltr'>τῷ</span> <span class='ocrx_word' id='word_1_366' title='bbox 1675 3943 1808 3998; x_wconf 78' lang='lat' dir='ltr'>cap-</span> 
     </span>
    </p>
   </div>
   <div class='ocr_carea' id='block_1_44' title="bbox 213 4008 1806 4085">
    <p class='ocr_par' dir='ltr' id='par_1_44' title="bbox 213 4008 1806 4085">
     <span class='ocr_line' id='line_1_44' title="bbox 213 4008 1806 4085; baseline -0.006 -16"><span class='ocrx_word' id='word_1_367' title='bbox 213 4017 341 4085; x_wconf 86' lang='grc' dir='ltr'>δίῳ.</span> <span class='ocrx_word' id='word_1_368' title='bbox 382 4015 475 4067; x_wconf 91' lang='grc' dir='ltr'>τὸν</span> <span class='ocrx_word' id='word_1_369' title='bbox 523 4011 747 4083; x_wconf 85' lang='grc' dir='ltr'>Συμεὼν</span> <span class='ocrx_word' id='word_1_370' title='bbox 794 4014 853 4066; x_wconf 76' lang='grc' dir='ltr'>ὲν</span> <span class='ocrx_word' id='word_1_371' title='bbox 894 4011 973 4080; x_wconf 86' lang='grc' dir='ltr'>τῷ</span> <span class='ocrx_word' id='word_1_372' title='bbox 1021 4010 1266 4080; x_wconf 76' lang='grc' dir='ltr'>τοπαζίῳ</span> <span class='ocrx_word' id='word_1_373' title='bbox 1291 4051 1304 4073; x_wconf 88' lang='grc'>,</span> <span class='ocrx_word' id='word_1_374' title='bbox 1341 4010 1432 4063; x_wconf 90' lang='grc' dir='ltr'>τὸν</span> <span class='ocrx_word' id='word_1_375' title='bbox 1482 4010 1610 4062; x_wconf 73' lang='grc' dir='ltr'>Λευὶ</span> <span class='ocrx_word' id='word_1_376' title='bbox 1643 4010 1699 4061; x_wconf 82' lang='grc' dir='ltr'>ὲν</span> <span class='ocrx_word' id='word_1_377' title='bbox 1728 4008 1806 4078; x_wconf 82' lang='grc' dir='ltr'>τῷ</span> 
     </span>
    </p>
   </div>
   <div class='ocr_carea' id='block_1_45' title="bbox 216 4094 1806 4174">
    <p class='ocr_par' dir='ltr' id='par_1_45' title="bbox 216 4094 1806 4174">
     <span class='ocr_line' id='line_1_45' title="bbox 216 4094 1806 4174; baseline -0.004 -19"><span class='ocrx_word' id='word_1_378' title='bbox 216 4104 465 4174; x_wconf 86' lang='grc' dir='ltr'>πρασίνῳ</span> <span class='ocrx_word' id='word_1_379' title='bbox 492 4101 655 4172; x_wconf 85' lang='grc' dir='ltr'>λίθῳ’</span> <span class='ocrx_word' id='word_1_380' title='bbox 691 4101 781 4153; x_wconf 86' lang='grc' dir='ltr'>τὸν</span> <span class='ocrx_word' id='word_1_381' title='bbox 835 4101 1057 4163; x_wconf 83' lang='grc' dir='ltr'>Ἰούδαν,</span> <span class='ocrx_word' id='word_1_382' title='bbox 1090 4099 1148 4163; x_wconf 80' lang='grc' dir='ltr'>ἐξ</span> <span class='ocrx_word' id='word_1_383' title='bbox 1179 4094 1240 4152; x_wconf 75' lang='grc' dir='ltr'>οὑ</span> <span class='ocrx_word' id='word_1_384' title='bbox 1292 4103 1320 4152; x_wconf 92' lang='lat'>6</span> <span class='ocrx_word' id='word_1_385' title='bbox 1353 4098 1609 4170; x_wconf 72' lang='grc' dir='ltr'>Χριστὸς,</span> <span class='ocrx_word' id='word_1_386' title='bbox 1641 4099 1696 4150; x_wconf 77' lang='grc' dir='ltr'>ἐν</span> <span class='ocrx_word' id='word_1_387' title='bbox 1729 4098 1806 4170; x_wconf 83' lang='grc' dir='ltr'>τῷ</span> 
     </span>
    </p>
   </div>
   <div class='ocr_carea' id='block_1_46' title="bbox 214 4181 1806 4256">
    <p class='ocr_par' dir='ltr' id='par_1_46' title="bbox 214 4181 1806 4256">
     <span class='ocr_line' id='line_1_46' title="bbox 214 4181 1806 4256; baseline -0.003 -18"><span class='ocrx_word' id='word_1_388' title='bbox 214 4185 447 4256; x_wconf 78' lang='grc' dir='ltr'>ἄνθρακι</span> <span class='ocrx_word' id='word_1_389' title='bbox 480 4183 557 4251; x_wconf 87' lang='grc' dir='ltr'>τῷ</span> <span class='ocrx_word' id='word_1_390' title='bbox 588 4181 840 4256; x_wconf 69' lang='grc' dir='ltr'>πυρρᾧ.</span> <span class='ocrx_word' id='word_1_391' title='bbox 887 4182 1099 4251; x_wconf 81' lang='grc' dir='ltr'>Ἀμέλει</span> <span class='ocrx_word' id='word_1_392' title='bbox 1140 4182 1365 4243; x_wconf 76' lang='grc' dir='ltr'>Ἡσαΐας</span> <span class='ocrx_word' id='word_1_393' title='bbox 1405 4181 1543 4250; x_wconf 90' lang='grc' dir='ltr'>μετά</span> <span class='ocrx_word' id='word_1_394' title='bbox 1576 4181 1806 4244; x_wconf 80' lang='grc' dir='ltr'>πολλοὺς</span> 
     </span>
    </p>
   </div>
   <div class='ocr_carea' id='block_1_47' title="bbox 215 4263 1807 4340">
    <p class='ocr_par' dir='ltr' id='par_1_47' title="bbox 215 4263 1807 4340">
     <span class='ocr_line' id='line_1_47' title="bbox 215 4263 1807 4340; baseline -0.003 -19"><span class='ocrx_word' id='word_1_395' title='bbox 215 4270 442 4340; x_wconf 84' lang='grc' dir='ltr'>χρόνους</span> <span class='ocrx_word' id='word_1_396' title='bbox 474 4267 622 4335; x_wconf 85' lang='grc' dir='ltr'>λέγει</span> <span class='ocrx_word' id='word_1_397' title='bbox 677 4269 744 4336; x_wconf 82' lang='grc' dir='ltr'>τῇ</span> <span class='ocrx_word' id='word_1_398' title='bbox 790 4265 1183 4336; x_wconf 75' lang='grc' dir='ltr'>Ἰερουσαλὴμ·</span> <span class='ocrx_word' id='word_1_399' title='bbox 1235 4264 1360 4315; x_wconf 77' lang='grc' dir='ltr'>Ἐπὶ</span> <span class='ocrx_word' id='word_1_400' title='bbox 1414 4264 1534 4315; x_wconf 87' lang='grc' dir='ltr'>τῶν</span> <span class='ocrx_word' id='word_1_401' title='bbox 1593 4263 1807 4332; x_wconf 73' lang='grc' dir='ltr'>χειρῶν</span> 
     </span>
    </p>
   </div>
   <div class='ocr_carea' id='block_1_48' title="bbox 207 4342 1804 4418">
    <p class='ocr_par' dir='ltr' id='par_1_48' title="bbox 207 4342 1804 4418">
     <span class='ocr_line' id='line_1_48' title="bbox 207 4342 1804 4418; baseline -0.003 -15"><span class='ocrx_word' id='word_1_402' title='bbox 207 4369 327 4418; x_wconf 76' lang='grc' dir='ltr'>μου</span> <span class='ocrx_word' id='word_1_403' title='bbox 369 4342 756 4418; x_wconf 72' lang='grc' dir='ltr'>ἐζωγράφηκά</span> <span class='ocrx_word' id='word_1_404' title='bbox 788 4365 904 4402; x_wconf 87' lang='grc' dir='ltr'>σου</span> <span class='ocrx_word' id='word_1_405' title='bbox 937 4350 1006 4401; x_wconf 78' lang='grc' dir='ltr'>τὰ</span> <span class='ocrx_word' id='word_1_406' title='bbox 1035 4349 1200 4416; x_wconf 85' lang='grc' dir='ltr'>τείχη</span> <span class='ocrx_word' id='word_1_407' title='bbox 1219 4387 1232 4407; x_wconf 83' lang='grc'><strong>.</strong></span> <span class='ocrx_word' id='word_1_408' title='bbox 1259 4347 1357 4400; x_wconf 73' lang='grc' dir='ltr'>καὶ</span> <span class='ocrx_word' id='word_1_409' title='bbox 1385 4347 1643 4399; x_wconf 82' lang='grc' dir='ltr'>ἐνώπιόν</span> <span class='ocrx_word' id='word_1_410' title='bbox 1683 4363 1804 4414; x_wconf 78' lang='grc' dir='ltr'>μου</span> 
     </span>
    </p>
   </div>
   <div class='ocr_carea' id='block_1_49' title="bbox 212 4429 1807 4500">
    <p class='ocr_par' dir='ltr' id='par_1_49' title="bbox 212 4429 1807 4500">
     <span class='ocr_line' id='line_1_49' title="bbox 212 4429 1807 4500; baseline -0.003 -14"><span class='ocrx_word' id='word_1_411' title='bbox 212 4431 270 4487; x_wconf 76' lang='grc' dir='ltr'>εἴ</span> <span class='ocrx_word' id='word_1_412' title='bbox 290 4434 390 4487; x_wconf 84' lang='grc' dir='ltr'>διὰ</span> <span class='ocrx_word' id='word_1_413' title='bbox 425 4433 672 4497; x_wconf 85' lang='grc' dir='ltr'>παντός.</span> <span class='ocrx_word' id='word_1_414' title='bbox 716 4431 860 4484; x_wconf 87' lang='grc' dir='ltr'>Ἰδοὺ</span> <span class='ocrx_word' id='word_1_415' title='bbox 888 4429 1163 4500; x_wconf 76' lang='grc' dir='ltr'>ἐτοιμάζω</span> <span class='ocrx_word' id='word_1_416' title='bbox 1185 4431 1454 4498; x_wconf 79' lang='grc' dir='ltr'>ἄνθρακα</span> <span class='ocrx_word' id='word_1_417' title='bbox 1483 4429 1588 4482; x_wconf 86' lang='grc' dir='ltr'>τὸν</span> <span class='ocrx_word' id='word_1_418' title='bbox 1631 4430 1807 4482; x_wconf 67' lang='grc' dir='ltr'>,λίθον</span> 
     </span>
    </p>
   </div>
   <div class='ocr_carea' id='block_1_50' title="bbox 212 4513 1805 4584">
    <p class='ocr_par' dir='ltr' id='par_1_50' title="bbox 212 4513 1805 4584">
     <span class='ocr_line' id='line_1_50' title="bbox 212 4513 1805 4584; baseline -0.004 -15"><span class='ocrx_word' id='word_1_419' title='bbox 212 4532 350 4578; x_wconf 90' lang='grc' dir='ltr'>σου,</span> <span class='ocrx_word' id='word_1_420' title='bbox 392 4516 484 4568; x_wconf 90' lang='grc' dir='ltr'>τὸν</span> <span class='ocrx_word' id='word_1_421' title='bbox 521 4514 751 4584; x_wconf 83' lang='grc' dir='ltr'>Σωτῆρα</span> <span class='ocrx_word' id='word_1_422' title='bbox 798 4514 991 4582; x_wconf 89' lang='grc' dir='ltr'>λέγων.</span> <span class='ocrx_word' id='word_1_423' title='bbox 1043 4513 1188 4567; x_wconf 85' lang='grc' dir='ltr'>Ἰδοὺ</span> <span class='ocrx_word' id='word_1_424' title='bbox 1233 4513 1372 4582; x_wconf 77' lang='grc' dir='ltr'>γὰρ,</span> <span class='ocrx_word' id='word_1_425' title='bbox 1409 4513 1577 4584; x_wconf 72' lang='grc' dir='ltr'>φησὶ,</span> <span class='ocrx_word' id='word_1_426' title='bbox 1610 4513 1805 4582; x_wconf 80' lang='grc' dir='ltr'>τίθημι</span> 
     </span>
    </p>
   </div>
   <div class='ocr_carea' id='block_1_51' title="bbox 211 4595 1803 4666">
    <p class='ocr_par' dir='ltr' id='par_1_51' title="bbox 211 4595 1803 4666">
     <span class='ocr_line' id='line_1_51' title="bbox 211 4595 1803 4666; baseline -0.001 -17"><span class='ocrx_word' id='word_1_427' title='bbox 211 4600 280 4650; x_wconf 75' lang='grc' dir='ltr'>ἐν</span> <span class='ocrx_word' id='word_1_428' title='bbox 310 4598 465 4651; x_wconf 82' lang='grc' dir='ltr'>Σιὼν</span> <span class='ocrx_word' id='word_1_429' title='bbox 492 4600 666 4651; x_wconf 76' lang='grc' dir='ltr'>λίθον</span> <span class='ocrx_word' id='word_1_430' title='bbox 702 4596 1130 4666; x_wconf 79' lang='grc' dir='ltr'>ἀκρογωνιαῖον</span> <span class='ocrx_word' id='word_1_431' title='bbox 1147 4639 1161 4663; x_wconf 94' lang='grc'>,</span> <span class='ocrx_word' id='word_1_432' title='bbox 1185 4596 1478 4650; x_wconf 73' lang='grc' dir='ltr'>ἐκλεκτὸν</span> <span class='ocrx_word' id='word_1_433' title='bbox 1497 4636 1510 4660; x_wconf 90' lang='grc'>,</span> <span class='ocrx_word' id='word_1_434' title='bbox 1537 4595 1803 4665; x_wconf 74' lang='grc' dir='ltr'>ἔντιμον,</span> 
     </span>
    </p>
   </div>
   <div class='ocr_carea' id='block_1_52' title="bbox 213 4677 1802 4747">
    <p class='ocr_par' dir='ltr' id='par_1_52' title="bbox 213 4677 1802 4747">
     <span class='ocr_line' id='line_1_52' title="bbox 213 4677 1802 4747; baseline -0.003 -13"><span class='ocrx_word' id='word_1_435' title='bbox 213 4683 307 4734; x_wconf 79' lang='grc' dir='ltr'>καὶ</span> <span class='ocrx_word' id='word_1_436' title='bbox 366 4685 399 4732; x_wconf 77' lang='grc' dir='ltr'>ὁ</span> <span class='ocrx_word' id='word_1_437' title='bbox 441 4682 742 4734; x_wconf 76' lang='grc' dir='ltr'>πιστεύων</span> <span class='ocrx_word' id='word_1_438' title='bbox 791 4681 861 4732; x_wconf 84' lang='grc' dir='ltr'>ἐν</span> <span class='ocrx_word' id='word_1_439' title='bbox 913 4677 1075 4744; x_wconf 77' lang='grc' dir='ltr'>αὐτῷ</span> <span class='ocrx_word' id='word_1_440' title='bbox 1118 4683 1190 4733; x_wconf 85' lang='grc' dir='ltr'>οὐ</span> <span class='ocrx_word' id='word_1_441' title='bbox 1223 4679 1310 4747; x_wconf 79' lang='grc' dir='ltr'>μὴ</span> <span class='ocrx_word' id='word_1_442' title='bbox 1363 4677 1802 4746; x_wconf 75' lang='grc' dir='ltr'>καταισχυνθῇ.</span> 
     </span>
    </p>
   </div>
   <div class='ocr_carea' id='block_1_53' title="bbox 221 4760 1805 4836">
    <p class='ocr_par' dir='ltr' id='par_1_53' title="bbox 221 4760 1805 4836">
     <span class='ocr_line' id='line_1_53' title="bbox 221 4760 1805 4836; baseline -0.005 -18"><span class='ocrx_word' id='word_1_443' title='bbox 221 4766 281 4818; x_wconf 86' lang='grc'>’0</span> <span class='ocrx_word' id='word_1_444' title='bbox 314 4764 500 4817; x_wconf 88' lang='grc' dir='ltr'>τοίνυν</span> <span class='ocrx_word' id='word_1_445' title='bbox 552 4763 760 4836; x_wconf 78' lang='grc' dir='ltr'>ἄνθραξ</span> <span class='ocrx_word' id='word_1_446' title='bbox 794 4761 1101 4833; x_wconf 86' lang='grc' dir='ltr'>ἀφώρισται</span> <span class='ocrx_word' id='word_1_447' title='bbox 1133 4765 1199 4832; x_wconf 81' lang='grc' dir='ltr'>τῇ</span> <span class='ocrx_word' id='word_1_448' title='bbox 1251 4761 1503 4831; x_wconf 83' lang='grc' dir='ltr'>βασιλικῇ</span> <span class='ocrx_word' id='word_1_449' title='bbox 1540 4760 1680 4830; x_wconf 80' lang='grc' dir='ltr'>φυλῇ</span> <span class='ocrx_word' id='word_1_450' title='bbox 1709 4778 1721 4790; x_wconf 70' lang='grc' dir='ltr'>ι</span> <span class='ocrx_word' id='word_1_451' title='bbox 1777 4760 1805 4810; x_wconf 89' lang='grc' dir='ltr'>ὁ</span> 
     </span>
    </p>
   </div>
   <div class='ocr_carea' id='block_1_54' title="bbox 213 4844 1805 4918">
    <p class='ocr_par' dir='ltr' id='par_1_54' title="bbox 213 4844 1805 4918">
     <span class='ocr_line' id='line_1_54' title="bbox 213 4844 1805 4918; baseline -0.002 -18"><span class='ocrx_word' id='word_1_452' title='bbox 213 4849 478 4918; x_wconf 85' lang='grc' dir='ltr'>πράσινος</span> <span class='ocrx_word' id='word_1_453' title='bbox 526 4851 589 4916; x_wconf 81' lang='grc' dir='ltr'>τῇ</span> <span class='ocrx_word' id='word_1_454' title='bbox 625 4849 874 4918; x_wconf 82' lang='grc' dir='ltr'>ἱερατικῇ</span> <span class='ocrx_word' id='word_1_455' title='bbox 901 4866 912 4878; x_wconf 77' lang='grc' dir='ltr'><strong>ο</strong></span> <span class='ocrx_word' id='word_1_456' title='bbox 945 4849 1006 4899; x_wconf 91' lang='grc' dir='ltr'>τὸ</span> <span class='ocrx_word' id='word_1_457' title='bbox 1039 4845 1148 4914; x_wconf 79' lang='grc' dir='ltr'>γὰρ</span> <span class='ocrx_word' id='word_1_458' title='bbox 1189 4846 1451 4916; x_wconf 86' lang='grc' dir='ltr'>πράττειν</span> <span class='ocrx_word' id='word_1_459' title='bbox 1487 4845 1668 4906; x_wconf 86' lang='grc' dir='ltr'>καλῶς</span> <span class='ocrx_word' id='word_1_460' title='bbox 1703 4844 1805 4914; x_wconf 89' lang='grc' dir='ltr'>τῆς</span> 
     </span>
    </p>
   </div>
   <div class='ocr_carea' id='block_1_55' title="bbox 216 4927 1804 5001">
    <p class='ocr_par' dir='ltr' id='par_1_55' title="bbox 216 4927 1804 5001">
     <span class='ocr_line' id='line_1_55' title="bbox 216 4927 1804 5001; baseline -0.003 -18"><span class='ocrx_word' id='word_1_461' title='bbox 216 4929 540 5001; x_wconf 85' lang='grc' dir='ltr'>ἱερωσύνης.</span> <span class='ocrx_word' id='word_1_462' title='bbox 588 4931 720 4982; x_wconf 85' lang='grc' dir='ltr'>Ἀπὸ</span> <span class='ocrx_word' id='word_1_463' title='bbox 767 4930 860 4983; x_wconf 90' lang='grc' dir='ltr'>τοῦ</span> <span class='ocrx_word' id='word_1_464' title='bbox 895 4927 1142 4998; x_wconf 86' lang='grc' dir='ltr'>ποταμοῦ</span> <span class='ocrx_word' id='word_1_465' title='bbox 1188 4929 1398 4980; x_wconf 73' lang='grc' dir='ltr'>ἐκείνου</span> <span class='ocrx_word' id='word_1_466' title='bbox 1449 4927 1804 4998; x_wconf 77' lang='grc' dir='ltr'>ἀφορίζονται</span> 
     </span>
    </p>
   </div>
   <div class='ocr_carea' id='block_1_56' title="bbox 211 5007 1805 5082">
    <p class='ocr_par' dir='ltr' id='par_1_56' title="bbox 211 5007 1805 5082">
     <span class='ocr_line' id='line_1_56' title="bbox 211 5007 1805 5082; baseline -0.001 -17"><span class='ocrx_word' id='word_1_467' title='bbox 211 5015 478 5081; x_wconf 84' lang='grc' dir='ltr'>τέσσαρες</span> <span class='ocrx_word' id='word_1_468' title='bbox 513 5013 689 5078; x_wconf 69' lang='grc' dir='ltr'>πηγαὶ</span> <span class='ocrx_word' id='word_1_469' title='bbox 723 5013 1001 5082; x_wconf 83' lang='grc' dir='ltr'>ποταμῶν.</span> <span class='ocrx_word' id='word_1_470' title='bbox 1041 5011 1193 5063; x_wconf 84' lang='grc' dir='ltr'>Διατί</span> <span class='ocrx_word' id='word_1_471' title='bbox 1225 5007 1317 5063; x_wconf 77' lang='grc' dir='ltr'>οὖν</span> <span class='ocrx_word' id='word_1_472' title='bbox 1348 5012 1408 5062; x_wconf 87' lang='grc' dir='ltr'>τὸ</span> <span class='ocrx_word' id='word_1_473' title='bbox 1440 5011 1586 5080; x_wconf 75' lang='grc' dir='ltr'>ὕδωρ</span> <span class='ocrx_word' id='word_1_474' title='bbox 1626 5010 1805 5063; x_wconf 86' lang='grc' dir='ltr'>αὑτῶν</span> 
     </span>
    </p>
   </div>
   <div class='ocr_carea' id='block_1_57' title="bbox 212 5093 1804 5166">
    <p class='ocr_par' dir='ltr' id='par_1_57' title="bbox 212 5093 1804 5166">
     <span class='ocr_line' id='line_1_57' title="bbox 212 5093 1804 5166; baseline -0.003 -18"><span class='ocrx_word' id='word_1_475' title='bbox 212 5097 309 5148; x_wconf 89' lang='grc' dir='ltr'>οὑκ</span> <span class='ocrx_word' id='word_1_476' title='bbox 343 5097 493 5157; x_wconf 84' lang='grc' dir='ltr'>ίσον;</span> <span class='ocrx_word' id='word_1_477' title='bbox 537 5093 768 5162; x_wconf 89' lang='grc' dir='ltr'>Ζητοῦσι</span> <span class='ocrx_word' id='word_1_478' title='bbox 801 5095 910 5166; x_wconf 87' lang='grc' dir='ltr'>γὰρ</span> <span class='ocrx_word' id='word_1_479' title='bbox 942 5097 989 5147; x_wconf 88' lang='grc' dir='ltr'>οἰ</span> <span class='ocrx_word' id='word_1_480' title='bbox 1027 5093 1345 5163; x_wconf 85' lang='grc' dir='ltr'>φιλομαθεῖς</span> <span class='ocrx_word' id='word_1_481' title='bbox 1371 5133 1385 5155; x_wconf 89' lang='grc'>,</span> <span class='ocrx_word' id='word_1_482' title='bbox 1435 5096 1483 5144; x_wconf 85' lang='grc' dir='ltr'>εί</span> <span class='ocrx_word' id='word_1_483' title='bbox 1535 5093 1643 5146; x_wconf 87' lang='grc' dir='ltr'>ἀπὸ</span> <span class='ocrx_word' id='word_1_484' title='bbox 1687 5094 1804 5155; x_wconf 81' lang='grc' dir='ltr'>ἐνὸς</span> 
     </span>
    </p>
   </div>
   <div class='ocr_carea' id='block_1_58' title="bbox 213 5175 1803 5248">
    <p class='ocr_par' dir='ltr' id='par_1_58' title="bbox 213 5175 1803 5248">
     <span class='ocr_line' id='line_1_58' title="bbox 213 5175 1803 5248; baseline -0.001 -16"><span class='ocrx_word' id='word_1_485' title='bbox 213 5175 462 5248; x_wconf 85' lang='grc' dir='ltr'>ποταμοῦ</span> <span class='ocrx_word' id='word_1_486' title='bbox 484 5218 497 5236; x_wconf 89' lang='grc'>,</span> <span class='ocrx_word' id='word_1_487' title='bbox 530 5176 563 5246; x_wconf 83' lang='grc' dir='ltr'>ἢ</span> <span class='ocrx_word' id='word_1_488' title='bbox 597 5177 727 5245; x_wconf 80' lang='grc' dir='ltr'>μιᾶς</span> <span class='ocrx_word' id='word_1_489' title='bbox 760 5179 973 5247; x_wconf 89' lang='grc' dir='ltr'>πηγῆς,</span> <span class='ocrx_word' id='word_1_490' title='bbox 1010 5177 1148 5231; x_wconf 90' lang='grc' dir='ltr'>διατί</span> <span class='ocrx_word' id='word_1_491' title='bbox 1177 5177 1251 5247; x_wconf 84' lang='grc' dir='ltr'>μὴ</span> <span class='ocrx_word' id='word_1_492' title='bbox 1288 5178 1385 5247; x_wconf 86' lang='grc' dir='ltr'>μία</span> <span class='ocrx_word' id='word_1_493' title='bbox 1413 5178 1640 5247; x_wconf 86' lang='grc' dir='ltr'>ποιότης</span> <span class='ocrx_word' id='word_1_494' title='bbox 1667 5179 1803 5231; x_wconf 87' lang='grc' dir='ltr'>πάν-</span> 
     </span>
    </p>
   </div>
   <div class='ocr_carea' id='block_1_59' title="bbox 211 5255 1803 5331">
    <p class='ocr_par' dir='ltr' id='par_1_59' title="bbox 211 5255 1803 5331">
     <span class='ocr_line' id='line_1_59' title="bbox 211 5255 1803 5331; baseline -0.001 -19"><span class='ocrx_word' id='word_1_495' title='bbox 211 5277 351 5324; x_wconf 81' lang='grc' dir='ltr'>των;</span> <span class='ocrx_word' id='word_1_496' title='bbox 378 5258 442 5310; x_wconf 91' lang='grc' dir='ltr'>Τί</span> <span class='ocrx_word' id='word_1_497' title='bbox 469 5255 560 5310; x_wconf 83' lang='grc' dir='ltr'>οὖν</span> <span class='ocrx_word' id='word_1_498' title='bbox 595 5261 740 5324; x_wconf 76' lang='grc' dir='ltr'>ὲστι;</span> <span class='ocrx_word' id='word_1_499' title='bbox 776 5260 1271 5331; x_wconf 86' lang='grc' dir='ltr'>Μεταλαμϐάνουσι</span> <span class='ocrx_word' id='word_1_500' title='bbox 1297 5260 1394 5330; x_wconf 91' lang='grc' dir='ltr'>τῆς</span> <span class='ocrx_word' id='word_1_501' title='bbox 1427 5261 1559 5329; x_wconf 89' lang='grc' dir='ltr'>γῆς,</span> <span class='ocrx_word' id='word_1_502' title='bbox 1586 5261 1679 5312; x_wconf 71' lang='grc' dir='ltr'>καὶ</span> <span class='ocrx_word' id='word_1_503' title='bbox 1705 5261 1803 5329; x_wconf 87' lang='grc' dir='ltr'>τῆς</span> 
     </span>
    </p>
   </div>
   <div class='ocr_carea' id='block_1_60' title="bbox 214 5338 1803 5414">
    <p class='ocr_par' dir='ltr' id='par_1_60' title="bbox 214 5338 1803 5414">
     <span class='ocr_line' id='line_1_60' title="bbox 214 5338 1803 5414; baseline 0.001 -19"><span class='ocrx_word' id='word_1_504' title='bbox 214 5343 500 5410; x_wconf 73' lang='grc' dir='ltr'>ποιότητος</span> <span class='ocrx_word' id='word_1_505' title='bbox 524 5341 628 5393; x_wconf 90' lang='grc' dir='ltr'>τῶν</span> <span class='ocrx_word' id='word_1_506' title='bbox 652 5341 854 5405; x_wconf 86' lang='grc' dir='ltr'>τόπων,</span> <span class='ocrx_word' id='word_1_507' title='bbox 877 5343 945 5394; x_wconf 89' lang='grc' dir='ltr'>δι’</span> <span class='ocrx_word' id='word_1_508' title='bbox 968 5338 1041 5396; x_wconf 81' lang='grc' dir='ltr'>ὧν</span> <span class='ocrx_word' id='word_1_509' title='bbox 1070 5344 1455 5414; x_wconf 79' lang='grc' dir='ltr'>παρέρχονται.</span> <span class='ocrx_word' id='word_1_510' title='bbox 1475 5345 1685 5414; x_wconf 82' lang='grc' dir='ltr'>’Ὥσπερ</span> <span class='ocrx_word' id='word_1_511' title='bbox 1712 5347 1803 5397; x_wconf 75' lang='grc' dir='ltr'>καὶ</span> 
     </span>
    </p>
   </div>
   <div class='ocr_carea' id='block_1_61' title="bbox 212 5423 1800 5496">
    <p class='ocr_par' dir='ltr' id='par_1_61' title="bbox 212 5423 1800 5496">
     <span class='ocr_line' id='line_1_61' title="bbox 212 5423 1800 5496; baseline 0.001 -19"><span class='ocrx_word' id='word_1_512' title='bbox 212 5426 345 5478; x_wconf 88' lang='grc' dir='ltr'>αὑτὸ</span> <span class='ocrx_word' id='word_1_513' title='bbox 373 5424 434 5477; x_wconf 89' lang='grc' dir='ltr'>τὸ</span> <span class='ocrx_word' id='word_1_514' title='bbox 464 5423 609 5495; x_wconf 76' lang='grc' dir='ltr'>ὕδωρ</span> <span class='ocrx_word' id='word_1_515' title='bbox 638 5424 765 5495; x_wconf 91' lang='grc' dir='ltr'>μίαν</span> <span class='ocrx_word' id='word_1_516' title='bbox 800 5425 898 5494; x_wconf 80' lang='grc' dir='ltr'>μὲν</span> <span class='ocrx_word' id='word_1_517' title='bbox 927 5425 1038 5495; x_wconf 82' lang='grc' dir='ltr'>ἔχει</span> <span class='ocrx_word' id='word_1_518' title='bbox 1064 5429 1225 5496; x_wconf 88' lang='grc' dir='ltr'>φύσιν</span> <span class='ocrx_word' id='word_1_519' title='bbox 1256 5426 1351 5480; x_wconf 80' lang='grc' dir='ltr'>καὶ</span> <span class='ocrx_word' id='word_1_520' title='bbox 1375 5426 1654 5495; x_wconf 88' lang='grc' dir='ltr'>ποιότητα,</span> <span class='ocrx_word' id='word_1_521' title='bbox 1688 5426 1800 5479; x_wconf 88' lang='grc' dir='ltr'>ἀλλ’</span> 
     </span>
    </p>
   </div>
   <div class='ocr_carea' id='block_1_62' title="bbox 275 5569 930 5633">
    <p class='ocr_par' dir='ltr' id='par_1_62' title="bbox 275 5569 930 5633">
     <span class='ocr_line' id='line_1_62' title="bbox 275 5569 930 5633; baseline -0.002 -15"><span class='ocrx_word' id='word_1_522' title='bbox 275 5571 299 5633; x_wconf 61' lang='lat' dir='ltr'>f</span> <span class='ocrx_word' id='word_1_523' title='bbox 327 5569 441 5633; x_wconf 56' lang='grc' dir='ltr'>ξεν.</span> <span class='ocrx_word' id='word_1_524' title='bbox 466 5572 514 5618; x_wconf 73' lang='lat' dir='ltr'>in</span> <span class='ocrx_word' id='word_1_525' title='bbox 537 5584 689 5633; x_wconf 75' lang='lat' dir='ltr'>marg.</span> <span class='ocrx_word' id='word_1_526' title='bbox 714 5587 786 5632; x_wconf 86' lang='grc' dir='ltr'>γρ.</span> <span class='ocrx_word' id='word_1_527' title='bbox 813 5571 930 5618; x_wconf 71' lang='grc' dir='ltr'>τινά.</span> 
     </span>
    </p>
   </div>
   <div class='ocr_carea' id='block_1_63' title="bbox 274 5631 1796 5710">
    <p class='ocr_par' dir='ltr' id='par_1_63' title="bbox 274 5631 1796 5710">
     <span class='ocr_line' id='line_1_63' title="bbox 274 5631 1796 5710; baseline 0 -32"><span class='ocrx_word' id='word_1_528' title='bbox 274 5631 363 5702; x_wconf 40' lang='lat'>6.1&quot;</span> <span class='ocrx_word' id='word_1_529' title='bbox 367 5640 558 5710; x_wconf 56' lang='grc' dir='ltr'>οςιεξες</span> <span class='ocrx_word' id='word_1_530' title='bbox 602 5631 865 5710; x_wconf 53' lang='lat' dir='ltr'>leggndum</span> <span class='ocrx_word' id='word_1_531' title='bbox 888 5635 935 5680; x_wconf 83' lang='grc' dir='ltr'>αἱ</span> <span class='ocrx_word' id='word_1_532' title='bbox 976 5633 1194 5694; x_wconf 80' lang='grc' dir='ltr'>διαφοραὶ</span> <span class='ocrx_word' id='word_1_533' title='bbox 1218 5635 1314 5681; x_wconf 84' lang='grc' dir='ltr'>τῶν</span> <span class='ocrx_word' id='word_1_534' title='bbox 1340 5634 1467 5680; x_wconf 81' lang='grc' dir='ltr'>ὑλῶν</span> <span class='ocrx_word' id='word_1_535' title='bbox 1491 5634 1610 5680; x_wconf 78' lang='grc' dir='ltr'>ὅλαι.</span> <span class='ocrx_word' id='word_1_536' title='bbox 1649 5633 1796 5681; x_wconf 82' lang='lat' dir='ltr'>Savil.</span> 
     </span>
    </p>
   </div>
   <div class='ocr_carea' id='block_1_64' title="bbox 213 5695 1794 5826">
    <p class='ocr_par' dir='ltr' id='par_1_64' title="bbox 213 5695 1794 5826">
     <span class='ocr_line' id='line_1_64' title="bbox 213 5695 1616 5764; baseline -0.007 -23"><span class='ocrx_word' id='word_1_537' title='bbox 213 5695 339 5752; x_wconf 76' lang='lat' dir='ltr'>conj.</span> <span class='ocrx_word' id='word_1_538' title='bbox 365 5695 461 5764; x_wconf 69' lang='grc' dir='ltr'>τῶν</span> <span class='ocrx_word' id='word_1_539' title='bbox 486 5695 631 5746; x_wconf 81' lang='grc' dir='ltr'>ξύλων</span> <span class='ocrx_word' id='word_1_540' title='bbox 656 5697 781 5742; x_wconf 82' lang='grc' dir='ltr'>ὗλαι.</span> <span class='ocrx_word' id='word_1_541' title='bbox 1159 5753 1169 5763; x_wconf 44' lang='grc'><strong>⁸</strong></span> <span class='ocrx_word' id='word_1_542' title='bbox 1606 5752 1616 5761; x_wconf 64' lang='lat'>_</span> 
     </span>
     <span class='ocr_line' id='line_1_65' title="bbox 216 5753 1794 5826; baseline 0.001 -26"><span class='ocrx_word' id='word_1_543' title='bbox 216 5813 244 5826; x_wconf 43' lang='grc' dir='ltr'><strong>Α</strong></span> <span class='ocrx_word' id='word_1_544' title='bbox 277 5753 592 5826; x_wconf 49' lang='grc' dir='ltr'>αγειιςοηυξ</span> <span class='ocrx_word' id='word_1_545' title='bbox 633 5757 783 5804; x_wconf 68' lang='lat' dir='ltr'>habet</span> <span class='ocrx_word' id='word_1_546' title='bbox 818 5756 886 5817; x_wconf 81' lang='grc' dir='ltr'>τῷ</span> <span class='ocrx_word' id='word_1_547' title='bbox 909 5755 1064 5818; x_wconf 82' lang='grc' dir='ltr'>πυρῷ,</span> <span class='ocrx_word' id='word_1_548' title='bbox 1103 5755 1295 5806; x_wconf 62' lang='lat' dir='ltr'>scilicet</span> <span class='ocrx_word' id='word_1_549' title='bbox 1316 5756 1480 5820; x_wconf 80' lang='grc' dir='ltr'>πυῤῥῷ</span> <span class='ocrx_word' id='word_1_550' title='bbox 1507 5753 1794 5804; x_wconf 72' lang='grc' dir='ltr'>ηιίηαιηάο.</span> 
     </span>
    </p>
   </div>
   <div class='ocr_carea' id='block_1_65' title="bbox 216 5813 600 5876">
    <p class='ocr_par' dir='ltr' id='par_1_65' title="bbox 216 5813 600 5876">
     <span class='ocr_line' id='line_1_66' title="bbox 216 5813 600 5876; baseline -0.003 -12"><span class='ocrx_word' id='word_1_551' title='bbox 216 5813 366 5864; x_wconf 76' lang='lat' dir='ltr'>Savil.</span> <span class='ocrx_word' id='word_1_552' title='bbox 391 5816 600 5876; x_wconf 86' lang='grc' dir='ltr'>τῷπυρί.</span> 
     </span>
    </p>
   </div>
   <div class='ocr_carea' id='block_1_66' title="bbox 1234 413 2414 474">
    <p class='ocr_par' dir='ltr' id='par_1_66' title="bbox 1234 413 2414 474">
     <span class='ocr_line' id='line_1_67' title="bbox 1234 413 2414 474; baseline 0.001 -3"><span class='ocrx_word' id='word_1_553' title='bbox 1234 415 1324 471; x_wconf 87' lang='lat' dir='ltr'>DE</span> <span class='ocrx_word' id='word_1_554' title='bbox 1363 414 1581 473; x_wconf 75' lang='grc' dir='ltr'>ΜυΜη</span> <span class='ocrx_word' id='word_1_555' title='bbox 1616 413 2014 474; x_wconf 76' lang='lat' dir='ltr'>CBEATIONE</span> <span class='ocrx_word' id='word_1_556' title='bbox 2051 419 2311 474; x_wconf 68' lang='lat' dir='ltr'>ORATIO</span> <span class='ocrx_word' id='word_1_557' title='bbox 2353 420 2414 474; x_wconf 65' lang='grc' dir='ltr'>Υ.</span> 
     </span>
    </p>
   </div>
   <div class='ocr_carea' id='block_1_67' title="bbox 3371 427 3487 482">
    <p class='ocr_par' dir='ltr' id='par_1_67' title="bbox 3371 427 3487 482">
     <span class='ocr_line' id='line_1_68' title="bbox 3371 427 3487 482; baseline 0.017 -2"><span class='ocrx_word' id='word_1_558' title='bbox 3371 427 3487 482; x_wconf 85' lang='grc'>480</span> 
     </span>
    </p>
   </div>
   <div class='ocr_carea' id='block_1_68' title="bbox 1913 532 3490 606">
    <p class='ocr_par' dir='ltr' id='par_1_68' title="bbox 1913 532 3490 606">
     <span class='ocr_line' id='line_1_69' title="bbox 1913 532 3490 606; baseline -0.001 -20"><span class='ocrx_word' id='word_1_559' title='bbox 1913 533 2008 587; x_wconf 78' lang='grc' dir='ltr'>ἐὰν</span> <span class='ocrx_word' id='word_1_560' title='bbox 2043 536 2334 606; x_wconf 80' lang='grc' dir='ltr'>συμϐραχῇ</span> <span class='ocrx_word' id='word_1_561' title='bbox 2376 533 2606 605; x_wconf 67' lang='grc' dir='ltr'>ἀψινθίῳ</span> <span class='ocrx_word' id='word_1_562' title='bbox 2631 574 2645 596; x_wconf 91' lang='grc'>,</span> <span class='ocrx_word' id='word_1_563' title='bbox 2686 533 2852 604; x_wconf 81' lang='grc' dir='ltr'>ἄλλην</span> <span class='ocrx_word' id='word_1_564' title='bbox 2887 533 3147 602; x_wconf 83' lang='grc' dir='ltr'>ποιότητα</span> <span class='ocrx_word' id='word_1_565' title='bbox 3177 533 3354 586; x_wconf 75' lang='grc' dir='ltr'>ποιεῖ·</span> <span class='ocrx_word' id='word_1_566' title='bbox 3393 532 3490 585; x_wconf 76' lang='grc' dir='ltr'>έὰν</span> 
     </span>
    </p>
   </div>
   <div class='ocr_carea' id='block_1_69' title="bbox 1908 613 3492 687">
    <p class='ocr_par' dir='ltr' id='par_1_69' title="bbox 1908 613 3492 687">
     <span class='ocr_line' id='line_1_70' title="bbox 1908 613 3492 687; baseline -0.002 -17"><span class='ocrx_word' id='word_1_567' title='bbox 1908 618 2094 687; x_wconf 83' lang='grc' dir='ltr'>ἀνήθῳ</span> <span class='ocrx_word' id='word_1_568' title='bbox 2115 659 2129 679; x_wconf 92' lang='grc'>,</span> <span class='ocrx_word' id='word_1_569' title='bbox 2163 619 2330 687; x_wconf 90' lang='grc' dir='ltr'>ἄλλην</span> <span class='ocrx_word' id='word_1_570' title='bbox 2349 635 2362 647; x_wconf 87' lang='grc'><strong>·</strong></span> <span class='ocrx_word' id='word_1_571' title='bbox 2395 619 2492 671; x_wconf 80' lang='grc' dir='ltr'>ὲάν</span> <span class='ocrx_word' id='word_1_572' title='bbox 2523 617 2751 687; x_wconf 86' lang='grc' dir='ltr'>πηγάνῳ</span> <span class='ocrx_word' id='word_1_573' title='bbox 2777 656 2790 677; x_wconf 86' lang='grc'>.</span> <span class='ocrx_word' id='word_1_574' title='bbox 2830 616 2998 686; x_wconf 84' lang='grc' dir='ltr'>ἄλλην</span> <span class='ocrx_word' id='word_1_575' title='bbox 3018 635 3030 649; x_wconf 79' lang='grc' dir='ltr'><strong>ο</strong></span> <span class='ocrx_word' id='word_1_576' title='bbox 3073 616 3166 669; x_wconf 77' lang='grc' dir='ltr'>καὶ</span> <span class='ocrx_word' id='word_1_577' title='bbox 3196 616 3230 685; x_wconf 77' lang='grc' dir='ltr'>ὴ</span> <span class='ocrx_word' id='word_1_578' title='bbox 3264 616 3362 685; x_wconf 81' lang='grc' dir='ltr'>μὲν</span> <span class='ocrx_word' id='word_1_579' title='bbox 3391 613 3492 684; x_wconf 84' lang='grc' dir='ltr'>φύ-</span> 
     </span>
    </p>
   </div>
   <div class='ocr_carea' id='block_1_70' title="bbox 1909 697 3492 769">
    <p class='ocr_par' dir='ltr' id='par_1_70' title="bbox 1909 697 3492 769">
     <span class='ocr_line' id='line_1_71' title="bbox 1909 697 3492 769; baseline -0.002 -17"><span class='ocrx_word' id='word_1_580' title='bbox 1909 717 1993 763; x_wconf 89' lang='grc' dir='ltr'>σις</span> <span class='ocrx_word' id='word_1_581' title='bbox 2021 701 2136 769; x_wconf 85' lang='grc' dir='ltr'>μία,</span> <span class='ocrx_word' id='word_1_582' title='bbox 2172 702 2228 752; x_wconf 78' lang='grc' dir='ltr'>αἱ</span> <span class='ocrx_word' id='word_1_583' title='bbox 2258 701 2315 753; x_wconf 86' lang='grc' dir='ltr'>δὲ</span> <span class='ocrx_word' id='word_1_584' title='bbox 2347 701 2468 753; x_wconf 83' lang='grc' dir='ltr'>ὑλαι</span> <span class='ocrx_word' id='word_1_585' title='bbox 2506 698 2892 769; x_wconf 78' lang='grc' dir='ltr'>μεταποιοῦσιν</span> <span class='ocrx_word' id='word_1_586' title='bbox 2912 716 2925 730; x_wconf 77' lang='grc' dir='ltr'><strong>ο</strong></span> <span class='ocrx_word' id='word_1_587' title='bbox 2958 699 3100 751; x_wconf 78' lang='grc' dir='ltr'>οὑτω</span> <span class='ocrx_word' id='word_1_588' title='bbox 3131 699 3223 750; x_wconf 77' lang='grc' dir='ltr'>καὶ</span> <span class='ocrx_word' id='word_1_589' title='bbox 3265 697 3492 750; x_wconf 75' lang='grc' dir='ltr'>ἐπὶτῶν</span> 
     </span>
    </p>
   </div>
   <div class='ocr_carea' id='block_1_71' title="bbox 1909 780 3491 854">
    <p class='ocr_par' dir='ltr' id='par_1_71' title="bbox 1909 780 3491 854">
     <span class='ocr_line' id='line_1_72' title="bbox 1909 780 3491 854; baseline -0.002 -19"><span class='ocrx_word' id='word_1_590' title='bbox 1909 784 2170 854; x_wconf 83' lang='grc' dir='ltr'>ποταμῶν</span> <span class='ocrx_word' id='word_1_591' title='bbox 2193 824 2207 843; x_wconf 89' lang='grc'>,</span> <span class='ocrx_word' id='word_1_592' title='bbox 2258 784 2446 854; x_wconf 79' lang='grc' dir='ltr'>ἐπειδὴ</span> <span class='ocrx_word' id='word_1_593' title='bbox 2477 783 2564 837; x_wconf 76' lang='grc' dir='ltr'>διὰ</span> <span class='ocrx_word' id='word_1_594' title='bbox 2595 780 2762 850; x_wconf 87' lang='grc' dir='ltr'>ξένων</span> <span class='ocrx_word' id='word_1_595' title='bbox 2789 783 3033 836; x_wconf 86' lang='grc' dir='ltr'>ὁδεύουσι</span> <span class='ocrx_word' id='word_1_596' title='bbox 3062 783 3274 846; x_wconf 86' lang='grc' dir='ltr'>τόπων,</span> <span class='ocrx_word' id='word_1_597' title='bbox 3321 784 3350 834; x_wconf 92' lang='grc' dir='ltr'>ὁ</span> <span class='ocrx_word' id='word_1_598' title='bbox 3394 781 3491 850; x_wconf 68' lang='grc' dir='ltr'>μὲν</span> 
     </span>
    </p>
   </div>
   <div class='ocr_carea' id='block_1_72' title="bbox 1908 865 3490 939">
    <p class='ocr_par' dir='ltr' id='par_1_72' title="bbox 1908 865 3490 939">
     <span class='ocr_line' id='line_1_73' title="bbox 1908 865 3490 939; baseline -0.001 -20"><span class='ocrx_word' id='word_1_599' title='bbox 1908 865 1994 919; x_wconf 76' lang='grc' dir='ltr'>διά</span> <span class='ocrx_word' id='word_1_600' title='bbox 2038 869 2140 936; x_wconf 85' lang='grc' dir='ltr'>γῆς</span> <span class='ocrx_word' id='word_1_601' title='bbox 2191 868 2385 939; x_wconf 75' lang='grc' dir='ltr'>ἑτέραν</span> <span class='ocrx_word' id='word_1_602' title='bbox 2418 869 2649 938; x_wconf 82' lang='grc' dir='ltr'>ἐχούσης</span> <span class='ocrx_word' id='word_1_603' title='bbox 2683 867 2944 937; x_wconf 80' lang='grc' dir='ltr'>ποιότητα</span> <span class='ocrx_word' id='word_1_604' title='bbox 2967 908 2983 933; x_wconf 95' lang='grc'>,</span> <span class='ocrx_word' id='word_1_605' title='bbox 3013 868 3041 919; x_wconf 90' lang='grc' dir='ltr'>ὁ</span> <span class='ocrx_word' id='word_1_606' title='bbox 3078 865 3134 918; x_wconf 85' lang='grc' dir='ltr'>δὲ</span> <span class='ocrx_word' id='word_1_607' title='bbox 3177 865 3242 918; x_wconf 76' lang='grc' dir='ltr'>δι’</span> <span class='ocrx_word' id='word_1_608' title='bbox 3277 865 3490 935; x_wconf 79' lang='grc' dir='ltr'>ἐτέρας.</span> 
     </span>
    </p>
   </div>
   <div class='ocr_carea' id='block_1_73' title="bbox 1908 949 2562 1014">
    <p class='ocr_par' dir='ltr' id='par_1_73' title="bbox 1908 949 2562 1014">
     <span class='ocr_line' id='line_1_74' title="bbox 1908 949 2562 1014; baseline 0.002 -12"><span class='ocrx_word' id='word_1_609' title='bbox 1908 949 2187 1003; x_wconf 87' lang='grc' dir='ltr'>ποιοῦνται</span> <span class='ocrx_word' id='word_1_610' title='bbox 2216 953 2326 1013; x_wconf 89' lang='grc' dir='ltr'>τοῖς</span> <span class='ocrx_word' id='word_1_611' title='bbox 2356 951 2562 1014; x_wconf 88' lang='grc' dir='ltr'>τόποις.</span> 
     </span>
    </p>
   </div>
   <div class='ocr_carea' id='block_1_74' title="bbox 1980 1051 3494 1126">
    <p class='ocr_par' dir='ltr' id='par_1_74' title="bbox 1980 1051 3494 1126">
     <span class='ocr_line' id='line_1_75' title="bbox 1980 1051 3494 1126; baseline -0.005 -18"><span class='ocrx_word' id='word_1_612' title='bbox 1980 1054 2044 1119; x_wconf 73' lang='grc' dir='ltr'>ζ’.</span> <span class='ocrx_word' id='word_1_613' title='bbox 2065 1055 2215 1109; x_wconf 75' lang='grc' dir='ltr'>Ἐπεὶ</span> <span class='ocrx_word' id='word_1_614' title='bbox 2230 1055 2286 1110; x_wconf 82' lang='grc' dir='ltr'>δὲ</span> <span class='ocrx_word' id='word_1_615' title='bbox 2312 1057 2378 1126; x_wconf 79' lang='grc' dir='ltr'>τῇ</span> <span class='ocrx_word' id='word_1_616' title='bbox 2407 1055 2555 1109; x_wconf 83' lang='grc' dir='ltr'>θέσει</span> <span class='ocrx_word' id='word_1_617' title='bbox 2582 1052 2693 1110; x_wconf 87' lang='grc' dir='ltr'>τῶν</span> <span class='ocrx_word' id='word_1_618' title='bbox 2711 1054 2891 1108; x_wconf 88' lang='grc' dir='ltr'>τόπων</span> <span class='ocrx_word' id='word_1_619' title='bbox 2920 1052 3152 1106; x_wconf 73' lang='grc' dir='ltr'>έποίωσε</span> <span class='ocrx_word' id='word_1_620' title='bbox 3179 1051 3304 1113; x_wconf 77' lang='grc' dir='ltr'>τοὺς</span> <span class='ocrx_word' id='word_1_621' title='bbox 3325 1066 3494 1102; x_wconf 85' lang='grc' dir='ltr'>ποτα-</span> 
     </span>
    </p>
   </div>
   <div class='ocr_carea' id='block_1_75' title="bbox 1912 1132 3492 1209">
    <p class='ocr_par' dir='ltr' id='par_1_75' title="bbox 1912 1132 3492 1209">
     <span class='ocr_line' id='line_1_76' title="bbox 1912 1132 3492 1209; baseline -0.006 -17"><span class='ocrx_word' id='word_1_622' title='bbox 1912 1139 2080 1207; x_wconf 74' lang='grc' dir='ltr'>μοὺς.</span> <span class='ocrx_word' id='word_1_623' title='bbox 2111 1138 2294 1192; x_wconf 88' lang='grc' dir='ltr'>λοιπὸν</span> <span class='ocrx_word' id='word_1_624' title='bbox 2331 1141 2476 1192; x_wconf 81' lang='grc' dir='ltr'>ποιεῖ</span> <span class='ocrx_word' id='word_1_625' title='bbox 2515 1139 2575 1192; x_wconf 77' lang='grc' dir='ltr'>ὲν</span> <span class='ocrx_word' id='word_1_626' title='bbox 2606 1137 2683 1209; x_wconf 85' lang='grc' dir='ltr'>τῷ</span> <span class='ocrx_word' id='word_1_627' title='bbox 2714 1137 3029 1207; x_wconf 89' lang='grc' dir='ltr'>παραδείσῳ</span> <span class='ocrx_word' id='word_1_628' title='bbox 3069 1135 3199 1190; x_wconf 85' lang='grc' dir='ltr'>Πᾶν</span> <span class='ocrx_word' id='word_1_629' title='bbox 3237 1132 3492 1200; x_wconf 80' lang='grc' dir='ltr'>δένδρον</span> 
     </span>
    </p>
   </div>
   <div class='ocr_carea' id='block_1_76' title="bbox 1907 1217 3491 1290">
    <p class='ocr_par' dir='ltr' id='par_1_76' title="bbox 1907 1217 3491 1290">
     <span class='ocr_line' id='line_1_77' title="bbox 1907 1217 3491 1290; baseline -0.003 -16"><span class='ocrx_word' id='word_1_630' title='bbox 1907 1223 2100 1275; x_wconf 75' lang='grc' dir='ltr'>καλὸν</span> <span class='ocrx_word' id='word_1_631' title='bbox 2136 1225 2223 1288; x_wconf 87' lang='grc' dir='ltr'>εἰς</span> <span class='ocrx_word' id='word_1_632' title='bbox 2262 1221 2514 1290; x_wconf 83' lang='grc' dir='ltr'>ὅρασιν,</span> <span class='ocrx_word' id='word_1_633' title='bbox 2560 1222 2659 1276; x_wconf 79' lang='grc' dir='ltr'>καὶ</span> <span class='ocrx_word' id='word_1_634' title='bbox 2699 1221 2918 1289; x_wconf 83' lang='grc' dir='ltr'>ὡραῖον</span> <span class='ocrx_word' id='word_1_635' title='bbox 2947 1222 3034 1284; x_wconf 88' lang='grc' dir='ltr'>εις</span> <span class='ocrx_word' id='word_1_636' title='bbox 3059 1217 3313 1287; x_wconf 75' lang='grc' dir='ltr'>βρῶσιν.</span> <span class='ocrx_word' id='word_1_637' title='bbox 3351 1218 3491 1286; x_wconf 84' lang='grc' dir='ltr'>Προ-</span> 
     </span>
    </p>
   </div>
   <div class='ocr_carea' id='block_1_77' title="bbox 1907 1298 3494 1378">
    <p class='ocr_par' dir='ltr' id='par_1_77' title="bbox 1907 1298 3494 1378">
     <span class='ocr_line' id='line_1_78' title="bbox 1907 1298 3494 1378; baseline -0.005 -20"><span class='ocrx_word' id='word_1_638' title='bbox 1907 1307 2081 1360; x_wconf 81' lang='grc' dir='ltr'>ανεῖλε</span> <span class='ocrx_word' id='word_1_639' title='bbox 2132 1305 2222 1361; x_wconf 90' lang='grc' dir='ltr'>τοῦ</span> <span class='ocrx_word' id='word_1_640' title='bbox 2267 1307 2583 1378; x_wconf 86' lang='grc' dir='ltr'>παραϐάτου</span> <span class='ocrx_word' id='word_1_641' title='bbox 2622 1305 2719 1377; x_wconf 79' lang='grc' dir='ltr'>τὴν</span> <span class='ocrx_word' id='word_1_642' title='bbox 2769 1303 3085 1372; x_wconf 82' lang='grc' dir='ltr'>ἀπολογίαν.</span> <span class='ocrx_word' id='word_1_643' title='bbox 3117 1300 3335 1368; x_wconf 83' lang='grc' dir='ltr'>Ἐπειδῆ</span> <span class='ocrx_word' id='word_1_644' title='bbox 3383 1298 3494 1367; x_wconf 85' lang='grc' dir='ltr'>γὰρ</span> 
     </span>
    </p>
   </div>
   <div class='ocr_carea' id='block_1_78' title="bbox 1907 1380 3495 1459">
    <p class='ocr_par' dir='ltr' id='par_1_78' title="bbox 1907 1380 3495 1459">
     <span class='ocr_line' id='line_1_79' title="bbox 1907 1380 3495 1459; baseline -0.005 -18"><span class='ocrx_word' id='word_1_645' title='bbox 1907 1389 2036 1459; x_wconf 72' lang='grc' dir='ltr'>περὶ</span> <span class='ocrx_word' id='word_1_646' title='bbox 2070 1390 2169 1459; x_wconf 81' lang='grc' dir='ltr'>τῆς</span> <span class='ocrx_word' id='word_1_647' title='bbox 2192 1388 2448 1458; x_wconf 89' lang='grc' dir='ltr'>γυναικὸς</span> <span class='ocrx_word' id='word_1_648' title='bbox 2480 1385 2633 1442; x_wconf 69' lang='grc' dir='ltr'>εἶπεν</span> <span class='ocrx_word' id='word_1_649' title='bbox 2653 1430 2669 1455; x_wconf 88' lang='grc'>,</span> <span class='ocrx_word' id='word_1_650' title='bbox 2694 1389 2776 1441; x_wconf 88' lang='grc' dir='ltr'>ὁτι</span> <span class='ocrx_word' id='word_1_651' title='bbox 2817 1381 2996 1441; x_wconf 80' lang='grc' dir='ltr'>Εἷδεν</span> <span class='ocrx_word' id='word_1_652' title='bbox 3023 1385 3060 1449; x_wconf 78' lang='grc' dir='ltr'>ἡ</span> <span class='ocrx_word' id='word_1_653' title='bbox 3091 1382 3246 1454; x_wconf 77' lang='grc' dir='ltr'>γυνὴ</span> <span class='ocrx_word' id='word_1_654' title='bbox 3293 1380 3360 1434; x_wconf 85' lang='grc' dir='ltr'>τὸ</span> <span class='ocrx_word' id='word_1_655' title='bbox 3396 1381 3495 1443; x_wconf 80' lang='grc' dir='ltr'>ξύ·</span> 
     </span>
    </p>
   </div>
   <div class='ocr_carea' id='block_1_79' title="bbox 1905 1462 3494 1539">
    <p class='ocr_par' dir='ltr' id='par_1_79' title="bbox 1905 1462 3494 1539">
     <span class='ocr_line' id='line_1_80' title="bbox 1905 1462 3494 1539; baseline -0.006 -16"><span class='ocrx_word' id='word_1_656' title='bbox 1905 1471 2041 1528; x_wconf 71' lang='grc' dir='ltr'>λον.</span> <span class='ocrx_word' id='word_1_657' title='bbox 2074 1470 2162 1525; x_wconf 83' lang='grc' dir='ltr'>ὅτι</span> <span class='ocrx_word' id='word_1_658' title='bbox 2193 1473 2387 1527; x_wconf 75' lang='grc' dir='ltr'>καλὸν</span> <span class='ocrx_word' id='word_1_659' title='bbox 2418 1474 2505 1538; x_wconf 79' lang='grc' dir='ltr'>εἰς</span> <span class='ocrx_word' id='word_1_660' title='bbox 2537 1472 2752 1539; x_wconf 85' lang='grc' dir='ltr'>ὅρασιν</span> <span class='ocrx_word' id='word_1_661' title='bbox 2775 1510 2791 1535; x_wconf 91' lang='grc'>,</span> <span class='ocrx_word' id='word_1_662' title='bbox 2831 1469 2930 1522; x_wconf 78' lang='grc' dir='ltr'>καί</span> <span class='ocrx_word' id='word_1_663' title='bbox 2969 1467 3185 1536; x_wconf 84' lang='grc' dir='ltr'>ὡραῖον</span> <span class='ocrx_word' id='word_1_664' title='bbox 3220 1468 3309 1530; x_wconf 83' lang='grc' dir='ltr'>εἰς</span> <span class='ocrx_word' id='word_1_665' title='bbox 3333 1462 3494 1532; x_wconf 85' lang='grc' dir='ltr'>,ϐρῶ-</span> 
     </span>
    </p>
   </div>
   <div class='ocr_carea' id='block_1_80' title="bbox 1907 1545 3492 1628">
    <p class='ocr_par' dir='ltr' id='par_1_80' title="bbox 1907 1545 3492 1628">
     <span class='ocr_line' id='line_1_81' title="bbox 1907 1545 3492 1628; baseline -0.006 -22"><span class='ocrx_word' id='word_1_666' title='bbox 1907 1569 2012 1606; x_wconf 79' lang='grc' dir='ltr'>σιν</span> <span class='ocrx_word' id='word_1_667' title='bbox 2036 1571 2049 1586; x_wconf 91' lang='grc'>·</span> <span class='ocrx_word' id='word_1_668' title='bbox 2085 1555 2171 1607; x_wconf 81' lang='grc' dir='ltr'>ἵνα</span> <span class='ocrx_word' id='word_1_669' title='bbox 2208 1557 2282 1628; x_wconf 85' lang='grc' dir='ltr'>μή</span> <span class='ocrx_word' id='word_1_670' title='bbox 2318 1574 2402 1620; x_wconf 88' lang='grc' dir='ltr'>τις</span> <span class='ocrx_word' id='word_1_671' title='bbox 2433 1556 2666 1627; x_wconf 85' lang='grc' dir='ltr'>νομίσῃ,</span> <span class='ocrx_word' id='word_1_672' title='bbox 2719 1554 2800 1607; x_wconf 83' lang='grc' dir='ltr'>ὅτι</span> <span class='ocrx_word' id='word_1_673' title='bbox 2853 1551 3004 1621; x_wconf 75' lang='grc' dir='ltr'>παρὰ</span> <span class='ocrx_word' id='word_1_674' title='bbox 3060 1550 3126 1602; x_wconf 76' lang='grc' dir='ltr'>τά</span> <span class='ocrx_word' id='word_1_675' title='bbox 3174 1547 3308 1601; x_wconf 82' lang='grc' dir='ltr'>ἄλλα</span> <span class='ocrx_word' id='word_1_676' title='bbox 3361 1545 3492 1610; x_wconf 89' lang='grc' dir='ltr'>ξύλα</span> 
     </span>
    </p>
   </div>
   <div class='ocr_carea' id='block_1_81' title="bbox 1906 1630 3494 1710">
    <p class='ocr_par' dir='ltr' id='par_1_81' title="bbox 1906 1630 3494 1710">
     <span class='ocr_line' id='line_1_82' title="bbox 1906 1630 3494 1710; baseline -0.005 -21"><span class='ocrx_word' id='word_1_677' title='bbox 1906 1639 2085 1691; x_wconf 76' lang='grc' dir='ltr'>έκεῖνο</span> <span class='ocrx_word' id='word_1_678' title='bbox 2113 1641 2275 1710; x_wconf 87' lang='grc' dir='ltr'>μόνον</span> <span class='ocrx_word' id='word_1_679' title='bbox 2305 1635 2373 1710; x_wconf 80' lang='grc' dir='ltr'>ἦν</span> <span class='ocrx_word' id='word_1_680' title='bbox 2401 1639 2672 1710; x_wconf 79' lang='grc' dir='ltr'>εὐπρεπὲς</span> <span class='ocrx_word' id='word_1_681' title='bbox 2695 1679 2709 1703; x_wconf 92' lang='grc'>,</span> <span class='ocrx_word' id='word_1_682' title='bbox 2740 1635 2948 1706; x_wconf 89' lang='grc' dir='ltr'>ταύτην</span> <span class='ocrx_word' id='word_1_683' title='bbox 2980 1635 3079 1702; x_wconf 82' lang='grc' dir='ltr'>τὴν</span> <span class='ocrx_word' id='word_1_684' title='bbox 3102 1630 3302 1704; x_wconf 76' lang='grc' dir='ltr'>ἀρετὴν</span> <span class='ocrx_word' id='word_1_685' title='bbox 3327 1631 3494 1699; x_wconf 72' lang='grc' dir='ltr'>ἔμαρ-</span> 
     </span>
    </p>
   </div>
   <div class='ocr_carea' id='block_1_82' title="bbox 1905 1711 3489 1793">
    <p class='ocr_par' dir='ltr' id='par_1_82' title="bbox 1905 1711 3489 1793">
     <span class='ocr_line' id='line_1_83' title="bbox 1905 1711 3489 1793; baseline 0 -23"><span class='ocrx_word' id='word_1_686' title='bbox 1905 1719 2109 1790; x_wconf 88' lang='grc' dir='ltr'>τύρησε</span> <span class='ocrx_word' id='word_1_687' title='bbox 2142 1723 2308 1775; x_wconf 82' lang='grc' dir='ltr'>πᾶσιν</span> <span class='ocrx_word' id='word_1_688' title='bbox 2329 1766 2340 1784; x_wconf 83' lang='grc'>,</span> <span class='ocrx_word' id='word_1_689' title='bbox 2374 1723 2455 1775; x_wconf 84' lang='grc' dir='ltr'>ὅτι</span> <span class='ocrx_word' id='word_1_690' title='bbox 2488 1721 2666 1793; x_wconf 83' lang='grc' dir='ltr'>ὡραία</span> <span class='ocrx_word' id='word_1_691' title='bbox 2696 1723 2762 1792; x_wconf 80' lang='grc' dir='ltr'>τῇ</span> <span class='ocrx_word' id='word_1_692' title='bbox 2805 1718 2926 1788; x_wconf 72' lang='grc' dir='ltr'>ὁψει</span> <span class='ocrx_word' id='word_1_693' title='bbox 2969 1718 3065 1770; x_wconf 77' lang='grc' dir='ltr'>καὶ</span> <span class='ocrx_word' id='word_1_694' title='bbox 3095 1713 3235 1783; x_wconf 79' lang='grc' dir='ltr'>καλὴ</span> <span class='ocrx_word' id='word_1_695' title='bbox 3263 1711 3489 1780; x_wconf 79' lang='grc' dir='ltr'>σφόδρα.</span> 
     </span>
    </p>
   </div>
   <div class='ocr_carea' id='block_1_83' title="bbox 1907 1795 3492 1876">
    <p class='ocr_par' dir='ltr' id='par_1_83' title="bbox 1907 1795 3492 1876">
     <span class='ocr_line' id='line_1_84' title="bbox 1907 1795 3492 1876; baseline -0.007 -20"><span class='ocrx_word' id='word_1_696' title='bbox 1907 1802 1994 1856; x_wconf 77' lang='grc' dir='ltr'>ἵνα</span> <span class='ocrx_word' id='word_1_697' title='bbox 2027 1804 2208 1876; x_wconf 82' lang='grc' dir='ltr'>μάθῃς</span> <span class='ocrx_word' id='word_1_698' title='bbox 2237 1807 2318 1860; x_wconf 80' lang='grc' dir='ltr'>ὅτι</span> <span class='ocrx_word' id='word_1_699' title='bbox 2348 1807 2407 1858; x_wconf 85' lang='grc' dir='ltr'>οὑ</span> <span class='ocrx_word' id='word_1_700' title='bbox 2441 1805 2508 1858; x_wconf 77' lang='grc' dir='ltr'>δι’</span> <span class='ocrx_word' id='word_1_701' title='bbox 2549 1804 2758 1858; x_wconf 75' lang='grc' dir='ltr'>ἔνδειαν</span> <span class='ocrx_word' id='word_1_702' title='bbox 2795 1801 3012 1875; x_wconf 84' lang='grc' dir='ltr'>παρέϐη</span> <span class='ocrx_word' id='word_1_703' title='bbox 3034 1843 3048 1864; x_wconf 91' lang='grc'>,</span> <span class='ocrx_word' id='word_1_704' title='bbox 3087 1798 3201 1852; x_wconf 82' lang='grc' dir='ltr'>ἀλλ’</span> <span class='ocrx_word' id='word_1_705' title='bbox 3226 1795 3492 1864; x_wconf 86' lang='grc' dir='ltr'>ἀφθονίαν</span> 
     </span>
    </p>
   </div>
   <div class='ocr_carea' id='block_1_84' title="bbox 1905 1876 3493 1959">
    <p class='ocr_par' dir='ltr' id='par_1_84' title="bbox 1905 1876 3493 1959">
     <span class='ocr_line' id='line_1_85' title="bbox 1905 1876 3493 1959; baseline 0.005 -23"><span class='ocrx_word' id='word_1_706' title='bbox 1905 1884 2044 1954; x_wconf 80' lang='grc' dir='ltr'>ἔχων</span> <span class='ocrx_word' id='word_1_707' title='bbox 2069 1887 2364 1959; x_wconf 77' lang='grc' dir='ltr'>ἐξετράπη.</span> <span class='ocrx_word' id='word_1_708' title='bbox 2404 1889 2509 1941; x_wconf 78' lang='grc' dir='ltr'>καί</span> <span class='ocrx_word' id='word_1_709' title='bbox 2548 1887 2615 1941; x_wconf 81' lang='grc' dir='ltr'>τὸ</span> <span class='ocrx_word' id='word_1_710' title='bbox 2659 1887 2851 1951; x_wconf 64' lang='grc' dir='ltr'>ξύλον</span> <span class='ocrx_word' id='word_1_711' title='bbox 2871 1925 2884 1946; x_wconf 89' lang='grc'>.</span> <span class='ocrx_word' id='word_1_712' title='bbox 2919 1884 3074 1954; x_wconf 71' lang='grc' dir='ltr'>φησὶ.</span> <span class='ocrx_word' id='word_1_713' title='bbox 3103 1880 3213 1948; x_wconf 75' lang='grc' dir='ltr'>τῆς</span> <span class='ocrx_word' id='word_1_714' title='bbox 3244 1876 3392 1945; x_wconf 71' lang='grc' dir='ltr'><em>ζωῆς</em></span> <span class='ocrx_word' id='word_1_715' title='bbox 3421 1876 3493 1929; x_wconf 74' lang='grc' dir='ltr'>έν</span> 
     </span>
    </p>
   </div>
   <div class='ocr_carea' id='block_1_85' title="bbox 1898 1959 3492 2039">
    <p class='ocr_par' dir='ltr' id='par_1_85' title="bbox 1898 1959 3492 2039">
     <span class='ocr_line' id='line_1_86' title="bbox 1898 1959 3492 2039; baseline -0.005 -18"><span class='ocrx_word' id='word_1_716' title='bbox 1898 1969 2068 2035; x_wconf 79' lang='grc' dir='ltr'>μέσῳ</span> <span class='ocrx_word' id='word_1_717' title='bbox 2101 1970 2210 2023; x_wconf 88' lang='grc' dir='ltr'>τοῦ</span> <span class='ocrx_word' id='word_1_718' title='bbox 2246 1971 2616 2039; x_wconf 72' lang='grc' dir='ltr'>παραδείσου</span> <span class='ocrx_word' id='word_1_719' title='bbox 2643 2012 2656 2032; x_wconf 95' lang='grc'>,</span> <span class='ocrx_word' id='word_1_720' title='bbox 2703 1970 2800 2023; x_wconf 82' lang='grc' dir='ltr'>καί</span> <span class='ocrx_word' id='word_1_721' title='bbox 2839 1968 2905 2022; x_wconf 86' lang='grc' dir='ltr'>τὸ</span> <span class='ocrx_word' id='word_1_722' title='bbox 2947 1967 3137 2032; x_wconf 75' lang='grc' dir='ltr'>ξύλον</span> <span class='ocrx_word' id='word_1_723' title='bbox 3179 1963 3288 2017; x_wconf 84' lang='grc' dir='ltr'>τοῦ</span> <span class='ocrx_word' id='word_1_724' title='bbox 3320 1959 3492 2031; x_wconf 70' lang='grc' dir='ltr'>γινώ-</span> 
     </span>
    </p>
   </div>
   <div class='ocr_carea' id='block_1_86' title="bbox 1904 2043 3453 2121">
    <p class='ocr_par' dir='ltr' id='par_1_86' title="bbox 1904 2043 3453 2121">
     <span class='ocr_line' id='line_1_87' title="bbox 1904 2043 3453 2121; baseline -0.005 -19"><span class='ocrx_word' id='word_1_725' title='bbox 1904 2067 2080 2104; x_wconf 78' lang='grc' dir='ltr'>σκειν</span> <span class='ocrx_word' id='word_1_726' title='bbox 2111 2053 2305 2107; x_wconf 71' lang='grc' dir='ltr'>καλὸν</span> <span class='ocrx_word' id='word_1_727' title='bbox 2333 2054 2430 2107; x_wconf 80' lang='grc' dir='ltr'>καὶ</span> <span class='ocrx_word' id='word_1_728' title='bbox 2475 2054 2765 2120; x_wconf 83' lang='grc' dir='ltr'>πονηρόν.</span> <span class='ocrx_word' id='word_1_729' title='bbox 2799 2052 2959 2121; x_wconf 87' lang='grc' dir='ltr'>Τρεῖς</span> <span class='ocrx_word' id='word_1_730' title='bbox 3000 2047 3250 2117; x_wconf 64' lang='grc' dir='ltr'>διαφοραὶ</span> <span class='ocrx_word' id='word_1_731' title='bbox 3283 2043 3453 2108; x_wconf 85' lang='grc' dir='ltr'>ξύλων</span> 
     </span>
    </p>
   </div>
   <div class='ocr_carea' id='block_1_87' title="bbox 1903 2125 3492 2208">
    <p class='ocr_par' dir='ltr' id='par_1_87' title="bbox 1903 2125 3492 2208">
     <span class='ocr_line' id='line_1_88' title="bbox 1903 2125 3492 2208; baseline -0.002 -24"><span class='ocrx_word' id='word_1_732' title='bbox 1903 2133 1973 2186; x_wconf 87' lang='grc' dir='ltr'>τά</span> <span class='ocrx_word' id='word_1_733' title='bbox 2003 2135 2100 2205; x_wconf 80' lang='grc' dir='ltr'>μὲν</span> <span class='ocrx_word' id='word_1_734' title='bbox 2134 2137 2289 2208; x_wconf 79' lang='grc' dir='ltr'>ἐδόθη</span> <span class='ocrx_word' id='word_1_735' title='bbox 2323 2137 2500 2206; x_wconf 79' lang='grc' dir='ltr'>αὑτῷ,</span> <span class='ocrx_word' id='word_1_736' title='bbox 2553 2137 2637 2189; x_wconf 82' lang='grc' dir='ltr'>ἵνα</span> <span class='ocrx_word' id='word_1_737' title='bbox 2689 2136 2753 2204; x_wconf 79' lang='grc' dir='ltr'>ζῇ</span> <span class='ocrx_word' id='word_1_738' title='bbox 2783 2152 2797 2166; x_wconf 83' lang='lat'><strong><em>°</em></strong></span> <span class='ocrx_word' id='word_1_739' title='bbox 2848 2135 2915 2186; x_wconf 80' lang='grc' dir='ltr'>τά</span> <span class='ocrx_word' id='word_1_740' title='bbox 2949 2131 3153 2208; x_wconf 28' lang='grc' dir='ltr'>δὲρῖνα</span> <span class='ocrx_word' id='word_1_741' title='bbox 3182 2125 3240 2181; x_wconf 87' lang='grc' dir='ltr'>εὑ</span> <span class='ocrx_word' id='word_1_742' title='bbox 3280 2127 3376 2196; x_wconf 78' lang='grc' dir='ltr'>ζῇ’</span> <span class='ocrx_word' id='word_1_743' title='bbox 3421 2125 3492 2177; x_wconf 78' lang='grc' dir='ltr'>τὰ</span> 
     </span>
    </p>
   </div>
   <div class='ocr_carea' id='block_1_88' title="bbox 1904 2207 3487 2290">
    <p class='ocr_par' dir='ltr' id='par_1_88' title="bbox 1904 2207 3487 2290">
     <span class='ocr_line' id='line_1_89' title="bbox 1904 2207 3487 2290; baseline -0.006 -22"><span class='ocrx_word' id='word_1_744' title='bbox 1904 2215 1982 2278; x_wconf 82' lang='grc' dir='ltr'>δὲ,</span> <span class='ocrx_word' id='word_1_745' title='bbox 2013 2217 2099 2271; x_wconf 81' lang='grc' dir='ltr'>ἵνα</span> <span class='ocrx_word' id='word_1_746' title='bbox 2133 2220 2218 2272; x_wconf 79' lang='grc' dir='ltr'>ἀεὶ</span> <span class='ocrx_word' id='word_1_747' title='bbox 2376 2216 2534 2289; x_wconf 78' lang='grc' dir='ltr'>Εἴχεν</span> <span class='ocrx_word' id='word_1_748' title='bbox 2571 2214 2664 2272; x_wconf 85' lang='grc' dir='ltr'>οὑν</span> <span class='ocrx_word' id='word_1_749' title='bbox 2690 2217 2751 2270; x_wconf 85' lang='grc' dir='ltr'>τὸ</span> <span class='ocrx_word' id='word_1_750' title='bbox 2779 2217 2897 2287; x_wconf 77' lang='grc' dir='ltr'>ζῇν,</span> <span class='ocrx_word' id='word_1_751' title='bbox 2935 2213 2994 2278; x_wconf 80' lang='grc' dir='ltr'>ἐξ</span> <span class='ocrx_word' id='word_1_752' title='bbox 3041 2207 3115 2266; x_wconf 77' lang='grc' dir='ltr'>ὧν</span> <span class='ocrx_word' id='word_1_753' title='bbox 3149 2209 3448 2279; x_wconf 71' lang='grc' dir='ltr'>ἐπέτρεψεν</span> <span class='ocrx_word' id='word_1_754' title='bbox 3472 2223 3487 2237; x_wconf 80' lang='grc' dir='ltr'><strong><em>ο</em></strong></span> 
     </span>
    </p>
   </div>
   <div class='ocr_carea' id='block_1_89' title="bbox 1905 2290 3488 2373">
    <p class='ocr_par' dir='ltr' id='par_1_89' title="bbox 1905 2290 3488 2373">
     <span class='ocr_line' id='line_1_90' title="bbox 1905 2290 3488 2373; baseline -0.001 -22"><span class='ocrx_word' id='word_1_755' title='bbox 1905 2296 2016 2370; x_wconf 76' lang='grc' dir='ltr'>εἶχε</span> <span class='ocrx_word' id='word_1_756' title='bbox 2044 2301 2104 2354; x_wconf 87' lang='grc' dir='ltr'>τὸ</span> <span class='ocrx_word' id='word_1_757' title='bbox 2133 2297 2190 2355; x_wconf 82' lang='grc' dir='ltr'>εὖ</span> <span class='ocrx_word' id='word_1_758' title='bbox 2236 2301 2356 2373; x_wconf 79' lang='grc' dir='ltr'>ζῇν,</span> <span class='ocrx_word' id='word_1_759' title='bbox 2388 2303 2446 2368; x_wconf 70' lang='grc' dir='ltr'>ἐξ</span> <span class='ocrx_word' id='word_1_760' title='bbox 2475 2295 2550 2354; x_wconf 81' lang='grc' dir='ltr'>ὧν</span> <span class='ocrx_word' id='word_1_761' title='bbox 2583 2298 2876 2353; x_wconf 77' lang='grc' dir='ltr'>ἐκώλυσεν.</span> <span class='ocrx_word' id='word_1_762' title='bbox 2909 2293 3019 2350; x_wconf 87' lang='grc' dir='ltr'>Ἦν</span> <span class='ocrx_word' id='word_1_763' title='bbox 3056 2295 3164 2365; x_wconf 84' lang='grc' dir='ltr'>γὰρ</span> <span class='ocrx_word' id='word_1_764' title='bbox 3207 2290 3264 2346; x_wconf 82' lang='grc' dir='ltr'>εὖ</span> <span class='ocrx_word' id='word_1_765' title='bbox 3304 2292 3488 2362; x_wconf 71' lang='grc' dir='ltr'>ζῆσαι.</span> 
     </span>
    </p>
   </div>
   <div class='ocr_carea' id='block_1_90' title="bbox 1905 2373 3491 2457">
    <p class='ocr_par' dir='ltr' id='par_1_90' title="bbox 1905 2373 3491 2457">
     <span class='ocr_line' id='line_1_91' title="bbox 1905 2373 3491 2457; baseline -0.007 -21"><span class='ocrx_word' id='word_1_766' title='bbox 1905 2384 2212 2455; x_wconf 79' lang='grc' dir='ltr'>ἁπτόμενον</span> <span class='ocrx_word' id='word_1_767' title='bbox 2249 2386 2348 2457; x_wconf 81' lang='grc' dir='ltr'>μὲν</span> <span class='ocrx_word' id='word_1_768' title='bbox 2399 2378 2474 2438; x_wconf 83' lang='grc' dir='ltr'>ὧν</span> <span class='ocrx_word' id='word_1_769' title='bbox 2521 2384 2620 2438; x_wconf 85' lang='grc' dir='ltr'>οὑκ</span> <span class='ocrx_word' id='word_1_770' title='bbox 2663 2381 2937 2444; x_wconf 78' lang='grc' dir='ltr'>ἐκώλυσε,</span> <span class='ocrx_word' id='word_1_771' title='bbox 2979 2378 3052 2450; x_wconf 82' lang='grc' dir='ltr'>μὴ</span> <span class='ocrx_word' id='word_1_772' title='bbox 3094 2377 3401 2448; x_wconf 83' lang='grc' dir='ltr'>ἁπτόμενον</span> <span class='ocrx_word' id='word_1_773' title='bbox 3433 2373 3491 2426; x_wconf 78' lang='grc' dir='ltr'>δὲ</span> 
     </span>
    </p>
   </div>
   <div class='ocr_carea' id='block_1_91' title="bbox 1904 2460 3487 2540">
    <p class='ocr_par' dir='ltr' id='par_1_91' title="bbox 1904 2460 3487 2540">
     <span class='ocr_line' id='line_1_92' title="bbox 1904 2460 3487 2540; baseline -0.006 -20"><span class='ocrx_word' id='word_1_774' title='bbox 1904 2461 1978 2520; x_wconf 83' lang='grc' dir='ltr'>ὧν</span> <span class='ocrx_word' id='word_1_775' title='bbox 2009 2467 2271 2524; x_wconf 80' lang='grc' dir='ltr'>ἐκώλυσε.</span> <span class='ocrx_word' id='word_1_776' title='bbox 2299 2469 2470 2522; x_wconf 90' lang='grc' dir='ltr'>Τοῦτο</span> <span class='ocrx_word' id='word_1_777' title='bbox 2489 2463 2557 2540; x_wconf 76' lang='grc' dir='ltr'>ἦν</span> <span class='ocrx_word' id='word_1_778' title='bbox 2592 2463 2651 2521; x_wconf 83' lang='grc' dir='ltr'>εὖ</span> <span class='ocrx_word' id='word_1_779' title='bbox 2689 2466 2872 2538; x_wconf 75' lang='grc' dir='ltr'>ζῆσαι.</span> <span class='ocrx_word' id='word_1_780' title='bbox 2914 2465 2994 2535; x_wconf 85' lang='grc' dir='ltr'>τῷ</span> <span class='ocrx_word' id='word_1_781' title='bbox 3026 2464 3147 2535; x_wconf 84' lang='grc' dir='ltr'>Θεῷ</span> <span class='ocrx_word' id='word_1_782' title='bbox 3177 2460 3487 2527; x_wconf 89' lang='grc' dir='ltr'>πεισθῆναι.</span> 
     </span>
    </p>
   </div>
   <div class='ocr_carea' id='block_1_92' title="bbox 1909 2541 3492 2621">
    <p class='ocr_par' dir='ltr' id='par_1_92' title="bbox 1909 2541 3492 2621">
     <span class='ocr_line' id='line_1_93' title="bbox 1909 2541 3492 2621; baseline -0.003 -19"><span class='ocrx_word' id='word_1_783' title='bbox 1909 2549 2127 2604; x_wconf 86' lang='grc' dir='ltr'>Ἔκειτο</span> <span class='ocrx_word' id='word_1_784' title='bbox 2182 2552 2244 2605; x_wconf 86' lang='grc' dir='ltr'>τὸ</span> <span class='ocrx_word' id='word_1_785' title='bbox 2290 2551 2447 2617; x_wconf 89' lang='grc' dir='ltr'>ξύλον</span> <span class='ocrx_word' id='word_1_786' title='bbox 2482 2551 2582 2621; x_wconf 86' lang='grc' dir='ltr'>τῆς</span> <span class='ocrx_word' id='word_1_787' title='bbox 2617 2549 2760 2619; x_wconf 80' lang='grc' dir='ltr'>ζωῆς</span> <span class='ocrx_word' id='word_1_788' title='bbox 2803 2551 2863 2601; x_wconf 84' lang='grc' dir='ltr'>ὲν</span> <span class='ocrx_word' id='word_1_789' title='bbox 2915 2548 3083 2619; x_wconf 87' lang='grc' dir='ltr'>μέσῳ,</span> <span class='ocrx_word' id='word_1_790' title='bbox 3134 2545 3322 2612; x_wconf 86' lang='grc' dir='ltr'>ὥσπερ</span> <span class='ocrx_word' id='word_1_791' title='bbox 3362 2541 3492 2612; x_wconf 85' lang='grc' dir='ltr'>βρα-</span> 
     </span>
    </p>
   </div>
   <div class='ocr_carea' id='block_1_93' title="bbox 1907 2624 3489 2704">
    <p class='ocr_par' dir='ltr' id='par_1_93' title="bbox 1907 2624 3489 2704">
     <span class='ocr_line' id='line_1_94' title="bbox 1907 2624 3489 2704; baseline -0.001 -18"><span class='ocrx_word' id='word_1_792' title='bbox 1907 2632 2087 2687; x_wconf 75' lang='grc' dir='ltr'>ϐεῖον·</span> <span class='ocrx_word' id='word_1_793' title='bbox 2139 2634 2201 2687; x_wconf 90' lang='lat'>16</span> <span class='ocrx_word' id='word_1_794' title='bbox 2259 2635 2413 2699; x_wconf 86' lang='grc' dir='ltr'>ξύλον</span> <span class='ocrx_word' id='word_1_795' title='bbox 2454 2637 2554 2704; x_wconf 80' lang='grc' dir='ltr'>τῆς</span> <span class='ocrx_word' id='word_1_796' title='bbox 2605 2632 2891 2701; x_wconf 88' lang='grc' dir='ltr'>γνώσεως,</span> <span class='ocrx_word' id='word_1_797' title='bbox 2927 2631 3002 2693; x_wconf 76' lang='grc' dir='ltr'>ὡς</span> <span class='ocrx_word' id='word_1_798' title='bbox 3054 2629 3367 2696; x_wconf 83' lang='grc' dir='ltr'>πάλαισμα,</span> <span class='ocrx_word' id='word_1_799' title='bbox 3412 2624 3489 2684; x_wconf 81' lang='grc' dir='ltr'>ὡς</span> 
     </span>
    </p>
   </div>
   <div class='ocr_carea' id='block_1_94' title="bbox 1904 2707 3487 2787">
    <p class='ocr_par' dir='ltr' id='par_1_94' title="bbox 1904 2707 3487 2787">
     <span class='ocr_line' id='line_1_95' title="bbox 1904 2707 3487 2787; baseline -0.002 -19"><span class='ocrx_word' id='word_1_800' title='bbox 1904 2717 2222 2786; x_wconf 86' lang='grc' dir='ltr'>γυμνάσιον.</span> <span class='ocrx_word' id='word_1_801' title='bbox 2255 2717 2500 2783; x_wconf 82' lang='grc' dir='ltr'>Φυλάξας</span> <span class='ocrx_word' id='word_1_802' title='bbox 2527 2716 2626 2787; x_wconf 79' lang='grc' dir='ltr'>τὴν</span> <span class='ocrx_word' id='word_1_803' title='bbox 2658 2715 2875 2785; x_wconf 74' lang='grc' dir='ltr'>ἐντολὴν</span> <span class='ocrx_word' id='word_1_804' title='bbox 2905 2715 2996 2766; x_wconf 74' lang='grc' dir='ltr'>ἐπὶ</span> <span class='ocrx_word' id='word_1_805' title='bbox 3018 2713 3192 2782; x_wconf 88' lang='grc' dir='ltr'>τούτῳ</span> <span class='ocrx_word' id='word_1_806' title='bbox 3221 2709 3299 2778; x_wconf 79' lang='grc' dir='ltr'>τῷ</span> <span class='ocrx_word' id='word_1_807' title='bbox 3324 2707 3487 2774; x_wconf 78' lang='grc' dir='ltr'>ξύλῳ.</span> 
     </span>
    </p>
   </div>
   <div class='ocr_carea' id='block_1_95' title="bbox 1905 2790 3490 2871">
    <p class='ocr_par' dir='ltr' id='par_1_95' title="bbox 1905 2790 3490 2871">
     <span class='ocr_line' id='line_1_96' title="bbox 1905 2790 3490 2871; baseline -0.006 -20"><span class='ocrx_word' id='word_1_808' title='bbox 1905 2799 2202 2870; x_wconf 85' lang='grc' dir='ltr'>λαμϐάνεις</span> <span class='ocrx_word' id='word_1_809' title='bbox 2230 2801 2292 2853; x_wconf 88' lang='grc' dir='ltr'>τὸ</span> <span class='ocrx_word' id='word_1_810' title='bbox 2319 2801 2590 2871; x_wconf 81' lang='grc' dir='ltr'>βραϐεῖον.</span> <span class='ocrx_word' id='word_1_811' title='bbox 2625 2800 2735 2854; x_wconf 73' lang='grc' dir='ltr'>Καὶ</span> <span class='ocrx_word' id='word_1_812' title='bbox 2761 2799 2860 2868; x_wconf 80' lang='grc' dir='ltr'>ὅρα</span> <span class='ocrx_word' id='word_1_813' title='bbox 2889 2797 2949 2850; x_wconf 87' lang='lat'>16</span> <span class='ocrx_word' id='word_1_814' title='bbox 2981 2795 3315 2866; x_wconf 79' lang='grc' dir='ltr'>θαυμαστόν.</span> <span class='ocrx_word' id='word_1_815' title='bbox 3351 2790 3490 2842; x_wconf 81' lang='grc' dir='ltr'>Ὅλα</span> 
     </span>
    </p>
   </div>
   <div class='ocr_carea' id='block_1_96' title="bbox 1904 2874 3490 2954">
    <p class='ocr_par' dir='ltr' id='par_1_96' title="bbox 1904 2874 3490 2954">
     <span class='ocr_line' id='line_1_97' title="bbox 1904 2874 3490 2954; baseline -0.009 -15"><span class='ocrx_word' id='word_1_816' title='bbox 1904 2882 1971 2934; x_wconf 69' lang='grc' dir='ltr'>τὰ</span> <span class='ocrx_word' id='word_1_817' title='bbox 2005 2883 2135 2946; x_wconf 81' lang='grc' dir='ltr'>ξύλα</span> <span class='ocrx_word' id='word_1_818' title='bbox 2175 2882 2270 2936; x_wconf 87' lang='grc' dir='ltr'>τοῦ</span> <span class='ocrx_word' id='word_1_819' title='bbox 2299 2882 2628 2954; x_wconf 87' lang='grc' dir='ltr'>παραδείσου</span> <span class='ocrx_word' id='word_1_820' title='bbox 2669 2881 2855 2951; x_wconf 87' lang='grc' dir='ltr'>κύκλῳ</span> <span class='ocrx_word' id='word_1_821' title='bbox 2894 2879 3171 2947; x_wconf 81' lang='grc' dir='ltr'>πανταχοῦ</span> <span class='ocrx_word' id='word_1_822' title='bbox 3208 2874 3490 2944; x_wconf 87' lang='grc' dir='ltr'>κομῶντα,</span> 
     </span>
    </p>
   </div>
   <div class='ocr_carea' id='block_1_97' title="bbox 1908 2959 3490 3036">
    <p class='ocr_par' dir='ltr' id='par_1_97' title="bbox 1908 2959 3490 3036">
     <span class='ocr_line' id='line_1_98' title="bbox 1908 2959 3490 3036; baseline -0.009 -15"><span class='ocrx_word' id='word_1_823' title='bbox 1908 2965 2059 3036; x_wconf 73' lang='grc'>[490]</span> <span class='ocrx_word' id='word_1_824' title='bbox 2095 2967 2373 3036; x_wconf 86' lang='grc' dir='ltr'>πανταχοῦ</span> <span class='ocrx_word' id='word_1_825' title='bbox 2409 2966 2641 3036; x_wconf 82' lang='grc' dir='ltr'>βρύοντα</span> <span class='ocrx_word' id='word_1_826' title='bbox 2661 2981 2672 2996; x_wconf 77' lang='grc' dir='ltr'><strong><em>ο</em></strong></span> <span class='ocrx_word' id='word_1_827' title='bbox 2702 2964 2770 3017; x_wconf 84' lang='grc' dir='ltr'>τὰ</span> <span class='ocrx_word' id='word_1_828' title='bbox 2813 2964 2907 3016; x_wconf 90' lang='grc' dir='ltr'>δύο</span> <span class='ocrx_word' id='word_1_829' title='bbox 2932 2963 3091 3032; x_wconf 88' lang='grc' dir='ltr'>μόνον</span> <span class='ocrx_word' id='word_1_830' title='bbox 3123 2963 3180 3012; x_wconf 83' lang='grc' dir='ltr'>ὲν</span> <span class='ocrx_word' id='word_1_831' title='bbox 3210 2959 3359 3029; x_wconf 84' lang='grc' dir='ltr'>μέσῳ</span> <span class='ocrx_word' id='word_1_832' title='bbox 3393 2974 3490 3024; x_wconf 68' lang='grc' dir='ltr'>γυα-</span> 
     </span>
    </p>
   </div>
   <div class='ocr_carea' id='block_1_98' title="bbox 1908 3037 3487 3120">
    <p class='ocr_par' dir='ltr' id='par_1_98' title="bbox 1908 3037 3487 3120">
     <span class='ocr_line' id='line_1_99' title="bbox 1908 3037 3487 3120; baseline -0.007 -21"><span class='ocrx_word' id='word_1_833' title='bbox 1908 3048 2134 3116; x_wconf 88' lang='grc' dir='ltr'>μνάσιον</span> <span class='ocrx_word' id='word_1_834' title='bbox 2169 3044 2234 3120; x_wconf 79' lang='grc' dir='ltr'>ἦν</span> <span class='ocrx_word' id='word_1_835' title='bbox 2267 3050 2361 3101; x_wconf 74' lang='grc' dir='ltr'>καὶ</span> <span class='ocrx_word' id='word_1_836' title='bbox 2403 3049 2636 3102; x_wconf 87' lang='grc' dir='ltr'>στάδιον.</span> <span class='ocrx_word' id='word_1_837' title='bbox 2678 3047 2760 3100; x_wconf 76' lang='lat' dir='ltr'><strong><em>Ta</em></strong></span> <span class='ocrx_word' id='word_1_838' title='bbox 2784 3045 2970 3116; x_wconf 83' lang='grc' dir='ltr'>κύκλῳ</span> <span class='ocrx_word' id='word_1_839' title='bbox 3009 3045 3184 3113; x_wconf 84' lang='grc' dir='ltr'>τροφὴ</span> <span class='ocrx_word' id='word_1_840' title='bbox 3212 3037 3301 3111; x_wconf 80' lang='grc' dir='ltr'>ἦν.</span> <span class='ocrx_word' id='word_1_841' title='bbox 3346 3039 3487 3091; x_wconf 80' lang='grc' dir='ltr'>’Λλλ’</span> 
     </span>
    </p>
   </div>
   <div class='ocr_carea' id='block_1_99' title="bbox 1904 3125 3488 3204">
    <p class='ocr_par' dir='ltr' id='par_1_99' title="bbox 1904 3125 3488 3204">
     <span class='ocr_line' id='line_1_100' title="bbox 1904 3125 3488 3204; baseline -0.006 -18"><span class='ocrx_word' id='word_1_842' title='bbox 1904 3135 1932 3186; x_wconf 94' lang='grc' dir='ltr'>ὁ</span> <span class='ocrx_word' id='word_1_843' title='bbox 1965 3134 2062 3203; x_wconf 84' lang='grc' dir='ltr'>τῆς</span> <span class='ocrx_word' id='word_1_844' title='bbox 2091 3135 2456 3204; x_wconf 85' lang='grc' dir='ltr'>παραϐάσεως</span> <span class='ocrx_word' id='word_1_845' title='bbox 2491 3135 2584 3188; x_wconf 72' lang='grc' dir='ltr'>καὶ</span> <span class='ocrx_word' id='word_1_846' title='bbox 2609 3132 2703 3186; x_wconf 86' lang='grc' dir='ltr'>τοῦ</span> <span class='ocrx_word' id='word_1_847' title='bbox 2758 3131 2976 3201; x_wconf 83' lang='grc' dir='ltr'>δένδρου</span> <span class='ocrx_word' id='word_1_848' title='bbox 3007 3128 3196 3200; x_wconf 89' lang='grc' dir='ltr'>καιρὸς</span> <span class='ocrx_word' id='word_1_849' title='bbox 3229 3126 3256 3166; x_wconf 80' lang='grc' dir='ltr'><strong>ἀ</strong></span> <span class='ocrx_word' id='word_1_850' title='bbox 3318 3125 3488 3193; x_wconf 79' lang='grc' dir='ltr'>ἑτέρῳ</span> 
     </span>
    </p>
   </div>
   <div class='ocr_carea' id='block_1_100' title="bbox 1904 3209 3489 3288">
    <p class='ocr_par' dir='ltr' id='par_1_100' title="bbox 1904 3209 3489 3288">
     <span class='ocr_line' id='line_1_101' title="bbox 1904 3209 3489 3288; baseline -0.006 -19"><span class='ocrx_word' id='word_1_851' title='bbox 1904 3218 2247 3287; x_wconf 87' lang='grc' dir='ltr'>ταμιευέσθω</span> <span class='ocrx_word' id='word_1_852' title='bbox 2274 3219 2451 3288; x_wconf 87' lang='grc' dir='ltr'>καιρῷ</span> <span class='ocrx_word' id='word_1_853' title='bbox 2475 3236 2489 3249; x_wconf 76' lang='grc' dir='ltr'><strong>ο</strong></span> <span class='ocrx_word' id='word_1_854' title='bbox 2524 3218 2588 3270; x_wconf 89' lang='grc' dir='ltr'>τὸ</span> <span class='ocrx_word' id='word_1_855' title='bbox 2621 3216 2677 3270; x_wconf 81' lang='grc' dir='ltr'>δὲ</span> <span class='ocrx_word' id='word_1_856' title='bbox 2720 3215 3110 3287; x_wconf 86' lang='grc' dir='ltr'>προκείμενον·</span> <span class='ocrx_word' id='word_1_857' title='bbox 3151 3212 3272 3278; x_wconf 83' lang='grc' dir='ltr'>ἄγει</span> <span class='ocrx_word' id='word_1_858' title='bbox 3305 3211 3332 3262; x_wconf 94' lang='grc' dir='ltr'>ὁ</span> <span class='ocrx_word' id='word_1_859' title='bbox 3357 3209 3489 3270; x_wconf 84' lang='grc' dir='ltr'>Θεὸς</span> 
     </span>
    </p>
   </div>
   <div class='ocr_carea' id='block_1_101' title="bbox 1903 3293 3488 3373">
    <p class='ocr_par' dir='ltr' id='par_1_101' title="bbox 1903 3293 3488 3373">
     <span class='ocr_line' id='line_1_102' title="bbox 1903 3293 3488 3373; baseline -0.006 -20"><span class='ocrx_word' id='word_1_860' title='bbox 1903 3300 1972 3353; x_wconf 78' lang='grc' dir='ltr'>τά</span> <span class='ocrx_word' id='word_1_861' title='bbox 2003 3301 2114 3365; x_wconf 82' lang='grc' dir='ltr'>ζῶα</span> <span class='ocrx_word' id='word_1_862' title='bbox 2142 3302 2237 3355; x_wconf 83' lang='grc' dir='ltr'>ὅλα</span> <span class='ocrx_word' id='word_1_863' title='bbox 2285 3302 2422 3373; x_wconf 89' lang='grc' dir='ltr'>πρὸς</span> <span class='ocrx_word' id='word_1_864' title='bbox 2459 3301 2550 3355; x_wconf 85' lang='grc' dir='ltr'>τὸν</span> <span class='ocrx_word' id='word_1_865' title='bbox 2593 3300 2786 3369; x_wconf 80' lang='grc' dir='ltr'>Ἀδάμ.</span> <span class='ocrx_word' id='word_1_866' title='bbox 2831 3297 3208 3351; x_wconf 79' lang='grc' dir='ltr'>Ἀκουέτωσαν</span> <span class='ocrx_word' id='word_1_867' title='bbox 3239 3296 3289 3346; x_wconf 86' lang='grc' dir='ltr'>οί</span> <span class='ocrx_word' id='word_1_868' title='bbox 3332 3293 3488 3362; x_wconf 81' lang='grc' dir='ltr'>αἱρε-</span> 
     </span>
    </p>
   </div>
   <div class='ocr_carea' id='block_1_102' title="bbox 1903 3373 3491 3454">
    <p class='ocr_par' dir='ltr' id='par_1_102' title="bbox 1903 3373 3491 3454">
     <span class='ocr_line' id='line_1_103' title="bbox 1903 3373 3491 3454; baseline -0.005 -20"><span class='ocrx_word' id='word_1_869' title='bbox 1903 3383 2074 3435; x_wconf 81' lang='grc' dir='ltr'>τικοί⁶</span> <span class='ocrx_word' id='word_1_870' title='bbox 2118 3384 2211 3436; x_wconf 78' lang='grc' dir='ltr'>καὶ</span> <span class='ocrx_word' id='word_1_871' title='bbox 2257 3385 2333 3454; x_wconf 82' lang='grc' dir='ltr'>μὴ</span> <span class='ocrx_word' id='word_1_872' title='bbox 2363 3383 2680 3454; x_wconf 81' lang='grc' dir='ltr'>θαυμάσῃς,</span> <span class='ocrx_word' id='word_1_873' title='bbox 2719 3384 2765 3435; x_wconf 89' lang='grc' dir='ltr'>εἰ</span> <span class='ocrx_word' id='word_1_874' title='bbox 2806 3382 2873 3435; x_wconf 81' lang='grc' dir='ltr'>δι’</span> <span class='ocrx_word' id='word_1_875' title='bbox 2900 3379 3137 3447; x_wconf 78' lang='grc' dir='ltr'>ἑκάστης</span> <span class='ocrx_word' id='word_1_876' title='bbox 3167 3377 3367 3441; x_wconf 87' lang='grc' dir='ltr'>λέξεως</span> <span class='ocrx_word' id='word_1_877' title='bbox 3395 3373 3491 3428; x_wconf 80' lang='grc' dir='ltr'>καὶ</span> 
     </span>
    </p>
   </div>
   <div class='ocr_carea' id='block_1_103' title="bbox 1902 3458 3492 3537">
    <p class='ocr_par' dir='ltr' id='par_1_103' title="bbox 1902 3458 3492 3537">
     <span class='ocr_line' id='line_1_104' title="bbox 1902 3458 3492 3537; baseline -0.005 -21"><span class='ocrx_word' id='word_1_878' title='bbox 1902 3463 1968 3516; x_wconf 84' lang='grc' dir='ltr'>δι’</span> <span class='ocrx_word' id='word_1_879' title='bbox 2001 3465 2239 3536; x_wconf 80' lang='grc' dir='ltr'>ἑκάστης</span> <span class='ocrx_word' id='word_1_880' title='bbox 2273 3468 2508 3535; x_wconf 81' lang='grc' dir='ltr'>φωνῆςὸ</span> <span class='ocrx_word' id='word_1_881' title='bbox 2547 3466 2684 3537; x_wconf 85' lang='grc' dir='ltr'>πρὸς</span> <span class='ocrx_word' id='word_1_882' title='bbox 2721 3467 2843 3528; x_wconf 75' lang='grc' dir='ltr'>τοὺς</span> <span class='ocrx_word' id='word_1_883' title='bbox 2871 3463 3178 3534; x_wconf 79' lang='grc' dir='ltr'>αἱρετικοῦς</span> <span class='ocrx_word' id='word_1_884' title='bbox 3216 3458 3492 3513; x_wconf 83' lang='grc' dir='ltr'>ἀποτείνε-</span> 
     </span>
    </p>
   </div>
   <div class='ocr_carea' id='block_1_104' title="bbox 1902 3539 3489 3618">
    <p class='ocr_par' dir='ltr' id='par_1_104' title="bbox 1902 3539 3489 3618">
     <span class='ocr_line' id='line_1_105' title="bbox 1902 3539 3489 3618; baseline -0.006 -18"><span class='ocrx_word' id='word_1_885' title='bbox 1902 3563 1991 3601; x_wconf 85' lang='grc' dir='ltr'>ται</span> <span class='ocrx_word' id='word_1_886' title='bbox 2033 3548 2220 3616; x_wconf 87' lang='grc' dir='ltr'>λόγος·</span> <span class='ocrx_word' id='word_1_887' title='bbox 2266 3549 2356 3600; x_wconf 85' lang='grc' dir='ltr'>διά</span> <span class='ocrx_word' id='word_1_888' title='bbox 2385 3548 2566 3618; x_wconf 89' lang='grc' dir='ltr'>πάσης</span> <span class='ocrx_word' id='word_1_889' title='bbox 2607 3547 2714 3617; x_wconf 84' lang='grc' dir='ltr'>γὰρ</span> <span class='ocrx_word' id='word_1_890' title='bbox 2755 3548 3079 3616; x_wconf 88' lang='grc' dir='ltr'>προφάσεως</span> <span class='ocrx_word' id='word_1_891' title='bbox 3115 3539 3489 3611; x_wconf 87' lang='grc' dir='ltr'>κατηγοροῦν-</span> 
     </span>
    </p>
   </div>
   <div class='ocr_carea' id='block_1_105' title="bbox 1908 3623 3491 3702">
    <p class='ocr_par' dir='ltr' id='par_1_105' title="bbox 1908 3623 3491 3702">
     <span class='ocr_line' id='line_1_106' title="bbox 1908 3623 3491 3702; baseline -0.004 -19"><span class='ocrx_word' id='word_1_892' title='bbox 1908 3648 1990 3683; x_wconf 77' lang='grc' dir='ltr'>*αι</span> <span class='ocrx_word' id='word_1_893' title='bbox 2025 3633 2075 3682; x_wconf 88' lang='grc' dir='ltr'>οἱ</span> <span class='ocrx_word' id='word_1_894' title='bbox 2105 3632 2244 3684; x_wconf 75' lang='grc' dir='ltr'>κατὰ</span> <span class='ocrx_word' id='word_1_895' title='bbox 2282 3635 2378 3702; x_wconf 81' lang='grc' dir='ltr'>τῆς</span> <span class='ocrx_word' id='word_1_896' title='bbox 2415 3631 2690 3700; x_wconf 78' lang='grc' dir='ltr'>βασιλείας</span> <span class='ocrx_word' id='word_1_897' title='bbox 2714 3630 2811 3700; x_wconf 88' lang='grc' dir='ltr'>τῆς</span> <span class='ocrx_word' id='word_1_898' title='bbox 2844 3629 3240 3696; x_wconf 82' lang='grc' dir='ltr'>δεδοξασμένης</span> <span class='ocrx_word' id='word_1_899' title='bbox 3270 3623 3491 3696; x_wconf 75' lang='grc' dir='ltr'>ἐπαιρό-</span> 
     </span>
    </p>
   </div>
   <div class='ocr_carea' id='block_1_106' title="bbox 1907 3706 3493 3783">
    <p class='ocr_par' dir='ltr' id='par_1_106' title="bbox 1907 3706 3493 3783">
     <span class='ocr_line' id='line_1_107' title="bbox 1907 3706 3493 3783; baseline -0.004 -17"><span class='ocrx_word' id='word_1_900' title='bbox 1907 3731 2076 3783; x_wconf 87' lang='grc' dir='ltr'>μενοι.</span> <span class='ocrx_word' id='word_1_901' title='bbox 2112 3715 2290 3780; x_wconf 83' lang='grc' dir='ltr'>Λίθος</span> <span class='ocrx_word' id='word_1_902' title='bbox 2327 3715 2393 3768; x_wconf 78' lang='grc' dir='ltr'>ἐκ</span> <span class='ocrx_word' id='word_1_903' title='bbox 2423 3713 2629 3783; x_wconf 84' lang='grc' dir='ltr'>τοίχου</span> <span class='ocrx_word' id='word_1_904' title='bbox 2668 3712 2822 3780; x_wconf 75' lang='grc' dir='ltr'>βοᾷο</span> <span class='ocrx_word' id='word_1_905' title='bbox 2856 3712 2916 3765; x_wconf 89' lang='grc' dir='ltr'>οὑ</span> <span class='ocrx_word' id='word_1_906' title='bbox 2965 3712 3138 3779; x_wconf 88' lang='grc' dir='ltr'>λέγω,</span> <span class='ocrx_word' id='word_1_907' title='bbox 3179 3708 3338 3777; x_wconf 88' lang='grc' dir='ltr'>λόγος</span> <span class='ocrx_word' id='word_1_908' title='bbox 3382 3706 3493 3760; x_wconf 88' lang='grc' dir='ltr'>ἀπὸ</span> 
     </span>
    </p>
   </div>
   <div class='ocr_carea' id='block_1_107' title="bbox 1905 3805 3490 3880">
    <p class='ocr_par' dir='ltr' id='par_1_107' title="bbox 1905 3805 3490 3880">
     <span class='ocr_line' id='line_1_108' title="bbox 1905 3805 3490 3880; baseline -0.003 -19"><span class='ocrx_word' id='word_1_909' title='bbox 1905 3811 2126 3880; x_wconf 88' lang='grc' dir='ltr'>Γραφῆς</span> <span class='ocrx_word' id='word_1_910' title='bbox 2147 3853 2163 3876; x_wconf 89' lang='grc'>,</span> <span class='ocrx_word' id='word_1_911' title='bbox 2210 3810 2365 3864; x_wconf 84' lang='grc' dir='ltr'>Ὶῶτα</span> <span class='ocrx_word' id='word_1_912' title='bbox 2391 3810 2480 3874; x_wconf 74' lang='grc' dir='ltr'>ἓν,</span> <span class='ocrx_word' id='word_1_913' title='bbox 2514 3811 2552 3877; x_wconf 82' lang='grc' dir='ltr'><strong>ἢ</strong></span> <span class='ocrx_word' id='word_1_914' title='bbox 2577 3809 2686 3878; x_wconf 81' lang='grc' dir='ltr'>μία</span> <span class='ocrx_word' id='word_1_915' title='bbox 2726 3808 2932 3876; x_wconf 81' lang='grc' dir='ltr'>κεραία</span> <span class='ocrx_word' id='word_1_916' title='bbox 2976 3809 3037 3861; x_wconf 90' lang='grc' dir='ltr'>οὑ</span> <span class='ocrx_word' id='word_1_917' title='bbox 3075 3805 3490 3876; x_wconf 88' lang='grc' dir='ltr'>παραλιμπάνει</span> 
     </span>
    </p>
   </div>
   <div class='ocr_carea' id='block_1_108' title="bbox 1902 3887 3491 3964">
    <p class='ocr_par' dir='ltr' id='par_1_108' title="bbox 1902 3887 3491 3964">
     <span class='ocr_line' id='line_1_109' title="bbox 1902 3887 3491 3964; baseline -0.004 -18"><span class='ocrx_word' id='word_1_918' title='bbox 1902 3896 2026 3956; x_wconf 84' lang='grc' dir='ltr'>τοὺς</span> <span class='ocrx_word' id='word_1_919' title='bbox 2055 3896 2362 3964; x_wconf 71' lang='grc' dir='ltr'>αίρετικοῦς</span> <span class='ocrx_word' id='word_1_920' title='bbox 2386 3893 2737 3964; x_wconf 86' lang='grc' dir='ltr'>ἀμέμπτους·</span> <span class='ocrx_word' id='word_1_921' title='bbox 2765 3891 2853 3945; x_wconf 81' lang='grc' dir='ltr'>διά</span> <span class='ocrx_word' id='word_1_922' title='bbox 2883 3893 3098 3945; x_wconf 90' lang='grc' dir='ltr'>πάντων</span> <span class='ocrx_word' id='word_1_923' title='bbox 3121 3887 3491 3961; x_wconf 86' lang='grc' dir='ltr'>κατηγοροῦν-</span> 
     </span>
    </p>
   </div>
   <div class='ocr_carea' id='block_1_109' title="bbox 1904 3975 3489 4048">
    <p class='ocr_par' dir='ltr' id='par_1_109' title="bbox 1904 3975 3489 4048">
     <span class='ocr_line' id='line_1_110' title="bbox 1904 3975 3489 4048; baseline -0.003 -18"><span class='ocrx_word' id='word_1_924' title='bbox 1904 3995 1992 4030; x_wconf 89' lang='grc' dir='ltr'>ται</span> <span class='ocrx_word' id='word_1_925' title='bbox 2053 3980 2100 4030; x_wconf 76' lang='grc' dir='ltr'>οἱ</span> <span class='ocrx_word' id='word_1_926' title='bbox 2130 3978 2221 4030; x_wconf 92' lang='grc' dir='ltr'>τὸν</span> <span class='ocrx_word' id='word_1_927' title='bbox 2279 3979 2496 4031; x_wconf 89' lang='grc' dir='ltr'>πάντων</span> <span class='ocrx_word' id='word_1_928' title='bbox 2526 3978 2803 4048; x_wconf 88' lang='grc' dir='ltr'>Δεσπότην</span> <span class='ocrx_word' id='word_1_929' title='bbox 2860 3976 3201 4048; x_wconf 79' lang='grc' dir='ltr'>ἀρνούμενοι.</span> <span class='ocrx_word' id='word_1_930' title='bbox 3249 3975 3489 4046; x_wconf 79' lang='grc' dir='ltr'>Πρόσεχε</span> 
     </span>
    </p>
   </div>
   <div class='ocr_carea' id='block_1_110' title="bbox 1903 4057 3490 4130">
    <p class='ocr_par' dir='ltr' id='par_1_110' title="bbox 1903 4057 3490 4130">
     <span class='ocr_line' id='line_1_111' title="bbox 1903 4057 3490 4130; baseline -0.003 -17"><span class='ocrx_word' id='word_1_931' title='bbox 1903 4061 2104 4114; x_wconf 86' lang='grc' dir='ltr'>τοίνυν.</span> <span class='ocrx_word' id='word_1_932' title='bbox 2131 4057 2238 4114; x_wconf 88' lang='grc' dir='ltr'>Ἧν</span> <span class='ocrx_word' id='word_1_933' title='bbox 2271 4062 2398 4114; x_wconf 83' lang='grc' dir='ltr'>ἰδεῖν</span> <span class='ocrx_word' id='word_1_934' title='bbox 2429 4060 2577 4126; x_wconf 80' lang='grc' dir='ltr'>ξένον</span> <span class='ocrx_word' id='word_1_935' title='bbox 2598 4103 2612 4126; x_wconf 89' lang='grc'>,</span> <span class='ocrx_word' id='word_1_936' title='bbox 2645 4060 2735 4114; x_wconf 85' lang='grc' dir='ltr'>τὸν</span> <span class='ocrx_word' id='word_1_937' title='bbox 2773 4059 2944 4130; x_wconf 81' lang='grc' dir='ltr'>Ἀδάμ</span> <span class='ocrx_word' id='word_1_938' title='bbox 2975 4059 3184 4112; x_wconf 78' lang='grc' dir='ltr'>ἑστῶτα</span> <span class='ocrx_word' id='word_1_939' title='bbox 3210 4099 3225 4123; x_wconf 92' lang='grc'>,</span> <span class='ocrx_word' id='word_1_940' title='bbox 3275 4060 3368 4110; x_wconf 72' lang='grc' dir='ltr'>καὶ</span> <span class='ocrx_word' id='word_1_941' title='bbox 3400 4059 3490 4109; x_wconf 79' lang='lat' dir='ltr'><em>16v</em></span> 
     </span>
    </p>
   </div>
   <div class='ocr_carea' id='block_1_111' title="bbox 1903 4143 3492 4217">
    <p class='ocr_par' dir='ltr' id='par_1_111' title="bbox 1903 4143 3492 4217">
     <span class='ocr_line' id='line_1_112' title="bbox 1903 4143 3492 4217; baseline -0.003 -20"><span class='ocrx_word' id='word_1_942' title='bbox 1903 4145 2035 4198; x_wconf 90' lang='grc' dir='ltr'>Θεὸν</span> <span class='ocrx_word' id='word_1_943' title='bbox 2089 4146 2164 4208; x_wconf 85' lang='grc' dir='ltr'>ὡς</span> <span class='ocrx_word' id='word_1_944' title='bbox 2210 4146 2490 4217; x_wconf 83' lang='grc' dir='ltr'>ὑπηρέτην</span> <span class='ocrx_word' id='word_1_945' title='bbox 2542 4145 2884 4216; x_wconf 86' lang='grc' dir='ltr'>προσάγοντα</span> <span class='ocrx_word' id='word_1_946' title='bbox 2931 4143 3009 4212; x_wconf 81' lang='grc' dir='ltr'>τῷ</span> <span class='ocrx_word' id='word_1_947' title='bbox 3049 4143 3239 4212; x_wconf 69' lang='grc' dir='ltr'>Ἀδάμ.</span> <span class='ocrx_word' id='word_1_948' title='bbox 3278 4143 3492 4210; x_wconf 76' lang='grc' dir='ltr'>Ἦγαγε</span> 
     </span>
    </p>
   </div>
   <div class='ocr_carea' id='block_1_112' title="bbox 1904 4223 3484 4298">
    <p class='ocr_par' dir='ltr' id='par_1_112' title="bbox 1904 4223 3484 4298">
     <span class='ocr_line' id='line_1_113' title="bbox 1904 4223 3484 4298; baseline -0.004 -18"><span class='ocrx_word' id='word_1_949' title='bbox 1904 4228 2012 4298; x_wconf 77' lang='grc' dir='ltr'>γὰρ</span> <span class='ocrx_word' id='word_1_950' title='bbox 2043 4231 2074 4280; x_wconf 87' lang='grc' dir='ltr'>ό</span> <span class='ocrx_word' id='word_1_951' title='bbox 2117 4227 2261 4293; x_wconf 85' lang='grc' dir='ltr'>Θεὸς</span> <span class='ocrx_word' id='word_1_952' title='bbox 2312 4228 2384 4282; x_wconf 83' lang='grc' dir='ltr'>τὰ</span> <span class='ocrx_word' id='word_1_953' title='bbox 2425 4227 2555 4288; x_wconf 80' lang='grc' dir='ltr'>ζῶα.</span> <span class='ocrx_word' id='word_1_954' title='bbox 2591 4223 2716 4281; x_wconf 83' lang='grc' dir='ltr'>Ὧδε</span> <span class='ocrx_word' id='word_1_955' title='bbox 2780 4227 3012 4298; x_wconf 85' lang='grc' dir='ltr'>πρόσεχε</span> <span class='ocrx_word' id='word_1_956' title='bbox 3038 4266 3053 4290; x_wconf 92' lang='grc'>,</span> <span class='ocrx_word' id='word_1_957' title='bbox 3107 4227 3181 4297; x_wconf 80' lang='grc' dir='ltr'>μὴ</span> <span class='ocrx_word' id='word_1_958' title='bbox 3219 4227 3285 4295; x_wconf 81' lang='grc' dir='ltr'>τῇ</span> <span class='ocrx_word' id='word_1_959' title='bbox 3321 4224 3484 4289; x_wconf 86' lang='grc' dir='ltr'>λέξει,</span> 
     </span>
    </p>
   </div>
   <div class='ocr_carea' id='block_1_113' title="bbox 1903 4308 3491 4381">
    <p class='ocr_par' dir='ltr' id='par_1_113' title="bbox 1903 4308 3491 4381">
     <span class='ocr_line' id='line_1_114' title="bbox 1903 4308 3491 4381; baseline -0.003 -19"><span class='ocrx_word' id='word_1_960' title='bbox 1903 4310 2041 4363; x_wconf 84' lang='grc' dir='ltr'>άλλά</span> <span class='ocrx_word' id='word_1_961' title='bbox 2069 4312 2135 4381; x_wconf 78' lang='grc' dir='ltr'>τῇ</span> <span class='ocrx_word' id='word_1_962' title='bbox 2161 4311 2360 4378; x_wconf 66' lang='grc' dir='ltr'>ὲννοία.</span> <span class='ocrx_word' id='word_1_963' title='bbox 2405 4312 2685 4381; x_wconf 82' lang='grc' dir='ltr'>Ἐννόησον</span> <span class='ocrx_word' id='word_1_964' title='bbox 2713 4311 2803 4364; x_wconf 84' lang='grc' dir='ltr'>τὸν</span> <span class='ocrx_word' id='word_1_965' title='bbox 2834 4309 3042 4363; x_wconf 78' lang='grc' dir='ltr'>ἑστῶτα</span> <span class='ocrx_word' id='word_1_966' title='bbox 3072 4309 3204 4361; x_wconf 83' lang='grc' dir='ltr'>Θεὸν</span> <span class='ocrx_word' id='word_1_967' title='bbox 3226 4348 3239 4369; x_wconf 89' lang='grc'>,</span> <span class='ocrx_word' id='word_1_968' title='bbox 3272 4308 3366 4360; x_wconf 76' lang='grc' dir='ltr'>καὶ</span> <span class='ocrx_word' id='word_1_969' title='bbox 3398 4309 3491 4358; x_wconf 82' lang='lat' dir='ltr'><em>16v</em></span> 
     </span>
    </p>
   </div>
   <div class='ocr_carea' id='block_1_114' title="bbox 1917 4392 3491 4465">
    <p class='ocr_par' dir='ltr' id='par_1_114' title="bbox 1917 4392 3491 4465">
     <span class='ocr_line' id='line_1_115' title="bbox 1917 4392 3491 4465; baseline -0.003 -19"><span class='ocrx_word' id='word_1_970' title='bbox 1917 4393 2086 4463; x_wconf 83' lang='grc' dir='ltr'>Ἀδὰμ</span> <span class='ocrx_word' id='word_1_971' title='bbox 2108 4394 2489 4464; x_wconf 76' lang='grc' dir='ltr'>δοκιμάζοντα.</span> <span class='ocrx_word' id='word_1_972' title='bbox 2530 4397 2857 4465; x_wconf 81' lang='grc' dir='ltr'>Παρήγαγεν</span> <span class='ocrx_word' id='word_1_973' title='bbox 2884 4395 2911 4445; x_wconf 89' lang='lat'>6</span> <span class='ocrx_word' id='word_1_974' title='bbox 2933 4395 3063 4456; x_wconf 59' lang='grc' dir='ltr'>θεὸς</span> <span class='ocrx_word' id='word_1_975' title='bbox 3089 4392 3205 4457; x_wconf 86' lang='grc' dir='ltr'>ὃλα,</span> <span class='ocrx_word' id='word_1_976' title='bbox 3235 4392 3385 4459; x_wconf 90' lang='grc' dir='ltr'>λέγει</span> <span class='ocrx_word' id='word_1_977' title='bbox 3412 4392 3491 4462; x_wconf 83' lang='grc' dir='ltr'>τῷ</span> 
     </span>
    </p>
   </div>
   <div class='ocr_carea' id='block_1_115' title="bbox 1917 4475 3486 4548">
    <p class='ocr_par' dir='ltr' id='par_1_115' title="bbox 1917 4475 3486 4548">
     <span class='ocr_line' id='line_1_116' title="bbox 1917 4475 3486 4548; baseline -0.003 -18"><span class='ocrx_word' id='word_1_978' title='bbox 1917 4479 2087 4547; x_wconf 81' lang='grc' dir='ltr'>Ἀδάμ</span> <span class='ocrx_word' id='word_1_979' title='bbox 2113 4491 2125 4505; x_wconf 90' lang='grc'><strong>·</strong></span> <span class='ocrx_word' id='word_1_980' title='bbox 2166 4479 2301 4548; x_wconf 87' lang='grc' dir='ltr'>φέρε</span> <span class='ocrx_word' id='word_1_981' title='bbox 2336 4481 2509 4531; x_wconf 83' lang='grc' dir='ltr'>εἰπεῖν</span> <span class='ocrx_word' id='word_1_982' title='bbox 2531 4494 2545 4510; x_wconf 77' lang='grc' dir='ltr'><strong><em>ο</em></strong></span> <span class='ocrx_word' id='word_1_983' title='bbox 2581 4479 2645 4530; x_wconf 87' lang='grc' dir='ltr'>Τί</span> <span class='ocrx_word' id='word_1_984' title='bbox 2681 4495 2762 4530; x_wconf 83' lang='grc' dir='ltr'>σοι</span> <span class='ocrx_word' id='word_1_985' title='bbox 2793 4478 2940 4530; x_wconf 86' lang='grc' dir='ltr'>δοκεῖ</span> <span class='ocrx_word' id='word_1_986' title='bbox 2976 4475 3239 4548; x_wconf 88' lang='grc' dir='ltr'>κληθῆναι</span> <span class='ocrx_word' id='word_1_987' title='bbox 3270 4475 3486 4540; x_wconf 87' lang='grc' dir='ltr'>τοῦτον;</span> 
     </span>
    </p>
   </div>
   <div class='ocr_carea' id='block_1_116' title="bbox 1905 4555 3487 4630">
    <p class='ocr_par' dir='ltr' id='par_1_116' title="bbox 1905 4555 3487 4630">
     <span class='ocr_line' id='line_1_117' title="bbox 1905 4555 3487 4630; baseline -0.001 -16"><span class='ocrx_word' id='word_1_988' title='bbox 1905 4561 2191 4614; x_wconf 88' lang='grc' dir='ltr'>Καλείσθω</span> <span class='ocrx_word' id='word_1_989' title='bbox 2234 4563 2391 4615; x_wconf 83' lang='grc' dir='ltr'>λέων.</span> <span class='ocrx_word' id='word_1_990' title='bbox 2433 4563 2492 4614; x_wconf 88' lang='lat'>&#39;0</span> <span class='ocrx_word' id='word_1_991' title='bbox 2526 4561 2690 4628; x_wconf 83' lang='grc' dir='ltr'>Θεὸς,</span> <span class='ocrx_word' id='word_1_992' title='bbox 2729 4562 2931 4630; x_wconf 75' lang='grc' dir='ltr'>φησὶν,</span> <span class='ocrx_word' id='word_1_993' title='bbox 2986 4561 3283 4612; x_wconf 86' lang='grc' dir='ltr'>ὲτύπωσεν.</span> <span class='ocrx_word' id='word_1_994' title='bbox 3332 4555 3487 4621; x_wconf 78' lang='grc' dir='ltr'>Εἶτα,</span> 
     </span>
    </p>
   </div>
   <div class='ocr_carea' id='block_1_117' title="bbox 1903 4638 3488 4714">
    <p class='ocr_par' dir='ltr' id='par_1_117' title="bbox 1903 4638 3488 4714">
     <span class='ocr_line' id='line_1_118' title="bbox 1903 4638 3488 4714; baseline -0.001 -18"><span class='ocrx_word' id='word_1_995' title='bbox 1903 4638 2056 4704; x_wconf 74' lang='grc' dir='ltr'>οὗτος</span> <span class='ocrx_word' id='word_1_996' title='bbox 2083 4645 2168 4709; x_wconf 77' lang='grc' dir='ltr'>τίς</span> <span class='ocrx_word' id='word_1_997' title='bbox 2201 4645 2413 4714; x_wconf 85' lang='grc' dir='ltr'>Ταῦρος</span> <span class='ocrx_word' id='word_1_998' title='bbox 2440 4644 2731 4697; x_wconf 80' lang='grc' dir='ltr'>καλείσθω.</span> <span class='ocrx_word' id='word_1_999' title='bbox 2762 4644 2956 4705; x_wconf 85' lang='grc' dir='ltr'>Καλῶς</span> <span class='ocrx_word' id='word_1_1000' title='bbox 2997 4642 3211 4705; x_wconf 80' lang='grc' dir='ltr'>ἔταξας.</span> <span class='ocrx_word' id='word_1_1001' title='bbox 3256 4641 3488 4712; x_wconf 88' lang='grc' dir='ltr'>Ὀμοίως</span> 
     </span>
    </p>
   </div>
   <div class='ocr_carea' id='block_1_118' title="bbox 1903 4725 3488 4795">
    <p class='ocr_par' dir='ltr' id='par_1_118' title="bbox 1903 4725 3488 4795">
     <span class='ocr_line' id='line_1_119' title="bbox 1903 4725 3488 4795; baseline -0.001 -18"><span class='ocrx_word' id='word_1_1002' title='bbox 1903 4727 2010 4777; x_wconf 90' lang='grc' dir='ltr'>τῶν</span> <span class='ocrx_word' id='word_1_1003' title='bbox 2045 4726 2394 4795; x_wconf 84' lang='grc' dir='ltr'>καλουμένων</span> <span class='ocrx_word' id='word_1_1004' title='bbox 2449 4726 2676 4778; x_wconf 75' lang='grc' dir='ltr'>ἕκαστον</span> <span class='ocrx_word' id='word_1_1005' title='bbox 2708 4726 2736 4777; x_wconf 91' lang='lat'>6</span> <span class='ocrx_word' id='word_1_1006' title='bbox 2782 4725 2913 4787; x_wconf 83' lang='grc' dir='ltr'>Θεὸς</span> <span class='ocrx_word' id='word_1_1007' title='bbox 2946 4725 3298 4795; x_wconf 75' lang='grc' dir='ltr'>ἐσφράγισεν.</span> <span class='ocrx_word' id='word_1_1008' title='bbox 3329 4725 3488 4792; x_wconf 88' lang='grc' dir='ltr'>Λέγει</span> 
     </span>
    </p>
   </div>
   <div class='ocr_carea' id='block_1_119' title="bbox 1903 4807 3482 4878">
    <p class='ocr_par' dir='ltr' id='par_1_119' title="bbox 1903 4807 3482 4878">
     <span class='ocr_line' id='line_1_120' title="bbox 1903 4807 3482 4878; baseline -0.002 -17"><span class='ocrx_word' id='word_1_1009' title='bbox 1903 4810 2010 4876; x_wconf 83' lang='grc' dir='ltr'>γὰρ</span> <span class='ocrx_word' id='word_1_1010' title='bbox 2063 4809 2096 4878; x_wconf 77' lang='grc' dir='ltr'>ἡ</span> <span class='ocrx_word' id='word_1_1011' title='bbox 2148 4808 2338 4877; x_wconf 86' lang='grc' dir='ltr'>Γραφή</span> <span class='ocrx_word' id='word_1_1012' title='bbox 2370 4823 2382 4835; x_wconf 81' lang='grc'><strong><em>⁸</em></strong></span> <span class='ocrx_word' id='word_1_1013' title='bbox 2435 4809 2688 4875; x_wconf 63' lang='grc' dir='ltr'>Ἦγαγεν</span> <span class='ocrx_word' id='word_1_1014' title='bbox 2725 4808 2880 4860; x_wconf 83' lang='grc' dir='ltr'>αὐτὰ</span> <span class='ocrx_word' id='word_1_1015' title='bbox 2941 4807 3090 4874; x_wconf 82' lang='grc' dir='ltr'>πρὸς</span> <span class='ocrx_word' id='word_1_1016' title='bbox 3145 4807 3251 4859; x_wconf 73' lang='grc' dir='ltr'>τὸν</span> <span class='ocrx_word' id='word_1_1017' title='bbox 3293 4807 3482 4874; x_wconf 79' lang='grc' dir='ltr'>Ἀδὰμ,</span> 
     </span>
    </p>
   </div>
   <div class='ocr_carea' id='block_1_120' title="bbox 1905 4887 3484 4955">
    <p class='ocr_par' dir='ltr' id='par_1_120' title="bbox 1905 4887 3484 4955">
     <span class='ocr_line' id='line_1_121' title="bbox 1905 4887 3484 4955; baseline -0.003 -11"><span class='ocrx_word' id='word_1_1018' title='bbox 1905 4891 2052 4944; x_wconf 83' lang='grc' dir='ltr'>ἰδεῖν</span> <span class='ocrx_word' id='word_1_1019' title='bbox 2079 4891 2134 4944; x_wconf 86' lang='grc' dir='ltr'>τί</span> <span class='ocrx_word' id='word_1_1020' title='bbox 2159 4889 2402 4944; x_wconf 76' lang='grc' dir='ltr'>καλέσει</span> <span class='ocrx_word' id='word_1_1021' title='bbox 2425 4891 2597 4945; x_wconf 73' lang='grc' dir='ltr'>αὐτὰ.</span> <span class='ocrx_word' id='word_1_1022' title='bbox 2620 4891 2726 4943; x_wconf 83' lang='grc' dir='ltr'>1ίαί</span> <span class='ocrx_word' id='word_1_1023' title='bbox 2755 4888 2878 4944; x_wconf 83' lang='grc' dir='ltr'>πᾶν</span> <span class='ocrx_word' id='word_1_1024' title='bbox 2904 4887 2934 4942; x_wconf 79' lang='grc' dir='ltr'>ὃ</span> <span class='ocrx_word' id='word_1_1025' title='bbox 2961 4890 3255 4942; x_wconf 74' lang='grc' dir='ltr'>ἐκάλεσεν</span> <span class='ocrx_word' id='word_1_1026' title='bbox 3289 4887 3484 4955; x_wconf 78' lang='grc' dir='ltr'>Ἀδάμ,</span> 
     </span>
    </p>
   </div>
   <div class='ocr_carea' id='block_1_121' title="bbox 1904 4971 3484 5043">
    <p class='ocr_par' dir='ltr' id='par_1_121' title="bbox 1904 4971 3484 5043">
     <span class='ocr_line' id='line_1_122' title="bbox 1904 4971 3484 5043; baseline -0.004 -14"><span class='ocrx_word' id='word_1_1027' title='bbox 1904 4974 2078 5029; x_wconf 82' lang='grc' dir='ltr'>τοῦτο</span> <span class='ocrx_word' id='word_1_1028' title='bbox 2156 4975 2340 5043; x_wconf 70' lang='grc' dir='ltr'>ὄνομα</span> <span class='ocrx_word' id='word_1_1029' title='bbox 2417 4971 2596 5038; x_wconf 80' lang='grc' dir='ltr'>αὐτῷ.</span> <span class='ocrx_word' id='word_1_1030' title='bbox 2678 4972 2870 5026; x_wconf 82' lang='grc' dir='ltr'>Βλέπε.</span> <span class='ocrx_word' id='word_1_1031' title='bbox 2937 4971 3156 5042; x_wconf 73' lang='grc' dir='ltr'>Ἐπειδὴ</span> <span class='ocrx_word' id='word_1_1032' title='bbox 3231 4972 3484 5041; x_wconf 74' lang='grc' dir='ltr'>ἐποίησεν</span> 
     </span>
    </p>
   </div>
   <div class='ocr_carea' id='block_1_122' title="bbox 1902 5054 3484 5126">
    <p class='ocr_par' dir='ltr' id='par_1_122' title="bbox 1902 5054 3484 5126">
     <span class='ocr_line' id='line_1_123' title="bbox 1902 5054 3484 5126; baseline -0.003 -16"><span class='ocrx_word' id='word_1_1033' title='bbox 1902 5058 2062 5110; x_wconf 79' lang='grc' dir='ltr'>αὑτὸν</span> <span class='ocrx_word' id='word_1_1034' title='bbox 2103 5058 2220 5109; x_wconf 82' lang='grc' dir='ltr'>κατ’</span> <span class='ocrx_word' id='word_1_1035' title='bbox 2255 5056 2438 5109; x_wconf 78' lang='grc' dir='ltr'>εἰκόνα</span> <span class='ocrx_word' id='word_1_1036' title='bbox 2464 5099 2477 5118; x_wconf 88' lang='grc'>,</span> <span class='ocrx_word' id='word_1_1037' title='bbox 2526 5055 2786 5126; x_wconf 68' lang='grc' dir='ltr'>ἠθέλησεν</span> <span class='ocrx_word' id='word_1_1038' title='bbox 2842 5057 2922 5117; x_wconf 85' lang='grc' dir='ltr'>είς</span> <span class='ocrx_word' id='word_1_1039' title='bbox 2961 5055 3083 5124; x_wconf 68' lang='grc' dir='ltr'>ὁψιν</span> <span class='ocrx_word' id='word_1_1040' title='bbox 3121 5054 3484 5124; x_wconf 85' lang='grc' dir='ltr'>προσενέγκαι</span> 
     </span>
    </p>
   </div>
   <div class='ocr_carea' id='block_1_123' title="bbox 1905 5137 3483 5210">
    <p class='ocr_par' dir='ltr' id='par_1_123' title="bbox 1905 5137 3483 5210">
     <span class='ocr_line' id='line_1_124' title="bbox 1905 5137 3483 5210; baseline -0.003 -17"><span class='ocrx_word' id='word_1_1041' title='bbox 1905 5141 1996 5194; x_wconf 75' lang='grc' dir='ltr'>καὶ</span> <span class='ocrx_word' id='word_1_1042' title='bbox 2016 5142 2110 5210; x_wconf 77' lang='grc' dir='ltr'>τὴν</span> <span class='ocrx_word' id='word_1_1043' title='bbox 2132 5140 2315 5210; x_wconf 84' lang='grc' dir='ltr'>τιμὴν,</span> <span class='ocrx_word' id='word_1_1044' title='bbox 2345 5141 2438 5192; x_wconf 67' lang='grc' dir='ltr'>καὶ</span> <span class='ocrx_word' id='word_1_1045' title='bbox 2465 5139 2629 5203; x_wconf 82' lang='grc' dir='ltr'>δεῖξαι</span> <span class='ocrx_word' id='word_1_1046' title='bbox 2651 5138 2865 5206; x_wconf 86' lang='grc' dir='ltr'>άληθῶς</span> <span class='ocrx_word' id='word_1_1047' title='bbox 2896 5139 2979 5190; x_wconf 80' lang='grc' dir='ltr'>ὅτι</span> <span class='ocrx_word' id='word_1_1048' title='bbox 3004 5139 3157 5209; x_wconf 89' lang='grc' dir='ltr'>φέρει</span> <span class='ocrx_word' id='word_1_1049' title='bbox 3180 5139 3277 5206; x_wconf 81' lang='grc' dir='ltr'>τὴν</span> <span class='ocrx_word' id='word_1_1050' title='bbox 3301 5137 3483 5189; x_wconf 83' lang='grc' dir='ltr'>εἰκόνα</span> 
     </span>
    </p>
   </div>
   <div class='ocr_carea' id='block_1_124' title="bbox 1902 5221 3480 5294">
    <p class='ocr_par' dir='ltr' id='par_1_124' title="bbox 1902 5221 3480 5294">
     <span class='ocr_line' id='line_1_125' title="bbox 1902 5221 3480 5294; baseline -0.004 -16"><span class='ocrx_word' id='word_1_1051' title='bbox 1902 5227 2001 5294; x_wconf 84' lang='grc' dir='ltr'>τῆς</span> <span class='ocrx_word' id='word_1_1052' title='bbox 2035 5223 2244 5291; x_wconf 87' lang='grc' dir='ltr'>σοφίας.</span> <span class='ocrx_word' id='word_1_1053' title='bbox 2278 5225 2387 5276; x_wconf 75' lang='grc' dir='ltr'>Καὶ</span> <span class='ocrx_word' id='word_1_1054' title='bbox 2421 5223 2584 5293; x_wconf 87' lang='grc' dir='ltr'>βλέπε</span> <span class='ocrx_word' id='word_1_1055' title='bbox 2618 5221 2678 5274; x_wconf 88' lang='grc' dir='ltr'>τὸ</span> <span class='ocrx_word' id='word_1_1056' title='bbox 2708 5223 3038 5292; x_wconf 89' lang='grc' dir='ltr'>θαυμαστόν.</span> <span class='ocrx_word' id='word_1_1057' title='bbox 3087 5223 3144 5275; x_wconf 87' lang='lat'>&#39;0</span> <span class='ocrx_word' id='word_1_1058' title='bbox 3179 5222 3308 5283; x_wconf 82' lang='grc' dir='ltr'>Θεὸς</span> <span class='ocrx_word' id='word_1_1059' title='bbox 3345 5237 3480 5290; x_wconf 90' lang='grc' dir='ltr'>προ-</span> 
     </span>
    </p>
   </div>
   <div class='ocr_carea' id='block_1_125' title="bbox 1904 5304 3479 5376">
    <p class='ocr_par' dir='ltr' id='par_1_125' title="bbox 1904 5304 3479 5376">
     <span class='ocr_line' id='line_1_126' title="bbox 1904 5304 3479 5376; baseline -0.003 -17"><span class='ocrx_word' id='word_1_1060' title='bbox 1904 5309 2182 5360; x_wconf 90' lang='grc' dir='ltr'>ετύπωσεν</span> <span class='ocrx_word' id='word_1_1061' title='bbox 2212 5307 2390 5376; x_wconf 79' lang='grc' dir='ltr'>ἑαυτῷ</span> <span class='ocrx_word' id='word_1_1062' title='bbox 2420 5306 2486 5359; x_wconf 83' lang='grc' dir='ltr'>τά</span> <span class='ocrx_word' id='word_1_1063' title='bbox 2527 5305 2795 5375; x_wconf 85' lang='grc' dir='ltr'>ὀνόματα·</span> <span class='ocrx_word' id='word_1_1064' title='bbox 2842 5306 3093 5358; x_wconf 75' lang='grc' dir='ltr'>ἐϐούλετο</span> <span class='ocrx_word' id='word_1_1065' title='bbox 3125 5306 3180 5358; x_wconf 84' lang='grc' dir='ltr'>δὲ</span> <span class='ocrx_word' id='word_1_1066' title='bbox 3205 5304 3479 5374; x_wconf 85' lang='grc' dir='ltr'>δειχθῆναι</span> 
     </span>
    </p>
   </div>
   <div class='ocr_carea' id='block_1_126' title="bbox 1900 5387 3484 5460">
    <p class='ocr_par' dir='ltr' id='par_1_126' title="bbox 1900 5387 3484 5460">
     <span class='ocr_line' id='line_1_127' title="bbox 1900 5387 3484 5460; baseline -0.003 -18"><span class='ocrx_word' id='word_1_1067' title='bbox 1900 5390 1987 5442; x_wconf 75' lang='grc' dir='ltr'>διὰ</span> <span class='ocrx_word' id='word_1_1068' title='bbox 2015 5393 2114 5460; x_wconf 85' lang='grc' dir='ltr'>τῆς</span> <span class='ocrx_word' id='word_1_1069' title='bbox 2142 5391 2379 5454; x_wconf 75' lang='grc' dir='ltr'>εἰκόνος,</span> <span class='ocrx_word' id='word_1_1070' title='bbox 2404 5390 2483 5442; x_wconf 81' lang='grc' dir='ltr'>ὅτι</span> <span class='ocrx_word' id='word_1_1071' title='bbox 2516 5392 2794 5458; x_wconf 81' lang='grc' dir='ltr'>συμφωνεί</span> <span class='ocrx_word' id='word_1_1072' title='bbox 2816 5389 2910 5442; x_wconf 89' lang='grc' dir='ltr'>τοῦ</span> <span class='ocrx_word' id='word_1_1073' title='bbox 2943 5388 3114 5458; x_wconf 82' lang='grc' dir='ltr'>Ἀδὰμ</span> <span class='ocrx_word' id='word_1_1074' title='bbox 3140 5387 3210 5441; x_wconf 85' lang='grc' dir='ltr'>τά</span> <span class='ocrx_word' id='word_1_1075' title='bbox 3237 5388 3484 5455; x_wconf 83' lang='grc' dir='ltr'>δόγματα</span> 
     </span>
    </p>
   </div>
   <div class='ocr_carea' id='block_1_127' title="bbox 1899 5468 3476 5541">
    <p class='ocr_par' dir='ltr' id='par_1_127' title="bbox 1899 5468 3476 5541">
     <span class='ocr_line' id='line_1_128' title="bbox 1899 5468 3476 5541; baseline -0.004 -16"><span class='ocrx_word' id='word_1_1076' title='bbox 1899 5475 2012 5534; x_wconf 81' lang='grc' dir='ltr'>τοῖς</span> <span class='ocrx_word' id='word_1_1077' title='bbox 2059 5471 2153 5524; x_wconf 91' lang='grc' dir='ltr'>τοῦ</span> <span class='ocrx_word' id='word_1_1078' title='bbox 2205 5468 2341 5524; x_wconf 87' lang='grc' dir='ltr'>Θεοῦ</span> <span class='ocrx_word' id='word_1_1079' title='bbox 2406 5471 2761 5541; x_wconf 86' lang='grc' dir='ltr'>βουλήμασιν.</span> <span class='ocrx_word' id='word_1_1080' title='bbox 2821 5471 3038 5541; x_wconf 81' lang='grc' dir='ltr'>Ἀμέλει</span> <span class='ocrx_word' id='word_1_1081' title='bbox 3092 5469 3384 5540; x_wconf 88' lang='grc' dir='ltr'>βουλομένη</span> <span class='ocrx_word' id='word_1_1082' title='bbox 3443 5470 3476 5538; x_wconf 84' lang='grc' dir='ltr'>ὴ</span> 
     </span>
    </p>
   </div>
   <div class='ocr_carea' id='block_1_128' title="bbox 1902 5550 3477 5625">
    <p class='ocr_par' dir='ltr' id='par_1_128' title="bbox 1902 5550 3477 5625">
     <span class='ocr_line' id='line_1_129' title="bbox 1902 5550 3477 5625; baseline -0.003 -19"><span class='ocrx_word' id='word_1_1083' title='bbox 1902 5555 2091 5625; x_wconf 85' lang='grc' dir='ltr'>Γραφὴ</span> <span class='ocrx_word' id='word_1_1084' title='bbox 2127 5555 2315 5621; x_wconf 87' lang='grc' dir='ltr'>δεῖξαι,</span> <span class='ocrx_word' id='word_1_1085' title='bbox 2350 5555 2429 5607; x_wconf 81' lang='grc' dir='ltr'>ὅτι</span> <span class='ocrx_word' id='word_1_1086' title='bbox 2461 5553 2653 5617; x_wconf 84' lang='grc' dir='ltr'>ταῦτα,</span> <span class='ocrx_word' id='word_1_1087' title='bbox 2684 5553 2720 5606; x_wconf 77' lang='grc' dir='ltr'>ὃ.</span> <span class='ocrx_word' id='word_1_1088' title='bbox 2747 5553 2928 5624; x_wconf 79' lang='grc' dir='ltr'>ἔθηκε,</span> <span class='ocrx_word' id='word_1_1089' title='bbox 2961 5555 2990 5606; x_wconf 91' lang='grc' dir='ltr'>ὁ</span> <span class='ocrx_word' id='word_1_1090' title='bbox 3030 5553 3157 5615; x_wconf 88' lang='grc' dir='ltr'>Θεὸς</span> <span class='ocrx_word' id='word_1_1091' title='bbox 3182 5550 3477 5622; x_wconf 80' lang='grc' dir='ltr'>προώρισε,</span> 
     </span>
    </p>
   </div>
   <div class='ocr_carea' id='block_1_129' title="bbox 1961 5748 3480 5811">
    <p class='ocr_par' dir='ltr' id='par_1_129' title="bbox 1961 5748 3480 5811">
     <span class='ocr_line' id='line_1_130' title="bbox 1961 5748 3480 5811; baseline -0.002 -10"><span class='ocrx_word' id='word_1_1092' title='bbox 1961 5753 1990 5792; x_wconf 81' lang='lat' dir='ltr'><strong>d</strong></span> <span class='ocrx_word' id='word_1_1093' title='bbox 2015 5753 2161 5801; x_wconf 82' lang='lat' dir='ltr'>Pulal</span> <span class='ocrx_word' id='word_1_1094' title='bbox 2185 5751 2442 5802; x_wconf 79' lang='lat' dir='ltr'>Combeﬁs.</span> <span class='ocrx_word' id='word_1_1095' title='bbox 2479 5749 2746 5811; x_wconf 82' lang='lat' dir='ltr'>legendum</span> <span class='ocrx_word' id='word_1_1096' title='bbox 2781 5749 2933 5809; x_wconf 83' lang='grc' dir='ltr'>λόγος,</span> <span class='ocrx_word' id='word_1_1097' title='bbox 2967 5755 3105 5798; x_wconf 83' lang='lat' dir='ltr'>recle</span> <span class='ocrx_word' id='word_1_1098' title='bbox 3125 5748 3323 5810; x_wconf 68' lang='lat' dir='ltr'>quidem</span> <span class='ocrx_word' id='word_1_1099' title='bbox 3351 5748 3480 5798; x_wconf 69' lang='grc' dir='ltr'>ιερὰ</span> 
     </span>
    </p>
   </div>
   <div class='ocr_carea' id='block_1_130' title="bbox 1902 5813 3311 5875">
    <p class='ocr_par' dir='ltr' id='par_1_130' title="bbox 1902 5813 3311 5875">
     <span class='ocr_line' id='line_1_131' title="bbox 1902 5813 3311 5875; baseline -0.005 -10"><span class='ocrx_word' id='word_1_1100' title='bbox 1902 5815 2064 5869; x_wconf 75' lang='grc' dir='ltr'>καιοός</span> <span class='ocrx_word' id='word_1_1101' title='bbox 2081 5814 2206 5863; x_wconf 77' lang='lat' dir='ltr'><strong>forte</strong></span> <span class='ocrx_word' id='word_1_1102' title='bbox 2237 5813 2352 5863; x_wconf 77' lang='lat' dir='ltr'>ferri</span> <span class='ocrx_word' id='word_1_1103' title='bbox 2377 5819 2539 5875; x_wconf 77' lang='lat' dir='ltr'>potest</span> <span class='ocrx_word' id='word_1_1104' title='bbox 2564 5814 2614 5861; x_wconf 86' lang='lat' dir='ltr'><strong>in</strong></span> <span class='ocrx_word' id='word_1_1105' title='bbox 2639 5819 2732 5862; x_wconf 77' lang='lat' dir='ltr'>tam</span> <span class='ocrx_word' id='word_1_1106' title='bbox 2756 5813 3031 5860; x_wconf 76' lang='lat' dir='ltr'>inaccuralo</span> <span class='ocrx_word' id='word_1_1107' title='bbox 3053 5813 3311 5874; x_wconf 83' lang='lat' dir='ltr'>scriplore.</span> 
     </span>
    </p>
   </div>
  </div>
