3984 6486
441 573 581 647 φησί
603 591 615 603 ε
652 572 760 627 Καὶ
791 571 914 625 πᾶν
940 569 970 623 ὂ
999 567 1296 622 ἐκάλεσεν
1335 565 1488 620 αὐτὰ
1521 568 1553 618 ό
1604 565 1778 635 Ἀδὰμ
1808 606 1825 632 ,
1855 567 2034 620 τοῦτο

443 659 631 726 ὄνομα
677 655 868 719 αὐτῷ’
909 654 1028 706 ἀντὶ
1081 652 1209 718 τοῦ,
1261 649 1574 721 Προώριστο
1616 650 1807 713 τοῦτο,
1845 652 1874 704 6
1904 650 2036 713 Θεὸς

440 738 714 804 ἐδόξασεν.

524 821 663 873 Ἀλλ’
697 823 777 883 εἰς
804 818 864 874 τὸ
883 819 1243 890 προκείμενον
1274 815 1680 886 ἐπανέλθωμεν.
1717 816 1913 887 Στήκει
1946 827 1971 854 ει
2005 815 2034 867 6

451 903 645 972 Ἀδάμ,
679 905 772 957 καὶ
794 905 821 955 6
853 903 984 965 Θεὸς
1017 904 1333 972 προήγαγεν
1368 900 1516 969 αὑτῴ
1549 901 1618 952 τά
1649 900 1786 963 ζῶα,
1813 900 1907 952 καὶ
1935 899 2033 968 οὐχ

439 986 718 1059 ὑϐρίζεται
750 985 1044 1056 προσάγων
1079 985 1157 1054 τῷ
1203 985 1375 1053 δούλῳ
1407 984 1436 1034 6
1469 983 1765 1051 Δεσπότης.
1796 981 1906 1034 Καὶ
1935 980 2031 1034 ἐὰν

437 1070 746 1122 ἀκούσωσιν
777 1069 1065 1138 αἱρετικοὶ,
1093 1069 1172 1121 ὅτι
1207 1066 1442 1140 Χριστὸς
1473 1067 1621 1136 ἡμᾶς
1655 1065 1925 1136 προσάγει
1952 1064 2031 1134 τῷ

436 1153 614 1224 Πατρὶ
641 1194 656 1219 ,
692 1153 892 1216 εὑθέως
949 1151 1196 1220 λέγουσιν
1222 1169 1235 1183 ο
1276 1152 1442 1221 Ὁρᾷς
1493 1151 1577 1202 ὃτι
1605 1148 1790 1211 δοῦλός
1839 1151 2026 1212 ὲστιν;

441 1238 692 1306 Ἥγαγεν
733 1238 887 1291 αὐτὰ
932 1236 1081 1304 πρὸς
1123 1236 1232 1288 τὸν
1276 1234 1467 1303 Ἀδάμ.
1502 1235 1758 1304 Εἱστήκει
1786 1234 1815 1284 6
1843 1233 2027 1296 δοῦλος

437 1320 661 1389 κρίνων,
695 1320 788 1372 καὶ
833 1322 861 1372 ὁ
893 1321 1169 1387 Δεσπότης
1201 1318 1512 1388 προσάγων.
1546 1318 1654 1369 Καὶ
1691 1317 1720 1368 6
1751 1315 1884 1378 Θεὸς
1929 1315 2026 1385 μὲν

434 1400 513 1470 τῷ
561 1401 732 1472 Ἀδάμ
766 1402 1057 1473 προσάγων
1093 1403 1189 1470 οὑχ
1224 1400 1477 1469 ὑϐρίζετο
1503 1416 1516 1429 ⁸
1567 1399 1801 1471 Χριστὸν
1830 1400 1886 1452 δὲ
1931 1398 2026 1451 ἐὰν

433 1485 708 1540 ἀκούσωσι
739 1487 1086 1556 προσάγοντα
1115 1473 1192 1556 τῷ
1225 1487 1421 1558 Πατρὶ,
1454 1490 1534 1547 εἰς
1569 1484 1841 1556 ὑπηρέτου
1872 1482 2026 1549 τάξιν

433 1570 700 1625 ἕλκουσιν.
747 1570 871 1621 Ἐάν
896 1569 1024 1640 εἴπῃ
1055 1571 1083 1621 6
1118 1571 1308 1641 Σωτήρ
1334 1589 1346 1602 ·
1384 1569 1592 1634 Οὐδεὶς
1617 1571 1850 1636 ἔρχεται
1875 1567 2025 1634 πρὸς

430 1656 538 1706 τὸν
564 1651 796 1718 Πατέρα
824 1693 838 1715 ,
872 1655 923 1706 εί
979 1653 1060 1722 μὴ
1095 1652 1170 1704 δι’
1202 1653 1348 1721 ἐμοῦ
1375 1670 1389 1684 ·
1424 1651 1624 1714 εὐθέως
1667 1653 1715 1704 οἱ
1757 1651 2024 1720 αἱρετικοὶ

428 1738 565 1807 ὀρθά
595 1736 661 1789 τά
689 1731 802 1790 ὦτα
841 1736 892 1800 ι’,
929 1737 1129 1806 μᾶλλον
1166 1738 1222 1790 δὲ
1251 1736 1600 1808 στρεϐλά.Τῴ
1642 1735 1815 1802 ’Λδαμ
1851 1752 2022 1806 προσ-

429 1823 580 1890 άγων
609 1823 639 1874 6
663 1821 793 1884 Θεὸς
824 1821 890 1873 τά
913 1820 1048 1884 ζῶα,
1075 1821 1174 1874 οὑκ
1205 1822 1351 1874 ἔστιν
1383 1819 1546 1872 αὑτοῦ
1579 1819 1861 1890 ὑπηρέτης
1884 1835 1896 1848 ·
1930 1819 2024 1872 ἄν·

428 1905 647 1975 θρωπον
679 1905 810 1967 Θεὸς
840 1904 960 1974 Θεῷ
999 1905 1095 1957 ἐὰν
1147 1905 1473 1975 προσαγάγῃ
1495 1944 1509 1966 ,
1546 1904 1821 1974 ὑπηρέτου
1869 1902 2022 1966 τάξιν

427 1990 537 2059 ἔχει
563 2008 576 2053 ;
612 1990 729 2041 Ἴνα
770 1987 826 2040 δὲ
856 1988 929 2057 μὴ
960 1987 1134 2060 θρέψῃ
1179 2005 1273 2040 σου
1304 1989 1402 2059 τὴν
1433 1988 1588 2040 νόσον
1620 1989 1654 2058 ή
1687 1989 1878 2056 ἄγνοια
1914 1987 2021 2040 τῶν

425 2071 630 2139 λόγων·
692 2070 802 2138 ἐγὼ
851 2067 969 2123 οἶδα
1013 2073 1109 2123 καὶ¹
1152 2071 1276 2122 Υἱὸν
1314 2071 1662 2140 προσάγοντα
1695 2070 1770 2139 τῷ
1820 2070 2017 2142 Πατρὶ,

424 2155 521 2207 καὶ
546 2155 635 2206 τὸν
659 2154 878 2223 Πατέρα
905 2154 982 2223 τῷ
1015 2153 1148 2222 mp.
1182 2153 1284 2206 Καὶ
1308 2154 1416 2222 γὰρ
1437 2153 1608 2206 εἰπών
1627 2171 1639 2182 ·
1686 2152 1897 2217 Οὐδείς
1927 2152 2020 2218 ἕρ-

423 2255 592 2306 χεται
626 2239 779 2305 πρὸς
805 2238 913 2290 τὸν
944 2237 1177 2305 Πατέρα
1198 2277 1211 2299 ,
1245 2240 1296 2290 εὶ
1318 2238 1403 2306 μὴ
1439 2237 1510 2289 δι’
1547 2239 1693 2307 ἐμοῦ
1726 2254 1740 2268 ·
1785 2241 1813 2290 6
1854 2237 2018 2300 αὑτὸς

423 2323 616 2376 πάλιν·
653 2322 862 2387 οὐδεὶς
917 2323 1151 2390 ἔρχεται
1186 2323 1338 2388 πρός
1363 2338 1473 2390 με,
1514 2325 1567 2374 εὶ
1613 2321 1701 2390 μὴ
1736 2325 1768 2375 ὁ
1815 2321 2017 2388 Πατήρ

415 2425 536 2476 μου
571 2409 605 2460 ὀ
644 2404 924 2472 οὐράνιος
953 2405 1187 2471 ἐλκύσῃ
1222 2405 1430 2458 αὐτόν.
1477 2404 1636 2468 Ἀλλ’,
1675 2407 1812 2474 ὅπερ
1847 2405 2018 2474 ἔφθην

421 2489 612 2553 εἰπὼν,
643 2485 759 2542 οἶδα
786 2487 1134 2559 προειρηκὼς
1154 2529 1168 2552 ,
1202 2488 1335 2541 ἁλλά
1378 2489 1636 2556 συγγενὲς
1664 2492 1728 2560 τῇ
1761 2490 2016 2542 ὑποθέσει

419 2575 480 2626 τὸ
520 2573 709 2643 ῥῆμα·
745 2571 1032 2642 συμϐαίνει
1065 2572 1121 2624 δὲ
1151 2572 1270 2624 τότε
1310 2572 1384 2642 μὴ
1429 2573 1758 2643 ἀκηκοέναι·
1799 2574 1892 2625 καὶ
1920 2573 2015 2627 νῦν

418 2658 579 2725 λέγω.
627 2655 909 2725 Ἐννόησον
955 2654 1095 2706 πόσα
1143 2655 1260 2706 ἐστὶ
1310 2655 1377 2707 τά
1434 2653 1587 2726 [491]
1656 2657 1965 2727 τετράποδα
1996 2673 2011 2688 ⁶

416 2742 531 2794 ἀλλ’
556 2741 807 2810 ἐννόησον
845 2737 914 2791 τά
941 2739 1124 2807 ἥμερα
1147 2778 1160 2800 ,
1196 2737 1264 2790 τά
1305 2739 1472 2808 ἄγρια
1499 2779 1510 2801 ,
1544 2739 1612 2790 τά
1640 2741 1696 2792 ἐν
1724 2740 1874 2810 ὄρεσι
1898 2781 1910 2803 ,
1945 2739 2013 2792 τά

416 2828 475 2878 ἐν
505 2825 708 2886 πεδίοις
732 2865 744 2883 ,
766 2823 834 2875 τά
861 2823 918 2873 ὲν
952 2820 1205 2884 Γαλλίαις
1232 2862 1245 2886 ,
1277 2821 1345 2874 τὰ
1380 2824 1436 2875 ὲν
1471 2823 1629 2893 Ἰνδίᾳ
1650 2862 1664 2883 ,
1689 2824 1757 2877 τὰ
1784 2827 1840 2876 ὲν
1871 2825 2012 2888 ὅλοις

413 2911 526 2971 τοῖς
553 2909 778 2978 κλίμασι
805 2907 903 2976 τῆς
927 2906 1250 2973 οἰκουμένης
1272 2920 1284 2932 ·
1317 2905 1477 2957 πάλιν
1500 2907 1728 2974 ἑρπετά,
1759 2908 1824 2958 τὰ
1853 2909 2006 2977 γένη,

412 2991 483 3042 τὰ
513 2989 626 3060 είδη
654 3030 668 3051 ,
702 2990 768 3041 τὰ
809 2988 1030 3040 πετεινά
1067 2987 1163 3040 ὅλα
1190 3029 1204 3051 ,
1240 2988 1309 3040 τὰ
1340 2988 1515 3057 νηκτά
1540 3005 1553 3018 ο
1588 2988 1683 3041 ὅλα
1720 2989 1788 3040 τά
1820 2991 1877 3040 ἐν
1918 2991 2012 3043 θα⁶

413 3074 619 3143 λάσση,
673 3072 742 3125 τα
795 3073 852 3126 ὲν
895 3071 1114 3139 λίμναις
1137 3112 1150 3134 ,
1184 3070 1250 3122 τά
1285 3072 1341 3123 ὲν
1374 3073 1638 3140 ποταμοῖς
1659 3086 1672 3099 ·
1706 3072 1804 3124 ὅλα
1836 3074 2009 3126 ταῦτα

415 3155 789 3224 παρηγάγετο,
827 3154 922 3206 καὶ
953 3153 1168 3222 ἑκάστῳ
1202 3152 1372 3222 ὄνομα
1403 3153 1570 3205 ἐτίθει
1603 3155 1631 3205 6
1674 3154 1846 3223 Ἀδάμ
1867 3171 1880 3185 ο
1914 3157 2009 3208 καὶ¹

415 3241 444 3290 6
483 3239 614 3301 Θεὸς
643 3241 742 3290 οὑκ
781 3239 1030 3291 ἀντεῖπεν
1057 3277 1069 3300 ,
1112 3236 1225 3289 ἀλλ’
1254 3238 1549 3307 ἐνέμεινεν.
1576 3239 1850 3307 Μυριάδες
1893 3240 2009 3292 ὸνο-

416 3324 621 3392 μάτων,
656 3322 751 3374 καὶ
783 3323 985 3390 στοιχεῖ
1015 3330 1040 3368 C.
1080 3321 1107 3371 6
1148 3320 1279 3381 Θεός
1305 3338 1317 3349 ·
1350 3320 1408 3371 ἒν
1442 3320 1613 3391 ὄνομα
1648 3321 1793 3388 λέγει
1814 3324 1842 3374 6
1875 3323 2008 3386 Θεὸς

415 3403 708 3477 μαρτυρῶν
736 3405 798 3456 ὲκ
825 3403 918 3455 τοῦ
945 3401 1176 3471 οὐρανοῦ
1200 3421 1212 3432 ·
1233 3399 1422 3469 Οὗτός
1448 3404 1620 3457 ἐστιν
1647 3408 1680 3456 ό
1711 3406 1843 3469 Υἱός
1863 3424 2003 3474 μου.

410 3492 504 3542 καὶ
548 3488 1002 3558 παραγράφονται
1034 3485 1082 3537 οἱ
1121 3486 1389 3556 αἱρετικοὶ
1421 3486 1518 3555 τήν
1555 3486 1737 3557 φωνήν
1772 3489 1852 3540 ἑνὶ
1894 3489 2007 3541 ὀνό-

411 3589 543 3643 ματι
580 3569 997 3642 μαρτυροῦσαν·
1048 3569 1261 3638 ἐκείνην
1296 3569 1394 3638 τὴν
1436 3568 1594 3636 ἁγίαν
1641 3571 1824 3640 φωνὴν
1848 3613 1862 3637 ,
1907 3572 2004 3643 τὴν

412 3655 582 3725 μυρία
617 3653 855 3721 όνόματα
900 3651 1200 3722 δεξαμένην
1233 3653 1325 3704 καὶ
1389 3653 1462 3721 μὴ
1512 3655 1996 3722 παραχαράξασαν,

410 3738 762 3809 Ξέροσηνέχθη
795 3737 863 3789 τα
898 3735 1012 3798 ζῶα
1060 3737 1152 3788 καὶ
1181 3735 1497 3804 ὠνομάσθη.
1531 3736 1732 3788 Λοιπὸν
1759 3737 2002 3809 εἱστήκει

405 3824 483 3886 ὡς
509 3821 784 3892 βασιλεύς.

477 3907 767 3977 η’.”Ωσπερ
795 3904 890 3957 ἐὰν
910 3902 1306 3974 στρατευθῶσι,
1333 3904 1588 3973 σφραγῖδι
1623 3904 1875 3977 βασιλικῇ
1902 3923 1996 3976 ση-

409 3990 718 4061 μειοῦνται·
755 3987 926 4049 οῦτως
975 3985 1163 4055 ἐπειδὴ
1203 3985 1427 4056 ἔμελλεν
1485 3988 1634 4056 αὑτῴ
1677 3989 1774 4060 τήν
1807 3991 2000 4042 δεσπο-

404 4077 554 4128 τείαν
585 4072 955 4145 παραδιδόναι,
982 4075 1129 4124 ποιεῖ
1154 4071 1391 4141 ὀνόματα
1420 4071 1589 4125 θεῖναι
1613 4074 1687 4136 ὡς
1709 4075 1994 4143 δεσπότην,

401 4161 643 4228 ὀνόματα
671 4158 779 4226 γὰρ
808 4157 868 4208 οὑ
906 4155 1120 4225 τίθησιν
1146 4195 1160 4217 ,
1189 4154 1221 4224 ἦ
1250 4155 1527 4225 Δεσπότης
1575 4158 1734 4224 μόνος
1761 4159 1854 4211 καὶ
1882 4161 1990 4213 Πα-

400 4245 525 4311 τήρ.
576 4242 838 4310 Πρόσεχε.
869 4239 990 4292 Τῶν
1024 4239 1305 4308 ὀνομάτων
1332 4238 1367 4291 ἃ.
1415 4241 1513 4309 μὲν
1545 4240 1740 4310 έθηκεν
1767 4245 1796 4294 6
1827 4244 1958 4307 Θεὸς
1979 4285 1993 4308 ,

400 4326 435 4377 '6
463 4327 517 4378 δὲ
547 4327 575 4377 6
614 4325 804 4393 Ἀδάμ.
829 4325 938 4377 Καὶ
959 4326 986 4376 6
1012 4324 1109 4394 μὲν
1132 4323 1264 4386 Θεὸς
1294 4323 1552 4377 ἐκάλεσεν
1586 4327 1832 4394 οὐρανὸν,
1869 4330 1992 4400 γῆν,

401 4409 696 4470 θάλασσαν,
734 4407 1040 4476 στερέωμα,
1079 4407 1321 4476 ἡμέραν,
1355 4407 1469 4474 φῶς
1491 4451 1504 4473 ,
1537 4409 1728 4474 νύκτα,
1761 4413 1991 4484 καρπὸν,

401 4494 653 4562 βοτάνην,
689 4491 902 4561 χόρτον,
945 4489 1075 4553 ξύλα
1102 4503 1114 4514 ·
1151 4490 1218 4542 τὰ
1248 4492 1419 4559 κτήνη
1449 4491 1503 4542 δὲ
1538 4494 1632 4543 καὶ
1662 4497 1729 4545 τά
1770 4497 1993 4551 πετεινὰ

398 4580 426 4629 6
474 4577 639 4645 ’Λδάμ
692 4571 844 4626 εἶπεν
874 4590 885 4602 ·
919 4572 1136 4629 ταῶνα,
1168 4572 1325 4624 ἀετὸν
1349 4613 1361 4634 ,
1417 4573 1613 4644 μόσχον
1633 4615 1648 4638 ,
1681 4578 1948 4647 πρόϐατον
1975 4595 1987 4608 ·

397 4654 552 4722 οἶτος
581 4659 648 4712 τὰ
679 4659 791 4726 εἴδη
816 4699 828 4719 ,
858 4659 1065 4719 ἐκεῖνος
1089 4655 1156 4707 τὰ
1196 4655 1327 4726 γένη
1349 4700 1362 4719 ,
1399 4657 1484 4709 ἵνα
1521 4660 1594 4728 μὴ
1623 4659 1888 4732 ψεύσηται
1932 4663 1992 4717 τὸ

399 4746 550 4814 ρήμα
597 4743 691 4795 τοῦ
749 4742 995 4803 εἰπόντος
1033 4757 1046 4769 ⁸
1085 4739 1437 4808 Ποιήσωμεν
1493 4743 1807 4811 ἄνθρωπον
1865 4750 1990 4799 κατ’

395 4827 604 4879 εἰκόνα
636 4824 950 4894 ἡμετέραν.
1003 4824 1063 4876 ’0
1097 4823 1228 4885 Θεὸς
1256 4825 1496 4892 ὀνόματα
1529 4828 1710 4897 τίθησι
1739 4831 1852 4892 τοῖς
1881 4849 1992 4898 φω-

397 4914 594 4980 στῆρσι
617 4927 629 4942 ο
673 4911 767 4978 τὴν
798 4910 1028 4980 ἄρκτον,
1055 4908 1148 4960 τὸν
1191 4907 1409 4976 ὡρίωνα
1430 4949 1444 4967 .
1473 4912 1572 4980 τὴν
1602 4913 1832 4966 πλειάδα
1855 4957 1867 4979 ,
1902 4916 1990 4967 τὸν

393 4993 626 5061 ἕσπερον
651 5035 665 5048 .
697 4994 786 5045 τὸν
830 4992 1136 5063 φωσφόρον.
1168 4991 1356 5044 Ταῦτα
1390 4993 1566 5046 πάντα
1599 4998 1627 5047 ὁ
1677 4996 1808 5059 Θεὸς
1857 4998 1987 5049 ιτ)νὸ-

398 5094 589 5144 μασεν.
623 5079 911 5146 Μαρτυρεῖ
949 5077 1112 5130 Δαυῒδ
1146 5077 1318 5143 λέγων
1344 5096 1355 5107 '
1404 5079 1464 5130 Ὀ
1489 5080 1753 5148 ἀριθμῶν
1783 5083 1987 5152 πλήθη

392 5161 654 5225 ἄστρων,
697 5160 794 5211 καὶ
834 5159 1024 5213 πᾶσιν
1051 5161 1256 5226 αὐτοῖς
1285 5162 1549 5228 ὀνόματα
1598 5163 1820 5218 καλῶν.
1857 5167 1988 5230 Θεὸς

393 5245 774 5313 ὁνοματοποιεῖ
819 5244 884 5295 τὰ
920 5243 1031 5295 ἀνω
1057 5284 1070 5303 ,
1119 5245 1293 5314 Ἀδάμ
1337 5245 1403 5297 τὰ
1453 5247 1545 5298 ἐπὶ
1577 5248 1679 5317 γῆς
1706 5264 1718 5277 ·
1774 5251 1929 5303 καλεῖ
1959 5254 1988 5304 ὁ

392 5328 525 5392 Θεὸς
549 5327 800 5397 οὑρανὸν,
833 5326 958 5395 γῆν.
988 5326 1167 5378 πάντα
1192 5327 1259 5379 τὰ
1293 5329 1453 5380 ἄλλα·
1482 5332 1636 5383 καλεῖ
1659 5333 1749 5386 τὸν
1793 5335 1984 5406 Ἀδὰμ,

395 5409 537 5481 πῦρ,
575 5409 880 5478 ἄνθρωπον.
941 5409 998 5462 Ὀ
1040 5409 1213 5479 Ἀδάμ
1265 5413 1318 5462 τί
1367 5412 1558 5478 ualet;
1609 5418 1818 5487 Ὀνομα
1873 5422 1983 5483 τοῖς

394 5495 640 5562 κτήνεσι,
674 5496 783 5555 τοῖς
819 5494 1114 5556 πετεινοῖς,
1151 5495 1262 5556 τοῖς
1295 5495 1543 5564 ἑρπετοῖς
1567 5539 1581 5562 ,
1607 5501 1719 5562 τοῖς
1751 5501 1980 5572 θηρίοις.

465 5576 636 5629 Καλεῖ
667 5576 836 5646 ὄνομα
879 5575 1026 5640 ξένον
1058 5579 1085 5629 6
1127 5577 1298 5644 Ἀδάμ
1324 5619 1335 5639 ,
1364 5579 1554 5632 ὀστοῦν
1595 5585 1769 5651 σάρκα
1795 5627 1808 5647 ,
1857 5589 1984 5656 περὶ

457 5710 483 5738 ⁸
507 5711 617 5757 Sav.
659 5711 886 5766 εἱστήκει.

453 5769 483 5808 ιι
508 5772 617 5819 Sav.
641 5774 710 5820 ῑσ.
743 5773 892 5834 λείπει
930 5772 1108 5834 ἔχουσι.

456 5835 479 5862 ε
513 5835 596 5904 δίς.
639 5833 897 5884 Combeﬁs.
939 5835 1089 5883 Savil.
1133 5834 1184 5882 in
1212 5840 1352 5883 textu
1396 5837 1632 5897 στοιχεῖα,
1669 5841 1722 5888 in.
1757 5841 1979 5904 margine

385 5901 600 5958 στοιχιᾴ.

1834 450 2212 508 SEVIiRlANl

3627 460 3742 515 482

2144 569 2244 636 τῆς
2290 567 2550 635 γυναικὸς
2598 567 2810 636 λέγων·
2854 569 3033 623 Τοῦτο
3086 568 3204 623 νῦν
3254 565 3483 621 ὀστοῦν
3512 565 3582 623 ἐκ
3618 565 3738 622 τῶν

2145 649 2342 703 ὀστῶν
2376 669 2516 719 μου,
2546 653 2642 704 καὶ
2683 652 2841 720 σὰρξ
2872 653 2940 705 ἐκ
2972 652 3084 720 τῆς
3109 652 3336 719 σαρκός
3362 670 3504 720 μου.
3542 650 3603 704 '0
3628 652 3739 722 γάρ

2143 733 2273 796 Θεὸς
2310 736 2399 787 ὅτε
2455 736 2618 788 αὑτὸν
2655 735 2887 788 ἔπλασεν
2913 778 2927 801 ,
2962 738 3062 788 οὑκ
3093 731 3245 788 εἶπεν
3272 775 3287 798 ,
3337 737 3420 788 ὅτι
3451 735 3509 798 ἐξ
3535 734 3740 787 ὀστέων

2142 818 2304 870 αὑτὸν
2330 817 2529 871 ἔπλασε
2560 820 2652 872 καὶ
2680 820 2902 889 σαρκός.
2937 819 3108 872 Πάλιν
3134 820 3163 871 6
3181 819 3312 880 Θεὸς
3339 819 3508 884 λέγει,
3543 817 3737 889 ἄρρεν·

2139 893 2294 963 οὗτος
2329 900 2495 968 λέγει,
2532 903 2672 973 ἁνήρ
2702 920 2711 930 ·
2745 905 2772 955 6
2808 903 2941 965 Θεὸς
2961 902 3131 969 λέγει.
3168 901 3299 970 θῆλυ
3327 918 3340 931 ·
3367 893 3524 962 οῦτος
3555 900 3737 968 λέγει,

2139 986 2296 1054 γυνή.
2329 985 2438 1036 Καὶ
2482 984 2542 1036 τὸ
2596 985 2945 1054 θαυμαστὸν,
2982 985 3170 1054 ἐπειδὴ
3215 984 3528 1053 Πνεῦματος
3580 983 3738 1050 ἁγίου

2138 1068 2518 1141 ἐπεπλήρωτο,
2549 1069 2644 1124 καὶ
2684 1069 2896 1123 οὐδέπω
2921 1065 2990 1140 ἦν
3027 1068 3282 1140 παραϐάς
3313 1073 3340 1121 6
3366 1068 3549 1131 ἄθλιος
3573 1108 3590 1132 ,
3623 1066 3738 1119 ἀλλ’

2137 1150 2303 1222 ἔγεμε
2338 1154 2558 1223 χάριτος
2580 1192 2593 1213 ,
2624 1155 2656 1222 ή
2693 1154 3024 1224 προφητεία,
3051 1154 3118 1222 ἣν
3147 1149 3338 1204 διεῖλον
3378 1151 3484 1222 πρὸ
3511 1153 3543 1220 ή
3554 1149 3741 1220 μερῶν

2136 1235 2230 1286 ἐπὶ
2268 1238 2364 1306 τῆς
2410 1237 2683 1307 ὑμετέρας
2727 1237 2954 1306 ἀγάπης
2977 1277 2990 1298 ,
3033 1236 3128 1306 ὅλη
3182 1231 3249 1306 ἧν
3282 1236 3340 1287 ὲν
3374 1234 3546 1304 αὑτῷ.
3582 1234 3742 1305 ’ῌδει

2135 1317 2245 1388 γὰρ
2271 1319 2340 1371 τὰ
2366 1320 2709 1390 προλαϐόντα
2735 1361 2748 1381 ,
2781 1320 2899 1391 ᾔδει
2931 1321 2998 1372 τά
3046 1319 3342 1380 ἐνεστῶτα,
3380 1318 3474 1372 καὶ
3508 1317 3579 1370 τὰ
3610 1317 3742 1387 μέλ-

2134 1400 2311 1454 λοντα.
2358 1403 2485 1466 Πῶς
2531 1402 2600 1455 τὰ
2651 1403 2895 1472 παρόντα
2943 1404 3095 1473 ᾔδεις
3139 1403 3225 1455 Ἐν
3267 1401 3482 1472 σώματι
3537 1399 3742 1466 εξωθεν

2133 1486 2316 1539 ὁστέον
2353 1487 2412 1539 οὑ
2443 1488 2693 1554 φαίνεται
2719 1505 2730 1516 ·
2769 1487 2881 1540 ἀλλ’
2912 1487 3102 1557 ἐπειδὴ
3130 1485 3190 1539 τὸ
3221 1487 3448 1556 Πνεῦμα
3476 1479 3617 1555 εἶχε.
3652 1485 3744 1538 λέ-

2133 1586 2219 1635 γει
2245 1585 2256 1597 ·
2301 1571 2481 1624 Τοῦτο
2504 1570 2621 1623 νῦν
2647 1571 2876 1624 ὀστοῦν
2908 1572 2977 1624 ἐκ
3016 1571 3134 1624 τῶν
3173 1573 3372 1627 ὀστῶν
3391 1587 3534 1639 μου.
3562 1568 3739 1622 Πόθεν

2132 1652 2271 1722 ⁴ᾔδει,
2323 1655 2372 1705 εί
2409 1653 2484 1724 μή
2513 1654 2740 1724 Πνεῦμα
2794 1654 2947 1722 ἆγιον
3001 1653 3396 1724 ἀπεκάλυψεν;
3434 1652 3592 1705 Διατί
3641 1648 3740 1706 οῦν

2132 1737 2348 1806 πρῶτον
2371 1737 2584 1802 ὀστοῦν,
2604 1739 2699 1791 καὶ
2734 1738 2854 1790 τότε
2887 1740 3052 1808 σάρξς
3080 1738 3298 1807 Ἐπειδὴ
3320 1737 3539 1808 πρῶτον
3570 1735 3740 1789 πλευ-

2133 1822 2234 1892 ρὰν
2258 1822 2450 1876 ἔλαϐεν
2490 1821 2550 1886 ἐξ
2581 1821 2770 1876 αὑτοῦ.
2811 1823 2974 1888 Αὕτη
2995 1863 3009 1886 ,
3046 1823 3200 1892 φησὶ,
3233 1821 3606 1888 κληθήσεται
3634 1838 3741 1888 γυ-

2130 1904 2228 1973 νὴ,
2263 1905 2353 1958 ὅτι
2389 1906 2459 1958 ἐκ
2489 1904 2597 1958 τοῦ
2635 1905 2857 1972 ἀνδρὸς
2886 1905 3078 1973 αὐτῆς
3109 1905 3346 1973 ἐλήφθη
3388 1904 3567 1970 αὕτη.
3603 1904 3738 1974 Προ-

2132 1987 2354 2056 φητεύει
2386 1989 2455 2040 τὰ
2485 1988 2848 2058 προλαϐόντα,
2885 1986 3006 2040 εἷπε
3035 1988 3103 2040 τά
3144 1987 3392 2058 παρόντα
3422 2002 3436 2015 α
3477 1986 3629 2054 λέγει
3667 1985 3738 2039 τά

2133 2070 2396 2140 μέλλοντα
2421 2088 2434 2100 ·
2481 2071 2631 2123 Ἀντί
2665 2069 2820 2141 [692]
2860 2073 3077 2124 τούτου
3107 2073 3461 2137 καταλείψει
3501 2070 3735 2136 ἀνορω-

2129 2168 2244 2218 πος
2289 2152 2397 2204 τόν
2423 2152 2651 2219 πατέρα
2689 2153 2877 2206 αὐτοῦ
2924 2154 3021 2207 καὶ
3073 2153 3188 2220 τὴν
3217 2153 3468 2222 μητέρα.
3504 2151 3736 2205 Οὐδέπω

2128 2236 2307 2302 γάμος
2331 2275 2344 2296 ,
2378 2236 2472 2287 καὶ
2506 2235 2671 2286 πόθεν
2706 2237 2890 2305 πατὴρ
2930 2237 3025 2289 καὶ⁵
3059 2237 3283 2306 μήτηρ;
3326 2235 3490 2288 πάλιν
3532 2235 3734 2288 ἀκουέ-

2126 2335 2308 2371 τωσαν
2333 2317 2620 2387 αίρετικοί.
2657 2318 2950 2388 Ἦθέλησεν
2979 2320 3006 2371 6
3031 2317 3161 2381 Θεὸς
3195 2318 3420 2387 ποιῆσαι
3453 2318 3531 2387 τῷ
3560 2317 3736 2387 ’Δδάμ

2125 2399 2225 2470 τὴν
2250 2403 2507 2466 γυναῖκα.
2554 2400 2884 2453 Ἐπέϐαλεν
2913 2402 3212 2454 ἔκστασιν
3235 2401 3333 2453 ἐπὶ
3361 2401 3472 2453 τὸν
3520 2400 3731 2468 Ἀδὰμ,

2126 2482 2223 2534 καὶ
2289 2482 2594 2536 ὕπνωσεν.
2658 2483 2774 2534 Πᾶν
2842 2483 2992 2552 ῥῆμα
3049 2483 3185 2535 Θεοῦ
3257 2485 3488 2554 ἀρχαῖον
3546 2482 3734 2536 κανὼν

2125 2567 2347 2633 ἐγένετο
2397 2567 2493 2635 τῆς
2532 2566 2768 2634 φύσεως.
2819 2567 3166 2620 Ἐπαίδευσεν
3199 2568 3309 2620 ἀπὸ
3346 2567 3439 2620 τοῦ
3482 2566 3730 2638 πρώτου,

2125 2650 2243 2712 πῶς
2275 2651 2355 2702 δεῖ
2383 2651 2816 2721 ἀπομερίζεσθαι
2873 2651 2982 2704 ἀπὸ
3027 2651 3121 2704 τοῦ
3169 2651 3459 2724 ἀνθρώπου
3501 2653 3562 2704 τὸ
3593 2652 3734 2705 πλά-

2126 2749 2256 2803 σμα.
2301 2733 2632 2786 Ἐπέϐαλεν
2684 2737 2716 2786 ό
2773 2733 2917 2799 Θεὸς
2970 2731 3049 2798 τῷ
3095 2734 3280 2803 Ἀδὰμ
3319 2735 3541 2787 ὕπνον.
3580 2734 3729 2788 Θαυ-

2124 2815 2333 2885 μαστὸν
2380 2818 2634 2887 πρᾶγμα.
2672 2817 2774 2869 Τὸν
2825 2817 3017 2887 καιρὸν
3051 2817 3227 2885 λέγει,
3279 2817 3401 2870 καθ’
3449 2816 3510 2868 ὃν
3562 2818 3593 2869 6
3627 2819 3730 2885 γά·

2123 2917 2241 2968 μος.
2280 2899 2489 2961 ’Ύπνος
2523 2899 2781 2962 ἔκστασις
2827 2899 3085 2967 λέγεται,
3144 2902 3331 2972 ἐπειδὴ
3365 2901 3559 2972 ῶσπερ
3623 2901 3730 2966 ἔξω

2119 2981 2313 3034 ἑαυτοῦ
2353 2983 2544 3051 στήκει
2594 2983 2623 3033 6
2672 2983 2976 3052 ἄνθρωπος.
3017 2984 3228 3054 ’Έσωή
3274 2985 3418 3054 ψυχὴ
3444 3025 3458 3048 ,
3498 2985 3594 3037 καὶ
3626 2987 3729 3037 οῦκ

2118 3064 2227 3115 ἔσω
2265 3065 2433 3115 ἐστίν.
2467 3065 2583 3116 Οὑκ
2611 3064 2926 3117 αἰσθάνεται
2956 3105 2969 3128 ,
3014 3066 3075 3117 οὑ
3131 3069 3274 3128 νοεῖ,
3316 3067 3593 3120 ἀκούουσα
3625 3069 3728 3121 οὑκ

2117 3148 2324 3202 ἀκούει.
2336 3150 2546 3220 Ὥσπερ
2567 3153 2807 3221 σήμερον
2831 3150 3081 3220 λέγομεν·
3114 3150 3403 3204 Ἐκστάσει
3425 3153 3724 3222 ἐχρήσατο,

2117 3231 2222 3296 ἔξω
2255 3230 2362 3283 τῶν
2390 3233 2733 3302 πραγμάτων
2761 3234 3052 3303 γενόμενος
3081 3252 3092 3263 ·
3126 3234 3298 3298 οὑτως
3321 3237 3352 3306 ἡ
3383 3236 3530 3306 ψυχὴ
3552 3277 3567 3299 ,
3594 3238 3726 3289 ὅταν

2116 3315 2221 3378 ἔξω
2251 3316 2476 3386 γένηται
2517 3318 2623 3371 τῶν
2663 3318 2968 3388 αἰσθήσεων
2993 3361 3007 3384 ,
3043 3321 3099 3371 ἐν
3139 3319 3396 3372 ἐκστάσει
3432 3321 3570 3373 ἐστί.
3609 3323 3723 3374 Καὶ

2115 3398 2383 3461 ὕπνωσε,
2413 3401 2566 3470 φησὶ,
2602 3403 2698 3453 καὶ
2732 3402 2950 3454 ἐλαϐεν
2974 3405 3006 3456 ό
3026 3404 3170 3466 Θεὸς
3195 3406 3343 3471 μίαν
3372 3402 3492 3457 τῶν
3524 3409 3720 3460 πλευ-

2107 3481 2235 3548 ρῶν
2286 3483 2495 3536 αὑτοῦ.
2552 3484 2984 3554 Ἐρωτάσθωσαν
3027 3487 3296 3556 αἱρετικιῇ⁸
3340 3487 3516 3540 ταῦτα
3542 3504 3555 3518 ·
3598 3489 3723 3551 πῶς

2113 3565 2305 3618 ἔλαϐεν
2334 3570 2360 3619 6
2386 3567 2548 3630 Θεός;
2584 3567 2700 3629 πῶς
2721 3569 2820 3619 οὑκ
2855 3569 3094 3638 ήλγησεν
3141 3572 3169 3621 6
3224 3570 3430 3640 ’Λδάμς
3467 3571 3584 3633 πῶς
3615 3574 3721 3623 οὑκ

2113 3649 2359 3718 ὡδυνήθη
2386 3666 2398 3712 ;
2429 3649 2542 3700 Μία
2575 3648 2695 3718 θρὶξ
2722 3651 3036 3704 ἀποσπᾶται
3068 3653 3176 3704 ἀπὸ
3199 3652 3292 3706 τοῦ
3317 3653 3589 3724 σώματος,
3619 3657 3723 3709 καὶ

2111 3731 2452 3801 ὀδυνώμεθα·
2493 3731 2597 3784 κᾶν
2630 3733 2816 3785 ὑπνῶν
2861 3731 3004 3808 τιςῇ
3048 3739 3128 3797 εἰς
3159 3736 3227 3788 τά
3269 3736 3428 3806 βάθη,
3473 3737 3578 3789 ὑπὸ
3612 3739 3719 3808 τῆς

2111 3815 2302 3886 ὀδύνης
2335 3815 2684 3879 ἐξυπνίζεται
2717 3818 2746 3868 6
2778 3818 3058 3871 καθεύδων
3081 3835 3095 3849 ·
3128 3820 3382 3874 τοσοῦτον
3417 3821 3578 3890 μέλος
3614 3823 3721 3873 ἐπ-

2111 3901 2326 3970 αίρεται
2351 3941 2364 3961 ,
2403 3901 2640 3971 τοσαύτη
2681 3900 2893 3971 πλευρά
2937 3904 3307 3972 σπαράττεται
3329 3947 3342 3967 ,
3374 3906 3467 3958 καὶ
3499 3907 3599 3958 οὑκ
3625 3907 3720 3971 ἐξ-

2111 3983 2391 4046 υπνίζεται
2414 3987 2441 4037 6
2466 3985 2774 4049 καθεύδων;
2805 3985 2918 4038 Οὑκ
2950 3988 3270 4040 ἀπέσπασεν
3293 3989 3461 4059 αὑτήν
3483 3989 3595 4057 βία.
3622 3990 3720 4044 ἵνα

2109 4067 2425 4137 ἐξυπνισθῇ,
2450 4069 2548 4120 οῦκ
2576 4069 2996 4139 ἀπεσπάραξεν
3027 4071 3163 4124 ἀλλά
3197 4071 3423 4124 θέλουσα
3452 4075 3484 4140 ἢ
3515 4073 3717 4144 Γρπφὴ

2108 4151 2167 4204 τὸ
2209 4151 2472 4221 σύντομον
2518 4152 2688 4217 δεῖξαι
2749 4153 2842 4206 τοῦ
2886 4157 3168 4224 τεχνίτου,
3211 4155 3379 4222 λέγει,
3424 4157 3712 4214 Ἔλαϐεν.

2124 4235 2429 4304 Ἐλύθησαν
2460 4237 2508 4288 οί
2540 4237 2727 4306 ἁρμοῖ,
2765 4239 2858 4290 καὶ
2891 4238 2991 4290 οὑκ
3015 4238 3246 4307 ᾔσθετο;

2178 4319 2454 4372 θ’.“Ἐλαϐε
2470 4321 2570 4389 τὴν
2591 4319 2854 4390 πλευρὰν,
2881 4321 3072 4390 ὥσπερ
3091 4321 3247 4374 ἔλαϐε
3265 4321 3356 4374 τὸν
3373 4321 3520 4391 χοῦν.
3547 4323 3609 4374 Εἰ
3636 4318 3715 4392 ἦν

2104 4401 2319 4465 ἄλλοςὸ
2351 4404 2621 4472 ἁρμόσας,
2652 4405 2745 4456 καὶ
2779 4404 2936 4467 ἄλλος
2967 4407 2993 4457 6
3014 4404 3204 4467 λύσας,
3239 4404 3388 4474 μάχη
3428 4401 3524 4475 ἦν·
3566 4407 3614 4458 εἰ
3647 4407 3713 4459 δὲ

2102 4487 2129 4537 6
2155 4486 2320 4554 δήσας
2344 4486 2552 4549 ἔλυσεν,
2577 4485 2749 4555 ἡδέως
2772 4504 2888 4548 πως
2916 4487 3125 4540 ἔλυσεν.
3146 4489 3360 4540 Ἕνίαίῗε
3381 4487 3496 4553 τὴν
3516 4492 3714 4542 πλευ-

2094 4569 2234 4635 ρὰν,
2277 4569 2374 4619 καὶ
2422 4569 2823 4635 ἀνεπλήρωσε
2870 4569 3070 4637 σάρκα
3099 4570 3228 4623 ἀντ’
3271 4568 3481 4637 αὐτῆς.
3533 4572 3714 4624 Πόθεν

2100 4649 2305 4720 ἀνεπλή
2319 4667 2523 4718 ρωσεν;
2563 4654 2625 4703 ὲκ
2647 4650 2738 4702 τοῦ
2763 4652 2922 4704 ἄλλον
2951 4652 3205 4723 σώματος
3227 4653 3513 4718 εἴλκυσεν;
3543 4655 3711 4709 Ἀλλά

2101 4737 2208 4786 πᾶν
2245 4734 2404 4802 σῶμα
2431 4735 2744 4803 ἑλκόμενον,
2778 4735 3105 4806 λεπτότερον
3139 4738 3366 4804 γίνεται.
3412 4739 3534 4800 Πῶς
3574 4741 3710 4790 ἀνε-

2102 4818 2424 4888 πλήρωσεν;
2481 4819 2592 4870 Καὶ
2660 4821 2785 4890 περὶ
2851 4819 3104 4888 σώματος
3153 4821 3454 4889 λαλοῦμεν,
3496 4823 3590 4874 καὶ
3638 4825 3709 4876 οῦ

2101 4901 2363 4969 νοοῦμεν·
2407 4903 2537 4971 περὶ
2577 4901 2710 4954 Θεοῦ
2749 4902 3040 4972 λαλοῦμεν,
3074 4903 3167 4955 καὶ
3205 4904 3706 4973 πολυπραγμονοῦ-

2103 5000 2235 5050 μεν;
2263 4985 2381 5035 Ἰιάὶ
2417 4984 2808 5052 ᾠκοδόμησεν
2835 4989 2867 5039 ό
2899 4989 3111 5054 Κύριος
3143 4988 3256 5051 τὴν
3291 4989 3588 5055 πλευρὰν,
3621 4988 3707 5056 ἢν

2098 5067 2317 5118 ἐλαϐεν
2357 5067 2476 5120 ἀπὸ
2517 5069 2624 5122 τοῦ
2657 5069 2850 5137 Ἀδὰμ,
2874 5073 2960 5134 εἰς
2989 5074 3259 5139 γυναῖκα.
3298 5072 3470 5125 Πόθεν
3499 5073 3705 5142 ὀφθαλ-

2101 5153 2190 5218 μοὶ
2225 5149 2332 5201 ἀπὸ
2379 5150 2620 5221 πλευρᾶς
2656 5153 2973 5219 ὲπάγησαν;
3024 5153 3188 5206 πόθεν
3242 5155 3440 5225 καρδία
3488 5157 3701 5221 λογιζο-

2101 5232 2273 5301 μένη;
2305 5233 2468 5285 πόθεν
2502 5234 2716 5300 γλῶττα
2754 5235 3134 5306 φθεγγομένης
3174 5237 3291 5300 πῶς
3325 5239 3546 5310 διετάθη
3587 5243 3700 5293 ἀπὸ

2099 5317 2338 5386 πλευρᾶς
2368 5316 2615 5385 ἕντερον;
2658 5318 2772 5379 πῶς
2816 5319 3034 5386 ἐγένετο
3073 5321 3180 5372 άπὸ
3221 5321 3463 5391 πλευρᾶς
3498 5323 3514 5374 ἱ
3536 5342 3693 5394 παρ;

2094 5399 2280 5452 Ταῦτα
2323 5399 2438 5459 πῶς
2462 5400 2680 5466 ἐγένετο
2714 5402 2814 5453 οὑκ
2849 5402 3056 5471 ίσχύεις
3088 5404 3438 5469 καταλαϐεῖν,
3478 5409 3573 5459 καὶ
3599 5408 3696 5460 τὸν

2093 5483 2342 5552 τεχνίτην
2374 5482 2884 5553 πολυπραγμονεῖς;
2918 5487 3079 5538 Ἀλλὰ
3105 5487 3204 5556 τὴν
3238 5489 3421 5541 εἰκόνα
3448 5489 3692 5559 Χριστοῦ

2095 5565 2257 5632 βλέπε
2292 5565 2586 5635 πανταχοῦ.
2621 5568 2695 5618 Οὑ
2738 5569 3003 5640 πρότερον
3038 5570 3225 5623 ἔλαϐεν
3255 5574 3282 5624 6
3304 5573 3434 5633 Θεὸς
3460 5574 3570 5626 άπὸ
3595 5574 3692 5627 τοῦ

2106 5648 2274 5716 Ἀδάμ
2305 5648 2400 5716 τὴν
2434 5650 2694 5720 πλευράν,
2727 5651 2831 5714 ἕως
2873 5654 2961 5704 ὅτε
3013 5653 3178 5706 ὕπνον
3217 5654 3363 5720 αὑτῴ
3410 5655 3687 5710 ἐνέϐαλεν.

2092 5732 2276 5793 Διατίς
2313 5731 2446 5783 Ἀπὸ
2484 5734 2723 5805 πλευρᾶς
2760 5738 2790 5806 ή
2831 5738 3070 5806 ἁμαρτία
3114 5738 3305 5806 ἔμελλε
3348 5739 3616 5805 γίνεσθαι,

2089 5817 2176 5867 δια
2221 5817 2317 5886 τῆς
2372 5820 2630 5884 γυναικὸς
2660 5822 2999 5876 εἰσελθοῦσα.
3035 5819 3234 5874 Ἦλθεν
3277 5824 3303 5874 6
3336 5824 3529 5894 Σωτὴρ
3577 5826 3687 5879 ἀπὸ

2094 5899 2333 5968 πλευράς
2361 5900 2541 5970 φέρων
2569 5901 2714 5973 ὕδωρ
2761 5908 2854 5959 καί
2897 5902 3056 5976 αἷμα,
3092 5905 3232 5978 ὕδωρ
3272 5907 3583 5962 ἀποπλύνον
3616 5909 3687 5966 τὰ
