3984 6416
200 417 308 469 481

190 528 511 598 prmﬁnisse,
545 528 658 582 ait:
688 526 755 580 Et
784 541 930 579 omne
965 524 1099 594 quod
1143 525 1333 577 vocavit
1360 523 1544 585 Adam,
1587 522 1679 572 hoc
1724 527 1794 570 est

190 634 375 672 nomen
405 620 553 690 ejus;
594 631 654 671 ac
696 617 737 669 si
778 615 938 677 dicat,
989 614 1314 667 Prmlinitum
1357 623 1491 675 erat,
1527 612 1627 665 hoc
1657 610 1798 663 Deus

188 710 527 765 decreverat.

258 801 454 859 Contra
498 800 738 856 Arianae.
766 827 836 837 -—
860 799 1059 852 Verum
1089 798 1154 851 ad
1193 797 1521 867 propositum
1560 802 1800 849 reverta-

189 911 332 950 mur.
363 895 483 948 Stat
522 893 713 955 Adam,
756 902 811 946 et
840 892 977 945 Deus
1021 889 1236 944 adducit
1273 889 1348 942 illi
1378 888 1649 949 animalia,
1696 901 1797 941 nec

186 987 443 1041 dedecori
475 994 557 1038 est
587 985 832 1049 Domino,
862 981 1002 1052 quod
1032 980 1262 1035 adducat
1290 979 1356 1034 ad
1388 994 1621 1033 servum.
1656 977 1722 1031 Et
1753 978 1795 1030 si

186 1082 409 1134 audiant
441 1078 701 1141 hazretici,
735 1076 1008 1131 Christum
1041 1090 1138 1128 nos
1167 1073 1431 1127 adducere
1457 1072 1522 1124 ad
1552 1071 1792 1131 Patrem,

186 1172 368 1224 statim
415 1171 644 1223 dicunt:
677 1167 862 1221 Viden’
909 1166 1055 1218 illum
1104 1180 1223 1219 esse
1269 1163 1525 1218 servum?
1571 1162 1797 1215 Adduxit

186 1263 279 1316 illa
308 1265 377 1315 ad
406 1262 593 1315 Adam.
624 1259 809 1315 Stabat
834 1274 1020 1312 servus
1045 1256 1311 1324 judicans,
1339 1265 1395 1309 et
1423 1255 1677 1307 Dominus
1703 1254 1797 1305 ad-

190 1355 418 1410 ducens.
446 1356 522 1409 Ac
546 1355 683 1408 Deus
704 1352 917 1421 quidem
947 1351 1152 1404 Adamo
1177 1349 1448 1403 adducens
1475 1363 1580 1401 non
1606 1347 1792 1416 injuria

184 1448 559 1504 afﬁciebatur:
589 1446 856 1500 Christum
882 1458 1010 1497 vero
1037 1443 1080 1495 si
1102 1442 1321 1495 audiant
1348 1440 1582 1494 hreretici
1605 1439 1670 1493 ad
1696 1438 1795 1492 Pa.

190 1550 328 1596 trem
364 1539 653 1603 adducere,
685 1538 863 1591 statim
894 1536 944 1589 in
986 1534 1215 1589 ministri
1242 1542 1297 1587 et
1337 1532 1518 1586 famuli
1550 1531 1792 1586 ordinem

185 1633 428 1686 trahunt.
460 1630 515 1685 Si
555 1630 696 1683 dicat
729 1627 1001 1691 Servator,
1050 1624 1217 1679 Nemo
1261 1626 1394 1678 venit
1446 1623 1513 1676 ad
1565 1622 1791 1688 Patrem,

184 1726 283 1779 nisi
314 1742 408 1793 per
438 1739 517 1777 me
555 1722 729 1792 (Joan.
775 1720 861 1775 Μ.
894 1720 949 1789 6)
997 1737 1009 1773 :
1043 1717 1221 1772 statim
1269 1716 1505 1771 lueretici
1546 1718 1791 1780 arrecti~,

186 1816 293 1871 imo
340 1814 610 1885 perversis
655 1820 799 1867 stant
837 1810 1074 1864 auribus.
1108 1807 1392 1862 Adducens
1430 1807 1494 1860 ad
1528 1806 1793 1860 Atlamum

184 1907 438 1961 animalia
489 1906 645 1967 Deus,
686 1918 788 1957 non
822 1912 901 1956 est
940 1900 1055 1969 ejus
1102 1900 1377 1963 minister;
1428 1898 1698 1951 hominem
1749 1897 1791 1950 si

189 2000 325 2054 Deus
357 2000 469 2053 Deo
498 1998 705 2059 oﬁ‘erat,
739 1996 964 2050 ministri
999 1994 1158 2048 habet
1187 1992 1471 2047 ordinem?
1512 1991 1587 2045 Ne
1614 1999 1790 2045 autem

186 2092 432 2145 morbum
463 2101 611 2144 tuum
643 2090 751 2141 alat
778 2089 1064 2141 verborum
1096 2086 1426 2155 ignorantia;
1458 2100 1557 2153 ego
1583 2084 1695 2138 scio
1740 2091 1793 2137 et

185 2182 377 2237 Filium
410 2182 607 2237 oﬁ'erre
642 2180 804 2243 Patri,
834 2189 884 2234 et
920 2180 1133 2233 Patrem
1169 2178 1324 2231 Filio.
1358 2176 1488 2231 Cum
1519 2178 1742 2230 dixisset
1774 2194 1787 2229 :

186 2272 347 2328 Nemo
370 2275 503 2328 venit
524 2273 590 2326 ad
618 2274 841 2333 Patrem,
869 2272 966 2325 nisi
990 2288 1076 2336 per
1098 2288 1175 2323 me
1208 2268 1384 2337 (Joan.
1418 2270 1468 2322 6.
1496 2270 1587 2335 44)
1610 2286 1623 2332 ;
1648 2269 1788 2322 idem

185 2382 365 2419 rursus
411 2367 528 2419 ait:
566 2363 731 2417 Nemo
774 2365 904 2417 venit
939 2364 1007 2415 ad
1048 2380 1145 2427 me,
1196 2362 1294 2414 nisi
1331 2362 1488 2415 Pater
1517 2379 1654 2414 meus
1692 2376 1793 2414 ete-

182 2458 316 2511 lestis
342 2459 555 2511 traxerit
577 2474 707 2510 cum.
732 2457 835 2510 Sed
859 2456 997 2525 quod
1017 2456 1125 2524 jam
1155 2465 1279 2509 ante
1308 2472 1391 2509 me
1419 2456 1618 2509 dixisse
1646 2455 1787 2520 scio;

180 2566 365 2605 verum
393 2551 495 2604 hoc
523 2550 587 2602 ad
613 2566 723 2603 rem
744 2550 852 2617 jam
877 2550 1099 2618 quadrat
1124 2567 1135 2601 :
1160 2549 1420 2618 contingit
1446 2558 1622 2602 autem
1647 2562 1790 2616 saepe

182 2651 366 2694 utnon
396 2640 663 2703 audiatur,
690 2651 739 2694 et
767 2655 905 2693 nunc
935 2641 1093 2693 etiam
1122 2639 1261 2693 dico.
1293 2639 1479 2708 Cogita
1509 2647 1639 2708 quot
1665 2648 1790 2692 sunt

179 2731 594 2800 quadrupedes;
638 2731 729 2784 sed
763 2738 935 2784 tecum
979 2739 1161 2798 reputa
1191 2746 1309 2798 qua:
1340 2731 1445 2784 sint
1486 2739 1785 2794 mansueta,

178 2841 295 2887 qnze
328 2825 462 2886 lcra,
505 2838 621 2891 quae
652 2823 701 2875 in
745 2824 1033 2884 montibus,
1067 2839 1183 2890 qum
1227 2824 1279 2875 in
1313 2824 1549 2890 planitie,
1582 2839 1702 2891 qua:
1734 2824 1786 2876 in

178 2914 387 2977 Galliis,
421 2930 543 2983 qua:
572 2914 621 2966 iu
655 2914 820 2973 India,
858 2928 975 2980 quze
1006 2914 1056 2965 in
1088 2914 1337 2966 omnibus
1382 2914 1527 2966 orbis
1559 2914 1787 2967 climati-

175 3006 275 3061 bus
310 3025 320 3058 :
352 3022 567 3061 rursum
601 3006 838 3076 reptilia;
865 3022 1049 3059 eorum
1079 3022 1273 3076 genera
1303 3016 1355 3061 et
1378 3008 1607 3075 species,
1643 3008 1790 3061 vola-

178 3098 289 3151 tilia
318 3098 523 3162 omuia,
554 3098 830 3161 natatilia;
865 3111 1215 3166 qumcumque
1243 3107 1369 3151 sunt
1398 3098 1446 3150 in
1482 3099 1635 3163 mari,
1665 3113 1785 3167 qua:

177 3189 227 3243 in
261 3191 489 3260 stagnis,
518 3206 638 3260 qua:
669 3190 721 3242 in
754 3189 928 3242 ﬁuviis
964 3208 977 3243 :
1010 3189 1123 3243 haec
1150 3191 1326 3243 omnia
1360 3191 1783 3254 adducebantur,

174 3289 229 3333 et
274 3281 502 3349 singulis
552 3281 765 3333 nomina
810 3281 1119 3348 impellebat
1164 3281 1352 3345 Adam,
1386 3282 1632 3351 Dettsque
1679 3298 1783 3335 non

174 3372 599 3436 contradicobat,
651 3373 743 3426 sed
793 3373 1183 3441 acquieseebat.
1233 3373 1511 3427 lnuumera
1569 3376 1783 3428 nomina

172 3475 320 3529 sunt,
347 3465 538 3535 hisque
560 3465 847 3534 acquiescit
874 3464 1014 3519 Deus
1038 3481 1051 3518 :
1081 3481 1241 3519 unum
1268 3482 1461 3520 nomen
1491 3468 1617 3520 dicit
1646 3469 1785 3522 Deus

172 3572 236 3610 ex
287 3556 423 3611 cado
456 3556 779 3611 testiﬁcaris:
823 3554 923 3609 llic
971 3566 1043 3610 cst
1088 3556 1256 3611 Filius
1299 3574 1438 3611 meus
1479 3558 1696 3626 (Matth.
1728 3560 1782 3613 '5.

173 3649 264 3716 17)
303 3667 313 3701 :
346 3659 401 3702 et
432 3648 571 3701 hanc
598 3663 783 3702 vocem
820 3663 980 3716 prave
1009 3649 1326 3718 detorquent
1367 3649 1622 3712 ineretici,
1665 3667 1783 3720 qute

175 3741 263 3793 uni
300 3748 507 3793 tantum
556 3741 757 3793 nomini
792 3742 1152 3793 testimonium
1190 3742 1393 3809 pra-bet
1425 3760 1437 3794 :
1471 3743 1615 3797 illam
1656 3760 1783 3799 san-

174 3841 315 3886 ctam
343 3847 555 3894 vocem,
581 3848 699 3901 qute
723 3832 1001 3886 innumera
1027 3837 1265 3902 suscepit
1296 3837 1515 3889 nomina
1550 3840 1784 3891 nullum-

171 3938 275 3992 que
308 3922 533 3976 delevit.
564 3923 806 3978 Addueta
836 3934 960 3977 sunt
990 3925 1262 3988 animalia,
1295 3934 1349 3979 et
1375 3927 1588 3981 nomina
1632 3944 1786 3983 acce-

174 4027 390 4085 perunt.
420 4016 539 4069 Jam
569 4016 661 4069 ille
689 4019 864 4070 stabat
894 4025 950 4069 ut
982 4034 1095 4070 rex.

242 4108 295 4160 8.
330 4107 791 4173 Quemadmodum
815 4124 935 4162 cum
960 4111 1154 4161 milites
1176 4111 1609 4177 conscribuntur,
1635 4114 1785 4183 regio

171 4198 455 4269 signaculo
487 4207 779 4252 notantur:
814 4200 891 4251 sic
936 4201 1056 4268 quia
1088 4200 1321 4255 debebat
1368 4203 1438 4255 illi
1487 4204 1781 4257 dominium

171 4291 415 4355 tradere,
442 4290 492 4344 id
518 4288 682 4344 efﬁcit
704 4299 759 4343 ut
787 4290 1001 4343 nomina
1033 4292 1267 4360 imponat
1294 4303 1350 4345 ut
1375 4293 1624 4348 dominus
1650 4314 1663 4348 :
1692 4313 1787 4350 uo-

169 4384 313 4437 mina
360 4381 561 4451 quippe
590 4381 802 4435 nonnisi
833 4381 1088 4435 Dominus
1132 4383 1356 4452 imponit
1393 4394 1445 4437 et
1478 4385 1651 4439 Pater.
1691 4390 1784 4440 At-

169 4476 355 4530 tende.
400 4474 625 4528 Nomina
667 4475 767 4527 alia
802 4474 1058 4543 imposuit
1089 4475 1248 4538 Deus,
1281 4477 1384 4529 alia
1419 4477 1608 4531 Adam.
1644 4479 1783 4533 Deus

168 4568 384 4621 vocavit
428 4565 640 4629 cretum,
676 4576 896 4626 terram,
941 4582 1110 4629 mare,
1165 4566 1583 4633 ﬁrmamentum,
1614 4570 1778 4635 diem,

170 4661 370 4723 lucem,
399 4669 635 4723 noctem,
669 4658 920 4722 fructum,
953 4657 1193 4721 herbam,
1230 4659 1453 4726 foenum,
1487 4661 1623 4731 ligna
1651 4678 1664 4726 ;
1701 4677 1784 4731 pe-

166 4767 295 4806 cora
326 4759 507 4804 autem
532 4758 585 4803 et
613 4749 842 4802 volatilia
870 4748 1039 4802 Adam
1063 4751 1294 4811 vocavit,
1329 4766 1616 4819 pavonem,
1642 4753 1784 4819 aqui-

168 4844 299 4908 lam,
326 4841 577 4905 vitulum,
610 4857 762 4895 ovem
795 4859 806 4893 :
839 4840 923 4893 hic
949 4842 1177 4906 species,
1215 4842 1320 4895 illic
1346 4858 1565 4911 genera,
1593 4859 1658 4896 ne
1684 4844 1781 4897 lal-

164 4953 286 4988 sum
310 4933 807 5003 deprehenderetur
829 4932 930 4987 hoc
957 4934 1155 4987 dictum
1185 4951 1196 4985 :
1232 4934 1506 4988 Faciamus
1529 4936 1781 4990 hominem

166 5028 236 5078 ad
268 5028 541 5093 imaqiuem
571 5036 797 5077 nostram
829 5024 977 5093 (Gen.
1017 5026 1065 5079 1.
1100 5026 1214 5095 9.6).
1252 5027 1392 5080 Deus
1435 5030 1649 5081 nomina
1683 5030 1781 5082 im-

171 5120 324 5184 ponit
354 5116 728 5177 luminarihus,
766 5115 975 5181 Ursam,
1010 5116 1302 5182 Orionem,
1340 5118 1642 5184 Pleiadem,
1680 5119 1779 5174 Ve-

171 5227 431 5275 sperum,
473 5208 799 5263 Luciferum.
854 5208 979 5263 Haec
1034 5212 1210 5263 omnia
1267 5212 1407 5265 Deus
1460 5213 1773 5267 nominavit.

171 5306 348 5359 Testis
388 5313 471 5359 est
513 5304 677 5358 David
718 5302 903 5357 dicens
943 5319 956 5358 :
993 5303 1090 5367 Qui
1137 5315 1366 5358 numerat
1407 5308 1777 5360 multitudinem

170 5398 432 5450 stellarum
478 5406 522 5450 et
551 5398 782 5451 omnibus
812 5398 881 5450 eis
925 5399 1129 5450 nomina
1161 5410 1298 5450 vocat
1329 5398 1497 5465 (Psal.
1547 5400 1667 5453 HG.
1699 5402 1776 5469 4).

176 5490 317 5544 Deus
344 5491 557 5542 nomina
594 5492 725 5543 indit
752 5491 1016 5558 supernis,
1048 5489 1216 5542 Adam
1243 5492 1492 5545 terrenis.
1527 5492 1776 5545 Nominat

179 5580 320 5634 Deus
347 5580 559 5643 callum,
594 5590 811 5645 terram,
843 5590 1034 5633 cuneta
1065 5580 1186 5641 alia,
1224 5580 1414 5641 Adam,
1449 5582 1642 5650 ignem,
1678 5582 1773 5635 ho-

173 5671 395 5725 minem.
426 5670 663 5724 Adamus
694 5686 821 5725 vero
845 5671 970 5741 quid
1004 5672 1281 5725 nominat?
1310 5671 1537 5739 lmponit
1577 5689 1770 5727 nomen

176 5763 449 5831 iumentis,
481 5761 782 5829 reptilibus,
818 5763 1022 5815 bestiis.

248 5859 408 5908 ,Μαίη
439 5856 715 5925 prop/tell“?
737 5857 921 5908 donum
947 5869 1224 5926 acceperat.
1252 5890 1319 5899 -—~
1341 5858 1545 5915 Novum
1576 5877 1767 5917 nomen

1255 408 1342 462 DE
1383 400 1595 460 unum
1636 396 2029 455 CREATIONE
2068 396 2325 458 ORATit)
2368 402 2428 454 v.

3379 428 3492 484 482

1916 515 2150 573 Adamus
2176 530 2353 586 vocat,
2382 536 2463 588 os,
2502 538 2742 589 carnem,
2775 523 2838 578 de
2872 525 3096 580 muliere
3135 526 3354 591 dicens;
3396 536 3499 582 nm

1912 623 2045 659 nunc
2070 625 2125 662 os
2152 626 2214 663 ea:
2235 612 2428 666 ossibus
2454 615 2595 677 meis,
2630 624 2676 666 et
2703 631 2821 667 caro
2848 616 2911 668 tle
2934 632 3085 669 carne
3113 619 3262 686 mea(
3290 616 3418 671 Gen.
3448 623 3506 674 ‘2.

1910 697 2026 771 23).
2056 701 2196 755 Dens
2224 703 2365 757 enim
2394 719 2514 758 cum
2549 709 2720 774 ipsum
2749 706 3016 773 formavit,
3062 724 3167 762 non
3198 708 3353 767 dixit.
3400 708 3512 763 for-

1912 807 2090 847 masse
2131 794 2279 847 illum
2306 811 2371 849 ex
2398 797 2609 852 ossibus
2644 806 2696 851 et
2725 813 2903 853 carne.
2946 800 3149 854 Rursus
3178 800 3305 855 dicit
3348 803 3508 867 Deus,

1910 882 2205 946 Masculus;
2258 886 2346 940 hic
2388 888 2535 954 dicit,
2566 889 2696 945 Vir:
2733 890 2870 944 Deus
2918 891 3063 951 dicit,
3116 891 3380 955 Femina;
3422 892 3509 947 hic

1910 974 2059 1038 dicit,
2095 977 2299 1030 Mulier.
2324 978 2584 1049 Quodque
2608 981 2798 1034 mirum
2823 992 2924 1045 est,
2949 983 3071 1051 quia
3096 983 3293 1051 Spiritu
3323 995 3511 1039 saneto

1912 1068 2100 1135 plenus
2130 1078 2263 1131 erat,
2308 1071 2649 1141 nondumque
2695 1074 2857 1126 miser
2902 1084 3267 1142 transgressus
3298 1075 3506 1140 fuerat;

1910 1158 2003 1212 sed
2036 1160 2203 1227 gratia
2232 1161 2466 1229 repletus
2492 1173 2628 1228 erat,
2654 1165 2953 1233 prophetia,
2990 1182 3147 1235 quam
3175 1168 3355 1236 paucis
3382 1179 3508 1222 ante

1908 1248 2100 1303 diebus
2125 1251 2264 1319 apud
2296 1266 2527 1307 vestram
2570 1257 2845 1310 caritatem
2871 1256 3286 1327 distiuguebam,
3319 1268 3427 1313 tota
3457 1259 3508 1313 iu

1909 1340 2025 1408 ipso
2054 1352 2187 1395 erat.
2232 1343 2445 1398 Sciebat
2476 1346 2618 1398 enim
2654 1348 2944 1412 prieterita,
2978 1349 3180 1402 sciebat
3224 1351 3510 1417 praesentia

1906 1441 1963 1486 et
1987 1433 2180 1487 futura.
2210 1435 2490 1503 Quomodo
2523 1438 2804 1505 prmsentia
2838 1439 3078 1493 sciebat?
3111 1439 3165 1493 In
3192 1454 3419 1509 corpore
3446 1456 3510 1496 os

1906 1535 2058 1580 extra
2087 1542 2191 1581 non
2221 1538 2471 1596 apparet;
2497 1531 2591 1583 sed
2620 1531 2739 1600 quia
2766 1531 3023 1601 Spiritum
3055 1532 3306 1599 habebat,
3334 1531 3467 1589 dicit
3492 1549 3507 1589 :

1911 1614 2024 1669 Hoc
2054 1634 2188 1670 nunc
2235 1634 2293 1671 os
2319 1636 2382 1672 ex
2408 1622 2603 1674 ossibus
2632 1623 2773 1676 meis.
2806 1622 3091 1687 Quomodo
3134 1624 3355 1689 sciebat,
3406 1624 3510 1680 nisi

1907 1707 2137 1776 Spiritus
2163 1719 2379 1765 sanctus
2406 1711 2503 1780 ipsi
2534 1713 2862 1768 revelasset?
2893 1712 3000 1767 Cur
3019 1730 3150 1785 ergo
3177 1714 3406 1784 primum
3448 1730 3511 1769 os

1904 1811 1958 1854 et
1991 1810 2099 1855 tum
2127 1818 2345 1857 carnem
2375 1806 2655 1859 nominat?
2678 1805 2810 1873 Quia
2845 1809 3017 1876 primo
3041 1819 3242 1862 costam
3273 1808 3392 1877 ejus
3421 1822 3512 1863 ac-

1903 1892 2065 1962 Ccpit.
2101 1890 2245 1957 Ηωσ,
2290 1894 2481 1964 inquit,
2514 1897 2771 1950 vocabitur
2799 1899 3000 1962 mulier,
3032 1900 3153 1968 quia
3194 1900 3255 1953 de
3284 1902 3388 1953 viro
3417 1916 3512 1954 suo

1901 1996 2107 2055 sumpta
2138 1997 2210 2040 est
2246 1988 2373 2041 hac.
2409 1988 2740 2045 Vaticinatur
2770 1993 3059 2060 praeterita,
3106 1991 3240 2045 dixit
3270 2008 3511 2061 praesen-

1905 2080 2011 2143 tia;
2050 2079 2177 2134 dicit
2200 2079 2309 2149 jam
2353 2080 2546 2135 futura.
2592 2082 2929 2148 Quamobrem
2956 2086 3204 2153 relinquet
3233 2087 3382 2138 homo
3410 2102 3510 2153 pa-

1906 2180 2031 2223 trem
2057 2181 2101 2223 et
2125 2182 2338 2224 matrem
2373 2172 2390 2241 (
2418 2172 2544 2225 Gen.
2578 2174 2632 2227 2.
2664 2174 2778 2242 24).
2812 2174 3058 2228 Nondum
3090 2184 3205 2229 erat
3233 2175 3512 2231 matrimo-

1904 2263 2072 2325 nium,
2103 2272 2157 2317 et
2183 2265 2321 2319 unde
2352 2276 2502 2334 pater
2527 2276 2580 2320 et
2602 2268 2810 2321 mater?
2843 2269 3072 2322 Rursum
3096 2270 3314 2324 audiant
3341 2270 3513 2326 Incre-

1906 2357 2013 2409 tici.
2044 2355 2223 2408 Voluit
2257 2357 2394 2409 Deus
2426 2359 2631 2411 Adatno
2660 2374 2885 2411 uxorem
2932 2359 3216 2414 eﬁ'ortnare
3246 2378 3258 2413 :
3290 2360 3514 2414 Immisit

1902 2448 2132 2500 ecstasim
2163 2448 2214 2499 in
2252 2448 2439 2511 Adam,
2488 2459 2533 2501 et
2578 2450 2874 2501 obdormivit
2903 2448 3059 2517 (Ibid.
3093 2450 3146 2502 2.
3186 2450 3302 2519 ΞΙ).
3336 2449 3511 2506 Omne

1904 2538 1997 2592 Dei
2027 2539 2245 2592 verbum
2274 2540 2550 2607 antiquum
2586 2542 2764 2609 regula
2798 2551 3002 2595 naturte
3034 2542 3149 2595 luit.
3182 2542 3372 2596 Docuit
3395 2544 3509 2611 pri-

1902 2633 1972 2683 mi
2002 2632 2269 2700 exemplo,
2299 2632 2569 2699 quomodo
2593 2643 2837 2701 suscepta
2869 2635 3046 2702 proles
3086 2636 3152 2688 ab
3182 2634 3398 2690 homine
3424 2635 3509 2690 di-

1901 2722 2004 2773 vidi
2033 2722 2246 2774 debeat.
2282 2720 2500 2775 Immisit
2532 2722 2667 2775 Deus
2692 2741 2925 2776 somnum
2947 2725 2999 2777 in
3031 2726 3215 2777 Adam.
3246 2727 3379 2781 Rem
3409 2728 3510 2780 mi-

1901 2828 2013 2867 ram
2043 2814 2053 2865 !
2089 2812 2321 2881 Tempus
2343 2813 2491 2877 dicit,
2517 2830 2622 2883 quo
2648 2816 3044 2871 matrimonium
3071 2819 3249 2872 initur.
3276 2821 3510 2876 Somnus

1899 2905 2122 2958 eestasis
2149 2916 2391 2970 vocatur,
2419 2905 2541 2974 quia
2571 2906 2731 2960 homo
2753 2909 2903 2977 quasi
2932 2919 3085 2964 extra
3117 2912 3352 2979 seipsum
3381 2922 3508 2968 tunc

1899 3005 2001 3049 est.
2046 2994 2189 3049 Intus
2232 2996 2409 3050 anima
2455 3007 2556 3063 est,
2590 3008 2643 3051 et
2689 3010 2910 3053 nonest
2951 3001 3111 3055 intus.
3161 3001 3279 3056 Non
3323 3004 3509 3070 sentit,

1900 3101 2006 3139 non
2038 3086 2302 3156 intelligit,
2331 3089 2553 3143 audiens
2576 3106 2680 3143 non
2704 3092 2871 3144 audit.
2894 3092 3050 3145 Velut
3077 3092 3235 3148 hodie
3256 3094 3506 3163 dicimus,

1899 3178 2104 3232 Eestasi
2139 3196 2264 3233 usus
2296 3191 2396 3247 est,
2442 3183 2581 3250 quod
2614 3193 2761 3237 extra
2804 3186 3013 3253 negotia
3046 3185 3206 3240 fuerit
3242 3206 3254 3241 :
3285 3187 3362 3240 sic
3387 3188 3507 3241 ani-

1899 3288 2005 3336 ma,
2035 3288 2153 3326 cum
2184 3284 2332 3327 extra
2368 3290 2557 3328 sensus
2584 3275 2759 3340 fuerit,
2791 3280 2839 3330 in
2871 3280 3061 3331 eestasi
3094 3290 3194 3332 est.
3233 3279 3297 3333 Et
3326 3280 3506 3334 obdor-

1898 3364 2055 3427 mivit,
2093 3364 2281 3431 inquit,
2317 3377 2362 3417 et
2390 3371 2502 3418 tulit
2535 3366 2672 3420 Deus
2703 3385 2858 3419 unam
2884 3368 2948 3421 de
2977 3370 3128 3422 costis
3156 3370 3287 3439 ejus.
3325 3371 3399 3426 De
3425 3370 3509 3425 his

1897 3454 2295 3524 interrogentur
2342 3456 2577 3511 hzeretiei
2612 3478 2622 3510 :
2659 3458 2939 3524 Quomodo
2988 3461 3105 3513 tulit
3144 3462 3323 3514 Deus?
3367 3478 3505 3531 quo-

1896 3547 2056 3602 modo
2098 3549 2264 3602 Adam
2306 3549 2545 3604 dolorem
2575 3566 2680 3605 non
2705 3553 2910 3606 sensit?
2941 3554 3208 3621 quomodo
3242 3571 3345 3609 non
3375 3570 3504 3609 cru-

1895 3641 2067 3694 ciatus
2093 3642 2221 3694 est?
2252 3641 2305 3695 Si
2339 3643 2422 3695 vel
2457 3644 2593 3712 pilus
2618 3659 2646 3695 a
2676 3660 2901 3714 corpore
2932 3646 3179 3711 vellatur,
3215 3646 3461 3702 dolemus
3487 3665 3503 3713 ;

1894 3735 2138 3804 quamvis
2165 3735 2274 3788 alto
2316 3737 2436 3804 quis
2473 3752 2668 3804 sopore
2706 3737 2958 3803 dormiat,
2991 3738 3192 3792 doloris
3224 3740 3275 3793 vi
3312 3756 3505 3809 exper-

1894 3827 2113 3894 giscitur
2141 3827 2229 3895 qui
2260 3827 2488 3891 dormit;
2520 3838 2725 3883 tantum
2772 3831 2975 3885 tollitur
3004 3832 3325 3899 membrum,
3360 3842 3505 3887 tanta

1894 3919 2140 3972 evellitur
2168 3929 2335 3979 costa,
2369 3934 2467 3973 nec
2492 3920 2765 3974 dormiens
2797 3936 2823 3973 a
2848 3937 3036 3974 somno
3064 3923 3366 3977 excitatur?
3387 3923 3504 3979 Non

1896 4010 1942 4062 vi
1986 4011 2199 4073 avulsit,
2242 4021 2299 4064 ut
2344 4013 2761 4080 ettpergbceri-t,
2811 4030 2913 4065 nou
2949 4014 3265 4080 discerpsit;
3317 4030 3501 4068 verum

1895 4104 2189 4171 Scriptura,
2241 4114 2296 4156 ut
2342 4106 2576 4160 Artiﬁcis
2620 4106 2949 4159 celeritatem
2998 4108 3275 4171 ostendat,
3324 4105 3501 4171 Tulit,

1895 4194 2084 4263 inquit.
2121 4195 2321 4247 Saluta:
2351 4205 2473 4249 sunt
2502 4211 2807 4266 compages,
2842 4206 2893 4250 et
2921 4212 3024 4249 non
3054 4197 3256 4250 sensit?

1966 4286 2017 4338 9.
2050 4284 2192 4336 Tulit
2222 4294 2448 4349 costam,
2478 4295 2535 4338 ut
2566 4287 2760 4340 tulerat
2788 4288 3081 4353 pulverem.
3112 4285 3166 4341 Si
3194 4288 3333 4341 alius
3358 4297 3504 4343 esset

1893 4382 1980 4450 qui
2010 4393 2370 4450 compegerat,
2397 4381 2534 4435 alius
2564 4383 2655 4451 qui
2688 4382 2867 4447 solvil,
2898 4398 3071 4451 pugna
3096 4391 3275 4449 esset;
3301 4385 3380 4436 sin
3405 4399 3500 4437 au-

1896 4481 1999 4525 tem
2033 4472 2121 4540 qui
2156 4472 2413 4541 ligaverat
2441 4472 2633 4535 solvit,
2665 4474 2707 4525 is
2735 4483 2882 4527 certe
2912 4467 3118 4542 placide
3149 4474 3325 4527 solvit.
3362 4473 3500 4526 Tulit

1892 4573 2102 4627 costam,
2136 4575 2182 4617 et
2210 4565 2418 4631 replevit
2444 4580 2537 4631 pro
2564 4581 2622 4616 ea
2650 4580 2871 4615 carnem.
2899 4563 3051 4617 Unde
3079 4564 3342 4632 replevit?
3368 4580 3496 4617 num

1892 4675 1954 4711 ex
2001 4659 2205 4726 reliquo
2233 4657 2393 4710 traxit
2427 4658 2697 4724 corpore?
2724 4658 2882 4723 Atqui
2916 4671 3073 4708 omne
3096 4669 3289 4723 corpus
3309 4697 3323 4720 ,
3353 4658 3495 4725 quod

1893 4751 2123 4803 trahitur
2152 4760 2206 4803 et
2237 4749 2589 4812 distenditur,
2633 4748 2882 4801 subtilius
2918 4747 3168 4801 efﬁcitur.
3212 4748 3497 4815 Quomodo

1890 4844 2151 4913 replevit?
2188 4846 2257 4896 ltc
2290 4859 2518 4911 corpore
2558 4843 2844 4911 loquimur,
2876 4851 2930 4895 et
2968 4858 3071 4894 non
3116 4842 3497 4911 intelligimus;

1891 4937 1956 4991 de
1990 4938 2094 4990 Deo
2134 4937 2422 5004 loquimur,
2452 4946 2504 4987 et
2532 4935 2793 4987 curiosius
2823 4934 3201 5002 exploramus?
3232 4933 3298 4985 Et
3323 4935 3496 5001 wdiﬁ-

1890 5030 2019 5080 cavit
2052 5027 2297 5080 Dominus
2328 5038 2553 5090 costam,
2585 5043 2735 5091 quam
2763 5028 2944 5078 tulerat
2976 5026 3037 5077 de
3068 5026 3264 5089 Adam,
3297 5027 3347 5078 in
3376 5042 3494 5077 mu-

1888 5122 2057 5173 lierem
2091 5120 2256 5186 (lien.
2287 5119 2338 5172 ‘2.
2367 5118 2496 5187 29.).
2528 5118 2808 5186 Quomodo
2837 5118 2976 5171 oculi
3008 5134 3070 5171 ex
3105 5126 3248 5170 casta
3280 5118 3491 5172 formati

1888 5213 2053 5265 sunt?
2086 5212 2223 5263 unde
2254 5226 2346 5263 cor
2375 5210 2657 5278 cogitans?
2690 5210 2827 5261 unde
2862 5209 3038 5277 lingua
3069 5208 3331 5276 loquens?
3360 5223 3492 5277 quo-

1888 5305 2047 5358 modo
2085 5305 2381 5357 distensum
2429 5312 2510 5355 est
2549 5318 2609 5353 cx
2654 5311 2797 5353 costa
2830 5300 3182 5353 intestinum?
3218 5299 3491 5367 quomodo

1887 5412 1948 5451 ex
1991 5407 2135 5451 costa
2182 5396 2331 5464 jecur
2376 5393 2569 5446 factum
2609 5393 2722 5446 est?
2754 5392 2876 5443 ll;ee
2913 5392 3182 5458 quomodo
3216 5391 3350 5444 facta
3381 5390 3491 5443 sint

1886 5506 2077 5559 capere
2107 5507 2211 5542 non
2246 5499 2423 5557 potes,
2455 5495 2508 5539 et
2536 5485 2806 5539 Artiﬁcem
2836 5485 3046 5539 curiose
3077 5486 3350 5539 scrutaris!
3384 5483 3487 5537 Ve-

1884 5597 2002 5634 rum
2052 5582 2166 5634 vide
2210 5580 2492 5647 imaginem
2538 5576 2734 5631 Christi
2773 5576 2988 5646 ubique.
3035 5577 3148 5631 Non
3192 5576 3337 5644 prius
3371 5571 3490 5628 tulit

1884 5675 2023 5728 Dens
2054 5686 2256 5738 costam
2287 5676 2352 5726 de
2386 5672 2612 5734 Adamo,
2644 5687 2801 5740 quam
2832 5671 2928 5740 ipsi
2958 5684 3201 5724 somnum
3236 5666 3488 5720 immitte-

1883 5778 1982 5820 ret.
2016 5765 2232 5834 Quare?
2266 5765 2339 5819 Ex
2371 5776 2515 5817 costa
2561 5773 2838 5832 peecatmn
2872 5764 3132 5816 oriturum
3164 5767 3311 5819 erat;
3343 5754 3483 5827 quod

1889 5875 2081 5931 neiupe
2111 5876 2203 5928 per
2244 5859 2522 5913 mulierem
2553 5858 2788 5912 intravit.
2825 5858 2975 5912 Venit
3005 5858 3256 5911 Serv-ator
3282 5869 3310 5907 c
3337 5863 3485 5907 costa
