3984 6446
422 471 618 630 ﬁliam
648 555 825 611 ferens
854 561 908 609 et
931 549 1246 623 sanguinem
1269 565 1284 614 ;
1307 561 1505 618 aquam
1533 559 1654 617 qum
1684 552 1903 615 peccata
1933 540 2032 595 ab-

425 648 621 715 lueret,
648 648 962 719 sanguinem
985 644 1078 716 qui
1103 642 1419 715 mysterium
1442 639 1599 695 nobis
1622 636 1877 692 traderet.
1903 632 2037 690 Vide

425 740 674 811 ﬁguram.
703 737 1014 794 Dormiente
1048 736 1276 796 Adamo,
1301 737 1454 788 msta
1484 731 1770 787 tollebatur
1802 747 1814 782 :
1844 741 2037 782 somno

425 832 640 904 corpori
670 831 870 888 Christi
907 829 1326 901 superveniente
1346 867 1360 891 ,
1393 834 1541 880 casta
1574 822 1952 893 aperiebatur,
1980 827 2039 873 ut

426 935 663 984 veterem
690 922 1007 994 tragoediam
1031 922 1266 977 solveret
1291 934 1387 989 per
1409 932 1599 972 novam
1628 913 1906 970 historiam
1933 929 1946 965 :
1970 910 2038 967 de

428 1031 621 1076 somno
649 1017 842 1088 loquor
871 1029 978 1086 quo
1005 1014 1059 1069 in
1089 1027 1250 1069 cruce
1287 1019 1570 1080 correptus
1599 1016 1704 1064 est.
1734 1004 2039 1075 zEdiﬁcavit

426 1121 622 1165 costam
646 1109 700 1163 in
721 1107 1003 1170 mulierem,
1035 1105 1250 1159 adduxit
1276 1120 1388 1157 eam
1417 1101 1486 1156 ad
1505 1100 1695 1155 Adam.
1725 1099 1767 1155 0
1796 1098 2040 1168 benigni-

431 1209 593 1256 tatem
625 1198 873 1254 Domini!
902 1196 1111 1265 Quanta
1144 1194 1290 1258 facit,
1321 1194 1536 1256 format,
1569 1199 1699 1261 quot
1727 1189 2038 1244 muneribus

429 1290 634 1346 afﬁcit?
659 1289 892 1346 Adducit
921 1287 1171 1342 animalia
1192 1329 1207 1350 ,
1241 1299 1495 1355 sponsam
1526 1283 1704 1337 tradit.
1733 1281 1867 1350 Quia
1892 1280 2038 1336 enim

430 1386 600 1441 Adam
633 1384 785 1454 quasi
816 1381 1050 1453 pupillus
1075 1389 1211 1446 erat,
1242 1389 1297 1434 et
1323 1378 1431 1433 Eva
1459 1377 1628 1448 virgo,
1659 1376 1776 1430 sine
1804 1385 1958 1445 patre
1986 1382 2041 1429 ct

430 1487 601 1533 matre
621 1516 636 1538 ,
669 1475 761 1546 qui
796 1472 1034 1529 ofﬁcium
1065 1478 1424 1543 praestarent:
1457 1469 1597 1524 Deus
1627 1465 1792 1537 patris
1821 1464 2038 1520 matris-

429 1583 535 1639 que
574 1565 908 1623 l‘unctionem
935 1565 1068 1621 obit.
1110 1565 1189 1618 Ac
1226 1562 1350 1618 vide
1393 1561 1566 1632 legem
1599 1577 1613 1615 :
1641 1557 1819 1613 omnis
1843 1557 2042 1628 quippe

427 1675 533 1716 vox
580 1659 675 1715 Dei
718 1657 976 1729 primaeva
1021 1666 1225 1713 natura:
1269 1669 1457 1710 norma
1496 1660 1600 1710 est.
1643 1650 1873 1706 Adduxit
1903 1649 2042 1705 Deus

432 1749 700 1804 mulierem
724 1748 794 1802 ad
818 1747 988 1802 Adam
1013 1762 1032 1802 :
1057 1757 1114 1804 et
1143 1747 1227 1802 lex
1255 1745 1344 1802 illa
1372 1744 1571 1801 mansit
1605 1743 1673 1798 ad
1706 1743 1847 1798 hunc
1874 1756 2044 1812 usque

432 1841 601 1902 diem.
632 1853 691 1898 ut
720 1855 858 1896 uxor
887 1840 1063 1894 virum
1093 1839 1267 1904 adeat,
1300 1852 1407 1894 non
1439 1838 1613 1892 virum
1643 1836 1710 1891 ad
1737 1850 1958 1891 uxorem
1989 1835 2045 1890 in

433 1947 694 2005 sponsum
715 1932 952 1988 adducit.
973 1930 1136 1986 Erant
1161 1930 1310 1995 nudi,
1328 1940 1374 1985 et
1394 1947 1496 1985 non
1517 1929 1868 1986 erubescebant
1887 1927 2042 1998 (Gen.

434 2023 493 2080 2.
515 2024 632 2095 25).
658 2023 837 2078 Manet
857 2023 1063 2093 regula,
1087 2024 1173 2078 lex
1190 2023 1408 2077 clamat.
1431 2022 1631 2077 Omnes
1651 2020 1732 2076 vir
1751 2019 2041 2086 erubescit,

436 2124 634 2186 preter
661 2115 932 2185 propriam
963 2129 1210 2179 uxorem,
1233 2128 1424 2168 omnes
1449 2127 1584 2168 uxor
1606 2111 1883 2169 erubescit
1907 2127 2046 2182 prte-

437 2215 520 2263 ter
546 2207 826 2278 proprium
851 2205 1047 2261 virum.
1090 2205 1271 2276 Itaque
1309 2207 1412 2261 hoc
1449 2204 1669 2277 quidem
1702 2204 1812 2259 dixi
1847 2218 2046 2259 secun-

437 2298 566 2353 dum
594 2298 769 2368 legem
793 2315 807 2352 :
832 2312 994 2352 causa
1018 2307 1215 2364 autem,
1240 2313 1337 2352 cur
1360 2297 1486 2351 nudi
1513 2313 1618 2351 non
1643 2298 2044 2360 erubescerent,

435 2397 554 2445 erat
579 2388 722 2459 quod
755 2389 1162 2445 immortalitate
1187 2399 1371 2444 essent
1406 2387 1610 2454 induti,
1643 2389 1814 2459 gloria
1841 2388 2041 2444 amicti.

434 2481 552 2538 Non
593 2482 804 2538 sinebat
843 2482 1012 2553 gloria
1034 2523 1049 2549 ,
1085 2493 1140 2537 ut
1176 2482 1319 2538 nuda
1361 2481 1716 2538 viderentur:
1751 2483 1862 2553 ipsa
1903 2484 2045 2539 enim

436 2573 732 2630 nuditatem
753 2573 1061 2645 obtegebat.
1089 2573 1188 2630 Ubi
1217 2574 1421 2645 poteris
1448 2573 1648 2628 nudum
1672 2573 1853 2630 videre
1873 2575 2048 2630 virum

436 2680 546 2722 non
585 2666 1032 2722 erubescentem?
1059 2664 1119 2720 in
1149 2663 1365 2720 Christo
1410 2665 1587 2735 ipsum
1629 2665 1859 2721 invenis.
1890 2665 2052 2723 Venit

438 2759 635 2816 Petrus
661 2769 713 2815 et
740 2758 979 2816 Joannes
1003 2768 1058 2814 et
1091 2757 1325 2814 Jacobus
1350 2757 1404 2812 in
1435 2767 1838 2813 monumentum
1855 2797 1872 2825 ,
1898 2773 2050 2830 qua:-

438 2862 619 2908 rentes
644 2839 862 2922 corpus,
891 2860 945 2907 et
972 2866 1077 2906 non
1104 2850 1449 2911 invenerunt,
1481 2850 1575 2903 sed
1608 2849 1929 2905 invenerunt
1957 2866 2051 2906 ve-

439 2945 694 2999 stimenta
723 2944 991 3008 involuta,
1021 2951 1078 2996 ut
1103 2941 1499 3007 ostenderetur,
1532 2949 1655 3011 post
1695 2941 2051 2996 resurrectio-

439 3050 564 3090 nem
586 3033 786 3089 Christi
805 3075 820 3096 ,
849 3033 900 3087 in
932 3033 1048 3103 ipso
1072 3032 1276 3087 servari
1300 3041 1541 3087 veterem
1567 3031 1759 3086 Adami
1788 3031 2011 3087 formam
2032 3073 2048 3099 ,

436 3142 670 3198 esseque
717 3128 836 3182 sine
875 3125 1241 3193 vestimentis,
1288 3139 1397 3179 non
1445 3125 1645 3180 nudum
1692 3132 1914 3188 tamen,
1953 3123 2050 3180 sed

440 3221 716 3276 vestitum.
741 3219 987 3274 Surrexit
1013 3217 1280 3283 Christus,
1306 3218 1560 3287 exuitque
1588 3217 1908 3273 vestimenta
1929 3233 2051 3288 qua:

442 3314 681 3370 Adamus
705 3313 975 3377 induerat,
1000 3323 1223 3384 eratque
1250 3311 1444 3378 nudus,
1473 3327 1571 3370 nec
1592 3310 1767 3366 nudus
1793 3311 2052 3367 cerneba-

444 3414 549 3459 tur.
571 3404 700 3462 Post
719 3403 1172 3460 resurrectionem
1196 3402 1451 3458 mulieres
1471 3402 1792 3458 vestimentu
1815 3402 2051 3473 proiecta

441 3493 647 3550 vident.
682 3493 888 3550 Martha
915 3502 971 3550 et
996 3492 1159 3548 Maria
1189 3492 1375 3548 vident
1402 3507 1548 3558 eum,
1580 3501 1898 3564 agnoscunt,
1925 3508 2052 3564 pro-

443 3583 738 3652 cumbunt,
771 3594 826 3640 et
852 3583 1054 3641 nudum
1086 3599 1191 3641 non
1220 3583 1425 3639 vident.
1457 3581 1610 3640 Unde
1637 3592 1816 3640 vestes
1842 3584 2052 3641 induit?

441 3677 714 3732 Amiserat
738 3677 882 3733 enim
912 3692 1006 3732 eos
1033 3677 1084 3730 in
1117 3683 1485 3732 monumento.
1521 3675 1706 3731 Priora
1732 3677 2051 3734 vestimenta

443 3765 740 3822 diviserant
777 3767 994 3822 milites.
1023 3766 1307 3824 Undenam
1349 3766 1629 3822 induitur?
1658 3765 1798 3822 unde
1825 3768 1916 3838 qui
1947 3783 2051 3823 nu-

443 3855 585 3926 dus,
626 3870 734 3911 non
778 3856 994 3912 nudus?
1033 3857 1191 3912 Aliud
1235 3871 1422 3930 quaero
1455 3874 1469 3911 :
1510 3871 1610 3912 cur
1644 3857 1958 3912 vestimenta
2000 3866 2054 3914 et

445 3946 728 4004 sindonem
758 3948 811 4003 in
842 3964 946 4003 una
977 3959 1129 4020 parte
1157 3950 1428 4016 viderunt,
1455 3949 1732 4004 sudarium
1762 3965 1914 4015 vero,
1945 3967 2053 4020 quo

444 4051 608 4111 caput
646 4038 953 4097 Servatoris
990 4043 1227 4097 vinctum
1273 4043 1480 4108 fuerat,
1521 4042 1575 4097 in
1613 4043 1716 4098 alia
1755 4044 1946 4114 parte?
1985 4043 2053 4100 Ut

446 4131 626 4188 divina
673 4133 846 4202 gratia
898 4133 1312 4200 ostenderetur,
1362 4133 1615 4204 quodque
1661 4134 1780 4189 sine
1824 4136 2052 4189 tumultu

445 4224 780 4280 resurrectio
815 4218 1024 4280 fuisset.
1054 4224 1122 4280 Et
1149 4224 1272 4293 quia
1308 4239 1582 4280 rumorem
1610 4223 1779 4280 Judtei
1816 4225 2053 4295 sparsuri

445 4325 631 4373 erant.
677 4314 971 4385 discipulos
1014 4314 1189 4387 ipsum
1226 4315 1428 4371 furatos
1468 4331 1614 4380 esse,
1655 4317 1912 4387 relinquit
1960 4331 2055 4373 ve-

446 4407 700 4464 stimenta
735 4423 829 4463 sua
872 4408 924 4463 in
965 4417 1334 4464 monumento.
1369 4409 1502 4464 Nam
1543 4409 1632 4480 qui
1672 4421 1942 4465 mortuum
1970 4411 2055 4466 fu-

445 4509 619 4562 ratur,
651 4500 824 4571 ipsum
849 4515 970 4555 cum
997 4501 1336 4555 vestimentis
1357 4499 1583 4555 furatur.
1615 4500 1916 4572 Videreque
1939 4511 2058 4559 erat

447 4589 794 4646 Servatorem
816 4591 1184 4660 egredientem
1211 4605 1276 4647 ex
1301 4591 1566 4663 sepulcro,
1600 4591 1737 4646 sicut
1763 4591 2058 4663 Josepbum

447 4697 516 4740 ex
545 4682 710 4738 domo
739 4681 1031 4754 .Egyptiae.
1072 4683 1141 4739 Et
1175 4683 1298 4739 vide
1337 4682 1467 4737 mibi
1500 4681 1858 4739 dill'erentiam
1894 4703 1908 4738 :
1937 4694 2060 4755 post

448 4773 902 4831 resurrectionem
939 4773 1090 4830 visus
1126 4782 1211 4830 est
1239 4773 1489 4830 Christus
1528 4773 1702 4829 nudus
1728 4815 1742 4840 ,
1774 4784 1829 4831 et
1869 4775 2061 4833 Petrus

452 4864 630 4921 nudus
671 4881 685 4917 :
730 4878 915 4920 verum
965 4865 1056 4921 ille
1100 4865 1313 4937 quidem
1355 4866 1760 4922 immortalitate
1804 4869 2060 4938 prteditus

453 4964 610 5021 erat,
646 4955 734 5009 hic
760 4965 938 5010 autem
978 4957 1222 5012 mortalis
1250 4956 1425 5012 adhuc
1455 4967 1592 5013 erat.
1618 4957 1777 5013 Jesus
1803 4959 1976 5013 stabat
2005 4961 2056 5014 in

451 5048 656 5116 littore,
682 5047 852 5118 gloria
880 5046 1118 5114 indulus,
1145 5047 1331 5104 dicens
1354 5066 1370 5104 :
1394 5046 1542 5114 Filii,
1567 5067 1688 5104 num
1715 5050 1838 5120 quid
1863 5053 2062 5121 apsonii

455 5139 646 5193 habetis
677 5136 857 5208 (Joan.
884 5138 976 5194 Si.
1009 5137 1107 5212 5)?
1136 5138 1283 5202 Non,
1318 5140 1597 5211 inquiunt,
1626 5157 1732 5196 non
1762 5142 2019 5198 habemus
2043 5162 2057 5199 :

455 5245 565 5285 non
591 5231 733 5286 enim
765 5240 1025 5286 noverant
1048 5247 1192 5286 eum.
1222 5231 1423 5288 Deinde
1447 5232 1572 5288 dicit
1598 5251 1613 5292 :
1648 5233 1838 5288 Mittite
1861 5235 1912 5288 in
1937 5236 2062 5290 dea:-

457 5335 618 5378 teram
647 5325 832 5392 navigii
867 5335 1058 5395 partem
1088 5325 1246 5397 (Ibid.
1288 5341 1332 5378 υ.
1365 5323 1442 5395 6).
1471 5325 1749 5393 Miserunt,
1781 5343 1843 5382 ac
1877 5329 2061 5397 ingen-

460 5431 568 5474 tem
598 5417 827 5487 piscium
869 5418 1266 5474 multitudinem
1303 5427 1581 5486 ceperunt.
1618 5421 1875 5491 Agnoscit
1903 5420 2066 5476 Joan-

459 5523 590 5574 nes,
615 5516 670 5565 et
698 5507 828 5563 dicit
851 5509 1045 5576 Petro,
1075 5507 1325 5564 Dominus
1351 5519 1424 5564 est
1453 5509 1616 5580 (Ibid.
1639 5527 1686 5564 υ.
1717 5511 1793 5581 7).
1826 5510 1871 5567 0
1900 5514 2065 5567 mira-

459 5602 669 5659 culum!
698 5599 814 5656 Non
845 5612 1179 5671 agnoverunt
1200 5617 1267 5658 ex
1289 5615 1443 5665 voce,
1473 5601 1568 5656 sed
1601 5616 1666 5656 ex
1696 5602 1972 5673 operibus.
1997 5602 2067 5658 Et

462 5699 712 5766 sumpsit,
755 5698 968 5770 inquit,
1012 5695 1194 5752 Petrus
1239 5699 1466 5752 tunicam
1502 5712 1520 5751 :
1555 5706 1662 5751 erat
1705 5699 1836 5752 enim
1876 5701 2064 5754 nudus.

463 5789 688 5846 Mortale
725 5805 922 5861 corpus
959 5789 1263 5856 erubescit,
1298 5788 1603 5844 immortale
1640 5804 1746 5845 non
1776 5791 2064 5848 erubescit.

467 5880 666 5938 Verum
693 5882 743 5938 ei
767 5883 856 5954 qui
887 5895 987 5939 nos
1023 5876 1194 5951 gloria
1234 5879 1443 5947 induit,
1473 5889 1524 5936 et
1553 5880 1642 5951 qui
1671 5880 1855 5939 orbem
1895 5883 2066 5940 induit

1897 421 2272 481 SEVERIANI

2155 461 2272 480 σω-
3657 461 3766 512 484

2149 538 2552 596 immortalitate
2576 580 2591 607 ,
2620 539 2746 596 huic
2784 540 3128 612 procldamus
3147 584 3162 608 ,
3196 541 3321 600 huic
3351 546 3753 617 supplieemus,

2145 641 2201 685 ut
2231 646 2330 685 nos
2357 630 2542 686 induat
2567 631 2693 698 ﬁde,
2716 646 2812 703 spe
2836 633 3050 698 salutis,
3074 634 3244 701 gloria
3266 637 3318 690 in
3341 636 3559 694 Christo
3585 656 3597 694 :
3625 655 3758 711 quo-

2145 726 2288 778 niam
2314 724 2458 780 Patri
2487 725 2655 796 gloria
2679 767 2695 792 ,
2726 742 2848 780 cum
2879 727 3150 797 unigenito
3176 727 3313 783 Filio
3337 737 3393 783 et
3419 741 3611 788 sancto
3639 733 3761 805 Spi-

2145 813 2274 883 ritu,
2302 831 2445 872 nunc
2466 825 2521 872 et
2541 832 2778 888 semper,
2806 828 2859 874 et
2886 819 2938 872 in
2967 819 3161 874 saecula
3188 821 3534 877 szecnlorum.
3561 826 3757 882 Amen.

2144 949 2212 1005 In
2240 951 2374 1005 diem
2398 962 2594 1007 sextum
2622 954 2911 1017 creatiouis,
2936 963 2982 1007 et
3007 955 3059 1007 in
3087 955 3278 1024 primos
3303 969 3558 1026 parentes,
3581 960 3634 1014 in
3656 978 3764 1014 scr-

2218 1052 2450 1111 pentem,
2499 1053 2545 1097 et
2594 1046 2648 1097 in
2695 1045 2889 1115 lignum
2937 1046 3193 1111 scientias,
3242 1047 3305 1101 de
3347 1048 3662 1105 habitatione
3710 1053 3762 1104 in

2219 1135 2490 1206 paradiso,
2534 1137 2695 1207 deque
2728 1136 2916 1192 Adami
2953 1154 3070 1192 cum
3117 1139 3226 1194 Deo
3268 1140 3541 1213 colloquio.
3579 1141 3765 1199 Oratio

2217 1238 2361 1283 sexta
2383 1228 2481 1302 (a).

2226 1367 2277 1421 i.
2303 1369 2417 1437 Age
2441 1366 2796 1438 rursus,quod
2821 1362 3041 1437 polliciti
3068 1383 3257 1425 sumus
3283 1370 3687 1442 aggrediamur,
3713 1385 3767 1431 et

2147 1467 2522 1528 argumentum
2550 1458 2619 1514 de
2647 1458 2900 1529 paradiso
2927 1458 2993 1514 ad
3022 1459 3185 1516 ﬁnem
3212 1477 3381 1533 usque
3403 1464 3764 1522 deducamus.

2149 1551 2261 1607 Etsi
2288 1552 2432 1605 enim
2465 1551 2801 1607 intolerabile
2831 1552 3031 1608 malum
3066 1553 3192 1608 illud
3230 1553 3406 1620 fuerit,
3437 1558 3583 1628 quod
3616 1559 3770 1614 Ada-

2152 1659 2273 1698 mus
2299 1644 2509 1714 ejecnts
2535 1644 2605 1699 sit
2631 1643 2699 1701 de
2729 1644 2998 1715 paradiso,
3024 1645 3182 1718 longe
3209 1648 3380 1718 majus
3406 1651 3511 1704 erit
3537 1652 3767 1716 malum,

2150 1735 2194 1791 si
2227 1751 2325 1791 nos
2354 1751 2384 1790 a
2421 1736 2652 1807 paradisi
2700 1737 2959 1793 memoria
2999 1737 3356 1795 eliminemur.
3407 1741 3540 1797 Rem
3581 1753 3770 1800 autem

2149 1827 2494 1899 attingamus,
2524 1842 2632 1882 non
2662 1830 3039 1885 communibus
3065 1831 3364 1887 rationibus
3383 1849 3502 1889 eam
3532 1846 3775 1892 tractan-

2152 1929 2255 1984 tes,
2277 1921 2371 1976 sed
2402 1935 2468 1976 ex
2501 1920 2614 1990 ipsa
2642 1935 2794 1976 sacra
2823 1920 3096 1992 Scriptura
3123 1922 3408 1979 dubiorum
3435 1927 3770 1984 solutiOnem

2152 2013 2400 2067 mutuati.
2423 2012 2523 2080 Qui
2549 2013 2692 2069 enim
2717 2029 2814 2084 pro
2835 2013 2986 2069 libito
3013 2014 3175 2070 sentit
3203 2025 3258 2071 et
3281 2018 3498 2088 cogitat,
3525 2020 3770 2090 seipsum

2151 2102 2351 2174 decipit
2371 2120 2385 2158 :
2404 2103 2496 2174 qui
2520 2119 2650 2160 vero
2669 2120 2737 2160 ex
2757 2105 3029 2174 Scriptura
3053 2108 3408 2176 quzestionum
3437 2111 3770 2169 solutionem

2152 2204 2468 2263 mutuatur,
2514 2197 2684 2267 ipsam
2728 2196 2891 2252 habet
2929 2198 3212 2254 veritatem
3257 2200 3590 2272 magistram.
3634 2202 3773 2271 Quia

2152 2301 2284 2341 vero
2315 2287 2552 2342 ﬁdelium
2584 2287 2734 2342 multi
2779 2288 3016 2360 legentes
3057 2289 3337 2357 dubitant,
3375 2301 3431 2347 et
3470 2293 3772 2350 inﬁdelium

2154 2376 2370 2447 plurimi
2391 2377 2702 2448 ignorantes
2723 2377 3118 2448 blasphemant,
3141 2388 3276 2436 utet
3301 2381 3500 2438 sanctis
3526 2385 3773 2441 animum

2154 2469 2440 2524 certiorem
2466 2469 2778 2535 reddamus,
2811 2479 2866 2524 et
2893 2469 3138 2526 infideles
3171 2472 3528 2537 confutemus,
3569 2490 3671 2543 pro
3696 2477 3777 2532 vi-

2153 2559 2240 2616 rili
2280 2577 2394 2617 rem
2437 2561 2843 2633 aggrediamur,
2875 2561 3042 2617 Deum
3073 2561 3346 2618 vobiscum
3383 2567 3775 2631 obsecrantes,

2156 2663 2215 2710 ut
2253 2655 2493 2709 veritatis
2534 2655 2690 2710 nobis
2730 2655 2940 2724 copiam
2984 2655 3374 2712 subministrat.
3405 2657 3520 2726 Qua
3561 2661 3776 2716 ratione

2159 2745 2320 2802 homo
2343 2746 2592 2802 conditus
2616 2746 2790 2810 fuerit,
2820 2761 2923 2818 qua
2949 2761 3178 2817 corpore
3206 2747 3488 2817 formatus,
3512 2767 3618 2821 qua
3643 2753 3772 2808 item

2155 2852 2185 2892 a
2220 2837 2330 2894 Deo
2358 2847 2538 2894 creata
2567 2839 2742 2893 anima
2800 2838 2945 2895 illius
2975 2839 3142 2895 indita
3168 2841 3383 2912 corpori
3414 2840 3603 2909 fuerit,
3634 2860 3773 2915 quo-

2157 2929 2320 2985 modo
2362 2929 2667 3000 paradisum
2706 2928 3033 2987 domicilium
3080 2930 3368 2999 habuerit,
3401 2934 3504 2989 etsi
3535 2950 3643 2991 non
3679 2953 3780 3004 pro

2157 3021 2236 3076 rei
2261 3021 2553 3093 dignitate,
2593 3036 2690 3092 pro
2724 3021 2976 3078 facultate
3004 3032 3154 3078 certe
3189 3034 3373 3080 nostra
3397 3065 3413 3092 ,
3445 3027 3580 3080 satis
3608 3043 3775 3098 supra

2157 3111 2358 3166 dictum
2385 3121 2486 3167 est.
2515 3112 2633 3167 Jam
2676 3112 2743 3167 ad
2785 3114 3118 3184 propositum
3152 3117 3452 3172 orationem
3483 3129 3774 3176 converta-

2157 3220 2301 3261 mus.
2335 3203 2464 3260 Data
2488 3205 2706 3276 quidem
2737 3205 2943 3260 Adatno
2968 3217 3051 3263 est
3075 3208 3324 3265 universa
3361 3220 3502 3267 terra
3525 3253 3542 3280 ,
3575 3215 3776 3284 praei.

2157 3311 2324 3368 puum
2354 3313 2483 3353 vero
2515 3297 2656 3352 illius
2683 3296 3041 3354 habitaculum
3073 3299 3354 3370 paradisus
3381 3314 3518 3359 erat.
3549 3305 3777 3364 Licebat

2155 3388 2318 3444 etiam
2345 3389 2391 3444 ei
2414 3400 2563 3445 extra
2591 3389 2899 3460 paradisum
2929 3391 3046 3458 ire;
3078 3406 3263 3447 verum
3297 3409 3416 3464 quae
3442 3406 3593 3450 extra
3626 3412 3776 3467 para-

2159 3477 2334 3532 disum
2356 3489 2511 3533 erant
2532 3479 2766 3535 hominis
2791 3478 3104 3537 habitationi
3127 3481 3375 3552 deputata
3401 3499 3507 3539 non
3530 3486 3774 3555 fuerant,

2158 3567 2251 3623 sed
2274 3567 2465 3637 brutis,
2486 3569 2791 3640 pecoribus,
2813 3570 3274 3642 quadrupedibus,
3294 3573 3440 3639 feris,
3462 3579 3773 3646 reptilibns.

2159 3659 2326 3732 Regia
2366 3675 2496 3716 vero
2540 3671 2595 3716 et
2639 3660 2824 3716 herilis
2864 3661 3124 3718 habitatio
3169 3663 3268 3733 ipsi
3311 3673 3429 3721 erat
3464 3669 3773 3735 paradisus.

2159 3750 2287 3808 ideo
2335 3752 2476 3808 Deus
2519 3754 2744 3809 adduxit
2778 3753 3029 3809 animalia
3067 3755 3135 3811 ad
3169 3755 3340 3810 Adam
3366 3799 3380 3822 ,
3413 3760 3574 3813 veluti
3608 3761 3678 3814 ab
3706 3777 3779 3818 eo

2159 3854 2427 3913 separata.
2467 3844 2584 3900 Non
2620 3845 2762 3901 enim
2805 3861 3020 3916 semper
3053 3849 3316 3918 mancipia
3349 3848 3477 3904 beru
3515 3851 3774 3918 adstant,

2159 3937 2254 3992 sed
2283 3952 2406 3992 cum
2447 3938 2554 3994 illis
2596 3953 2730 4009 Opus
2770 3937 3037 3994 habuerit.
3079 3940 3249 3996 indita
3289 3942 3609 3999 animalibus
3645 3955 3781 4002 sunt

2162 4030 2402 4096 nomina,
2432 4041 2490 4085 et
2514 4032 2693 4087 statim
2715 4031 2888 4101 ejecta
2914 4040 3040 4087 sunt
3061 4048 3079 4088 :
3101 4035 3297 4088 mansit
3317 4045 3498 4090 autem
3522 4039 3694 4092 Adam
3722 4040 3779 4094 in

2160 4120 2429 4188 paradiso.
2449 4124 2548 4179 Hic
2560 4139 2692 4181 vero
2704 4121 3006 4192 Scriptura;
3020 4123 3350 4194 diligentiam
3372 4128 3774 4187 animadverte.

2234 4213 2584 4266 Animantium
2627 4215 2726 4267 tria
2771 4230 2978 4286 genera.
3019 4245 3091 4256 —
3127 4215 3285 4270 Jussa
3327 4227 3482 4273 erant
3519 4221 3779 4279 animalia

2162 4302 2429 4357 Adamum
2461 4303 2612 4358 adire
2634 4345 2649 4368 ,
2677 4319 2737 4358 se
2761 4305 2836 4360 illi
2869 4306 3160 4374 inclinare,
3195 4309 3401 4380 ipsique
3427 4309 3734 4370 abblandiri
3762 4334 3777 4382 ;

2162 4395 2397 4465 exempli
2438 4409 2634 4463 causa,
2679 4398 3131 4468 quemadmodum
3175 4409 3331 4454 erant
3365 4401 3465 4457 tria
3506 4403 3781 4473 lignorum

2163 4504 2360 4559 genera
2381 4531 2396 4558 ,
2426 4505 2623 4562 nempe
2650 4490 2793 4561 ligna
2822 4507 2944 4560 qua:
2985 4491 3136 4547 illum
3167 4493 3410 4558 alerent,
3443 4504 3502 4550 ut
3525 4498 3740 4554 viveret
3769 4541 3783 4565 ,

2164 4583 2304 4654 ligna
2331 4600 2451 4654 quae
2478 4585 2623 4639 illum
2651 4585 2961 4654 probarent,
2991 4595 3050 4640 ut
3079 4586 3215 4642 bene
3241 4588 3463 4655 viveret,
3491 4599 3544 4645 et
3573 4590 3780 4662 lignum

2163 4674 2306 4745 quod
2335 4675 2507 4746 ipsum
2535 4675 2851 4742 custodiret,
2879 4684 2938 4730 ut
2964 4689 3179 4747 semper
3208 4679 3438 4748 viveret;
3465 4682 3545 4738 sic
3569 4693 3625 4738 et
3651 4684 3782 4741 bru-

2164 4773 2340 4821 torum
2387 4767 2739 4822 animantium
2783 4767 2883 4822 tria
2928 4767 3030 4838 ipsi
3068 4783 3323 4827 concessa
3365 4781 3495 4827 sunt
3535 4789 3779 4845 genera;

2165 4872 2330 4911 unum
2359 4857 2426 4912 ad
2457 4873 2636 4914 escam
2658 4900 2672 4924 ,
2701 4858 2932 4914 alterum
2973 4859 3038 4914 ad
3079 4860 3430 4931 obsequium,
3463 4866 3682 4920 tertium
3712 4867 3780 4922 ad

2166 4950 2519 5005 recreandum
2542 4950 2815 5006 animum:
2839 4951 3092 5006 nimirum
3114 4949 3181 5006 ad
3207 4967 3384 5009 escam
3405 4970 3468 5009 ea
3493 4971 3615 5025 qua:
3639 4973 3782 5014 nunc

2168 5052 2506 5108 mactantur;
2539 5042 2605 5097 ad
2647 5043 3024 5108 ministerium,
3051 5043 3194 5114 equi,
3227 5046 3437 5110 cameli,
3481 5049 3644 5112 asini,
3679 5049 3781 5103 bo-

2166 5150 2284 5202 ves,
2315 5137 2527 5206 aliaque
2552 5136 2745 5191 similia
2773 5135 2875 5207 ipsi
2901 5136 3290 5205 ministrantia;
3322 5138 3390 5194 ad
3420 5140 3780 5197 recreandum

2167 5227 2406 5281 animum
2434 5226 2686 5283 animalia
2711 5227 2778 5283 ad
2807 5226 3158 5286 imitationem
3184 5229 3377 5288 idonea
3395 5271 3412 5299 ,
3446 5232 3586 5287 laetae
3617 5249 3783 5289 voces

2169 5320 2434 5376 aeriarum
2456 5319 2657 5384 avium,
2679 5335 2799 5390 quae
2819 5319 2980 5376 etiam
3003 5336 3163 5379 aures
3181 5323 3477 5383 oblectant.
3501 5322 3781 5392 Quemado

2171 5412 2388 5469 modum
2415 5415 2559 5470 enim
2585 5429 2781 5485 corpus
2807 5424 2929 5486 post
2953 5415 3182 5483 labores,
3214 5417 3315 5472 nisi
3340 5415 3780 5489 defatigationem

2172 5507 2458 5577 expulerit,
2487 5523 2593 5562 non
2623 5515 2797 5576 potest
2821 5507 2958 5562 alios
2985 5508 3136 5563 adire
3155 5508 3389 5571 labores,
3417 5508 3496 5562 sic
3521 5517 3576 5562 et
3601 5512 3783 5568 anima

2171 5601 2386 5656 virtutis
2412 5599 2684 5657 laboribus
2714 5599 3027 5672 perfuncta,
3062 5601 3161 5656 nisi
3189 5599 3442 5671 jucundis
3471 5604 3783 5672 aspectibus

2173 5702 2468 5761 recreetur,
2499 5693 2566 5749 ad
2594 5693 3047 5766 perseverandum
3087 5694 3142 5750 in
3173 5694 3366 5749 virtute
3407 5708 3515 5749 non
3560 5694 3779 5752 sumcit.

2230 5831 2311 5943 3a)
2345 5840 2620 5944 "tegaselxta
2643 5828 2842 5944 agminia
2865 5843 2962 5881 non
2984 5829 3194 5879 habetur
3230 5828 3280 5880 in
3309 5827 3546 5881 Vaticano
3569 5825 3748 5881 Codice
3762 5861 3785 5892 ,

2230 5911 2236 5927 '
2295 5907 2625 5944 eamevnus
2713 5907 2816 5942 ιι.

2179 5907 2270 5944 seu
2295 5907 2404 5944 eam
2422 5907 2625 5946 ωνιιιυε
2649 5907 2816 5944 θαιαιι.
