3984 6468
523 516 635 572 485

525 623 624 676 καὶ
648 621 794 696 ψυχὴ
831 625 958 688 τοὺς
989 626 1091 696 τῆς
1125 625 1326 698 ἀρετης
1371 643 1565 692 πονους
1602 627 1969 698 ὑπομένουσα,
2008 633 2103 685 ἐὰν

526 704 605 775 μή
631 709 750 770 ταῖς
783 709 990 778 ἡδείαις
1029 709 1184 777 ὄψεσι
1203 708 1581 782 ψυχαγωγηθῇ
1602 754 1616 775 ,
1659 714 1760 767 οὐκ
1782 716 1944 784 ἀρκεῖ
1969 716 2106 785 πρὸς

521 787 616 841 τὸν
649 789 800 843 τόνον
838 791 936 860 τῆς
966 793 1188 862 ἀρετῆς.
1227 793 1396 846 Ὅταν
1424 794 1509 866 ῐδῃ
1553 796 1580 846 6
1613 794 1747 858 Θεὸς
1790 798 2104 866 κάμνουσαν

520 871 720 941 ψυχὴν,
755 871 1072 942 ψυχαγωγεῖ
1092 874 1261 943 αὐτὴν
1287 874 1374 927 διά
1403 876 1508 927 τῶν
1535 876 1733 946 ήδέων·
1765 874 1873 931 οἷον
1896 880 2104 944 γίνεται

522 955 618 1008 καὶ
648 956 734 1024 ἐφ’
766 956 942 1026 ήμῶν.
980 956 1248 1019 Πολλάκις
1277 958 1385 1028 γάρ
1423 957 1481 1022 ἐξ
1511 960 1716 1026 ἀγορᾶς
1745 961 2053 1013 ἐπανελθὼν
2075 964 2104 1014 ό

520 1036 834 1107 ἄνθρωπος,
895 1039 988 1090 καὶ
1039 1039 1260 1108 μυρίαις
1297 1039 1492 1100 λύπαις
1542 1043 1956 1112 περιαντληθεὶς
2007 1045 2102 1114 τὴν

518 1117 778 1186 διάνοιαν,
807 1122 901 1174 καὶ
935 1120 1210 1191 συντυχὼν
1237 1121 1389 1191 ὄψεσι
1425 1123 1683 1187 πολλάκις
1716 1125 1976 1197 βαρείαις,
2009 1129 2104 1181 καὶ

519 1202 820 1274 ἀφορήτοις
843 1204 1156 1274 περιπεσὼν
1179 1209 1482 1275 συμφοραῖς
1510 1207 1603 1259 καὶ
1624 1207 1846 1277 ζημίαις
1862 1221 1910 1273 α,
1932 1210 2101 1262 ἐλθὼν

518 1287 601 1348 είς
624 1287 723 1355 τὴν
758 1286 938 1338 οἰκίαν
968 1287 1217 1356 εὑρίσκει
1252 1287 1466 1340 παιδίου
1501 1288 1876 1358 ψυχαγωγίαν,
1918 1293 2010 1343 καὶ
2043 1292 2102 1344 τὸ

519 1365 754 1437 σκληρὸν
777 1368 887 1420 τῶν
921 1368 1098 1421 πόνων
1132 1370 1342 1437 ἀλείφει
1370 1372 1429 1424 τὸ
1467 1372 1673 1425 άπαλὸν
1705 1374 1805 1442 τῆς
1838 1374 2095 1437 διανοίας.

529 1446 746 1521 Ἐπειδὴ
791 1450 896 1521 γὰρ
932 1451 1082 1521 αὺτῷ
1117 1451 1411 1523 ἀθυμοῦντι
1459 1456 1520 1506 οὑ
1555 1457 1691 1526 γυνὴ
1738 1458 2099 1528 προσέρχεται

517 1533 1019 1604 παραμυθουμένη,
1073 1537 1149 1599 ώς
1189 1538 1416 1609 ἄκαιρον
1456 1538 1651 1608 ἔχουσα
1696 1541 1796 1612 τὴν
1844 1559 2099 1612 παραμυ-

516 1614 658 1681 θίαν,
689 1617 789 1669 οὐκ
816 1617 1034 1687 οἰκέτης
1066 1618 1237 1690 τολμᾷ
1269 1622 1793 1693 παραμυθήσασθαι,
1830 1625 2038 1692 εἰσάγει
2071 1628 2099 1678 6

515 1696 647 1776 Θεὸς
685 1699 782 1770 τήν
803 1700 1078 1753 ἄπλαστον
1107 1699 1268 1768 φύσιν
1297 1703 1396 1774 τὴν
1423 1703 1751 1776 συγγνώμης
1774 1706 2097 1776 ἀξιουμένην

511 1779 577 1844 ἐξ
598 1773 673 1834 ὧν
697 1782 798 1834 οὐκ
819 1777 947 1846 οἶδε,
978 1783 1075 1836 καὶ
1102 1784 1168 1836 δι’
1205 1773 1375 1854 αὐτῆς
1411 1785 1620 1855 ἀλείφει
1644 1773 1742 1858 τήν
1771 1789 1835 1841 ἐκ
1865 1773 1972 1841 τῶν
1997 1773 2096 1841 πό-

514 1879 620 1916 νων
669 1868 1011 1935 ηκμηκυίαν
1053 1868 1249 1937 ψυχήν.
1300 1869 1528 1937 Οἰκέτης
1575 1870 1670 1922 ἐὰν
1728 1871 2093 1942 προσγελάσῃ,

510 1945 796 2016 νομίζεται
840 1949 1100 2020 ἐπιγελᾷν
1138 1954 1204 2022 τῇ
1242 1950 1396 2023 ῦϐρει
1432 1951 1527 2005 τοῦ
1558 1953 1815 2006 δεσπότου
1841 1968 1854 1982 ’
1893 1956 1926 2023 ή
1960 1955 2095 2024 γυνὴ

513 2028 609 2082 ἐὰν
651 2031 877 2103 γελάσῃ,
907 2035 1187 2104 νομίζεται
1223 2038 1577 2109 ἀναισθητεῖν
1608 2040 1736 2110 περὶ
1763 2039 1861 2111 τήν
1890 2057 2098 2111 συμφο-

516 2113 616 2182 ράν
638 2130 651 2145 ·
686 2116 746 2167 τὸ
781 2117 992 2170 παιδίον
1041 2118 1352 2172 ἀνύποπτον
1397 2121 1508 2190 ἔχει
1558 2120 1656 2192 τὴν
1691 2123 1979 2175 κολακείαν
2009 2123 2097 2177 διὰ

510 2197 610 2267 τὴν
637 2198 702 2251 ἐκ
727 2199 826 2269 τῆς
859 2199 1072 2267 φύσεως
1099 2201 1469 2273 ἀκεραιότητα
1490 2221 1502 2236 ·
1537 2205 1633 2257 καὶ
1677 2205 1937 2269 πολλάκις
1961 2205 1995 2256 ἃ
2021 2205 2095 2276 μή

513 2283 740 2351 ῖσχυσαν
769 2282 910 2351 φίλοι
950 2283 1444 2354 συμϐουλεύοντες,
1487 2287 1643 2355 σοφοὶ
1680 2288 2093 2352 νουθετοῦντες,

514 2363 699 2432 ι’σχυσε
729 2365 941 2418 παιδίον
967 2367 1205 2434 γελάσαν
1241 2368 1421 2437 μόνον,
1451 2368 1611 2424 λῦσαι
1635 2370 1731 2441 τὴν
1761 2373 1942 2425 πᾶσαν
1968 2389 2098 2442 συμ-

511 2449 705 2517 φοράν.
738 2449 849 2502 Καὶ
882 2449 1070 2503 λοιπὸν
1097 2452 1128 2521 ή
1164 2450 1309 2521 ψυχὴ
1337 2454 1395 2504 ἐν
1420 2453 1558 2522 αὐτῇ
1589 2455 1655 2522 τῇ
1691 2453 1841 2525 ἀκμῇ
1876 2455 1975 2524 τῆς
1999 2453 2093 2507 λύ-

510 2548 650 2601 πης,
690 2533 792 2602 ὁρᾷ
828 2533 928 2600 μὲν
958 2533 1019 2585 τὸ
1051 2533 1286 2596 παιδίον,
1323 2535 1416 2587 καὶ
1453 2535 1551 2597 τὰς
1597 2535 1775 2604 ἀρχὰς
1815 2537 2092 2600 ἀνανεύει,

510 2613 606 2666 καὶ
629 2613 932 2668 ἀπωθεῖται
975 2616 1074 2684 τὴν
1109 2615 1336 2687 ἄκαιρον
1367 2616 1725 2686 ψυχαγωγίαν
1745 2634 1762 2648 ·
1791 2619 2006 2672 ’έλκεται
2038 2619 2094 2672 δέ

507 2697 577 2766 τῇ
609 2700 924 2767 παραμονῇ,
957 2698 1053 2751 καὶ
1094 2698 1223 2750 ὅταν
1251 2698 1511 2762 πολλάκις
1547 2700 1796 2772 ἐπικλίνῃ
1826 2703 1886 2754 τὸ
1918 2701 2090 2771 ὄμμα,

504 2779 816 2848 ἀρπάζεται
841 2781 941 2850 τὴν
984 2780 1257 2834 διάνοιαν·
1300 2777 1421 2835 εἶτα
1467 2783 1751 2836 ἀναλαϐὼν
1788 2784 1879 2838 τὸν
1906 2786 2089 2851 παῖδα,

507 2861 828 2916 ἀποτίθεται
864 2863 964 2933 τήν
992 2863 1191 2933 λύπην,
1236 2864 1327 2916 καί
1361 2881 1519 2934 φησι·
1558 2865 1759 2919 Τοῦτόν
1810 2883 1898 2936 μοι
1938 2869 2096 2937 χαρί-

504 2961 662 2998 σεται
679 2946 706 2984 ι)
734 2948 761 2997 6
784 2945 915 3008 Θεὸς
947 2946 1126 3016 μόνον,
1153 2947 1246 2999 καὶ
1274 2947 1446 3009 οὐδείς
1471 2965 1559 3018 μοι
1583 2949 1738 3016 λόγος
1761 2948 1870 3002 τῶν
1897 2950 2089 3004 ἀλλων.

580 3025 733 3090 Εἶδες
763 3027 878 3092 πῶς
911 3030 1002 3082 καὶ
1024 3029 1131 3082 ἀπὸ
1158 3030 1267 3082 τῶν
1294 3030 1560 3100 τυχόντων
1589 3032 1790 3103 ἐγείρει
1819 3034 1846 3085 6
1875 3032 2007 3096 Θεὸς
2027 3036 2092 3103 τῇ

505 3111 653 3182 ψυχῇ
683 3110 781 3181 τὴν
813 3113 1198 3183 παραμυθίανς
1234 3114 1386 3167 Ἐπεί¹
1428 3110 1520 3168 οὖν
1553 3116 1712 3185 μόνος
1758 3111 1826 3186 ἦν
1858 3117 1886 3168 ό
1924 3117 2095 3186 Ἀδὰμ

505 3195 565 3246 ἐν
592 3193 670 3264 τῷ
696 3195 1030 3265 παραδείσῳ,
1056 3196 1116 3247 οὐ
1141 3196 1291 3263 φίλον
1324 3197 1481 3266 ἔχων,
1512 3199 1572 3250 οὐ
1601 3199 1834 3266 γείτονα,
1864 3200 1924 3252 οὐ
1961 3217 2093 3267 συγ-

506 3280 661 3347 γενή,
688 3279 982 3347 εισήγαγεν
1009 3278 1158 3347 αύτῷ
1184 3281 1209 3330 6
1233 3279 1362 3341 Θεὸς
1385 3280 1454 3331 τά
1488 3280 1602 3343 ζῶα
1635 3283 1715 3343 είς
1734 3281 2092 3352 ψυχαγωγίαν

507 3360 694 3414 αὑτοῦ
737 3356 868 3422 οἷον,
896 3360 1084 3431 ὥσπερ
1113 3363 1228 3414 ἐστὶ
1252 3364 1489 3434 σήμερον
1521 3365 1586 3416 τά
1620 3364 1733 3428 ζῶα
1763 3367 1830 3419 τὰ
1855 3367 2088 3438 μιμηλὰ,

505 3443 575 3497 τά
607 3443 705 3512 μὲν
738 3460 1056 3512 μιμούμενα
1094 3446 1372 3514 σχήματα,
1408 3445 1476 3497 τά
1496 3445 1551 3497 δέ
1584 3449 1800 3516 φωνήν·
1839 3443 1968 3512 οἷον,
2005 3468 2092 3519 μι-

508 3529 690 3596 μεῐται
728 3526 795 3578 τὰ
827 3528 1080 3596 σχήματα
1104 3526 1213 3579 τῶν
1248 3527 1548 3597 ἀνθρώπων
1583 3530 1832 3602 πίθηκος,
1867 3533 1958 3585 καὶ
1993 3534 2092 3586 ὃσα

503 3609 757 3662 τοιαῦτα·
796 3609 979 3680 φωνὴν
1007 3609 1265 3678 ψιττακὸς
1294 3613 1387 3665 καὶ
1421 3615 1596 3684 ἕτεροι
1632 3616 1898 3685 στρουθοί.
1933 3614 2090 3688 Εἴχεν

504 3688 598 3747 οῦν
620 3692 982 3764 ψυχαγωγίαν
1020 3695 1117 3764 τὴν
1146 3697 1296 3765 παρὰ
1334 3696 1440 3748 τῶν
1471 3697 1701 3765 ἀλόγων,
1736 3699 1844 3752 τῶν
1874 3702 1970 3769 μὲν
2009 3719 2093 3753 κε-

502 3775 830 3840 λαδούντων,
857 3776 966 3828 τῶν
993 3776 1046 3828 δὲ
1080 3776 1253 3829 ἀλλων
1299 3779 1717 3832 ύποσαινόντων.
1744 3783 1959 3836 Πολλῶν
1983 3784 2091 3834 τοί-

504 3875 601 3911 νυν
630 3857 799 3911 ὄντων
828 3859 936 3911 τῶν
965 3859 1317 3929 πληρούντων
1348 3861 1496 3930 αὐτῷ
1530 3862 1627 3931 τὴν
1662 3865 2035 3934 παραμυθίαν,
2063 3868 2091 3916 6

503 3939 627 4010 ὄφις
649 3940 1061 4012 φρονιμώτατος
1087 3939 1154 4012 ἦν
1187 3944 1325 4014 ὑπὲρ
1351 3946 1528 3997 πάντα
1555 3945 1625 3997 τὰ
1646 3945 1810 4018 θηρία
1839 3947 1938 4016 τῆς
1965 3949 2088 4016 γῆς,

503 4022 684 4085 καθὼς
710 4020 861 4076 εἶπεν
887 4023 919 4092 ή
952 4024 1141 4096 Γραφή
1163 4041 1177 4054 ·
1215 4027 1278 4078 '0
1300 4024 1367 4077 δὲ
1393 4026 1526 4094 ὄφις
1547 4023 1624 4093 ἦν
1651 4029 2090 4097 φρονιμώτατος

503 4105 747 4159 πάντων
770 4104 890 4156 τῶν
920 4107 1159 4173 θηρίων,
1183 4101 1270 4160 ὧν
1304 4109 1553 4173 ἐποίησε
1577 4111 1792 4176 Κύριος
1824 4115 1855 4164 ό
1885 4114 2048 4176 Θεός.

575 4182 761 4258 β’ῘΗν
786 4183 881 4240 οὖν
909 4189 1000 4240 καὶ
1029 4188 1137 4241 τῶν
1169 4188 1420 4259 μιμηλῶν
1453 4191 1831 4262 μιμηλότερος,
1861 4196 1955 4246 καὶ
1982 4194 2088 4246 τῶν

503 4272 906 4325 ὐποσαινόντων
937 4271 1250 4339 ἐγγύτερος.
1297 4273 1387 4344 Μὴ
1425 4275 1668 4347 πρόσχῃς
1711 4279 1775 4346 τῇ
1809 4276 1900 4330 νῦν
1944 4278 2083 4346 ὄψει,

502 4355 584 4408 ὅτι
621 4354 716 4407 καὶ
744 4353 1038 4422 φεύγομεν,
1081 4355 1172 4405 καὶ
1229 4354 1652 4425 βδελυττόμεθα·
1686 4359 1784 4410 οὐκ
1817 4355 1884 4428 ἦν
1916 4360 2088 4424 οὕτως

502 4438 598 4491 ἀπ’
624 4436 818 4507 ἀρχῆς.
864 4436 1018 4498 Φίλος
1047 4433 1114 4506 ἧν
1143 4439 1170 4489 ὁ
1197 4437 1320 4505 ὄφις
1347 4477 1360 4499 ,
1398 4439 1491 4490 καλ¹
1533 4439 1640 4490 τῶν
1688 4441 2087 4496 ύποσαινόντων

501 4525 594 4572 τὸν
613 4518 899 4590 ἄνθρωπον
923 4518 1236 4588 ἐγγύτερος,
1271 4521 1365 4581 Τίς
1382 4515 1473 4571 οὖν
1504 4520 1663 4572 αὑτὸν
1685 4523 1875 4592 ἐχθρὸν
1899 4525 2087 4593 ἐποίη-

505 4618 629 4658 σεν;
670 4601 732 4654 Ἦ
757 4601 850 4654 τοῦ
877 4601 1010 4654 Θεοῦ
1043 4602 1319 4671 ἀπόφασις
1343 4618 1353 4628 ·
1392 4603 1852 4669 Ἐπικατάρατος
1875 4607 1983 4675 γάρ
2007 4607 2087 4658 σὺ

502 4685 621 4738 ἀπὸ
643 4685 886 4738 πάντων
917 4683 1036 4737 τῶν
1065 4686 1303 4751 θηρίων.
1337 4686 1592 4753 Ἕχθραν
1625 4685 1790 4750 θήσω
1835 4689 1951 4740 ἀνὰ
1981 4688 2088 4756 μέ-

502 4786 622 4822 σον
647 4770 764 4822 σοῦ
793 4769 891 4820 καὶ
915 4768 1030 4821 ἀνὰ
1055 4770 1254 4836 μέσον
1299 4768 1409 4833 τῆς
1440 4771 1742 4836 γυναικός.
1809 4771 2021 4840 Ἐκείνη
2055 4775 2086 4842 ή

502 4853 674 4924 ἔχθρα
699 4852 795 4920 τὴν
827 4853 1009 4920 φιλίαν
1041 4852 1218 4906 ἔλυσε.
1237 4852 1421 4903 Φιλίαν
1446 4852 1608 4919 λέγω,
1637 4855 1695 4906 οὐ
1723 4854 1820 4924 τὴν
1843 4855 2084 4928 λογικήν,

501 4936 640 4990 ἀλλά
667 4934 760 5005 τὴν
789 4933 978 5002 ἄλογον
1006 4933 1206 5000 γνῶσιν
1227 4949 1240 4962 ·
1275 4932 1462 5003 ῶσπερ
1489 4937 1728 5004 σήμερον
1753 4937 2086 4991 ἐνδείκνυται

501 5024 648 5077 κύων
680 5021 828 5094 [496]
866 5021 1047 5091 φιλίας
1081 5021 1287 5090 σχῆμα,
1315 5021 1375 5072 ού
1409 5021 1571 5090 λόγῳ.
1609 5022 1743 5074 ἀλλά
1774 5028 1972 5095 φυσικῇ
2001 5044 2086 5078 κι-

503 5109 683 5176 νήσει·
711 5106 854 5159 οὕτω
883 5107 975 5158 καὶ
1006 5107 1034 5156 6
1076 5105 1198 5171 ὄφις
1234 5104 1494 5157 ὑπέσαινε
1529 5104 1620 5155 τὸν
1649 5104 1953 5173 ἄνθρωπον.
1998 5109 2087 5170 Ὠς

501 5185 596 5242 οὖν
621 5189 754 5256 ἔχων
786 5187 984 5256 πολλὴν
1030 5187 1335 5256 οἰκειότητα
1362 5229 1375 5250 ,
1413 5186 1567 5256 ῶφθη
1625 5187 1704 5255 τῷ
1754 5188 1982 5258 διαϐόλῳ
2013 5191 2088 5252 ώς

505 5270 804 5340 ἐπιτήδειον
830 5271 1074 5339 ὄργανον.
1115 5269 1258 5320 Ἰδὼν
1280 5264 1371 5321 οῦν
1416 5269 1585 5338 Ἀδὰμ
1609 5270 1868 5339 χαίροντα
1887 5272 1978 5323 ἐπὶ
2011 5273 2087 5340 τῷ

504 5354 647 5419 ὄφει,
677 5353 925 5404 κάκεῖνον
955 5350 1332 5412 ὑποσαίνοντα,
1359 5353 1452 5403 καὶ
1483 5352 1652 5404 πολλὰ
1679 5353 1787 5404 τῶν
1809 5355 2087 5423 ἀνθρωπί-

503 5457 610 5491 νων
665 5435 1020 5505 μιμούμενον,
1076 5433 1356 5501 ἐνενόησεν
1407 5436 1434 5486 6
1481 5436 1578 5503 τῆς
1613 5437 1808 5500 κακίας
1840 5438 2087 5508 τεχνίτης

503 5523 640 5591 ὅπερ
669 5522 718 5572 οί
752 5518 934 5580 δόλους
965 5517 1274 5578 πλέκοντες,
1304 5516 1391 5568 διὰ
1435 5517 1542 5568 τῶν
1580 5518 1723 5572 ίδίων
1780 5520 2086 5585 νοθεύοντες

504 5602 749 5656 ποιοῦσιν
770 5619 783 5633 ·
822 5600 996 5660 οὐδεὶς
1027 5599 1133 5670 γὰρ
1160 5597 1494 5667 περιγίνεται
1520 5599 1603 5652 διά
1633 5601 1739 5654 τῶν
1768 5603 2086 5675 ἀλλοτρίων,

505 5686 598 5740 ἐάν
634 5686 707 5754 μὴ
763 5683 852 5736 διὰ
885 5682 995 5733 τῶν
1032 5681 1278 5734 οἰκείων·
1337 5681 1519 5744 καθὼς
1578 5679 1732 5736 εἶπεν
1782 5687 1810 5736 ὁ
1858 5685 2080 5756 Σωτήρ·

517 5767 746 5834 Ἐχθροὶ
773 5765 852 5830 τῷ
880 5763 1166 5832 ἀνθρώπῳ
1192 5766 1246 5816 οί
1279 5765 1533 5817 οἰκιακοὶ
1557 5767 1763 5822 αὑτοῦ.
1795 5768 1959 5821 Λαλεῖ
1980 5769 2087 5821 τοί-

567 5873 596 5931 9
618 5872 709 5920 Hic
743 5876 878 5919 uolat
899 5871 1011 5920 Sav.
1037 5886 1111 5931 γρ.
1136 5869 1216 5916 καὶ
1241 5868 1473 5928 ἀθυμίαις.

565 5928 597 5973 δ
617 5933 808 5981 Slea.
831 5928 1102 5994 χαρίσηται.

1979 513 2345 574 SEVERIANI

130 0 3925 142 Ἥ*

2209 650 2301 686 νυν
2355 633 2441 685 δια
2493 648 2583 685 του
2630 631 2804 700 ὄφεως
2835 647 3070 701 εμφασιν
3111 630 3408 702 παρασχὼν
3460 631 3540 702 τῷ
3592 633 3777 703 Ἀδάμ.

2208 713 2515 781 Παρακαλῶ
2572 714 2669 784 τὴν
2721 714 2992 783 ὑμετέραν
3047 713 3306 783 ἀγάπην,
3363 713 3441 782 μὴ
3491 715 3783 784 παρέργως

2208 797 2493 867 προσέχειν
2518 807 2540 835 θ
2576 800 2685 859 τοῖς
2717 794 3051 865 λεγομένοις.
3109 794 3221 850 Οὐκ
3266 796 3383 848 ἐστι
3415 797 3475 848 τὸ
3505 797 3668 865 τυχὸν
3696 797 3776 867 ζή-

2205 895 2355 947 τημα
2382 895 2393 907 ⁸
2433 878 2615 931 πολλοὶ
2664 880 2771 948 γὰρ
2822 877 3063 946 ζητοῦσι,
3101 877 3218 939 πῶς
3271 877 3530 948 ἐλάλησεν
3567 881 3596 930 6
3627 879 3782 946 ὄφις.

2206 958 2315 1032 ἆρα
2345 962 2656 1033 ἀνθρωπίνῃ
2687 966 2858 1031 φωνῇ,
2890 962 2922 1029 ἢ
2959 960 3206 1030 συρισμῷ
3227 961 3424 1028 ὄφεως,
3453 961 3545 1012 καὶ
3574 961 3785 1029 ἐνενόη-

2206 1045 2513 1115 σενήΕῦα.
2563 1047 2620 1097 '0
2665 1044 2834 1113 Ἀδὰμ
2869 1044 2974 1114 πρὸ
3008 1049 3107 1114 τῆς
3141 1045 3502 1113 παραϐάσεως
3542 1045 3784 1114 ἐπεπλή-

2209 1143 2344 1197 ρωτο
2383 1128 2570 1194 σοφίας
2600 1128 2693 1179 καὶ
2719 1127 2986 1188 συνέσεως
3030 1127 3123 1178 καὶ
3169 1127 3524 1198 προφητείας.
3570 1128 3784 1194 Ἐννόηο

2206 1225 2297 1260 σον
2326 1211 2456 1278 ὂσην
2489 1206 2601 1279 εἶχε
2638 1210 2858 1276 σοφίαν,
2893 1210 2974 1261 ὅτι
3016 1211 3320 1278 ἐπήρκεσεν
3367 1209 3654 1278 ἄνθρωπος
3683 1204 3784 1272 εἷς,

2202 1289 2521 1344 διδάσκαλον
2557 1292 2630 1362 μὴ
2659 1291 2860 1354 λαϐὼν,
2892 1293 3043 1362 παρά
3072 1291 3296 1361 μηδενὸς
3314 1290 3604 1360 ἀνθρώπου
3638 1291 3785 1343 διιὶιι⁹

2203 1373 2370 1443 χθεὶς,
2406 1374 2575 1427 θεῖναι
2603 1376 2843 1444 ὀνόματα
2872 1375 3012 1437 ὅλοις
3034 1377 3319 1437 πετεινοῖς,
3352 1375 3578 1437 καὶτοῖς
3605 1375 3782 1441 ζώοις,

2202 1458 2295 1509 καὶ
2323 1460 2433 1520 τοῖς
2468 1459 2717 1527 ἑρπετοῖς
2757 1458 2999 1527 θηρίοις,
3041 1458 3133 1510 καὶ
3171 1458 3334 1510 πᾶσιν
3380 1456 3584 1519 ἁπλῶς.
3633 1459 3784 1509 Ἀνα-

2204 1536 2565 1609 ζωγράφησον
2598 1543 2654 1591 ἐν
2685 1543 2749 1608 τῇ
2782 1540 2991 1609 διανοίᾳ
3016 1557 3107 1591 σου
3137 1539 3202 1591 τά
3242 1539 3376 1608 εἴδη,
3408 1539 3477 1592 τά
3496 1540 3629 1608 γένη
3654 1557 3667 1570 ·
3699 1541 3785 1592 ἵνα

2197 1621 2254 1674 δὲ
2297 1622 2575 1690 συντόμως
2614 1623 2754 1674 εἴπω
2780 1665 2794 1687 ,
2837 1623 3073 1676 τοσαῦτα
3129 1623 3321 1692 ἔθηκεν
3373 1624 3635 1693 ὀνόματα,
3685 1625 3784 1676 ὃσα

2200 1704 2438 1775 σήμερον
2467 1706 2624 1774 ἡμεῖς
2654 1704 2790 1774 μετά
2822 1704 2916 1773 τὴν
2945 1707 3138 1774 πεῖραν
3165 1705 3494 1776 δευτερῶσαι
3523 1705 3584 1757 ού
3619 1706 3783 1757 δυνά-

2202 1788 2359 1856 μεθα,
2395 1786 2525 1840 "Ora
2561 1782 2653 1840 οὖν
2682 1788 3056 1856 προσήνεγκεν
3089 1791 3115 1840 6
3148 1789 3278 1850 Θεὸς
3313 1789 3378 1840 τά
3411 1788 3523 1852 ζῶα
3573 1786 3650 1857 τῷ
3693 1789 3785 1839 ἀνα

2199 1870 2423 1940 θρώπῳ,
2458 1869 2532 1932 ὡς
2562 1870 2721 1937 σοφὸς
2753 1871 2846 1922 καὶ
2879 1871 3016 1939 ἔχων
3046 1871 3180 1923 Θεοῦ
3224 1872 3435 1940 πνεῦμα
3460 1911 3475 1934 ,
3510 1873 3610 1942 τὴν
3657 1873 3785 1925 ἐκά-

2200 1969 2325 2003 στου
2354 1951 2591 2021 ἰδιότητα
2620 1951 2834 2005 ἐϐλεπε.
2866 1955 3160 2024 Προσεῖχεν
3188 1949 3278 2006 οὖν
3317 1954 3385 2023 τῷ
3407 1954 3526 2022 ὄφει
3555 1955 3631 2016 ὠς
3655 1972 3784 2025 φρο-

2198 2033 2502 2104 νιμωτέρῳ,
2553 2035 2628 2097 ώς
2668 2035 2917 2103 αἴσθησιν
2963 2036 3158 2105 ἔχοντι,
3193 2035 3267 2098 ὡς
3292 2037 3498 2088 νοοῦντι
3531 2038 3638 2089 ἀπὸ
3665 2055 3784 2089 νευ-

2200 2117 2386 2186 μάτων
2410 2118 2479 2170 τὰ
2516 2120 2812 2188 κινήματα.
2849 2118 3034 2182 Οὕτως
3064 2119 3278 2189 ἔχοντος
3309 2119 3400 2171 τοῦ
3444 2120 3635 2189 Ἀδάμ,
3668 2123 3782 2173 ἐνε-

2196 2199 2385 2270 νόησεν
2437 2203 2464 2253 ό
2505 2200 2748 2264 διάϐολος
2800 2203 2893 2255 καὶ
2925 2202 3018 2253 τοῦ
3055 2202 3229 2269 ὄφεως
3256 2203 3316 2254 τὸ
3369 2203 3654 2272 φρόνιμον,
3693 2207 3782 2256 καὶ

2195 2281 2290 2334 τοῦ
2341 2283 2510 2354 Ἀδὰμ
2537 2283 2635 2354 τὴν
2675 2284 2976 2354 πρόληψιν·
3012 2279 3122 2354 εἶχε
3150 2283 3256 2354 γάρ
3295 2287 3424 2354 περὶ
3471 2284 3564 2337 τοῦ
3607 2286 3782 2352 ὄφεως

2196 2365 2271 2428 ὼς
2287 2366 2528 2421 συνετοῦ.
2545 2366 2710 2418 Λαλεί
2728 2362 2820 2418 οῦν
2841 2366 2907 2418 δι’
2926 2367 3110 2429 αὑτοῦ,
3136 2368 3222 2419 ἵνα
3240 2368 3512 2436 ὑπονοήσῃ
3533 2369 3562 2418 6
3585 2368 3780 2436 Ἀδάμ,

2196 2449 2275 2501 ὅτι
2305 2449 2566 2519 φρόνιμος
2590 2447 2664 2501 ὢν
2686 2451 2712 2502 6
2735 2449 2857 2517 ὄφις
2877 2448 3206 2520 κατώρθωσε
3233 2451 3323 2502 καὶ
3347 2449 3407 2502 τὸ
3438 2451 3779 2520 μιμήσασθαι

2196 2534 2295 2602 τὴν
2319 2532 2411 2584 τοῦ
2441 2531 2725 2603 ἀνθρώπου
2756 2535 2960 2602 φωνήν.
2991 2532 3359 2604 Προσέρχεται
3383 2533 3562 2584 τοίνυν
3585 2534 3613 2584 6
3636 2534 3777 2601 ὄφις.

2197 2613 2445 2684 Οὑδαμοῦ
2486 2615 2543 2667 δέ
2586 2616 2619 2686 ή
2659 2615 2851 2685 Γραφὴ
2883 2612 3005 2669 εἷπε
3040 2616 3219 2677 τοῦτο,
3251 2617 3329 2668 ὃτι
3371 2617 3399 2667 6
3448 2615 3695 2678 διάϐολος
3726 2619 3780 2668 ἐν

2196 2695 2272 2766 τῷ
2293 2696 2412 2764 ὄφει
2435 2696 2715 2767 ἐλάλησεν,
2739 2697 2874 2750 ἀλλά
2895 2699 2988 2750 καὶ
3014 2699 3250 2768 Μωῦσῆς
3275 2696 3460 2760 ἀπλῶς
3487 2699 3734 2768 παρῆλθε
3753 2698 3778 2737 ά

2194 2780 2294 2850 τὴν
2334 2779 2594 2850 ἱστορίαν.
2638 2781 2902 2851 Πρόσεχε,
2937 2779 3262 2848 παρακαλῶ,
3299 2781 3438 2849 μετά
3469 2782 3778 2852 ἀκριϐείας.

2197 2861 2406 2923 Παῦλος
2449 2861 2702 2931 δεύτερος
2753 2861 2826 2913 ὢν
2861 2863 2918 2912 ἐν
2970 2862 3047 2931 τῷ
3099 2862 3446 2932 παραδείσῳ,
3481 2864 3591 2915 οὐδ’
3623 2865 3782 2926 αὐτὸς

2196 2942 2348 2994 ἔλυσε
2376 2943 2474 3012 τὴν
2500 2943 2666 3007 λέξιν,
2693 2943 2825 2995 ἀλλά
2846 2943 2993 3011 λέγει
3016 2960 3027 2972 ’
3068 2945 3608 3015 Ἐμνηστευσὰμην
3629 2945 3783 3015 ὑμᾶς

2196 3025 2284 3077 ἐνὶ
2309 3025 2504 3091 ἀνδρὶ,
2529 3026 2827 3093 παρθένον
2866 3027 3062 3095 ἁγνὴν
3098 3029 3484 3096 παραστῆσαι
3519 3029 3599 3093 τῷ
3648 3032 3781 3096 Χρι-

2197 3107 2339 3172 στῷ.
2370 3109 2664 3177 Φοϐοῦμαι
2690 3109 2777 3172 δὲ,
2795 3110 3004 3178 μήπως
3027 3111 3105 3176 ὡς
3135 3114 3166 3165 ό
3204 3112 3338 3180 ὄφις
3365 3113 3530 3165 Εὕαν
3551 3111 3780 3180 ἐξηπά-

2195 3210 2383 3262 τησεν
2409 3196 2477 3249 ἐν
2506 3196 2582 3263 τῇ
2607 3199 2939 3266 πανουργία
2972 3198 3157 3252 αὺτοῦ
3182 3214 3194 3228 ·
3225 3200 3318 3251 καὶ
3365 3200 3465 3251 οὐκ
3488 3195 3664 3260 εἶπεν,
3704 3202 3783 3252 ὅτι

2193 3279 2220 3329 6
2247 3278 2512 3342 διάϐολος.
2548 3280 2743 3343 Πιστὸς
2767 3275 2834 3349 ἦν
2863 3280 2972 3332 τῶν
3012 3280 3241 3350 Γραφῶν
3267 3280 3462 3348 φύλαξ,
3499 3281 3783 3350 ὑπηρέτης

2194 3358 2448 3430 Γραφῶν,
2495 3362 2787 3432 παιδευτὴς
2822 3361 3076 3432 Γραφῶν,
3128 3363 3470 3432 ἑρμηνευτής
3520 3363 3780 3429 Γραφῶν.

2195 3444 2310 3495 Οὐκ
2339 3442 2560 3512 ἐθέλησε
2592 3444 2749 3496 λῦσαι
2780 3445 2877 3513 τὴν
2904 3443 3068 3509 λέξιν,
3106 3445 3190 3496 ἵνα
3228 3447 3301 3514 μὴ
3326 3444 3461 3514 λύσῃ
3492 3446 3604 3498 τῶν
3639 3447 3781 3517 Γρα-

2193 3524 2309 3594 φῶν
2332 3524 2427 3594 τὴν
2463 3524 2614 3588 τάξιν
2640 3565 2652 3587 ,
2685 3525 2822 3577 ἀλλά
2859 3529 2926 3596 τῇ
2976 3527 3154 3596 ἐννοίᾳ
3187 3526 3285 3595 τὴν
3326 3527 3561 3597 ἀπορίαν
3603 3529 3778 3582 ἔλυσε.

2195 3610 2510 3675 Φοϐοῦμαι,
2542 3608 2696 3677 φησὶ,
2728 3607 2940 3676 μήπως
2973 3608 3051 3672 ώς
3079 3611 3109 3660 o'
3133 3609 3265 3675 ὄφις
3291 3609 3459 3662 Εὕαν
3481 3609 3786 3677 ἐξηπάτη-

2193 3707 2305 3743 σεν
2323 3691 2392 3741 ἐν
2415 3689 2489 3756 τῇ
2509 3692 2842 3758 πανουργίᾳ
2879 3691 3086 3756 αὑτοῦ,
3113 3691 3264 3744 οὕτω
3307 3691 3504 3761 φθαρῇ
3545 3693 3618 3746 τὰ
3641 3693 3784 3763 νοή-

2186 3788 2346 3840 ματα
2376 3772 2560 3839 ὐμῶν.
2601 3770 2791 3823 Οῦτω·
2831 3772 2982 3836 πῶς;
3013 3775 3085 3843 μὴ
3118 3776 3226 3844 γάρ
3261 3775 3507 3843 ἐφοϐεῖτο
3543 3776 3779 3840 Παῦλος,

2199 3853 2272 3923 μὴ
2299 3854 2458 3905 πάλιν
2481 3854 2507 3903 6
2534 3853 2656 3922 ὄφις
2687 3854 2838 3926 ἔλθῃ,
2862 3856 2952 3907 καὶ
2974 3857 3230 3926 ἀπατήσῃ
3255 3859 3434 3921 τινάς;
3477 3858 3616 3910 Ἀλλ’
3639 3855 3778 3924 οἶδα,

2193 3937 2376 4007 φησὶν,
2410 3938 2488 3989 ὅτι
2523 3939 2550 3989 ό
2613 3938 2710 4005 μὲν
2753 3937 2874 4005 ὄφις
2900 3938 2960 3990 ού
2994 3939 3239 4006 φαίνεται
3285 3942 3489 4003 ἐκεῖνος
3511 3979 3524 4002 ,
3556 3943 3585 3994 6
3616 3942 3673 3993 δὲ
3722 3943 3780 3994 ἐν

2191 4020 2383 4090 ἐκείνῳ
2417 4021 2722 4090 ἐνεργήσας
2757 4021 3027 4088 φαίνεται.
3069 4022 3205 4074 Ἀλλ’
3231 4025 3259 4074 ό
3291 4025 3386 4093 μὲν
3422 4024 3633 4086 Παῦλος
3656 4065 3670 4086 ,
3704 4025 3780 4086 ὼς

2192 4103 2379 4165 πιστὸς
2403 4103 2701 4173 ὑπηρέτης,
2735 4104 2828 4156 καὶ
2858 4103 2965 4156 τῶν
2999 4105 3168 4171 ἁγίων
3201 4105 3434 4174 Γραφῶν
3466 4105 3665 4172 φύλαξ,
3715 4107 3776 4158 οὐ

2193 4185 2341 4256 [497]
2373 4187 2681 4256 παρέτρεψε
2714 4185 2810 4257 τὴν
2831 4187 2995 4253 λέξιν,
3030 4187 3145 4240 ἀλλ’
3167 4189 3385 4257 ζνέφηνε
3419 4189 3515 4258 τὴν
3543 4189 3774 4241 ἔννοιαν·

2190 4270 2350 4331 αὐτὸς
2382 4269 2437 4320 δὲ
2465 4271 2493 4321 6
2526 4269 2632 4321 τῶν
2662 4270 2905 4340 ἀρχαίων
2939 4271 3033 4322 καὶ
3061 4270 3168 4322 τῶν
3214 4273 3346 4321 νέων
3375 4271 3468 4320 καὶ
3499 4269 3606 4321 τῶν
3651 4271 3778 4338 μελ-

2188 4351 2387 4404 λόντων
2409 4351 2685 4422 Δεσπότης
2711 4350 3012 4422 ἐσαφήνισε
3051 4351 3147 4420 τὴν
3182 4352 3431 4418 ἀπορίαν,
3470 4353 3554 4402 ἵνα
3591 4355 3662 4421 μή
3694 4370 3776 4414 τις

2189 4435 2281 4486 ἐπὶ
2329 4434 2418 4485 τὸν
2453 4434 2575 4502 ὄφιν
2626 4435 2892 4505 ἀνενέγκῃ
2941 4435 3037 4502 τὴν
3065 4434 3353 4502 ἁμαρτίαν,
3384 4435 3497 4485 ἀλλ’
3548 4437 3640 4487 ἐπὶ
3687 4438 3774 4488 τὸν

2190 4518 2582 4586 ἐνεργήσαντα.
2636 4517 2799 4583 Λέγει
2839 4512 2931 4569 οῦν
2963 4518 2991 4567 6
3032 4517 3266 4584 Χριστὸς
3307 4518 3419 4578 τοῖς
3475 4519 3770 4582 Ἰουδαίοις,

2189 4599 2277 4650 ὅτε
2300 4595 2452 4650 εἶπον
2484 4599 2649 4666 αὐτῷ,
2693 4597 2892 4665 Ἡμεῖς
2921 4599 2988 4650 ἐκ
3009 4598 3115 4651 τοῦ
3144 4597 3289 4652 Θεοῦ
3321 4598 3538 4667 ἐσμεν·
3573 4603 3644 4652 Εἰ
3671 4599 3776 4669 ἦτε

2186 4681 2256 4732 ἐκ
2279 4681 2386 4738 τοῦ
2413 4679 2580 4743 Θεοῦ,
2601 4681 2673 4732 τὰ
2694 4680 2837 4748 ἔργα
2857 4681 2954 4734 καὶ
2976 4681 3041 4733 τὸ
3065 4681 3296 4749 θέλημα
3316 4683 3422 4735 τοῦ
3446 4684 3596 4738 Θεοῦ
3614 4685 3775 4737 ἑποι-

2188 4761 2304 4815 εῐτε
2328 4762 2406 4815 ἄν
2424 4778 2438 4792 ·
2462 4761 2578 4814 νῦν
2605 4761 2672 4813 δὲ
2691 4763 2759 4815 ἐκ
2789 4762 2897 4816 τοῦ
2918 4764 3140 4831 πατρὸς
3167 4762 3333 4832 ὑμῶν
3355 4765 3498 4818 ἐστε
3520 4767 3630 4820 τοῦ
3653 4767 3777 4820 δια-

2191 4848 2394 4900 ϐόλου.
2445 4841 2580 4897 Εῐπε
2613 4846 2702 4897 τὸν
2749 4845 3010 4909 διάϐολον,
3067 4848 3159 4900 καὶ
3188 4847 3388 4909 εὐθέως
3431 4850 3640 4916 εἰσάγει
3680 4854 3775 4920 τὴν

2193 4928 2431 4996 ἱστορίαν
2460 4941 2474 4956 ·
2522 4925 2804 4991 Ἐκεῖνος,
2836 4930 3019 4998 φησιν,
3054 4928 3548 4996 ἀνθρωποκτόνος
3574 4928 3652 4999 ἦν
3676 4932 3774 4983 ἀπ’

2188 5008 2402 5076 ἀρχῆς.
2438 5010 2548 5061 Καὶ
2582 5011 2609 5062 6
2642 5009 2740 5079 μὲν
2779 5012 2998 5080 οἰκέτης
3032 5011 3107 5072 ὡς
3141 5013 3354 5081 οἰκέτης
3389 5014 3773 5082 ἡρμήνευσε-θ·

2188 5093 2216 5143 6
2252 5092 2308 5144 δέ
2339 5091 2615 5160 Δεσπότης
2647 5090 2721 5154 ώς
2751 5093 3028 5160 Δεσπότης
3063 5092 3324 5156 ἐδίδαξεν·
3356 5093 3524 5159 ἔδειξε
3560 5097 3652 5146 τὸν
3685 5113 3775 5163 φο-

2189 5173 2456 5225 νεύσαντα
2486 5174 2577 5225 τὸν
2620 5175 2806 5241 Ἀδάμ.
2853 5175 2964 5226 Οὐκ
3017 5169 3168 5225 εἶπεν
3201 5175 3382 5237 ἁπλῶς
3413 5217 3425 5238 ,
3463 5179 3665 5238 Φονεὺς
3687 5173 3770 5245 ἦν,

2190 5255 2302 5306 ἀλλ’
2345 5256 2860 5320 ἀνθρωποκτόνος.
2902 5254 2977 5307 Ού
3006 5255 3111 5324 γὰρ
3147 5257 3241 5308 ἕνα
3287 5258 3518 5317 ἀνεῖλεν,
3549 5258 3683 5309 ἀλλα
3710 5259 3774 5310 δι’

2190 5338 2397 5389 ἐκείνου
2433 5336 2607 5388 πάντα
2642 5338 2946 5406 ἄνθρωπον.
2985 5339 3093 5391 Καὶ
3133 5340 3204 5392 ἐν
3247 5340 3321 5409 τῇ
3361 5342 3636 5406 ἀληθείᾳ,
3671 5359 3773 5409 φτ,-

2192 5422 2296 5483 σὶν,
2333 5424 2444 5488 οὐχ
2477 5419 2756 5485 ἕστηκεν,
2787 5421 2874 5474 ὅτι
2906 5425 3176 5490 ψεύστης
3199 5425 3349 5476 ἐστί.

2261 5509 2330 5569 γ’.
2349 5503 2521 5554 Βλέπε
2545 5501 2662 5564 πῶς
2685 5504 3012 5573 ἡρμήνευσε,
3035 5506 3126 5558 καὶ
3150 5507 3226 5557 ὅτι
3248 5503 3491 5564 διάϐολός
3520 5505 3660 5562 ἐστι,
3686 5508 3774 5554 xz‘:

2189 5585 2429 5655 ψεύστης
2453 5585 2586 5636 ἐστί.
2624 5585 2732 5637 Καὶ
2758 5587 2872 5649 πῶς
2899 5587 3197 5656 ἐψεύσατο;
3232 5583 3420 5640 Εἶπεν
3460 5590 3494 5639 ό
3531 5587 3667 5655 ὄφις
3700 5606 3720 5639 z
3743 5588 3770 5652 ᾖ

2255 5696 2276 5723 ⁸
2305 5693 2454 5742 SaVil.
2472 5695 2525 5767 in
2561 5707 2710 5757 marg.
2742 5713 2812 5759 γρ.
2838 5699 2999 5754 ἁπλῶς
3020 5700 3284 5760 προσέχειν.
3314 5698 3466 5746 Paulo
3495 5704 3602 5759 post
3643 5698 3771 5746 ἰάθη

2189 5772 2261 5816 γρ⁹
2291 5771 2520 5816 συριγμφ-

2193 5881 2212 5890 Α
2253 5815 2279 5854 ἀ
2322 5817 2403 5890 εἰς
2443 5815 2593 5890 ξενίι.
2649 5819 2696 5865 in
2746 5821 2997 5890 textuhin
3037 5820 3258 5890 ωλι-εἰπε
3284 5825 3473 5890 Δςιυιεεῐιι
3509 5821 3579 5869 ίσ.
3621 5821 3769 5890 ἐπῆλ-

2192 5881 2258 5935 θε,
2288 5890 2346 5925 ex
2369 5881 2648 5936 conjectura
2676 5891 2872 5936 nempe.
2899 5881 3033 5928 Hunc
3058 5893 3176 5928 vero
3203 5881 3468 5929 lectionem
3502 5894 3592 5931 suo
3618 5881 3770 5930 Mane

2191 5939 2241 5987 in
2267 5944 2400 5988 lexlu
2419 5939 2582 6000 posuit
2601 5938 2938 5989 Combeﬁsius.
