3984 6418
250 433 365 489 485

257 533 391 587 Cum
427 532 619 587 viderit
656 534 794 588 Deus
825 532 1155 587 fatiscentem
1181 530 1411 586 animam
1432 572 1447 597 ,
1476 531 1635 584 rebus
1656 528 1848 599 jucun-

257 623 343 677 dis
369 633 576 679 recreat
603 625 742 679 illam
768 642 780 677 :
809 624 858 679 id
884 624 1023 694 quod
1054 624 1216 678 etiam
1246 623 1386 692 apud
1416 639 1512 677 nos
1543 623 1655 675 fieri
1686 622 1843 676 solet.

258 715 413 782 Smpe
458 718 600 770 enim
640 733 706 771 ex
747 716 861 770 foro
899 717 1016 786 quis
1054 727 1366 780 revertens,
1408 717 1585 770 animo
1630 715 1847 769 infinitis

258 803 582 862 interioribus
612 824 868 877 appresso
897 824 1074 862 rerum
1108 808 1393 862 invisarum
1421 817 1636 876 aspectu
1658 848 1673 871 ,
1706 806 1845 859 into-

256 898 491 953 lerandis
525 901 914 954 calamitatibus
952 910 1006 953 et
1042 901 1251 955 damnis
1292 901 1588 965 cruciatus,
1630 900 1843 953 domum

256 991 560 1059 ingressus,
610 992 824 1045 infantis
867 991 1115 1045 solatium
1164 992 1399 1053 invenit,
1443 991 1845 1058 molestiamque

255 1082 500 1135 laborum
534 1091 685 1135 tener
713 1082 922 1135 animus
949 1082 1174 1135 emollit.
1205 1083 1334 1148 Quia
1363 1084 1502 1136 enim
1531 1090 1841 1136 manentem

255 1189 358 1226 non
388 1174 503 1228 adit
537 1188 670 1226 uxor
693 1172 758 1226 ad
789 1174 1059 1239 solatium,
1091 1173 1208 1243 ejus
1235 1175 1375 1227 enim
1407 1173 1701 1226 consolatio
1732 1181 1843 1225 tum

253 1265 555 1331 importuna
588 1274 762 1331 esset,
798 1266 1022 1319 famulus
1061 1279 1189 1320 vero
1216 1266 1478 1319 consolari
1513 1279 1615 1315 non
1646 1262 1837 1326 audet,

253 1355 459 1409 inducit
488 1356 629 1410 Deus
650 1357 944 1425 simplicem
973 1356 1224 1420 indolem,
1256 1356 1516 1423 inculpata
1546 1356 1841 1424 ignorantia

251 1446 554 1515 praeditam,
576 1462 669 1515 per
690 1449 959 1515 ipsamque
982 1446 1249 1500 laboribus
1271 1460 1580 1515 oppressum
1603 1444 1837 1498 animum

254 1536 384 1588 lenit
411 1548 463 1588 et
491 1536 711 1589 solatur.
749 1536 995 1590 Famulus
1026 1538 1069 1591 si
1100 1537 1351 1599 arrideat,
1385 1537 1497 1590 heri
1527 1537 1731 1604 injuriis
1763 1538 1843 1590 in-

250 1630 453 1681 sultare
482 1628 726 1693 videtur;
758 1645 891 1682 uxor
919 1630 961 1680 si
992 1628 1180 1693 rideat,
1213 1628 1420 1682 videtur
1446 1629 1591 1681 nullo
1617 1628 1838 1680 calami-

254 1719 379 1773 tatis
410 1734 572 1774 sensu
600 1719 734 1772 afﬁci
766 1738 778 1771 :
814 1719 985 1772 infans
1019 1720 1086 1773 ob
1116 1720 1488 1783 innocentiam,
1521 1734 1626 1771 non
1656 1734 1839 1786 suspe-

250 1815 351 1869 ctis
383 1813 757 1868 blandimentis
784 1812 984 1867 emollit
1010 1813 1242 1866 animum
1269 1830 1280 1865 :
1311 1827 1373 1866 ac
1401 1827 1543 1880 sirpe
1573 1810 1712 1880 quod
1740 1825 1838 1865 nec

251 1902 408 1957 amici
440 1902 698 1966 consiliis,
730 1917 829 1956 nec
859 1902 1127 1970 sapientes
1158 1901 1370 1954 monitis
1399 1900 1612 1955 eflicere
1647 1909 1838 1969 potue-

252 2002 391 2054 runt,
423 1991 474 2044 id
504 1992 590 2046 ille
612 1990 833 2045 ridendo
856 1991 1041 2060 potuit,
1067 2005 1257 2059 nempe
1284 2006 1498 2044 omnem
1524 1990 1836 2044 calamitatis

248 2097 464 2149 sensum
494 2083 702 2136 sedare.
733 2082 955 2150 Jamque
986 2082 1195 2135 animus
1235 2082 1286 2134 in
1331 2083 1440 2149 ipsa
1471 2081 1520 2134 vi
1553 2082 1797 2136 mmroris
1818 2122 1831 2144 ,

249 2174 387 2226 videt
413 2175 687 2233 infantem,
717 2173 866 2225 initio
890 2172 1105 2239 respuit.
1131 2172 1452 2241 depellitque
1479 2172 1832 2240 importunam

247 2264 687 2328 consolationem,
715 2280 775 2317 ex
801 2262 1112 2317 assiduitate
1140 2272 1312 2316 tamen
1334 2262 1493 2325 cedit,
1517 2272 1570 2316 et
1593 2262 1833 2330 repetitis

247 2354 551 2421 aspectibus
574 2355 780 2407 animus
802 2354 1111 2418 attrahitur;
1137 2354 1350 2407 demum
1374 2362 1593 2422 accepto
1611 2352 1828 2419 infante,

247 2446 551 2499 lntBSlllialtl
584 2445 831 2514 deponit,
865 2446 1041 2514 aitque
1075 2463 1086 2497 :
1120 2444 1272 2499 Hunc
1306 2444 1435 2498 mihi
1474 2445 1645 2498 solum
1691 2445 1830 2498 Deus

245 2536 483 2605 largitur,
516 2536 762 2605 nullaque
792 2535 920 2588 mihi
954 2535 1089 2588 ratio
1119 2535 1469 2603 reliquorum.

310 2627 568 2679 Animalia
612 2626 678 2677 ad
722 2625 1044 2679 reoreaudum
1082 2624 1332 2678 hominem
1370 2635 1508 2695 apta.
1540 2655 1612 2664 η-
1642 2623 1827 2678 Viden‘

241 2718 509 2787 quomodo
555 2732 618 2770 ex
662 2717 946 2771 levissimis
993 2717 1132 2769 Deus
1181 2716 1360 2770 animo
1406 2716 1826 2770 consolationem

242 2809 419 2863 indat?
442 2808 575 2873 Quia
603 2808 761 2878 igitur
786 2808 933 2861 solus
961 2816 1076 2862 erat
1102 2807 1271 2861 Adam
1310 2808 1361 2861 in
1404 2806 1650 2877 paradiso
1672 2848 1687 2872 ,
1720 2822 1824 2861 non

237 2903 465 2954 anticum
491 2901 712 2965 habens,
734 2914 839 2953 non
863 2900 1116 2964 vicinum,
1139 2914 1244 2952 non
1266 2908 1569 2968 cognatum,
1588 2897 1653 2951 ad
1676 2897 1824 2951 illum

237 2992 587 3047 recreandum
620 2991 822 3044 induxit
854 2990 929 3043 illi
972 2991 1111 3043 Deus
1146 2992 1430 3053 animalia;
1461 3000 1679 3057 puta,ut
1700 3001 1825 3044 sunt

236 3086 506 3154 hodieque
548 3085 793 3137 animalia
831 3082 895 3135 ad
931 3083 1240 3136 imitandmn
1278 3092 1431 3151 apta,
1462 3098 1687 3149 quorum
1720 3083 1819 3134 alia

234 3186 414 3246 gestus
436 3217 448 3238 ,
483 3175 587 3227 alia
619 3188 799 3228 vocem
843 3173 1153 3237 imitantur;
1189 3173 1331 3226 verbi
1362 3188 1550 3233 causa,
1585 3172 1822 3225 imitatur

232 3270 385 3321 simia
414 3276 595 3337 gestus
622 3266 894 3320 hominum
921 3281 935 3329 ;
964 3273 1019 3319 et
1044 3264 1092 3318 id
1119 3278 1285 3334 genus
1308 3264 1408 3317 alia
1440 3281 1453 3317 :
1483 3279 1663 3319 vocem
1693 3264 1823 3333 psit-

233 3371 380 3413 tacus
425 3361 653 3427 aliaeque
690 3372 834 3411 aves.
880 3357 1075 3410 Habuit
1104 3370 1232 3425 ergo
1266 3356 1511 3410 solatium
1546 3370 1611 3408 ex
1651 3354 1820 3410 brutis

229 3453 587 3507 animantibus
609 3494 623 3518 ,
654 3452 771 3505 aliis
798 3450 1225 3515 cantillantibus,
1260 3448 1376 3504 aliis
1403 3448 1816 3503 blandientibus.

228 3544 359 3598 Cum
394 3545 559 3597 multa
591 3543 749 3612 igitur
774 3542 1023 3595 animalia
1051 3550 1265 3606 essent,
1299 3556 1418 3609 quae
1454 3541 1625 3609 ipsum
1656 3541 1818 3595 solari

229 3648 471 3707 possent,
494 3653 713 3706 serpens
732 3636 1104 3690 callidissimus
1125 3648 1237 3689 erat
1258 3637 1394 3690 inter
1415 3652 1600 3691 onmes
1621 3635 1820 3690 bestias

229 3740 418 3794 terras,
461 3738 517 3781 ttt
556 3728 627 3780 ait
668 3727 934 3795 Scriptura
965 3744 979 3781 :
1010 3725 1228 3793 Serpens
1265 3736 1431 3779 autem
1457 3737 1561 3780 erat
1587 3727 1820 3779 callidior

227 3819 419 3871 cunctis
447 3818 611 3871 bestiis
631 3859 645 3880 ,
671 3833 794 3885 quas
824 3822 1009 3886 fecerat
1044 3816 1284 3869 Dominus
1314 3817 1451 3869 Deus
1485 3816 1632 3887 (Gen.
1659 3818 1709 3871 3.
1741 3817 1815 3884 1).

296 3910 353 3965 2.
381 3908 603 3977 Serpens
624 3908 765 3960 initio
786 3909 977 3959 amicus
1000 3908 1213 3959 hominis
1234 3923 1249 3968 ,'
1284 3909 1532 3976 quomodo
1549 3908 1636 3961 ille
1657 3908 1818 3960 Evam

228 4004 518 4073 alloquutus
547 4008 628 4055 stt.
652 4030 721 4039 —
749 4000 873 4054 Erat
905 3999 1062 4068 igitur
1087 4011 1140 4052 et
1170 3999 1406 4052 imitandi
1434 4009 1486 4053 et
1513 4000 1815 4053 blandiendi

228 4105 342 4147 arte
373 4092 585 4147 caeteris
609 4092 871 4161 superior.
900 4089 975 4144 Ne
998 4089 1243 4144 attendas
1274 4090 1524 4159 prznsenti
1555 4091 1813 4159 aspectui,

228 4186 369 4256 quod
402 4199 595 4253 nempe
645 4185 815 4254 ipsum
862 4184 1122 4254 fugiamus
1152 4195 1206 4238 et
1250 4183 1565 4238 horreamus
1597 4203 1611 4240 :
1638 4185 1705 4239 ab
1736 4184 1818 4237 in-

228 4282 323 4335 itio
362 4280 441 4334 sic
483 4294 588 4332 non
625 4288 757 4332 erat.
794 4279 1011 4332 Amicus
1056 4287 1170 4330 erat
1210 4293 1431 4346 serpens
1455 4286 1507 4331 et
1547 4277 1817 4331 blanditiis

229 4370 578 4440 propinquus.
608 4369 738 4437 Quis
760 4383 889 4437 ergo
914 4368 1059 4422 illum
1090 4368 1358 4421 inimicum
1394 4367 1550 4421 fecit?
1575 4368 1665 4421 Dei
1694 4382 1817 4420 sen-

228 4464 392 4516 tentia
426 4480 439 4515 :
473 4460 776 4514 Maledictus
798 4461 937 4514 enim
963 4470 1014 4511 tu
1043 4476 1147 4525 pra:
1168 4459 1397 4511 omnibus
1420 4459 1604 4512 bestiis.
1636 4456 1816 4511 Inimi-

226 4558 400 4610 citiam
422 4570 612 4620 ponam
637 4554 765 4606 inter
792 4562 837 4604 te
862 4562 904 4605 et
928 4553 1184 4604 mulierem
1212 4548 1360 4613 (Gen.
1387 4553 1437 4605 5.
1465 4551 1549 4604 14.
1579 4552 1686 4619 15).
1715 4548 1816 4603 lni-

228 4644 429 4697 micitia
461 4642 547 4695 illa
578 4641 863 4695 amicitiam
889 4640 1384 4693 solvit.Amieitiam
1414 4640 1553 4706 dico,
1574 4656 1677 4693 non
1699 4655 1815 4708 qua:

227 4738 437 4790 ratione
459 4734 701 4795 ducatur,
726 4732 817 4787 sed
846 4749 963 4802 qua:
994 4733 1163 4787 bruta:
1180 4734 1462 4786 animantis
1478 4734 1813 4801 cognitione;

229 4838 281 4881 ut
330 4825 601 4893 hodieque
639 4823 873 4877 ostendit
907 4825 1055 4877 canis
1094 4825 1341 4876 amicitia:
1390 4825 1659 4890 speciem,
1710 4840 1813 4876 non

228 4920 457 4979 ratione,
489 4915 581 4968 sed
633 4915 854 4968 naturali
900 4924 1044 4968 motu
1082 4935 1094 4968 :
1122 4918 1199 4967 sic
1228 4928 1281 4967 et
1310 4929 1531 4981 serpens
1580 4913 1816 4966 blandie-

229 5009 387 5063 batur
416 5006 635 5059 homini.
669 5004 738 5059 Ut
763 5020 891 5073 ergo
916 5006 1003 5075 qui
1028 5005 1246 5057 multam
1279 5004 1686 5057 familiaritatem
1721 5002 1813 5056 ha-

229 5103 404 5161 beret,
434 5099 579 5151 visus
603 5107 685 5151 est
708 5098 919 5151 diabolo
945 5112 1065 5151 esse
1100 5098 1350 5151 idoneum
1381 5097 1812 5149 instrumentum.

231 5190 433 5243 Videtis
481 5186 641 5256 igitur
681 5188 941 5238 Adamum
989 5196 1239 5255 serpente
1286 5185 1556 5247 delectari,
1600 5200 1817 5253 serpen-

234 5294 336 5335 tem
384 5280 459 5333 illi
501 5278 796 5331 ahblandiri
823 5318 837 5339 ,
880 5277 1150 5345 multaque
1199 5294 1261 5332 ex
1298 5279 1542 5331 humanis
1585 5278 1814 5341 imitari,

233 5372 551 5441 excogitavit
597 5370 719 5423 mali
760 5368 978 5434 artifex,
1023 5379 1081 5421 ut
1141 5369 1212 5423 illi
1260 5373 1348 5438 qui
1388 5369 1539 5422 dolos
1580 5380 1816 5431 nectunt,

234 5465 429 5531 quique
461 5478 556 5530 per
584 5462 797 5531 pr0pria
837 5462 1096 5529 cujusque
1138 5460 1397 5528 adrepunt
1429 5480 1442 5513 :
1473 5477 1630 5515 neruo
1676 5463 1815 5515 enim

236 5568 328 5621 per
358 5560 636 5613 extranea,
669 5550 762 5604 sed
807 5566 903 5619 per
935 5550 1143 5620 propria
1175 5565 1263 5604 res
1310 5552 1442 5605 tales
1488 5552 1729 5610 conficit;
1765 5569 1818 5604 u;

235 5642 306 5694 ait
325 5641 577 5696 Servator
596 5658 610 5693 :
630 5639 832 5692 Inimici
855 5640 1069 5693 hominis
1090 5641 1348 5694 domestici
1373 5644 1478 5711 ejus
1497 5643 1705 5714 (Matth.
1731 5644 1817 5699 lo.

235 5731 335 5805 36).
352 5731 609 5801 Loquitur
622 5746 750 5801 ergo
765 5746 860 5800 per
872 5741 1171 5802 serpentem
1184 5733 1361 5789 fucum
1381 5734 1578 5793 faciens
1590 5739 1814 5795 Adamo.

236 5822 380 5894 Rogo
403 5832 633 5878 vestram
661 5824 936 5880 caritatem
960 5866 975 5894 ,
1014 5840 1079 5881 ne
1109 5825 1466 5895 perfunctorie
1505 5835 1809 5889 attendatis.

1296 416 1381 472 DE
1418 415 1631 472 MUNDI
1668 410 2062 469 CREATIONE
2102 414 2357 472 ORATIO
2396 417 2481 472 Vl.

3429 443 3545 500 486

1954 527 2068 582 Non
2092 530 2221 584 !evis
2247 541 2326 587 est
2356 532 2601 602 qmestio,
2624 535 2891 603 quomodo
2914 551 3136 606 serpens
3163 539 3414 609 loquutus
3439 542 3539 607 sit,

1953 633 2022 671 an
2067 619 2295 675 humana
2341 638 2493 688 voce,
2537 639 2601 677 an
2636 627 2898 694 serpentis
2946 628 3124 695 sibilo,
3175 630 3537 701 intellexitque

1955 710 2084 764 Eva.
2125 713 2293 766 Adam
2324 725 2449 770 ante
2476 718 2951 787 transgressionem
2969 721 3156 791 plenus
3182 734 3298 778 erat
3327 727 3533 795 sapien-

1955 798 2045 864 tia,
2076 800 2443 871 intelligentia,
2471 819 2534 858 ac
2564 806 2859 876 prophetia.
2902 808 3085 879 Cogita
3112 822 3306 881 quanta
3341 815 3535 883 pra-di—

1954 900 2037 945 tus
2076 902 2219 947 esset
2268 897 2547 964 sapientia,
2581 899 2669 967 qui
2722 910 2897 967 posset
2948 918 3083 957 unus
3127 906 3271 959 nullo
3319 907 3537 961 homine

1952 982 2190 1050 doctore,
2226 988 2438 1039 nomina
2470 988 2745 1057 imponere
2774 993 3090 1060 volatilibus,
3125 997 3424 1064 reptilibus,
3456 996 3534 1051 fe-

1951 1075 2045 1140 ris,
2079 1092 2182 1129 uno
2220 1079 2383 1132 verbo
2428 1082 2693 1135 omnibus.
2725 1080 2779 1136 lu
2808 1094 2987 1139 mente
3032 1095 3116 1140 tua
3151 1088 3378 1159 depinge
3412 1105 3536 1159 spc-

1948 1168 2078 1232 cies,
2109 1184 2336 1238 genera;
2378 1182 2536 1240 utque
2580 1176 2895 1242 eompendio
2920 1176 3116 1243 dicam,
3149 1188 3223 1233 tot
3258 1181 3530 1250 imposuit,

1947 1271 2075 1328 quot
2105 1260 2263 1315 hodie
2296 1278 2392 1316 nos
2417 1273 2534 1332 post
2564 1268 2945 1334 experientiam
2989 1286 3093 1324 non
3145 1288 3423 1340 possumus
3448 1291 3529 1329 re-

1947 1352 2144 1406 colere.
2177 1354 2400 1421 Quando
2440 1358 2595 1425 igitur
2626 1360 2762 1413 Deus
2788 1362 2979 1415 obtulit
3021 1365 3272 1419 animalia
3301 1366 3525 1434 homini,

1946 1444 2036 1498 ille
2063 1454 2125 1498 ut
2167 1448 2379 1515 sapiens
2402 1464 2463 1501 ac
2506 1450 2595 1503 Dei
2641 1452 2885 1519 spiritum
2934 1453 3155 1521 habens,
3198 1458 3527 1527 singulorum

1946 1537 2327 1601 proprietatem
2358 1539 2586 1593 videbat.
2634 1542 3024 1597 Animadvertit
3051 1562 3177 1601 vero
3224 1558 3525 1617 serpentem

1944 1625 2277 1681 solertiorem
2321 1644 2463 1694 esse,
2510 1646 2670 1684 sensu
2719 1634 2937 1701 pollere,
2990 1652 3053 1689 ex
3100 1639 3314 1693 nutibus
3352 1650 3527 1695 motus

1944 1715 2103 1769 animi
2135 1719 2424 1787 percipere.
2466 1720 2599 1774 Cum
2630 1723 2706 1775 sic
2749 1723 2916 1777 Adam
2945 1741 3001 1780 se
3029 1726 3267 1794 haberet,
3302 1746 3525 1799 perpen-

1942 1807 2019 1860 dit
2044 1807 2285 1865 diabolus
2312 1820 2366 1865 et
2402 1816 2665 1881 serpentis
2705 1820 2971 1882 astutiam,
3003 1827 3056 1873 et
3081 1820 3269 1875 Adami
3314 1824 3525 1891 opinio-

1943 1915 2063 1953 nem
2095 1920 2107 1955 :
2137 1904 2353 1971 putabat
2400 1908 2541 1959 enim
2591 1918 2895 1977 serpentem
2941 1913 3192 1967 solertem
3237 1931 3372 1971 esse.
3424 1917 3526 1972 Per

1942 1992 2089 2045 illum
2118 2009 2246 2063 ergo
2277 1995 2527 2064 loquitur,
2556 2008 2612 2052 ut
2642 2002 3001 2068 suspicaretur
3026 2004 3193 2057 Adam
3222 2016 3521 2075 serpentem

1940 2099 2058 2139 cum
2081 2101 2236 2156 sagas
2256 2100 2415 2154 esset,
2434 2091 2535 2144 hoc
2558 2094 2870 2158 praistitisse
2892 2105 3011 2149 utet
3028 2095 3309 2151 humanam
3337 2115 3520 2155 vocem

1941 2177 2258 2233 imitaretur.
2291 2183 2503 2236 Accedit
2533 2199 2658 2252 ergo
2685 2200 2927 2254 serpens.
2970 2188 3238 2257 Nusquam
3266 2206 3391 2244 vero
3421 2192 3521 2247 hoc

1939 2268 2208 2339 Scriptura
2251 2271 2402 2336 dixit,
2433 2274 2700 2329 diabolum
2747 2294 2937 2346 nempe
2966 2281 3016 2333 in
3044 2293 3292 2349 serpente
3336 2284 3524 2354 loquu-

1938 2371 2044 2413 tum
2072 2378 2211 2425 esse,
2236 2364 2329 2418 sed
2350 2376 2404 2419 ct
2426 2365 2634 2436 Moyses
2665 2370 2973 2437 simpliciter
2998 2387 3107 2425 rem
3136 2385 3336 2441 gestam
3358 2390 3518 2428 enar-

1936 2453 2088 2506 ravit.
2138 2455 2456 2524 Diligenter,
2504 2475 2720 2527 qumso,
2764 2461 3143 2515 animadverte.
3191 2464 3382 2519 Paulus
3426 2468 3517 2534 qui

1933 2548 2198 2601 secundus
2227 2548 2275 2600 in
2308 2550 2549 2617 paradiso
2576 2550 2689 2615 fuit,
2718 2568 2814 2606 nec
2851 2554 2949 2622 ipsi
2973 2554 3167 2607 dictum
3210 2556 3514 2625 explicavit,

1932 2636 2022 2690 sed
2054 2638 2128 2689 ait
2162 2656 2173 2689 :
2208 2637 2465 2705 Despondi
2496 2657 2578 2693 eos
2610 2642 2696 2693 uni
2719 2643 2824 2694 viro
2863 2644 3101 2713 virginem
3128 2656 3337 2709 castam,
3369 2648 3511 2701 exhi-

1932 2727 2044 2779 bere
2068 2727 2285 2780 Christo.
2309 2727 2478 2782 Timeo
2500 2740 2685 2795 autem,
2708 2748 2768 2783 ne
2794 2733 2920 2784 sicut
2950 2750 3149 2801 serpens
3178 2734 3334 2788 Evam
3363 2738 3513 2791 sedu-

1928 2818 2003 2870 xit
2032 2818 2083 2870 in
2105 2819 2287 2871 astutia
2308 2836 2402 2871 sua
2430 2820 2504 2889 (9..
2525 2821 2642 2874 Cor.
2664 2822 2747 2875 11.
2766 2822 2819 2874 2.
2840 2821 2893 2891 ὅ)
2920 2842 2931 2876 :
2958 2840 3053 2877 nec
3075 2825 3226 2885 dixit,
3256 2826 3305 2879 id
3323 2826 3509 2882 diabo-

1931 2907 2037 2961 lum
2061 2908 2266 2964 fecisse.
2289 2910 2483 2964 Fidelis
2505 2912 2893 2981 Scripturarum
2918 2925 3093 2969 custos
3118 2926 3251 2981 erat,
3274 2918 3510 2989 Scriptu-

1928 3013 2106 3053 rarum
2151 3001 2412 3069 minister,
2444 3001 2836 3072 Scripturarum
2884 3005 3089 3069 duetor,
3116 3007 3507 3075 Scripturarum

1927 3092 2209 3158 interpres.
2231 3092 2407 3146 Noluit
2434 3093 2628 3145 dietum
2655 3095 2882 3159 solvere,
2918 3111 2983 3147 ne
3003 3094 3393 3164 Scripturarum
3424 3115 3509 3151 or-

1924 3179 2104 3233 dinem
2151 3182 2412 3245 solveret;
2456 3183 2549 3235 sed
2599 3185 2859 3235 sententia
2907 3185 3063 3237 solvit
3111 3190 3502 3254 quaestionem:

1928 3267 2118 3333 Timeo,
2146 3272 2332 3340 inquit,
2363 3288 2424 3325 ne
2452 3274 2575 3325 sicut
2602 3290 2804 3339 serpens
2836 3273 2990 3326 Evam
3017 3276 3211 3329 seduxit
3239 3278 3289 3329 iu
3323 3281 3507 3333 astutia

1922 3378 2035 3425 sua,
2055 3364 2126 3415 sic
2144 3374 2531 3432 corrumpantur
2548 3382 2716 3417 sensus
2732 3368 2898 3418 vestri.
2922 3366 3008 3419 Sic
3027 3386 3046 3431 ;
3062 3370 3362 3436 quomodo?
3380 3387 3504 3426 num

1924 3454 2189 3507 metuebat
2210 3454 2424 3518 Paulus,
2451 3469 2517 3508 ne
2543 3468 2749 3508 rursum
2774 3471 2992 3525 serpens
3015 3461 3238 3523 veniret,
3262 3476 3323 3513 ac
3344 3478 3505 3531 quos-

1923 3546 2044 3599 dam
2067 3546 2656 3612 seduceret?At,Novi,
2677 3547 2874 3617 inquit,
2896 3550 3039 3604 illum
3068 3563 3369 3621 serpentem
3398 3570 3503 3609 nou

1921 3653 2197 3707 apparere,
2220 3639 2311 3693 sed
2332 3648 2551 3709 apparet
2574 3639 2617 3691 is
2638 3644 2724 3708 qui
2746 3639 2795 3693 in
2824 3641 2914 3693 illo
2932 3652 3178 3710 operatus
3198 3652 3298 3697 est.
3330 3645 3503 3701 Ctete~

1924 3746 2037 3783 rtun
2062 3730 2272 3793 Paulus,
2291 3742 2344 3784 ut
2362 3730 2530 3784 ﬁdelis
2554 3731 2813 3794 minister,
2838 3743 2889 3786 et
2911 3747 3179 3787 sacrarum
3199 3734 3501 3805 Scriptura-

1921 3838 2038 3874 rum
2061 3834 2259 3886 custos,
2280 3822 2477 3876 dictum
2503 3836 2605 3875 non
2635 3824 2866 3885 invertit,
2892 3823 2984 3877 sed
3022 3827 3338 3880 sententiam
3361 3828 3500 3881 indi-

1921 3913 2091 3965 cavit:
2118 3914 2230 3981 ipse
2252 3929 2376 3965 vero
2402 3923 2657 3973 veterum,
2682 3928 2959 3973 novorum,
2986 3913 3385 3985 futurorumque
3408 3919 3503 3971 Do-

1922 4002 2118 4067 minus,
2140 4003 2486 4070 qtttestionem
2507 4000 2704 4069 liqttido
2721 4002 2894 4064 solvit,
2925 4018 2991 4055 ne
3012 4003 3128 4071 quis
3152 4019 3421 4072 peccatum
3448 4008 3497 4060 in

1919 4102 2220 4160 serpentem
2246 4090 2458 4154 referat,
2480 4091 2572 4144 sed
2591 4090 2638 4143 in
2659 4105 2779 4144 eum
2802 4092 2890 4159 qui
2916 4093 2965 4144 in
2992 4093 3103 4159 ipso
3125 4104 3374 4161 operatus
3395 4107 3494 4148 est.

1920 4185 2009 4236 Ait
2050 4184 2225 4251 itaque
2264 4182 2507 4237 Christus
2549 4180 2746 4235 Judaeis
2775 4197 2893 4234 cum
2934 4182 3171 4237 dicerent
3198 4185 3266 4249 ei,
3303 4184 3413 4238 Nos
3440 4204 3503 4239 ea:

1920 4273 2027 4325 Deo
2056 4290 2225 4325 sumus
2260 4289 2275 4325 :
2302 4272 2358 4325 Si
2382 4288 2442 4324 ex
2485 4272 2589 4325 Deo
2618 4273 2805 4336 essetis,
2838 4272 2932 4324 Dci
2958 4274 3123 4342 utique
3158 4292 3307 4343 opera
3334 4292 3392 4328 ac
3415 4294 3501 4329 uo-

1921 4366 2159 4417 luntatem
2180 4366 2285 4433 ejus
2310 4365 2561 4433 faceretis.
2578 4362 2728 4417 Nunc
2754 4380 2867 4416 vero
2885 4381 2947 4418 ea:
2971 4375 3111 4433 patre
3129 4377 3285 4418 vestro
3303 4366 3501 4421 diabolo

1919 4456 2224 4509 estis.Dixit
2272 4455 2563 4518 diabolum,
2595 4464 2649 4509 et
2700 4456 2877 4508 statim
2932 4456 3204 4509 historiam
3256 4457 3498 4511 inducit:

1919 4544 2045 4607 Ille,
2074 4547 2260 4615 inquit,
2286 4546 2537 4599 Itonticida
2564 4557 2668 4598 erat
2695 4547 2755 4598 ab
2799 4547 2962 4599 initio.
2998 4548 3192 4601 Servus
3220 4558 3277 4600 ut
3315 4565 3503 4602 servus

1921 4638 2293 4706 interpretatus
2316 4647 2425 4702 est;
2461 4639 2713 4693 Dominus
2731 4648 2903 4691 autem
2927 4649 2983 4693 ut
3008 4640 3258 4714 Dominus
3284 4642 3460 4693 docuit
3483 4656 3496 4692 :

1920 4732 2153 4785 ostendit
2189 4748 2308 4785 eum
2337 4734 2423 4801 qui
2467 4733 2725 4785 Adamum
2755 4731 3041 4784 occiderat.
3071 4729 3185 4783 Non
3222 4728 3361 4782 dixit
3388 4739 3503 4783 tan-

1922 4836 2031 4879 tum
2077 4824 2490 4889 interfectorem,
2518 4826 2610 4879 sed
2659 4822 2993 4876 homicidam.
3028 4820 3139 4875 Non
3166 4824 3305 4875 enim
3338 4839 3502 4879 ununt

1920 4924 2122 4967 tantum
2171 4916 2401 4976 occidit,
2434 4914 2523 4966 sed
2550 4928 2641 4979 per
2682 4913 2821 4964 illum
2855 4925 3040 4962 onmes
3071 4910 3329 4965 homines.
3361 4911 3425 4964 Et
3451 4915 3502 4964 in

1919 5008 2141 5065 ueritate,
2188 5006 2373 5072 inquit,
2402 5020 2497 5054 non
2522 5003 2690 5053 stetit:
2717 5003 2835 5071 quia
2866 5002 3082 5053 mendax
3109 5012 3180 5053 est
3212 5004 3227 5071 (
3259 5002 3413 5057 Joan.
3446 5005 3499 5057 8.

1918 5098 2007 5150 tt.
2040 5097 2128 5149 ts.
2158 5095 2269 5163 tt).

1992 5189 2045 5241 5.
2088 5187 2308 5255 Serpens
2338 5185 2597 5236 mulierem
2624 5183 2884 5253 alloquens
2909 5184 3142 5235 mentitus
3165 5192 3253 5237 est.
3277 5212 3348 5221 --
3370 5183 3501 5237 Vide

1922 5280 2190 5348 quomodo
2235 5280 2607 5344 interpretatus
2646 5287 2726 5329 est
2769 5286 2821 5329 et
2866 5275 3007 5344 quod
3054 5274 3123 5326 sit
3163 5274 3427 5339 diabolus,
3454 5284 3506 5326 et

1922 5371 2061 5441 quod
2086 5372 2153 5424 sit
2194 5368 2435 5421 mendax.
2480 5368 2761 5435 Quomodo
2791 5368 3040 5421 mentitus
3070 5367 3187 5420 est?
3240 5366 3379 5419 Dixit
3400 5383 3505 5419 ser-

1924 5480 2044 5533 pens
2084 5460 2277 5513 mulieri
2312 5458 2455 5512 :Cur
2499 5460 2732 5527 praecepit
2774 5459 2909 5509 vobis
2952 5457 3111 5522 Deus,
3165 5466 3339 5509 utnon
3371 5473 3503 5507 rom-

1924 5552 2123 5605 ederitis
2154 5553 2214 5603 de
2242 5551 2377 5602 omni
2416 5552 2551 5619 ligno
2575 5549 2722 5621 (Gen.
2749 5551 2800 5603 5.
2845 5549 2922 5617 l)?
2945 5548 3136 5601 Vidisti
3159 5548 3503 5600 mendacem?

1925 5646 2141 5698 Dixerat
2186 5644 2323 5698 Deus
2354 5661 2365 5695 :
2404 5643 2475 5697 De
2519 5644 2661 5696 omni
2705 5643 2845 5710 ligno
2872 5640 3153 5703 comedite,
3182 5639 3247 5691 dc
3276 5654 3378 5690 uno
3406 5654 3505 5689 au-

1924 5748 2030 5794 tem
2059 5752 2123 5790 ne
2151 5736 2475 5800 comedatis;
2530 5735 2759 5788 mendax
2806 5734 2893 5788 llle
2919 5737 2991 5785 ait
3020 5750 3031 5783 :
3061 5733 3165 5784 Cur
3195 5730 3325 5782 dixit
3355 5730 3505 5783 vobis

1927 5836 2087 5899 Deus,
2117 5842 2173 5887 ut
2204 5831 2271 5887 de
2299 5830 2440 5883 omni
2473 5828 2614 5895 ligno
2639 5842 2703 5882 ne
2730 5824 3060 5884 comedatis?
3102 5821 3215 5876 Non
3258 5821 3509 5876 mentitur
