3984 6494
435 483 550 540 487

424 960 540 1015 Νοη
574 961 719 1025 novi,
761 958 922 1014 nulla:
965 970 1088 1014 sunt
1116 957 1351 1013 insidim:
1397 957 1621 1026 simplici
1666 956 1847 1007 animo
1878 955 2018 1020 veni,

424 1052 555 1106 nihil
595 1053 725 1106 scio.
777 1048 968 1104 Nonne
1013 1050 1299 1102 multorum
1347 1049 1526 1101 talium
1577 1046 1775 1100 fecistis
1817 1047 2024 1113 pericu-

421 1146 530 1199 lttm
550 1144 573 1198 ἲ
597 1161 664 1199 an
697 1145 1001 1213 ignoramus
1021 1141 1145 1196 dolo
1169 1141 1427 1194 utentium
1461 1140 1659 1207 opera?
1696 1154 1873 1192 nonne
1898 1139 2017 1192 talia

419 1245 704 1299 consuunt,
740 1245 793 1289 et
826 1234 1176 1304 ignorantiam
1211 1232 1541 1302 prmtexunt?
1565 1231 1654 1286 Sic
1673 1240 1728 1286 et
1750 1231 2012 1284 diabolus.

420 1329 547 1391 Cttr,
577 1328 769 1398 inquit,
795 1327 927 1380 dixit
945 1327 1097 1380 vobis
1121 1326 1261 1380 Deus
1278 1326 1300 1378 ?
1320 1324 1453 1377 Male
1470 1333 1524 1377 et
1553 1338 1802 1391 perverse
1817 1322 2010 1387 audivi,

417 1428 473 1474 ut
502 1434 608 1474 non
639 1417 994 1473 comederetis
1023 1417 1089 1471 de
1120 1415 1264 1470 omni
1316 1415 1477 1486 ligno.
1527 1413 1853 1468 Existimans
1893 1429 2014 1467 mn-

417 1509 517 1565 iier
549 1509 597 1564 id
627 1509 981 1580 ignorantiam
1011 1522 1153 1572 esse,
1179 1521 1481 1562 sermonem
1509 1505 1746 1574 corrigit.
1772 1504 1886 1559 Non
1918 1506 2009 1569 ita,

416 1601 626 1669 inquit,
677 1599 927 1668 loquutus
971 1606 1097 1652 est:
1127 1613 1233 1652 non
1266 1596 1399 1650 dixit
1443 1596 1600 1659 Deus,
1633 1605 1820 1649 utnon
1867 1610 2013 1649 com-

413 1693 698 1748 edcremus
719 1691 785 1745 de
812 1692 956 1746 omni
977 1691 1147 1761 ligno;
1169 1690 1262 1744 sed
1285 1688 1350 1743 de
1375 1688 1520 1742 omni
1549 1687 1892 1756 permisit,ab
1906 1701 2011 1741 uno

411 1785 719 1848 interdixit;
771 1783 903 1838 dixit
947 1784 1089 1837 enim
1133 1782 1287 1836 nobis
1324 1800 1336 1835 :
1368 1780 1445 1835 Ne
1475 1779 1789 1838 comedatis.
1815 1789 1871 1832 ut
1901 1793 2006 1832 non

413 1877 734 1934 moriamini.
769 1877 926 1930 Visus
953 1885 1033 1931 est
1059 1875 1238 1929 dicere
1267 1871 1408 1943 quod
1442 1871 1716 1927 nesciebat
1743 1887 1756 1922 :
1779 1871 1890 1940 jam
1919 1884 2008 1923 su-

407 1972 576 2042 spicio
607 1986 710 2024 non
756 1977 892 2035 erat,
920 1967 1062 2038 quod
1111 1965 1487 2027 insidiaretur;
1537 1962 1718 2032 aitque
1747 1963 1820 2016 illi
1855 1979 1868 2015 :
1900 1959 2006 2014 Nc-

407 2077 658 2130 quaquam
684 2069 845 2113 morte
884 2057 1170 2112 moriemini
1199 2054 1349 2127 (Gen.
1381 2055 1434 2108 3.
1457 2051 1534 2124 4).
1570 2053 1650 2108 En
1679 2051 1821 2106 aliud
1853 2067 2006 2106 men-

407 2153 642 2208 dacium.
688 2152 797 2208 Deo
827 2164 1056 2221 namque
1085 2149 1315 2213 dicente,
1345 2145 1371 2199 1
1380 2165 1410 2200 η
1435 2161 1746 2217 quacumque
1768 2145 1852 2198 die
1868 2159 2006 2196 com-

407 2246 631 2311 ederitis,
656 2254 815 2298 morte
835 2241 1141 2307 moriemini,
1167 2241 1241 2294 ait
1260 2239 1502 2294 diabolus
1519 2255 1530 2288 :
1550 2235 1884 2306 Nequaquam
1895 2251 2006 2288 mo-

403 2339 606 2393 riemini
620 2353 638 2402 ς
665 2338 856 2392 iterum
889 2335 1145 2392 mentitus
1169 2344 1268 2388 est.
1307 2331 1511 2388 Sciebat
1541 2331 1674 2383 enim
1702 2329 1856 2390 Deus,
1885 2328 2002 2396 quia

400 2449 501 2502 qna
528 2432 609 2484 die
630 2428 969 2494 comederitis,
1000 2428 1138 2482 eritis
1161 2428 1288 2480 sicut
1309 2425 1400 2477 dii.
1428 2424 1507 2477 En
1539 2423 1752 2478 tertium
1780 2420 2001 2475 menda-

403 2526 568 2579 cium.
598 2522 732 2579 Vide
757 2521 999 2576 dolosam
1037 2517 1234 2574 diaboli
1265 2517 1574 2586 nequitiam.
1607 2514 1724 2568 Jam
1772 2528 1999 2584 prteme-

400 2615 602 2669 ditatur
627 2627 866 2669 errorem
897 2610 1095 2665 mundo
1123 2608 1494 2663 disseminare.
1521 2607 1585 2660 Et
1611 2605 1732 2674 quia
1759 2605 1995 2668 molitur,

402 2715 460 2760 ut.
487 2705 624 2770 dixi,
673 2705 852 2774 plures
899 2703 1032 2758 deos
1073 2703 1124 2755 in
1168 2701 1300 2755 orbe
1348 2699 1603 2760 excitare,
1655 2704 1998 2750 antevertens

398 2798 626 2870 quadam
669 2797 990 2852 narrationis
1034 2795 1234 2863 specie,
1260 2793 1490 2863 plurium
1533 2791 1758 2846 deorum
1784 2789 1996 2856 Opinio-

398 2906 521 2945 nem
551 2892 603 2944 in
632 2891 849 2945 auribus
880 2888 1120 2942 mulieris
1152 2885 1397 2939 inseruit.
1429 2884 1518 2938 Sic
1542 2894 1689 2937 certe
1717 2880 1841 2933 mali
1868 2880 1995 2933 arti-

397 2985 482 3039 fex
513 2983 738 3054 plurium
761 2982 981 3037 deormn
1005 2979 1378 3049 cogitationem
1412 2977 1559 3046 prius
1582 2974 1789 3027 invexit
1813 2991 1825 3026 :
1852 2971 1994 3026 Deus

396 3091 528 3133 vero
555 3075 887 3146 praescientia
917 3089 1010 3129 sua
1039 3073 1089 3126 id
1117 3070 1341 3136 curavit,
1391 3078 1447 3123 ut
1475 3068 1681 3123 futurus
1708 3082 1860 3121 error
1885 3081 1991 3120 non

397 3167 635 3224 humano
660 3183 754 3222 ore
792 3165 1144 3237 proferretur,
1179 3178 1246 3219 ne
1271 3161 1444 3233 prima
1475 3161 1700 3231 loquela:
1745 3158 1994 3212 humanae

395 3276 499 3316 vox
539 3260 669 3316 deos
712 3267 1184 3321 commemoraret,
1215 3255 1309 3310 sed
1348 3271 1450 3308 vox
1484 3258 1652 3323 prima
1702 3251 1990 3321 serpentis,

395 3364 454 3408 ut
481 3369 543 3408 os
562 3368 721 3407 omne
746 3351 812 3406 de
842 3351 996 3405 idolis
1023 3350 1246 3420 loquens
1266 3347 1339 3402 illi
1368 3347 1542 3401 simile
1565 3354 1725 3400 esset.
1748 3342 1870 3400 Scio
1896 3357 1992 3397 vos

395 3443 519 3499 huic
543 3445 657 3500 voci
692 3458 932 3512 parcere,
964 3451 1018 3496 et
1041 3449 1282 3494 s:mctam
1330 3440 1726 3508 Scripturarum
1755 3444 1989 3490 mentem

393 3537 652 3608 arripere.
707 3534 876 3590 Nemo
907 3535 1065 3603 igitur
1107 3534 1255 3588 vocis
1296 3545 1545 3603 pompam
1573 3528 1843 3591 attendat;
1892 3527 1987 3581 sed

392 3630 780 3684 sententiarum
807 3628 1079 3682 virtutem.

461 3721 602 3776 Deus
626 3737 727 3775 non
753 3722 1006 3791 prohibuit
1035 3719 1292 3772 scientiam
1315 3717 1434 3770 boni
1454 3733 1471 3781 ,'
1493 3716 1653 3768 Adam
1676 3724 1792 3767 ante
1820 3729 1988 3784 pecca-

391 3823 498 3867 tum
525 3813 786 3867 scientiam
815 3812 932 3865 boni
961 3811 1194 3866 habebat.
1221 3841 1293 3851 —
1316 3810 1517 3865 Sciebat
1551 3812 1686 3863 enim
1715 3808 1873 3873 Deus,
1907 3809 1986 3862 iu-

388 3906 504 3974 qttit
522 3945 538 3971 ,
564 3905 700 3978 quod
721 3921 1036 3975 quacumque
1064 3904 1144 3956 die
1170 3903 1488 3958 comedet-itis
1505 3943 1520 3968 ,
1542 3903 1685 3956 eritis
1723 3903 1849 3954 sicut
1873 3900 1944 3953 dii
1968 3942 1982 3966 ,

390 4000 602 4053 scientes
646 3997 829 4050 bonum
868 4010 918 4050 et
947 3997 1162 4049 nmium.
1205 3996 1369 4049 Aiunt
1404 3997 1572 4059 multi,
1613 3995 1986 4066 prmeipuequc

389 4091 447 4155 ii,
479 4090 567 4161 qui
598 4090 707 4143 Deo
728 4088 1001 4144 inimiCum
1031 4087 1382 4159 Porphyrium
1416 4097 1732 4156 sequuntur,
1765 4081 1856 4154 q'ui
1885 4085 1983 4138 ad-

391 4197 578 4238 versus
607 4179 942 4238 Christianos
992 4181 1241 4250 scripsit,
1275 4180 1578 4249 multosque
1611 4195 1640 4233 a
1675 4179 1851 4233 divina
1879 4178 1984 4233 tide

389 4275 608 4331 abduxit
638 4292 653 4342 ;
685 4277 854 4341 aiunt,
886 4276 1103 4345 inquam
1133 4292 1144 4327 :
1176 4276 1280 4330 Cur
1312 4275 1452 4328 Deus
1474 4274 1751 4328 scientiam
1779 4273 1903 4328 boni
1929 4283 1986 4328 et

389 4369 513 4424 mali
541 4369 810 4440 prohibuit
837 4369 860 4423 ?
891 4368 1042 4434 Esto,
1075 4368 1274 4422 malum
1299 4366 1626 4437 prohibuerit
1657 4384 1671 4431 ;
1703 4381 1800 4422 cur
1819 4366 1980 4420 etiam

387 4464 587 4518 bonum
605 4463 630 4517 ἲ
649 4462 780 4517 Cum
809 4462 881 4515 ait
904 4462 1046 4515 enim
1080 4478 1094 4514 :
1127 4460 1205 4516 De
1233 4461 1370 4531 tigno
1396 4461 1617 4514 scientia:
1637 4459 1757 4512 boni
1788 4471 1832 4513 et
1860 4458 1983 4510 muli

387 4570 450 4607 ne
492 4552 766 4606 comedatis
790 4592 806 4618 ,
833 4551 1113 4621 prohibet,
1140 4552 1326 4617 aiunt,
1360 4566 1426 4605 ne
1458 4550 1589 4604 sciat
1619 4550 1816 4603 malum
1844 4567 1856 4601 :
1886 4564 1983 4603 cur

386 4645 547 4700 etiam
577 4644 776 4699 bonum
807 4642 832 4697 ἲ
875 4643 1102 4713 Semper
1135 4643 1336 4698 malitia
1375 4651 1561 4697 contra
1606 4643 1838 4710 seipsam
1864 4657 1978 4694 ma-

385 4737 649 4799 chinatur,
679 4736 841 4805 inque
861 4734 1092 4803 seipsam
1125 4734 1436 4789 occasiones
1468 4734 1689 4802 prmbet.
1717 4733 1833 4787 Non
1859 4748 1982 4802 pro-

386 4829 558 4884 hibuit
607 4829 750 4883 Deus
804 4827 1084 4882 scientiam
1133 4826 1296 4881 boni:
1357 4825 1501 4878 illam
1555 4825 1750 4894 quippe
1794 4824 1980 4879 habuit

383 4921 578 4984 Adam,
611 4919 770 4975 etiam
803 4928 1085 4987 antequam
1121 4917 1447 4971 comederet.
1494 4914 1603 4968 Nisi
1646 4915 1790 4968 enim
1835 4915 1976 4968 illam

380 5024 504 5067 ante
524 5013 812 5075 habuisset,
833 5011 1101 5080 quomodo
1123 5011 1458 5079 cognovisset
1475 5023 1694 5062 uxorem
1719 5008 1983 5077 ?quomo-

383 5105 452 5159 do
470 5104 537 5158 de
557 5105 675 5173 ejus
692 5115 880 5158 natura
897 5103 1142 5168 dixisset,
1166 5102 1238 5156 Us
1255 5119 1316 5155 ea:
1336 5104 1528 5155 ossibus
1547 5103 1688 5166 meis,
1711 5111 1754 5152 et
1783 5117 1899 5152 caro
1921 5101 1982 5153 de

383 5211 534 5246 carne
559 5197 710 5247 mea?
739 5195 1010 5265 quomodo
1039 5195 1210 5250 futura
1232 5195 1546 5248 vaticinatus
1567 5202 1726 5252 esset.
1754 5192 1874 5246 Ilwc
1899 5211 1980 5246 vo-

381 5288 576 5340 cabitur
605 5289 807 5351 mulier,
837 5292 957 5354 quia
981 5291 1044 5343 de
1088 5291 1195 5343 viro
1240 5297 1442 5358 sumpta
1487 5299 1575 5340 est.
1629 5287 1845 5356 Propter
1886 5287 1980 5339 hoc

380 5379 624 5445 relinquet
671 5379 821 5430 homo
872 5389 1068 5448 patrem
1112 5390 1156 5432 et
1218 5389 1428 5432 matrem
1456 5379 1475 5443 (
1506 5377 1636 5431 Gen.
1663 5378 1716 5430 2.
1747 5378 1978 5447 25.24),

383 5469 530 5524 etc.?
563 5477 709 5522 tanta
753 5468 991 5533 sciebat,
1034 5478 1088 5522 et
1125 5469 1321 5523 bonum
1370 5485 1474 5522 non
1518 5467 1978 5524 noverat?Deum

385 5571 637 5627 noverat,
670 5578 790 5630 qum
817 5571 940 5615 sunt
973 5562 1063 5616 Dei
1095 5562 1377 5626 servabat,
1407 5563 1686 5616 scientiam
1723 5561 1971 5624 habebat,

382 5664 458 5709 tot
487 5656 699 5709 nomina
729 5655 979 5723 impOSuit
1012 5670 1026 5716 ;
1072 5653 1342 5722 quomodo
1382 5653 1659 5707 scientiam
1711 5652 1832 5706 boni
1871 5668 1974 5706 non

382 5745 664 5800 habuerit?
697 5744 831 5812 Quid
870 5759 996 5812 ergo
1028 5742 1156 5796 illud
1204 5741 1320 5796 est?
1371 5742 1484 5795 Non
1537 5743 1786 5812 prohibet
1840 5743 1978 5797 Dens

380 5835 659 5891 scientiam
712 5837 858 5904 boni,
891 5835 984 5891 sed
1023 5837 1130 5890 vult
1160 5850 1282 5890 cum
1312 5834 1436 5888 boni
1468 5835 1688 5889 scientia
1725 5850 1827 5889 non
1857 5851 1976 5891 esse

381 5926 658 5982 scientiam
699 5930 845 5984 mali.
897 5926 1184 5998 lmpietatis
1225 5925 1495 5996 sophisma
1527 5927 1674 5980 solvo
1716 5941 1778 5981 ex
1821 5925 1970 5982 Scri-

1857 472 2221 532 SEVERIANI

431 590 628 646 Christi
678 604 811 644 vox:
855 587 957 644 Ille
985 587 1206 644 mendax
1230 597 1321 643 est.
1358 587 1604 643 Mentitus
1631 596 1714 642 est
1743 599 1944 653 autem,
1978 597 2032 642 et

429 682 644 753 quidem
673 684 925 753 graviter.
956 681 1089 737 Cum
1118 683 1237 752 quis
1267 681 1409 736 enim
1437 681 1622 735 dolose
1652 681 1850 750 aliquid
1879 683 2029 734 moli-

434 784 539 840 tur,
586 785 678 828 aut
721 774 1095 829 necessitatem
1141 774 1378 840 simulat,
1424 783 1513 828 aut
1552 773 1929 843 ignorantiam,
1971 782 2028 827 ut

428 881 536 922 non
585 876 888 938 suspectam
937 866 1151 921 inducat
1199 867 1546 935 pravitatem;
1597 880 1658 918 ac
1698 865 1741 917 si
1790 864 2022 926 diceret,

3614 515 3726 572 488

2147 593 2344 660 pturis.
2374 594 2462 649 Ait
2476 596 2702 654 Paulus:
2730 598 2850 654 Non
2868 604 3071 670 potestis
3085 606 3288 660 calicem
3312 607 3516 664 Domini
3544 614 3722 680 bibere,

2140 691 2187 733 et
2230 683 2438 737 calicem
2477 687 2843 758 damoniorunt
2884 692 2962 753 (1.
2989 691 3106 748 Cor.
3133 696 3220 750 10.
3237 697 3351 768 2i).
3380 699 3495 754 Non
3541 707 3726 760 ambos

2137 775 2430 842 prohibuit,
2459 778 2553 832 sed
2596 795 2716 834 eum
2745 783 2834 852 qui
2859 794 3076 839 sanctus
3106 797 3248 842 esset
3274 793 3642 856 sanctiﬁcavit,
3675 806 3724 849 ot

2135 867 2400 935 impurum
2428 881 2586 941 atque
2614 873 2889 941 profanum
2917 878 3132 948 abjecit.
3173 879 3245 932 ita
3294 897 3507 953 quoque
3537 885 3723 940 Serva-

2132 967 2242 1013 tor:
2267 960 2385 1014 Non
2403 965 2609 1031 potestis
2632 966 2739 1020 Deo
2757 971 2938 1022 servire
2954 981 2999 1024 et
3017 990 3266 1028 mamona:
3284 976 3501 1044 (Matth.
3528 978 3583 1034 6.
3605 981 3717 1052 2i);

2130 1066 2320 1119 nempe
2342 1054 2532 1109 eodem
2553 1065 2795 1127 tempore
2824 1059 2934 1115 Deo
2952 1063 3254 1118 etdaemoni
3295 1069 3496 1123 servire
3526 1071 3721 1139 impos-

2128 1141 2282 1196 sibile
2309 1155 2408 1196 est.
2440 1144 2527 1199 Sic
2573 1146 2710 1200 Deus
2741 1150 2862 1203 ntali
2892 1153 3248 1222 cognitionem
3277 1159 3478 1211 assumi
3517 1163 3716 1227 vetuit,

2125 1250 2192 1287 ne
2233 1250 2353 1288 cum
2403 1236 2524 1291 boni
2563 1239 2788 1295 scientia
2829 1245 2953 1297 mali
2999 1248 3232 1316 cognitio
3258 1248 3666 1305 adtnisceretur.

2193 1325 2246 1378 4.
2281 1324 2384 1380 Cur
2415 1327 2607 1398 lignum
2646 1333 2866 1385 scientia;
2889 1335 3006 1388 boni
3040 1347 3087 1390 et
3122 1339 3245 1391 mali
3277 1342 3349 1392 sic
3395 1340 3584 1393 dictum
3623 1353 3712 1396 est.

2121 1445 2190 1454 —
2213 1416 2310 1471 Hic
2333 1418 2440 1486 jam
2471 1421 2704 1474 animum
2729 1423 3097 1481 adhibeamus.
3132 1430 3242 1483 Cur
3268 1432 3482 1485 tandem
3515 1433 3713 1502 lignum

2123 1508 2360 1562 scicntia:
2408 1509 2532 1564 boni
2579 1524 2632 1567 et
2680 1515 2802 1567 mali
2843 1519 3168 1586 appellatum
3217 1522 3352 1575 est?
3395 1521 3510 1576 Non
3556 1526 3712 1579 talem

2119 1608 2362 1653 naturam
2399 1601 2602 1669 habuit,
2631 1606 2722 1659 sed
2753 1606 2858 1662 tale
2887 1621 3258 1678 argumentum
3290 1615 3407 1668 tttlit
3426 1657 3442 1682 ,
3471 1616 3713 1686 Scriptu-

2117 1706 2296 1745 rarutn
2333 1697 2709 1763 proprietatem
2737 1699 2875 1754 dico.
2907 1702 3147 1773 Exempli
3175 1721 3330 1760 causa
3365 1726 3378 1760 :
3413 1708 3535 1762 fons
3561 1711 3711 1778 quis-

2119 1785 2259 1849 piam
2311 1784 2361 1836 in
2405 1788 2621 1842 deserto
2663 1801 2882 1847 vocatus
2926 1803 3009 1847 est
3044 1811 3176 1864 aqua
3226 1799 3708 1855 contradictionis:

2117 1872 2338 1929 Probavi
2368 1889 2414 1930 te
2441 1879 2580 1948 apud
2610 1898 2792 1951 aquam
2817 1887 3231 1943 contradictioni:
3260 1895 3277 1962 (
3306 1890 3453 1945 Psal.
3486 1892 3573 1947 80.
3607 1893 3640 1948 8
3665 1894 3708 1964 ).

2115 1966 2329 2037 Ergone
2358 1971 2661 2040 lmjusmodi
2695 1987 2882 2031 natura
2909 1994 3060 2048 aqua:
3087 1991 3201 2035 erat
3226 2024 3240 2047 ,
3274 1993 3330 2038 ut
3357 1986 3611 2055 populum
3642 1986 3709 2041 ad

2110 2060 2589 2117 contradictionem
2619 2067 2880 2123 excitaret
2908 2068 2930 2121 ?
2958 2085 3054 2124 cur
3082 2087 3210 2142 ergo
3239 2073 3451 2145 Moyses
3483 2077 3568 2130 illa
3610 2092 3710 2146 po-

2111 2161 2271 2215 tatus,
2322 2153 2432 2210 Deo
2479 2170 2586 2211 non
2630 2160 3005 2217 contradixit?
3048 2164 3208 2220 Certe
3242 2177 3427 2222 vocata
3458 2182 3541 2224 ρει
3570 2185 3707 2239 aqua

2108 2247 2570 2313 Contradictionis,
2621 2267 2727 2304 non
2783 2254 2922 2320 quod
2974 2256 3132 2310 talem
3181 2257 3403 2315 haberet
3432 2269 3704 2325 naturam,

2107 2335 2198 2388 sed
2230 2339 2515 2394 occasione
2543 2340 2615 2394 rei
2649 2357 2767 2411 qua:
2798 2343 2848 2396 in
2884 2344 2972 2397 illa
3005 2347 3216 2401 accidit.
3249 2349 3381 2417 Quia
3411 2352 3553 2404 enim
3597 2351 3706 2404 illic

2105 2429 2428 2484 contradixit
2454 2433 2699 2501 p0pulus,
2722 2434 2841 2490 idco
2867 2448 3050 2492 vocata
3067 2449 3148 2494 est
3170 2457 3305 2510 aqua
3321 2443 3706 2497 contradictio-

2105 2521 2205 2575 nis.
2252 2522 2456 2579 Rursus
2489 2525 2623 2580 vidit
2665 2526 2829 2583 Jacob
2862 2530 3028 2586 Deum
3057 2573 3071 2598 ,
3106 2542 3162 2586 ut
3199 2535 3358 2589 homo
3388 2545 3598 2604 poterat
3628 2537 3706 2589 vi-

2103 2614 2253 2679 dere,
2279 2626 2332 2671 et
2357 2619 2567 2672 vocavit
2594 2635 2790 2675 nomen
2823 2622 2923 2676 loci
2955 2625 3161 2692 Species
3183 2625 3278 2681 Dei
3294 2627 3445 2700 (Cen.
3471 2630 3559 2685 52.
3582 2627 3703 2704 50).

2103 2706 2275 2762 Locus
2296 2711 2527 2778 speciem
2569 2720 2662 2766 aut
2705 2712 2930 2768 formam
2977 2716 3071 2770 Dei
3123 2733 3227 2773 non
3277 2720 3553 2790 habebat;
3609 2728 3702 2782 sed

2101 2800 2222 2867 quia
2256 2801 2389 2854 visio
2424 2801 2492 2855 ibi
2531 2804 2754 2874 contigit
2795 2805 2935 2873 ipsi,
2975 2822 3042 2861 ex
3084 2825 3142 2862 re
3185 2810 3357 2866 locum
3387 2819 3698 2885 appellavit.

2099 2889 2254 2944 Alius
2284 2890 2434 2945 locus
2461 2901 2680 2948 vocatus
2699 2904 2781 2948 est
2810 2894 2928 2949 Pax
2947 2895 3068 2950 Dei.
3099 2899 3320 2966 Quando
3341 2904 3579 2965 chconi
3603 2929 3701 2985 ap-

2101 2982 2277 3048 paruit
2300 2985 2520 3052 angelus
2554 2985 2668 3050 Dei,
2700 3001 2762 3040 ac
2784 2997 2928 3042 metu
2954 2993 3227 3058 perculsus
3249 2993 3335 3050 ille
3356 2997 3526 3054 dixit:
3553 3022 3570 3054 ι
3588 2982 3700 3062 Heu

2099 3087 2206 3137 me,
2237 3074 2434 3127 moriar
2464 3091 2475 3126 :
2501 3075 2608 3129 vidi
2637 3077 2779 3130 enim
2806 3080 3052 3147 angelum
3086 3081 3198 3137 Dei.
3230 3086 3318 3140 Ait
3347 3088 3421 3142 illi
3451 3095 3695 3163 angelus:

2100 3161 2209 3217 Pax
2241 3164 2356 3230 tibi,
2391 3181 2457 3220 ne
2487 3167 2698 3221 timeas.
2733 3168 2800 3222 Et
2825 3171 3128 3240 aediﬁcavit,
3161 3193 3179 3225 ι
3209 3175 3398 3247 inquit,
3428 3199 3447 3232 ί
3477 3161 3697 3242 Gedeon

2097 3255 2287 3352 altare,
2320 3267 2374 3352 et
2402 3261 2611 3352 vocavit
2641 3261 2814 3331 ipsum
2841 3263 2947 3318 Pax
2983 3265 3076 3321 Dei
3110 3287 3129 3320 ›
3158 3268 3368 3338 (Judic.
3398 3274 3451 3329 6.
3481 3276 3696 3352 22-24).

2096 3347 2555 3415 Quemadmodum
2589 3368 2716 3422 ergo
2754 3369 2867 3422 ara,
2912 3356 3025 3411 sive
3049 3358 3218 3414 altare
3249 3377 3433 3430 pacem
3462 3382 3568 3422 non
3600 3347 3694 3424 ha-

2094 3442 2229 3510 buit,
2283 3443 2378 3498 sed
2431 3445 2574 3498 inita:
2625 3455 2678 3500 et
2720 3446 2860 3501 data:
2903 3449 3046 3517 pacis
3095 3453 3395 3521 symbolum
3431 3469 3595 3525 erat;
3635 3478 3696 3518 ac

2094 3536 2544 3603 quemadmodum
2600 3551 2738 3606 aqua
2785 3540 3262 3597 contradictionem
3310 3562 3416 3599 non
3474 3549 3691 3615 habuit,

2093 3627 2185 3680 sed
2215 3642 2279 3680 ex
2303 3642 2388 3689 eo,
2419 3628 2560 3698 quod
2590 3629 2660 3684 ibi
2693 3643 2967 3696 evenerat,
2991 3635 3069 3688 sic
3088 3636 3351 3703 appellata
3379 3648 3462 3693 est
3488 3659 3502 3693 :
3540 3643 3611 3696 ita
3640 3655 3694 3699 et

2094 3717 2293 3786 lignum
2325 3734 2428 3772 non
2457 3720 2737 3774 scientiam
2772 3721 2954 3777 habuit
2976 3765 2989 3786 ,
3019 3725 3112 3779 sed
3140 3728 3262 3796 quia
3293 3733 3537 3802 quisquis
3565 3751 3693 3804 pec-

2092 3819 2196 3875 cat,
2227 3811 2279 3864 in
2313 3812 2556 3866 notitiam
2586 3814 2786 3882 peccati
2830 3816 2993 3870 venit.
3023 3817 3079 3872 ld
3109 3818 3250 3888 quod
3284 3822 3474 3877 iterum
3506 3841 3687 3882 exem-

2095 3902 2180 3969 plo
2205 3901 2468 3958 conﬁrmo
2502 3921 2514 3956 :
2559 3905 2826 3960 interdum
2872 3924 2968 3979 per
3007 3910 3123 3965 loca
3161 3913 3454 3969 latrociniis
3499 3918 3690 3975 infesta

2095 3995 2426 4059 transimus;
2481 3995 2532 4049 in
2580 4011 2838 4068 moreque
2880 4009 2962 4055 est
3005 4001 3189 4057 dicere
3223 4021 3236 4056 ε
3269 4004 3395 4060 Haec
3430 4007 3546 4063 ioca
3587 4021 3692 4065 tre-

2092 4084 2284 4139 mcnda
2316 4095 2461 4140 sunt.
2487 4086 2568 4140 An
2597 4087 2747 4141 locus
2777 4090 2890 4158 ipse
2921 4089 3260 4148 formidinem
3291 4094 3690 4154 habetinonno

2094 4178 2267 4244 potius
2298 4176 2410 4231 lucc
2447 4177 2698 4234 dicuntur
2734 4180 2998 4236 latronum
3036 4183 3105 4237 ibi
3135 4187 3460 4239 versantium
3491 4192 3689 4243 causa?

2090 4267 2177 4321 Sic
2213 4267 2376 4322 arbor
2408 4269 2497 4322 illa
2528 4284 2630 4323 non
2661 4271 2993 4326 mortiferam
3023 4273 3301 4328 scientiam
3333 4275 3561 4342 habuit,
3593 4280 3687 4334 sed

2091 4361 2159 4414 ob
2187 4360 2423 4415 habitam
2452 4362 2559 4416 illic
2580 4363 2721 4417 circa
2741 4362 3001 4418 Adamnm
3031 4364 3484 4434 tragaadiam,hoc
3497 4384 3687 4424 conse-

2089 4463 2251 4521 quuta
2283 4469 2478 4508 nomen
2509 4463 2611 4508 est.
2635 4453 2772 4508 Rem
2798 4461 2977 4508 autem
3009 4456 3161 4509 solvo
3188 4473 3200 4508 :
3233 4473 3406 4526 neque
3431 4461 3578 4514 enim
3607 4460 3688 4515 di-

2090 4548 2211 4599 vina
2245 4546 2521 4615 Scriptura
2547 4547 2596 4600 in
2621 4546 2784 4600 dubio
2814 4557 3080 4601 versatur.
3111 4548 3284 4605 Hodie
3309 4549 3570 4607 habemus
3605 4554 3685 4608 al-

2090 4649 2223 4702 tare,
2253 4639 2405 4707 cujus
2434 4640 2720 4708 participes
2749 4648 2872 4694 sunt
2911 4639 3115 4696 ﬁdeles.
3154 4641 3291 4696 Num
3330 4657 3458 4714 ergo
3484 4646 3683 4704 donum

2089 4733 2260 4800 ipsum
2307 4733 2605 4786 naturalem
2653 4731 2754 4786 fert
2791 4734 3019 4788 salutem
3047 4775 3061 4798 ,
3089 4750 3154 4788 an
3185 4746 3402 4806 propter
3433 4739 3679 4807 majesta-

2090 4836 2216 4892 tem,
2248 4844 2365 4898 qua:
2396 4829 2696 4893 invocatur,
2743 4830 2936 4898 pignus
2985 4830 3149 4884 babes
3191 4847 3259 4884 ex
3307 4836 3676 4901 prtesentihus

2089 4937 2156 4974 ne
2181 4921 2392 4975 dubites
2408 4921 2473 4975 de
2497 4921 2560 4975 iis
2580 4937 2698 4991 quae
2727 4922 3159 4989 prrecesserunt?
3187 4922 3297 4978 Illic
3328 4939 3451 4978 esca
3483 4927 3515 4978 Ι‹
3538 4928 3684 4990 talis,

2091 5012 2177 5066 hic
2206 5013 2356 5066 cibus
2381 5013 2676 5066 viviticans.
2707 5012 2761 5067 Si
2789 5013 2890 5066 hoc
2918 5022 3104 5066 natura
3130 5024 3332 5077 servat,
3361 5029 3467 5068 non
3493 5017 3686 5083 gratia,

2089 5104 2214 5156 illud
2245 5104 2405 5157 etiam
2439 5114 2622 5156 natura
2651 5103 2868 5167 occidit,
2901 5118 3005 5155 non
3035 5105 3686 5172 transgt'essionc.0stcn-

2091 5193 2213 5247 dam
2247 5195 2339 5246 tibi
2371 5205 2528 5246 extra
2565 5193 2866 5261 paradisum
2896 5193 3071 5245 cibum
3106 5192 3267 5245 alium
3306 5194 3676 5255 mortiferum,

2090 5283 2441 5337 idololatriam
2472 5298 2685 5350 nempe.
2717 5281 2826 5335 Cur
2851 5291 3162 5335 recusarunt
3195 5292 3459 5354 martyres
3490 5299 3682 5341 carnes

2087 5374 2369 5429 comedere
2397 5374 2419 5424 ?
2447 5389 2542 5425 cur
2571 5374 2732 5428 edere
2761 5374 3072 5427 metuebant
3099 5374 3121 5426 ἶ)
3148 5390 3214 5426 an
3250 5375 3443 5426 mortui
3473 5387 3678 5436 essent,

2088 5468 2130 5522 si
2187 5466 2594 5522 comedissent?
2645 5465 2990 5534 Nequaquam
3042 5482 3053 5516 :
3103 5465 3196 5518 sed
3248 5466 3367 5532 quia
3417 5464 3678 5520 idolorum

2088 5561 2286 5614 mentio
2315 5567 2430 5612 erat
2451 5600 2464 5622 ,
2498 5573 2600 5610 nou
2633 5572 2812 5611 escam
2859 5556 3152 5626 fugiebant,
3195 5554 3286 5608 sed
3315 5557 3677 5608 exsecrando-

2088 5667 2202 5705 rum
2220 5650 2628 5703 invocationem.
2644 5648 2732 5704 Sic
2750 5659 2874 5702 nota
2894 5657 3008 5701 erat
3035 5645 3194 5699 arbor
3215 5644 3450 5697 scientire
3479 5643 3605 5698 boni
3629 5654 3678 5701 et

2087 5741 2234 5804 mali,
2263 5757 2367 5794 non
2396 5741 2673 5796 scientiam
2697 5740 2965 5811 praebens,
2995 5737 3091 5792 sed
3115 5751 3231 5790 eam
3275 5751 3340 5789 ex
3372 5744 3675 5806 transgres-

2085 5835 2236 5888 sione
2284 5833 2503 5887 docens.
2545 5832 2770 5903 Semper
2811 5831 2954 5886 enim
2981 5826 3304 5897 experientia
3335 5825 3676 5895 insipientem

2087 5927 2242 5982 docet
2273 5925 2466 5980 malam
2496 5941 2608 5980 rem
2634 5939 2755 5981 esse
2783 5920 3285 5992 transgressionem.
3319 5918 3552 5974 Rursum
3572 5917 3674 5974 alia
