  <div class='ocr_page' id='page_1' title='image "/cluster/home/n/w/nwhite01/storage/ocr_20150623/56/ien.35556001660836/484.png"; bbox 0 0 3984 6418; ppageno 0'>
   <div class='ocr_carea' id='block_1_1' title="bbox 219 465 340 519">
    <p class='ocr_par' dir='ltr' id='par_1_1' title="bbox 219 465 340 519">
     <span class='ocr_line' id='line_1_1' title="bbox 219 465 340 519; baseline 0.017 -2"><span class='ocrx_word' id='word_1_1' title='bbox 219 465 340 519; x_wconf 74' lang='grc'>487</span> 
     </span>
    </p>
   </div>
   <div class='ocr_carea' id='block_1_2' title="bbox 228 547 1818 635">
    <p class='ocr_par' dir='ltr' id='par_1_2' title="bbox 228 547 1818 635">
     <span class='ocr_line' id='line_1_2' title="bbox 228 547 1818 635; baseline -0.012 -16"><span class='ocrx_word' id='word_1_2' title='bbox 228 563 474 635; x_wconf 74' lang='grc' dir='ltr'>γυναικί</span> <span class='ocrx_word' id='word_1_3' title='bbox 491 577 502 590; x_wconf 92' lang='grc'><strong>·</strong></span> <span class='ocrx_word' id='word_1_4' title='bbox 534 560 616 626; x_wconf 86' lang='grc' dir='ltr'>Τί,</span> <span class='ocrx_word' id='word_1_5' title='bbox 647 559 735 612; x_wconf 87' lang='grc' dir='ltr'>ὅτι</span> <span class='ocrx_word' id='word_1_6' title='bbox 760 558 928 611; x_wconf 84' lang='grc' dir='ltr'>εἶπεν</span> <span class='ocrx_word' id='word_1_7' title='bbox 952 555 1094 626; x_wconf 85' lang='grc' dir='ltr'>ὑμῖν</span> <span class='ocrx_word' id='word_1_8' title='bbox 1117 557 1150 609; x_wconf 87' lang='grc' dir='ltr'>ό</span> <span class='ocrx_word' id='word_1_9' title='bbox 1175 552 1320 618; x_wconf 83' lang='grc' dir='ltr'>Θεὸς</span> <span class='ocrx_word' id='word_1_10' title='bbox 1339 551 1426 621; x_wconf 83' lang='grc' dir='ltr'>μὴ</span> <span class='ocrx_word' id='word_1_11' title='bbox 1453 549 1683 635; x_wconf 49' lang='grc' dir='ltr'>φαγεῖν.</span> <span class='ocrx_word' id='word_1_12' title='bbox 1698 547 1818 601; x_wconf 84' lang='grc' dir='ltr'>ἀπὸ</span> 
     </span>
    </p>
   </div>
   <div class='ocr_carea' id='block_1_3' title="bbox 229 627 1815 710">
    <p class='ocr_par' dir='ltr' id='par_1_3' title="bbox 229 627 1815 710">
     <span class='ocr_line' id='line_1_3' title="bbox 229 627 1815 710; baseline -0.013 -9"><span class='ocrx_word' id='word_1_13' title='bbox 229 627 462 710; x_wconf 60' lang='grc' dir='ltr'>¹παντὸς</span> <span class='ocrx_word' id='word_1_14' title='bbox 490 644 718 708; x_wconf 72' lang='grc' dir='ltr'>ξύλου;</span> <span class='ocrx_word' id='word_1_15' title='bbox 758 637 914 702; x_wconf 83' lang='grc' dir='ltr'>Εἶδες</span> <span class='ocrx_word' id='word_1_16' title='bbox 937 639 1030 691; x_wconf 91' lang='grc' dir='ltr'>τὸν</span> <span class='ocrx_word' id='word_1_17' title='bbox 1055 637 1297 706; x_wconf 79' lang='grc' dir='ltr'>ψεύστην</span> <span class='ocrx_word' id='word_1_18' title='bbox 1323 651 1338 700; x_wconf 88' lang='grc'><strong>;</strong></span> <span class='ocrx_word' id='word_1_19' title='bbox 1384 635 1441 686; x_wconf 86' lang='lat'>&#39;0</span> <span class='ocrx_word' id='word_1_20' title='bbox 1475 633 1606 694; x_wconf 92' lang='grc' dir='ltr'>Θεὸς</span> <span class='ocrx_word' id='word_1_21' title='bbox 1633 627 1786 683; x_wconf 79' lang='grc' dir='ltr'>εἶπεν</span> <span class='ocrx_word' id='word_1_22' title='bbox 1803 645 1815 659; x_wconf 87' lang='grc'><strong>·</strong></span> 
     </span>
    </p>
   </div>
   <div class='ocr_carea' id='block_1_4' title="bbox 243 715 1819 792">
    <p class='ocr_par' dir='ltr' id='par_1_4' title="bbox 243 715 1819 792">
     <span class='ocr_line' id='line_1_4' title="bbox 243 715 1819 792; baseline -0.011 -10"><span class='ocrx_word' id='word_1_23' title='bbox 243 730 378 783; x_wconf 81' lang='grc' dir='ltr'>Ἀπὸ</span> <span class='ocrx_word' id='word_1_24' title='bbox 400 727 600 788; x_wconf 88' lang='grc' dir='ltr'>παντὸς</span> <span class='ocrx_word' id='word_1_25' title='bbox 632 725 787 789; x_wconf 93' lang='grc' dir='ltr'>ξύλου</span> <span class='ocrx_word' id='word_1_26' title='bbox 817 721 1080 792; x_wconf 86' lang='grc' dir='ltr'>φάγεσθε,</span> <span class='ocrx_word' id='word_1_27' title='bbox 1103 721 1212 774; x_wconf 88' lang='grc' dir='ltr'>ἀπὸ</span> <span class='ocrx_word' id='word_1_28' title='bbox 1241 719 1284 772; x_wconf 86' lang='grc' dir='ltr'>δ’</span> <span class='ocrx_word' id='word_1_29' title='bbox 1313 717 1429 781; x_wconf 90' lang='grc' dir='ltr'>ἐνὸς</span> <span class='ocrx_word' id='word_1_30' title='bbox 1467 716 1540 787; x_wconf 86' lang='grc' dir='ltr'>μὴ</span> <span class='ocrx_word' id='word_1_31' title='bbox 1570 715 1781 785; x_wconf 80' lang='grc' dir='ltr'>φάγητε</span> <span class='ocrx_word' id='word_1_32' title='bbox 1804 730 1819 744; x_wconf 87' lang='grc'><strong>·</strong></span> 
     </span>
    </p>
   </div>
   <div class='ocr_carea' id='block_1_5' title="bbox 229 795 1825 880">
    <p class='ocr_par' dir='ltr' id='par_1_5' title="bbox 229 795 1825 880">
     <span class='ocr_line' id='line_1_5' title="bbox 229 795 1825 880; baseline -0.011 -14"><span class='ocrx_word' id='word_1_33' title='bbox 229 814 260 866; x_wconf 78' lang='grc' dir='ltr'>ι</span> <span class='ocrx_word' id='word_1_34' title='bbox 293 811 535 880; x_wconf 80' lang='grc' dir='ltr'>ψεύστης</span> <span class='ocrx_word' id='word_1_35' title='bbox 574 808 756 876; x_wconf 76' lang='grc' dir='ltr'>λέγειό</span> <span class='ocrx_word' id='word_1_36' title='bbox 797 806 898 858; x_wconf 86' lang='grc' dir='ltr'>Διά</span> <span class='ocrx_word' id='word_1_37' title='bbox 933 805 986 856; x_wconf 88' lang='grc' dir='ltr'>τί</span> <span class='ocrx_word' id='word_1_38' title='bbox 1017 800 1169 858; x_wconf 81' lang='grc' dir='ltr'>εἶπεν</span> <span class='ocrx_word' id='word_1_39' title='bbox 1209 804 1238 856; x_wconf 85' lang='lat'>6</span> <span class='ocrx_word' id='word_1_40' title='bbox 1269 800 1422 862; x_wconf 89' lang='grc' dir='ltr'>Θεὸς,</span> <span class='ocrx_word' id='word_1_41' title='bbox 1480 799 1589 851; x_wconf 88' lang='grc' dir='ltr'>ἀπὸ</span> <span class='ocrx_word' id='word_1_42' title='bbox 1623 795 1825 880; x_wconf 80' lang='grc' dir='ltr'>παντὸς</span> 
     </span>
    </p>
   </div>
   <div class='ocr_carea' id='block_1_6' title="bbox 237 878 1824 962">
    <p class='ocr_par' dir='ltr' id='par_1_6' title="bbox 237 878 1824 962">
     <span class='ocr_line' id='line_1_6' title="bbox 237 878 1824 962; baseline -0.01 -16"><span class='ocrx_word' id='word_1_43' title='bbox 237 878 399 960; x_wconf 82' lang='grc' dir='ltr'>ξύλου</span> <span class='ocrx_word' id='word_1_44' title='bbox 435 878 510 962; x_wconf 79' lang='grc' dir='ltr'>μή</span> <span class='ocrx_word' id='word_1_45' title='bbox 541 893 737 959; x_wconf 87' lang='grc' dir='ltr'>φαγεῖν</span> <span class='ocrx_word' id='word_1_46' title='bbox 764 890 941 958; x_wconf 82' lang='grc' dir='ltr'>ύμᾶς;</span> <span class='ocrx_word' id='word_1_47' title='bbox 972 886 1062 957; x_wconf 84' lang='grc' dir='ltr'>Μὴ</span> <span class='ocrx_word' id='word_1_48' title='bbox 1087 884 1343 954; x_wconf 73' lang='grc' dir='ltr'>ψεύδεται</span> <span class='ocrx_word' id='word_1_49' title='bbox 1381 884 1414 952; x_wconf 90' lang='grc' dir='ltr'>ή</span> <span class='ocrx_word' id='word_1_50' title='bbox 1447 881 1541 934; x_wconf 90' lang='grc' dir='ltr'>τοῦ</span> <span class='ocrx_word' id='word_1_51' title='bbox 1587 878 1824 951; x_wconf 77' lang='grc' dir='ltr'>Χριστοῦ</span> 
     </span>
    </p>
   </div>
   <div class='ocr_carea' id='block_1_7' title="bbox 234 963 1827 1045">
    <p class='ocr_par' dir='ltr' id='par_1_7' title="bbox 234 963 1827 1045">
     <span class='ocr_line' id='line_1_7' title="bbox 234 963 1827 1045; baseline -0.011 -16"><span class='ocrx_word' id='word_1_52' title='bbox 234 977 427 1045; x_wconf 81' lang='grc' dir='ltr'>φωνή·</span> <span class='ocrx_word' id='word_1_53' title='bbox 460 973 719 1036; x_wconf 83' lang='grc' dir='ltr'>Ἐκεῖνος</span> <span class='ocrx_word' id='word_1_54' title='bbox 749 972 1026 1040; x_wconf 73' lang='grc' dir='ltr'>ψεύστης</span> <span class='ocrx_word' id='word_1_55' title='bbox 1069 969 1261 1020; x_wconf 82' lang='grc' dir='ltr'>ἐστίν.</span> <span class='ocrx_word' id='word_1_56' title='bbox 1299 964 1598 1033; x_wconf 74' lang='grc' dir='ltr'>Ἐψεύσατο</span> <span class='ocrx_word' id='word_1_57' title='bbox 1626 963 1702 1025; x_wconf 86' lang='grc' dir='ltr'>δέ,</span> <span class='ocrx_word' id='word_1_58' title='bbox 1733 963 1827 1014; x_wconf 67' lang='grc' dir='ltr'>καὶ</span> 
     </span>
    </p>
   </div>
   <div class='ocr_carea' id='block_1_8' title="bbox 232 1045 1826 1124">
    <p class='ocr_par' dir='ltr' id='par_1_8' title="bbox 232 1045 1826 1124">
     <span class='ocr_line' id='line_1_8' title="bbox 232 1045 1826 1124; baseline -0.009 -13"><span class='ocrx_word' id='word_1_59' title='bbox 232 1058 397 1111; x_wconf 86' lang='grc' dir='ltr'>τοῦτο</span> <span class='ocrx_word' id='word_1_60' title='bbox 429 1056 646 1119; x_wconf 74' lang='grc' dir='ltr'>δεινῶςε</span> <span class='ocrx_word' id='word_1_61' title='bbox 701 1057 868 1108; x_wconf 86' lang='grc' dir='ltr'>Ὅταν</span> <span class='ocrx_word' id='word_1_62' title='bbox 898 1052 1007 1124; x_wconf 89' lang='grc' dir='ltr'>γάρ</span> <span class='ocrx_word' id='word_1_63' title='bbox 1037 1068 1121 1114; x_wconf 88' lang='grc' dir='ltr'>τις</span> <span class='ocrx_word' id='word_1_64' title='bbox 1174 1050 1303 1120; x_wconf 80' lang='grc' dir='ltr'>θέλῃ</span> <span class='ocrx_word' id='word_1_65' title='bbox 1352 1045 1826 1117; x_wconf 78' lang='grc' dir='ltr'>κακοηθεύσασθαι</span> 
     </span>
    </p>
   </div>
   <div class='ocr_carea' id='block_1_9' title="bbox 236 1128 1826 1213">
    <p class='ocr_par' dir='ltr' id='par_1_9' title="bbox 236 1128 1826 1213">
     <span class='ocr_line' id='line_1_9' title="bbox 236 1128 1826 1213; baseline -0.009 -19"><span class='ocrx_word' id='word_1_66' title='bbox 236 1145 495 1213; x_wconf 81' lang='grc' dir='ltr'>πρᾶγμα,</span> <span class='ocrx_word' id='word_1_67' title='bbox 529 1141 610 1202; x_wconf 85' lang='grc' dir='ltr'>είς</span> <span class='ocrx_word' id='word_1_68' title='bbox 643 1137 829 1208; x_wconf 82' lang='grc' dir='ltr'>χρείαν</span> <span class='ocrx_word' id='word_1_69' title='bbox 853 1145 872 1165; x_wconf 84' lang='grc'><strong><em>⁸</em></strong></span> <span class='ocrx_word' id='word_1_70' title='bbox 900 1135 1281 1205; x_wconf 81' lang='grc' dir='ltr'>προσποιεῖται</span> <span class='ocrx_word' id='word_1_71' title='bbox 1315 1131 1558 1213; x_wconf 79' lang='grc' dir='ltr'>ἄγνοιαν,</span> <span class='ocrx_word' id='word_1_72' title='bbox 1607 1130 1693 1213; x_wconf 82' lang='grc' dir='ltr'>’ίνα</span> <span class='ocrx_word' id='word_1_73' title='bbox 1717 1128 1826 1213; x_wconf 37' lang='grc' dir='ltr'>’ἀν-</span> 
     </span>
    </p>
   </div>
   <div class='ocr_carea' id='block_1_10' title="bbox 237 1206 1826 1291">
    <p class='ocr_par' dir='ltr' id='par_1_10' title="bbox 237 1206 1826 1291">
     <span class='ocr_line' id='line_1_10' title="bbox 237 1206 1826 1291; baseline -0.01 -14"><span class='ocrx_word' id='word_1_74' title='bbox 237 1206 480 1277; x_wconf 78' lang='grc' dir='ltr'>ὑποπτον</span> <span class='ocrx_word' id='word_1_75' title='bbox 504 1206 775 1291; x_wconf 79' lang='grc' dir='ltr'>εἰσαγάγῃ</span> <span class='ocrx_word' id='word_1_76' title='bbox 794 1219 895 1287; x_wconf 84' lang='grc' dir='ltr'>τὴν</span> <span class='ocrx_word' id='word_1_77' title='bbox 922 1216 1242 1286; x_wconf 88' lang='grc' dir='ltr'>σκαιωρίαν,</span> <span class='ocrx_word' id='word_1_78' title='bbox 1272 1214 1391 1267; x_wconf 69' lang='grc' dir='ltr'>ἀντὶ</span> <span class='ocrx_word' id='word_1_79' title='bbox 1412 1212 1528 1270; x_wconf 90' lang='grc' dir='ltr'>τοῦ,</span> <span class='ocrx_word' id='word_1_80' title='bbox 1562 1212 1674 1264; x_wconf 83' lang='grc' dir='ltr'>Ούκ</span> <span class='ocrx_word' id='word_1_81' title='bbox 1691 1206 1826 1272; x_wconf 77' lang='grc' dir='ltr'>οἶδα,</span> 
     </span>
    </p>
   </div>
   <div class='ocr_carea' id='block_1_11' title="bbox 236 1292 1829 1377">
    <p class='ocr_par' dir='ltr' id='par_1_11' title="bbox 236 1292 1829 1377">
     <span class='ocr_line' id='line_1_11' title="bbox 236 1292 1829 1377; baseline -0.008 -18"><span class='ocrx_word' id='word_1_82' title='bbox 236 1308 425 1377; x_wconf 72' lang='grc' dir='ltr'>φησὶν,</span> <span class='ocrx_word' id='word_1_83' title='bbox 485 1305 586 1357; x_wconf 82' lang='grc' dir='ltr'>ούκ</span> <span class='ocrx_word' id='word_1_84' title='bbox 635 1303 750 1355; x_wconf 81' lang='grc' dir='ltr'>ἐστι</span> <span class='ocrx_word' id='word_1_85' title='bbox 794 1300 1143 1369; x_wconf 89' lang='grc' dir='ltr'>κατασκευή·</span> <span class='ocrx_word' id='word_1_86' title='bbox 1204 1295 1410 1359; x_wconf 89' lang='grc' dir='ltr'>ἀπλοῦς</span> <span class='ocrx_word' id='word_1_87' title='bbox 1465 1292 1647 1365; x_wconf 81' lang='grc' dir='ltr'>ἦλθον,</span> <span class='ocrx_word' id='word_1_88' title='bbox 1678 1294 1829 1347; x_wconf 86' lang='grc' dir='ltr'>ούδέν</span> 
     </span>
    </p>
   </div>
   <div class='ocr_carea' id='block_1_12' title="bbox 237 1377 1830 1455">
    <p class='ocr_par' dir='ltr' id='par_1_12' title="bbox 237 1377 1830 1455">
     <span class='ocr_line' id='line_1_12' title="bbox 237 1377 1830 1455; baseline -0.009 -13"><span class='ocrx_word' id='word_1_89' title='bbox 237 1386 372 1443; x_wconf 81' lang='grc' dir='ltr'>οἶδα.</span> <span class='ocrx_word' id='word_1_90' title='bbox 397 1388 516 1440; x_wconf 87' lang='grc' dir='ltr'>()ύκ</span> <span class='ocrx_word' id='word_1_91' title='bbox 546 1383 871 1455; x_wconf 75' lang='grc' dir='ltr'>ἐπειράθητε</span> <span class='ocrx_word' id='word_1_92' title='bbox 901 1380 1160 1434; x_wconf 86' lang='grc' dir='ltr'>τοιούτων</span> <span class='ocrx_word' id='word_1_93' title='bbox 1203 1378 1442 1442; x_wconf 85' lang='grc' dir='ltr'>πολλῶν;</span> <span class='ocrx_word' id='word_1_94' title='bbox 1478 1377 1578 1430; x_wconf 78' lang='grc' dir='ltr'>οὐκ</span> <span class='ocrx_word' id='word_1_95' title='bbox 1611 1377 1830 1446; x_wconf 78' lang='grc' dir='ltr'>οἴδαμεν</span> 
     </span>
    </p>
   </div>
   <div class='ocr_carea' id='block_1_13' title="bbox 236 1459 1828 1536">
    <p class='ocr_par' dir='ltr' id='par_1_13' title="bbox 236 1459 1828 1536">
     <span class='ocr_line' id='line_1_13' title="bbox 236 1459 1828 1536; baseline -0.01 -11"><span class='ocrx_word' id='word_1_96' title='bbox 236 1472 346 1525; x_wconf 86' lang='grc' dir='ltr'>τῶν</span> <span class='ocrx_word' id='word_1_97' title='bbox 373 1469 563 1524; x_wconf 80' lang='grc' dir='ltr'>δολίων</span> <span class='ocrx_word' id='word_1_98' title='bbox 595 1468 662 1521; x_wconf 76' lang='grc' dir='ltr'>τὰ</span> <span class='ocrx_word' id='word_1_99' title='bbox 682 1466 818 1536; x_wconf 78' lang='grc' dir='ltr'>ἔργα</span> <span class='ocrx_word' id='word_1_100' title='bbox 840 1481 856 1527; x_wconf 89' lang='grc'>;</span> <span class='ocrx_word' id='word_1_101' title='bbox 885 1462 1109 1516; x_wconf 86' lang='grc' dir='ltr'>τοιαῦτα</span> <span class='ocrx_word' id='word_1_102' title='bbox 1136 1461 1196 1515; x_wconf 90' lang='lat' dir='ltr'>o6</span> <span class='ocrx_word' id='word_1_103' title='bbox 1221 1461 1489 1532; x_wconf 78' lang='grc' dir='ltr'>ῥάπτουσι</span> <span class='ocrx_word' id='word_1_104' title='bbox 1509 1459 1828 1529; x_wconf 87' lang='grc' dir='ltr'>πράγματα,</span> 
     </span>
    </p>
   </div>
   <div class='ocr_carea' id='block_1_14' title="bbox 238 1537 1834 1623">
    <p class='ocr_par' dir='ltr' id='par_1_14' title="bbox 238 1537 1834 1623">
     <span class='ocr_line' id='line_1_14' title="bbox 238 1537 1834 1623; baseline -0.009 -15"><span class='ocrx_word' id='word_1_105' title='bbox 238 1555 334 1609; x_wconf 74' lang='grc' dir='ltr'>καὶ</span> <span class='ocrx_word' id='word_1_106' title='bbox 365 1537 794 1623; x_wconf 71' lang='grc' dir='ltr'>προσποιοῦνται</span> <span class='ocrx_word' id='word_1_107' title='bbox 824 1547 1047 1615; x_wconf 74' lang='grc' dir='ltr'>ἄγνοιαν</span> <span class='ocrx_word' id='word_1_108' title='bbox 1068 1562 1082 1609; x_wconf 89' lang='lat'><strong>;</strong></span> <span class='ocrx_word' id='word_1_109' title='bbox 1105 1543 1261 1598; x_wconf 88' lang='grc' dir='ltr'>Οῦτω</span> <span class='ocrx_word' id='word_1_110' title='bbox 1285 1544 1378 1596; x_wconf 77' lang='grc' dir='ltr'>καὶ</span> <span class='ocrx_word' id='word_1_111' title='bbox 1407 1544 1435 1595; x_wconf 89' lang='lat'>6</span> <span class='ocrx_word' id='word_1_112' title='bbox 1467 1542 1730 1605; x_wconf 88' lang='grc' dir='ltr'>διάϐολος·</span> <span class='ocrx_word' id='word_1_113' title='bbox 1774 1542 1834 1594; x_wconf 84' lang='grc' dir='ltr'>Τί</span> 
     </span>
    </p>
   </div>
   <div class='ocr_carea' id='block_1_15' title="bbox 239 1624 1832 1704">
    <p class='ocr_par' dir='ltr' id='par_1_15' title="bbox 239 1624 1832 1704">
     <span class='ocr_line' id='line_1_15' title="bbox 239 1624 1832 1704; baseline -0.009 -13"><span class='ocrx_word' id='word_1_114' title='bbox 239 1637 329 1691; x_wconf 85' lang='grc' dir='ltr'>ὅτι</span> <span class='ocrx_word' id='word_1_115' title='bbox 360 1637 514 1700; x_wconf 81' lang='grc' dir='ltr'>εἷπε,</span> <span class='ocrx_word' id='word_1_116' title='bbox 546 1635 727 1704; x_wconf 70' lang='grc' dir='ltr'>φησιν,</span> <span class='ocrx_word' id='word_1_117' title='bbox 755 1631 898 1701; x_wconf 85' lang='grc' dir='ltr'>ὑμῖν</span> <span class='ocrx_word' id='word_1_118' title='bbox 925 1634 957 1685; x_wconf 83' lang='grc' dir='ltr'>ό</span> <span class='ocrx_word' id='word_1_119' title='bbox 984 1630 1160 1694; x_wconf 87' lang='grc' dir='ltr'>Θεός;</span> <span class='ocrx_word' id='word_1_120' title='bbox 1194 1629 1314 1682; x_wconf 71' lang='grc' dir='ltr'>ἀντὶ</span> <span class='ocrx_word' id='word_1_121' title='bbox 1340 1624 1454 1689; x_wconf 89' lang='grc' dir='ltr'>τοῦ,</span> <span class='ocrx_word' id='word_1_122' title='bbox 1479 1626 1832 1695; x_wconf 87' lang='grc' dir='ltr'>Παρήκουσα,</span> 
     </span>
    </p>
   </div>
   <div class='ocr_carea' id='block_1_16' title="bbox 241 1709 1828 1788">
    <p class='ocr_par' dir='ltr' id='par_1_16' title="bbox 241 1709 1828 1788">
     <span class='ocr_line' id='line_1_16' title="bbox 241 1709 1828 1788; baseline -0.008 -15"><span class='ocrx_word' id='word_1_123' title='bbox 241 1721 302 1773; x_wconf 85' lang='lat' dir='ltr'><strong>o6</strong></span> <span class='ocrx_word' id='word_1_124' title='bbox 325 1719 503 1781; x_wconf 84' lang='grc' dir='ltr'>καλῶς</span> <span class='ocrx_word' id='word_1_125' title='bbox 540 1719 766 1788; x_wconf 73' lang='grc' dir='ltr'>ηκουσα,</span> <span class='ocrx_word' id='word_1_126' title='bbox 796 1715 872 1785; x_wconf 83' lang='grc' dir='ltr'>μὴ</span> <span class='ocrx_word' id='word_1_127' title='bbox 898 1716 1096 1782; x_wconf 84' lang='grc' dir='ltr'>φαγεῖν</span> <span class='ocrx_word' id='word_1_128' title='bbox 1125 1715 1269 1782; x_wconf 81' lang='grc' dir='ltr'>ὑμᾶς</span> <span class='ocrx_word' id='word_1_129' title='bbox 1293 1711 1403 1764; x_wconf 88' lang='grc' dir='ltr'>ἀπὸ</span> <span class='ocrx_word' id='word_1_130' title='bbox 1434 1710 1633 1772; x_wconf 90' lang='grc' dir='ltr'>παντὸς</span> <span class='ocrx_word' id='word_1_131' title='bbox 1652 1709 1828 1773; x_wconf 80' lang='grc' dir='ltr'>ξύλου.</span> 
     </span>
    </p>
   </div>
   <div class='ocr_carea' id='block_1_17' title="bbox 253 1793 1830 1872">
    <p class='ocr_par' dir='ltr' id='par_1_17' title="bbox 253 1793 1830 1872">
     <span class='ocr_line' id='line_1_17' title="bbox 253 1793 1830 1872; baseline -0.008 -16"><span class='ocrx_word' id='word_1_132' title='bbox 253 1805 316 1856; x_wconf 86' lang='grc' dir='ltr'><em>Ἥ</em></span> <span class='ocrx_word' id='word_1_133' title='bbox 334 1801 474 1872; x_wconf 82' lang='grc' dir='ltr'>γυνὴ</span> <span class='ocrx_word' id='word_1_134' title='bbox 507 1801 774 1870; x_wconf 85' lang='grc' dir='ltr'>νομίσασα</span> <span class='ocrx_word' id='word_1_135' title='bbox 799 1799 1018 1867; x_wconf 81' lang='grc' dir='ltr'>ἄγνοιαν</span> <span class='ocrx_word' id='word_1_136' title='bbox 1043 1793 1203 1859; x_wconf 79' lang='grc' dir='ltr'>εἶναι,</span> <span class='ocrx_word' id='word_1_137' title='bbox 1223 1794 1529 1866; x_wconf 82' lang='grc' dir='ltr'>διορθοῦται</span> <span class='ocrx_word' id='word_1_138' title='bbox 1545 1793 1642 1864; x_wconf 84' lang='grc' dir='ltr'>τὴν</span> <span class='ocrx_word' id='word_1_139' title='bbox 1667 1793 1830 1857; x_wconf 81' lang='grc' dir='ltr'>λέξιν.</span> 
     </span>
    </p>
   </div>
   <div class='ocr_carea' id='block_1_18' title="bbox 242 1873 1835 1955">
    <p class='ocr_par' dir='ltr' id='par_1_18' title="bbox 242 1873 1835 1955">
     <span class='ocr_line' id='line_1_18' title="bbox 242 1873 1835 1955; baseline -0.007 -16"><span class='ocrx_word' id='word_1_140' title='bbox 242 1887 353 1955; x_wconf 81' lang='grc' dir='ltr'>Οὐχ</span> <span class='ocrx_word' id='word_1_141' title='bbox 382 1884 550 1947; x_wconf 86' lang='grc' dir='ltr'>οῦτω,</span> <span class='ocrx_word' id='word_1_142' title='bbox 583 1883 768 1953; x_wconf 74' lang='grc' dir='ltr'>φησὶν,</span> <span class='ocrx_word' id='word_1_143' title='bbox 804 1877 958 1934; x_wconf 81' lang='grc' dir='ltr'>εἶπεν</span> <span class='ocrx_word' id='word_1_144' title='bbox 983 1896 996 1910; x_wconf 76' lang='grc' dir='ltr'><strong>ο</strong></span> <span class='ocrx_word' id='word_1_145' title='bbox 1029 1881 1129 1933; x_wconf 77' lang='grc' dir='ltr'>οὐκ</span> <span class='ocrx_word' id='word_1_146' title='bbox 1159 1873 1312 1930; x_wconf 73' lang='grc' dir='ltr'>εἶπεν</span> <span class='ocrx_word' id='word_1_147' title='bbox 1349 1878 1378 1929; x_wconf 91' lang='lat'>6</span> <span class='ocrx_word' id='word_1_148' title='bbox 1423 1877 1555 1939; x_wconf 85' lang='grc' dir='ltr'>Θεὸς</span> <span class='ocrx_word' id='word_1_149' title='bbox 1575 1917 1589 1938; x_wconf 95' lang='grc'>,</span> <span class='ocrx_word' id='word_1_150' title='bbox 1626 1875 1701 1946; x_wconf 82' lang='grc' dir='ltr'>μὴ</span> <span class='ocrx_word' id='word_1_151' title='bbox 1733 1891 1835 1943; x_wconf 76' lang='grc' dir='ltr'>φα⁶</span> 
     </span>
    </p>
   </div>
   <div class='ocr_carea' id='block_1_19' title="bbox 242 1959 1834 2039">
    <p class='ocr_par' dir='ltr' id='par_1_19' title="bbox 242 1959 1834 2039">
     <span class='ocr_line' id='line_1_19' title="bbox 242 1959 1834 2039; baseline -0.007 -17"><span class='ocrx_word' id='word_1_152' title='bbox 242 1973 358 2039; x_wconf 91' lang='grc' dir='ltr'>γεῖν</span> <span class='ocrx_word' id='word_1_153' title='bbox 385 1967 494 2021; x_wconf 86' lang='grc' dir='ltr'>ἀπὸ</span> <span class='ocrx_word' id='word_1_154' title='bbox 531 1966 730 2028; x_wconf 81' lang='grc' dir='ltr'>παντὸς</span> <span class='ocrx_word' id='word_1_155' title='bbox 761 1964 943 2030; x_wconf 88' lang='grc' dir='ltr'>ξύλου,</span> <span class='ocrx_word' id='word_1_156' title='bbox 998 1963 1112 2016; x_wconf 86' lang='grc' dir='ltr'>ἀλλ’</span> <span class='ocrx_word' id='word_1_157' title='bbox 1161 1961 1268 2015; x_wconf 89' lang='grc' dir='ltr'>ἀπὸ</span> <span class='ocrx_word' id='word_1_158' title='bbox 1305 1960 1505 2024; x_wconf 86' lang='grc' dir='ltr'>παντὸς</span> <span class='ocrx_word' id='word_1_159' title='bbox 1543 1961 1641 2030; x_wconf 84' lang='grc' dir='ltr'>μὲν</span> <span class='ocrx_word' id='word_1_160' title='bbox 1678 1959 1834 2024; x_wconf 90' lang='grc' dir='ltr'>ξύλου</span> 
     </span>
    </p>
   </div>
   <div class='ocr_carea' id='block_1_20' title="bbox 245 2040 1830 2122">
    <p class='ocr_par' dir='ltr' id='par_1_20' title="bbox 245 2040 1830 2122">
     <span class='ocr_line' id='line_1_20' title="bbox 245 2040 1830 2122; baseline -0.006 -17"><span class='ocrx_word' id='word_1_161' title='bbox 245 2050 566 2122; x_wconf 78' lang='grc' dir='ltr'>ἐπέτρεψεν,</span> <span class='ocrx_word' id='word_1_162' title='bbox 605 2050 714 2102; x_wconf 89' lang='grc' dir='ltr'>ἀπὸ</span> <span class='ocrx_word' id='word_1_163' title='bbox 742 2049 795 2100; x_wconf 85' lang='grc' dir='ltr'>δὲ</span> <span class='ocrx_word' id='word_1_164' title='bbox 827 2047 945 2108; x_wconf 86' lang='grc' dir='ltr'>ἐνὸς</span> <span class='ocrx_word' id='word_1_165' title='bbox 995 2044 1267 2098; x_wconf 80' lang='grc' dir='ltr'>ἐκώλυσεν</span> <span class='ocrx_word' id='word_1_166' title='bbox 1294 2060 1306 2074; x_wconf 79' lang='grc'><strong><em>⁸</em></strong></span> <span class='ocrx_word' id='word_1_167' title='bbox 1363 2040 1483 2097; x_wconf 84' lang='grc' dir='ltr'>εἷπε</span> <span class='ocrx_word' id='word_1_168' title='bbox 1522 2044 1630 2114; x_wconf 78' lang='grc' dir='ltr'>γὰρ</span> <span class='ocrx_word' id='word_1_169' title='bbox 1666 2045 1830 2116; x_wconf 85' lang='grc' dir='ltr'>ήμῖν·</span> 
     </span>
    </p>
   </div>
   <div class='ocr_carea' id='block_1_21' title="bbox 245 2125 1836 2206">
    <p class='ocr_par' dir='ltr' id='par_1_21' title="bbox 245 2125 1836 2206">
     <span class='ocr_line' id='line_1_21' title="bbox 245 2125 1836 2206; baseline -0.008 -16"><span class='ocrx_word' id='word_1_170' title='bbox 245 2137 336 2206; x_wconf 80' lang='grc' dir='ltr'>Μὴ</span> <span class='ocrx_word' id='word_1_171' title='bbox 378 2136 615 2204; x_wconf 87' lang='grc' dir='ltr'>φάγητε,</span> <span class='ocrx_word' id='word_1_172' title='bbox 654 2132 742 2184; x_wconf 85' lang='grc' dir='ltr'>ἵνα</span> <span class='ocrx_word' id='word_1_173' title='bbox 775 2131 848 2200; x_wconf 84' lang='grc' dir='ltr'>μὴ</span> <span class='ocrx_word' id='word_1_174' title='bbox 883 2127 1214 2198; x_wconf 88' lang='grc' dir='ltr'>ἀποθάνητε.</span> <span class='ocrx_word' id='word_1_175' title='bbox 1251 2127 1438 2191; x_wconf 81' lang='grc' dir='ltr'>Ἔδοξε</span> <span class='ocrx_word' id='word_1_176' title='bbox 1486 2126 1778 2196; x_wconf 73' lang='grc' dir='ltr'>μανθάνειν</span> <span class='ocrx_word' id='word_1_177' title='bbox 1807 2125 1836 2178; x_wconf 83' lang='grc' dir='ltr'>ὃ</span> 
     </span>
    </p>
   </div>
   <div class='ocr_carea' id='block_1_22' title="bbox 245 2210 1834 2288">
    <p class='ocr_par' dir='ltr' id='par_1_22' title="bbox 245 2210 1834 2288">
     <span class='ocr_line' id='line_1_22' title="bbox 245 2210 1834 2288; baseline -0.007 -16"><span class='ocrx_word' id='word_1_178' title='bbox 245 2218 346 2271; x_wconf 86' lang='grc' dir='ltr'>οὐκ</span> <span class='ocrx_word' id='word_1_179' title='bbox 373 2218 492 2288; x_wconf 71' lang='grc' dir='ltr'>ᾔδει</span> <span class='ocrx_word' id='word_1_180' title='bbox 514 2232 528 2245; x_wconf 85' lang='grc'><strong>·</strong></span> <span class='ocrx_word' id='word_1_181' title='bbox 560 2214 746 2267; x_wconf 89' lang='grc' dir='ltr'>λοιπὸν</span> <span class='ocrx_word' id='word_1_182' title='bbox 777 2214 874 2281; x_wconf 86' lang='grc' dir='ltr'>ούχ</span> <span class='ocrx_word' id='word_1_183' title='bbox 909 2210 1262 2264; x_wconf 84' lang='grc' dir='ltr'>ὑπωπτεύετο</span> <span class='ocrx_word' id='word_1_184' title='bbox 1306 2212 1381 2274; x_wconf 85' lang='grc' dir='ltr'>ὼς</span> <span class='ocrx_word' id='word_1_185' title='bbox 1410 2211 1834 2278; x_wconf 89' lang='grc' dir='ltr'>ἐγκατάσκευος,</span> 
     </span>
    </p>
   </div>
   <div class='ocr_carea' id='block_1_23' title="bbox 248 2292 1839 2368">
    <p class='ocr_par' dir='ltr' id='par_1_23' title="bbox 248 2292 1839 2368">
     <span class='ocr_line' id='line_1_23' title="bbox 248 2292 1839 2368; baseline -0.004 -16"><span class='ocrx_word' id='word_1_186' title='bbox 248 2301 339 2354; x_wconf 70' lang='grc' dir='ltr'>καὶ</span> <span class='ocrx_word' id='word_1_187' title='bbox 373 2300 522 2368; x_wconf 81' lang='grc' dir='ltr'>λέγει</span> <span class='ocrx_word' id='word_1_188' title='bbox 548 2299 684 2368; x_wconf 75' lang='grc' dir='ltr'>αὐτῇ</span> <span class='ocrx_word' id='word_1_189' title='bbox 710 2314 721 2326; x_wconf 92' lang='grc'>·</span> <span class='ocrx_word' id='word_1_190' title='bbox 757 2298 838 2349; x_wconf 84' lang='grc' dir='ltr'>Οὐ</span> <span class='ocrx_word' id='word_1_191' title='bbox 866 2293 1100 2359; x_wconf 82' lang='grc' dir='ltr'>θανάτῳ</span> <span class='ocrx_word' id='word_1_192' title='bbox 1123 2293 1542 2349; x_wconf 81' lang='grc' dir='ltr'>ἀποθανεῖσθε.</span> <span class='ocrx_word' id='word_1_193' title='bbox 1579 2292 1686 2345; x_wconf 85' lang='grc' dir='ltr'>Ἴδε</span> <span class='ocrx_word' id='word_1_194' title='bbox 1712 2292 1839 2346; x_wconf 80' lang='grc' dir='ltr'>ἄλλο</span> 
     </span>
    </p>
   </div>
   <div class='ocr_carea' id='block_1_24' title="bbox 247 2373 1835 2452">
    <p class='ocr_par' dir='ltr' id='par_1_24' title="bbox 247 2373 1835 2452">
     <span class='ocr_line' id='line_1_24' title="bbox 247 2373 1835 2452; baseline -0.005 -16"><span class='ocrx_word' id='word_1_195' title='bbox 247 2383 460 2452; x_wconf 78' lang='grc' dir='ltr'>ψεῦδος.</span> <span class='ocrx_word' id='word_1_196' title='bbox 490 2380 660 2433; x_wconf 85' lang='grc' dir='ltr'>Τοῦτο</span> <span class='ocrx_word' id='word_1_197' title='bbox 689 2381 801 2450; x_wconf 77' lang='grc' dir='ltr'>γὰρ</span> <span class='ocrx_word' id='word_1_198' title='bbox 837 2377 970 2431; x_wconf 84' lang='grc' dir='ltr'>Θεοῦ</span> <span class='ocrx_word' id='word_1_199' title='bbox 1002 2378 1268 2442; x_wconf 87' lang='grc' dir='ltr'>είπόντος,</span> <span class='ocrx_word' id='word_1_200' title='bbox 1295 2373 1369 2450; x_wconf 81' lang='grc' dir='ltr'>’ᾙ</span> <span class='ocrx_word' id='word_1_201' title='bbox 1398 2377 1474 2430; x_wconf 82' lang='grc' dir='ltr'>ἂν</span> <span class='ocrx_word' id='word_1_202' title='bbox 1502 2375 1690 2445; x_wconf 79' lang='grc' dir='ltr'>ἡμέρᾳ</span> <span class='ocrx_word' id='word_1_203' title='bbox 1723 2375 1835 2444; x_wconf 68' lang='grc' dir='ltr'>φά-</span> 
     </span>
    </p>
   </div>
   <div class='ocr_carea' id='block_1_25' title="bbox 249 2459 1837 2534">
    <p class='ocr_par' dir='ltr' id='par_1_25' title="bbox 249 2459 1837 2534">
     <span class='ocr_line' id='line_1_25' title="bbox 249 2459 1837 2534; baseline -0.004 -16"><span class='ocrx_word' id='word_1_204' title='bbox 249 2482 410 2534; x_wconf 77' lang='grc' dir='ltr'>γητε,</span> <span class='ocrx_word' id='word_1_205' title='bbox 453 2462 686 2526; x_wconf 80' lang='grc' dir='ltr'>θανάτῳ</span> <span class='ocrx_word' id='word_1_206' title='bbox 710 2461 1133 2526; x_wconf 80' lang='grc' dir='ltr'>ἀποθανεῖσθε,</span> <span class='ocrx_word' id='word_1_207' title='bbox 1166 2461 1314 2529; x_wconf 83' lang='grc' dir='ltr'>λέγει</span> <span class='ocrx_word' id='word_1_208' title='bbox 1347 2463 1375 2513; x_wconf 92' lang='lat'>6</span> <span class='ocrx_word' id='word_1_209' title='bbox 1407 2459 1673 2521; x_wconf 88' lang='grc' dir='ltr'>διάϐολος,</span> <span class='ocrx_word' id='word_1_210' title='bbox 1713 2461 1837 2512; x_wconf 84' lang='grc' dir='ltr'>Οὺκ</span> 
     </span>
    </p>
   </div>
   <div class='ocr_carea' id='block_1_26' title="bbox 249 2541 1840 2615">
    <p class='ocr_par' dir='ltr' id='par_1_26' title="bbox 249 2541 1840 2615">
     <span class='ocr_line' id='line_1_26' title="bbox 249 2541 1840 2615; baseline -0.004 -14"><span class='ocrx_word' id='word_1_211' title='bbox 249 2545 649 2602; x_wconf 81' lang='grc' dir='ltr'>ἀποθανεῖσθε</span> <span class='ocrx_word' id='word_1_212' title='bbox 671 2563 683 2576; x_wconf 82' lang='grc'>·</span> <span class='ocrx_word' id='word_1_213' title='bbox 717 2543 876 2596; x_wconf 82' lang='grc' dir='ltr'>τοῦτο</span> <span class='ocrx_word' id='word_1_214' title='bbox 916 2543 1167 2615; x_wconf 88' lang='grc' dir='ltr'>δεύτερον</span> <span class='ocrx_word' id='word_1_215' title='bbox 1206 2543 1495 2612; x_wconf 75' lang='grc' dir='ltr'>ἐψεύσατο.</span> <span class='ocrx_word' id='word_1_216' title='bbox 1525 2542 1693 2613; x_wconf 78' lang='grc' dir='ltr'>’ῌδει</span> <span class='ocrx_word' id='word_1_217' title='bbox 1731 2541 1840 2611; x_wconf 74' lang='grc' dir='ltr'>γὰρ</span> 
     </span>
    </p>
   </div>
   <div class='ocr_carea' id='block_1_27' title="bbox 251 2620 1842 2699">
    <p class='ocr_par' dir='ltr' id='par_1_27' title="bbox 251 2620 1842 2699">
     <span class='ocr_line' id='line_1_27' title="bbox 251 2620 1842 2699; baseline -0.005 -16"><span class='ocrx_word' id='word_1_218' title='bbox 251 2633 282 2682; x_wconf 85' lang='grc' dir='ltr'>ό</span> <span class='ocrx_word' id='word_1_219' title='bbox 311 2629 480 2694; x_wconf 86' lang='grc' dir='ltr'>Θεὸς,</span> <span class='ocrx_word' id='word_1_220' title='bbox 517 2629 702 2699; x_wconf 74' lang='grc' dir='ltr'>φησὶν,</span> <span class='ocrx_word' id='word_1_221' title='bbox 740 2626 828 2679; x_wconf 85' lang='grc' dir='ltr'>ὅτι</span> <span class='ocrx_word' id='word_1_222' title='bbox 857 2620 896 2698; x_wconf 79' lang='grc' dir='ltr'><em>ᾗ</em></span> <span class='ocrx_word' id='word_1_223' title='bbox 920 2626 996 2679; x_wconf 81' lang='grc' dir='ltr'>ἂν</span> <span class='ocrx_word' id='word_1_224' title='bbox 1021 2626 1210 2696; x_wconf 75' lang='grc' dir='ltr'>ἡμέρᾳ</span> <span class='ocrx_word' id='word_1_225' title='bbox 1243 2624 1490 2694; x_wconf 70' lang='grc' dir='ltr'>φάγητε,</span> <span class='ocrx_word' id='word_1_226' title='bbox 1516 2626 1734 2680; x_wconf 78' lang='grc' dir='ltr'>ἔσεσθε</span> <span class='ocrx_word' id='word_1_227' title='bbox 1762 2625 1842 2689; x_wconf 88' lang='grc' dir='ltr'>ὠς</span> 
     </span>
    </p>
   </div>
   <div class='ocr_carea' id='block_1_28' title="bbox 251 2708 1842 2781">
    <p class='ocr_par' dir='ltr' id='par_1_28' title="bbox 251 2708 1842 2781">
     <span class='ocr_line' id='line_1_28' title="bbox 251 2708 1842 2781; baseline -0.004 -16"><span class='ocrx_word' id='word_1_228' title='bbox 251 2712 393 2766; x_wconf 84' lang='grc' dir='ltr'>θεοί.</span> <span class='ocrx_word' id='word_1_229' title='bbox 454 2711 560 2763; x_wconf 84' lang='grc' dir='ltr'>Ἴδε</span> <span class='ocrx_word' id='word_1_230' title='bbox 602 2711 784 2781; x_wconf 90' lang='grc' dir='ltr'>τρίτον</span> <span class='ocrx_word' id='word_1_231' title='bbox 842 2709 1056 2778; x_wconf 65' lang='grc' dir='ltr'>ψεῦδος.</span> <span class='ocrx_word' id='word_1_232' title='bbox 1124 2709 1269 2780; x_wconf 86' lang='grc' dir='ltr'>Ὅρα</span> <span class='ocrx_word' id='word_1_233' title='bbox 1300 2709 1396 2779; x_wconf 84' lang='grc' dir='ltr'>τὴν</span> <span class='ocrx_word' id='word_1_234' title='bbox 1436 2708 1842 2777; x_wconf 84' lang='grc' dir='ltr'>ἐγκατάσκευον</span> 
     </span>
    </p>
   </div>
   <div class='ocr_carea' id='block_1_29' title="bbox 253 2791 1841 2865">
    <p class='ocr_par' dir='ltr' id='par_1_29' title="bbox 253 2791 1841 2865">
     <span class='ocr_line' id='line_1_29' title="bbox 253 2791 1841 2865; baseline -0.003 -17"><span class='ocrx_word' id='word_1_235' title='bbox 253 2795 449 2848; x_wconf 80' lang='grc' dir='ltr'>κακίαν</span> <span class='ocrx_word' id='word_1_236' title='bbox 479 2793 574 2847; x_wconf 90' lang='grc' dir='ltr'>τοῦ</span> <span class='ocrx_word' id='word_1_237' title='bbox 622 2793 893 2846; x_wconf 88' lang='grc' dir='ltr'>διαϐόλου.</span> <span class='ocrx_word' id='word_1_238' title='bbox 928 2792 1070 2862; x_wconf 84' lang='grc' dir='ltr'>Ἤδη</span> <span class='ocrx_word' id='word_1_239' title='bbox 1107 2791 1420 2863; x_wconf 77' lang='grc' dir='ltr'>προμελετᾷ</span> <span class='ocrx_word' id='word_1_240' title='bbox 1477 2794 1841 2865; x_wconf 85' lang='grc' dir='ltr'>κατασπεῖραι</span> 
     </span>
    </p>
   </div>
   <div class='ocr_carea' id='block_1_30' title="bbox 252 2874 1844 2949">
    <p class='ocr_par' dir='ltr' id='par_1_30' title="bbox 252 2874 1844 2949">
     <span class='ocr_line' id='line_1_30' title="bbox 252 2874 1844 2949; baseline -0.003 -18"><span class='ocrx_word' id='word_1_241' title='bbox 252 2880 327 2949; x_wconf 83' lang='grc' dir='ltr'>τῷ</span> <span class='ocrx_word' id='word_1_242' title='bbox 356 2879 551 2948; x_wconf 84' lang='grc' dir='ltr'>κόσμῳ</span> <span class='ocrx_word' id='word_1_243' title='bbox 583 2877 682 2946; x_wconf 87' lang='grc' dir='ltr'>τὴν</span> <span class='ocrx_word' id='word_1_244' title='bbox 711 2876 939 2943; x_wconf 87' lang='grc' dir='ltr'>πλάνην.</span> <span class='ocrx_word' id='word_1_245' title='bbox 973 2876 1080 2928; x_wconf 72' lang='grc' dir='ltr'>Καὶ</span> <span class='ocrx_word' id='word_1_246' title='bbox 1126 2875 1314 2946; x_wconf 82' lang='grc' dir='ltr'>ἐπειδὴ</span> <span class='ocrx_word' id='word_1_247' title='bbox 1354 2875 1682 2946; x_wconf 88' lang='grc' dir='ltr'>ἐμελέτησεν</span> <span class='ocrx_word' id='word_1_248' title='bbox 1706 2914 1719 2934; x_wconf 94' lang='grc'>,</span> <span class='ocrx_word' id='word_1_249' title='bbox 1769 2874 1844 2937; x_wconf 86' lang='grc' dir='ltr'>ὡς</span> 
     </span>
    </p>
   </div>
   <div class='ocr_carea' id='block_1_31' title="bbox 255 2955 1845 3034">
    <p class='ocr_par' dir='ltr' id='par_1_31' title="bbox 255 2955 1845 3034">
     <span class='ocr_line' id='line_1_31' title="bbox 255 2955 1845 3034; baseline -0.003 -21"><span class='ocrx_word' id='word_1_250' title='bbox 255 2963 536 3034; x_wconf 78' lang='grc' dir='ltr'>προεῖπον,</span> <span class='ocrx_word' id='word_1_251' title='bbox 589 2958 877 3011; x_wconf 80' lang='grc' dir='ltr'>πολυθεῖαν</span> <span class='ocrx_word' id='word_1_252' title='bbox 914 2960 1123 3027; x_wconf 89' lang='grc' dir='ltr'>ἐγεῖραι</span> <span class='ocrx_word' id='word_1_253' title='bbox 1158 2956 1234 3028; x_wconf 77' lang='grc' dir='ltr'>τῷ</span> <span class='ocrx_word' id='word_1_254' title='bbox 1281 2958 1506 3028; x_wconf 79' lang='grc' dir='ltr'>κόσμῳ,</span> <span class='ocrx_word' id='word_1_255' title='bbox 1560 2955 1845 3030; x_wconf 84' lang='grc' dir='ltr'>προλαϐὼν</span> 
     </span>
    </p>
   </div>
   <div class='ocr_carea' id='block_1_32' title="bbox 254 3041 1848 3112">
    <p class='ocr_par' dir='ltr' id='par_1_32' title="bbox 254 3041 1848 3112">
     <span class='ocr_line' id='line_1_32' title="bbox 254 3041 1848 3112; baseline -0.004 -13"><span class='ocrx_word' id='word_1_256' title='bbox 254 3047 327 3109; x_wconf 85' lang='grc' dir='ltr'>ὠς</span> <span class='ocrx_word' id='word_1_257' title='bbox 362 3049 420 3097; x_wconf 88' lang='grc' dir='ltr'>ἐν</span> <span class='ocrx_word' id='word_1_258' title='bbox 451 3044 749 3112; x_wconf 89' lang='grc' dir='ltr'>διηγήματι</span> <span class='ocrx_word' id='word_1_259' title='bbox 778 3081 791 3104; x_wconf 93' lang='grc'>,</span> <span class='ocrx_word' id='word_1_260' title='bbox 833 3041 1195 3111; x_wconf 80' lang='grc' dir='ltr'>κατέσπειρεν</span> <span class='ocrx_word' id='word_1_261' title='bbox 1254 3044 1334 3105; x_wconf 81' lang='grc' dir='ltr'>είς</span> <span class='ocrx_word' id='word_1_262' title='bbox 1385 3042 1487 3104; x_wconf 84' lang='grc' dir='ltr'>τὰς</span> <span class='ocrx_word' id='word_1_263' title='bbox 1539 3041 1710 3104; x_wconf 78' lang='grc' dir='ltr'>ἀκοάς</span> <span class='ocrx_word' id='word_1_264' title='bbox 1748 3041 1848 3110; x_wconf 79' lang='grc' dir='ltr'>τῆς</span> 
     </span>
    </p>
   </div>
   <div class='ocr_carea' id='block_1_33' title="bbox 255 3119 1847 3196">
    <p class='ocr_par' dir='ltr' id='par_1_33' title="bbox 255 3119 1847 3196">
     <span class='ocr_line' id='line_1_33' title="bbox 255 3119 1847 3196; baseline -0.002 -18"><span class='ocrx_word' id='word_1_265' title='bbox 255 3126 514 3196; x_wconf 86' lang='grc' dir='ltr'>γυναικὸς</span> <span class='ocrx_word' id='word_1_266' title='bbox 553 3124 788 3194; x_wconf 74' lang='grc' dir='ltr'>ἔμφασιν</span> <span class='ocrx_word' id='word_1_267' title='bbox 828 3122 923 3175; x_wconf 86' lang='grc' dir='ltr'>τοῦ</span> <span class='ocrx_word' id='word_1_268' title='bbox 965 3119 1104 3176; x_wconf 82' lang='grc' dir='ltr'>εἶναι</span> <span class='ocrx_word' id='word_1_269' title='bbox 1135 3123 1367 3186; x_wconf 78' lang='grc' dir='ltr'>πολλοὺς</span> <span class='ocrx_word' id='word_1_270' title='bbox 1400 3123 1578 3188; x_wconf 83' lang='grc' dir='ltr'>θεούς.</span> <span class='ocrx_word' id='word_1_271' title='bbox 1623 3123 1763 3176; x_wconf 76' lang='grc' dir='ltr'>Ἀλλ’</span> <span class='ocrx_word' id='word_1_272' title='bbox 1819 3125 1847 3175; x_wconf 86' lang='lat'>6</span> 
     </span>
    </p>
   </div>
   <div class='ocr_carea' id='block_1_34' title="bbox 258 3204 1847 3279">
    <p class='ocr_par' dir='ltr' id='par_1_34' title="bbox 258 3204 1847 3279">
     <span class='ocr_line' id='line_1_34' title="bbox 258 3204 1847 3279; baseline -0.003 -17"><span class='ocrx_word' id='word_1_273' title='bbox 258 3211 355 3279; x_wconf 82' lang='grc' dir='ltr'>μὲν</span> <span class='ocrx_word' id='word_1_274' title='bbox 395 3209 497 3278; x_wconf 81' lang='grc' dir='ltr'>τῆς</span> <span class='ocrx_word' id='word_1_275' title='bbox 557 3208 755 3269; x_wconf 90' lang='grc' dir='ltr'>κακίας</span> <span class='ocrx_word' id='word_1_276' title='bbox 807 3205 1054 3276; x_wconf 87' lang='grc' dir='ltr'>τεχνίτης</span> <span class='ocrx_word' id='word_1_277' title='bbox 1108 3204 1248 3258; x_wconf 82' lang='grc' dir='ltr'>οῦτω</span> <span class='ocrx_word' id='word_1_278' title='bbox 1283 3207 1723 3276; x_wconf 85' lang='grc' dir='ltr'>προκατέσπειρε</span> <span class='ocrx_word' id='word_1_279' title='bbox 1748 3205 1847 3276; x_wconf 83' lang='grc' dir='ltr'>τὴν</span> 
     </span>
    </p>
   </div>
   <div class='ocr_carea' id='block_1_35' title="bbox 255 3287 1845 3358">
    <p class='ocr_par' dir='ltr' id='par_1_35' title="bbox 255 3287 1845 3358">
     <span class='ocr_line' id='line_1_35' title="bbox 255 3287 1845 3358; baseline -0.003 -14"><span class='ocrx_word' id='word_1_280' title='bbox 255 3292 464 3345; x_wconf 70' lang='grc' dir='ltr'>ἔννοιαν</span> <span class='ocrx_word' id='word_1_281' title='bbox 493 3290 603 3342; x_wconf 87' lang='grc' dir='ltr'>τῶν</span> <span class='ocrx_word' id='word_1_282' title='bbox 655 3289 822 3341; x_wconf 77' lang='grc' dir='ltr'>θεῶν’</span> <span class='ocrx_word' id='word_1_283' title='bbox 859 3291 887 3341; x_wconf 87' lang='lat'>6</span> <span class='ocrx_word' id='word_1_284' title='bbox 916 3287 971 3339; x_wconf 87' lang='grc' dir='ltr'>δὲ</span> <span class='ocrx_word' id='word_1_285' title='bbox 1019 3287 1151 3350; x_wconf 85' lang='grc' dir='ltr'>Θεὸς</span> <span class='ocrx_word' id='word_1_286' title='bbox 1205 3287 1471 3358; x_wconf 88' lang='grc' dir='ltr'>προειδὼς</span> <span class='ocrx_word' id='word_1_287' title='bbox 1503 3288 1845 3358; x_wconf 81' lang='grc' dir='ltr'>ᾠκονόμησε,</span> 
     </span>
    </p>
   </div>
   <div class='ocr_carea' id='block_1_36' title="bbox 255 3369 1848 3446">
    <p class='ocr_par' dir='ltr' id='par_1_36' title="bbox 255 3369 1848 3446">
     <span class='ocr_line' id='line_1_36' title="bbox 255 3369 1848 3446; baseline -0.004 -18"><span class='ocrx_word' id='word_1_288' title='bbox 255 3375 352 3446; x_wconf 81' lang='grc' dir='ltr'>τὴν</span> <span class='ocrx_word' id='word_1_289' title='bbox 383 3373 630 3442; x_wconf 89' lang='grc' dir='ltr'>πλάστην</span> <span class='ocrx_word' id='word_1_290' title='bbox 657 3373 755 3442; x_wconf 81' lang='grc' dir='ltr'>τὴν</span> <span class='ocrx_word' id='word_1_291' title='bbox 785 3370 1084 3440; x_wconf 84' lang='grc' dir='ltr'>μέλλουσαν</span> <span class='ocrx_word' id='word_1_292' title='bbox 1109 3371 1182 3441; x_wconf 80' lang='grc' dir='ltr'>μὴ</span> <span class='ocrx_word' id='word_1_293' title='bbox 1206 3369 1501 3440; x_wconf 78' lang='grc' dir='ltr'>λαληθῆναι</span> <span class='ocrx_word' id='word_1_294' title='bbox 1523 3369 1848 3442; x_wconf 81' lang='grc' dir='ltr'>ἀνθρωπίνῳ</span> 
     </span>
    </p>
   </div>
   <div class='ocr_carea' id='block_1_37' title="bbox 259 3451 1849 3528">
    <p class='ocr_par' dir='ltr' id='par_1_37' title="bbox 259 3451 1849 3528">
     <span class='ocr_line' id='line_1_37' title="bbox 259 3451 1849 3528; baseline -0.003 -16"><span class='ocrx_word' id='word_1_295' title='bbox 259 3460 510 3528; x_wconf 82' lang='grc' dir='ltr'>στόματι,</span> <span class='ocrx_word' id='word_1_296' title='bbox 547 3455 698 3527; x_wconf 76' lang='grc'>[498]</span> <span class='ocrx_word' id='word_1_297' title='bbox 727 3455 812 3508; x_wconf 79' lang='grc' dir='ltr'>ἵνα</span> <span class='ocrx_word' id='word_1_298' title='bbox 847 3454 919 3523; x_wconf 83' lang='grc' dir='ltr'>μὴ</span> <span class='ocrx_word' id='word_1_299' title='bbox 946 3452 1134 3523; x_wconf 83' lang='grc' dir='ltr'>πρώτη</span> <span class='ocrx_word' id='word_1_300' title='bbox 1159 3452 1350 3523; x_wconf 84' lang='grc' dir='ltr'>λογικὴ</span> <span class='ocrx_word' id='word_1_301' title='bbox 1378 3451 1528 3524; x_wconf 79' lang='grc' dir='ltr'>φωνὴ</span> <span class='ocrx_word' id='word_1_302' title='bbox 1564 3454 1688 3524; x_wconf 70' lang='grc' dir='ltr'>περὶ</span> <span class='ocrx_word' id='word_1_303' title='bbox 1710 3452 1849 3507; x_wconf 85' lang='grc' dir='ltr'>θεῶν</span> 
     </span>
    </p>
   </div>
   <div class='ocr_carea' id='block_1_38' title="bbox 258 3535 1851 3626">
    <p class='ocr_par' dir='ltr' id='par_1_38' title="bbox 258 3535 1851 3626">
     <span class='ocr_line' id='line_1_38' title="bbox 258 3535 1851 3626; baseline -0.004 -32"><span class='ocrx_word' id='word_1_304' title='bbox 258 3536 991 3626; x_wconf 18' lang='grc' dir='ltr'>φθλέγξηται,Δάλλάιπρῶτον-</span> <span class='ocrx_word' id='word_1_305' title='bbox 1013 3535 1186 3626; x_wconf 82' lang='grc' dir='ltr'>στόμα</span> <span class='ocrx_word' id='word_1_306' title='bbox 1209 3535 1405 3602; x_wconf 77' lang='grc' dir='ltr'>δφεως,</span> <span class='ocrx_word' id='word_1_307' title='bbox 1435 3535 1520 3588; x_wconf 78' lang='grc' dir='ltr'>ἵνα</span> <span class='ocrx_word' id='word_1_308' title='bbox 1541 3538 1650 3589; x_wconf 82' lang='grc' dir='ltr'>πᾶν</span> <span class='ocrx_word' id='word_1_309' title='bbox 1677 3535 1851 3606; x_wconf 84' lang='grc' dir='ltr'>στόμα</span> 
     </span>
    </p>
   </div>
   <div class='ocr_carea' id='block_1_39' title="bbox 256 3618 1850 3690">
    <p class='ocr_par' dir='ltr' id='par_1_39' title="bbox 256 3618 1850 3690">
     <span class='ocr_line' id='line_1_39' title="bbox 256 3618 1850 3690; baseline -0.003 -15"><span class='ocrx_word' id='word_1_310' title='bbox 256 3622 455 3677; x_wconf 82' lang='grc' dir='ltr'>λαλοῦν</span> <span class='ocrx_word' id='word_1_311' title='bbox 481 3621 610 3690; x_wconf 73' lang='grc' dir='ltr'>περὶ</span> <span class='ocrx_word' id='word_1_312' title='bbox 650 3618 885 3672; x_wconf 75' lang='grc' dir='ltr'>εἰδώλων</span> <span class='ocrx_word' id='word_1_313' title='bbox 925 3618 1003 3687; x_wconf 84' lang='grc' dir='ltr'>τῷ</span> <span class='ocrx_word' id='word_1_314' title='bbox 1035 3619 1264 3688; x_wconf 90' lang='grc' dir='ltr'>στόματι</span> <span class='ocrx_word' id='word_1_315' title='bbox 1299 3618 1510 3671; x_wconf 87' lang='grc' dir='ltr'>ἐκείνου</span> <span class='ocrx_word' id='word_1_316' title='bbox 1539 3619 1850 3690; x_wconf 72' lang='grc' dir='ltr'>ἀπεικάξη-</span> 
     </span>
    </p>
   </div>
   <div class='ocr_carea' id='block_1_40' title="bbox 256 3699 1851 3771">
    <p class='ocr_par' dir='ltr' id='par_1_40' title="bbox 256 3699 1851 3771">
     <span class='ocr_line' id='line_1_40' title="bbox 256 3699 1851 3771; baseline -0.003 -12"><span class='ocrx_word' id='word_1_317' title='bbox 256 3723 364 3759; x_wconf 88' lang='grc' dir='ltr'>ται.</span> <span class='ocrx_word' id='word_1_318' title='bbox 401 3699 533 3756; x_wconf 74' lang='grc' dir='ltr'>Οἶδα</span> <span class='ocrx_word' id='word_1_319' title='bbox 566 3704 645 3754; x_wconf 81' lang='grc' dir='ltr'>ὅτι</span> <span class='ocrx_word' id='word_1_320' title='bbox 692 3703 784 3754; x_wconf 69' lang='grc' dir='ltr'>καὶ</span> <span class='ocrx_word' id='word_1_321' title='bbox 832 3704 898 3771; x_wconf 83' lang='grc' dir='ltr'>τῇ</span> <span class='ocrx_word' id='word_1_322' title='bbox 941 3703 1091 3770; x_wconf 85' lang='grc' dir='ltr'>φωνῇ</span> <span class='ocrx_word' id='word_1_323' title='bbox 1143 3699 1581 3768; x_wconf 84' lang='grc' dir='ltr'>συγγινώσκετε,</span> <span class='ocrx_word' id='word_1_324' title='bbox 1627 3701 1851 3766; x_wconf 77' lang='grc' dir='ltr'>καὶτὰς</span> 
     </span>
    </p>
   </div>
   <div class='ocr_carea' id='block_1_41' title="bbox 257 3780 1851 3854">
    <p class='ocr_par' dir='ltr' id='par_1_41' title="bbox 257 3780 1851 3854">
     <span class='ocr_line' id='line_1_41' title="bbox 257 3780 1851 3854; baseline -0.003 -12"><span class='ocrx_word' id='word_1_325' title='bbox 257 3788 466 3848; x_wconf 87' lang='grc' dir='ltr'>ἐννοίας</span> <span class='ocrx_word' id='word_1_326' title='bbox 499 3785 597 3848; x_wconf 90' lang='grc' dir='ltr'>τάς</span> <span class='ocrx_word' id='word_1_327' title='bbox 629 3785 789 3851; x_wconf 82' lang='grc' dir='ltr'>ἁγίας</span> <span class='ocrx_word' id='word_1_328' title='bbox 814 3783 922 3836; x_wconf 82' lang='grc' dir='ltr'>τὼν</span> <span class='ocrx_word' id='word_1_329' title='bbox 953 3784 992 3835; x_wconf 88' lang='grc' dir='ltr'>Γ</span> <span class='ocrx_word' id='word_1_330' title='bbox 997 3782 1187 3854; x_wconf 77' lang='grc' dir='ltr'>ραφῶν</span> <span class='ocrx_word' id='word_1_331' title='bbox 1211 3783 1509 3854; x_wconf 74' lang='grc' dir='ltr'>ἀρπάζετε.</span> <span class='ocrx_word' id='word_1_332' title='bbox 1537 3783 1739 3853; x_wconf 74' lang='grc' dir='ltr'>Μηδεὶς</span> <span class='ocrx_word' id='word_1_333' title='bbox 1758 3780 1851 3838; x_wconf 79' lang='grc' dir='ltr'>οῦν</span> 
     </span>
    </p>
   </div>
   <div class='ocr_carea' id='block_1_42' title="bbox 258 3866 1852 3943">
    <p class='ocr_par' dir='ltr' id='par_1_42' title="bbox 258 3866 1852 3943">
     <span class='ocr_line' id='line_1_42' title="bbox 258 3866 1852 3943; baseline -0.003 -19"><span class='ocrx_word' id='word_1_334' title='bbox 258 3874 386 3943; x_wconf 71' lang='grc' dir='ltr'>περὶ</span> <span class='ocrx_word' id='word_1_335' title='bbox 420 3870 512 3921; x_wconf 91' lang='grc' dir='ltr'>τὸν</span> <span class='ocrx_word' id='word_1_336' title='bbox 538 3868 747 3937; x_wconf 86' lang='grc' dir='ltr'>κόμπον</span> <span class='ocrx_word' id='word_1_337' title='bbox 773 3868 870 3936; x_wconf 81' lang='grc' dir='ltr'>τῆς</span> <span class='ocrx_word' id='word_1_338' title='bbox 905 3867 1090 3936; x_wconf 82' lang='grc' dir='ltr'>φωνῆς</span> <span class='ocrx_word' id='word_1_339' title='bbox 1120 3866 1456 3937; x_wconf 89' lang='grc' dir='ltr'>ἀσχολείσθω</span> <span class='ocrx_word' id='word_1_340' title='bbox 1481 3907 1495 3932; x_wconf 93' lang='grc'>,</span> <span class='ocrx_word' id='word_1_341' title='bbox 1547 3866 1682 3920; x_wconf 91' lang='grc' dir='ltr'>άλλά</span> <span class='ocrx_word' id='word_1_342' title='bbox 1720 3868 1852 3940; x_wconf 73' lang='grc' dir='ltr'>περὶ</span> 
     </span>
    </p>
   </div>
   <div class='ocr_carea' id='block_1_43' title="bbox 257 3947 1089 4025">
    <p class='ocr_par' dir='ltr' id='par_1_43' title="bbox 257 3947 1089 4025">
     <span class='ocr_line' id='line_1_43' title="bbox 257 3947 1089 4025; baseline -0.005 -20"><span class='ocrx_word' id='word_1_343' title='bbox 257 3955 357 4025; x_wconf 77' lang='grc' dir='ltr'>τὴν</span> <span class='ocrx_word' id='word_1_344' title='bbox 391 3951 501 4003; x_wconf 83' lang='grc' dir='ltr'>τῶν</span> <span class='ocrx_word' id='word_1_345' title='bbox 524 3949 810 4020; x_wconf 88' lang='grc' dir='ltr'>νοημάτων</span> <span class='ocrx_word' id='word_1_346' title='bbox 840 3947 1089 4018; x_wconf 86' lang='grc' dir='ltr'>δύναμιν.</span> 
     </span>
    </p>
   </div>
   <div class='ocr_carea' id='block_1_44' title="bbox 335 4044 1851 4127">
    <p class='ocr_par' dir='ltr' id='par_1_44' title="bbox 335 4044 1851 4127">
     <span class='ocr_line' id='line_1_44' title="bbox 335 4044 1851 4127; baseline -0.014 -14"><span class='ocrx_word' id='word_1_347' title='bbox 335 4055 504 4127; x_wconf 84' lang='grc' dir='ltr'>’ᾙδει</span> <span class='ocrx_word' id='word_1_348' title='bbox 532 4055 662 4122; x_wconf 75' lang='grc' dir='ltr'>γὰρ,</span> <span class='ocrx_word' id='word_1_349' title='bbox 701 4054 886 4121; x_wconf 76' lang='grc' dir='ltr'>φησὶν,</span> <span class='ocrx_word' id='word_1_350' title='bbox 935 4052 966 4105; x_wconf 86' lang='grc' dir='ltr'>ό</span> <span class='ocrx_word' id='word_1_351' title='bbox 1005 4052 1170 4116; x_wconf 87' lang='grc' dir='ltr'>Θεὸς,</span> <span class='ocrx_word' id='word_1_352' title='bbox 1223 4051 1312 4104; x_wconf 81' lang='grc' dir='ltr'>ὅτι</span> <span class='ocrx_word' id='word_1_353' title='bbox 1347 4044 1385 4122; x_wconf 79' lang='grc' dir='ltr'><strong><em>ᾗ</em></strong></span> <span class='ocrx_word' id='word_1_354' title='bbox 1411 4050 1488 4104; x_wconf 88' lang='grc' dir='ltr'>ἂν</span> <span class='ocrx_word' id='word_1_355' title='bbox 1516 4051 1706 4119; x_wconf 78' lang='grc' dir='ltr'>ἡμέρᾳ</span> <span class='ocrx_word' id='word_1_356' title='bbox 1741 4051 1851 4120; x_wconf 66' lang='grc' dir='ltr'>φά-</span> 
     </span>
    </p>
   </div>
   <div class='ocr_carea' id='block_1_45' title="bbox 261 4134 1848 4211">
    <p class='ocr_par' dir='ltr' id='par_1_45' title="bbox 261 4134 1848 4211">
     <span class='ocr_line' id='line_1_45' title="bbox 261 4134 1848 4211; baseline -0.003 -20"><span class='ocrx_word' id='word_1_357' title='bbox 261 4157 430 4211; x_wconf 60' lang='lat' dir='ltr'>gnte,</span> <span class='ocrx_word' id='word_1_358' title='bbox 455 4139 674 4191; x_wconf 80' lang='grc' dir='ltr'>ἔσεσθε</span> <span class='ocrx_word' id='word_1_359' title='bbox 706 4136 785 4201; x_wconf 87' lang='grc' dir='ltr'>ὠς</span> <span class='ocrx_word' id='word_1_360' title='bbox 816 4135 959 4200; x_wconf 76' lang='grc' dir='ltr'>θεοὶ,</span> <span class='ocrx_word' id='word_1_361' title='bbox 984 4135 1385 4204; x_wconf 77' lang='grc' dir='ltr'>γινώσκοντες</span> <span class='ocrx_word' id='word_1_362' title='bbox 1410 4134 1599 4188; x_wconf 73' lang='grc' dir='ltr'>καλὸν</span> <span class='ocrx_word' id='word_1_363' title='bbox 1619 4134 1718 4186; x_wconf 82' lang='grc' dir='ltr'>καί</span> <span class='ocrx_word' id='word_1_364' title='bbox 1740 4149 1848 4188; x_wconf 83' lang='grc' dir='ltr'>πο-</span> 
     </span>
    </p>
   </div>
   <div class='ocr_carea' id='block_1_46' title="bbox 259 4217 1853 4292">
    <p class='ocr_par' dir='ltr' id='par_1_46' title="bbox 259 4217 1853 4292">
     <span class='ocr_line' id='line_1_46' title="bbox 259 4217 1853 4292; baseline -0.005 -14"><span class='ocrx_word' id='word_1_365' title='bbox 259 4223 470 4292; x_wconf 84' lang='grc' dir='ltr'>νηρόν.</span> <span class='ocrx_word' id='word_1_366' title='bbox 499 4222 728 4289; x_wconf 80' lang='grc' dir='ltr'>Λέγουσι</span> <span class='ocrx_word' id='word_1_367' title='bbox 761 4219 966 4282; x_wconf 73' lang='grc' dir='ltr'>πολλοὶ,</span> <span class='ocrx_word' id='word_1_368' title='bbox 1009 4219 1102 4272; x_wconf 75' lang='grc' dir='ltr'>καὶ</span> <span class='ocrx_word' id='word_1_369' title='bbox 1135 4217 1369 4286; x_wconf 88' lang='grc' dir='ltr'>μάλιστα</span> <span class='ocrx_word' id='word_1_370' title='bbox 1394 4217 1441 4270; x_wconf 87' lang='grc' dir='ltr'>οἱ</span> <span class='ocrx_word' id='word_1_371' title='bbox 1469 4217 1544 4288; x_wconf 82' lang='grc' dir='ltr'>τῷ</span> <span class='ocrx_word' id='word_1_372' title='bbox 1574 4217 1853 4286; x_wconf 89' lang='grc' dir='ltr'>θεοστυγεῖ</span> 
     </span>
    </p>
   </div>
   <div class='ocr_carea' id='block_1_47' title="bbox 261 4299 1853 4377">
    <p class='ocr_par' dir='ltr' id='par_1_47' title="bbox 261 4299 1853 4377">
     <span class='ocr_line' id='line_1_47' title="bbox 261 4299 1853 4377; baseline -0.006 -17"><span class='ocrx_word' id='word_1_373' title='bbox 261 4304 561 4377; x_wconf 88' lang='grc' dir='ltr'>Πορφυρίῳ</span> <span class='ocrx_word' id='word_1_374' title='bbox 593 4303 1058 4371; x_wconf 86' lang='grc' dir='ltr'>ἀκολουθήσαντες</span> <span class='ocrx_word' id='word_1_375' title='bbox 1083 4300 1159 4370; x_wconf 82' lang='grc' dir='ltr'>τῷ</span> <span class='ocrx_word' id='word_1_376' title='bbox 1181 4300 1320 4353; x_wconf 86' lang='grc' dir='ltr'>κατά</span> <span class='ocrx_word' id='word_1_377' title='bbox 1362 4299 1703 4369; x_wconf 81' lang='grc' dir='ltr'>Χριστιανῶν</span> <span class='ocrx_word' id='word_1_378' title='bbox 1729 4316 1853 4366; x_wconf 84' lang='grc' dir='ltr'>συγ-</span> 
     </span>
    </p>
   </div>
   <div class='ocr_carea' id='block_1_48' title="bbox 261 4383 1852 4460">
    <p class='ocr_par' dir='ltr' id='par_1_48' title="bbox 261 4383 1852 4460">
     <span class='ocr_line' id='line_1_48' title="bbox 261 4383 1852 4460; baseline -0.005 -18"><span class='ocrx_word' id='word_1_379' title='bbox 261 4390 536 4460; x_wconf 67' lang='grc' dir='ltr'>γράψαντι</span> <span class='ocrx_word' id='word_1_380' title='bbox 567 4389 659 4440; x_wconf 75' lang='grc' dir='ltr'>καὶ</span> <span class='ocrx_word' id='word_1_381' title='bbox 706 4387 800 4438; x_wconf 86' lang='grc' dir='ltr'>τοῦ</span> <span class='ocrx_word' id='word_1_382' title='bbox 842 4385 985 4438; x_wconf 87' lang='grc' dir='ltr'>θείου</span> <span class='ocrx_word' id='word_1_383' title='bbox 1021 4383 1290 4454; x_wconf 84' lang='grc' dir='ltr'>δόγματος</span> <span class='ocrx_word' id='word_1_384' title='bbox 1333 4383 1558 4446; x_wconf 84' lang='grc' dir='ltr'>πολλοὺς</span> <span class='ocrx_word' id='word_1_385' title='bbox 1613 4383 1852 4453; x_wconf 74' lang='grc' dir='ltr'>ἀποστήο</span> 
     </span>
    </p>
   </div>
   <div class='ocr_carea' id='block_1_49' title="bbox 262 4465 1852 4537">
    <p class='ocr_par' dir='ltr' id='par_1_49' title="bbox 262 4465 1852 4537">
     <span class='ocr_line' id='line_1_49' title="bbox 262 4465 1852 4537; baseline -0.005 -12"><span class='ocrx_word' id='word_1_386' title='bbox 262 4490 416 4527; x_wconf 91' lang='grc' dir='ltr'>σαντι</span> <span class='ocrx_word' id='word_1_387' title='bbox 445 4488 457 4500; x_wconf 92' lang='grc'><strong>·</strong></span> <span class='ocrx_word' id='word_1_388' title='bbox 500 4470 718 4536; x_wconf 86' lang='grc' dir='ltr'>λέγουσι</span> <span class='ocrx_word' id='word_1_389' title='bbox 757 4468 936 4520; x_wconf 80' lang='grc' dir='ltr'>τοίνυν</span> <span class='ocrx_word' id='word_1_390' title='bbox 964 4484 975 4496; x_wconf 90' lang='grc'>·</span> <span class='ocrx_word' id='word_1_391' title='bbox 1011 4467 1111 4518; x_wconf 87' lang='grc' dir='ltr'>Διά</span> <span class='ocrx_word' id='word_1_392' title='bbox 1160 4466 1212 4517; x_wconf 86' lang='grc' dir='ltr'>τί</span> <span class='ocrx_word' id='word_1_393' title='bbox 1253 4469 1281 4519; x_wconf 91' lang='grc' dir='ltr'>ό</span> <span class='ocrx_word' id='word_1_394' title='bbox 1335 4465 1467 4529; x_wconf 88' lang='grc' dir='ltr'>Θεὸς</span> <span class='ocrx_word' id='word_1_395' title='bbox 1505 4466 1852 4537; x_wconf 82' lang='grc' dir='ltr'>ἀπηγόρευσε</span> 
     </span>
    </p>
   </div>
   <div class='ocr_carea' id='block_1_50' title="bbox 258 4549 1852 4624">
    <p class='ocr_par' dir='ltr' id='par_1_50' title="bbox 258 4549 1852 4624">
     <span class='ocr_line' id='line_1_50' title="bbox 258 4549 1852 4624; baseline -0.004 -17"><span class='ocrx_word' id='word_1_396' title='bbox 258 4557 359 4624; x_wconf 77' lang='grc' dir='ltr'>τὴν</span> <span class='ocrx_word' id='word_1_397' title='bbox 380 4554 583 4622; x_wconf 84' lang='grc' dir='ltr'>γνῶσιν</span> <span class='ocrx_word' id='word_1_398' title='bbox 611 4551 704 4605; x_wconf 90' lang='grc' dir='ltr'>τοῦ</span> <span class='ocrx_word' id='word_1_399' title='bbox 736 4551 901 4604; x_wconf 83' lang='grc' dir='ltr'>καλοῦ</span> <span class='ocrx_word' id='word_1_400' title='bbox 933 4552 1026 4603; x_wconf 79' lang='grc' dir='ltr'>καὶ</span> <span class='ocrx_word' id='word_1_401' title='bbox 1055 4549 1290 4620; x_wconf 87' lang='grc' dir='ltr'>πονηροῦ</span> <span class='ocrx_word' id='word_1_402' title='bbox 1317 4567 1331 4614; x_wconf 89' lang='grc'>;</span> <span class='ocrx_word' id='word_1_403' title='bbox 1358 4552 1562 4613; x_wconf 80' lang='grc' dir='ltr'>Ἔστω,</span> <span class='ocrx_word' id='word_1_404' title='bbox 1594 4551 1655 4602; x_wconf 90' lang='grc' dir='ltr'>τὸ</span> <span class='ocrx_word' id='word_1_405' title='bbox 1685 4567 1852 4622; x_wconf 88' lang='grc' dir='ltr'>πονη-</span> 
     </span>
    </p>
   </div>
   <div class='ocr_carea' id='block_1_51' title="bbox 265 4633 1850 4706">
    <p class='ocr_par' dir='ltr' id='par_1_51' title="bbox 265 4633 1850 4706">
     <span class='ocr_line' id='line_1_51' title="bbox 265 4633 1850 4706; baseline -0.001 -18"><span class='ocrx_word' id='word_1_406' title='bbox 265 4638 354 4706; x_wconf 81' lang='grc' dir='ltr'>ρὸν</span> <span class='ocrx_word' id='word_1_407' title='bbox 408 4638 756 4704; x_wconf 81' lang='grc' dir='ltr'>ἀπηγόρευσε</span> <span class='ocrx_word' id='word_1_408' title='bbox 779 4651 790 4662; x_wconf 89' lang='grc'>·</span> <span class='ocrx_word' id='word_1_409' title='bbox 826 4633 914 4685; x_wconf 88' lang='grc' dir='ltr'>διά</span> <span class='ocrx_word' id='word_1_410' title='bbox 943 4633 994 4684; x_wconf 88' lang='grc' dir='ltr'>τί</span> <span class='ocrx_word' id='word_1_411' title='bbox 1029 4635 1122 4684; x_wconf 70' lang='grc' dir='ltr'>καὶ</span> <span class='ocrx_word' id='word_1_412' title='bbox 1164 4633 1221 4684; x_wconf 90' lang='grc' dir='ltr'>τὸ</span> <span class='ocrx_word' id='word_1_413' title='bbox 1257 4633 1450 4698; x_wconf 84' lang='grc' dir='ltr'>καλόν;</span> <span class='ocrx_word' id='word_1_414' title='bbox 1509 4633 1691 4685; x_wconf 83' lang='grc' dir='ltr'>Εἰπὼν</span> <span class='ocrx_word' id='word_1_415' title='bbox 1722 4635 1850 4705; x_wconf 82' lang='grc' dir='ltr'>γὰρ,</span> 
     </span>
    </p>
   </div>
   <div class='ocr_carea' id='block_1_52' title="bbox 273 4713 1854 4782">
    <p class='ocr_par' dir='ltr' id='par_1_52' title="bbox 273 4713 1854 4782">
     <span class='ocr_line' id='line_1_52' title="bbox 273 4713 1854 4782; baseline -0.002 -11"><span class='ocrx_word' id='word_1_416' title='bbox 273 4717 407 4771; x_wconf 82' lang='grc' dir='ltr'>Ἂπὸ</span> <span class='ocrx_word' id='word_1_417' title='bbox 442 4717 548 4770; x_wconf 86' lang='grc' dir='ltr'>τοῦ</span> <span class='ocrx_word' id='word_1_418' title='bbox 586 4716 775 4780; x_wconf 77' lang='grc' dir='ltr'>ξύλου</span> <span class='ocrx_word' id='word_1_419' title='bbox 819 4713 927 4766; x_wconf 82' lang='grc' dir='ltr'>τοῦ</span> <span class='ocrx_word' id='word_1_420' title='bbox 955 4714 1176 4768; x_wconf 74' lang='grc' dir='ltr'>εἰδέναι</span> <span class='ocrx_word' id='word_1_421' title='bbox 1222 4715 1414 4767; x_wconf 82' lang='grc' dir='ltr'>καλὸν</span> <span class='ocrx_word' id='word_1_422' title='bbox 1443 4715 1539 4766; x_wconf 80' lang='grc' dir='ltr'>καὶ</span> <span class='ocrx_word' id='word_1_423' title='bbox 1586 4717 1854 4782; x_wconf 84' lang='grc' dir='ltr'>πονηρὸν</span> 
     </span>
    </p>
   </div>
   <div class='ocr_carea' id='block_1_53' title="bbox 257 4797 1854 4873">
    <p class='ocr_par' dir='ltr' id='par_1_53' title="bbox 257 4797 1854 4873">
     <span class='ocr_line' id='line_1_53' title="bbox 257 4797 1854 4873; baseline 0 -22"><span class='ocrx_word' id='word_1_424' title='bbox 257 4801 344 4873; x_wconf 79' lang='grc' dir='ltr'>μὴ</span> <span class='ocrx_word' id='word_1_425' title='bbox 396 4799 643 4868; x_wconf 70' lang='grc' dir='ltr'>φάγητε,</span> <span class='ocrx_word' id='word_1_426' title='bbox 688 4797 905 4861; x_wconf 84' lang='grc' dir='ltr'>κωλύει,</span> <span class='ocrx_word' id='word_1_427' title='bbox 971 4800 1154 4868; x_wconf 75' lang='grc' dir='ltr'>φησὶν,</span> <span class='ocrx_word' id='word_1_428' title='bbox 1206 4797 1370 4849; x_wconf 80' lang='grc' dir='ltr'>αὐτὸν</span> <span class='ocrx_word' id='word_1_429' title='bbox 1422 4797 1513 4849; x_wconf 91' lang='grc' dir='ltr'>τοῦ</span> <span class='ocrx_word' id='word_1_430' title='bbox 1557 4798 1752 4851; x_wconf 85' lang='grc' dir='ltr'>εἰδέναι</span> <span class='ocrx_word' id='word_1_431' title='bbox 1794 4799 1854 4851; x_wconf 87' lang='grc' dir='ltr'>τὸ</span> 
     </span>
    </p>
   </div>
   <div class='ocr_carea' id='block_1_54' title="bbox 263 4879 1854 4950">
    <p class='ocr_par' dir='ltr' id='par_1_54' title="bbox 263 4879 1854 4950">
     <span class='ocr_line' id='line_1_54' title="bbox 263 4879 1854 4950; baseline -0.003 -12"><span class='ocrx_word' id='word_1_432' title='bbox 263 4885 467 4939; x_wconf 72' lang='grc' dir='ltr'>κακόν·</span> <span class='ocrx_word' id='word_1_433' title='bbox 498 4882 585 4932; x_wconf 78' lang='grc' dir='ltr'>διὰ</span> <span class='ocrx_word' id='word_1_434' title='bbox 611 4882 661 4934; x_wconf 88' lang='grc' dir='ltr'>τί</span> <span class='ocrx_word' id='word_1_435' title='bbox 693 4883 786 4935; x_wconf 73' lang='grc' dir='ltr'>καὶ</span> <span class='ocrx_word' id='word_1_436' title='bbox 811 4883 871 4932; x_wconf 89' lang='grc' dir='ltr'>τὸ</span> <span class='ocrx_word' id='word_1_437' title='bbox 903 4880 1137 4947; x_wconf 87' lang='grc' dir='ltr'>ἀγαθόν;</span> <span class='ocrx_word' id='word_1_438' title='bbox 1183 4881 1294 4932; x_wconf 69' lang='grc' dir='ltr'>’Λεὶ</span> <span class='ocrx_word' id='word_1_439' title='bbox 1320 4882 1353 4950; x_wconf 88' lang='grc' dir='ltr'>ή</span> <span class='ocrx_word' id='word_1_440' title='bbox 1385 4879 1548 4932; x_wconf 84' lang='grc' dir='ltr'>κακία</span> <span class='ocrx_word' id='word_1_441' title='bbox 1579 4880 1700 4931; x_wconf 83' lang='grc' dir='ltr'>καθ’</span> <span class='ocrx_word' id='word_1_442' title='bbox 1729 4883 1854 4934; x_wconf 79' lang='grc' dir='ltr'>ἐαυο</span> 
     </span>
    </p>
   </div>
   <div class='ocr_carea' id='block_1_55' title="bbox 262 4963 1851 5037">
    <p class='ocr_par' dir='ltr' id='par_1_55' title="bbox 262 4963 1851 5037">
     <span class='ocr_line' id='line_1_55' title="bbox 262 4963 1851 5037; baseline 0.001 -21"><span class='ocrx_word' id='word_1_443' title='bbox 262 4969 359 5037; x_wconf 82' lang='grc' dir='ltr'>τῆς</span> <span class='ocrx_word' id='word_1_444' title='bbox 389 4964 730 5033; x_wconf 75' lang='grc' dir='ltr'>τεχνάζεται,</span> <span class='ocrx_word' id='word_1_445' title='bbox 756 4965 850 5016; x_wconf 71' lang='grc' dir='ltr'>καὶ</span> <span class='ocrx_word' id='word_1_446' title='bbox 889 4963 986 5026; x_wconf 79' lang='grc' dir='ltr'>τὰς</span> <span class='ocrx_word' id='word_1_447' title='bbox 1021 4963 1191 5026; x_wconf 78' lang='grc' dir='ltr'>λαϐὰς</span> <span class='ocrx_word' id='word_1_448' title='bbox 1224 4963 1344 5014; x_wconf 90' lang='grc' dir='ltr'>καθ’</span> <span class='ocrx_word' id='word_1_449' title='bbox 1385 4965 1579 5033; x_wconf 81' lang='grc' dir='ltr'>ἑαυτῆς</span> <span class='ocrx_word' id='word_1_450' title='bbox 1618 4963 1851 5018; x_wconf 85' lang='grc' dir='ltr'>δίδωσιν.</span> 
     </span>
    </p>
   </div>
   <div class='ocr_carea' id='block_1_56' title="bbox 264 5043 1853 5119">
    <p class='ocr_par' dir='ltr' id='par_1_56' title="bbox 264 5043 1853 5119">
     <span class='ocr_line' id='line_1_56' title="bbox 264 5043 1853 5119; baseline -0.002 -17"><span class='ocrx_word' id='word_1_451' title='bbox 264 5053 338 5106; x_wconf 91' lang='lat' dir='ltr'>O6</span> <span class='ocrx_word' id='word_1_452' title='bbox 379 5049 478 5119; x_wconf 79' lang='grc' dir='ltr'>τὴν</span> <span class='ocrx_word' id='word_1_453' title='bbox 505 5049 704 5114; x_wconf 80' lang='grc' dir='ltr'>γνὼσιν</span> <span class='ocrx_word' id='word_1_454' title='bbox 740 5047 1009 5099; x_wconf 83' lang='grc' dir='ltr'>ἐκώλυσεν</span> <span class='ocrx_word' id='word_1_455' title='bbox 1044 5047 1070 5096; x_wconf 96' lang='lat'>6</span> <span class='ocrx_word' id='word_1_456' title='bbox 1096 5045 1226 5109; x_wconf 84' lang='grc' dir='ltr'>Θεὸς</span> <span class='ocrx_word' id='word_1_457' title='bbox 1255 5045 1346 5099; x_wconf 80' lang='grc' dir='ltr'>τοῦ</span> <span class='ocrx_word' id='word_1_458' title='bbox 1373 5047 1538 5099; x_wconf 83' lang='grc' dir='ltr'>καλοῦ</span> <span class='ocrx_word' id='word_1_459' title='bbox 1565 5064 1572 5073; x_wconf 90' lang='grc'>·</span> <span class='ocrx_word' id='word_1_460' title='bbox 1609 5043 1718 5116; x_wconf 79' lang='grc' dir='ltr'>εἶχε</span> <span class='ocrx_word' id='word_1_461' title='bbox 1747 5049 1853 5118; x_wconf 71' lang='grc' dir='ltr'>γὰρ</span> 
     </span>
    </p>
   </div>
   <div class='ocr_carea' id='block_1_57' title="bbox 265 5129 1853 5202">
    <p class='ocr_par' dir='ltr' id='par_1_57' title="bbox 265 5129 1853 5202">
     <span class='ocr_line' id='line_1_57' title="bbox 265 5129 1853 5202; baseline -0.001 -14"><span class='ocrx_word' id='word_1_462' title='bbox 265 5133 435 5202; x_wconf 79' lang='grc' dir='ltr'>αὐτὴν</span> <span class='ocrx_word' id='word_1_463' title='bbox 470 5132 498 5182; x_wconf 92' lang='lat'>6</span> <span class='ocrx_word' id='word_1_464' title='bbox 545 5129 736 5197; x_wconf 69' lang='grc' dir='ltr'>Ἀδὰμ,</span> <span class='ocrx_word' id='word_1_465' title='bbox 767 5133 858 5180; x_wconf 69' lang='grc' dir='ltr'>καὶ</span> <span class='ocrx_word' id='word_1_466' title='bbox 887 5130 989 5199; x_wconf 86' lang='grc' dir='ltr'>πρὸ</span> <span class='ocrx_word' id='word_1_467' title='bbox 1018 5129 1109 5181; x_wconf 78' lang='grc' dir='ltr'>τοῦ</span> <span class='ocrx_word' id='word_1_468' title='bbox 1149 5132 1362 5196; x_wconf 88' lang='grc' dir='ltr'>φαγεῖν.</span> <span class='ocrx_word' id='word_1_469' title='bbox 1403 5131 1464 5182; x_wconf 72' lang='grc' dir='ltr'>Εἰ</span> <span class='ocrx_word' id='word_1_470' title='bbox 1504 5130 1610 5200; x_wconf 80' lang='grc' dir='ltr'>γὰρ</span> <span class='ocrx_word' id='word_1_471' title='bbox 1637 5130 1711 5200; x_wconf 81' lang='grc' dir='ltr'>μὴ</span> <span class='ocrx_word' id='word_1_472' title='bbox 1742 5130 1853 5199; x_wconf 79' lang='grc' dir='ltr'>εἶχε</span> 
     </span>
    </p>
   </div>
   <div class='ocr_carea' id='block_1_58' title="bbox 263 5211 1851 5286">
    <p class='ocr_par' dir='ltr' id='par_1_58' title="bbox 263 5211 1851 5286">
     <span class='ocr_line' id='line_1_58' title="bbox 263 5211 1851 5286; baseline -0.002 -17"><span class='ocrx_word' id='word_1_473' title='bbox 263 5217 490 5286; x_wconf 83' lang='grc' dir='ltr'>γνῶσιν,</span> <span class='ocrx_word' id='word_1_474' title='bbox 534 5212 652 5274; x_wconf 84' lang='grc' dir='ltr'>πῶς</span> <span class='ocrx_word' id='word_1_475' title='bbox 673 5211 928 5279; x_wconf 77' lang='grc' dir='ltr'>γνωρίζει</span> <span class='ocrx_word' id='word_1_476' title='bbox 953 5213 1049 5282; x_wconf 80' lang='grc' dir='ltr'>τὴν</span> <span class='ocrx_word' id='word_1_477' title='bbox 1087 5216 1351 5278; x_wconf 87' lang='grc' dir='ltr'>γυναῖκα;</span> <span class='ocrx_word' id='word_1_478' title='bbox 1382 5213 1497 5276; x_wconf 82' lang='grc' dir='ltr'>πῶς</span> <span class='ocrx_word' id='word_1_479' title='bbox 1523 5215 1851 5281; x_wconf 65' lang='grc' dir='ltr'>φυσιολογεῖ,</span> 
     </span>
    </p>
   </div>
   <div class='ocr_carea' id='block_1_59' title="bbox 278 5292 1856 5362">
    <p class='ocr_par' dir='ltr' id='par_1_59' title="bbox 278 5292 1856 5362">
     <span class='ocr_line' id='line_1_59' title="bbox 278 5292 1856 5362; baseline -0.004 -10"><span class='ocrx_word' id='word_1_480' title='bbox 278 5296 529 5351; x_wconf 84' lang='grc' dir='ltr'>Ὀστοῦν</span> <span class='ocrx_word' id='word_1_481' title='bbox 547 5295 614 5346; x_wconf 79' lang='grc' dir='ltr'>ἐκ</span> <span class='ocrx_word' id='word_1_482' title='bbox 644 5292 760 5345; x_wconf 86' lang='grc' dir='ltr'>τῶν</span> <span class='ocrx_word' id='word_1_483' title='bbox 789 5293 986 5345; x_wconf 83' lang='grc' dir='ltr'>ὀστῶν</span> <span class='ocrx_word' id='word_1_484' title='bbox 998 5311 1137 5362; x_wconf 84' lang='grc' dir='ltr'>μου,</span> <span class='ocrx_word' id='word_1_485' title='bbox 1169 5295 1263 5346; x_wconf 78' lang='grc' dir='ltr'>καὶ</span> <span class='ocrx_word' id='word_1_486' title='bbox 1290 5295 1445 5362; x_wconf 80' lang='grc' dir='ltr'>σὰρξ</span> <span class='ocrx_word' id='word_1_487' title='bbox 1469 5296 1535 5347; x_wconf 71' lang='grc' dir='ltr'>ἐκ</span> <span class='ocrx_word' id='word_1_488' title='bbox 1569 5297 1675 5362; x_wconf 76' lang='grc' dir='ltr'>τῆς</span> <span class='ocrx_word' id='word_1_489' title='bbox 1712 5314 1856 5362; x_wconf 76' lang='grc' dir='ltr'>σαρ-</span> 
     </span>
    </p>
   </div>
   <div class='ocr_carea' id='block_1_60' title="bbox 265 5376 1853 5450">
    <p class='ocr_par' dir='ltr' id='par_1_60' title="bbox 265 5376 1853 5450">
     <span class='ocr_line' id='line_1_60' title="bbox 265 5376 1853 5450; baseline -0.004 -15"><span class='ocrx_word' id='word_1_490' title='bbox 265 5385 373 5448; x_wconf 79' lang='grc' dir='ltr'>κός</span> <span class='ocrx_word' id='word_1_491' title='bbox 389 5398 510 5450; x_wconf 85' lang='grc' dir='ltr'>μου</span> <span class='ocrx_word' id='word_1_492' title='bbox 534 5396 552 5443; x_wconf 91' lang='grc'><em>;</em></span> <span class='ocrx_word' id='word_1_493' title='bbox 591 5377 704 5438; x_wconf 79' lang='grc' dir='ltr'>πῶς</span> <span class='ocrx_word' id='word_1_494' title='bbox 731 5376 786 5428; x_wconf 76' lang='grc' dir='ltr'>δὲ</span> <span class='ocrx_word' id='word_1_495' title='bbox 815 5378 908 5427; x_wconf 70' lang='grc' dir='ltr'>καὶ</span> <span class='ocrx_word' id='word_1_496' title='bbox 931 5379 1263 5446; x_wconf 78' lang='grc' dir='ltr'>προφητεύει</span> <span class='ocrx_word' id='word_1_497' title='bbox 1290 5379 1355 5430; x_wconf 91' lang='grc' dir='ltr'>τά</span> <span class='ocrx_word' id='word_1_498' title='bbox 1391 5378 1669 5446; x_wconf 80' lang='grc' dir='ltr'>μέλλοντα,</span> <span class='ocrx_word' id='word_1_499' title='bbox 1691 5380 1853 5444; x_wconf 77' lang='grc' dir='ltr'>Αὕτη</span> 
     </span>
    </p>
   </div>
   <div class='ocr_carea' id='block_1_61' title="bbox 268 5458 1855 5531">
    <p class='ocr_par' dir='ltr' id='par_1_61' title="bbox 268 5458 1855 5531">
     <span class='ocr_line' id='line_1_61' title="bbox 268 5458 1855 5531; baseline -0.004 -12"><span class='ocrx_word' id='word_1_500' title='bbox 268 5463 637 5531; x_wconf 75' lang='grc' dir='ltr'>κληθήσεται</span> <span class='ocrx_word' id='word_1_501' title='bbox 667 5458 841 5529; x_wconf 73' lang='grc' dir='ltr'>γυνὴ,</span> <span class='ocrx_word' id='word_1_502' title='bbox 877 5459 962 5510; x_wconf 84' lang='grc' dir='ltr'>ὅτι</span> <span class='ocrx_word' id='word_1_503' title='bbox 987 5461 1052 5510; x_wconf 80' lang='grc' dir='ltr'>ἐκ</span> <span class='ocrx_word' id='word_1_504' title='bbox 1085 5462 1192 5514; x_wconf 87' lang='grc' dir='ltr'>τοῦ</span> <span class='ocrx_word' id='word_1_505' title='bbox 1225 5461 1443 5529; x_wconf 79' lang='grc' dir='ltr'>ἀνδρὸς</span> <span class='ocrx_word' id='word_1_506' title='bbox 1482 5461 1672 5528; x_wconf 77' lang='grc' dir='ltr'>αὐτῆς</span> <span class='ocrx_word' id='word_1_507' title='bbox 1715 5462 1855 5526; x_wconf 70' lang='grc' dir='ltr'>ἐλύ-</span> 
     </span>
    </p>
   </div>
   <div class='ocr_carea' id='block_1_62' title="bbox 267 5543 1855 5617">
    <p class='ocr_par' dir='ltr' id='par_1_62' title="bbox 267 5543 1855 5617">
     <span class='ocr_line' id='line_1_62' title="bbox 267 5543 1855 5617; baseline -0.003 -16"><span class='ocrx_word' id='word_1_508' title='bbox 267 5551 407 5617; x_wconf 75' lang='grc' dir='ltr'>ςρθη.</span> <span class='ocrx_word' id='word_1_509' title='bbox 455 5545 601 5598; x_wconf 75' lang='grc' dir='ltr'>Ἀντί</span> <span class='ocrx_word' id='word_1_510' title='bbox 631 5543 843 5595; x_wconf 85' lang='grc' dir='ltr'>τούτου</span> <span class='ocrx_word' id='word_1_511' title='bbox 876 5544 1225 5609; x_wconf 65' lang='grc' dir='ltr'>καταλείψει</span> <span class='ocrx_word' id='word_1_512' title='bbox 1259 5543 1568 5611; x_wconf 82' lang='grc' dir='ltr'>ἅνθρωπος</span> <span class='ocrx_word' id='word_1_513' title='bbox 1605 5543 1711 5595; x_wconf 80' lang='grc' dir='ltr'>τὸν</span> <span class='ocrx_word' id='word_1_514' title='bbox 1744 5561 1855 5596; x_wconf 78' lang='grc' dir='ltr'>πα-</span> 
     </span>
    </p>
   </div>
   <div class='ocr_carea' id='block_1_63' title="bbox 329 5689 1854 5755">
    <p class='ocr_par' dir='ltr' id='par_1_63' title="bbox 329 5689 1854 5755">
     <span class='ocr_line' id='line_1_63' title="bbox 329 5689 1854 5755; baseline -0.001 -13"><span class='ocrx_word' id='word_1_515' title='bbox 329 5698 354 5724; x_wconf 70' lang='lat'>“</span> <span class='ocrx_word' id='word_1_516' title='bbox 383 5694 527 5742; x_wconf 72' lang='lat' dir='ltr'>Nola!</span> <span class='ocrx_word' id='word_1_517' title='bbox 570 5694 615 5755; x_wconf 83' lang='lat' dir='ltr'><strong>in</strong></span> <span class='ocrx_word' id='word_1_518' title='bbox 645 5705 794 5752; x_wconf 78' lang='lat' dir='ltr'>marg.</span> <span class='ocrx_word' id='word_1_519' title='bbox 824 5689 970 5738; x_wconf 76' lang='lat' dir='ltr'>Suvil.</span> <span class='ocrx_word' id='word_1_520' title='bbox 1007 5689 1270 5755; x_wconf 62' lang='grc' dir='ltr'>ιεεριιάιιιιη</span> <span class='ocrx_word' id='word_1_521' title='bbox 1298 5703 1429 5755; x_wconf 77' lang='lat' dir='ltr'><strong>esse,</strong></span> <span class='ocrx_word' id='word_1_522' title='bbox 1469 5694 1496 5746; x_wconf 82' lang='grc' dir='ltr'>ἢ</span> <span class='ocrx_word' id='word_1_523' title='bbox 1524 5693 1682 5753; x_wconf 77' lang='grc' dir='ltr'>χρείαν</span> <span class='ocrx_word' id='word_1_524' title='bbox 1705 5710 1854 5755; x_wconf 80' lang='grc' dir='ltr'>προσ·</span> 
     </span>
    </p>
   </div>
   <div class='ocr_carea' id='block_1_64' title="bbox 268 5751 1850 5813">
    <p class='ocr_par' dir='ltr' id='par_1_64' title="bbox 268 5751 1850 5813">
     <span class='ocr_line' id='line_1_64' title="bbox 268 5751 1850 5813; baseline -0.003 -7"><span class='ocrx_word' id='word_1_525' title='bbox 268 5757 491 5812; x_wconf 79' lang='grc' dir='ltr'>ποιεῖται,</span> <span class='ocrx_word' id='word_1_526' title='bbox 517 5756 544 5809; x_wconf 77' lang='grc' dir='ltr'>ἦ</span> <span class='ocrx_word' id='word_1_527' title='bbox 589 5751 797 5813; x_wconf 81' lang='grc' dir='ltr'>ἄγνοιαν,</span> <span class='ocrx_word' id='word_1_528' title='bbox 839 5765 980 5812; x_wconf 82' lang='lat' dir='ltr'>quam</span> <span class='ocrx_word' id='word_1_529' title='bbox 1009 5751 1288 5813; x_wconf 12' lang='lat' dir='ltr'>rlecliunem</span> <span class='ocrx_word' id='word_1_530' title='bbox 1331 5754 1379 5798; x_wconf 82' lang='lat' dir='ltr'>in</span> <span class='ocrx_word' id='word_1_531' title='bbox 1429 5751 1619 5800; x_wconf 74' lang='lat' dir='ltr'>lexium</span> <span class='ocrx_word' id='word_1_532' title='bbox 1661 5751 1850 5801; x_wconf 55' lang='lat' dir='ltr'>im’exit</span> 
     </span>
    </p>
   </div>
   <div class='ocr_carea' id='block_1_65' title="bbox 269 5812 1848 5878">
    <p class='ocr_par' dir='ltr' id='par_1_65' title="bbox 269 5812 1848 5878">
     <span class='ocr_line' id='line_1_65' title="bbox 269 5812 1848 5878; baseline 0 -13"><span class='ocrx_word' id='word_1_533' title='bbox 269 5817 527 5867; x_wconf 77' lang='lat' dir='ltr'>Combens.</span> <span class='ocrx_word' id='word_1_534' title='bbox 557 5812 655 5861; x_wconf 81' lang='lat' dir='ltr'>Nos</span> <span class='ocrx_word' id='word_1_535' title='bbox 679 5817 728 5878; x_wconf 76' lang='lat' dir='ltr'>in</span> <span class='ocrx_word' id='word_1_536' title='bbox 752 5815 932 5878; x_wconf 54' lang='grc' dir='ltr'>(πετριε</span> <span class='ocrx_word' id='word_1_537' title='bbox 955 5812 1072 5858; x_wconf 79' lang='lat' dir='ltr'><strong>nihil</strong></span> <span class='ocrx_word' id='word_1_538' title='bbox 1100 5817 1365 5878; x_wconf 66' lang='lat' dir='ltr'>mutantes,</span> <span class='ocrx_word' id='word_1_539' title='bbox 1393 5815 1526 5861; x_wconf 72' lang='lat' dir='ltr'>illam</span> <span class='ocrx_word' id='word_1_540' title='bbox 1557 5821 1718 5864; x_wconf 74' lang='lat' dir='ltr'>tamen</span> <span class='ocrx_word' id='word_1_541' title='bbox 1745 5816 1848 5865; x_wconf 82' lang='lat' dir='ltr'>lec-</span> 
     </span>
    </p>
   </div>
   <div class='ocr_carea' id='block_1_66' title="bbox 274 5874 1285 5934">
    <p class='ocr_par' dir='ltr' id='par_1_66' title="bbox 274 5874 1285 5934">
     <span class='ocr_line' id='line_1_66' title="bbox 274 5874 1285 5934; baseline -0.008 -6"><span class='ocrx_word' id='word_1_542' title='bbox 274 5888 456 5929; x_wconf 74' lang='lat' dir='ltr'>twncm</span> <span class='ocrx_word' id='word_1_543' title='bbox 479 5878 529 5926; x_wconf 87' lang='lat' dir='ltr'>in</span> <span class='ocrx_word' id='word_1_544' title='bbox 565 5877 796 5924; x_wconf 82' lang='lat' dir='ltr'>versione</span> <span class='ocrx_word' id='word_1_545' title='bbox 822 5874 993 5923; x_wconf 77' lang='lat' dir='ltr'>Latina</span> <span class='ocrx_word' id='word_1_546' title='bbox 1014 5874 1285 5934; x_wconf 76' lang='lat' dir='ltr'>sequimur.</span> 
     </span>
    </p>
   </div>
   <div class='ocr_carea' id='block_1_67' title="bbox 1291 423 2475 489">
    <p class='ocr_par' dir='ltr' id='par_1_67' title="bbox 1291 423 2475 489">
     <span class='ocr_line' id='line_1_67' title="bbox 1291 423 2475 489; baseline -0.013 0"><span class='ocrx_word' id='word_1_547' title='bbox 1291 434 1377 489; x_wconf 83' lang='lat' dir='ltr'>DE</span> <span class='ocrx_word' id='word_1_548' title='bbox 1416 430 1628 486; x_wconf 81' lang='lat' dir='ltr'><strong>MUNDI</strong></span> <span class='ocrx_word' id='word_1_549' title='bbox 1668 425 2064 484; x_wconf 72' lang='lat' dir='ltr'>CREA&#39;I&#39;IONE</span> <span class='ocrx_word' id='word_1_550' title='bbox 2098 423 2357 480; x_wconf 81' lang='lat' dir='ltr'>ORATIO</span> <span class='ocrx_word' id='word_1_551' title='bbox 2390 423 2475 476; x_wconf 72' lang='grc' dir='ltr'>γι.</span> 
     </span>
    </p>
   </div>
   <div class='ocr_carea' id='block_1_68' title="bbox 3383 409 3498 468">
    <p class='ocr_par' dir='ltr' id='par_1_68' title="bbox 3383 409 3498 468">
     <span class='ocr_line' id='line_1_68' title="bbox 3383 409 3498 468; baseline 0 -1"><span class='ocrx_word' id='word_1_552' title='bbox 3383 409 3498 468; x_wconf 83' lang='grc'>488</span> 
     </span>
    </p>
   </div>
   <div class='ocr_carea' id='block_1_69' title="bbox 1923 523 3513 612">
    <p class='ocr_par' dir='ltr' id='par_1_69' title="bbox 1923 523 3513 612">
     <span class='ocr_line' id='line_1_69' title="bbox 1923 523 3513 612; baseline -0.016 -12"><span class='ocrx_word' id='word_1_553' title='bbox 1923 545 2062 612; x_wconf 89' lang='grc' dir='ltr'>τέρα</span> <span class='ocrx_word' id='word_1_554' title='bbox 2082 541 2268 597; x_wconf 83' lang='grc' dir='ltr'>αὑτοῦ</span> <span class='ocrx_word' id='word_1_555' title='bbox 2292 542 2389 595; x_wconf 72' lang='grc' dir='ltr'>καὶ</span> <span class='ocrx_word' id='word_1_556' title='bbox 2419 539 2531 606; x_wconf 86' lang='grc' dir='ltr'>τὴν</span> <span class='ocrx_word' id='word_1_557' title='bbox 2552 536 2798 606; x_wconf 85' lang='grc' dir='ltr'>μητέρα,</span> <span class='ocrx_word' id='word_1_558' title='bbox 2834 531 2928 585; x_wconf 62' lang='grc' dir='ltr'>καὶ</span> <span class='ocrx_word' id='word_1_559' title='bbox 2952 530 3018 582; x_wconf 76' lang='grc' dir='ltr'>τὰ</span> <span class='ocrx_word' id='word_1_560' title='bbox 3045 527 3206 612; x_wconf 76' lang='grc' dir='ltr'>λοιπά</span> <span class='ocrx_word' id='word_1_561' title='bbox 3230 542 3245 588; x_wconf 86' lang='grc'><strong>;</strong></span> <span class='ocrx_word' id='word_1_562' title='bbox 3271 523 3513 612; x_wconf 61' lang='grc' dir='ltr'>τοσαῦτα</span> 
     </span>
    </p>
   </div>
   <div class='ocr_carea' id='block_1_70' title="bbox 1925 606 3510 692">
    <p class='ocr_par' dir='ltr' id='par_1_70' title="bbox 1925 606 3510 692">
     <span class='ocr_line' id='line_1_70' title="bbox 1925 606 3510 692; baseline -0.014 -12"><span class='ocrx_word' id='word_1_563' title='bbox 1925 606 2053 688; x_wconf 80' lang='grc' dir='ltr'>οἶδε,</span> <span class='ocrx_word' id='word_1_564' title='bbox 2089 627 2183 679; x_wconf 75' lang='grc' dir='ltr'>καὶ</span> <span class='ocrx_word' id='word_1_565' title='bbox 2213 626 2312 676; x_wconf 83' lang='grc' dir='ltr'>οὐκ</span> <span class='ocrx_word' id='word_1_566' title='bbox 2343 622 2456 692; x_wconf 77' lang='grc' dir='ltr'>ᾔδει</span> <span class='ocrx_word' id='word_1_567' title='bbox 2492 619 2554 672; x_wconf 85' lang='grc' dir='ltr'>τὸ</span> <span class='ocrx_word' id='word_1_568' title='bbox 2581 618 2778 681; x_wconf 88' lang='grc' dir='ltr'>καλόν;</span> <span class='ocrx_word' id='word_1_569' title='bbox 2832 615 2935 667; x_wconf 89' lang='grc' dir='ltr'>Τὸν</span> <span class='ocrx_word' id='word_1_570' title='bbox 2973 610 3114 692; x_wconf 80' lang='grc' dir='ltr'>Θεὸν</span> <span class='ocrx_word' id='word_1_571' title='bbox 3127 608 3241 680; x_wconf 73' lang='grc' dir='ltr'>ᾔδει</span> <span class='ocrx_word' id='word_1_572' title='bbox 3264 645 3281 671; x_wconf 86' lang='grc'>,</span> <span class='ocrx_word' id='word_1_573' title='bbox 3317 606 3510 692; x_wconf 44' lang='grc' dir='ltr'>τά-τοῦ</span> 
     </span>
    </p>
   </div>
   <div class='ocr_carea' id='block_1_71' title="bbox 1925 689 3506 778">
    <p class='ocr_par' dir='ltr' id='par_1_71' title="bbox 1925 689 3506 778">
     <span class='ocr_line' id='line_1_71' title="bbox 1925 689 3506 778; baseline -0.015 -15"><span class='ocrx_word' id='word_1_574' title='bbox 1925 708 2062 764; x_wconf 90' lang='grc' dir='ltr'>Θεοῦ</span> <span class='ocrx_word' id='word_1_575' title='bbox 2096 710 2304 778; x_wconf 85' lang='grc' dir='ltr'>ἐτήρει,</span> <span class='ocrx_word' id='word_1_576' title='bbox 2329 689 2528 773; x_wconf 80' lang='grc' dir='ltr'>γνῶσιν</span> <span class='ocrx_word' id='word_1_577' title='bbox 2557 696 2718 770; x_wconf 71' lang='grc' dir='ltr'>εἶχεν,</span> <span class='ocrx_word' id='word_1_578' title='bbox 2739 691 3232 778; x_wconf 54' lang='grc' dir='ltr'>ὀνόματα-ἐπέθηκε</span> <span class='ocrx_word' id='word_1_579' title='bbox 3251 689 3506 778; x_wconf 69' lang='grc' dir='ltr'>τοσαῦτα·</span> 
     </span>
    </p>
   </div>
   <div class='ocr_carea' id='block_1_72' title="bbox 1932 770 3512 857">
    <p class='ocr_par' dir='ltr' id='par_1_72' title="bbox 1932 770 3512 857">
     <span class='ocr_line' id='line_1_72' title="bbox 1932 770 3512 857; baseline -0.013 -13"><span class='ocrx_word' id='word_1_580' title='bbox 1932 791 2050 852; x_wconf 81' lang='grc' dir='ltr'>πῶς</span> <span class='ocrx_word' id='word_1_581' title='bbox 2077 770 2319 857; x_wconf 43' lang='grc' dir='ltr'>οὑκ-εἷχε</span> <span class='ocrx_word' id='word_1_582' title='bbox 2342 770 2552 854; x_wconf 67' lang='grc' dir='ltr'>⁷γνῶσιν</span> <span class='ocrx_word' id='word_1_583' title='bbox 2587 781 2791 846; x_wconf 88' lang='grc' dir='ltr'>καλοῦ;</span> <span class='ocrx_word' id='word_1_584' title='bbox 2833 779 2898 832; x_wconf 82' lang='grc' dir='ltr'>Τί</span> <span class='ocrx_word' id='word_1_585' title='bbox 2947 772 3038 830; x_wconf 77' lang='grc' dir='ltr'>οῦν</span> <span class='ocrx_word' id='word_1_586' title='bbox 3073 777 3254 839; x_wconf 86' lang='grc' dir='ltr'>ἐστιν;</span> <span class='ocrx_word' id='word_1_587' title='bbox 3296 773 3369 826; x_wconf 88' lang='lat' dir='ltr'>O6</span> <span class='ocrx_word' id='word_1_588' title='bbox 3413 770 3512 842; x_wconf 81' lang='grc' dir='ltr'>τὴν</span> 
     </span>
    </p>
   </div>
   <div class='ocr_carea' id='block_1_73' title="bbox 1927 850 3512 943">
    <p class='ocr_par' dir='ltr' id='par_1_73' title="bbox 1927 850 3512 943">
     <span class='ocr_line' id='line_1_73' title="bbox 1927 850 3512 943; baseline -0.013 -17"><span class='ocrx_word' id='word_1_589' title='bbox 1927 850 2127 943; x_wconf 70' lang='grc' dir='ltr'>γνῶσιν</span> <span class='ocrx_word' id='word_1_590' title='bbox 2155 850 2411 924; x_wconf 39' lang='grc' dir='ltr'>κωλύει-ό</span> <span class='ocrx_word' id='word_1_591' title='bbox 2444 867 2574 930; x_wconf 88' lang='grc' dir='ltr'>Θεὸς</span> <span class='ocrx_word' id='word_1_592' title='bbox 2600 864 2694 918; x_wconf 89' lang='grc' dir='ltr'>τοῦ</span> <span class='ocrx_word' id='word_1_593' title='bbox 2721 862 2917 943; x_wconf 78' lang='grc' dir='ltr'>καλοῦ,</span> <span class='ocrx_word' id='word_1_594' title='bbox 2935 858 3071 914; x_wconf 92' lang='grc' dir='ltr'>ἀλλά</span> <span class='ocrx_word' id='word_1_595' title='bbox 3101 857 3243 943; x_wconf 65' lang='grc' dir='ltr'>θέλει</span> <span class='ocrx_word' id='word_1_596' title='bbox 3271 857 3345 943; x_wconf 76' lang='grc' dir='ltr'>μὴ</span> <span class='ocrx_word' id='word_1_597' title='bbox 3373 850 3512 943; x_wconf 57' lang='grc' dir='ltr'>εῖναι</span> 
     </span>
    </p>
   </div>
   <div class='ocr_carea' id='block_1_74' title="bbox 1932 937 3513 1026">
    <p class='ocr_par' dir='ltr' id='par_1_74' title="bbox 1932 937 3513 1026">
     <span class='ocr_line' id='line_1_74' title="bbox 1932 937 3513 1026; baseline -0.012 -18"><span class='ocrx_word' id='word_1_598' title='bbox 1932 937 2070 1026; x_wconf 79' lang='grc' dir='ltr'>μετὰ</span> <span class='ocrx_word' id='word_1_599' title='bbox 2099 953 2191 1007; x_wconf 94' lang='grc' dir='ltr'>τοῦ</span> <span class='ocrx_word' id='word_1_600' title='bbox 2223 950 2428 1021; x_wconf 81' lang='grc' dir='ltr'>ἀγαθοῦ</span> <span class='ocrx_word' id='word_1_601' title='bbox 2463 951 2562 1019; x_wconf 84' lang='grc' dir='ltr'>τὴν</span> <span class='ocrx_word' id='word_1_602' title='bbox 2595 948 2792 1017; x_wconf 84' lang='grc' dir='ltr'>γνῶσιν</span> <span class='ocrx_word' id='word_1_603' title='bbox 2839 941 2933 996; x_wconf 90' lang='grc' dir='ltr'>τοῦ</span> <span class='ocrx_word' id='word_1_604' title='bbox 2988 938 3337 1026; x_wconf 33' lang='grc' dir='ltr'>κακοῦηΛύω</span> <span class='ocrx_word' id='word_1_605' title='bbox 3364 937 3425 1026; x_wconf 64' lang='grc' dir='ltr'>δὲ</span> <span class='ocrx_word' id='word_1_606' title='bbox 3453 937 3513 1026; x_wconf 69' lang='grc' dir='ltr'>τὸ</span> 
     </span>
    </p>
   </div>
   <div class='ocr_carea' id='block_1_75' title="bbox 1932 1019 3516 1106">
    <p class='ocr_par' dir='ltr' id='par_1_75' title="bbox 1932 1019 3516 1106">
     <span class='ocr_line' id='line_1_75' title="bbox 1932 1019 3516 1106; baseline -0.013 -16"><span class='ocrx_word' id='word_1_607' title='bbox 1932 1019 2170 1106; x_wconf 75' lang='grc' dir='ltr'>σόφισμα</span> <span class='ocrx_word' id='word_1_608' title='bbox 2206 1019 2304 1104; x_wconf 79' lang='grc' dir='ltr'>τῆς</span> <span class='ocrx_word' id='word_1_609' title='bbox 2338 1032 2590 1094; x_wconf 88' lang='grc' dir='ltr'>ἀσεϐείας</span> <span class='ocrx_word' id='word_1_610' title='bbox 2621 1030 2726 1084; x_wconf 85' lang='grc' dir='ltr'>ἀπὸ</span> <span class='ocrx_word' id='word_1_611' title='bbox 2756 1027 2864 1080; x_wconf 85' lang='grc' dir='ltr'>τῶν</span> <span class='ocrx_word' id='word_1_612' title='bbox 2897 1023 3150 1096; x_wconf 85' lang='grc' dir='ltr'>Γραφῶν.</span> <span class='ocrx_word' id='word_1_613' title='bbox 3175 1021 3334 1090; x_wconf 83' lang='grc' dir='ltr'>Λέγει</span> <span class='ocrx_word' id='word_1_614' title='bbox 3364 1019 3516 1072; x_wconf 87' lang='grc' dir='ltr'>Παῦ-</span> 
     </span>
    </p>
   </div>
   <div class='ocr_carea' id='block_1_76' title="bbox 1929 1106 3514 1186">
    <p class='ocr_par' dir='ltr' id='par_1_76' title="bbox 1929 1106 3514 1186">
     <span class='ocr_line' id='line_1_76' title="bbox 1929 1106 3514 1186; baseline -0.012 -13"><span class='ocrx_word' id='word_1_615' title='bbox 1929 1122 2020 1186; x_wconf 87' lang='grc' dir='ltr'>λος</span> <span class='ocrx_word' id='word_1_616' title='bbox 2042 1140 2054 1152; x_wconf 88' lang='grc'><strong>·</strong></span> <span class='ocrx_word' id='word_1_617' title='bbox 2082 1124 2165 1175; x_wconf 86' lang='grc' dir='ltr'><em>Οὺ</em></span> <span class='ocrx_word' id='word_1_618' title='bbox 2197 1121 2463 1174; x_wconf 80' lang='grc' dir='ltr'>δύνασθε</span> <span class='ocrx_word' id='word_1_619' title='bbox 2492 1114 2777 1183; x_wconf 84' lang='grc' dir='ltr'>ποτήριον</span> <span class='ocrx_word' id='word_1_620' title='bbox 2805 1110 3028 1179; x_wconf 81' lang='grc' dir='ltr'>Κυρίου</span> <span class='ocrx_word' id='word_1_621' title='bbox 3055 1106 3231 1167; x_wconf 83' lang='grc' dir='ltr'>πιεῖν,</span> <span class='ocrx_word' id='word_1_622' title='bbox 3278 1106 3374 1158; x_wconf 82' lang='grc' dir='ltr'>καὶ</span> <span class='ocrx_word' id='word_1_623' title='bbox 3411 1116 3514 1156; x_wconf 86' lang='grc' dir='ltr'>πο-</span> 
     </span>
    </p>
   </div>
   <div class='ocr_carea' id='block_1_77' title="bbox 1935 1188 3515 1272">
    <p class='ocr_par' dir='ltr' id='par_1_77' title="bbox 1935 1188 3515 1272">
     <span class='ocr_line' id='line_1_77' title="bbox 1935 1188 3515 1272; baseline -0.013 -14"><span class='ocrx_word' id='word_1_624' title='bbox 1935 1203 2137 1272; x_wconf 84' lang='grc' dir='ltr'>τήριον</span> <span class='ocrx_word' id='word_1_625' title='bbox 2164 1203 2504 1271; x_wconf 77' lang='grc' dir='ltr'>δαιμονίων.</span> <span class='ocrx_word' id='word_1_626' title='bbox 2539 1201 2610 1251; x_wconf 85' lang='lat'>0&#39;6</span> <span class='ocrx_word' id='word_1_627' title='bbox 2641 1197 2708 1250; x_wconf 85' lang='grc' dir='ltr'>τά</span> <span class='ocrx_word' id='word_1_628' title='bbox 2737 1195 2828 1248; x_wconf 89' lang='grc' dir='ltr'>δύο</span> <span class='ocrx_word' id='word_1_629' title='bbox 2851 1192 3141 1254; x_wconf 80' lang='grc' dir='ltr'>ἐκώλυσεν,</span> <span class='ocrx_word' id='word_1_630' title='bbox 3172 1189 3286 1272; x_wconf 46' lang='grc' dir='ltr'>ἀλλξ</span> <span class='ocrx_word' id='word_1_631' title='bbox 3318 1188 3515 1272; x_wconf 79' lang='grc' dir='ltr'>ήγίασε</span> 
     </span>
    </p>
   </div>
   <div class='ocr_carea' id='block_1_78' title="bbox 1935 1271 3512 1357">
    <p class='ocr_par' dir='ltr' id='par_1_78' title="bbox 1935 1271 3512 1357">
     <span class='ocr_line' id='line_1_78' title="bbox 1935 1271 3512 1357; baseline -0.013 -16"><span class='ocrx_word' id='word_1_632' title='bbox 1935 1271 2034 1357; x_wconf 75' lang='grc' dir='ltr'>μὲν</span> <span class='ocrx_word' id='word_1_633' title='bbox 2081 1287 2142 1340; x_wconf 88' lang='grc' dir='ltr'>τὸ</span> <span class='ocrx_word' id='word_1_634' title='bbox 2171 1286 2347 1354; x_wconf 77' lang='grc' dir='ltr'>ἅγιον,</span> <span class='ocrx_word' id='word_1_635' title='bbox 2380 1282 2650 1354; x_wconf 70' lang='grc' dir='ltr'>ἀπέρριψε</span> <span class='ocrx_word' id='word_1_636' title='bbox 2701 1280 2756 1332; x_wconf 81' lang='grc' dir='ltr'>δὲ</span> <span class='ocrx_word' id='word_1_637' title='bbox 2797 1278 2857 1331; x_wconf 92' lang='grc' dir='ltr'>τὸ</span> <span class='ocrx_word' id='word_1_638' title='bbox 2886 1274 3214 1357; x_wconf 13' lang='grc' dir='ltr'>ἐναγέςγκαὶ</span> <span class='ocrx_word' id='word_1_639' title='bbox 3269 1271 3512 1357; x_wconf 76' lang='grc' dir='ltr'>βέϐηλον.</span> 
     </span>
    </p>
   </div>
   <div class='ocr_carea' id='block_1_79' title="bbox 1934 1353 3516 1436">
    <p class='ocr_par' dir='ltr' id='par_1_79' title="bbox 1934 1353 3516 1436">
     <span class='ocr_line' id='line_1_79' title="bbox 1934 1353 3516 1436; baseline -0.01 -13"><span class='ocrx_word' id='word_1_640' title='bbox 1934 1353 2089 1424; x_wconf 65' lang='grc' dir='ltr'>Θῦτω</span> <span class='ocrx_word' id='word_1_641' title='bbox 2111 1370 2202 1422; x_wconf 72' lang='grc' dir='ltr'>καὶ</span> <span class='ocrx_word' id='word_1_642' title='bbox 2224 1353 2258 1420; x_wconf 4' lang='grc' dir='ltr'><strong>ῦὸ</strong></span> <span class='ocrx_word' id='word_1_643' title='bbox 2276 1353 2500 1436; x_wconf 62' lang='grc' dir='ltr'>Σωτήρέ</span> <span class='ocrx_word' id='word_1_644' title='bbox 2532 1353 2614 1417; x_wconf 85' lang='grc' dir='ltr'>Οὐ</span> <span class='ocrx_word' id='word_1_645' title='bbox 2637 1363 2902 1416; x_wconf 83' lang='grc' dir='ltr'>δύνασθε</span> <span class='ocrx_word' id='word_1_646' title='bbox 2931 1357 3053 1423; x_wconf 84' lang='grc' dir='ltr'>Θεῷ</span> <span class='ocrx_word' id='word_1_647' title='bbox 3081 1356 3392 1410; x_wconf 65' lang='grc' dir='ltr'>δουλεύειν</span> <span class='ocrx_word' id='word_1_648' title='bbox 3417 1353 3516 1407; x_wconf 74' lang='grc' dir='ltr'>καὶ</span> 
     </span>
    </p>
   </div>
   <div class='ocr_carea' id='block_1_80' title="bbox 1928 1436 3522 1524">
    <p class='ocr_par' dir='ltr' id='par_1_80' title="bbox 1928 1436 3522 1524">
     <span class='ocr_line' id='line_1_80' title="bbox 1928 1436 3522 1524; baseline -0.013 -17"><span class='ocrx_word' id='word_1_649' title='bbox 1928 1452 2211 1524; x_wconf 80' lang='grc' dir='ltr'>μαμωνᾷ·</span> <span class='ocrx_word' id='word_1_650' title='bbox 2261 1451 2403 1504; x_wconf 86' lang='grc' dir='ltr'>κατὰ</span> <span class='ocrx_word' id='word_1_651' title='bbox 2441 1451 2502 1502; x_wconf 87' lang='grc' dir='ltr'>τὸ</span> <span class='ocrx_word' id='word_1_652' title='bbox 2533 1447 2663 1503; x_wconf 86' lang='lat'><strong>0616</strong></span> <span class='ocrx_word' id='word_1_653' title='bbox 2693 1448 2788 1500; x_wconf 68' lang='grc' dir='ltr'>καὶ</span> <span class='ocrx_word' id='word_1_654' title='bbox 2823 1443 2942 1513; x_wconf 87' lang='grc' dir='ltr'>Θεῷ</span> <span class='ocrx_word' id='word_1_655' title='bbox 2964 1441 3230 1524; x_wconf 82' lang='grc' dir='ltr'>δουλεύειν</span> <span class='ocrx_word' id='word_1_656' title='bbox 3265 1439 3358 1492; x_wconf 74' lang='grc' dir='ltr'>καὶ</span> <span class='ocrx_word' id='word_1_657' title='bbox 3398 1436 3522 1524; x_wconf 75' lang='grc' dir='ltr'>δαί-</span> 
     </span>
    </p>
   </div>
   <div class='ocr_carea' id='block_1_81' title="bbox 1939 1521 3520 1609">
    <p class='ocr_par' dir='ltr' id='par_1_81' title="bbox 1939 1521 3520 1609">
     <span class='ocr_line' id='line_1_81' title="bbox 1939 1521 3520 1609; baseline -0.013 -17"><span class='ocrx_word' id='word_1_658' title='bbox 1939 1521 2059 1609; x_wconf 87' lang='grc' dir='ltr'>μονι</span> <span class='ocrx_word' id='word_1_659' title='bbox 2092 1537 2370 1590; x_wconf 85' lang='grc' dir='ltr'>ἀδύνατον.</span> <span class='ocrx_word' id='word_1_660' title='bbox 2403 1534 2589 1595; x_wconf 85' lang='grc' dir='ltr'>Οῦτως</span> <span class='ocrx_word' id='word_1_661' title='bbox 2610 1535 2637 1585; x_wconf 90' lang='lat'>6</span> <span class='ocrx_word' id='word_1_662' title='bbox 2675 1530 2806 1592; x_wconf 88' lang='grc' dir='ltr'>Θεὸς</span> <span class='ocrx_word' id='word_1_663' title='bbox 2840 1526 3081 1609; x_wconf 84' lang='grc' dir='ltr'>ἐκώλυσε</span> <span class='ocrx_word' id='word_1_664' title='bbox 3113 1521 3520 1609; x_wconf 47' lang='grc' dir='ltr'>λαϐεῖν-γνῷσιν</span> 
     </span>
    </p>
   </div>
   <div class='ocr_carea' id='block_1_82' title="bbox 1933 1604 3521 1688">
    <p class='ocr_par' dir='ltr' id='par_1_82' title="bbox 1933 1604 3521 1688">
     <span class='ocr_line' id='line_1_82' title="bbox 1933 1604 3521 1688; baseline -0.011 -15"><span class='ocrx_word' id='word_1_665' title='bbox 1933 1604 2028 1673; x_wconf 76' lang='grc' dir='ltr'>τοῦ</span> <span class='ocrx_word' id='word_1_666' title='bbox 2057 1618 2316 1688; x_wconf 86' lang='grc' dir='ltr'>πονηροῦ,</span> <span class='ocrx_word' id='word_1_667' title='bbox 2347 1618 2432 1670; x_wconf 83' lang='grc' dir='ltr'>ἵνα</span> <span class='ocrx_word' id='word_1_668' title='bbox 2460 1615 2533 1686; x_wconf 82' lang='grc' dir='ltr'>μὴ</span> <span class='ocrx_word' id='word_1_669' title='bbox 2562 1614 2787 1685; x_wconf 81' lang='grc' dir='ltr'>μιγῆται</span> <span class='ocrx_word' id='word_1_670' title='bbox 2820 1610 2958 1682; x_wconf 87' lang='grc' dir='ltr'>μετά</span> <span class='ocrx_word' id='word_1_671' title='bbox 2986 1608 3078 1664; x_wconf 90' lang='grc' dir='ltr'>τοῦ</span> <span class='ocrx_word' id='word_1_672' title='bbox 3108 1605 3314 1675; x_wconf 84' lang='grc' dir='ltr'>ἀγαθοῦ</span> <span class='ocrx_word' id='word_1_673' title='bbox 3356 1605 3449 1657; x_wconf 77' lang='grc' dir='ltr'>καὶ</span> <span class='ocrx_word' id='word_1_674' title='bbox 3487 1604 3521 1674; x_wconf 84' lang='grc' dir='ltr'>ή</span> 
     </span>
    </p>
   </div>
   <div class='ocr_carea' id='block_1_83' title="bbox 1937 1699 2479 1772">
    <p class='ocr_par' dir='ltr' id='par_1_83' title="bbox 1937 1699 2479 1772">
     <span class='ocr_line' id='line_1_83' title="bbox 1937 1699 2479 1772; baseline -0.013 -15"><span class='ocrx_word' id='word_1_675' title='bbox 1937 1703 2138 1772; x_wconf 83' lang='grc' dir='ltr'>γνῶσις</span> <span class='ocrx_word' id='word_1_676' title='bbox 2169 1701 2260 1754; x_wconf 86' lang='grc' dir='ltr'>τοῦ</span> <span class='ocrx_word' id='word_1_677' title='bbox 2288 1699 2479 1753; x_wconf 86' lang='grc' dir='ltr'>κακοῦ.</span> 
     </span>
    </p>
   </div>
   <div class='ocr_carea' id='block_1_84' title="bbox 2007 1795 3524 1874">
    <p class='ocr_par' dir='ltr' id='par_1_84' title="bbox 2007 1795 3524 1874">
     <span class='ocr_line' id='line_1_84' title="bbox 2007 1795 3524 1874; baseline -0.011 -13"><span class='ocrx_word' id='word_1_678' title='bbox 2007 1809 2071 1861; x_wconf 85' lang='grc' dir='ltr'>δ’.</span> <span class='ocrx_word' id='word_1_679' title='bbox 2086 1808 2284 1860; x_wconf 85' lang='grc' dir='ltr'>Λοιπὸν</span> <span class='ocrx_word' id='word_1_680' title='bbox 2303 1805 2534 1860; x_wconf 83' lang='grc' dir='ltr'>ἐνταῦθα</span> <span class='ocrx_word' id='word_1_681' title='bbox 2550 1803 2923 1874; x_wconf 86' lang='grc' dir='ltr'>προσέχωμεν.</span> <span class='ocrx_word' id='word_1_682' title='bbox 2949 1799 3045 1852; x_wconf 85' lang='grc' dir='ltr'>Διά</span> <span class='ocrx_word' id='word_1_683' title='bbox 3067 1799 3117 1850; x_wconf 88' lang='grc' dir='ltr'>τί</span> <span class='ocrx_word' id='word_1_684' title='bbox 3138 1797 3192 1850; x_wconf 81' lang='grc' dir='ltr'>δὲ</span> <span class='ocrx_word' id='word_1_685' title='bbox 3213 1796 3348 1860; x_wconf 81' lang='grc' dir='ltr'>ὅλως</span> <span class='ocrx_word' id='word_1_686' title='bbox 3365 1795 3524 1874; x_wconf 79' lang='grc' dir='ltr'>ἐκλή-</span> 
     </span>
    </p>
   </div>
   <div class='ocr_carea' id='block_1_85' title="bbox 1937 1872 3523 1961">
    <p class='ocr_par' dir='ltr' id='par_1_85' title="bbox 1937 1872 3523 1961">
     <span class='ocr_line' id='line_1_85' title="bbox 1937 1872 3523 1961; baseline -0.009 -18"><span class='ocrx_word' id='word_1_687' title='bbox 1937 1891 2004 1961; x_wconf 89' lang='grc' dir='ltr'>θη</span> <span class='ocrx_word' id='word_1_688' title='bbox 2023 1891 2178 1957; x_wconf 82' lang='grc' dir='ltr'>ξύλον</span> <span class='ocrx_word' id='word_1_689' title='bbox 2191 1889 2430 1957; x_wconf 89' lang='grc' dir='ltr'>γνωστὸν</span> <span class='ocrx_word' id='word_1_690' title='bbox 2453 1872 2618 1940; x_wconf 84' lang='grc' dir='ltr'>καλοῦ</span> <span class='ocrx_word' id='word_1_691' title='bbox 2639 1889 2729 1939; x_wconf 75' lang='grc' dir='ltr'>καὶ</span> <span class='ocrx_word' id='word_1_692' title='bbox 2751 1882 2986 1954; x_wconf 83' lang='grc' dir='ltr'>πονηροῦ</span> <span class='ocrx_word' id='word_1_693' title='bbox 3006 1900 3018 1946; x_wconf 86' lang='grc'>;</span> <span class='ocrx_word' id='word_1_694' title='bbox 3037 1880 3116 1936; x_wconf 88' lang='lat' dir='ltr'><strong>O6</strong></span> <span class='ocrx_word' id='word_1_695' title='bbox 3137 1879 3389 1947; x_wconf 89' lang='grc' dir='ltr'>τοιαύτην</span> <span class='ocrx_word' id='word_1_696' title='bbox 3409 1872 3523 1945; x_wconf 74' lang='grc' dir='ltr'>εἶχε</span> 
     </span>
    </p>
   </div>
   <div class='ocr_carea' id='block_1_86' title="bbox 1939 1963 3524 2042">
    <p class='ocr_par' dir='ltr' id='par_1_86' title="bbox 1939 1963 3524 2042">
     <span class='ocr_line' id='line_1_86' title="bbox 1939 1963 3524 2042; baseline -0.009 -15"><span class='ocrx_word' id='word_1_697' title='bbox 1939 1975 2120 2042; x_wconf 88' lang='grc' dir='ltr'>φύσιν,</span> <span class='ocrx_word' id='word_1_698' title='bbox 2154 1972 2291 2026; x_wconf 88' lang='grc' dir='ltr'>ἀλλά</span> <span class='ocrx_word' id='word_1_699' title='bbox 2319 1973 2574 2040; x_wconf 88' lang='grc' dir='ltr'>τοιαύτην</span> <span class='ocrx_word' id='word_1_700' title='bbox 2634 1971 2865 2039; x_wconf 72' lang='grc' dir='ltr'>ἤνεγκεν</span> <span class='ocrx_word' id='word_1_701' title='bbox 2905 1966 3182 2027; x_wconf 82' lang='grc' dir='ltr'>ὑπόθεσιν,</span> <span class='ocrx_word' id='word_1_702' title='bbox 3223 1964 3282 2017; x_wconf 89' lang='grc' dir='ltr'>τὸ</span> <span class='ocrx_word' id='word_1_703' title='bbox 3330 1963 3524 2031; x_wconf 88' lang='grc' dir='ltr'>ίδίωμα</span> 
     </span>
    </p>
   </div>
   <div class='ocr_carea' id='block_1_87' title="bbox 1938 2046 3526 2125">
    <p class='ocr_par' dir='ltr' id='par_1_87' title="bbox 1938 2046 3526 2125">
     <span class='ocr_line' id='line_1_87' title="bbox 1938 2046 3526 2125; baseline -0.006 -16"><span class='ocrx_word' id='word_1_704' title='bbox 1938 2057 2044 2109; x_wconf 82' lang='grc' dir='ltr'>τῶν</span> <span class='ocrx_word' id='word_1_705' title='bbox 2073 2055 2302 2125; x_wconf 84' lang='grc' dir='ltr'>Γραφῶν</span> <span class='ocrx_word' id='word_1_706' title='bbox 2325 2055 2483 2122; x_wconf 85' lang='grc' dir='ltr'>λέγω.</span> <span class='ocrx_word' id='word_1_707' title='bbox 2507 2049 2632 2106; x_wconf 77' lang='grc' dir='ltr'>Οἶόν</span> <span class='ocrx_word' id='word_1_708' title='bbox 2653 2070 2705 2105; x_wconf 89' lang='grc' dir='ltr'>τι</span> <span class='ocrx_word' id='word_1_709' title='bbox 2730 2053 2873 2120; x_wconf 89' lang='grc' dir='ltr'>λέγω</span> <span class='ocrx_word' id='word_1_710' title='bbox 2896 2068 2906 2080; x_wconf 91' lang='grc'>·</span> <span class='ocrx_word' id='word_1_711' title='bbox 2932 2049 3134 2119; x_wconf 81' lang='grc' dir='ltr'>ἐκλήθη</span> <span class='ocrx_word' id='word_1_712' title='bbox 3159 2050 3215 2101; x_wconf 88' lang='grc' dir='ltr'>ἐν</span> <span class='ocrx_word' id='word_1_713' title='bbox 3243 2049 3309 2118; x_wconf 77' lang='grc' dir='ltr'>τῇ</span> <span class='ocrx_word' id='word_1_714' title='bbox 3333 2046 3526 2115; x_wconf 82' lang='grc' dir='ltr'>ἐρήμῳ</span> 
     </span>
    </p>
   </div>
   <div class='ocr_carea' id='block_1_88' title="bbox 1942 2129 3526 2211">
    <p class='ocr_par' dir='ltr' id='par_1_88' title="bbox 1942 2129 3526 2211">
     <span class='ocr_line' id='line_1_88' title="bbox 1942 2129 3526 2211; baseline -0.007 -17"><span class='ocrx_word' id='word_1_715' title='bbox 1942 2141 2041 2211; x_wconf 90' lang='grc' dir='ltr'>μία</span> <span class='ocrx_word' id='word_1_716' title='bbox 2083 2139 2232 2211; x_wconf 79' lang='grc' dir='ltr'>πηγὴ</span> <span class='ocrx_word' id='word_1_717' title='bbox 2271 2139 2462 2202; x_wconf 76' lang='grc' dir='ltr'>ὓδατος</span> <span class='ocrx_word' id='word_1_718' title='bbox 2493 2138 2638 2207; x_wconf 74' lang='grc' dir='ltr'>ὕδωρ</span> <span class='ocrx_word' id='word_1_719' title='bbox 2668 2136 2973 2204; x_wconf 81' lang='grc' dir='ltr'>ἀντιλογίας</span> <span class='ocrx_word' id='word_1_720' title='bbox 2997 2152 3012 2166; x_wconf 71' lang='grc' dir='ltr'><strong>ο</strong></span> <span class='ocrx_word' id='word_1_721' title='bbox 3067 2129 3526 2211; x_wconf 14' lang='grc' dir='ltr'>Ἑδοκίμασὰῖσε</span> 
     </span>
    </p>
   </div>
   <div class='ocr_carea' id='block_1_89' title="bbox 1938 2210 3524 2292">
    <p class='ocr_par' dir='ltr' id='par_1_89' title="bbox 1938 2210 3524 2292">
     <span class='ocr_line' id='line_1_89' title="bbox 1938 2210 3524 2292; baseline -0.008 -13"><span class='ocrx_word' id='word_1_722' title='bbox 1938 2210 2038 2279; x_wconf 77' lang='grc' dir='ltr'>ἐπὶ</span> <span class='ocrx_word' id='word_1_723' title='bbox 2060 2210 2278 2290; x_wconf 82' lang='grc' dir='ltr'>ὕδατος</span> <span class='ocrx_word' id='word_1_724' title='bbox 2297 2224 2666 2291; x_wconf 76' lang='grc' dir='ltr'>ἀντιλογίας.</span> <span class='ocrx_word' id='word_1_725' title='bbox 2694 2217 2840 2292; x_wconf 78' lang='grc' dir='ltr'>Ἀρα</span> <span class='ocrx_word' id='word_1_726' title='bbox 2865 2220 2924 2272; x_wconf 92' lang='grc' dir='ltr'>τὸ</span> <span class='ocrx_word' id='word_1_727' title='bbox 2952 2219 3097 2290; x_wconf 74' lang='grc' dir='ltr'>ὕδωρ</span> <span class='ocrx_word' id='word_1_728' title='bbox 3125 2215 3378 2285; x_wconf 82' lang='grc' dir='ltr'>τοιαύτην</span> <span class='ocrx_word' id='word_1_729' title='bbox 3411 2210 3524 2288; x_wconf 73' lang='grc' dir='ltr'>εἶχε</span> 
     </span>
    </p>
   </div>
   <div class='ocr_carea' id='block_1_90' title="bbox 1940 2294 3526 2376">
    <p class='ocr_par' dir='ltr' id='par_1_90' title="bbox 1940 2294 3526 2376">
     <span class='ocr_line' id='line_1_90' title="bbox 1940 2294 3526 2376; baseline -0.005 -16"><span class='ocrx_word' id='word_1_730' title='bbox 1940 2310 2120 2376; x_wconf 87' lang='grc' dir='ltr'>φύσιν,</span> <span class='ocrx_word' id='word_1_731' title='bbox 2151 2308 2224 2371; x_wconf 85' lang='grc' dir='ltr'>ὼς</span> <span class='ocrx_word' id='word_1_732' title='bbox 2253 2310 2333 2370; x_wconf 80' lang='grc' dir='ltr'>εἰς</span> <span class='ocrx_word' id='word_1_733' title='bbox 2358 2306 2666 2374; x_wconf 84' lang='grc' dir='ltr'>ἀντιλογίαν</span> <span class='ocrx_word' id='word_1_734' title='bbox 2699 2306 2883 2376; x_wconf 84' lang='grc' dir='ltr'>φέρειν</span> <span class='ocrx_word' id='word_1_735' title='bbox 2922 2304 3011 2356; x_wconf 81' lang='grc' dir='ltr'>τὸν</span> <span class='ocrx_word' id='word_1_736' title='bbox 3041 2302 3205 2364; x_wconf 90' lang='grc' dir='ltr'>λαόν;</span> <span class='ocrx_word' id='word_1_737' title='bbox 3244 2299 3331 2352; x_wconf 78' lang='grc' dir='ltr'>διὰ</span> <span class='ocrx_word' id='word_1_738' title='bbox 3356 2298 3406 2351; x_wconf 90' lang='grc' dir='ltr'>τί</span> <span class='ocrx_word' id='word_1_739' title='bbox 3434 2294 3526 2352; x_wconf 76' lang='grc' dir='ltr'>οὖν</span> 
     </span>
    </p>
   </div>
   <div class='ocr_carea' id='block_1_91' title="bbox 1941 2378 3527 2460">
    <p class='ocr_par' dir='ltr' id='par_1_91' title="bbox 1941 2378 3527 2460">
     <span class='ocr_line' id='line_1_91' title="bbox 1941 2378 3527 2460; baseline -0.006 -17"><span class='ocrx_word' id='word_1_740' title='bbox 1941 2393 2181 2460; x_wconf 79' lang='grc' dir='ltr'>Μωῦσῆς</span> <span class='ocrx_word' id='word_1_741' title='bbox 2217 2389 2355 2442; x_wconf 87' lang='grc' dir='ltr'>πιὼν</span> <span class='ocrx_word' id='word_1_742' title='bbox 2413 2391 2511 2442; x_wconf 79' lang='grc' dir='ltr'>οὐκ</span> <span class='ocrx_word' id='word_1_743' title='bbox 2561 2391 2781 2442; x_wconf 87' lang='grc' dir='ltr'>ἀντεῖπε</span> <span class='ocrx_word' id='word_1_744' title='bbox 2826 2387 2904 2457; x_wconf 84' lang='grc' dir='ltr'>τῷ</span> <span class='ocrx_word' id='word_1_745' title='bbox 2957 2385 3110 2455; x_wconf 82' lang='grc' dir='ltr'>Θεῷ;</span> <span class='ocrx_word' id='word_1_746' title='bbox 3167 2386 3375 2452; x_wconf 81' lang='grc' dir='ltr'>Ὥσπερ</span> <span class='ocrx_word' id='word_1_747' title='bbox 3434 2378 3527 2435; x_wconf 75' lang='grc' dir='ltr'>οὖν</span> 
     </span>
    </p>
   </div>
   <div class='ocr_carea' id='block_1_92' title="bbox 1942 2467 3530 2545">
    <p class='ocr_par' dir='ltr' id='par_1_92' title="bbox 1942 2467 3530 2545">
     <span class='ocr_line' id='line_1_92' title="bbox 1942 2467 3530 2545; baseline -0.007 -17"><span class='ocrx_word' id='word_1_748' title='bbox 1942 2474 2142 2545; x_wconf 83' lang='grc' dir='ltr'>ἐκλήθη</span> <span class='ocrx_word' id='word_1_749' title='bbox 2174 2473 2233 2525; x_wconf 88' lang='grc' dir='ltr'>τὸ</span> <span class='ocrx_word' id='word_1_750' title='bbox 2259 2473 2401 2543; x_wconf 79' lang='grc' dir='ltr'>ὕδωρ</span> <span class='ocrx_word' id='word_1_751' title='bbox 2429 2472 2737 2539; x_wconf 85' lang='grc' dir='ltr'>ἀντιλογίας</span> <span class='ocrx_word' id='word_1_752' title='bbox 2773 2469 2936 2542; x_wconf 74' lang='grc' dir='ltr'>ὕδωρ,</span> <span class='ocrx_word' id='word_1_753' title='bbox 2973 2470 3032 2520; x_wconf 85' lang='lat' dir='ltr'><strong>o6</strong></span> <span class='ocrx_word' id='word_1_754' title='bbox 3075 2467 3234 2536; x_wconf 87' lang='grc' dir='ltr'>φύσιν</span> <span class='ocrx_word' id='word_1_755' title='bbox 3267 2467 3387 2536; x_wconf 79' lang='grc' dir='ltr'>ἔχον</span> <span class='ocrx_word' id='word_1_756' title='bbox 3418 2482 3530 2518; x_wconf 86' lang='grc' dir='ltr'>τοι·</span> 
     </span>
    </p>
   </div>
   <div class='ocr_carea' id='block_1_93' title="bbox 1942 2551 3525 2629">
    <p class='ocr_par' dir='ltr' id='par_1_93' title="bbox 1942 2551 3525 2629">
     <span class='ocr_line' id='line_1_93' title="bbox 1942 2551 3525 2629; baseline -0.005 -18"><span class='ocrx_word' id='word_1_757' title='bbox 1942 2558 2133 2629; x_wconf 84' lang='grc' dir='ltr'>αύτην,</span> <span class='ocrx_word' id='word_1_758' title='bbox 2169 2557 2306 2611; x_wconf 80' lang='grc' dir='ltr'>ἀλλὰ.</span> <span class='ocrx_word' id='word_1_759' title='bbox 2328 2557 2414 2610; x_wconf 73' lang='grc' dir='ltr'>διὰ</span> <span class='ocrx_word' id='word_1_760' title='bbox 2455 2558 2552 2626; x_wconf 70' lang='grc' dir='ltr'>τὴν</span> <span class='ocrx_word' id='word_1_761' title='bbox 2588 2555 2673 2608; x_wconf 80' lang='grc' dir='ltr'>ἐπ’</span> <span class='ocrx_word' id='word_1_762' title='bbox 2720 2553 2869 2624; x_wconf 80' lang='grc' dir='ltr'>αὐτῷ</span> <span class='ocrx_word' id='word_1_763' title='bbox 2908 2553 3210 2623; x_wconf 78' lang='grc' dir='ltr'>γενομένην</span> <span class='ocrx_word' id='word_1_764' title='bbox 3253 2551 3525 2604; x_wconf 78' lang='grc' dir='ltr'>ὑπόθεσιν.</span> 
     </span>
    </p>
   </div>
   <div class='ocr_carea' id='block_1_94' title="bbox 1956 2633 3528 2715">
    <p class='ocr_par' dir='ltr' id='par_1_94' title="bbox 1956 2633 3528 2715">
     <span class='ocr_line' id='line_1_94' title="bbox 1956 2633 3528 2715; baseline -0.006 -20"><span class='ocrx_word' id='word_1_765' title='bbox 1956 2643 2175 2715; x_wconf 79' lang='grc' dir='ltr'>Ἐπειδὴ</span> <span class='ocrx_word' id='word_1_766' title='bbox 2205 2643 2312 2712; x_wconf 83' lang='grc' dir='ltr'>γὰρ</span> <span class='ocrx_word' id='word_1_767' title='bbox 2341 2642 2457 2694; x_wconf 88' lang='grc' dir='ltr'>ἐκεῖ</span> <span class='ocrx_word' id='word_1_768' title='bbox 2489 2641 2739 2692; x_wconf 89' lang='grc' dir='ltr'>ἀντεῖπεν</span> <span class='ocrx_word' id='word_1_769' title='bbox 2760 2640 2786 2690; x_wconf 89' lang='lat'>6</span> <span class='ocrx_word' id='word_1_770' title='bbox 2819 2637 2966 2700; x_wconf 74' lang='grc' dir='ltr'>λαὸς,</span> <span class='ocrx_word' id='word_1_771' title='bbox 3031 2637 3118 2689; x_wconf 74' lang='grc' dir='ltr'>διὰ</span> <span class='ocrx_word' id='word_1_772' title='bbox 3142 2635 3300 2689; x_wconf 90' lang='grc' dir='ltr'>τοῦτο</span> <span class='ocrx_word' id='word_1_773' title='bbox 3327 2633 3528 2705; x_wconf 80' lang='grc' dir='ltr'>ἐκλήθη</span> 
     </span>
    </p>
   </div>
   <div class='ocr_carea' id='block_1_95' title="bbox 1945 2717 3530 2797">
    <p class='ocr_par' dir='ltr' id='par_1_95' title="bbox 1945 2717 3530 2797">
     <span class='ocr_line' id='line_1_95' title="bbox 1945 2717 3530 2797; baseline -0.007 -17"><span class='ocrx_word' id='word_1_774' title='bbox 1945 2725 2088 2797; x_wconf 74' lang='grc' dir='ltr'>ὕδωρ</span> <span class='ocrx_word' id='word_1_775' title='bbox 2117 2723 2445 2793; x_wconf 83' lang='grc' dir='ltr'>ἀντιλογίας.</span> <span class='ocrx_word' id='word_1_776' title='bbox 2483 2723 2653 2776; x_wconf 90' lang='grc' dir='ltr'>Πάλιν</span> <span class='ocrx_word' id='word_1_777' title='bbox 2692 2717 2831 2775; x_wconf 80' lang='grc' dir='ltr'>εἶδεν</span> <span class='ocrx_word' id='word_1_778' title='bbox 2881 2718 3072 2773; x_wconf 81' lang='grc' dir='ltr'>Ἰακὼϐ</span> <span class='ocrx_word' id='word_1_779' title='bbox 3120 2718 3209 2772; x_wconf 87' lang='grc' dir='ltr'>τὸν</span> <span class='ocrx_word' id='word_1_780' title='bbox 3248 2719 3379 2771; x_wconf 91' lang='grc' dir='ltr'>Θεὸν</span> <span class='ocrx_word' id='word_1_781' title='bbox 3405 2758 3418 2777; x_wconf 90' lang='grc'>,</span> <span class='ocrx_word' id='word_1_782' title='bbox 3454 2718 3530 2782; x_wconf 88' lang='grc' dir='ltr'>ὼς</span> 
     </span>
    </p>
   </div>
   <div class='ocr_carea' id='block_1_96' title="bbox 1950 2799 3530 2878">
    <p class='ocr_par' dir='ltr' id='par_1_96' title="bbox 1950 2799 3530 2878">
     <span class='ocr_line' id='line_1_96' title="bbox 1950 2799 3530 2878; baseline -0.006 -18"><span class='ocrx_word' id='word_1_783' title='bbox 1950 2807 2079 2860; x_wconf 86' lang='grc' dir='ltr'>ίδεῖν</span> <span class='ocrx_word' id='word_1_784' title='bbox 2106 2806 2379 2878; x_wconf 77' lang='grc' dir='ltr'>ἀνθρώπῳ</span> <span class='ocrx_word' id='word_1_785' title='bbox 2401 2806 2643 2870; x_wconf 89' lang='grc' dir='ltr'>δυνατὸν,</span> <span class='ocrx_word' id='word_1_786' title='bbox 2672 2804 2767 2858; x_wconf 75' lang='grc' dir='ltr'>καὶ</span> <span class='ocrx_word' id='word_1_787' title='bbox 2797 2802 2954 2857; x_wconf 87' lang='grc' dir='ltr'>καλεῖ</span> <span class='ocrx_word' id='word_1_788' title='bbox 2977 2803 3036 2856; x_wconf 91' lang='grc' dir='ltr'>τὸ</span> <span class='ocrx_word' id='word_1_789' title='bbox 3058 2801 3228 2871; x_wconf 76' lang='grc' dir='ltr'>ὄνομα</span> <span class='ocrx_word' id='word_1_790' title='bbox 3244 2799 3337 2854; x_wconf 89' lang='grc' dir='ltr'>τοῦ</span> <span class='ocrx_word' id='word_1_791' title='bbox 3364 2801 3530 2853; x_wconf 85' lang='grc' dir='ltr'>τόπου</span> 
     </span>
    </p>
   </div>
   <div class='ocr_carea' id='block_1_97' title="bbox 1947 2882 3530 2958">
    <p class='ocr_par' dir='ltr' id='par_1_97' title="bbox 1947 2882 3530 2958">
     <span class='ocr_line' id='line_1_97' title="bbox 1947 2882 3530 2958; baseline -0.007 -12"><span class='ocrx_word' id='word_1_792' title='bbox 1947 2891 2125 2957; x_wconf 76' lang='grc' dir='ltr'>Εἶδος</span> <span class='ocrx_word' id='word_1_793' title='bbox 2150 2891 2319 2945; x_wconf 86' lang='grc' dir='ltr'>Θεοῦ.</span> <span class='ocrx_word' id='word_1_794' title='bbox 2364 2892 2422 2943; x_wconf 78' lang='lat'>&#39;0</span> <span class='ocrx_word' id='word_1_795' title='bbox 2454 2891 2618 2954; x_wconf 88' lang='grc' dir='ltr'>τόπος</span> <span class='ocrx_word' id='word_1_796' title='bbox 2649 2890 2748 2942; x_wconf 90' lang='grc' dir='ltr'>ούκ</span> <span class='ocrx_word' id='word_1_797' title='bbox 2793 2882 2937 2958; x_wconf 73' lang='grc' dir='ltr'>εἶχεν</span> <span class='ocrx_word' id='word_1_798' title='bbox 2971 2882 3110 2949; x_wconf 83' lang='grc' dir='ltr'>εἶδος</span> <span class='ocrx_word' id='word_1_799' title='bbox 3141 2884 3296 2949; x_wconf 85' lang='grc' dir='ltr'>Θεοῦ,</span> <span class='ocrx_word' id='word_1_800' title='bbox 3328 2884 3359 2954; x_wconf 79' lang='grc' dir='ltr'>ἢ</span> <span class='ocrx_word' id='word_1_801' title='bbox 3395 2901 3530 2955; x_wconf 88' lang='grc' dir='ltr'>μορ-</span> 
     </span>
    </p>
   </div>
   <div class='ocr_carea' id='block_1_98' title="bbox 1949 2969 3529 3046">
    <p class='ocr_par' dir='ltr' id='par_1_98' title="bbox 1949 2969 3529 3046">
     <span class='ocr_line' id='line_1_98' title="bbox 1949 2969 3529 3046; baseline -0.004 -18"><span class='ocrx_word' id='word_1_802' title='bbox 1949 2976 2055 3046; x_wconf 83' lang='grc' dir='ltr'>φὴν</span> <span class='ocrx_word' id='word_1_803' title='bbox 2075 2974 2230 3037; x_wconf 78' lang='grc' dir='ltr'>Θεοῦ,</span> <span class='ocrx_word' id='word_1_804' title='bbox 2261 2973 2375 3027; x_wconf 88' lang='grc' dir='ltr'>ἀλλ’</span> <span class='ocrx_word' id='word_1_805' title='bbox 2413 2974 2600 3044; x_wconf 84' lang='grc' dir='ltr'>ἐπειδὴ</span> <span class='ocrx_word' id='word_1_806' title='bbox 2631 2974 2746 3027; x_wconf 85' lang='grc' dir='ltr'>ἐκεῖ</span> <span class='ocrx_word' id='word_1_807' title='bbox 2775 2971 2923 3041; x_wconf 84' lang='grc' dir='ltr'>αύτῴ</span> <span class='ocrx_word' id='word_1_808' title='bbox 2963 2973 2999 3042; x_wconf 85' lang='grc' dir='ltr'>ή</span> <span class='ocrx_word' id='word_1_809' title='bbox 3027 2970 3260 3024; x_wconf 82' lang='grc' dir='ltr'>ὀπτασία</span> <span class='ocrx_word' id='word_1_810' title='bbox 3294 2969 3529 3037; x_wconf 85' lang='grc' dir='ltr'>ἐγένετο,</span> 
     </span>
    </p>
   </div>
   <div class='ocr_carea' id='block_1_99' title="bbox 1949 3053 3536 3125">
    <p class='ocr_par' dir='ltr' id='par_1_99' title="bbox 1949 3053 3536 3125">
     <span class='ocr_line' id='line_1_99' title="bbox 1949 3053 3536 3125; baseline -0.003 -14"><span class='ocrx_word' id='word_1_811' title='bbox 1949 3058 2176 3111; x_wconf 88' lang='grc' dir='ltr'>ἐκάλεσε</span> <span class='ocrx_word' id='word_1_812' title='bbox 2206 3058 2296 3109; x_wconf 89' lang='grc' dir='ltr'>τὸν</span> <span class='ocrx_word' id='word_1_813' title='bbox 2322 3058 2484 3109; x_wconf 79' lang='grc' dir='ltr'>τόπον</span> <span class='ocrx_word' id='word_1_814' title='bbox 2509 3057 2618 3110; x_wconf 87' lang='grc' dir='ltr'>ἀπὸ</span> <span class='ocrx_word' id='word_1_815' title='bbox 2648 3055 2739 3108; x_wconf 89' lang='grc' dir='ltr'>τοῦ</span> <span class='ocrx_word' id='word_1_816' title='bbox 2765 3055 3110 3125; x_wconf 87' lang='grc' dir='ltr'>πράγματος.</span> <span class='ocrx_word' id='word_1_817' title='bbox 3150 3053 3342 3117; x_wconf 80' lang='grc' dir='ltr'>Ἀλλος</span> <span class='ocrx_word' id='word_1_818' title='bbox 3369 3054 3536 3117; x_wconf 83' lang='grc' dir='ltr'>τόπος</span> 
     </span>
    </p>
   </div>
   <div class='ocr_carea' id='block_1_100' title="bbox 1949 3136 3536 3213">
    <p class='ocr_par' dir='ltr' id='par_1_100' title="bbox 1949 3136 3536 3213">
     <span class='ocr_line' id='line_1_100' title="bbox 1949 3136 3536 3213; baseline -0.003 -18"><span class='ocrx_word' id='word_1_819' title='bbox 1949 3142 2152 3213; x_wconf 78' lang='grc' dir='ltr'>ἐκλήθη</span> <span class='ocrx_word' id='word_1_820' title='bbox 2177 3141 2398 3209; x_wconf 79' lang='grc' dir='ltr'>Εἰρήνη</span> <span class='ocrx_word' id='word_1_821' title='bbox 2446 3140 2616 3194; x_wconf 86' lang='grc' dir='ltr'>Θεοῦ.</span> <span class='ocrx_word' id='word_1_822' title='bbox 2671 3141 2800 3192; x_wconf 88' lang='grc' dir='ltr'>Ὄτε</span> <span class='ocrx_word' id='word_1_823' title='bbox 2833 3139 2910 3210; x_wconf 81' lang='grc' dir='ltr'>τῷ</span> <span class='ocrx_word' id='word_1_824' title='bbox 2934 3136 3140 3192; x_wconf 90' lang='grc' dir='ltr'>Γεδεὼν</span> <span class='ocrx_word' id='word_1_825' title='bbox 3171 3138 3341 3209; x_wconf 81' lang='grc' dir='ltr'>ἐφάνη</span> <span class='ocrx_word' id='word_1_826' title='bbox 3369 3138 3536 3206; x_wconf 82' lang='grc' dir='ltr'>ἀγγε-</span> 
     </span>
    </p>
   </div>
   <div class='ocr_carea' id='block_1_101' title="bbox 1950 3220 3535 3294">
    <p class='ocr_par' dir='ltr' id='par_1_101' title="bbox 1950 3220 3535 3294">
     <span class='ocr_line' id='line_1_101' title="bbox 1950 3220 3535 3294; baseline -0.001 -16"><span class='ocrx_word' id='word_1_827' title='bbox 1950 3227 2058 3291; x_wconf 88' lang='grc' dir='ltr'>λος,</span> <span class='ocrx_word' id='word_1_828' title='bbox 2105 3225 2368 3294; x_wconf 84' lang='grc' dir='ltr'>ἐφοϐήθη,</span> <span class='ocrx_word' id='word_1_829' title='bbox 2404 3227 2497 3277; x_wconf 80' lang='grc' dir='ltr'>καὶ</span> <span class='ocrx_word' id='word_1_830' title='bbox 2539 3224 2722 3290; x_wconf 81' lang='grc' dir='ltr'>λέγει’</span> <span class='ocrx_word' id='word_1_831' title='bbox 2756 3225 2952 3292; x_wconf 82' lang='grc' dir='ltr'>Οιμοι,</span> <span class='ocrx_word' id='word_1_832' title='bbox 2980 3222 3158 3290; x_wconf 78' lang='grc' dir='ltr'>οἴμοι,</span> <span class='ocrx_word' id='word_1_833' title='bbox 3201 3220 3535 3276; x_wconf 80' lang='grc' dir='ltr'>ἀποθανοῦ-</span> 
     </span>
    </p>
   </div>
   <div class='ocr_carea' id='block_1_102' title="bbox 1944 3298 3536 3380">
    <p class='ocr_par' dir='ltr' id='par_1_102' title="bbox 1944 3298 3536 3380">
     <span class='ocr_line' id='line_1_102' title="bbox 1944 3298 3536 3380; baseline -0.003 -19"><span class='ocrx_word' id='word_1_834' title='bbox 1944 3326 2050 3378; x_wconf 79' lang='grc' dir='ltr'>μαι</span> <span class='ocrx_word' id='word_1_835' title='bbox 2069 3326 2083 3339; x_wconf 90' lang='grc'><strong>·</strong></span> <span class='ocrx_word' id='word_1_836' title='bbox 2113 3307 2263 3380; x_wconf 68' lang='grc'>[499]</span> <span class='ocrx_word' id='word_1_837' title='bbox 2292 3303 2458 3360; x_wconf 79' lang='grc' dir='ltr'>εἶδον</span> <span class='ocrx_word' id='word_1_838' title='bbox 2493 3307 2600 3375; x_wconf 75' lang='grc' dir='ltr'>γὰρ</span> <span class='ocrx_word' id='word_1_839' title='bbox 2630 3304 2889 3374; x_wconf 69' lang='grc' dir='ltr'>ἄγγελον</span> <span class='ocrx_word' id='word_1_840' title='bbox 2921 3305 3090 3358; x_wconf 86' lang='grc' dir='ltr'>Θεοῦ.</span> <span class='ocrx_word' id='word_1_841' title='bbox 3126 3305 3292 3372; x_wconf 78' lang='grc' dir='ltr'>Λέγει</span> <span class='ocrx_word' id='word_1_842' title='bbox 3315 3298 3474 3368; x_wconf 85' lang='grc' dir='ltr'>αὐτῷ</span> <span class='ocrx_word' id='word_1_843' title='bbox 3502 3306 3536 3356; x_wconf 84' lang='grc' dir='ltr'>ό</span> 
     </span>
    </p>
   </div>
   <div class='ocr_carea' id='block_1_103' title="bbox 1949 3387 3533 3462">
    <p class='ocr_par' dir='ltr' id='par_1_103' title="bbox 1949 3387 3533 3462">
     <span class='ocr_line' id='line_1_103' title="bbox 1949 3387 3533 3462; baseline -0.003 -16"><span class='ocrx_word' id='word_1_844' title='bbox 1949 3394 2234 3462; x_wconf 71' lang='grc' dir='ltr'>ἄγγελος·</span> <span class='ocrx_word' id='word_1_845' title='bbox 2272 3389 2497 3458; x_wconf 74' lang='grc' dir='ltr'>Εἰρήνη</span> <span class='ocrx_word' id='word_1_846' title='bbox 2527 3405 2648 3450; x_wconf 87' lang='grc' dir='ltr'>σοι,</span> <span class='ocrx_word' id='word_1_847' title='bbox 2673 3389 2757 3458; x_wconf 82' lang='grc' dir='ltr'>μὴ</span> <span class='ocrx_word' id='word_1_848' title='bbox 2779 3388 2986 3456; x_wconf 72' lang='grc' dir='ltr'>φοϐοῦ.</span> <span class='ocrx_word' id='word_1_849' title='bbox 3023 3387 3133 3440; x_wconf 73' lang='grc' dir='ltr'>Καὶ</span> <span class='ocrx_word' id='word_1_850' title='bbox 3163 3389 3533 3456; x_wconf 78' lang='grc' dir='ltr'>ᾠκοδόμησε,</span> 
     </span>
    </p>
   </div>
   <div class='ocr_carea' id='block_1_104' title="bbox 1952 3468 3537 3544">
    <p class='ocr_par' dir='ltr' id='par_1_104' title="bbox 1952 3468 3537 3544">
     <span class='ocr_line' id='line_1_104' title="bbox 1952 3468 3537 3544; baseline -0.002 -17"><span class='ocrx_word' id='word_1_851' title='bbox 1952 3476 2106 3544; x_wconf 68' lang='grc' dir='ltr'>φησὶ,</span> <span class='ocrx_word' id='word_1_852' title='bbox 2136 3471 2369 3526; x_wconf 88' lang='grc' dir='ltr'>Γεδεὼν</span> <span class='ocrx_word' id='word_1_853' title='bbox 2405 3468 2862 3538; x_wconf 80' lang='grc' dir='ltr'>θυσιαστήριον,</span> <span class='ocrx_word' id='word_1_854' title='bbox 2913 3471 3010 3523; x_wconf 81' lang='grc' dir='ltr'>καὶ</span> <span class='ocrx_word' id='word_1_855' title='bbox 3055 3469 3350 3524; x_wconf 67' lang='grc' dir='ltr'>ἐκάλεσεν</span> <span class='ocrx_word' id='word_1_856' title='bbox 3387 3469 3537 3524; x_wconf 78' lang='grc' dir='ltr'>αὐτὸ</span> 
     </span>
    </p>
   </div>
   <div class='ocr_carea' id='block_1_105' title="bbox 1952 3547 3538 3624">
    <p class='ocr_par' dir='ltr' id='par_1_105' title="bbox 1952 3547 3538 3624">
     <span class='ocr_line' id='line_1_105' title="bbox 1952 3547 3538 3624; baseline -0.004 -14"><span class='ocrx_word' id='word_1_857' title='bbox 1952 3557 2176 3624; x_wconf 76' lang='grc' dir='ltr'>Ειρήνη</span> <span class='ocrx_word' id='word_1_858' title='bbox 2219 3553 2390 3608; x_wconf 88' lang='grc' dir='ltr'>Θεοῦ.</span> <span class='ocrx_word' id='word_1_859' title='bbox 2427 3555 2638 3623; x_wconf 84' lang='grc' dir='ltr'>Ὥσπερ</span> <span class='ocrx_word' id='word_1_860' title='bbox 2667 3547 2760 3606; x_wconf 85' lang='grc' dir='ltr'>οῦν</span> <span class='ocrx_word' id='word_1_861' title='bbox 2793 3554 2821 3604; x_wconf 94' lang='lat'>6</span> <span class='ocrx_word' id='word_1_862' title='bbox 2853 3552 3064 3622; x_wconf 84' lang='grc' dir='ltr'>βωμὸς,</span> <span class='ocrx_word' id='word_1_863' title='bbox 3095 3552 3127 3622; x_wconf 81' lang='grc' dir='ltr'>ἢ</span> <span class='ocrx_word' id='word_1_864' title='bbox 3158 3553 3216 3605; x_wconf 89' lang='grc' dir='ltr'>τὸ</span> <span class='ocrx_word' id='word_1_865' title='bbox 3249 3552 3538 3623; x_wconf 81' lang='grc' dir='ltr'>θυσιαστή-</span> 
     </span>
    </p>
   </div>
   <div class='ocr_carea' id='block_1_106' title="bbox 1955 3631 3538 3710">
    <p class='ocr_par' dir='ltr' id='par_1_106' title="bbox 1955 3631 3538 3710">
     <span class='ocr_line' id='line_1_106' title="bbox 1955 3631 3538 3710; baseline -0.003 -19"><span class='ocrx_word' id='word_1_866' title='bbox 1955 3656 2089 3710; x_wconf 87' lang='grc' dir='ltr'>ριον,</span> <span class='ocrx_word' id='word_1_867' title='bbox 2125 3638 2223 3691; x_wconf 77' lang='grc' dir='ltr'>οὐκ</span> <span class='ocrx_word' id='word_1_868' title='bbox 2263 3637 2393 3689; x_wconf 86' lang='lat'><strong>0616</strong></span> <span class='ocrx_word' id='word_1_869' title='bbox 2450 3638 2672 3707; x_wconf 78' lang='grc' dir='ltr'>εἰρήνην</span> <span class='ocrx_word' id='word_1_870' title='bbox 2731 3631 2898 3705; x_wconf 79' lang='grc' dir='ltr'>εἶχεν,</span> <span class='ocrx_word' id='word_1_871' title='bbox 2950 3634 3086 3687; x_wconf 86' lang='grc' dir='ltr'>ἀλλά</span> <span class='ocrx_word' id='word_1_872' title='bbox 3113 3637 3211 3704; x_wconf 83' lang='grc' dir='ltr'>τῆς</span> <span class='ocrx_word' id='word_1_873' title='bbox 3239 3635 3538 3706; x_wconf 80' lang='grc' dir='ltr'>γενομένης</span> 
     </span>
    </p>
   </div>
   <div class='ocr_carea' id='block_1_107' title="bbox 1953 3715 3538 3791">
    <p class='ocr_par' dir='ltr' id='par_1_107' title="bbox 1953 3715 3538 3791">
     <span class='ocr_line' id='line_1_107' title="bbox 1953 3715 3538 3791; baseline -0.003 -17"><span class='ocrx_word' id='word_1_874' title='bbox 1953 3723 2045 3775; x_wconf 65' lang='grc' dir='ltr'>καὶ</span> <span class='ocrx_word' id='word_1_875' title='bbox 2074 3721 2318 3791; x_wconf 86' lang='grc' dir='ltr'>δοθείσης</span> <span class='ocrx_word' id='word_1_876' title='bbox 2367 3721 2588 3790; x_wconf 81' lang='grc' dir='ltr'>εἰρήνης</span> <span class='ocrx_word' id='word_1_877' title='bbox 2634 3715 2701 3789; x_wconf 80' lang='grc' dir='ltr'>ἦν</span> <span class='ocrx_word' id='word_1_878' title='bbox 2757 3717 3060 3788; x_wconf 70' lang='grc' dir='ltr'>σύμϐολονο</span> <span class='ocrx_word' id='word_1_879' title='bbox 3121 3718 3212 3769; x_wconf 75' lang='grc' dir='ltr'>καὶ</span> <span class='ocrx_word' id='word_1_880' title='bbox 3242 3718 3431 3788; x_wconf 81' lang='grc' dir='ltr'>ὥσπερ</span> <span class='ocrx_word' id='word_1_881' title='bbox 3478 3719 3538 3770; x_wconf 87' lang='grc' dir='ltr'>τὸ</span> 
     </span>
    </p>
   </div>
   <div class='ocr_carea' id='block_1_108' title="bbox 1953 3796 3539 3874">
    <p class='ocr_par' dir='ltr' id='par_1_108' title="bbox 1953 3796 3539 3874">
     <span class='ocr_line' id='line_1_108' title="bbox 1953 3796 3539 3874; baseline -0.003 -18"><span class='ocrx_word' id='word_1_882' title='bbox 1953 3805 2098 3874; x_wconf 81' lang='grc' dir='ltr'>ὓδωρ</span> <span class='ocrx_word' id='word_1_883' title='bbox 2135 3803 2235 3856; x_wconf 87' lang='grc' dir='ltr'>ούκ</span> <span class='ocrx_word' id='word_1_884' title='bbox 2263 3796 2408 3871; x_wconf 83' lang='grc' dir='ltr'>εἶχεν</span> <span class='ocrx_word' id='word_1_885' title='bbox 2441 3802 2771 3869; x_wconf 86' lang='grc' dir='ltr'>ἀντιλογίαν,</span> <span class='ocrx_word' id='word_1_886' title='bbox 2808 3801 2944 3854; x_wconf 88' lang='grc' dir='ltr'>ἀ).λά</span> <span class='ocrx_word' id='word_1_887' title='bbox 2974 3801 3064 3853; x_wconf 83' lang='grc' dir='ltr'>διὰ</span> <span class='ocrx_word' id='word_1_888' title='bbox 3113 3801 3212 3870; x_wconf 81' lang='grc' dir='ltr'>τὴν</span> <span class='ocrx_word' id='word_1_889' title='bbox 3269 3801 3355 3852; x_wconf 86' lang='grc' dir='ltr'>ἐπ’</span> <span class='ocrx_word' id='word_1_890' title='bbox 3388 3800 3539 3869; x_wconf 88' lang='grc' dir='ltr'>αύτῷ</span> 
     </span>
    </p>
   </div>
   <div class='ocr_carea' id='block_1_109' title="bbox 1951 3883 3538 3958">
    <p class='ocr_par' dir='ltr' id='par_1_109' title="bbox 1951 3883 3538 3958">
     <span class='ocr_line' id='line_1_109' title="bbox 1951 3883 3538 3958; baseline -0.002 -18"><span class='ocrx_word' id='word_1_891' title='bbox 1951 3887 2252 3958; x_wconf 86' lang='grc' dir='ltr'>γενομένην</span> <span class='ocrx_word' id='word_1_892' title='bbox 2285 3886 2540 3939; x_wconf 87' lang='grc' dir='ltr'>ὑπόθεσιν</span> <span class='ocrx_word' id='word_1_893' title='bbox 2564 3884 2734 3947; x_wconf 72' lang='grc' dir='ltr'>οὕτως</span> <span class='ocrx_word' id='word_1_894' title='bbox 2758 3884 2959 3956; x_wconf 82' lang='grc' dir='ltr'>ἐκλήθη</span> <span class='ocrx_word' id='word_1_895' title='bbox 2978 3901 2990 3913; x_wconf 93' lang='grc'><strong>·</strong></span> <span class='ocrx_word' id='word_1_896' title='bbox 3015 3883 3158 3935; x_wconf 75' lang='grc' dir='ltr'>οὕτω</span> <span class='ocrx_word' id='word_1_897' title='bbox 3179 3886 3271 3937; x_wconf 75' lang='grc' dir='ltr'>καὶ</span> <span class='ocrx_word' id='word_1_898' title='bbox 3301 3885 3362 3937; x_wconf 88' lang='grc' dir='ltr'>τὸ</span> <span class='ocrx_word' id='word_1_899' title='bbox 3385 3884 3538 3950; x_wconf 84' lang='grc' dir='ltr'>ξύλον</span> 
     </span>
    </p>
   </div>
   <div class='ocr_carea' id='block_1_110' title="bbox 1953 3967 3540 4040">
    <p class='ocr_par' dir='ltr' id='par_1_110' title="bbox 1953 3967 3540 4040">
     <span class='ocr_line' id='line_1_110' title="bbox 1953 3967 3540 4040; baseline -0.002 -16"><span class='ocrx_word' id='word_1_900' title='bbox 1953 3973 2014 4025; x_wconf 91' lang='lat'>06</span> <span class='ocrx_word' id='word_1_901' title='bbox 2040 3971 2241 4038; x_wconf 83' lang='grc' dir='ltr'>γνῶσιν</span> <span class='ocrx_word' id='word_1_902' title='bbox 2275 3967 2440 4040; x_wconf 78' lang='grc' dir='ltr'>εἶχεν,</span> <span class='ocrx_word' id='word_1_903' title='bbox 2491 3969 2604 4022; x_wconf 83' lang='grc' dir='ltr'>ἀλλ’</span> <span class='ocrx_word' id='word_1_904' title='bbox 2637 3968 2823 4039; x_wconf 75' lang='grc' dir='ltr'>ἐπειδὴ</span> <span class='ocrx_word' id='word_1_905' title='bbox 2869 3970 2976 4031; x_wconf 76' lang='grc' dir='ltr'>πᾶς</span> <span class='ocrx_word' id='word_1_906' title='bbox 3022 3969 3050 4020; x_wconf 92' lang='lat'>6</span> <span class='ocrx_word' id='word_1_907' title='bbox 3087 3968 3415 4040; x_wconf 87' lang='grc' dir='ltr'>ἁμαρτάνων</span> <span class='ocrx_word' id='word_1_908' title='bbox 3461 3971 3540 4032; x_wconf 81' lang='grc' dir='ltr'>εἰς</span> 
     </span>
    </p>
   </div>
   <div class='ocr_carea' id='block_1_111' title="bbox 1953 4047 3538 4125">
    <p class='ocr_par' dir='ltr' id='par_1_111' title="bbox 1953 4047 3538 4125">
     <span class='ocr_line' id='line_1_111' title="bbox 1953 4047 3538 4125; baseline -0.003 -17"><span class='ocrx_word' id='word_1_909' title='bbox 1953 4057 2153 4123; x_wconf 84' lang='grc' dir='ltr'>γνῶσιν</span> <span class='ocrx_word' id='word_1_910' title='bbox 2175 4055 2392 4125; x_wconf 80' lang='grc' dir='ltr'>ἔρχεται</span> <span class='ocrx_word' id='word_1_911' title='bbox 2421 4047 2494 4105; x_wconf 82' lang='grc' dir='ltr'>ὧν</span> <span class='ocrx_word' id='word_1_912' title='bbox 2524 4052 2840 4122; x_wconf 84' lang='grc' dir='ltr'>ἁμαρτάνει.</span> <span class='ocrx_word' id='word_1_913' title='bbox 2879 4049 3002 4103; x_wconf 79' lang='grc' dir='ltr'>Οἷόν</span> <span class='ocrx_word' id='word_1_914' title='bbox 3024 4068 3076 4103; x_wconf 93' lang='grc' dir='ltr'>τι</span> <span class='ocrx_word' id='word_1_915' title='bbox 3103 4051 3264 4118; x_wconf 83' lang='grc' dir='ltr'>λέγω,</span> <span class='ocrx_word' id='word_1_916' title='bbox 3295 4051 3454 4104; x_wconf 86' lang='grc' dir='ltr'>πάλιν</span> <span class='ocrx_word' id='word_1_917' title='bbox 3481 4054 3538 4103; x_wconf 92' lang='grc' dir='ltr'>ἐν</span> 
     </span>
    </p>
   </div>
   <div class='ocr_carea' id='block_1_112' title="bbox 1955 4135 3539 4207">
    <p class='ocr_par' dir='ltr' id='par_1_112' title="bbox 1955 4135 3539 4207">
     <span class='ocr_line' id='line_1_112' title="bbox 1955 4135 3539 4207; baseline -0.001 -15"><span class='ocrx_word' id='word_1_918' title='bbox 1955 4139 2313 4207; x_wconf 82' lang='grc' dir='ltr'>ὑποδείγματι</span> <span class='ocrx_word' id='word_1_919' title='bbox 2334 4156 2346 4168; x_wconf 87' lang='grc'><strong>·</strong></span> <span class='ocrx_word' id='word_1_920' title='bbox 2369 4138 2536 4189; x_wconf 84' lang='grc' dir='ltr'>ἐνίοτε</span> <span class='ocrx_word' id='word_1_921' title='bbox 2557 4135 2943 4206; x_wconf 85' lang='grc' dir='ltr'>παρερχόμεθα</span> <span class='ocrx_word' id='word_1_922' title='bbox 2961 4136 3229 4200; x_wconf 76' lang='grc' dir='ltr'>ὁδεύοντες</span> <span class='ocrx_word' id='word_1_923' title='bbox 3248 4137 3334 4188; x_wconf 83' lang='grc' dir='ltr'>διὰ</span> <span class='ocrx_word' id='word_1_924' title='bbox 3357 4137 3539 4190; x_wconf 85' lang='grc' dir='ltr'>τόπων</span> 
     </span>
    </p>
   </div>
   <div class='ocr_carea' id='block_1_113' title="bbox 1955 4217 3540 4294">
    <p class='ocr_par' dir='ltr' id='par_1_113' title="bbox 1955 4217 3540 4294">
     <span class='ocr_line' id='line_1_113' title="bbox 1955 4217 3540 4294; baseline 0 -21"><span class='ocrx_word' id='word_1_925' title='bbox 1955 4221 2390 4294; x_wconf 81' lang='grc' dir='ltr'>λῃστευομένων,</span> <span class='ocrx_word' id='word_1_926' title='bbox 2407 4220 2500 4272; x_wconf 83' lang='grc' dir='ltr'>καί</span> <span class='ocrx_word' id='word_1_927' title='bbox 2526 4219 2645 4281; x_wconf 72' lang='grc' dir='ltr'>ἔθος</span> <span class='ocrx_word' id='word_1_928' title='bbox 2671 4222 2784 4281; x_wconf 88' lang='grc' dir='ltr'>τοῖς</span> <span class='ocrx_word' id='word_1_929' title='bbox 2807 4217 3114 4289; x_wconf 88' lang='grc' dir='ltr'>ἀνθρώποις</span> <span class='ocrx_word' id='word_1_930' title='bbox 3140 4219 3337 4286; x_wconf 79' lang='grc' dir='ltr'>λέγειν,</span> <span class='ocrx_word' id='word_1_931' title='bbox 3366 4221 3428 4274; x_wconf 72' lang='lat' dir='ltr'>Ol</span> <span class='ocrx_word' id='word_1_932' title='bbox 3459 4220 3540 4273; x_wconf 87' lang='lat'>16-</span> 
     </span>
    </p>
   </div>
   <div class='ocr_carea' id='block_1_114' title="bbox 1955 4297 3539 4375">
    <p class='ocr_par' dir='ltr' id='par_1_114' title="bbox 1955 4297 3539 4375">
     <span class='ocr_line' id='line_1_114' title="bbox 1955 4297 3539 4375; baseline 0 -18"><span class='ocrx_word' id='word_1_933' title='bbox 1955 4323 2046 4357; x_wconf 87' lang='grc' dir='ltr'>ποι</span> <span class='ocrx_word' id='word_1_934' title='bbox 2078 4305 2142 4375; x_wconf 81' lang='grc' dir='ltr'>δὴ</span> <span class='ocrx_word' id='word_1_935' title='bbox 2175 4297 2320 4357; x_wconf 77' lang='grc' dir='ltr'>οῦτοι</span> <span class='ocrx_word' id='word_1_936' title='bbox 2347 4303 2566 4374; x_wconf 86' lang='grc' dir='ltr'>φοϐεροί</span> <span class='ocrx_word' id='word_1_937' title='bbox 2592 4305 2748 4359; x_wconf 90' lang='grc' dir='ltr'>εἰσιν.</span> <span class='ocrx_word' id='word_1_938' title='bbox 2786 4299 2932 4374; x_wconf 59' lang='grc' dir='ltr'>*Λρα</span> <span class='ocrx_word' id='word_1_939' title='bbox 2959 4306 2985 4355; x_wconf 86' lang='grc' dir='ltr'>ὁ</span> <span class='ocrx_word' id='word_1_940' title='bbox 3013 4303 3177 4366; x_wconf 90' lang='grc' dir='ltr'>τόπος</span> <span class='ocrx_word' id='word_1_941' title='bbox 3202 4303 3313 4372; x_wconf 82' lang='grc' dir='ltr'>ἔχει</span> <span class='ocrx_word' id='word_1_942' title='bbox 3342 4303 3539 4371; x_wconf 80' lang='grc' dir='ltr'>φόϐον;</span> 
     </span>
    </p>
   </div>
   <div class='ocr_carea' id='block_1_115' title="bbox 1954 4386 3540 4457">
    <p class='ocr_par' dir='ltr' id='par_1_115' title="bbox 1954 4386 3540 4457">
     <span class='ocr_line' id='line_1_115' title="bbox 1954 4386 3540 4457; baseline -0.001 -18"><span class='ocrx_word' id='word_1_943' title='bbox 1954 4387 1987 4456; x_wconf 79' lang='grc' dir='ltr'>ἦ</span> <span class='ocrx_word' id='word_1_944' title='bbox 2019 4387 2105 4439; x_wconf 86' lang='grc' dir='ltr'>διά</span> <span class='ocrx_word' id='word_1_945' title='bbox 2127 4388 2249 4450; x_wconf 75' lang='grc' dir='ltr'>τοὺς</span> <span class='ocrx_word' id='word_1_946' title='bbox 2267 4386 2467 4457; x_wconf 83' lang='grc' dir='ltr'>λῃστάς</span> <span class='ocrx_word' id='word_1_947' title='bbox 2483 4386 2719 4454; x_wconf 88' lang='grc' dir='ltr'>λέγουσι,</span> <span class='ocrx_word' id='word_1_948' title='bbox 2743 4386 2866 4448; x_wconf 75' lang='grc' dir='ltr'>τοὺς</span> <span class='ocrx_word' id='word_1_949' title='bbox 2889 4386 3246 4456; x_wconf 76' lang='grc' dir='ltr'>σχολάζοντας</span> <span class='ocrx_word' id='word_1_950' title='bbox 3267 4389 3321 4438; x_wconf 87' lang='grc' dir='ltr'>ἐν</span> <span class='ocrx_word' id='word_1_951' title='bbox 3350 4386 3540 4457; x_wconf 84' lang='grc' dir='ltr'>ἐκείνῳ</span> 
     </span>
    </p>
   </div>
   <div class='ocr_carea' id='block_1_116' title="bbox 1954 4465 3539 4540">
    <p class='ocr_par' dir='ltr' id='par_1_116' title="bbox 1954 4465 3539 4540">
     <span class='ocr_line' id='line_1_116' title="bbox 1954 4465 3539 4540; baseline -0.001 -17"><span class='ocrx_word' id='word_1_952' title='bbox 1954 4470 2030 4539; x_wconf 86' lang='grc' dir='ltr'>τῷ</span> <span class='ocrx_word' id='word_1_953' title='bbox 2061 4469 2212 4538; x_wconf 83' lang='grc' dir='ltr'>τόπῳ</span> <span class='ocrx_word' id='word_1_954' title='bbox 2238 4485 2251 4532; x_wconf 91' lang='grc'>;</span> <span class='ocrx_word' id='word_1_955' title='bbox 2315 4469 2468 4521; x_wconf 76' lang='grc' dir='ltr'>Οὕτω</span> <span class='ocrx_word' id='word_1_956' title='bbox 2524 4470 2616 4520; x_wconf 75' lang='grc' dir='ltr'>καὶ</span> <span class='ocrx_word' id='word_1_957' title='bbox 2639 4469 2698 4520; x_wconf 87' lang='grc' dir='ltr'>τὸ</span> <span class='ocrx_word' id='word_1_958' title='bbox 2721 4469 2930 4540; x_wconf 87' lang='grc' dir='ltr'>δένδρον</span> <span class='ocrx_word' id='word_1_959' title='bbox 2951 4473 3125 4522; x_wconf 84' lang='grc' dir='ltr'>ἐκεῖνο</span> <span class='ocrx_word' id='word_1_960' title='bbox 3153 4469 3210 4522; x_wconf 85' lang='grc' dir='ltr'>ού</span> <span class='ocrx_word' id='word_1_961' title='bbox 3243 4468 3403 4538; x_wconf 88' lang='grc' dir='ltr'>φύσιν</span> <span class='ocrx_word' id='word_1_962' title='bbox 3426 4465 3539 4539; x_wconf 79' lang='grc' dir='ltr'>εἶχε</span> 
     </span>
    </p>
   </div>
   <div class='ocr_carea' id='block_1_117' title="bbox 1957 4551 3540 4622">
    <p class='ocr_par' dir='ltr' id='par_1_117' title="bbox 1957 4551 3540 4622">
     <span class='ocr_line' id='line_1_117' title="bbox 1957 4551 3540 4622; baseline -0.001 -16"><span class='ocrx_word' id='word_1_963' title='bbox 1957 4551 2313 4606; x_wconf 82' lang='grc' dir='ltr'>θανατοποιοῦ</span> <span class='ocrx_word' id='word_1_964' title='bbox 2337 4551 2591 4620; x_wconf 83' lang='grc' dir='ltr'>γνώσεως</span> <span class='ocrx_word' id='word_1_965' title='bbox 2619 4551 2970 4622; x_wconf 84' lang='grc' dir='ltr'>ἐργαστικὴν,</span> <span class='ocrx_word' id='word_1_966' title='bbox 3010 4552 3124 4604; x_wconf 76' lang='grc' dir='ltr'>ἀλλ’</span> <span class='ocrx_word' id='word_1_967' title='bbox 3153 4553 3260 4604; x_wconf 87' lang='grc' dir='ltr'>ἀπὸ</span> <span class='ocrx_word' id='word_1_968' title='bbox 3287 4554 3385 4620; x_wconf 79' lang='grc' dir='ltr'>τῆς</span> <span class='ocrx_word' id='word_1_969' title='bbox 3411 4553 3540 4622; x_wconf 74' lang='grc' dir='ltr'>περὶ</span> 
     </span>
    </p>
   </div>
   <div class='ocr_carea' id='block_1_118' title="bbox 1957 4635 3536 4705">
    <p class='ocr_par' dir='ltr' id='par_1_118' title="bbox 1957 4635 3536 4705">
     <span class='ocr_line' id='line_1_118' title="bbox 1957 4635 3536 4705; baseline -0.002 -14"><span class='ocrx_word' id='word_1_970' title='bbox 1957 4637 2087 4691; x_wconf 80' lang='lat'><strong>0616</strong></span> <span class='ocrx_word' id='word_1_971' title='bbox 2120 4636 2414 4705; x_wconf 88' lang='grc' dir='ltr'>γενομένης</span> <span class='ocrx_word' id='word_1_972' title='bbox 2433 4635 2508 4702; x_wconf 81' lang='grc' dir='ltr'>τῷ</span> <span class='ocrx_word' id='word_1_973' title='bbox 2554 4635 2723 4704; x_wconf 85' lang='grc' dir='ltr'>Ἀδὰμ</span> <span class='ocrx_word' id='word_1_974' title='bbox 2753 4635 3058 4705; x_wconf 76' lang='grc' dir='ltr'>τραγῳδίας</span> <span class='ocrx_word' id='word_1_975' title='bbox 3084 4635 3236 4687; x_wconf 77' lang='grc' dir='ltr'>ἔλαϐε</span> <span class='ocrx_word' id='word_1_976' title='bbox 3259 4636 3318 4687; x_wconf 85' lang='grc' dir='ltr'>τὸ</span> <span class='ocrx_word' id='word_1_977' title='bbox 3346 4635 3536 4704; x_wconf 79' lang='grc' dir='ltr'>ὄνομα.</span> 
     </span>
    </p>
   </div>
   <div class='ocr_carea' id='block_1_119' title="bbox 1958 4717 3540 4788">
    <p class='ocr_par' dir='ltr' id='par_1_119' title="bbox 1958 4717 3540 4788">
     <span class='ocr_line' id='line_1_119' title="bbox 1958 4717 3540 4788; baseline 0 -18"><span class='ocrx_word' id='word_1_978' title='bbox 1958 4719 2084 4770; x_wconf 88' lang='grc' dir='ltr'>Λύω</span> <span class='ocrx_word' id='word_1_979' title='bbox 2119 4718 2172 4769; x_wconf 82' lang='grc' dir='ltr'>δὲ</span> <span class='ocrx_word' id='word_1_980' title='bbox 2209 4717 2267 4770; x_wconf 88' lang='grc' dir='ltr'>τὸ</span> <span class='ocrx_word' id='word_1_981' title='bbox 2305 4718 2536 4787; x_wconf 80' lang='grc' dir='ltr'>πρᾶγμα</span> <span class='ocrx_word' id='word_1_982' title='bbox 2567 4718 2847 4784; x_wconf 88' lang='grc' dir='ltr'>συντόμως</span> <span class='ocrx_word' id='word_1_983' title='bbox 2872 4734 2885 4748; x_wconf 80' lang='grc'><em>’</em></span> <span class='ocrx_word' id='word_1_984' title='bbox 2920 4717 2979 4767; x_wconf 86' lang='lat' dir='ltr'><strong>o6</strong></span> <span class='ocrx_word' id='word_1_985' title='bbox 3005 4717 3113 4785; x_wconf 86' lang='grc' dir='ltr'>γάρ</span> <span class='ocrx_word' id='word_1_986' title='bbox 3149 4718 3344 4786; x_wconf 88' lang='grc' dir='ltr'>ἀπορεῖ</span> <span class='ocrx_word' id='word_1_987' title='bbox 3365 4721 3398 4788; x_wconf 82' lang='grc' dir='ltr'>ἡ</span> <span class='ocrx_word' id='word_1_988' title='bbox 3421 4717 3540 4770; x_wconf 86' lang='grc' dir='ltr'>θεία</span> 
     </span>
    </p>
   </div>
   <div class='ocr_carea' id='block_1_120' title="bbox 1958 4794 3540 4870">
    <p class='ocr_par' dir='ltr' id='par_1_120' title="bbox 1958 4794 3540 4870">
     <span class='ocr_line' id='line_1_120' title="bbox 1958 4794 3540 4870; baseline 0 -18"><span class='ocrx_word' id='word_1_989' title='bbox 1958 4801 2172 4870; x_wconf 86' lang='grc' dir='ltr'>Γραφή.</span> <span class='ocrx_word' id='word_1_990' title='bbox 2211 4800 2457 4869; x_wconf 86' lang='grc' dir='ltr'>Σήμερον</span> <span class='ocrx_word' id='word_1_991' title='bbox 2483 4799 2678 4869; x_wconf 77' lang='grc' dir='ltr'>ἔχομεν</span> <span class='ocrx_word' id='word_1_992' title='bbox 2703 4800 3105 4870; x_wconf 80' lang='grc' dir='ltr'>θυσιαστήριον,</span> <span class='ocrx_word' id='word_1_993' title='bbox 3132 4794 3190 4852; x_wconf 76' lang='lat'>06</span> <span class='ocrx_word' id='word_1_994' title='bbox 3224 4801 3540 4870; x_wconf 87' lang='grc' dir='ltr'>μετέχουσιν</span> 
     </span>
    </p>
   </div>
   <div class='ocr_carea' id='block_1_121' title="bbox 1958 4881 3539 4955">
    <p class='ocr_par' dir='ltr' id='par_1_121' title="bbox 1958 4881 3539 4955">
     <span class='ocr_line' id='line_1_121' title="bbox 1958 4881 3539 4955; baseline -0.001 -18"><span class='ocrx_word' id='word_1_995' title='bbox 1958 4887 2003 4937; x_wconf 85' lang='grc' dir='ltr'>υί</span> <span class='ocrx_word' id='word_1_996' title='bbox 2037 4884 2238 4937; x_wconf 89' lang='grc' dir='ltr'>πιστοί.</span> <span class='ocrx_word' id='word_1_997' title='bbox 2275 4881 2422 4952; x_wconf 64' lang='grc' dir='ltr'>’Λρα</span> <span class='ocrx_word' id='word_1_998' title='bbox 2469 4882 2599 4934; x_wconf 87' lang='lat'><strong>0616</strong></span> <span class='ocrx_word' id='word_1_999' title='bbox 2633 4882 2691 4934; x_wconf 85' lang='grc' dir='ltr'>τὸ</span> <span class='ocrx_word' id='word_1_1000' title='bbox 2731 4882 2903 4953; x_wconf 83' lang='grc' dir='ltr'>δῶρον</span> <span class='ocrx_word' id='word_1_1001' title='bbox 2957 4883 3190 4952; x_wconf 79' lang='grc' dir='ltr'>φυσικὴν</span> <span class='ocrx_word' id='word_1_1002' title='bbox 3222 4883 3331 4952; x_wconf 75' lang='grc' dir='ltr'>ἔχει</span> <span class='ocrx_word' id='word_1_1003' title='bbox 3363 4901 3539 4955; x_wconf 89' lang='grc' dir='ltr'>σωτη-</span> 
     </span>
    </p>
   </div>
   <div class='ocr_carea' id='block_1_122' title="bbox 1961 4966 3540 5038">
    <p class='ocr_par' dir='ltr' id='par_1_122' title="bbox 1961 4966 3540 5038">
     <span class='ocr_line' id='line_1_122' title="bbox 1961 4966 3540 5038; baseline 0.002 -20"><span class='ocrx_word' id='word_1_1004' title='bbox 1961 4969 2101 5038; x_wconf 86' lang='grc' dir='ltr'>ρίαν,</span> <span class='ocrx_word' id='word_1_1005' title='bbox 2138 4967 2284 5036; x_wconf 84' lang='grc' dir='ltr'>ἣδιὰ</span> <span class='ocrx_word' id='word_1_1006' title='bbox 2311 4968 2408 5034; x_wconf 82' lang='grc' dir='ltr'>τὴν</span> <span class='ocrx_word' id='word_1_1007' title='bbox 2438 4966 2871 5036; x_wconf 79' lang='grc' dir='ltr'>ἐπικαλουμένην</span> <span class='ocrx_word' id='word_1_1008' title='bbox 2916 4966 3071 5031; x_wconf 80' lang='grc' dir='ltr'>δόξαν</span> <span class='ocrx_word' id='word_1_1009' title='bbox 3109 4967 3251 5036; x_wconf 82' lang='grc' dir='ltr'>ἔχεις</span> <span class='ocrx_word' id='word_1_1010' title='bbox 3287 4967 3540 5037; x_wconf 87' lang='grc' dir='ltr'>ἐνέχυρον</span> 
     </span>
    </p>
   </div>
   <div class='ocr_carea' id='block_1_123' title="bbox 1959 5049 3537 5122">
    <p class='ocr_par' dir='ltr' id='par_1_123' title="bbox 1959 5049 3537 5122">
     <span class='ocr_line' id='line_1_123' title="bbox 1959 5049 3537 5122; baseline 0.001 -20"><span class='ocrx_word' id='word_1_1011' title='bbox 1959 5053 2065 5102; x_wconf 88' lang='grc' dir='ltr'>ἀπὸ</span> <span class='ocrx_word' id='word_1_1012' title='bbox 2088 5051 2194 5102; x_wconf 79' lang='grc' dir='ltr'>τῶν</span> <span class='ocrx_word' id='word_1_1013' title='bbox 2223 5049 2524 5118; x_wconf 66' lang='grc' dir='ltr'>παρόντων,</span> <span class='ocrx_word' id='word_1_1014' title='bbox 2557 5050 2630 5118; x_wconf 81' lang='grc' dir='ltr'>μὴ</span> <span class='ocrx_word' id='word_1_1015' title='bbox 2665 5050 3013 5122; x_wconf 79' lang='grc' dir='ltr'>ἀμφιϐάλλῃς</span> <span class='ocrx_word' id='word_1_1016' title='bbox 3045 5054 3172 5121; x_wconf 73' lang='grc' dir='ltr'>περὶ</span> <span class='ocrx_word' id='word_1_1017' title='bbox 3206 5051 3313 5103; x_wconf 81' lang='grc' dir='ltr'>τῶν</span> <span class='ocrx_word' id='word_1_1018' title='bbox 3337 5053 3537 5122; x_wconf 85' lang='grc' dir='ltr'>προλα-</span> 
     </span>
    </p>
   </div>
   <div class='ocr_carea' id='block_1_124' title="bbox 1960 5128 3541 5204">
    <p class='ocr_par' dir='ltr' id='par_1_124' title="bbox 1960 5128 3541 5204">
     <span class='ocr_line' id='line_1_124' title="bbox 1960 5128 3541 5204; baseline 0.003 -20"><span class='ocrx_word' id='word_1_1019' title='bbox 1960 5135 2192 5194; x_wconf 71' lang='grc' dir='ltr'>ϐόντων,</span> <span class='ocrx_word' id='word_1_1020' title='bbox 2237 5133 2387 5185; x_wconf 81' lang='grc' dir='ltr'>Ἐκεῖ</span> <span class='ocrx_word' id='word_1_1021' title='bbox 2415 5132 2610 5202; x_wconf 82' lang='grc' dir='ltr'>βρῶμα</span> <span class='ocrx_word' id='word_1_1022' title='bbox 2634 5133 3004 5193; x_wconf 82' lang='grc' dir='ltr'>θανατοποιὸν,</span> <span class='ocrx_word' id='word_1_1023' title='bbox 3053 5128 3152 5186; x_wconf 76' lang='grc' dir='ltr'>ὧδε</span> <span class='ocrx_word' id='word_1_1024' title='bbox 3185 5134 3378 5204; x_wconf 77' lang='grc' dir='ltr'>βρῶμα</span> <span class='ocrx_word' id='word_1_1025' title='bbox 3413 5135 3541 5197; x_wconf 78' lang='grc' dir='ltr'>ζωο-</span> 
     </span>
    </p>
   </div>
   <div class='ocr_carea' id='block_1_125' title="bbox 1959 5214 3535 5289">
    <p class='ocr_par' dir='ltr' id='par_1_125' title="bbox 1959 5214 3535 5289">
     <span class='ocr_line' id='line_1_125' title="bbox 1959 5214 3535 5289; baseline 0.001 -22"><span class='ocrx_word' id='word_1_1026' title='bbox 1959 5216 2129 5268; x_wconf 76' lang='grc' dir='ltr'>ποιόν.</span> <span class='ocrx_word' id='word_1_1027' title='bbox 2163 5215 2223 5265; x_wconf 84' lang='grc' dir='ltr'>Εἰ</span> <span class='ocrx_word' id='word_1_1028' title='bbox 2247 5214 2404 5266; x_wconf 76' lang='grc' dir='ltr'>τοῦτο</span> <span class='ocrx_word' id='word_1_1029' title='bbox 2433 5216 2490 5267; x_wconf 93' lang='grc' dir='ltr'>τὸ</span> <span class='ocrx_word' id='word_1_1030' title='bbox 2519 5216 2712 5286; x_wconf 82' lang='grc' dir='ltr'>βρῶμα</span> <span class='ocrx_word' id='word_1_1031' title='bbox 2736 5216 2896 5280; x_wconf 77' lang='grc' dir='ltr'>σώζει</span> <span class='ocrx_word' id='word_1_1032' title='bbox 2924 5217 3101 5286; x_wconf 81' lang='grc' dir='ltr'>φύσει,</span> <span class='ocrx_word' id='word_1_1033' title='bbox 3131 5219 3222 5270; x_wconf 74' lang='grc' dir='ltr'>καὶ</span> <span class='ocrx_word' id='word_1_1034' title='bbox 3246 5219 3304 5269; x_wconf 91' lang='lat' dir='ltr'><strong>o6</strong></span> <span class='ocrx_word' id='word_1_1035' title='bbox 3333 5219 3535 5289; x_wconf 86' lang='grc' dir='ltr'>χάριτι·</span> 
     </span>
    </p>
   </div>
   <div class='ocr_carea' id='block_1_126' title="bbox 1958 5298 3537 5370">
    <p class='ocr_par' dir='ltr' id='par_1_126' title="bbox 1958 5298 3537 5370">
     <span class='ocr_line' id='line_1_126' title="bbox 1958 5298 3537 5370; baseline 0 -20"><span class='ocrx_word' id='word_1_1036' title='bbox 1958 5300 2175 5350; x_wconf 87' lang='grc' dir='ltr'>κάκεῖνο</span> <span class='ocrx_word' id='word_1_1037' title='bbox 2199 5300 2264 5366; x_wconf 80' lang='grc' dir='ltr'>τῇ</span> <span class='ocrx_word' id='word_1_1038' title='bbox 2299 5298 2453 5365; x_wconf 77' lang='grc' dir='ltr'>φύσει</span> <span class='ocrx_word' id='word_1_1039' title='bbox 2486 5301 2717 5369; x_wconf 79' lang='grc' dir='ltr'>ἀναιρεῖ,</span> <span class='ocrx_word' id='word_1_1040' title='bbox 2751 5301 2841 5352; x_wconf 73' lang='grc' dir='ltr'>καὶ</span> <span class='ocrx_word' id='word_1_1041' title='bbox 2873 5301 2932 5351; x_wconf 86' lang='lat'>06</span> <span class='ocrx_word' id='word_1_1042' title='bbox 2987 5300 3316 5370; x_wconf 83' lang='grc' dir='ltr'>παραϐάσει.</span> <span class='ocrx_word' id='word_1_1043' title='bbox 3371 5301 3537 5363; x_wconf 79' lang='grc' dir='ltr'>Δείξω</span> 
     </span>
    </p>
   </div>
   <div class='ocr_carea' id='block_1_127' title="bbox 1960 5381 3530 5453">
    <p class='ocr_par' dir='ltr' id='par_1_127' title="bbox 1960 5381 3530 5453">
     <span class='ocr_line' id='line_1_127' title="bbox 1960 5381 3530 5453; baseline 0.001 -21"><span class='ocrx_word' id='word_1_1044' title='bbox 1960 5399 2040 5432; x_wconf 88' lang='grc' dir='ltr'>σοι</span> <span class='ocrx_word' id='word_1_1045' title='bbox 2071 5381 2198 5433; x_wconf 80' lang='grc' dir='ltr'>ἄλλο</span> <span class='ocrx_word' id='word_1_1046' title='bbox 2251 5381 2446 5451; x_wconf 78' lang='grc' dir='ltr'>βρῶμα</span> <span class='ocrx_word' id='word_1_1047' title='bbox 2498 5382 2600 5444; x_wconf 74' lang='grc' dir='ltr'>ἔξω</span> <span class='ocrx_word' id='word_1_1048' title='bbox 2647 5383 2738 5435; x_wconf 77' lang='grc' dir='ltr'>τοῦ</span> <span class='ocrx_word' id='word_1_1049' title='bbox 2781 5384 3108 5453; x_wconf 86' lang='grc' dir='ltr'>παραδείσου</span> <span class='ocrx_word' id='word_1_1050' title='bbox 3161 5384 3530 5448; x_wconf 77' lang='grc' dir='ltr'>θανατοποιὸν,</span> 
     </span>
    </p>
   </div>
   <div class='ocr_carea' id='block_1_128' title="bbox 1955 5464 3534 5535">
    <p class='ocr_par' dir='ltr' id='par_1_128' title="bbox 1955 5464 3534 5535">
     <span class='ocr_line' id='line_1_128' title="bbox 1955 5464 3534 5535; baseline 0.001 -20"><span class='ocrx_word' id='word_1_1051' title='bbox 1955 5466 2052 5533; x_wconf 79' lang='grc' dir='ltr'>τὴν</span> <span class='ocrx_word' id='word_1_1052' title='bbox 2081 5464 2520 5534; x_wconf 81' lang='grc' dir='ltr'>εἰδωλολατρείαν</span> <span class='ocrx_word' id='word_1_1053' title='bbox 2551 5466 2709 5532; x_wconf 86' lang='grc' dir='ltr'>λέγω.</span> <span class='ocrx_word' id='word_1_1054' title='bbox 2758 5467 2856 5518; x_wconf 83' lang='grc' dir='ltr'>Διά</span> <span class='ocrx_word' id='word_1_1055' title='bbox 2904 5468 2954 5518; x_wconf 85' lang='grc' dir='ltr'>τί</span> <span class='ocrx_word' id='word_1_1056' title='bbox 3004 5467 3110 5535; x_wconf 82' lang='grc' dir='ltr'>γὰρ</span> <span class='ocrx_word' id='word_1_1057' title='bbox 3157 5469 3534 5535; x_wconf 81' lang='grc' dir='ltr'>παρῃτήσαντο</span> 
     </span>
    </p>
   </div>
   <div class='ocr_carea' id='block_1_129' title="bbox 1956 5547 3530 5617">
    <p class='ocr_par' dir='ltr' id='par_1_129' title="bbox 1956 5547 3530 5617">
     <span class='ocr_line' id='line_1_129' title="bbox 1956 5547 3530 5617; baseline -0.001 -19"><span class='ocrx_word' id='word_1_1058' title='bbox 1956 5549 2004 5598; x_wconf 87' lang='grc' dir='ltr'>οἱ</span> <span class='ocrx_word' id='word_1_1059' title='bbox 2043 5547 2316 5617; x_wconf 83' lang='grc' dir='ltr'>μάρτυρες</span> <span class='ocrx_word' id='word_1_1060' title='bbox 2346 5553 2535 5615; x_wconf 79' lang='grc' dir='ltr'>φαγεῖν</span> <span class='ocrx_word' id='word_1_1061' title='bbox 2569 5549 2701 5617; x_wconf 83' lang='grc' dir='ltr'>κρέα</span> <span class='ocrx_word' id='word_1_1062' title='bbox 2727 5567 2739 5613; x_wconf 86' lang='grc'>;</span> <span class='ocrx_word' id='word_1_1063' title='bbox 2790 5549 2876 5601; x_wconf 74' lang='grc' dir='ltr'>διὰ</span> <span class='ocrx_word' id='word_1_1064' title='bbox 2910 5551 2960 5600; x_wconf 84' lang='grc' dir='ltr'>τί</span> <span class='ocrx_word' id='word_1_1065' title='bbox 2990 5549 3275 5617; x_wconf 82' lang='grc' dir='ltr'>ἐφοϐοῦντο</span> <span class='ocrx_word' id='word_1_1066' title='bbox 3302 5551 3490 5615; x_wconf 84' lang='grc' dir='ltr'>φαγεῖν</span> <span class='ocrx_word' id='word_1_1067' title='bbox 3517 5567 3530 5611; x_wconf 89' lang='grc'>;</span> 
     </span>
    </p>
   </div>
   <div class='ocr_carea' id='block_1_130' title="bbox 1956 5626 3534 5702">
    <p class='ocr_par' dir='ltr' id='par_1_130' title="bbox 1956 5626 3534 5702">
     <span class='ocr_line' id='line_1_130' title="bbox 1956 5626 3534 5702; baseline -0.001 -20"><span class='ocrx_word' id='word_1_1068' title='bbox 1956 5626 2083 5697; x_wconf 86' lang='grc' dir='ltr'>ἆρα,</span> <span class='ocrx_word' id='word_1_1069' title='bbox 2118 5633 2165 5681; x_wconf 88' lang='grc' dir='ltr'>εἰ</span> <span class='ocrx_word' id='word_1_1070' title='bbox 2194 5630 2413 5696; x_wconf 77' lang='grc' dir='ltr'>ἔφαγον,</span> <span class='ocrx_word' id='word_1_1071' title='bbox 2451 5631 2825 5697; x_wconf 82' lang='grc' dir='ltr'>ἀπέθνησκον;</span> <span class='ocrx_word' id='word_1_1072' title='bbox 2859 5631 3118 5699; x_wconf 71' lang='grc' dir='ltr'>Οὐδαμῶς</span> <span class='ocrx_word' id='word_1_1073' title='bbox 3145 5648 3156 5658; x_wconf 93' lang='grc'>·</span> <span class='ocrx_word' id='word_1_1074' title='bbox 3199 5630 3311 5682; x_wconf 80' lang='grc' dir='ltr'>ἀλλ’</span> <span class='ocrx_word' id='word_1_1075' title='bbox 3348 5631 3534 5702; x_wconf 77' lang='grc' dir='ltr'>ἐπειδὴ</span> 
     </span>
    </p>
   </div>
   <div class='ocr_carea' id='block_1_131' title="bbox 1956 5712 3533 5784">
    <p class='ocr_par' dir='ltr' id='par_1_131' title="bbox 1956 5712 3533 5784">
     <span class='ocr_line' id='line_1_131' title="bbox 1956 5712 3533 5784; baseline 0.001 -21"><span class='ocrx_word' id='word_1_1076' title='bbox 1956 5713 2310 5778; x_wconf 75' lang='grc' dir='ltr'>ἐπωνόμαστο</span> <span class='ocrx_word' id='word_1_1077' title='bbox 2358 5714 2466 5764; x_wconf 79' lang='grc' dir='ltr'>τῶν</span> <span class='ocrx_word' id='word_1_1078' title='bbox 2497 5712 2727 5765; x_wconf 80' lang='grc' dir='ltr'>εἰδώλων</span> <span class='ocrx_word' id='word_1_1079' title='bbox 2763 5715 2793 5783; x_wconf 81' lang='grc' dir='ltr'>ή</span> <span class='ocrx_word' id='word_1_1080' title='bbox 2831 5717 3038 5782; x_wconf 76' lang='grc' dir='ltr'>μνήμη,</span> <span class='ocrx_word' id='word_1_1081' title='bbox 3091 5713 3309 5779; x_wconf 74' lang='grc' dir='ltr'>ἔφυγον,</span> <span class='ocrx_word' id='word_1_1082' title='bbox 3343 5713 3403 5764; x_wconf 86' lang='grc' dir='ltr'>ού</span> <span class='ocrx_word' id='word_1_1083' title='bbox 3434 5714 3533 5784; x_wconf 81' lang='grc' dir='ltr'>τὴν</span> 
     </span>
    </p>
   </div>
   <div class='ocr_carea' id='block_1_132' title="bbox 1959 5794 3534 5865">
    <p class='ocr_par' dir='ltr' id='par_1_132' title="bbox 1959 5794 3534 5865">
     <span class='ocr_line' id='line_1_132' title="bbox 1959 5794 3534 5865; baseline 0.001 -19"><span class='ocrx_word' id='word_1_1084' title='bbox 1959 5795 2180 5865; x_wconf 78' lang='grc' dir='ltr'>βρῶσιν,</span> <span class='ocrx_word' id='word_1_1085' title='bbox 2216 5796 2350 5848; x_wconf 76' lang='grc' dir='ltr'>ἀλλὰ</span> <span class='ocrx_word' id='word_1_1086' title='bbox 2375 5796 2471 5865; x_wconf 78' lang='grc' dir='ltr'>τὴν</span> <span class='ocrx_word' id='word_1_1087' title='bbox 2496 5796 2601 5847; x_wconf 81' lang='grc' dir='ltr'>τῶν</span> <span class='ocrx_word' id='word_1_1088' title='bbox 2631 5796 2839 5864; x_wconf 81' lang='grc' dir='ltr'>μιαρῶν</span> <span class='ocrx_word' id='word_1_1089' title='bbox 2874 5796 3175 5864; x_wconf 84' lang='grc' dir='ltr'>ἐπίκλησιν.</span> <span class='ocrx_word' id='word_1_1090' title='bbox 3217 5794 3373 5848; x_wconf 78' lang='grc' dir='ltr'>Οῦτω</span> <span class='ocrx_word' id='word_1_1091' title='bbox 3396 5813 3534 5863; x_wconf 83' lang='grc' dir='ltr'>γνω-</span> 
     </span>
    </p>
   </div>
   <div class='ocr_carea' id='block_1_133' title="bbox 1961 5874 3538 5951">
    <p class='ocr_par' dir='ltr' id='par_1_133' title="bbox 1961 5874 3538 5951">
     <span class='ocr_line' id='line_1_133' title="bbox 1961 5874 3538 5951; baseline 0.002 -21"><span class='ocrx_word' id='word_1_1092' title='bbox 1961 5878 2082 5933; x_wconf 84' lang='grc' dir='ltr'>στὸν</span> <span class='ocrx_word' id='word_1_1093' title='bbox 2109 5874 2175 5949; x_wconf 87' lang='grc' dir='ltr'>ἦν</span> <span class='ocrx_word' id='word_1_1094' title='bbox 2205 5879 2374 5933; x_wconf 83' lang='grc' dir='ltr'>κακοῦ</span> <span class='ocrx_word' id='word_1_1095' title='bbox 2401 5881 2494 5936; x_wconf 69' lang='grc' dir='ltr'>καὶ</span> <span class='ocrx_word' id='word_1_1096' title='bbox 2520 5879 2719 5949; x_wconf 81' lang='grc' dir='ltr'>ἀγαθοῦ</span> <span class='ocrx_word' id='word_1_1097' title='bbox 2748 5879 2805 5931; x_wconf 82' lang='grc' dir='ltr'>τὸ</span> <span class='ocrx_word' id='word_1_1098' title='bbox 2826 5877 3058 5949; x_wconf 82' lang='grc' dir='ltr'>δένδρον,</span> <span class='ocrx_word' id='word_1_1099' title='bbox 3078 5879 3136 5931; x_wconf 76' lang='grc' dir='ltr'>οὐ</span> <span class='ocrx_word' id='word_1_1100' title='bbox 3171 5878 3370 5948; x_wconf 82' lang='grc' dir='ltr'>γνῶσιν</span> <span class='ocrx_word' id='word_1_1101' title='bbox 3399 5893 3538 5951; x_wconf 64' lang='grc' dir='ltr'>παρ-</span> 
     </span>
    </p>
   </div>
  </div>
