3984 6440
461 465 580 523 489
1938 451 2304 510 SEVERIANI
3641 473 3757 531 490

459 565 604 637 ἕχον,
635 564 748 619 ἀλλ’
785 563 895 618 άπὸ
932 564 1028 636 τῆς
1075 563 1436 636 παραϐάσεως
1494 565 1743 620 διδάσκον
1788 567 1951 621 αὐτόν
1989 567 2042 619 ι’.
2161 569 2241 640 τῷ
2282 567 2476 640 Ἀδὰμ.
2515 571 2596 625 ὅτι
2633 571 2854 626 πάντων
2877 570 3035 627 ἔλαϐε
3067 573 3168 645 τὴν
3206 571 3547 627 δεσποτεία-ν.
3578 571 3751 626 Γνῶθι

472 653 584 706 ’Διὶ
614 653 721 724 γάρ
757 654 790 722 ἡ
814 655 980 722 πεῖρα
1003 651 1244 706 διδάσκει
1267 654 1357 707 τὸν
1395 654 1642 725 ἀνόητον,
1674 656 1754 708 ὅτι
1795 656 1968 709 κακὸν
1991 655 2052 708 τὸ
2161 659 2254 712 τὸν
2275 659 2547 714 δεδωκότα
2566 661 2666 732 τὴν
2703 659 2970 726 ἐξουσίαν.
3008 663 3120 717 Καὶ
3146 663 3232 715 ῖνα
3268 661 3447 733 μάθῃς
3473 660 3593 725 πιῖις
3623 662 3754 715 67::-

458 741 796 813 παραϐῆναι.
831 741 1000 793 Πάλιν
1039 740 1200 813 ἑτέρᾳ
1245 742 1349 813 ὀδῷ
1370 743 1663 814 λυθήσεται
1694 743 1756 796 τὸ
1783 741 2053 815 ζητούμε-
2166 747 2478 817 μίμνησκεν
2516 748 2712 810 αὐτοὺς
2738 749 2798 802 τὸ
2825 749 3063 819 δένδρον·
3120 750 3209 802 ὅτε
3258 751 3288 802 6
3317 748 3440 816 δφις
3484 748 3750 818 ἠθέλησεν

458 847 568 893 νον,
601 831 699 901 οὐχ
723 829 798 894 ὼς
825 830 931 882 τῶν
956 830 1188 901 πρώτων
1225 831 1559 885 ἀτονούντων
1587 873 1602 895 ,
1649 831 1764 884 ἀλλ’
1823 832 1900 894 ὼς
1950 833 2050 902 τῆς
2158 832 2437 902 ἀπατῆσαι
2466 832 2563 903 τὴν
2592 835 2851 900 γυναῖκα,
2887 830 3042 887 εἷπεν
3065 835 3205 905 αὐτῇ
3225 849 3240 864 ·
3277 833 3382 886 Διά
3419 833 3477 886 τι
3523 830 3695 886 εἶπεν
3719 835 3752 888 ό

454 918 677 990 χάριτος
702 919 794 972 τοῦ
823 918 958 972 Θεοῦ
992 921 1250 986 πλουσίας
1283 920 1470 991 οὔσης.
1504 921 1595 988 Μὴ
1629 938 1738 992 γαρ
1783 939 1866 985 τις
1897 939 2050 991 νομι-

455 1010 596 1070 ζέτω
623 1009 722 1081 τὴν
746 1009 1040 1078 ἐπαγωγὴν
1069 1010 1178 1063 τῶν
1213 1010 1422 1063 πολλῶν
1467 1010 1757 1081 νοημάτων
1796 1009 1864 1063 δι’
1888 1010 2048 1063 ἀσθέ-

454 1114 605 1151 νειαν
657 1098 908 1167 γίνεσθαι
937 1098 1047 1150 τῶν
1089 1099 1473 1169 προλαϐόντων
1500 1117 1512 1131 ο
1545 1101 1578 1170 ἡ
1609 1099 1702 1152 τοῦ
1753 1099 1889 1152 Θεοῦ
1937 1098 2046 1169 γὰρ

452 1189 612 1259 χάρις
643 1187 874 1240 πλουσία
898 1182 1051 1249 οὖσα,
1081 1188 1144 1238 ἐκ
1173 1186 1281 1237 τῶν
1331 1187 1532 1256 ἐαυτῆς
1566 1187 1862 1258 θησαυρῶν
1904 1206 2048 1261 παρ-

451 1278 565 1347 έχει
595 1279 746 1348 ἡμῖν,
777 1278 871 1331 ἐάν
900 1271 1050 1347 ὦμεν
1081 1276 1244 1340 ἄξιοι.
1278 1277 1522 1348 Πρόσεχε
1551 1278 1752 1332 τοίνυν.
1797 1280 1860 1331 Οἱ
1904 1279 2046 1350 μάρο

447 1385 611 1438 τυρες
637 1369 1025 1440 παρῃτήσαντο
1061 1366 1264 1437 βρῶσιν
1299 1366 1683 1430 εἰδωλοθύτων,
1719 1367 1888 1431 ὅντως
1913 1368 2046 1436 φεύο

447 1476 632 1525 γοντες
658 1460 874 1526 φαγεῖν,
900 1458 974 1520 ὼς
1005 1459 1053 1509 εί
1087 1456 1286 1524 ἔφυγεν
1322 1456 1495 1527 Ἀδὰμ
1517 1459 1577 1509 τὸ
1595 1457 1833 1528 δένδρον,
1864 1457 2043 1529 ἐσώθη

445 1551 530 1603 ἄν.
567 1549 690 1601 ’Ότι
727 1548 782 1601 δέ
818 1548 878 1600 οὐ
927 1547 990 1599 16
1037 1545 1236 1598 εἰδέναι
1275 1545 1478 1612 ἀγαθὸν
1524 1545 1617 1599 καὶ
1655 1546 1846 1609 κακὸν,
1885 1546 2044 1600 τοῦτο

447 1637 698 1708 μισητὸν,
725 1638 758 1707 ἡ
782 1636 1011 1708 ἀλήθεια
1033 1635 1261 1704 λάμπει.
1304 1634 1554 1703 Ἐρωτῶν
1576 1633 1685 1703 γὰρ
1721 1636 1749 1686 6
1771 1633 1924 1697 Θεὸς,
1948 1634 2043 1686 καὶ

448 1727 524 1797 μὴ
555 1727 833 1797 πράττων,
864 1720 1006 1778 οἶδεν
1033 1723 1186 1788 αὐτὸ,
1216 1723 1249 1794 ἢ
1283 1723 1378 1788 ob;
1407 1723 1503 1786 Τίς
1537 1723 1714 1794 τολμᾷ
1762 1725 1938 1776 εἰπεῖν
1959 1724 2041 1777 ὃτι

443 1817 544 1870 οὐκ
577 1811 719 1870 οἶδεν
739 1835 754 1882 ;
776 1815 848 1869 Οὐ
877 1815 984 1885 γάρ
1012 1816 1160 1867 ἐστιν
1183 1816 1215 1884 ἡ
1250 1814 1472 1881 γνῶσις,
1497 1814 1715 1884 πρᾶξις.
1736 1808 1882 1884 Ἀρα
1903 1812 2043 1866 Παῦο

443 1905 533 1968 λος
566 1908 594 1958 6
624 1905 819 1972 λέγων,
847 1903 1102 1971 Φεύγετε
1128 1901 1245 1968 τὴν
1271 1901 1576 1968 πορνείαν,
1616 1902 1715 1953 οὐκ
1738 1901 1855 1971 ᾔδει
1888 1899 1940 1953 τί
1974 1896 2040 1970 ἦν

443 1996 476 2065 ἡ
508 1993 732 2065 πορνεία
756 2011 769 2058 ;
794 1994 822 2044 6
846 1991 1063 2061 φεύγων
1097 1989 1363 2061 μοιχείαν,
1393 1989 1493 2042 οὐκ
1520 1989 1637 2059 ᾔδει
1674 1988 1726 2040 τί
1757 1983 1826 2058 ἦν
1853 1990 1885 2058 ἠ
1923 2006 2041 2058 μοι·

440 2083 598 2154 χεία;
643 2083 781 2136 Ἀλλ’
819 2082 876 2134 οὐ
914 2080 1238 2151 κατέκρινεν
1271 2079 1434 2132 αὐτὸν
1466 2080 1498 2148 ἡ
1531 2078 1752 2146 γνῶσις.
1787 2077 1962 2141 Αὐτὸς
1982 2077 2037 2130 δέ

440 2175 469 2224 6
499 2173 631 2235 Θεὸς
671 2167 812 2224 οἶδεν
850 2171 1009 2242 ἡμῶν
1051 2169 1180 2233 ὅλας
1216 2168 1316 2232 τὰς
1360 2168 1607 2240 πράξεις,
1650 2167 1900 2240 ἀριθμῶν
1945 2171 2039 2222 καὶ

441 2260 641 2328 λέγων·
687 2261 787 2314 Ἐκ
815 2258 923 2325 τῆς
951 2259 1200 2327 καρδίας
1231 2256 1578 2327 ἐξέρχονται
1609 2257 1885 2326 λογισμοὶ
1924 2272 2036 2310 πο-

440 2348 635 2416 νηροὶ,
671 2350 866 2415 φόνοι,
899 2347 1177 2416 μοιχεῖαι,
1197 2346 1514 2414 ἐπιορκίαι,
1537 2345 1864 2412 ἀσέλγειαι,
1893 2348 2037 2413 φθό-

439 2455 554 2501 νοι,
588 2437 953 2501 πλεονεξίαι.
987 2435 1178 2490 Ταῦτά
1205 2436 1336 2489 ἐστι
1359 2438 1434 2488 τὰ
1461 2433 1780 2489 κοινοῦντα
1802 2435 1910 2488 τὸν
1931 2436 2035 2489 ἄν·

441 2529 695 2594 θρωπον.
732 2525 920 2579 Ταῦτα
946 2522 1100 2596 [500]
1147 2523 1358 2592 ἀγνοῶν
1392 2523 1560 2591 λέγει.
1599 2522 1632 2592 ἦ
1659 2522 1810 2584 εἰδὼς
1841 2526 1869 2576 ό
1902 2523 2034 2587 Θεὸς

440 2613 536 2668 καὶ
557 2615 586 2666 6
601 2612 922 2675 ’Δπόστολος
944 2629 956 2676 ;
977 2612 1086 2680 Οὐχ
1111 2609 1320 2682 ὑϐρίζει
1341 2605 1434 2662 οῦν
1457 2611 1490 2680 ἡ
1510 2610 1709 2677 γνῶσις
1723 2609 1816 2662 τὸν
1837 2609 2027 2679 Ἀδάμ.

442 2701 720 2770 Ἐϐλαψεν
755 2701 851 2769 οὐχ
884 2701 916 2770 ἡ
947 2699 1168 2767 γνῶσις,
1195 2697 1312 2753 ἀλλ’
1338 2699 1375 2768 ἡ
1421 2697 1753 2769 παράϐασις.
1787 2697 1937 2750 Θέλω
1975 2700 2032 2752 δὲ

439 2790 718 2861 ἐρωτῆσαι
747 2790 929 2852 αὐτὸν,
963 2791 1115 2841 ποῖον
1144 2787 1317 2857 ἔμαθε
1346 2787 1498 2858 παρά
1524 2787 1618 2839 τοῦ
1655 2787 1812 2851 ξύλου
1843 2788 2027 2852 καλὸν,

437 2878 470 2946 ἦ
494 2878 662 2932 κακόν
687 2895 700 2941 ;
729 2877 881 2931 Μετὰ
926 2876 1026 2947 τὴν
1077 2876 1278 2946 βρῶσιν
1311 2876 1452 2943 ἔγνω
1479 2876 1528 2928 τί
1563 2877 1680 2927 ἐστι
1707 2876 1895 2944 φόνος;
1935 2877 2029 2928 Οὐο

434 2965 547 3030 δεὶς
581 2965 792 3018 οὐδέπω
843 2959 910 3033 ἦν
949 2965 976 3015 6
1003 2963 1279 3028 κολάζωνο
1329 2964 1389 3016 οὐ
1421 2965 1636 3034 μοιχεία
1665 2965 1993 3030 ἐγινώσκετο
2013 2981 2025 2995 ·

436 3053 648 3106 οὐδέπω
672 3059 780 3123 γάρ
800 3047 940 3123 ἦσαν
963 3051 1131 3122 γάμοι
1148 3067 1160 3079 '
1185 3051 1243 3106 οὐ
1268 3055 1537 3122 πορνεῖαι,
1565 3052 1664 3121 οὐχ
1687 3052 1913 3123 ἀρπαγὴ
1936 3048 2025 3122 ἦν·

435 3142 647 3195 οὐδέπω
679 3140 788 3211 γάρ
811 3136 878 3210 ἦν
912 3140 1163 3202 πλούσιος
1189 3140 1282 3192 καὶ
1325 3141 1526 3210 πένης·
1574 3141 1633 3192 οὐ
1669 3141 2025 3208 συκοφαντίαι

435 3231 530 3284 καὶ
555 3229 1040 3300 ψευδομαρτυρίαι.
1084 3229 1242 3280 Ποῖον
1281 3223 1374 3281 οῦν
1406 3228 1546 3295 ἔγνω
1584 3228 1772 3293 κακὸν,
1805 3228 1837 3299 ἢ
1868 3227 2027 3282 τοῦτο

439 3319 623 3387 μόνον,
651 3321 734 3373 ὅτι
755 3318 919 3371 καλὸν
944 3313 1011 3388 ἦν
1047 3318 1108 3369 τὸ
1137 3317 1445 3370 ὑπακοῦσαι
1485 3317 1626 3387 Θεῷ,
1676 3317 1846 3372 κακὸν
1874 3318 1930 3371 δέ
1964 3318 2026 3371 τὸ

437 3407 789 3477 παρακοῦσαι
819 3405 952 3459 Θεοῦ
979 3422 992 3470 ;
1028 3407 1187 3474 Λέγω
1216 3406 1272 3457 δέ
1312 3407 1488 3458 κοινὸν
1519 3407 1614 3458 καὶ
1653 3407 2024 3477 περιφερόμε-

435 3513 524 3549 νον
559 3497 730 3566 ῥῆμα,
755 3496 850 3548 καὶ
882 3495 954 3564 μή
993 3510 1075 3555 τις
1109 3492 1272 3546 αὐτοῦ
1300 3493 1374 3556 ὼς
1420 3493 1696 3565 τολμηροῦ
1746 3496 2019 3566 καταγνῷ.

434 3583 724 3652 Εἰώθαμεν
756 3582 932 3649 λέγειν
962 3583 1074 3642 τοῖς
1097 3581 1527 3650 ἁμαρτάνουσιν,
1560 3583 1912 3646 ἀπειλοῦντες
1935 3585 2024 3637 αὐ-

430 3673 543 3734 τοῖς
583 3671 920 3741 ἐπιστροφήν
945 3686 956 3698 ·
1001 3668 1148 3720 Ποιῶ
1179 3685 1238 3720 σε
1275 3669 1470 3737 μαθεῖν
1493 3673 1845 3741 ἐπιστροφήν.
1875 3668 2022 3742 τΑρα

432 3757 631 3826 γνῶσιν
662 3757 809 3824 λέγει
844 3757 944 3822 τὴν
975 3757 1246 3825 μάθησιν;
1275 3757 1348 3809 Τὸ
1376 3753 1468 3810 οῦν
1493 3758 1734 3824 γνωστὸν
1775 3759 1883 3812 ἀπὸ
1920 3759 2023 3828 τῆς

432 3845 629 3916 πείρας
673 3843 780 3895 τῶν
831 3843 1149 3913 συμφορῶν.
1189 3845 1539 3897 Ἐπαίδευσεν
1583 3846 1746 3898 αὐτὸν
1793 3847 2017 3914 γνῶναι,

432 3933 618 3994 πόσοις
645 3949 713 3984 κα
729 3935 834 3994 κοῖς
866 3931 1196 4002 συνεζεύχθη
1225 3933 1495 4002 παραϐάς.

499 4029 561 4077 ε’.
582 4023 821 4093 [1963215
843 4022 1021 4075 τοίνυν
1051 4024 1188 4092 μετά
1209 4023 1514 4092 ἀκριϐείας.
1535 4024 1597 4077 Εἰ
1625 4023 1732 4094 γάρ
1754 4026 1849 4078 καὶ
1875 4025 2021 4097 εἴρη-

429 4130 518 4166 ται
536 4112 748 4185 πρῴην,
771 4112 884 4164 ἀλλ’
904 4113 937 4182 ἡ
957 4112 1211 4175 ὑπόθεσις
1228 4111 1374 4165 ἔλκει
1396 4112 1484 4165 τὸν
1503 4113 1678 4181 λόγον.
1699 4113 1755 4166 '0
1772 4113 2020 4178 δεδωκὼς

428 4199 498 4252 16
521 4202 698 4252 πάντα
725 4199 856 4262 Θεὸς
877 4200 1110 4270 ἀόρατος
1144 4194 1211 4270 ἦν
1233 4216 1246 4230 ο
1271 4201 1299 4252 ό
1320 4198 1500 4253 λαϐὼν
1539 4200 1690 4272 παρὰ
1741 4201 1836 4254 τοῦ
1884 4202 2017 4255 Θεοῦ

427 4288 498 4340 τὰ
527 4288 703 4341 πάντα
740 4286 1018 4359 ὁρώμενος
1048 4284 1134 4358 ἦν.
1184 4288 1240 4342 Ὀ
1273 4287 1451 4342 λαϐὼν
1497 4291 1767 4358 ἐφαίνετο,
1797 4293 1826 4343 6
1854 4291 2018 4344 δεδω-

428 4377 542 4441 κὼς
563 4380 661 4430 οὐκ
695 4377 966 4446 ἐφαίνετο.
1003 4379 1180 4441 Μόνος
1226 4373 1294 4448 ἦν
1328 4381 1355 4430 6
1380 4378 1665 4448 ἄνθρωπος
1687 4399 1698 4410 ·
1751 4381 1819 4433 τὰ
1847 4381 2018 4447 ἄλογα

428 4467 556 4536 περὶ
601 4465 784 4519 αὐτόν.
853 4468 1008 4518 Κατά
1046 4467 1289 4537 κεφαλῆς
1336 4467 1524 4520 οὐδένα
1573 4462 1733 4535 εἶχεν.
1779 4467 2017 4538 Ἐοηκεν

428 4553 577 4624 αὐτῴ
609 4555 636 4607 6
662 4553 793 4616 Θεὸς
819 4555 1003 4624 νόμον,
1043 4555 1102 4608 τὸ
1126 4555 1342 4624 δένδρον
1375 4557 1453 4617 εἰς
1487 4555 1793 4626 ὑπόμνησιν
1823 4557 1882 4609 ἐν
1921 4557 2016 4626 μέο

429 4659 528 4713 σῳ,
555 4642 642 4694 ἴνα
677 4641 748 4710 μὴ
772 4641 908 4711 λάθῃ
933 4640 1113 4693 λαϐὼν
1130 4643 1227 4711 τὴν
1251 4641 1589 4694 δεσποτείαν.
1616 4637 1762 4705 Οἴον,
1794 4643 2014 4715 περιῄει

424 4723 641 4796 τρυγὼν
664 4727 788 4786 τούς
818 4726 1064 4795 καρποὺς
1090 4725 1225 4794 μετὰ
1240 4725 1342 4795 τῆς
1364 4727 1640 4793 γυναικός.
1683 4727 2013 4798 Ἐπλησίαζε

423 4815 502 4884 τῷ
534 4814 735 4885 δένδρῳ
757 4831 769 4844 ·
806 4814 981 4880 ἔλεγε,
1013 4815 1102 4885 Μὴ
1123 4814 1388 4885 ἁψώμεθα
1417 4817 1510 4868 τοῦ
1537 4817 1755 4887 δένδρου
1790 4819 2010 4872 τούτου·

425 4904 554 4972 περὶ
580 4903 687 4974 γάρ
719 4902 882 4954 αὐτοῦ
920 4903 1289 4972 παρήγγειλεν
1313 4905 1340 4956 6
1371 4903 1524 4967 Θεός.
1560 4903 1669 4958 Καὶ
1697 4900 1763 4976 ἦν
1794 4906 1854 4958 τὸ
1878 4907 2016 4978 όρώ-

427 5005 587 5059 μενον
639 4991 945 5059 ὑπόμνησις
977 4989 1072 5041 τοῦ
1102 4991 1335 5061 ἀοράτου
1357 5007 1370 5021 ⁸
1405 4985 1491 5044 οἷα
1531 4993 1736 5059 γίνεται
1767 4997 1858 5048 καὶ
1895 4995 2008 5050 νῦν.

435 5079 722 5146 Ἐννόησον
752 5081 909 5132 πόσοι
941 5080 1078 5135 εἰσὶν
1109 5082 1370 5149 ἄρχοντες
1401 5081 1504 5134 άνά
1548 5085 1730 5136 πᾶσαν
1756 5083 1855 5156 τὴν
1887 5086 2004 5155 γῆν.

423 5163 533 5217 Καὶ
565 5165 751 5233 ἐπειδὴ
777 5165 1027 5232 βασιλεὺς
1053 5169 1218 5220 πᾶσιν
1252 5169 1312 5220 οὐ
1336 5169 1590 5238 πάρεστι,
1621 5171 1702 5222 δεῖ
1730 5174 2013 5242 παραστῆ-

423 5269 512 5305 ναι
542 5251 630 5304 τὸν
661 5256 985 5324 χαρακτῆρα
1018 5255 1113 5307 τοῦ
1149 5255 1411 5325 βασιλέως
1451 5259 1507 5309 ἐν
1537 5257 1927 5329 δικαστηρίοις,
1954 5261 2012 5312 ἐν

425 5341 670 5412 ἀγοραῖς,
711 5343 768 5392 ἐν
802 5342 1102 5408 συλλόγοις,
1155 5346 1211 5396 ἐν
1265 5345 1533 5416 θεάτροις.
1601 5345 1690 5398 Ἐν
1719 5348 1882 5400 παντὶ
1920 5345 2013 5401 οὖν

424 5428 596 5497 τόπῳ,
624 5429 680 5480 ἐν
773 5430 1001 5498 πράττει
1025 5430 1227 5500 ἄρχων,
1259 5433 1338 5484 δεῖ
1366 5435 1643 5503 παρεῖναι,
1670 5436 1754 5487 ἵνα
1783 5434 2013 5504 βεϐαιὼο

422 5515 602 5569 ταιτά
632 5517 913 5585 γινόμενα.
961 5518 1019 5568 '0
1045 5518 1296 5585 βασιλεὺς
1333 5520 1430 5590 μέν
1463 5517 1556 5573 οὐν
1593 5525 1848 5592 παρεῖναι
1879 5542 2013 5576 παν-

422 5603 610 5673 ταχοῦ,
641 5604 716 5666 ὡς
741 5605 1044 5674 ἅνθρωπος,
1079 5607 1139 5657 οὐ
1161 5606 1384 5660 δύναται
1411 5624 1424 5637 ⁶
1457 5609 1590 5662 Θεὸν
1613 5610 1670 5662 δὲ
1700 5612 1859 5664 πάλιν
1886 5615 2012 5681 φαί-

422 5693 633 5757 νεσθαι,
666 5694 742 5756 ὼς
789 5693 938 5758 Θεὸν,
969 5691 1277 5764 ἀνθρώποις
1307 5735 1321 5756 ,
1371 5697 1652 5750 ἀδύνατον.
1695 5699 1904 5752 Δέδωκε
1952 5703 2011 5754 τὸ

423 5779 638 5850 δένδρον
672 5781 995 5853 χαρακτῆρα
1026 5781 1126 5849 τῆς
1178 5781 1478 5851 βασιλείας,
1514 5786 1819 5857 ὑπόμνησιν
1846 5788 2010 5859 φέρον

492 5905 519 5950 b
537 5903 648 5958 Su.
684 5908 810 5968 conj.
840 5907 1000 5965 αὐτήν,
1024 5906 1150 5970 quod
1178 5905 1369 5970 recepit
1391 5906 1645 5960 Combeﬁs.

2160 920 2305 986 Θεὸς
2324 919 2412 988 μὴ
2444 919 2658 989 φαγεῖν
2686 918 2842 990 ὑμᾶς
2862 921 2980 974 ἀπὸ
3005 921 3229 986 παντὸς
3253 920 3481 984 ξύλοω
3520 917 3582 971 'H
3613 918 3748 989 γυνὴ

2155 1009 2256 1063 οὐκ
2296 1009 2692 1064 ἐπελανθάνετο
2729 1010 2823 1064 τοῦ
2858 1011 3049 1081 νόμου,
3102 1010 3237 1064 ἀλλά
3289 1009 3383 1062 καὶ
3441 1007 3747 1078 διορθοῦται

2154 1099 2254 1170 τὴν
2297 1101 2521 1168 ἄγνοιαν
2546 1142 2560 1161 ,
2620 1101 2712 1154 καί
2747 1113 2939 1172 φησιν’
2979 1100 3094 1155 Οὐκ
3145 1096 3301 1152 εἶπεν
3333 1101 3361 1152 6
3389 1099 3519 1163 Θεὸς
3550 1096 3745 1161 οὕτως,

2155 1187 2269 1240 ἀλλ’
2300 1189 2408 1241 ἀπὸ
2443 1188 2643 1250 παντὸς
2677 1187 2835 1251 ξύλου
2865 1186 3173 1259 φαγώμεθα
3195 1206 3209 1219 ·
3238 1187 3348 1240 άπὸ
3380 1186 3437 1240 δὲ
3466 1184 3562 1238 τοῦ
3591 1183 3746 1249 ξύλου

2153 1275 2366 1339 τούτου,
2413 1273 2564 1329 εἶπεν
2595 1278 2624 1329 6
2670 1276 2824 1338 Θεὸς,
2865 1275 2939 1346 μὴ
2996 1275 3209 1346 φάγητε
3253 1275 3347 1327 ἀπ’
3380 1271 3569 1336 αὐτοῦ,
3611 1271 3744 1343 μηδέ

2154 1362 2364 1433 ἆψασθε
2412 1363 2599 1418 αὐτοῦ.
2634 1363 2806 1416 Βλέπε
2858 1365 2956 1434 τὴν
3003 1362 3312 1432 ἀκρίϐειαν.
3368 1362 3427 1413 '0
3465 1359 3600 1420 Θεὸς
3645 1360 3744 1412 οὐκ

2152 1447 2272 1506 εἷπε
2293 1467 2305 1480 ·
2349 1450 2434 1521 Μὴ
2475 1451 2707 1521 ἀφησθε.
2738 1449 2872 1504 Οὐδὲ
2913 1449 3021 1522 γάρ
3048 1450 3209 1520 ἔφερε
3257 1447 3499 1501 κίνδυνον
3517 1447 3577 1502 τὸ
3602 1445 3744 1513 ἀψα-

2154 1540 2277 1592 σθαι
2294 1555 2305 1567 '
2333 1539 2448 1592 ἀλλ’
2473 1541 2670 1592 ἐκεῖνοι
2699 1538 2915 1591 σύνεσιν
2938 1538 3148 1607 ἔχοντες
3170 1537 3380 1606 θεῖκὴν,
3409 1534 3520 1587 τῶν
3539 1533 3741 1587 λοιπῶν

2150 1629 2516 1690 ἀπολαύοντες
2541 1667 2557 1691 ,
2589 1627 2797 1699 ὥρισαν
2843 1629 2972 1698 παρ’
3013 1628 3227 1688 ἑαυτοῖς
3253 1639 3269 1654 °
3333 1622 3483 1696 [501]
3517 1618 3688 1676 Εἶπεν
3713 1624 3741 1676 6

2149 1715 2302 1778 Θεὸς,
2341 1716 2432 1786 Μὴ
2479 1715 2752 1784 γεύσησθε
2808 1713 2903 1767 τοῦ
2967 1713 3220 1784 δένδρου·
3285 1714 3444 1782 ἡμεῖς
3495 1711 3552 1764 δέ
3607 1709 3741 1781 μηδέ

2149 1801 2418 1872 ἁψόμεθα.
2468 1801 2734 1855 Τοσοῦτον
2781 1801 2942 1872 ἔμελε
2987 1805 3053 1872 τῇ
3102 1800 3322 1868 γυναικὶ
3373 1798 3616 1870 τηρῆσαι
3648 1795 3738 1851 τοῦ

2147 1889 2283 1942 Θεοῦ
2322 1889 2421 1961 τὴν
2481 1889 2722 1958 ἐντολήν.
2787 1885 2895 1942 Ἦν
2953 1885 3046 1942 οὖν
3098 1889 3159 1941 τὸ
3214 1888 3428 1958 δένδρον
3480 1887 3538 1940 ἐν
3590 1886 3740 1956 μέσῳ

2147 1978 2439 2047 κείμενον,
2495 1979 2574 2041 εἰς
2641 1978 2669 2031 ὃ
2741 1978 3025 2048 ἠπάτησεν
3072 1976 3288 2038 αὐτούς.
3357 1974 3520 2027 Ξένον
3575 1975 3739 2027 άκουε

2148 2068 2399 2139 πρᾶγμα.
2464 2070 2763 2139 Ἐχρήσατο
2796 2068 3012 2139 όργάνῳ
3041 2067 3177 2137 πρὸς
3209 2067 3307 2137 τὴν
3331 2065 3570 2133 ἀπάτην,
3606 2065 3742 2134 πρά-

2146 2171 2317 2226 γματι
2355 2157 2825 2227 ἐμπεφυτευμένῳ
2848 2153 2929 2226 τῷ
2960 2152 3254 2224 ἀνθρώπῳ.
3323 2153 3382 2206 ’0
3440 2152 3552 2223 γὰρ
3605 2151 3740 2215 Θεὸς

2145 2245 2396 2297 πλάττων
2442 2245 2534 2296 τὸν
2573 2244 2894 2315 ἄνθρωπον,
2934 2242 3074 2314 μετὰ
3124 2243 3224 2311 τῆς
3273 2241 3439 2311 ἄλλης
3480 2239 3739 2308 γνώσεως

2142 2331 2402 2401 ἐνέθηκεν
2431 2331 2578 2402 αὐτῷ
2622 2331 2715 2385 καὶ
2747 2331 2909 2384 πόθον
2943 2330 3106 2384 Θεοῦ.
3154 2329 3308 2382 Ἐπεὶ
3363 2325 3457 2382 οῦν
3491 2323 3634 2381 εἶδεν
3681 2330 3737 2380 ἐν

2141 2419 2325 2482 αὐτοῖς
2349 2419 2441 2471 τὸν
2469 2419 2673 2484 πυρσὸν
2704 2417 2799 2471 τοῦ
2827 2417 2994 2471 πόθου
3015 2460 3029 2483 ,
3059 2415 3205 2484 λέγει
3231 2431 3242 2442 ·
3274 2413 3628 2480 Γενήσεσθε
3657 2414 3737 2480 ὡς

2141 2507 2284 2560 θεοί.
2322 2505 2456 2568 Νῦν,
2490 2507 2566 2570 ὡς
2592 2506 2902 2577 ἄνθρωποι,
2948 2507 3006 2558 οὐ
3033 2503 3260 2559 δύνασθε
3310 2498 3450 2555 εἶναι
3500 2502 3735 2555 πάντοτε

2144 2593 2281 2663 μετά
2313 2594 2470 2647 Θεοῦ.
2516 2594 2641 2647 Ἐἀν
2676 2593 2906 2664 γένησθε
2939 2594 3014 2657 ὼς
3060 2591 3192 2656 θεοὶ,
3229 2592 3460 2645 πάντοτε
3509 2589 3734 2660 μέλλετε

2140 2677 2278 2736 εἶναι
2308 2683 2425 2752 μετ’
2448 2681 2632 2735 αὐτοῦ.
2673 2684 2748 2734 Οὐ
2779 2681 2888 2751 γὰρ
2911 2677 3060 2733 εἶπεν
3099 2681 3310 2742 αὐτοῖς·
3332 2678 3457 2730 Ἑάν
3493 2679 3732 2747 φάγητε,

2137 2769 2354 2836 γίνεσθε
2398 2770 2648 2840 πολέμιοι
2688 2769 2784 2822 τοῦ
2812 2768 2968 2822 Θεοῦ.
3025 2768 3318 2836 Ἐπιθυμία
3367 2762 3459 2819 οὖν
3486 2767 3588 2835 τῆς
3622 2769 3734 2818 ισο-

2139 2852 2290 2915 θεῒας
2336 2855 2522 2924 ἀπατᾷ
2559 2853 2660 2924 τὴν
2705 2854 2938 2922 γυναῖκα
2965 2893 2979 2917 ,
3022 2851 3253 2921 κάκείνη
3296 2851 3385 2902 τὸν
3424 2849 3596 2919 ἀνδρα
3632 2851 3732 2902 οὐκ

2137 2938 2342 3009 ἀπατᾷ,
2380 2938 2516 2993 ἀλλά
2563 2938 2764 2993 πείθει.
2814 2940 2928 2992 Καὶ
2959 2939 3228 3010 μαρτυρεῖ
3276 2935 3487 2998 Παῦλος
3522 2935 3729 3004 λέγων’

2149 3021 2322 3091 Ἀδὰμ
2353 3024 2464 3076 οὐκ
2495 3021 2794 3090 ἠπατήθη.
2832 3023 2943 3076 Καὶ
2978 3023 3066 3075 διὰ
3104 3021 3157 3074 τί
3191 3019 3531 3090 κατεκρίθη;
3585 3018 3731 3089 Ὅρα

2133 3105 2194 3157 τὸ
2222 3105 2412 3160 δεινόν.
2463 3106 2525 3159 ’11
2573 3107 2713 3176 γυνὴ
2748 3106 3092 3174 ἀπατηθεῖσα
3132 3104 3303 3172 ἔφαγε
3329 3119 3342 3134 ο
3380 3103 3558 3155 πείθει
3592 3103 3731 3174 μετά

2134 3189 2192 3242 τὸ
2219 3191 2410 3258 φαγεῖν
2437 3190 2527 3243 καὶ
2557 3191 2647 3243 τὸν
2677 3191 2867 3262 ἄνδρα,
2904 3191 2990 3243 ἵνα
3023 3192 3096 3259 μὴ
3123 3190 3258 3259 μόνη
3290 3188 3600 3261 διατραπῇ·
3633 3189 3726 3241 καὶ

2135 3271 2372 3336 ἔπεισεν,
2403 3275 2503 3326 οὐκ
2536 3274 2852 3342 ἠπάτησεν
2887 3267 2995 3325 οἷον
3031 3272 3236 3340 γίνεται
3274 3274 3368 3324 καλ⁵
3392 3273 3487 3323 νῦν
3527 3272 3729 3325 πολλά-

2134 3372 2240 3418 κις.
2281 3353 2435 3409 Οἶδεν
2479 3357 2763 3426 ἄνθρωπος
2808 3356 2907 3426 τὴν
2938 3356 3151 3421 πίστιν,
3187 3358 3380 3427 ἀγαπᾷ
3415 3358 3506 3410 τὸν
3540 3359 3726 3426 νόμον,

2134 3438 2287 3508 ζηλοῖ
2313 3439 2410 3510 τὴν
2456 3439 2789 3510 όρθοδοξίαν,
2823 3442 2918 3492 καὶ
2949 3439 3197 3493 πείθεται
3229 3445 3296 3512 τῇ
3342 3441 3598 3509 γυναικὶ,
3652 3440 3728 3511 μὴ

2131 3522 2300 3588 δεῖξαι
2350 3523 2447 3576 τὸν
2501 3524 2682 3593 ζῆλον,
2716 3523 2816 3576 οὐκ
2852 3523 3061 3588 ἀγνοῶν
3104 3525 3200 3595 τὴν
3254 3524 3535 3596 ἀλήθειαν,
3589 3525 3727 3578 ἀλλά

2132 3607 2455 3676 πειθόμενος
2484 3609 2548 3677 τῇ
2587 3605 2821 3678 συμϐίῳ.
2853 3606 3046 3660 Πολλοὶ
3092 3607 3201 3679 γάρ
3232 3607 3510 3676 ἐνόμισαν,
3550 3608 3630 3661 ὅτι
3664 3609 3726 3662 ἀ-

2131 3689 2305 3758 γνοῶν
2338 3693 2365 3744 6
2405 3690 2579 3760 Ἀδὰμ
2603 3689 2762 3743 ἔλαϐε
2797 3690 2946 3760 παρὰ
2980 3690 3078 3760 τῆς
3112 3689 3392 3758 γυναικὸς,
3426 3691 3525 3742 οὐκ
3562 3689 3720 3752 είδὼς

2133 3773 2299 3827 πόθεν
2330 3775 2504 3842 ἤγαγε
2538 3774 2629 3826 τὸν
2659 3773 2891 3842 καρπόν.
2941 3772 3084 3825 Ἀλλ’
3112 3774 3212 3825 οὐκ
3241 3773 3354 3843 ἔχει
3386 3773 3684 3840 ἀπολογίαν
3706 3789 3722 3806 ο

2130 3859 2158 3909 6
2181 3858 2288 3927 γὰρ
2321 3857 2454 3919 Θεὸς
2479 3856 2713 3926 ἐλέγχει,
2741 3857 2914 3922 λέγων
2947 3856 3118 3927 αὐτῷ’
3155 3858 3281 3910 Ὅτι
3305 3857 3582 3925 ἤκουσας
3614 3857 3725 3926 τῆς

2129 3942 2334 4010 φωνῆς
2365 3941 2477 4008 τῆς
2524 3942 2807 4009 γυναικός
2839 3958 2976 3996 σου.
3013 3945 3122 3996 Καὶ
3147 3943 3247 3995 οὐκ
3278 3939 3450 4005 εἷπεν,
3497 3943 3718 4014 Ἐπειδὴ

2129 4024 2322 4087 ἔλαϐες
2377 4024 2528 4094 παρὰ
2562 4024 2665 4094 τῆς
2712 4027 2967 4092 γυναικός
3024 4043 3117 4078 σου
3144 4042 3157 4056 ο
3214 4027 3308 4079 καὶ
3346 4027 3452 4097 μὴν
3485 4026 3720 4096 ἠδύνατο

2128 4110 2324 4171 εἰπεῖν,
2356 4109 2631 4177 Ἠγνόουν,
2661 4110 2760 4160 οὐκ
2789 4111 2936 4181 ᾔδειν
2965 4110 3127 4162 πόθεν
3153 4111 3350 4181 ἤνεγκε
3377 4111 3468 4163 τὸν
3481 4112 3714 4180 καρπόν.

2129 4192 2201 4244 Τὸ
2231 4191 2485 4262 ἔγκλημα
2518 4192 2609 4244 τοῦ
2642 4192 2856 4264 ἀνδρὸς,
2890 4193 2988 4262 οὐχ
3021 4194 3101 4245 ὅτι
3143 4193 3398 4264 ἠπατήθη
3424 4233 3438 4257 ,
3477 4193 3592 4247 ἀλλ’
3635 4195 3716 4246 ὄτι

2129 4275 2440 4344 ἐδελεάσθη.
2470 4275 2752 4346 Ἔλθωμεν
2778 4277 2962 4330 λοιπὸν
2988 4277 3081 4330 ἐπὶ
3103 4278 3164 4330 τὸ
3189 4278 3541 4350 δικαστήριον
3563 4299 3575 4310 ·
3607 4281 3719 4333 [δω-

2131 4376 2230 4428 μεν
2257 4359 2324 4411 τὰ
2353 4359 2721 4430 ὑπομνήματα
2740 4361 2809 4415 τὰ
2831 4361 3020 4432 πρῶτα
3050 4362 3120 4414 16
3147 4362 3240 4413 ἐπὶ
3264 4362 3360 4432 τῆς
3385 4363 3547 4430 ἀγίας
3571 4367 3717 4417 ἐκεί-

2127 4461 2223 4512 νης
2251 4443 2345 4496 καὶ
2369 4443 2668 4496 ἀδεκάστου
2704 4443 2858 4511 δίκης
2888 4445 2978 4496 καὶ
3012 4443 3398 4515 φιλανθρώπου
3431 4447 3716 4516 γινόμενα,

2125 4526 2193 4578 τὰ
2225 4527 2505 4596 γραφέντα
2536 4526 2860 4597 γράμμασιν
2893 4527 3184 4590 ἀθανάτοις
3211 4571 3224 4593 ,
3258 4521 3332 4581 ὧν
3358 4529 3456 4600 τὴν
3492 4532 3719 4601 μνήμην

2126 4607 2218 4660 καὶ
2263 4609 2361 4678 τὴν
2408 4608 2529 4676 ὄψιν
2575 4610 2668 4661 καὶ
2709 4611 2810 4682 τὴν
2845 4610 3182 4682 φαιδρότητα
3214 4612 3334 4664 οὐδὲ
3382 4615 3489 4676 πᾶς
3522 4617 3549 4666 6
3583 4615 3718 4668 αἰὼν

2124 4690 2280 4743 λῦσαι
2323 4692 2566 4745 δύναται.
2605 4694 2848 4764 Πρόσεχε
2889 4695 3092 4749 λοιπόν.
3135 4697 3420 4756 Ἵικουσε,
3457 4699 3647 4766 φησὶν,
3681 4701 3716 4752 ό

2137 4772 2310 4842 Ἀδὰμ
2340 4773 2450 4842 τῆς
2478 4774 2685 4844 φωνῆς
2722 4778 2945 4845 Κυρίου
2992 4779 3462 4845 περιπατοῦντος
3500 4781 3564 4832 τὸ
3597 4782 3718 4836 δει-

2122 4857 2298 4910 λινὸν
2337 4857 2406 4909 ἐν
2446 4858 2525 4924 τῷ
2569 4859 2932 4927 παραδείσῳ.
2987 4863 3118 4914 ’Λπὸ
3148 4862 3240 4914 τοῦ
3275 4862 3447 4930 ψόφου
3480 4863 3716 4932 ᾔσθετο,

2123 4942 2216 4996 καὶ
2245 4941 2352 4994 άπὸ
2367 4942 2464 5011 τῆς
2488 4942 2790 5012 συνηθείας.
2819 4945 2926 4995 Καὶ
2952 4944 3059 4996 ἀπὸ
3084 4943 3177 4996 τοῦ
3210 4945 3419 4998 κτύπου
3445 4943 3560 5017 εἶχε
3583 4948 3718 5013 Θεὸς

2123 5025 2444 5094 φαίνεσθαις
2489 5026 2770 5093 Ἐφαίνετο
2814 5027 2910 5096 οὐχ
2943 5027 3018 5090 ὼς
3051 5023 3139 5098 ἦν,
3172 5028 3284 5081 ἀλλ’
3325 5029 3399 5092 ὼς
3427 5031 3714 5099 ἠϐούλετο.

2122 5105 2425 5175 Εὐλογητὸς
2460 5107 2488 5157 6
2523 5105 2653 5168 Θεὸς
2673 5105 2779 5157 τῶν
2807 5106 2996 5172 ἁγίων,
3027 5108 3108 5158 ὃτι
3132 5107 3192 5160 τὸ
3219 5107 3443 5161 δειλινὸν
3471 5110 3595 5163 τότε
3624 5112 3715 5164 τὸν

2134 5190 2303 5258 Ἀδάμ
2336 5188 2697 5256 ἐπεσκέψατο,
2731 5189 2824 5240 καὶ
2858 5188 2952 5241 νῦν
2984 5190 3076 5242 ἐπὶ
3109 5191 3203 5243 τοῦ
3242 5191 3477 5262 σταυροῦ
3513 5192 3575 5245 τὸ
3603 5194 3713 5246 δει-

2120 5274 2281 5326 λινόν.
2332 5273 2442 5325 Καὶ
2483 5271 2589 5342 γὰρ
2636 5273 2756 5323 κατ’
2792 5271 3002 5336 ἐκείνας
3033 5273 3133 5337 16;
3168 5274 3317 5345 ὥρας
3349 5277 3650 5346 ὑπέμεινεν
3681 5282 3709 5333 ό

2120 5357 2310 5425 Σωτὴρ
2339 5356 2399 5407 τὸ
2432 5354 2620 5417 πάθος,
2653 5354 2775 5408 καθ’
2803 5355 2868 5418 6;
2890 5356 3192 5408 διετέλεσεν
3215 5361 3242 5410 6
3287 5359 3453 5428 Ἀδάμ
3480 5360 3589 5412 ἀπὸ
3619 5363 3711 5414 τοῦ

2121 5441 2314 5506 φαγεῖν
2345 5437 2449 5500 ἔως
2479 5437 2576 5506 τῆς
2608 5438 2973 5508 παραϐάσεως
3007 5451 3031 5478 ⁸
3071 5441 3291 5511 καὶτῆς
3316 5443 3572 5510 κρίσεως,
3605 5445 3713 5498 ἀπὸ

2120 5523 2284 5590 ἕκτης
2318 5520 2465 5588 ὠρας
2499 5519 2602 5582 ἕως
2644 5522 2893 5590 ἐννάτης.
2933 5523 3106 5594 Ἐκτῃ
3138 5524 3253 5594 ὼρᾳ
3281 5523 3452 5591 ἔφαγε
3476 5541 3492 5557 ο
3528 5527 3710 5580 κανὼν

2119 5605 2227 5674 γὰρ
2264 5604 2507 5671 φύσεως
2540 5602 2681 5671 μετά
2714 5603 2816 5676 τὴν
2845 5605 3010 5676 ἐκτην
3039 5605 3346 5677 ἀπεκρύϐη.
3381 5607 3456 5660 Τὸ
3482 5608 3712 5664 δειλινὸν

2184 5729 2210 5796 ξ
2237 5725 2317 5796 Sic
2340 5727 2642 5796 exemplaria
2667 5742 2677 5776 :
2703 5730 3008 5796 νειοῖο-ἥατο
3031 5732 3182 5796 Ieclio
3204 5733 3321 5781 ferri
3345 5734 3539 5796 nequit.
3564 5735 3710 5786 Com-

2118 5789 2318 5835 beﬁsius
2350 5792 2719 5859 expupjectpra
2742 5791 2999 5859 substituit
3019 5794 3108 5850 ἕως
3127 5801 3211 5859 τῆς
3231 5789 3597 5859 παρακρύψεως.
3627 5799 3710 5846 Si:

2311 5849 2588 5973 ἓῖἓεειέτῖὺὶι.
2615 5852 2680 5901 ΔΙ.
2702 5864 2792 5900 vox
2814 5849 3110 5919 παράκρυψις
3148 5849 3372 5907 ἰέιεοιείιε
3389 5849 3590 5908 ὸῐιιήἱυὸ
3611 5868 3707 5918 εει,
