3984 6430
190 443 310 500 489

211 579 290 612 via
332 559 558 629 quastio
589 556 845 616 solvetur,
880 567 985 605 non
1012 548 1153 619 quod
1183 547 1351 617 prima
1381 559 1486 599 non
1517 543 1647 597 satis
1672 542 1796 603 sint,

206 651 304 706 sed
335 648 478 720 quod
505 648 594 701 Dei
626 646 794 717 gratia
821 643 972 697 dives
1002 642 1089 694 sit.
1118 639 1196 693 Ne
1224 638 1343 706 quis
1369 637 1510 689 enim
1542 642 1691 703 putet
1723 647 1805 685 ra-

209 744 417 798 tionum
439 738 798 794 additamenta
821 734 1138 805 ohpriorum
1158 728 1575 783 imbecillitatem
1603 724 1802 778 aﬂ‘erri:

208 848 334 886 nam
369 831 463 885 Dei
493 829 659 899 gratia
680 827 863 891 ,dives
895 840 1015 878 cum
1045 824 1113 875 sit
1133 863 1146 885 ,
1176 836 1239 874 ex
1271 818 1534 872 thesauris
1570 816 1677 870 Suis
1705 831 1803 868 no-

208 924 293 978 bis
321 922 463 975 dona
506 918 726 989 profert,
758 918 799 969 si
836 927 1008 968 tamen
1044 912 1187 980 digni
1225 912 1408 963 simus.
1440 907 1667 959 Attende
1702 905 1803 971 igi-

208 1024 316 1067 tur.
358 1014 619 1080 Martyres
650 1016 963 1063 recusarunt
986 1004 1138 1057 idolis
1166 1001 1556 1054 immolatoruin
1588 998 1800 1051 cibum:

206 1122 270 1159 eo
300 1104 464 1159 modo
492 1103 665 1156 cibum
689 1097 990 1167 huiusmodi
1024 1096 1304 1165 fugientes,
1330 1106 1434 1161 quo
1462 1091 1503 1144 si
1533 1090 1805 1157 effugisset

204 1197 382 1251 Adam
433 1195 655 1263 lignum,
712 1191 937 1244 salutem
992 1195 1421 1253 consequuturus
1469 1189 1603 1236 erat.
1652 1180 1801 1249 Quod

204 1297 388 1342 autem
417 1286 555 1339 scire
588 1284 781 1337 bonum
812 1292 865 1334 et
896 1280 1091 1332 malum
1114 1319 1129 1342 ,
1165 1292 1268 1330 non
1313 1276 1435 1329 odio
1463 1273 1680 1343 dignum
1710 1272 1799 1335 sit,

205 1394 337 1432 vere
377 1376 634 1445 liquidum
678 1381 781 1428 est.
838 1372 978 1425 Deus
1024 1372 1166 1424 enim
1210 1370 1586 1436 interrogans,
1616 1376 1668 1419 et
1696 1379 1801 1417 non

206 1468 435 1530 faciens,
470 1482 534 1518 an
564 1480 674 1519 rem
708 1462 873 1525 novit,
902 1476 1070 1515 necne
1097 1462 1119 1513 ?
1149 1461 1278 1525 Quis
1302 1460 1442 1513 ausit
1468 1457 1650 1510 dicere
1679 1470 1800 1509 eum

208 1575 315 1614 non
347 1573 507 1611 nosse
534 1558 556 1609 ?
582 1556 694 1610 Non
738 1556 878 1610 enim
918 1550 1181 1621 cognitio,
1214 1552 1326 1619 ipsa
1362 1550 1501 1603 actio
1536 1558 1633 1600 est.
1667 1547 1801 1601 Num

209 1650 430 1712 Paulus,
463 1649 552 1715 qui
583 1646 792 1701 dicebat
815 1688 826 1708 ,
861 1645 1047 1713 Fugite
1080 1642 1464 1712 fornicationem
1498 1640 1570 1708 (I.
1596 1637 1715 1692 Cor.
1745 1640 1798 1691 6.

211 1734 303 1803 18)
333 1774 345 1795 ,
374 1731 652 1799 ignorabat
680 1728 805 1797 quid
848 1737 989 1781 esset
1036 1724 1355 1780 loruicatio?
1378 1722 1618 1776 cavendo
1648 1720 1802 1775 adul—

208 1824 428 1882 terium,
463 1821 732 1874 nesciebat
755 1818 879 1888 quid
901 1826 1043 1871 esset
1072 1812 1437 1869 adulterium?
1471 1813 1666 1866 Verum
1693 1826 1798 1864 non

207 1916 327 1970 ideo
357 1928 485 1966 reus
508 1954 521 1975 ,
567 1911 707 1982 quod
758 1919 957 1965 nosset.
991 1908 1128 1976 Quin
1164 1908 1276 1976 ipse
1313 1906 1452 1959 Deus
1484 1905 1629 1957 novit
1654 1912 1800 1956 actus

206 2020 397 2059 omnes
427 2013 659 2066 nostros,
692 2004 835 2070 ipsos
863 2013 1184 2055 enumerans
1212 2012 1275 2052 ac
1298 1997 1485 2050 dicens
1516 2012 1528 2047 :
1552 1994 1627 2047 De
1652 1995 1803 2047 corde

206 2106 389 2149 exeunt
432 2095 757 2164 cogitationes
803 2093 971 2154 malm,
1017 2092 1197 2151 aedes,
1235 2086 1506 2151 adulteria,
1556 2085 1800 2154 porjuria,

207 2186 561 2255 impudicitia,
584 2184 803 2245 invidiw,
829 2183 1041 2252 rapinis.
1076 2180 1199 2234 Haec
1215 2190 1329 2232 sunt
1350 2194 1460 2249 qua:
1478 2178 1803 2246 coinquinant

206 2280 458 2331 hominem
488 2276 505 2345 (
538 2275 721 2328 Matth.
760 2275 845 2328 15.
880 2273 960 2327 19.
986 2272 1056 2326 20
1078 2272 1120 2341 ).
1160 2271 1408 2324 Hzeccine
1436 2270 1683 2338 ignorans
1713 2274 1804 2319 aut

206 2372 384 2425 sciens
412 2370 542 2422 dicit
573 2369 730 2431 Deus,
761 2368 891 2425 dicit
912 2365 1245 2435 Apostolus?
1277 2364 1389 2417 Non
1423 2376 1550 2432 ergo
1577 2361 1801 2414 scicntia

205 2462 413 2515 Adamo
462 2459 710 2512 dedecori
746 2468 845 2513 est.
894 2458 1087 2511 Nocuit
1125 2457 1221 2522 illi,
1263 2471 1366 2508 non
1408 2454 1663 2523 cognitio,
1706 2450 1801 2506 sed

207 2550 587 2620 transgressio.
629 2549 798 2603 Velim
837 2558 1014 2602 autem
1050 2547 1117 2601 ab
1139 2547 1230 2600 illo
1261 2560 1503 2615 qua-rere
1527 2586 1541 2610 ,
1576 2543 1703 2613 quid
1737 2558 1799 2595 ex

204 2642 343 2712 ligno
364 2642 630 2706 didicerit,
657 2640 927 2694 bonumne
948 2656 1013 2692 an
1038 2638 1255 2691 malum.
1288 2640 1364 2689 An
1386 2645 1505 2705 post
1530 2650 1678 2688 esum
1709 2648 1803 2685 no-

202 2737 277 2787 vit
310 2735 439 2803 quid
479 2744 623 2787 esset
665 2732 1057 2788 homicidium?
1082 2731 1249 2785 Nemo
1279 2730 1538 2783 hactenus
1561 2735 1674 2781 erat
1710 2728 1799 2796 qui

202 2828 414 2895 puniret
446 2842 459 2889 ;
486 2826 802 2878 adulterium
828 2824 1327 2889 nesciebatur,cum
1361 2820 1596 2875 nondum
1621 2826 1802 2873 essent

202 2919 446 2986 nuptiae:
484 2930 589 2969 non
627 2914 930 2978 fornicatio,
965 2930 1067 2966 non
1116 2914 1299 2981 rapina
1351 2920 1508 2975 erat;
1563 2909 1797 2963 nondum

199 3013 342 3066 enim
374 3018 529 3065 erant
553 3009 704 3062 dives
730 3008 815 3062 vel
849 3022 1049 3076 pauper
1083 3026 1094 3059 :
1130 3022 1237 3059 non
1274 3005 1660 3074 sycophantire,
1694 3016 1797 3055 non

200 3104 331 3157 falsa
386 3100 714 3154 testimonia.
753 3100 905 3166 Quod
957 3099 1114 3168 igitur
1143 3096 1287 3151 aliud
1328 3097 1522 3149 malum
1571 3094 1797 3158 sciebat,

199 3192 299 3246 nisi
334 3190 438 3245 hoc
461 3190 657 3253 solum,
691 3190 887 3243 bonum
919 3204 1111 3256 nempe
1132 3202 1253 3243 esse
1286 3187 1397 3240 Deo
1418 3186 1661 3254 obsequi,
1686 3200 1797 3238 ma-

200 3284 311 3337 lum
341 3282 441 3349 ipsi
472 3294 577 3333 non
604 3279 866 3333 obedire?
898 3279 1031 3333 Rem
1063 3278 1186 3331 dico
1219 3293 1338 3346 qua:
1378 3277 1518 3345 vulgi
1561 3291 1654 3329 ore
1690 3277 1796 3329 cir-

198 3371 518 3435 cumfertur,
568 3383 634 3423 ne
685 3369 805 3438 quis
850 3383 939 3422 me
982 3366 1220 3421 audacia:
1270 3368 1492 3420 incuset.
1552 3365 1799 3419 Solemus

198 3464 379 3516 dicere
435 3461 801 3530 peccantibus,
849 3458 1239 3512 comminantes
1283 3468 1337 3509 ut
1374 3466 1795 3511 convertantur:

202 3552 417 3607 Faciam
461 3559 519 3605 ut
552 3550 728 3604 discas
756 3550 1206 3616 resipiscentiam.
1242 3548 1455 3618 Ergone
1495 3549 1583 3617 qui
1613 3550 1689 3603 sic
1716 3549 1798 3603 Io-

204 3645 407 3711 quitur,
432 3643 569 3694 hanc
592 3640 928 3707 disciplinam
952 3639 1079 3692 dicit
1105 3654 1225 3693 esse
1246 3640 1566 3693 scientiam?
1605 3638 1795 3693 Scien-

201 3736 272 3786 tia
320 3733 482 3801 igitur
522 3746 587 3784 ex
625 3730 984 3784 calamitatum
1018 3730 1345 3796 experientia
1386 3728 1648 3797 procedit.
1690 3730 1796 3783 Do-

198 3828 309 3880 cuit
334 3840 457 3878 eum
491 3834 543 3875 ut
575 3823 836 3887 disceret,
870 3830 998 3890 quot
1024 3822 1178 3875 malis
1206 3837 1264 3875 se
1292 3836 1387 3890 per
1410 3822 1795 3889 transgressio-

199 3932 322 3969 nem
353 3914 721 3981 implicuisset.

274 4008 325 4060 5.
371 4007 623 4059 Animum
666 4004 823 4073 igitur
866 4003 1153 4073 diligenter
1198 4004 1410 4057 adhibe.
1463 4004 1793 4071 Quamquam

198 4099 341 4151 enim
402 4096 544 4162 prius
587 4094 835 4156 diximus,
883 4094 1179 4162 argumenti
1227 4094 1363 4145 ratio
1402 4108 1465 4146 eo
1500 4094 1795 4145 orationem

199 4187 438 4241 deducit.
464 4185 710 4238 Omnium
738 4184 958 4252 largitor
991 4185 1129 4237 Deus
1160 4184 1437 4236 invisibilis
1459 4192 1572 4237 erat
1604 4199 1616 4246 ;
1648 4183 1736 4252 qui
1769 4198 1797 4235 a

203 4278 315 4332 Deo
372 4277 551 4329 omnia
602 4284 902 4343 acceperat,
954 4274 1052 4327 sub
1092 4283 1365 4341 aspectum
1409 4274 1658 4327 cadebat.
1698 4273 1795 4340 Qui

201 4377 480 4437 acceperat
507 4408 521 4431 ,
553 4368 720 4421 oculis
751 4367 994 4435 patebat;
1028 4365 1115 4433 qui
1146 4365 1367 4417 dederat
1395 4406 1407 4425 ,
1437 4380 1543 4418 non
1576 4378 1801 4431 appare-

201 4460 309 4514 bat.
355 4460 516 4512 Solus
562 4468 675 4512 erat
721 4457 921 4510 homo:
967 4456 1116 4509 bruta
1157 4456 1446 4507 animantia
1476 4458 1615 4508 circa
1650 4454 1795 4507 illum

201 4562 373 4607 erant.
424 4551 699 4604 Neminem
745 4550 1323 4618 liabebat0ppositum.
1357 4548 1612 4616 Imposuit
1655 4548 1795 4601 Deus

202 4644 375 4711 legem
406 4681 418 4702 ,
446 4641 693 4693 arborem
730 4641 779 4692 in
809 4640 981 4692 medio
1002 4682 1016 4705 ,
1048 4656 1166 4708 qurc
1192 4641 1697 4705 commonefaceret,
1731 4654 1799 4692 ne

202 4732 302 4786 sub
344 4731 619 4785 dominatu
654 4745 711 4784 se
742 4730 969 4797 positum
1017 4745 1137 4783 esse
1178 4730 1603 4783 oblivisceretur.
1637 4728 1795 4782 Verbi

200 4824 391 4893 gratia,
426 4822 685 4873 circuibat
715 4821 914 4873 fructus
937 4821 1229 4885 decerpens
1254 4836 1372 4873 cum
1404 4836 1591 4875 uxore.
1624 4822 1796 4874 Acce-

200 4916 360 4968 debat
389 4913 454 4965 ad
485 4914 727 4967 arborem
755 4930 766 4964 :
800 4913 1029 4977 dicebat,
1064 4912 1141 4965 Ne
1170 4914 1307 4966 hanc
1335 4913 1580 4965 arborem
1616 4922 1797 4981 tanga-

198 5022 318 5059 mus
349 5022 362 5063 ;
395 5004 461 5056 de
496 5004 577 5056 illa
616 5019 844 5071 namque
889 5013 1207 5072 prmceptum
1252 5003 1397 5056 dedit
1432 5004 1593 5056 Deus.
1636 5004 1793 5057 Erat-

199 5113 299 5166 que
329 5098 378 5149 id
406 5094 547 5163 quod
578 5094 875 5159 videbatur,
906 5096 1021 5163 ejus
1050 5095 1136 5161 qui
1172 5094 1450 5147 invisibilis
1478 5105 1593 5148 erat
1626 5096 1796 5147 moni-

200 5197 441 5239 mentum
475 5199 488 5247 ;
524 5183 573 5235 id
606 5184 743 5252 quod
791 5186 949 5237 etiam
996 5200 1135 5237 nunc
1175 5184 1385 5239 accidit.
1424 5183 1607 5252 Cogita
1638 5199 1793 5252 quam

200 5278 351 5335 utuIti
404 5291 498 5345 per
528 5276 829 5329 universum
872 5278 1057 5329 orbem
1102 5276 1339 5344 prmfecti
1384 5278 1507 5328 sint.
1537 5278 1666 5347 Quia
1699 5293 1793 5328 au-

203 5381 305 5425 tem
340 5370 635 5437 Imperator
683 5383 787 5421 non
832 5370 1078 5421 omnibus
1120 5369 1307 5431 adest,
1336 5385 1555 5422 necesse
1586 5379 1662 5421 est
1696 5369 1802 5421 Im-

203 5463 467 5528 peratoris
486 5458 715 5527 efﬁgiem
747 5460 796 5512 in
824 5460 1195 5525 trilmnahlms,
1222 5461 1270 5511 in
1294 5459 1441 5521 foris,
1469 5461 1517 5511 in
1546 5460 1794 5524 coetibus,

206 5551 254 5605 in
279 5553 505 5605 theatris
535 5552 795 5605 exhiberi.
830 5550 883 5605 in
916 5554 1058 5605 omni
1090 5568 1216 5621 ergo
1248 5553 1385 5615 loco,
1413 5553 1464 5607 in
1496 5567 1600 5621 quo
1632 5565 1795 5622 nego-

205 5643 274 5693 tia
309 5651 503 5695 tractat
557 5640 838 5710 prtefectus
884 5642 1110 5711 efﬁgiem
1162 5658 1279 5696 esse
1319 5652 1547 5710 oportet,
1581 5653 1641 5696 ut
1676 5657 1793 5711 quze

206 5734 341 5788 fiunt
386 5735 753 5787 auctoritatem
800 5732 1047 5787 habeant.
1096 5734 1391 5800 Imperator
1437 5733 1673 5803 quidem.
1706 5744 1791 5785 ut-

205 5833 327 5896 pote
359 5824 520 5877 homo
545 5863 561 5891 ,
594 5824 787 5895 ubique
833 5840 1067 5894 prmsens
1100 5840 1218 5881 esse
1259 5840 1363 5879 non
1396 5831 1572 5895 potest
1602 5842 1614 5877 :
1651 5824 1791 5879 Deus

1248 433 1335 487 DE
1374 428 1589 487 MUNDI
1624 423 2018 486 CREATIONE
2058 426 2315 485 ORATIO
2352 428 2418 484 VI

3396 443 3511 501 490

1918 555 2049 593 vero
2074 554 2293 601 rursus,
2318 547 2377 592 ut
2408 538 2545 592 Deus
2575 545 2687 601 est,
2722 534 2870 590 nullo
2914 536 3073 590 modo
3109 544 3280 606 potest
3307 537 3374 591 ab
3404 542 3499 590 hu-

1913 630 2148 684 minibus
2173 629 2362 684 videri.
2394 628 2549 683 Dedit
2578 627 2827 682 arborem
2860 626 3066 695 imperii
3096 627 3499 693 characterem,

1912 720 2001 788 qui
2034 720 2295 773 Adamum
2327 718 2832 782 commonefaceret,
2865 719 3135 787 accepisse
3173 733 3231 773 se
3263 720 3500 773 omnium

1911 810 2264 863 dominatum.
2306 810 2549 876 Agnosce
2579 824 2699 863 eum
2731 809 2819 878 qui
2854 808 2945 862 tibi
2989 818 3303 877 potestatem
3332 808 3498 864 dedit.

1914 899 1979 953 Et
2017 910 2073 952 ut
2110 899 2287 953 discas
2342 898 2611 968 quomodo
2637 900 2799 953 arbor
2825 900 2965 967 ipsos
2993 898 3500 965 commonefaceret,

1911 1004 2030 1043 cum
2080 1004 2302 1057 serpens
2350 991 2629 1043 mulierem
2677 989 2925 1057 decipere
2972 992 3156 1055 voluit,
3209 991 3343 1047 dixit
3390 992 3498 1046 illi:

1910 1081 2013 1135 Cur
2039 1083 2165 1135 dixit
2190 1083 2324 1136 vobis
2351 1082 2487 1135 Deus
2515 1098 2576 1135 ne
2591 1083 2913 1137 contederelis
2938 1100 3000 1137 ea:
3028 1086 3164 1137 onmi
3190 1085 3326 1154 ligno
3345 1085 3500 1154 (Gen.

1910 1174 1962 1227 5.
1996 1174 2069 1243 2)
2100 1175 2122 1227 ?
2147 1175 2336 1229 Mulier
2366 1190 2472 1227 non
2504 1175 2665 1229 oblita
2694 1185 2811 1230 erat
2837 1176 2966 1245 legis
2989 1217 3005 1241 ,
3031 1179 3136 1231 imo
3160 1180 3317 1232 etiam
3348 1182 3499 1248 igno-

1910 1264 2134 1317 rantiam
2182 1266 2433 1333 cerrigit,
2467 1274 2521 1318 et
2550 1267 2623 1319 ait
2651 1283 2662 1318 ε
2698 1266 2814 1319 Non
2842 1266 2909 1320 ita
2943 1267 3077 1322 dixit
3110 1269 3245 1322 Deus
3270 1312 3285 1335 ,
3314 1270 3405 1324 sed
3436 1289 3499 1325 ex

1908 1356 2053 1409 omni
2104 1356 2245 1424 ligno
2290 1358 2619 1412 comedimus
2648 1376 2662 1417 ξ
2695 1359 2762 1412 de
2808 1359 2908 1414 hoc
2953 1370 3129 1414 autem
3178 1362 3317 1432 ligno
3365 1364 3501 1420 dixit

1911 1448 2071 1513 Deus,
2104 1463 2169 1501 ne
2213 1449 2554 1503 comederitis
2581 1466 2645 1504 ex
2674 1450 2787 1516 illo,
2832 1468 3006 1520 neque
3047 1456 3271 1523 tangatis
3304 1456 3498 1524 ipsum.

1908 1539 2043 1592 Vide
2088 1542 2501 1595 accuratiouem.
2561 1543 2700 1597 Deus
2745 1559 2850 1597 nou
2898 1546 3079 1598 dixit:
3124 1547 3202 1600 Ne
3248 1551 3497 1618 tangatis.

1908 1629 2121 1683 Nullum
2150 1632 2345 1701 quippe
2376 1640 2490 1685 erat
2533 1632 2584 1685 in
2626 1642 2765 1688 tactu
2806 1636 3101 1703 periculum
3132 1655 3145 1689 :
3172 1638 3263 1692 scd
3290 1640 3386 1705 illi,
3411 1643 3498 1710 qui

1908 1719 2082 1773 divina
2116 1722 2323 1790 praediti
2373 1723 2654 1792 prudentia
2697 1734 2871 1791 erant,
2904 1727 3125 1797 reliquis
3156 1729 3415 1797 fruentes,
3449 1734 3500 1788 id

1908 1812 2045 1879 apud
2088 1828 2146 1867 se
2190 1822 2491 1868 statuerunt
2523 1832 2534 1865 :
2560 1813 2702 1867 Dixit
2724 1815 2865 1869 Deus
2907 1832 2977 1872 ne
3006 1818 3072 1870 de
3099 1819 3294 1875 arbore
3323 1834 3502 1889 gusw-

1910 1918 2029 1958 mus
2059 1919 2072 1967 ;
2102 1919 2199 1956 nos
2241 1920 2305 1958 ne
2348 1913 2626 1973 tangamus
2660 1906 2896 1975 quidem.
2928 1908 3095 1961 Tanta
3140 1912 3345 1965 mulieri
3372 1927 3499 1967 cura

1908 2002 2024 2047 erat
2067 1996 2315 2047 servandi
2364 1995 2454 2048 Dei
2499 2006 2844 2064 praeceptum.
2888 1998 3019 2053 Erat
3054 2001 3213 2069 igitur
3252 2002 3414 2057 arbor
3448 2005 3498 2057 in

1910 2084 2089 2139 medio
2139 2087 2332 2153 posita,
2388 2102 2489 2155 qua
2541 2103 2764 2156 serpens
2808 2089 3017 2144 seduxit
3058 2107 3171 2145 eos.
3216 2093 3347 2147 Rem
3379 2096 3499 2149 audi

1909 2175 2251 2243 stupendam.
2306 2176 2446 2231 Usus
2497 2178 2851 2231 inStrumcnto
2896 2189 2976 2233 est
3025 2181 3089 2233 ad
3136 2180 3396 2247 fraudem,
3443 2202 3500 2239 re

1910 2282 2101 2335 nempe
2134 2268 2337 2321 homini
2369 2268 2544 2321 insita.
2578 2269 2714 2321 Deus
2743 2270 2890 2322 enim
2921 2271 3191 2327 hominem
3221 2274 3455 2329 formans
3482 2318 3497 2341 ,

1908 2374 2028 2413 cum
2061 2361 2260 2428 reliqua
2290 2361 2533 2423 scientia,
2558 2362 2718 2417 etiam
2748 2362 3070 2416 desiderium
3099 2365 3190 2419 Dei
3213 2367 3497 2425 indiderat.

1908 2451 2038 2504 Cum
2082 2452 2243 2520 igitur
2284 2452 2334 2504 in
2374 2451 2477 2504 illis
2521 2450 2768 2505 desiderii
2817 2451 3342 2521 ﬂammamvideret,
3381 2460 3497 2512 ait:

1910 2541 2067 2595 Eritis
2096 2544 2223 2595 sicut
2252 2542 2342 2595 dii.
2377 2541 2547 2607 Nunc,
2584 2542 2825 2596 homines
2846 2584 2860 2608 ,
2895 2558 2998 2596 n0u
3035 2547 3255 2612 potcsﬁs
3283 2562 3499 2616 semper

1907 2648 2025 2687 cum
2061 2633 2170 2686 Deo
2196 2648 2334 2687 esse.
2368 2632 2421 2686 Si
2452 2631 2659 2686 fueritis
2687 2633 2820 2687 sicut
2850 2633 2921 2686 dit
2948 2674 2962 2698 ,
2992 2648 3206 2704 semper
3243 2652 3364 2691 cum
3407 2640 3500 2693 illo

1908 2727 2068 2780 futuri
2111 2728 2259 2780 estis.
2302 2725 2485 2795 Neque
2515 2727 2654 2779 enim
2687 2727 2821 2782 dixit
2852 2728 2956 2783 illis
2990 2746 3003 2783 :
3036 2728 3090 2784 Si
3134 2734 3496 2799 comederitis,

1910 2816 2001 2869 Dei
2027 2817 2207 2870 hostes
2221 2817 2390 2869 eritis.
2413 2816 2745 2871 Desiderium
2768 2833 2894 2887 ergo
2918 2836 2945 2870 a
2965 2819 3367 2888 qualitatiscum
3390 2824 3500 2879 Deo

1908 2908 2184 2962 mulierem
2216 2908 2451 2976 decipit:
2489 2909 2683 2977 illaque
2715 2909 2885 2962 virum
2920 2926 3023 2963 non
3056 2913 3275 2980 decipit,
3300 2914 3393 2969 sed
3424 2916 3501 2969 illi

1907 2998 2118 3052 suadet.
2150 2999 2202 3053 Id
2237 2999 2548 3053 testificatur
2577 3000 2773 3053 Paulus
2802 3001 2988 3055 dicens
3018 3020 3030 3054 :
3063 3002 3227 3056 Adam
3266 3005 3500 3061 seductus

1906 3106 2006 3143 non
2033 3098 2104 3142 est
2131 3090 2147 3158 (
2181 3091 2233 3144 I.
2263 3090 2398 3143 Tim.
2425 3090 2480 3145 2.
2518 3091 2585 3144 14
2614 3093 2654 3159 ).
2686 3089 2797 3145 Cur
2841 3101 3019 3146 autem
3057 3092 3341 3147 damnatus
3370 3107 3449 3149 est
3476 3097 3500 3149 ἲ

1910 3180 2037 3235 Vide
2067 3181 2189 3236 mali
2222 3183 2559 3251 gravitatem.
2586 3180 2777 3235 Mulier
2798 3182 3017 3236 seducta
3039 3184 3273 3238 comedit
3306 3201 3320 3250 ;
3349 3196 3498 3254 post-

1905 3289 2062 3343 quam
2094 3274 2419 3335 comederat,
2447 3276 2561 3327 viro
2584 3274 2792 3339 suadet,
2827 3292 2891 3328 ne
2923 3276 3032 3329 sola
3066 3287 3494 3347 perverteretur:

1904 3367 2091 3428 suasit,
2124 3381 2227 3418 non
2258 3366 2499 3434 decepit;
2530 3367 2710 3434 utjam
2743 3380 2886 3436 saepe
2914 3367 3025 3419 Iieri
3053 3369 3209 3422 solet.
3236 3369 3392 3424 Novit
3419 3374 3500 3425 vir

1906 3457 2085 3522 Iidem,
2116 3466 2257 3510 amat
2283 3457 2475 3527 legem,
2501 3458 2677 3511 studio
2705 3459 2893 3526 plenus
2920 3470 2997 3512 est
3029 3460 3342 3516 orthodoxae
3369 3464 3501 3518 reii-

1904 3548 2109 3616 gionis,
2142 3563 2453 3617 moremque
2484 3548 2619 3617 gerit
2652 3549 2835 3614 uxori,
2867 3564 2933 3602 ne
2960 3548 3191 3602 studium
3226 3552 3496 3618 ostendat,

1905 3657 2009 3695 non
2060 3642 2309 3710 ignorans
2359 3642 2660 3706 veritatem,
2697 3640 2790 3694 sed
2838 3640 3049 3711 conjugi
3100 3642 3496 3712 obtemperans.

1904 3732 2051 3785 Multi
2096 3748 2323 3801 namque
2367 3741 2654 3798 putarunt,
2689 3732 3021 3799 ignorantem
3059 3733 3320 3788 Adamum
3348 3750 3503 3791 acce-

1906 3823 2046 3889 pisse
2071 3823 2138 3875 ab
2168 3838 2332 3876 uxore
2352 3862 2365 3883 ,
2397 3838 2517 3874 cum
2562 3822 2795 3875 nesciret.
2841 3822 2979 3875 unde
3006 3822 3235 3877 fructum
3266 3825 3498 3885 tulisset.

1904 3914 1973 3967 At
1998 3912 2135 3966 nulla
2166 3915 2260 3982 ipsi
2284 3915 2557 3969 excusatio
2580 3923 2827 3985 superest
2853 3932 2864 3967 :
2898 3914 3041 3971 Deus
3067 3917 3209 3970 enim
3236 3922 3498 3988 coarguit,

1904 4022 2023 4059 cum
2052 4007 2124 4059 ait
2152 4023 2163 4057 :
2198 4006 2329 4072 Quia
2358 4006 2545 4059 audisti
2573 4022 2739 4058 vocem
2770 4009 2943 4059 uxoris
2971 4017 3071 4061 tuae
3096 4008 3115 4080 (
3136 4007 3263 4062 Gen.
3290 4011 3341 4065 5.
3372 4012 3437 4065 17
3456 4011 3499 4083 ).

1904 4096 2018 4150 Νοιι
2060 4096 2235 4154 dixit,
2268 4096 2398 4162 Quia
2443 4097 2691 4163 accepisti
2738 4096 2805 4149 ab
2853 4111 3019 4149 uxore
3060 4106 3147 4149 tua
3183 4116 3195 4152 :
3240 4115 3362 4153 nam
3404 4115 3498 4168 po-

1906 4190 2096 4242 tuisset
2120 4188 2297 4240 dicere
2323 4229 2335 4249 ,
2372 4187 2685 4255 Ignorabam
2713 4229 2728 4252 ,
2763 4188 3068 4242 nesciebam
3103 4189 3243 4244 unde
3264 4190 3498 4245 afferret.

1905 4279 2014 4331 Viri
2046 4280 2247 4332 crimen
2278 4290 2380 4343 est,
2424 4294 2528 4331 non
2568 4279 2707 4347 quod
2748 4279 3001 4347 deceptus
3026 4322 3040 4345 ,
3088 4282 3180 4335 sed
3222 4284 3359 4350 quod
3416 4285 3497 4338 in-

1904 4380 2115 4424 escatus
2148 4372 2234 4422 sit.
2263 4370 2379 4423 Jam
2412 4371 2474 4423 ad
2506 4370 2761 4439 judicium
2791 4372 3097 4427 veniamus:
3122 4374 3393 4431 videamus
3416 4377 3497 4431 ἰιιο

1905 4472 2199 4515 Strumenta
2248 4463 2436 4529 prima,
2487 4477 2606 4530 qua“:
2649 4462 2700 4514 in
2746 4472 2931 4516 sancto
2970 4464 3078 4527 illo,
3114 4465 3422 4534 incorrupto
3447 4477 3503 4520 et

1903 4551 2149 4605 clementi
2182 4548 2299 4609 foro
2329 4550 2485 4603 allata
2513 4560 2671 4616 sunt,
2702 4554 2965 4619 descripta
2997 4553 3166 4607 literis
3189 4555 3502 4609 immortalis

1904 4644 2000 4696 bus
2028 4684 2042 4707 ,
2084 4658 2307 4711 quarum
2337 4643 2650 4695 memoriam
2678 4684 2697 4708 ,
2722 4653 3066 4712 conspectum
3094 4688 3108 4711 ,
3137 4648 3502 4715 conspicuita-

1905 4745 2009 4787 teni
2046 4737 2242 4788 nullum
2268 4750 2439 4788 mvum
2467 4735 2648 4789 delere
2678 4737 2893 4802 poterit.
2917 4735 3034 4790 Jam
3066 4739 3493 4796 anidmadvcrte.

1903 4826 2126 4890 Audwil,
2169 4826 2360 4894 inquit,
2393 4825 2558 4878 Adam
2594 4842 2762 4878 vocem
2791 4827 2998 4881 Domini
3028 4828 3395 4884 deambulanti:
3434 4836 3500 4884 ad

1902 4934 2157 4985 vesperam
2186 4918 2238 4969 in
2266 4918 2502 4985 paradiso
2536 4916 2686 4988 (Gen.
2718 4919 2769 4971 3.
2804 4920 2881 4985 8).
2909 4921 2946 4973 A
2974 4922 3192 4988 strepitu
3224 4924 3409 4982 sensit.
3445 4934 3501 4978 et

1902 5025 1929 5061 a
1954 5007 2357 5062 consuetudine.
2391 5008 2601 5077 Ergone
2633 5023 2661 5061 a
2698 5010 2920 5078 strepitu
2963 5011 3125 5077 potuit
3157 5011 3297 5065 Deus
3327 5026 3496 5083 appa-

1903 5109 2022 5146 rere
2053 5091 2071 5143 ?
2103 5092 2408 5160 Apparebat
2438 5108 2542 5145 nou
2589 5102 2646 5146 ut
2679 5104 2815 5158 erat,
2848 5093 2939 5145 sed
2975 5103 3030 5147 ut
3056 5095 3287 5149 volebat.
3322 5095 3497 5152 Bene-

1901 5184 2073 5237 dictus
2100 5193 2403 5236 sanctorum
2435 5184 2604 5248 Deus,
2632 5183 2772 5251 quod
2802 5184 2865 5236 ad
2899 5199 3177 5254 vesperam
3208 5196 3335 5242 tunc
3357 5189 3499 5243 Ada-

1903 5290 2047 5327 mum
2072 5274 2363 5327 visitaverit
2391 5315 2403 5337 ,
2438 5286 2489 5327 et
2519 5289 2657 5326 nunc
2691 5274 2739 5326 in
2773 5290 2931 5328 cruce
2955 5276 3017 5329 ad
3050 5292 3351 5347 vesperam.
3386 5280 3495 5334 Illis

1900 5365 2094 5433 quippe
2127 5365 2270 5417 horis
2298 5364 2540 5417 Christus
2572 5366 2873 5432 passionem
2907 5366 3194 5431 sustinuit,
3228 5385 3360 5436 quas
3388 5372 3495 5440 egit

1900 5456 2067 5507 Adam
2095 5495 2108 5518 ,
2149 5470 2210 5507 ex
2238 5470 2349 5523 quo
2378 5454 2685 5507 eomederat
2708 5497 2721 5519 ,
2750 5455 2919 5509 donec
2950 5457 3181 5510 latebras
3206 5469 3489 5527 qurererct,

1900 5562 1961 5598 ac
1984 5546 2243 5614 judicium
2274 5548 2494 5609 subiret,
2528 5563 2555 5599 a
2585 5560 2733 5601 sexta
2763 5564 2931 5615 usque
2962 5549 3026 5602 ad
3061 5564 3252 5602 nonam
3285 5552 3489 5605 horam.

1899 5638 2058 5693 Sexta
2103 5637 2231 5690 hora
2277 5638 2510 5692 Comedit
2542 5655 2554 5691 :
2590 5638 2702 5691 haec
2739 5640 2879 5691 enim
2921 5650 3125 5692 natura:
3161 5640 3337 5708 regula
3371 5653 3489 5709 est;

1900 5740 2019 5798 post
2039 5738 2242 5783 sextam
2266 5729 2544 5783 abscondit
2570 5742 2649 5784 se.
2673 5730 2749 5782 Ad
2770 5743 3043 5799 vesperam
3070 5729 3207 5783 Deus
3230 5730 3294 5784 ad
3320 5731 3493 5799 ipsum

1901 5823 2062 5876 venit.
2096 5821 2426 5876 Desideravit
2454 5820 2691 5875 Adamus
2734 5820 2845 5875 fieri
2887 5822 3020 5876 deus
3050 5840 3064 5887 ;
3095 5837 3207 5877 rem
3241 5823 3492 5893 imponi,
