  <div class='ocr_page' id='page_1' title='image "/cluster/home/n/w/nwhite01/storage/ocr_20150623/56/ien.35556001660836/487.png"; bbox 0 0 3984 6440; ppageno 0'>
   <div class='ocr_carea' id='block_1_1' title="bbox 492 401 603 460">
    <p class='ocr_par' dir='ltr' id='par_1_1' title="bbox 492 401 603 460">
     <span class='ocr_line' id='line_1_1' title="bbox 492 401 603 460; baseline 0.036 -4"><span class='ocrx_word' id='word_1_1' title='bbox 492 401 603 460; x_wconf 81' lang='grc'>491</span> 
     </span>
    </p>
   </div>
   <div class='ocr_carea' id='block_1_2' title="bbox 495 511 2086 590">
    <p class='ocr_par' dir='ltr' id='par_1_2' title="bbox 495 511 2086 590">
     <span class='ocr_line' id='line_1_2' title="bbox 495 511 2086 590; baseline -0.001 -20"><span class='ocrx_word' id='word_1_2' title='bbox 495 513 628 590; x_wconf 77' lang='grc' dir='ltr'>ἦλθε</span> <span class='ocrx_word' id='word_1_3' title='bbox 651 511 786 588; x_wconf 87' lang='grc' dir='ltr'>πρὸς</span> <span class='ocrx_word' id='word_1_4' title='bbox 809 514 972 569; x_wconf 83' lang='grc' dir='ltr'>αὑτὸν</span> <span class='ocrx_word' id='word_1_5' title='bbox 997 516 1024 569; x_wconf 92' lang='lat'>6</span> <span class='ocrx_word' id='word_1_6' title='bbox 1042 514 1195 580; x_wconf 88' lang='grc' dir='ltr'>Θεός.</span> <span class='ocrx_word' id='word_1_7' title='bbox 1215 515 1594 587; x_wconf 84' lang='grc' dir='ltr'>Ἐπεθύμησεν</span> <span class='ocrx_word' id='word_1_8' title='bbox 1634 517 1806 588; x_wconf 70' lang='grc' dir='ltr'>Ἀδὰμ</span> <span class='ocrx_word' id='word_1_9' title='bbox 1835 516 2086 586; x_wconf 79' lang='grc' dir='ltr'>γενέσθαι.</span> 
     </span>
    </p>
   </div>
   <div class='ocr_carea' id='block_1_3' title="bbox 498 597 2088 669">
    <p class='ocr_par' dir='ltr' id='par_1_3' title="bbox 498 597 2088 669">
     <span class='ocr_line' id='line_1_3' title="bbox 498 597 2088 669; baseline -0.001 -16"><span class='ocrx_word' id='word_1_10' title='bbox 498 599 618 662; x_wconf 90' lang='grc' dir='ltr'>θεός</span> <span class='ocrx_word' id='word_1_11' title='bbox 640 616 653 629; x_wconf 95' lang='grc'><strong>·</strong></span> <span class='ocrx_word' id='word_1_12' title='bbox 685 597 959 653; x_wconf 82' lang='grc' dir='ltr'>ἀδυνάτων</span> <span class='ocrx_word' id='word_1_13' title='bbox 990 598 1047 652; x_wconf 82' lang='grc' dir='ltr'>δὲ</span> <span class='ocrx_word' id='word_1_14' title='bbox 1075 597 1420 669; x_wconf 82' lang='grc' dir='ltr'>ἐπεθύμησεν</span> <span class='ocrx_word' id='word_1_15' title='bbox 1440 617 1453 630; x_wconf 90' lang='grc'><strong>·</strong></span> <span class='ocrx_word' id='word_1_16' title='bbox 1493 600 1682 655; x_wconf 78' lang='grc' dir='ltr'>ἔλυσεν</span> <span class='ocrx_word' id='word_1_17' title='bbox 1715 600 1879 654; x_wconf 87' lang='grc' dir='ltr'>αὑτοῦ</span> <span class='ocrx_word' id='word_1_18' title='bbox 1899 601 1928 652; x_wconf 91' lang='lat'>6</span> <span class='ocrx_word' id='word_1_19' title='bbox 1951 601 2088 668; x_wconf 73' lang='lat' dir='ltr'><strong>X9:-</strong></span> 
     </span>
    </p>
   </div>
   <div class='ocr_carea' id='block_1_4' title="bbox 499 679 2085 753">
    <p class='ocr_par' dir='ltr' id='par_1_4' title="bbox 499 679 2085 753">
     <span class='ocr_line' id='line_1_4' title="bbox 499 679 2085 753; baseline -0.001 -19"><span class='ocrx_word' id='word_1_20' title='bbox 499 681 622 743; x_wconf 87' lang='grc' dir='ltr'>στὸς</span> <span class='ocrx_word' id='word_1_21' title='bbox 645 681 742 750; x_wconf 82' lang='grc' dir='ltr'>τὴν</span> <span class='ocrx_word' id='word_1_22' title='bbox 770 679 1085 750; x_wconf 86' lang='grc' dir='ltr'>ἐπιθυμίαν.</span> <span class='ocrx_word' id='word_1_23' title='bbox 1117 679 1272 753; x_wconf 76' lang='grc'>[502]</span> <span class='ocrx_word' id='word_1_24' title='bbox 1299 681 1683 752; x_wconf 84' lang='grc' dir='ltr'>Ἐπεθύμησας</span> <span class='ocrx_word' id='word_1_25' title='bbox 1715 684 1780 735; x_wconf 88' lang='grc' dir='ltr'>σὺ</span> <span class='ocrx_word' id='word_1_26' title='bbox 1809 681 2085 750; x_wconf 88' lang='grc' dir='ltr'>γενέσθαι,</span> 
     </span>
    </p>
   </div>
   <div class='ocr_carea' id='block_1_5' title="bbox 495 761 2088 835">
    <p class='ocr_par' dir='ltr' id='par_1_5' title="bbox 495 761 2088 835">
     <span class='ocr_line' id='line_1_5' title="bbox 495 761 2088 835; baseline -0.001 -19"><span class='ocrx_word' id='word_1_27' title='bbox 495 763 525 816; x_wconf 85' lang='lat'>6</span> <span class='ocrx_word' id='word_1_28' title='bbox 569 763 667 815; x_wconf 89' lang='grc' dir='ltr'>οὑκ</span> <span class='ocrx_word' id='word_1_29' title='bbox 704 761 912 832; x_wconf 77' lang='grc' dir='ltr'>ἡδύνιυ’</span> <span class='ocrx_word' id='word_1_30' title='bbox 951 762 1204 834; x_wconf 79' lang='grc' dir='ltr'>ἐπιθυμῶ</span> <span class='ocrx_word' id='word_1_31' title='bbox 1242 763 1353 832; x_wconf 86' lang='grc' dir='ltr'>ἐγὼ</span> <span class='ocrx_word' id='word_1_32' title='bbox 1400 765 1656 832; x_wconf 89' lang='grc' dir='ltr'>γενέσθαι</span> <span class='ocrx_word' id='word_1_33' title='bbox 1714 764 2023 835; x_wconf 81' lang='grc' dir='ltr'>ἄνθρωπος,</span> <span class='ocrx_word' id='word_1_34' title='bbox 2060 763 2088 814; x_wconf 85' lang='grc' dir='ltr'><strong>ὃ</strong></span> 
     </span>
    </p>
   </div>
   <div class='ocr_carea' id='block_1_6' title="bbox 494 846 2086 918">
    <p class='ocr_par' dir='ltr' id='par_1_6' title="bbox 494 846 2086 918">
     <span class='ocr_line' id='line_1_6' title="bbox 494 846 2086 918; baseline 0 -21"><span class='ocrx_word' id='word_1_35' title='bbox 494 846 757 915; x_wconf 78' lang='grc' dir='ltr'>δύναμαι’</span> <span class='ocrx_word' id='word_1_36' title='bbox 793 847 1144 916; x_wconf 86' lang='grc' dir='ltr'>άντεσήκωσε</span> <span class='ocrx_word' id='word_1_37' title='bbox 1184 847 1294 916; x_wconf 98' lang='lat'>7&amp;9</span> <span class='ocrx_word' id='word_1_38' title='bbox 1325 846 1492 900; x_wconf 89' lang='grc' dir='ltr'>αὑτοῦ</span> <span class='ocrx_word' id='word_1_39' title='bbox 1525 850 1553 900; x_wconf 92' lang='lat'>6</span> <span class='ocrx_word' id='word_1_40' title='bbox 1596 848 1726 911; x_wconf 84' lang='grc' dir='ltr'>Θεὸς</span> <span class='ocrx_word' id='word_1_41' title='bbox 1763 851 1826 918; x_wconf 84' lang='grc' dir='ltr'>τῇ</span> <span class='ocrx_word' id='word_1_42' title='bbox 1880 847 2086 918; x_wconf 84' lang='grc' dir='ltr'>ἀπάτῃ.</span> 
     </span>
    </p>
   </div>
   <div class='ocr_carea' id='block_1_7' title="bbox 507 927 2084 1001">
    <p class='ocr_par' dir='ltr' id='par_1_7' title="bbox 507 927 2084 1001">
     <span class='ocr_line' id='line_1_7' title="bbox 507 927 2084 1001; baseline 0.001 -20"><span class='ocrx_word' id='word_1_43' title='bbox 507 927 891 998; x_wconf 86' lang='grc' dir='ltr'>Ἐπεθύμησας</span> <span class='ocrx_word' id='word_1_44' title='bbox 924 928 1035 980; x_wconf 92' lang='grc' dir='ltr'>τῶν</span> <span class='ocrx_word' id='word_1_45' title='bbox 1085 929 1223 1001; x_wconf 83' lang='grc' dir='ltr'>ὑπὲρ</span> <span class='ocrx_word' id='word_1_46' title='bbox 1267 930 1360 992; x_wconf 78' lang='grc' dir='ltr'>σὲ,</span> <span class='ocrx_word' id='word_1_47' title='bbox 1407 930 1672 1000; x_wconf 90' lang='grc' dir='ltr'>λαμϐάνω</span> <span class='ocrx_word' id='word_1_48' title='bbox 1715 931 1782 982; x_wconf 84' lang='grc' dir='ltr'>τὰ</span> <span class='ocrx_word' id='word_1_49' title='bbox 1831 930 1923 982; x_wconf 87' lang='grc' dir='ltr'>ὑπ’</span> <span class='ocrx_word' id='word_1_50' title='bbox 1964 930 2084 999; x_wconf 84' lang='grc' dir='ltr'>ἐμέ.</span> 
     </span>
    </p>
   </div>
   <div class='ocr_carea' id='block_1_8' title="bbox 509 1010 2088 1083">
    <p class='ocr_par' dir='ltr' id='par_1_8' title="bbox 509 1010 2088 1083">
     <span class='ocr_line' id='line_1_8' title="bbox 509 1010 2088 1083; baseline 0.001 -19"><span class='ocrx_word' id='word_1_51' title='bbox 509 1010 768 1073; x_wconf 74' lang='grc' dir='ltr'>’ἱσοθεῖας</span> <span class='ocrx_word' id='word_1_52' title='bbox 821 1010 1222 1081; x_wconf 77' lang='grc' dir='ltr'>ἐπεθύμησας’</span> <span class='ocrx_word' id='word_1_53' title='bbox 1287 1013 1625 1083; x_wconf 86' lang='grc' dir='ltr'>ίσάνθρωπος</span> <span class='ocrx_word' id='word_1_54' title='bbox 1683 1014 1926 1082; x_wconf 89' lang='grc' dir='ltr'>γίνομαι.</span> <span class='ocrx_word' id='word_1_55' title='bbox 1989 1013 2088 1066; x_wconf 76' lang='grc' dir='ltr'>Διὰ</span> 
     </span>
    </p>
   </div>
   <div class='ocr_carea' id='block_1_9' title="bbox 495 1092 2091 1164">
    <p class='ocr_par' dir='ltr' id='par_1_9' title="bbox 495 1092 2091 1164">
     <span class='ocr_line' id='line_1_9' title="bbox 495 1092 2091 1164; baseline 0.001 -20"><span class='ocrx_word' id='word_1_56' title='bbox 495 1093 655 1145; x_wconf 86' lang='grc' dir='ltr'>τοῦτο</span> <span class='ocrx_word' id='word_1_57' title='bbox 685 1094 777 1145; x_wconf 78' lang='grc' dir='ltr'>καὶ</span> <span class='ocrx_word' id='word_1_58' title='bbox 806 1092 1018 1155; x_wconf 80' lang='grc' dir='ltr'>Παῦλος</span> <span class='ocrx_word' id='word_1_59' title='bbox 1047 1093 1196 1161; x_wconf 81' lang='grc' dir='ltr'>λέγει</span> <span class='ocrx_word' id='word_1_60' title='bbox 1220 1110 1232 1121; x_wconf 92' lang='grc'><strong>·</strong></span> <span class='ocrx_word' id='word_1_61' title='bbox 1271 1095 1377 1147; x_wconf 79' lang='grc' dir='ltr'>Καὶ</span> <span class='ocrx_word' id='word_1_62' title='bbox 1413 1095 1676 1164; x_wconf 78' lang='grc' dir='ltr'>σχήματι</span> <span class='ocrx_word' id='word_1_63' title='bbox 1719 1095 1984 1162; x_wconf 80' lang='grc' dir='ltr'>εὑρεθεὶς</span> <span class='ocrx_word' id='word_1_64' title='bbox 2009 1095 2091 1160; x_wconf 85' lang='grc' dir='ltr'>ὡς</span> 
     </span>
    </p>
   </div>
   <div class='ocr_carea' id='block_1_10' title="bbox 498 1176 2090 1247">
    <p class='ocr_par' dir='ltr' id='par_1_10' title="bbox 498 1176 2090 1247">
     <span class='ocr_line' id='line_1_10' title="bbox 498 1176 2090 1247; baseline 0.001 -18"><span class='ocrx_word' id='word_1_65' title='bbox 498 1176 830 1244; x_wconf 79' lang='grc' dir='ltr'>ἄνθρωπος.</span> <span class='ocrx_word' id='word_1_66' title='bbox 884 1176 1277 1247; x_wconf 87' lang='grc' dir='ltr'>Ἐπεθύμησας</span> <span class='ocrx_word' id='word_1_67' title='bbox 1328 1179 1582 1246; x_wconf 86' lang='grc' dir='ltr'>γενέσθαι</span> <span class='ocrx_word' id='word_1_68' title='bbox 1634 1179 1795 1242; x_wconf 89' lang='grc' dir='ltr'>θεὸς,</span> <span class='ocrx_word' id='word_1_69' title='bbox 1844 1178 1940 1232; x_wconf 65' lang='grc' dir='ltr'>καλ⁸</span> <span class='ocrx_word' id='word_1_70' title='bbox 1989 1181 2090 1231; x_wconf 89' lang='grc' dir='ltr'>οὑκ</span> 
     </span>
    </p>
   </div>
   <div class='ocr_carea' id='block_1_11' title="bbox 495 1258 2087 1332">
    <p class='ocr_par' dir='ltr' id='par_1_11' title="bbox 495 1258 2087 1332">
     <span class='ocr_line' id='line_1_11' title="bbox 495 1258 2087 1332; baseline 0.003 -22"><span class='ocrx_word' id='word_1_71' title='bbox 495 1259 856 1330; x_wconf 70' lang='grc' dir='ltr'>ἠγανάκτησα</span> <span class='ocrx_word' id='word_1_72' title='bbox 881 1259 970 1311; x_wconf 90' lang='grc' dir='ltr'>διὰ</span> <span class='ocrx_word' id='word_1_73' title='bbox 994 1258 1152 1312; x_wconf 90' lang='grc' dir='ltr'>τοῦτο</span> <span class='ocrx_word' id='word_1_74' title='bbox 1178 1276 1190 1289; x_wconf 90' lang='grc'><strong>·</strong></span> <span class='ocrx_word' id='word_1_75' title='bbox 1225 1259 1364 1313; x_wconf 84' lang='grc' dir='ltr'>Θέλω</span> <span class='ocrx_word' id='word_1_76' title='bbox 1383 1261 1493 1332; x_wconf 91' lang='grc' dir='ltr'>γάρ</span> <span class='ocrx_word' id='word_1_77' title='bbox 1522 1277 1582 1314; x_wconf 90' lang='grc' dir='ltr'>σε</span> <span class='ocrx_word' id='word_1_78' title='bbox 1612 1262 1843 1314; x_wconf 78' lang='grc' dir='ltr'>ίσοθεταν</span> <span class='ocrx_word' id='word_1_79' title='bbox 1869 1261 2054 1314; x_wconf 82' lang='grc' dir='ltr'>ποθεῖν</span> <span class='ocrx_word' id='word_1_80' title='bbox 2073 1278 2087 1292; x_wconf 88' lang='grc'><strong>·</strong></span> 
     </span>
    </p>
   </div>
   <div class='ocr_carea' id='block_1_12' title="bbox 497 1343 2090 1414">
    <p class='ocr_par' dir='ltr' id='par_1_12' title="bbox 497 1343 2090 1414">
     <span class='ocr_line' id='line_1_12' title="bbox 497 1343 2090 1414; baseline 0.001 -19"><span class='ocrx_word' id='word_1_81' title='bbox 497 1343 613 1396; x_wconf 84' lang='grc' dir='ltr'>ἀλλ’</span> <span class='ocrx_word' id='word_1_82' title='bbox 638 1344 671 1412; x_wconf 80' lang='grc' dir='ltr'>ἡ</span> <span class='ocrx_word' id='word_1_83' title='bbox 703 1343 1108 1412; x_wconf 75' lang='grc' dir='ltr'>ἀγανάκτησις,</span> <span class='ocrx_word' id='word_1_84' title='bbox 1139 1343 1221 1394; x_wconf 84' lang='grc' dir='ltr'>ὅτι</span> <span class='ocrx_word' id='word_1_85' title='bbox 1255 1343 1406 1414; x_wconf 85' lang='grc' dir='ltr'>παρὰ</span> <span class='ocrx_word' id='word_1_86' title='bbox 1436 1343 1664 1414; x_wconf 83' lang='grc' dir='ltr'>γνώμην</span> <span class='ocrx_word' id='word_1_87' title='bbox 1692 1344 1786 1396; x_wconf 85' lang='grc' dir='ltr'>τοῦ</span> <span class='ocrx_word' id='word_1_88' title='bbox 1819 1345 2090 1396; x_wconf 86' lang='grc' dir='ltr'>Δεσπότου</span> 
     </span>
    </p>
   </div>
   <div class='ocr_carea' id='block_1_13' title="bbox 496 1423 2091 1497">
    <p class='ocr_par' dir='ltr' id='par_1_13' title="bbox 496 1423 2091 1497">
     <span class='ocr_line' id='line_1_13' title="bbox 496 1423 2091 1497; baseline 0.002 -21"><span class='ocrx_word' id='word_1_89' title='bbox 496 1423 769 1494; x_wconf 80' lang='grc' dir='ltr'>ἠθέλησας</span> <span class='ocrx_word' id='word_1_90' title='bbox 793 1425 1037 1494; x_wconf 82' lang='grc' dir='ltr'>ἁρπάσαι</span> <span class='ocrx_word' id='word_1_91' title='bbox 1071 1425 1132 1478; x_wconf 85' lang='grc' dir='ltr'>τὸ</span> <span class='ocrx_word' id='word_1_92' title='bbox 1166 1425 1406 1496; x_wconf 82' lang='grc' dir='ltr'>ἀξίωμα.</span> <span class='ocrx_word' id='word_1_93' title='bbox 1428 1426 1819 1497; x_wconf 86' lang='grc' dir='ltr'>Ἐπεθύμησας</span> <span class='ocrx_word' id='word_1_94' title='bbox 1840 1426 2091 1495; x_wconf 87' lang='grc' dir='ltr'>γενέσθαι</span> 
     </span>
    </p>
   </div>
   <div class='ocr_carea' id='block_1_14' title="bbox 498 1505 2093 1579">
    <p class='ocr_par' dir='ltr' id='par_1_14' title="bbox 498 1505 2093 1579">
     <span class='ocr_line' id='line_1_14' title="bbox 498 1505 2093 1579; baseline 0.002 -20"><span class='ocrx_word' id='word_1_95' title='bbox 498 1505 619 1569; x_wconf 88' lang='grc' dir='ltr'>θεὸς</span> <span class='ocrx_word' id='word_1_96' title='bbox 639 1548 654 1572; x_wconf 94' lang='grc'>,</span> <span class='ocrx_word' id='word_1_97' title='bbox 681 1509 776 1561; x_wconf 78' lang='grc' dir='ltr'>καὶ</span> <span class='ocrx_word' id='word_1_98' title='bbox 806 1509 906 1560; x_wconf 88' lang='grc' dir='ltr'>οὑκ</span> <span class='ocrx_word' id='word_1_99' title='bbox 936 1507 1211 1576; x_wconf 81' lang='grc' dir='ltr'>ἡδυνήθης</span> <span class='ocrx_word' id='word_1_100' title='bbox 1238 1525 1250 1537; x_wconf 89' lang='grc'><strong>·</strong></span> <span class='ocrx_word' id='word_1_101' title='bbox 1285 1509 1510 1577; x_wconf 84' lang='grc' dir='ltr'>γίνομαι</span> <span class='ocrx_word' id='word_1_102' title='bbox 1541 1509 1829 1579; x_wconf 84' lang='grc' dir='ltr'>ἄνθρωπος</span> <span class='ocrx_word' id='word_1_103' title='bbox 1854 1551 1869 1570; x_wconf 91' lang='grc'>,</span> <span class='ocrx_word' id='word_1_104' title='bbox 1909 1511 2002 1562; x_wconf 74' lang='grc' dir='ltr'>καὶ</span> <span class='ocrx_word' id='word_1_105' title='bbox 2031 1511 2093 1562; x_wconf 89' lang='grc' dir='ltr'>τὸ</span> 
     </span>
    </p>
   </div>
   <div class='ocr_carea' id='block_1_15' title="bbox 495 1588 2094 1663">
    <p class='ocr_par' dir='ltr' id='par_1_15' title="bbox 495 1588 2094 1663">
     <span class='ocr_line' id='line_1_15' title="bbox 495 1588 2094 1663; baseline 0.003 -22"><span class='ocrx_word' id='word_1_106' title='bbox 495 1589 755 1642; x_wconf 80' lang='grc' dir='ltr'>ἀδύνατον</span> <span class='ocrx_word' id='word_1_107' title='bbox 779 1590 1000 1642; x_wconf 85' lang='grc' dir='ltr'>δυνατὸν</span> <span class='ocrx_word' id='word_1_108' title='bbox 1030 1589 1188 1641; x_wconf 91' lang='grc' dir='ltr'>ποιῶ.</span> <span class='ocrx_word' id='word_1_109' title='bbox 1221 1590 1344 1642; x_wconf 88' lang='grc' dir='ltr'>Ὅτι</span> <span class='ocrx_word' id='word_1_110' title='bbox 1373 1590 1431 1642; x_wconf 87' lang='grc' dir='ltr'>δὲ</span> <span class='ocrx_word' id='word_1_111' title='bbox 1465 1591 1750 1662; x_wconf 78' lang='grc' dir='ltr'>ἐπιθυμῶν</span> <span class='ocrx_word' id='word_1_112' title='bbox 1780 1588 1912 1662; x_wconf 78' lang='grc' dir='ltr'>ἦλθε</span> <span class='ocrx_word' id='word_1_113' title='bbox 1957 1594 2094 1663; x_wconf 89' lang='grc' dir='ltr'>πρὸς</span> 
     </span>
    </p>
   </div>
   <div class='ocr_carea' id='block_1_16' title="bbox 494 1672 2094 1746">
    <p class='ocr_par' dir='ltr' id='par_1_16' title="bbox 494 1672 2094 1746">
     <span class='ocr_line' id='line_1_16' title="bbox 494 1672 2094 1746; baseline 0.003 -20"><span class='ocrx_word' id='word_1_114' title='bbox 494 1672 671 1737; x_wconf 83' lang='grc' dir='ltr'>τοῦτο,</span> <span class='ocrx_word' id='word_1_115' title='bbox 707 1676 974 1744; x_wconf 87' lang='grc' dir='ltr'>μαρτυρεῖ</span> <span class='ocrx_word' id='word_1_116' title='bbox 999 1673 1163 1736; x_wconf 89' lang='grc' dir='ltr'>αὑτὸς</span> <span class='ocrx_word' id='word_1_117' title='bbox 1189 1673 1363 1741; x_wconf 84' lang='grc' dir='ltr'>λέγων</span> <span class='ocrx_word' id='word_1_118' title='bbox 1385 1690 1398 1704; x_wconf 88' lang='grc'><strong>·</strong></span> <span class='ocrx_word' id='word_1_119' title='bbox 1428 1675 1516 1726; x_wconf 83' lang='grc' dir='ltr'>ὅτε</span> <span class='ocrx_word' id='word_1_120' title='bbox 1549 1675 1611 1728; x_wconf 88' lang='grc' dir='ltr'>τὸ</span> <span class='ocrx_word' id='word_1_121' title='bbox 1643 1678 1830 1746; x_wconf 80' lang='grc' dir='ltr'>πάσχα</span> <span class='ocrx_word' id='word_1_122' title='bbox 1851 1676 2039 1746; x_wconf 82' lang='grc' dir='ltr'>ῆσθιεν</span> <span class='ocrx_word' id='word_1_123' title='bbox 2066 1678 2094 1730; x_wconf 97' lang='lat'>6</span> 
     </span>
    </p>
   </div>
   <div class='ocr_carea' id='block_1_17' title="bbox 495 1755 2094 1831">
    <p class='ocr_par' dir='ltr' id='par_1_17' title="bbox 495 1755 2094 1831">
     <span class='ocr_line' id='line_1_17' title="bbox 495 1755 2094 1831; baseline 0.003 -23"><span class='ocrx_word' id='word_1_124' title='bbox 495 1756 710 1826; x_wconf 73' lang='grc' dir='ltr'>τρέφων</span> <span class='ocrx_word' id='word_1_125' title='bbox 732 1756 869 1825; x_wconf 88' lang='grc' dir='ltr'>μετὰ</span> <span class='ocrx_word' id='word_1_126' title='bbox 893 1755 1001 1808; x_wconf 89' lang='grc' dir='ltr'>τῶν</span> <span class='ocrx_word' id='word_1_127' title='bbox 1022 1757 1394 1826; x_wconf 83' lang='grc' dir='ltr'>τρεφομένων,</span> <span class='ocrx_word' id='word_1_128' title='bbox 1420 1759 1513 1811; x_wconf 80' lang='grc' dir='ltr'>καὶ</span> <span class='ocrx_word' id='word_1_129' title='bbox 1529 1759 1779 1830; x_wconf 78' lang='grc' dir='ltr'>τράπεζα</span> <span class='ocrx_word' id='word_1_130' title='bbox 1805 1761 2094 1831; x_wconf 77' lang='grc' dir='ltr'>προέκειτο</span> 
     </span>
    </p>
   </div>
   <div class='ocr_carea' id='block_1_18' title="bbox 494 1838 2094 1912">
    <p class='ocr_par' dir='ltr' id='par_1_18' title="bbox 494 1838 2094 1912">
     <span class='ocr_line' id='line_1_18' title="bbox 494 1838 2094 1912; baseline 0.004 -21"><span class='ocrx_word' id='word_1_131' title='bbox 494 1838 574 1909; x_wconf 83' lang='grc' dir='ltr'>τῷ</span> <span class='ocrx_word' id='word_1_132' title='bbox 604 1838 855 1909; x_wconf 84' lang='grc' dir='ltr'>τρέφοντι</span> <span class='ocrx_word' id='word_1_133' title='bbox 890 1841 1071 1893; x_wconf 86' lang='grc' dir='ltr'>πᾶσαν</span> <span class='ocrx_word' id='word_1_134' title='bbox 1098 1840 1198 1909; x_wconf 83' lang='grc' dir='ltr'>τὴν</span> <span class='ocrx_word' id='word_1_135' title='bbox 1231 1840 1323 1893; x_wconf 86' lang='grc' dir='ltr'>ὑπ’</span> <span class='ocrx_word' id='word_1_136' title='bbox 1348 1842 1599 1911; x_wconf 89' lang='grc' dir='ltr'>οὑρανὸν,</span> <span class='ocrx_word' id='word_1_137' title='bbox 1635 1843 1783 1912; x_wconf 85' lang='grc' dir='ltr'>λέγει</span> <span class='ocrx_word' id='word_1_138' title='bbox 1812 1847 1925 1907; x_wconf 87' lang='grc' dir='ltr'>τοῖς</span> <span class='ocrx_word' id='word_1_139' title='bbox 1958 1845 2094 1897; x_wconf 89' lang='grc' dir='ltr'>ἁπο-</span> 
     </span>
    </p>
   </div>
   <div class='ocr_carea' id='block_1_19' title="bbox 498 1921 2094 1994">
    <p class='ocr_par' dir='ltr' id='par_1_19' title="bbox 498 1921 2094 1994">
     <span class='ocr_line' id='line_1_19' title="bbox 498 1921 2094 1994; baseline 0.004 -22"><span class='ocrx_word' id='word_1_140' title='bbox 498 1921 732 1984; x_wconf 80' lang='grc' dir='ltr'>στόλοις·</span> <span class='ocrx_word' id='word_1_141' title='bbox 791 1922 1103 1991; x_wconf 83' lang='grc' dir='ltr'>Ἐπιθυμίᾳ</span> <span class='ocrx_word' id='word_1_142' title='bbox 1141 1922 1493 1992; x_wconf 82' lang='grc' dir='ltr'>ὲπεθύμησα</span> <span class='ocrx_word' id='word_1_143' title='bbox 1525 1925 1741 1994; x_wconf 70' lang='grc' dir='ltr'>φαγεῖν</span> <span class='ocrx_word' id='word_1_144' title='bbox 1781 1927 1846 1979; x_wconf 84' lang='grc' dir='ltr'>τὸ</span> <span class='ocrx_word' id='word_1_145' title='bbox 1882 1926 2094 1994; x_wconf 83' lang='grc' dir='ltr'>πάσχα</span> 
     </span>
    </p>
   </div>
   <div class='ocr_carea' id='block_1_20' title="bbox 495 2003 2089 2082">
    <p class='ocr_par' dir='ltr' id='par_1_20' title="bbox 495 2003 2089 2082">
     <span class='ocr_line' id='line_1_20' title="bbox 495 2003 2089 2082; baseline 0.003 -25"><span class='ocrx_word' id='word_1_146' title='bbox 495 2003 672 2058; x_wconf 66' lang='grc' dir='ltr'>τοῦτο</span> <span class='ocrx_word' id='word_1_147' title='bbox 694 2003 824 2073; x_wconf 82' lang='grc' dir='ltr'>μεθ’</span> <span class='ocrx_word' id='word_1_148' title='bbox 853 2003 1042 2073; x_wconf 86' lang='grc' dir='ltr'>ὑμῶν.</span> <span class='ocrx_word' id='word_1_149' title='bbox 1066 2005 1160 2076; x_wconf 85' lang='grc' dir='ltr'>Μὴ</span> <span class='ocrx_word' id='word_1_150' title='bbox 1194 2005 1302 2076; x_wconf 86' lang='grc' dir='ltr'>γάρ</span> <span class='ocrx_word' id='word_1_151' title='bbox 1327 2005 1606 2078; x_wconf 88' lang='grc' dir='ltr'>ἐϐάσκηνά</span> <span class='ocrx_word' id='word_1_152' title='bbox 1643 2026 1736 2062; x_wconf 90' lang='grc' dir='ltr'>σου</span> <span class='ocrx_word' id='word_1_153' title='bbox 1758 2012 1824 2080; x_wconf 83' lang='grc' dir='ltr'>τῇ</span> <span class='ocrx_word' id='word_1_154' title='bbox 1854 2011 2089 2082; x_wconf 66' lang='grc' dir='ltr'>ίσοθεῖᾳς</span> 
     </span>
    </p>
   </div>
   <div class='ocr_carea' id='block_1_21' title="bbox 496 2081 2092 2162">
    <p class='ocr_par' dir='ltr' id='par_1_21' title="bbox 496 2081 2092 2162">
     <span class='ocr_line' id='line_1_21' title="bbox 496 2081 2092 2162; baseline 0.004 -24"><span class='ocrx_word' id='word_1_155' title='bbox 496 2087 569 2139; x_wconf 83' lang='grc' dir='ltr'>Σὺ</span> <span class='ocrx_word' id='word_1_156' title='bbox 606 2089 676 2139; x_wconf 71' lang='grc' dir='ltr'>τὰ</span> <span class='ocrx_word' id='word_1_157' title='bbox 708 2088 815 2156; x_wconf 85' lang='grc' dir='ltr'>ἐμὰ</span> <span class='ocrx_word' id='word_1_158' title='bbox 865 2087 1137 2160; x_wconf 76' lang='grc' dir='ltr'>ἠθέλησας</span> <span class='ocrx_word' id='word_1_159' title='bbox 1167 2081 1445 2160; x_wconf 89' lang='grc' dir='ltr'>ἁρπάσαι,</span> <span class='ocrx_word' id='word_1_160' title='bbox 1485 2090 1558 2160; x_wconf 83' lang='grc' dir='ltr'>μὴ</span> <span class='ocrx_word' id='word_1_161' title='bbox 1611 2091 1908 2162; x_wconf 85' lang='grc' dir='ltr'>δυνάμενος</span> <span class='ocrx_word' id='word_1_162' title='bbox 1936 2112 1947 2124; x_wconf 87' lang='grc'><strong>·</strong></span> <span class='ocrx_word' id='word_1_163' title='bbox 1982 2081 2092 2161; x_wconf 87' lang='grc' dir='ltr'>ἐγὼ</span> 
     </span>
    </p>
   </div>
   <div class='ocr_carea' id='block_1_22' title="bbox 495 2168 2093 2248">
    <p class='ocr_par' dir='ltr' id='par_1_22' title="bbox 495 2168 2093 2248">
     <span class='ocr_line' id='line_1_22' title="bbox 495 2168 2093 2248; baseline 0.004 -26"><span class='ocrx_word' id='word_1_164' title='bbox 495 2168 564 2222; x_wconf 82' lang='grc' dir='ltr'>τὰ</span> <span class='ocrx_word' id='word_1_165' title='bbox 619 2168 687 2222; x_wconf 85' lang='grc' dir='ltr'>σὰ</span> <span class='ocrx_word' id='word_1_166' title='bbox 727 2168 1019 2240; x_wconf 84' lang='grc' dir='ltr'>λαμϐάνω,</span> <span class='ocrx_word' id='word_1_167' title='bbox 1058 2170 1378 2242; x_wconf 83' lang='grc' dir='ltr'>δυνάμενος.</span> <span class='ocrx_word' id='word_1_168' title='bbox 1425 2173 1688 2244; x_wconf 85' lang='grc' dir='ltr'>Πρόσεχε.</span> <span class='ocrx_word' id='word_1_169' title='bbox 1731 2174 1985 2248; x_wconf 82' lang='grc' dir='ltr'>Κατῆλθε</span> <span class='ocrx_word' id='word_1_170' title='bbox 2030 2175 2093 2229; x_wconf 84' lang='grc' dir='ltr'>τὸ</span> 
     </span>
    </p>
   </div>
   <div class='ocr_carea' id='block_1_23' title="bbox 494 2249 1595 2325">
    <p class='ocr_par' dir='ltr' id='par_1_23' title="bbox 494 2249 1595 2325">
     <span class='ocr_line' id='line_1_23' title="bbox 494 2249 1595 2325; baseline 0.006 -21"><span class='ocrx_word' id='word_1_171' title='bbox 494 2249 742 2316; x_wconf 78' lang='grc' dir='ltr'>δειλινὸν,</span> <span class='ocrx_word' id='word_1_172' title='bbox 777 2253 873 2307; x_wconf 69' lang='grc' dir='ltr'>καὶ</span> <span class='ocrx_word' id='word_1_173' title='bbox 907 2252 1083 2321; x_wconf 82' lang='grc' dir='ltr'>λέγει·</span> <span class='ocrx_word' id='word_1_174' title='bbox 1125 2254 1329 2325; x_wconf 78' lang='grc' dir='ltr'>Ἀδὰμ,</span> <span class='ocrx_word' id='word_1_175' title='bbox 1357 2256 1478 2310; x_wconf 81' lang='grc' dir='ltr'>ποῦ</span> <span class='ocrx_word' id='word_1_176' title='bbox 1506 2257 1595 2320; x_wconf 86' lang='grc' dir='ltr'>εἷ,</span> 
     </span>
    </p>
   </div>
   <div class='ocr_carea' id='block_1_24' title="bbox 571 2403 2096 2478">
    <p class='ocr_par' dir='ltr' id='par_1_24' title="bbox 571 2403 2096 2478">
     <span class='ocr_line' id='line_1_24' title="bbox 571 2403 2096 2478; baseline 0.005 -23"><span class='ocrx_word' id='word_1_177' title='bbox 571 2408 645 2466; x_wconf 85' lang='grc' dir='ltr'>ς’.</span> <span class='ocrx_word' id='word_1_178' title='bbox 695 2403 922 2471; x_wconf 83' lang='grc' dir='ltr'>Ἀδελφὰ</span> <span class='ocrx_word' id='word_1_179' title='bbox 950 2404 1132 2456; x_wconf 88' lang='grc' dir='ltr'>ἐκεῖνα</span> <span class='ocrx_word' id='word_1_180' title='bbox 1167 2404 1457 2458; x_wconf 78' lang='grc' dir='ltr'>καὶταῦτα</span> <span class='ocrx_word' id='word_1_181' title='bbox 1477 2423 1489 2436; x_wconf 91' lang='grc'><strong>·</strong></span> <span class='ocrx_word' id='word_1_182' title='bbox 1522 2406 1641 2470; x_wconf 92' lang='grc' dir='ltr'>ἐνὸς</span> <span class='ocrx_word' id='word_1_183' title='bbox 1668 2407 1778 2478; x_wconf 82' lang='grc' dir='ltr'>γάρ</span> <span class='ocrx_word' id='word_1_184' title='bbox 1819 2407 1952 2462; x_wconf 82' lang='grc' dir='ltr'>Θεοῦ</span> <span class='ocrx_word' id='word_1_185' title='bbox 1996 2410 2096 2464; x_wconf 86' lang='grc' dir='ltr'>κὰ-</span> 
     </span>
    </p>
   </div>
   <div class='ocr_carea' id='block_1_25' title="bbox 497 2487 2092 2562">
    <p class='ocr_par' dir='ltr' id='par_1_25' title="bbox 497 2487 2092 2562">
     <span class='ocr_line' id='line_1_25' title="bbox 497 2487 2092 2562; baseline 0.004 -20"><span class='ocrx_word' id='word_1_186' title='bbox 497 2490 652 2542; x_wconf 85' lang='grc' dir='ltr'>κεῖνα</span> <span class='ocrx_word' id='word_1_187' title='bbox 683 2488 781 2541; x_wconf 76' lang='grc' dir='ltr'>καὶ</span> <span class='ocrx_word' id='word_1_188' title='bbox 807 2488 1000 2543; x_wconf 86' lang='grc' dir='ltr'>ταῦτα.</span> <span class='ocrx_word' id='word_1_189' title='bbox 1027 2489 1119 2561; x_wconf 79' lang='grc' dir='ltr'>Μὴ</span> <span class='ocrx_word' id='word_1_190' title='bbox 1152 2490 1261 2562; x_wconf 86' lang='grc' dir='ltr'>γὰρ</span> <span class='ocrx_word' id='word_1_191' title='bbox 1295 2491 1453 2556; x_wconf 82' lang='grc' dir='ltr'>ἄλλος</span> <span class='ocrx_word' id='word_1_192' title='bbox 1483 2487 1647 2562; x_wconf 83' lang='grc' dir='ltr'>ἦλθεν</span> <span class='ocrx_word' id='word_1_193' title='bbox 1681 2495 1773 2546; x_wconf 74' lang='grc' dir='ltr'>ἐπὶ</span> <span class='ocrx_word' id='word_1_194' title='bbox 1805 2495 1866 2547; x_wconf 91' lang='grc' dir='ltr'>τὸ</span> <span class='ocrx_word' id='word_1_195' title='bbox 1900 2495 2092 2561; x_wconf 84' lang='grc' dir='ltr'>πάθος,</span> 
     </span>
    </p>
   </div>
   <div class='ocr_carea' id='block_1_26' title="bbox 496 2579 2094 2658">
    <p class='ocr_par' dir='ltr' id='par_1_26' title="bbox 496 2579 2094 2658">
     <span class='ocr_line' id='line_1_26' title="bbox 496 2579 2094 2658; baseline 0.003 -26"><span class='ocrx_word' id='word_1_196' title='bbox 496 2579 611 2632; x_wconf 82' lang='grc' dir='ltr'>ἁλλ’</span> <span class='ocrx_word' id='word_1_197' title='bbox 655 2581 683 2632; x_wconf 92' lang='lat'>6</span> <span class='ocrx_word' id='word_1_198' title='bbox 737 2580 1013 2634; x_wconf 89' lang='grc' dir='ltr'>κατελθὼν</span> <span class='ocrx_word' id='word_1_199' title='bbox 1060 2582 1118 2634; x_wconf 93' lang='grc' dir='ltr'>ἐν</span> <span class='ocrx_word' id='word_1_200' title='bbox 1173 2581 1253 2652; x_wconf 89' lang='grc' dir='ltr'>τῷ</span> <span class='ocrx_word' id='word_1_201' title='bbox 1301 2583 1651 2655; x_wconf 84' lang='grc' dir='ltr'>παραδείσῳ;</span> <span class='ocrx_word' id='word_1_202' title='bbox 1715 2585 1976 2656; x_wconf 88' lang='grc' dir='ltr'>Ἐκρύϐη,</span> <span class='ocrx_word' id='word_1_203' title='bbox 2027 2587 2094 2658; x_wconf 72' lang='grc' dir='ltr'>ᾔ-</span> 
     </span>
    </p>
   </div>
   <div class='ocr_carea' id='block_1_27' title="bbox 497 2662 2089 2739">
    <p class='ocr_par' dir='ltr' id='par_1_27' title="bbox 497 2662 2089 2739">
     <span class='ocr_line' id='line_1_27' title="bbox 497 2662 2089 2739; baseline 0.004 -24"><span class='ocrx_word' id='word_1_204' title='bbox 497 2662 654 2716; x_wconf 87' lang='grc' dir='ltr'>σθετο</span> <span class='ocrx_word' id='word_1_205' title='bbox 701 2662 842 2731; x_wconf 88' lang='grc' dir='ltr'>μετὰ</span> <span class='ocrx_word' id='word_1_206' title='bbox 890 2662 952 2715; x_wconf 88' lang='grc' dir='ltr'>τὸ</span> <span class='ocrx_word' id='word_1_207' title='bbox 1000 2666 1216 2732; x_wconf 83' lang='grc' dir='ltr'>φαγεῖν.</span> <span class='ocrx_word' id='word_1_208' title='bbox 1247 2667 1697 2736; x_wconf 87' lang='grc' dir='ltr'>Διηνοίχθησαν</span> <span class='ocrx_word' id='word_1_209' title='bbox 1733 2666 1842 2739; x_wconf 83' lang='grc' dir='ltr'>γὰρ</span> <span class='ocrx_word' id='word_1_210' title='bbox 1891 2668 2089 2722; x_wconf 84' lang='grc' dir='ltr'>αὐτῶν</span> 
     </span>
    </p>
   </div>
   <div class='ocr_carea' id='block_1_28' title="bbox 497 2745 2094 2821">
    <p class='ocr_par' dir='ltr' id='par_1_28' title="bbox 497 2745 2094 2821">
     <span class='ocr_line' id='line_1_28' title="bbox 497 2745 2094 2821; baseline 0.005 -23"><span class='ocrx_word' id='word_1_211' title='bbox 497 2748 552 2798; x_wconf 75' lang='grc' dir='ltr'>οἱ</span> <span class='ocrx_word' id='word_1_212' title='bbox 606 2745 935 2814; x_wconf 65' lang='grc' dir='ltr'>ὀφθαλμοὶ,</span> <span class='ocrx_word' id='word_1_213' title='bbox 991 2747 1164 2818; x_wconf 69' lang='grc' dir='ltr'>φησι,</span> <span class='ocrx_word' id='word_1_214' title='bbox 1225 2749 1326 2802; x_wconf 82' lang='grc' dir='ltr'>καί</span> <span class='ocrx_word' id='word_1_215' title='bbox 1389 2749 1668 2818; x_wconf 67' lang='grc' dir='ltr'>ἔγνωσαν</span> <span class='ocrx_word' id='word_1_216' title='bbox 1725 2749 1816 2803; x_wconf 83' lang='grc' dir='ltr'>ὅτι</span> <span class='ocrx_word' id='word_1_217' title='bbox 1880 2752 2094 2821; x_wconf 75' lang='grc' dir='ltr'>γυμνοί</span> 
     </span>
    </p>
   </div>
   <div class='ocr_carea' id='block_1_29' title="bbox 499 2823 2090 2906">
    <p class='ocr_par' dir='ltr' id='par_1_29' title="bbox 499 2823 2090 2906">
     <span class='ocr_line' id='line_1_29' title="bbox 499 2823 2090 2906; baseline 0.006 -27"><span class='ocrx_word' id='word_1_218' title='bbox 499 2823 683 2897; x_wconf 77' lang='grc' dir='ltr'>ἦσαν.</span> <span class='ocrx_word' id='word_1_219' title='bbox 757 2827 974 2900; x_wconf 80' lang='grc' dir='ltr'>Ἐπειδὴ</span> <span class='ocrx_word' id='word_1_220' title='bbox 1022 2833 1051 2880; x_wconf 90' lang='lat'>6</span> <span class='ocrx_word' id='word_1_221' title='bbox 1109 2829 1354 2894; x_wconf 90' lang='grc' dir='ltr'>διάϐολος</span> <span class='ocrx_word' id='word_1_222' title='bbox 1414 2827 1602 2899; x_wconf 76' lang='grc' dir='ltr'>εἶπεν,</span> <span class='ocrx_word' id='word_1_223' title='bbox 1657 2827 1740 2906; x_wconf 70' lang='grc' dir='ltr'>τῌ</span> <span class='ocrx_word' id='word_1_224' title='bbox 1787 2833 1865 2887; x_wconf 82' lang='grc' dir='ltr'>ἂν</span> <span class='ocrx_word' id='word_1_225' title='bbox 1900 2837 2090 2905; x_wconf 80' lang='grc' dir='ltr'>ἡμέρᾳ</span> 
     </span>
    </p>
   </div>
   <div class='ocr_carea' id='block_1_30' title="bbox 497 2908 2094 2987">
    <p class='ocr_par' dir='ltr' id='par_1_30' title="bbox 497 2908 2094 2987">
     <span class='ocr_line' id='line_1_30' title="bbox 497 2908 2094 2987; baseline 0.004 -23"><span class='ocrx_word' id='word_1_226' title='bbox 497 2909 727 2979; x_wconf 73' lang='grc' dir='ltr'>φάγητε</span> <span class='ocrx_word' id='word_1_227' title='bbox 747 2950 760 2972; x_wconf 85' lang='grc'>,</span> <span class='ocrx_word' id='word_1_228' title='bbox 790 2908 1066 2980; x_wconf 75' lang='grc' dir='ltr'>διανοιχθ</span> <span class='ocrx_word' id='word_1_229' title='bbox 1081 2911 1334 2976; x_wconf 77' lang='grc' dir='ltr'>ήσονται</span> <span class='ocrx_word' id='word_1_230' title='bbox 1364 2913 1533 2982; x_wconf 84' lang='grc' dir='ltr'>ὑμῶν</span> <span class='ocrx_word' id='word_1_231' title='bbox 1554 2919 1608 2969; x_wconf 85' lang='grc' dir='ltr'>οὶ</span> <span class='ocrx_word' id='word_1_232' title='bbox 1637 2918 1936 2987; x_wconf 66' lang='grc' dir='ltr'>ὀφθαλμοί</span> <span class='ocrx_word' id='word_1_233' title='bbox 1955 2935 1968 2948; x_wconf 75' lang='grc' dir='ltr'><strong>ο</strong></span> <span class='ocrx_word' id='word_1_234' title='bbox 1997 2919 2094 2982; x_wconf 82' lang='grc' dir='ltr'>ίδε,</span> 
     </span>
    </p>
   </div>
   <div class='ocr_carea' id='block_1_31' title="bbox 499 2991 2097 3072">
    <p class='ocr_par' dir='ltr' id='par_1_31' title="bbox 499 2991 2097 3072">
     <span class='ocr_line' id='line_1_31' title="bbox 499 2991 2097 3072; baseline 0.009 -31"><span class='ocrx_word' id='word_1_235' title='bbox 499 2992 700 3062; x_wconf 78' lang='grc' dir='ltr'>φησὶν,</span> <span class='ocrx_word' id='word_1_236' title='bbox 765 2991 1062 3062; x_wconf 74' lang='grc' dir='ltr'>ὴλήθευσεν</span> <span class='ocrx_word' id='word_1_237' title='bbox 1125 2996 1154 3046; x_wconf 92' lang='lat'>6</span> <span class='ocrx_word' id='word_1_238' title='bbox 1195 2995 1462 3060; x_wconf 76' lang='grc' dir='ltr'>Σατανᾶς.</span> <span class='ocrx_word' id='word_1_239' title='bbox 1507 2998 1705 3069; x_wconf 85' lang='grc' dir='ltr'>Παύλῳ</span> <span class='ocrx_word' id='word_1_240' title='bbox 1757 3001 1955 3072; x_wconf 81' lang='grc' dir='ltr'>πρέπει</span> <span class='ocrx_word' id='word_1_241' title='bbox 2011 3003 2097 3056; x_wconf 86' lang='grc' dir='ltr'>λέ-</span> 
     </span>
    </p>
   </div>
   <div class='ocr_carea' id='block_1_32' title="bbox 493 3074 2096 3154">
    <p class='ocr_par' dir='ltr' id='par_1_32' title="bbox 493 3074 2096 3154">
     <span class='ocr_line' id='line_1_32' title="bbox 493 3074 2096 3154; baseline 0.009 -28"><span class='ocrx_word' id='word_1_242' title='bbox 493 3090 612 3142; x_wconf 84' lang='grc' dir='ltr'>γειν</span> <span class='ocrx_word' id='word_1_243' title='bbox 635 3091 647 3104; x_wconf 88' lang='grc'><strong>·</strong></span> <span class='ocrx_word' id='word_1_244' title='bbox 685 3076 767 3127; x_wconf 82' lang='grc' dir='ltr'>Οὐ</span> <span class='ocrx_word' id='word_1_245' title='bbox 807 3075 916 3144; x_wconf 70' lang='grc' dir='ltr'>γὰρ</span> <span class='ocrx_word' id='word_1_246' title='bbox 947 3076 1134 3131; x_wconf 84' lang='grc' dir='ltr'>αὐτοῦ</span> <span class='ocrx_word' id='word_1_247' title='bbox 1169 3078 1241 3131; x_wconf 84' lang='grc' dir='ltr'>τὰ</span> <span class='ocrx_word' id='word_1_248' title='bbox 1272 3078 1544 3148; x_wconf 71' lang='grc' dir='ltr'>νοήματα</span> <span class='ocrx_word' id='word_1_249' title='bbox 1592 3074 1953 3154; x_wconf 74' lang='grc' dir='ltr'>ἀγνοοῦμεν.</span> <span class='ocrx_word' id='word_1_250' title='bbox 2003 3088 2096 3139; x_wconf 88' lang='grc' dir='ltr'>υῖ-</span> 
     </span>
    </p>
   </div>
   <div class='ocr_carea' id='block_1_33' title="bbox 494 3158 2095 3240">
    <p class='ocr_par' dir='ltr' id='par_1_33' title="bbox 494 3158 2095 3240">
     <span class='ocr_line' id='line_1_33' title="bbox 494 3158 2095 3240; baseline 0.006 -28"><span class='ocrx_word' id='word_1_251' title='bbox 494 3158 651 3212; x_wconf 84' lang='grc' dir='ltr'>δασιν</span> <span class='ocrx_word' id='word_1_252' title='bbox 693 3160 742 3211; x_wconf 83' lang='grc' dir='ltr'>οἱ</span> <span class='ocrx_word' id='word_1_253' title='bbox 774 3160 915 3228; x_wconf 82' lang='grc' dir='ltr'>ἆγιοι</span> <span class='ocrx_word' id='word_1_254' title='bbox 952 3160 1052 3224; x_wconf 89' lang='grc' dir='ltr'>τὰς</span> <span class='ocrx_word' id='word_1_255' title='bbox 1081 3162 1326 3232; x_wconf 83' lang='grc' dir='ltr'>μηχανὰς</span> <span class='ocrx_word' id='word_1_256' title='bbox 1365 3164 1458 3216; x_wconf 85' lang='grc' dir='ltr'>τοῦ</span> <span class='ocrx_word' id='word_1_257' title='bbox 1499 3165 1770 3222; x_wconf 85' lang='grc' dir='ltr'>διαϐόλου.</span> <span class='ocrx_word' id='word_1_258' title='bbox 1825 3170 1965 3240; x_wconf 80' lang='grc' dir='ltr'>Ὀρα</span> <span class='ocrx_word' id='word_1_259' title='bbox 1992 3187 2095 3225; x_wconf 64' lang='grc' dir='ltr'>καη</span> 
     </span>
    </p>
   </div>
   <div class='ocr_carea' id='block_1_34' title="bbox 497 3241 2096 3322">
    <p class='ocr_par' dir='ltr' id='par_1_34' title="bbox 497 3241 2096 3322">
     <span class='ocr_line' id='line_1_34' title="bbox 497 3241 2096 3322; baseline 0.008 -26"><span class='ocrx_word' id='word_1_260' title='bbox 497 3241 641 3296; x_wconf 81' lang='grc' dir='ltr'>κίαν.</span> <span class='ocrx_word' id='word_1_261' title='bbox 680 3242 850 3296; x_wconf 86' lang='grc' dir='ltr'>Πόθεν</span> <span class='ocrx_word' id='word_1_262' title='bbox 893 3244 1008 3314; x_wconf 76' lang='grc' dir='ltr'>ᾔδει</span> <span class='ocrx_word' id='word_1_263' title='bbox 1049 3247 1077 3297; x_wconf 90' lang='lat'>6</span> <span class='ocrx_word' id='word_1_264' title='bbox 1133 3245 1380 3310; x_wconf 88' lang='grc' dir='ltr'>διάϐολος</span> <span class='ocrx_word' id='word_1_265' title='bbox 1406 3287 1420 3311; x_wconf 90' lang='grc'>,</span> <span class='ocrx_word' id='word_1_266' title='bbox 1455 3248 1538 3300; x_wconf 80' lang='grc' dir='ltr'>ὅτι</span> <span class='ocrx_word' id='word_1_267' title='bbox 1593 3249 1734 3318; x_wconf 89' lang='grc' dir='ltr'>μετὰ</span> <span class='ocrx_word' id='word_1_268' title='bbox 1789 3251 1850 3304; x_wconf 87' lang='grc' dir='ltr'>τὸ</span> <span class='ocrx_word' id='word_1_269' title='bbox 1900 3257 2096 3322; x_wconf 87' lang='grc' dir='ltr'>φαγεῖν</span> 
     </span>
    </p>
   </div>
   <div class='ocr_carea' id='block_1_35' title="bbox 496 3325 2092 3406">
    <p class='ocr_par' dir='ltr' id='par_1_35' title="bbox 496 3325 2092 3406">
     <span class='ocr_line' id='line_1_35' title="bbox 496 3325 2092 3406; baseline 0.007 -28"><span class='ocrx_word' id='word_1_270' title='bbox 496 3325 804 3393; x_wconf 86' lang='grc' dir='ltr'>ἀνοίγονται</span> <span class='ocrx_word' id='word_1_271' title='bbox 830 3326 1010 3380; x_wconf 89' lang='grc' dir='ltr'>αὑτῶν</span> <span class='ocrx_word' id='word_1_272' title='bbox 1035 3329 1083 3379; x_wconf 89' lang='grc' dir='ltr'>οί</span> <span class='ocrx_word' id='word_1_273' title='bbox 1112 3328 1416 3398; x_wconf 81' lang='grc' dir='ltr'>ὀφθαλμοί;</span> <span class='ocrx_word' id='word_1_274' title='bbox 1451 3330 1527 3400; x_wconf 85' lang='grc' dir='ltr'>μὴ</span> <span class='ocrx_word' id='word_1_275' title='bbox 1558 3331 1668 3400; x_wconf 91' lang='lat'>7&amp;9</span> <span class='ocrx_word' id='word_1_276' title='bbox 1699 3335 1891 3402; x_wconf 75' lang='grc' dir='ltr'>τυφλοὶ</span> <span class='ocrx_word' id='word_1_277' title='bbox 1917 3331 2092 3406; x_wconf 84' lang='grc' dir='ltr'>ἦσαν;</span> 
     </span>
    </p>
   </div>
   <div class='ocr_carea' id='block_1_36' title="bbox 496 3407 2091 3488">
    <p class='ocr_par' dir='ltr' id='par_1_36' title="bbox 496 3407 2091 3488">
     <span class='ocr_line' id='line_1_36' title="bbox 496 3407 2091 3488; baseline 0.008 -28"><span class='ocrx_word' id='word_1_278' title='bbox 496 3407 662 3488; x_wconf 82' lang='grc' dir='ltr'>Λέγει</span> <span class='ocrx_word' id='word_1_279' title='bbox 693 3411 725 3481; x_wconf 82' lang='grc' dir='ltr'>ὴ</span> <span class='ocrx_word' id='word_1_280' title='bbox 750 3410 962 3481; x_wconf 74' lang='grc' dir='ltr'>Γραφη,</span> <span class='ocrx_word' id='word_1_281' title='bbox 999 3411 1130 3481; x_wconf 81' lang='grc' dir='ltr'>πρὶν</span> <span class='ocrx_word' id='word_1_282' title='bbox 1161 3415 1353 3480; x_wconf 84' lang='grc' dir='ltr'>φαγεῖν</span> <span class='ocrx_word' id='word_1_283' title='bbox 1376 3413 1574 3476; x_wconf 81' lang='grc' dir='ltr'>αὑτοὺς</span> <span class='ocrx_word' id='word_1_284' title='bbox 1597 3414 1706 3466; x_wconf 85' lang='grc' dir='ltr'>ἀπὸ</span> <span class='ocrx_word' id='word_1_285' title='bbox 1728 3414 1822 3467; x_wconf 92' lang='grc' dir='ltr'>τοῦ</span> <span class='ocrx_word' id='word_1_286' title='bbox 1851 3417 2091 3488; x_wconf 77' lang='grc' dir='ltr'>δένδρου,</span> 
     </span>
    </p>
   </div>
   <div class='ocr_carea' id='block_1_37' title="bbox 496 3487 2096 3574">
    <p class='ocr_par' dir='ltr' id='par_1_37' title="bbox 496 3487 2096 3574">
     <span class='ocr_line' id='line_1_37' title="bbox 496 3487 2096 3574; baseline 0.006 -28"><span class='ocrx_word' id='word_1_287' title='bbox 496 3487 672 3557; x_wconf 77' lang='grc' dir='ltr'>Εἶδε,</span> <span class='ocrx_word' id='word_1_288' title='bbox 710 3494 896 3562; x_wconf 77' lang='grc' dir='ltr'>φησὶν,</span> <span class='ocrx_word' id='word_1_289' title='bbox 945 3493 983 3562; x_wconf 78' lang='grc' dir='ltr'><strong><em>ἠ</em></strong></span> <span class='ocrx_word' id='word_1_290' title='bbox 1027 3493 1184 3564; x_wconf 79' lang='grc' dir='ltr'>γυνὴ</span> <span class='ocrx_word' id='word_1_291' title='bbox 1228 3495 1294 3548; x_wconf 87' lang='grc' dir='ltr'>τὸ</span> <span class='ocrx_word' id='word_1_292' title='bbox 1341 3494 1616 3565; x_wconf 75' lang='grc' dir='ltr'>δένδρον.</span> <span class='ocrx_word' id='word_1_293' title='bbox 1651 3499 1863 3552; x_wconf 89' lang='grc' dir='ltr'>Οὑκοῦν</span> <span class='ocrx_word' id='word_1_294' title='bbox 1891 3487 1990 3554; x_wconf 82' lang='grc' dir='ltr'>οὑκ</span> <span class='ocrx_word' id='word_1_295' title='bbox 2027 3499 2096 3574; x_wconf 84' lang='grc' dir='ltr'>ἦν</span> 
     </span>
    </p>
   </div>
   <div class='ocr_carea' id='block_1_38' title="bbox 495 3574 2097 3652">
    <p class='ocr_par' dir='ltr' id='par_1_38' title="bbox 495 3574 2097 3652">
     <span class='ocr_line' id='line_1_38' title="bbox 495 3574 2097 3652; baseline 0.005 -22"><span class='ocrx_word' id='word_1_296' title='bbox 495 3577 692 3647; x_wconf 83' lang='grc' dir='ltr'>τυφλή.</span> <span class='ocrx_word' id='word_1_297' title='bbox 721 3574 875 3641; x_wconf 78' lang='grc' dir='ltr'>Εῖδε,</span> <span class='ocrx_word' id='word_1_298' title='bbox 908 3580 1093 3648; x_wconf 65' lang='grc' dir='ltr'>φησιν,</span> <span class='ocrx_word' id='word_1_299' title='bbox 1117 3581 1156 3647; x_wconf 75' lang='grc' dir='ltr'>η</span> <span class='ocrx_word' id='word_1_300' title='bbox 1181 3579 1336 3648; x_wconf 76' lang='grc' dir='ltr'>γυνὴ</span> <span class='ocrx_word' id='word_1_301' title='bbox 1366 3580 1432 3633; x_wconf 85' lang='grc' dir='ltr'>τὸ</span> <span class='ocrx_word' id='word_1_302' title='bbox 1460 3579 1736 3647; x_wconf 80' lang='grc' dir='ltr'>δένδρον,</span> <span class='ocrx_word' id='word_1_303' title='bbox 1767 3582 1855 3635; x_wconf 89' lang='grc' dir='ltr'>ὅτι</span> <span class='ocrx_word' id='word_1_304' title='bbox 1878 3585 2097 3652; x_wconf 84' lang='grc' dir='ltr'>ὡραῖον</span> 
     </span>
    </p>
   </div>
   <div class='ocr_carea' id='block_1_39' title="bbox 495 3659 2096 3732">
    <p class='ocr_par' dir='ltr' id='par_1_39' title="bbox 495 3659 2096 3732">
     <span class='ocr_line' id='line_1_39' title="bbox 495 3659 2096 3732; baseline 0.005 -18"><span class='ocrx_word' id='word_1_305' title='bbox 495 3662 584 3725; x_wconf 84' lang='grc' dir='ltr'>είς</span> <span class='ocrx_word' id='word_1_306' title='bbox 621 3659 857 3727; x_wconf 77' lang='grc' dir='ltr'>ὅρασιν.</span> <span class='ocrx_word' id='word_1_307' title='bbox 902 3660 1126 3731; x_wconf 87' lang='grc' dir='ltr'>Πρῶτον</span> <span class='ocrx_word' id='word_1_308' title='bbox 1165 3659 1271 3714; x_wconf 76' lang='grc' dir='ltr'>εἶδε</span> <span class='ocrx_word' id='word_1_309' title='bbox 1295 3703 1309 3727; x_wconf 96' lang='grc'>,</span> <span class='ocrx_word' id='word_1_310' title='bbox 1342 3664 1436 3716; x_wconf 74' lang='grc' dir='ltr'>καὶ</span> <span class='ocrx_word' id='word_1_311' title='bbox 1463 3662 1586 3717; x_wconf 87' lang='grc' dir='ltr'>τότε</span> <span class='ocrx_word' id='word_1_312' title='bbox 1615 3663 1786 3732; x_wconf 80' lang='grc' dir='ltr'>ἔφαγε</span> <span class='ocrx_word' id='word_1_313' title='bbox 1804 3705 1818 3720; x_wconf 89' lang='grc'>.</span> <span class='ocrx_word' id='word_1_314' title='bbox 1847 3667 1973 3731; x_wconf 85' lang='grc' dir='ltr'>Πῶς</span> <span class='ocrx_word' id='word_1_315' title='bbox 2001 3667 2096 3722; x_wconf 77' lang='grc' dir='ltr'>οὖν</span> 
     </span>
    </p>
   </div>
   <div class='ocr_carea' id='block_1_40' title="bbox 499 3741 2091 3820">
    <p class='ocr_par' dir='ltr' id='par_1_40' title="bbox 499 3741 2091 3820">
     <span class='ocr_line' id='line_1_40' title="bbox 499 3741 2091 3820; baseline 0.005 -24"><span class='ocrx_word' id='word_1_316' title='bbox 499 3741 832 3812; x_wconf 72' lang='grc' dir='ltr'>ἠνοίχθησαν</span> <span class='ocrx_word' id='word_1_317' title='bbox 855 3743 1036 3795; x_wconf 90' lang='grc' dir='ltr'>αὑτῶν</span> <span class='ocrx_word' id='word_1_318' title='bbox 1067 3745 1116 3796; x_wconf 86' lang='grc' dir='ltr'>οί</span> <span class='ocrx_word' id='word_1_319' title='bbox 1137 3743 1438 3814; x_wconf 84' lang='grc' dir='ltr'>όφθαλμοί;</span> <span class='ocrx_word' id='word_1_320' title='bbox 1468 3745 1730 3816; x_wconf 84' lang='grc' dir='ltr'>Πρόσεχε,</span> <span class='ocrx_word' id='word_1_321' title='bbox 1754 3751 2058 3820; x_wconf 83' lang='grc' dir='ltr'>παρακαλῶ</span> <span class='ocrx_word' id='word_1_322' title='bbox 2077 3765 2091 3780; x_wconf 91' lang='grc'><strong>·</strong></span> 
     </span>
    </p>
   </div>
   <div class='ocr_carea' id='block_1_41' title="bbox 506 3823 2095 3898">
    <p class='ocr_par' dir='ltr' id='par_1_41' title="bbox 506 3823 2095 3898">
     <span class='ocr_line' id='line_1_41' title="bbox 506 3823 2095 3898; baseline 0.006 -21"><span class='ocrx_word' id='word_1_323' title='bbox 506 3823 748 3878; x_wconf 88' lang='grc' dir='ltr'>ἐνταῦθά</span> <span class='ocrx_word' id='word_1_324' title='bbox 781 3826 897 3878; x_wconf 86' lang='grc' dir='ltr'>ἐστι</span> <span class='ocrx_word' id='word_1_325' title='bbox 941 3825 1003 3879; x_wconf 87' lang='grc' dir='ltr'>τὸ</span> <span class='ocrx_word' id='word_1_326' title='bbox 1059 3823 1412 3898; x_wconf 81' lang='grc' dir='ltr'>ζητούμενον.</span> <span class='ocrx_word' id='word_1_327' title='bbox 1463 3827 1522 3880; x_wconf 84' lang='grc' dir='ltr'>Ὀ</span> <span class='ocrx_word' id='word_1_328' title='bbox 1571 3828 1814 3892; x_wconf 86' lang='grc' dir='ltr'>διάϐολος</span> <span class='ocrx_word' id='word_1_329' title='bbox 1845 3832 1954 3884; x_wconf 82' lang='grc' dir='ltr'>ἀπὸ</span> <span class='ocrx_word' id='word_1_330' title='bbox 2001 3834 2095 3886; x_wconf 86' lang='grc' dir='ltr'>ἐκ-</span> 
     </span>
    </p>
   </div>
   <div class='ocr_carea' id='block_1_42' title="bbox 497 3902 2095 3984">
    <p class='ocr_par' dir='ltr' id='par_1_42' title="bbox 497 3902 2095 3984">
     <span class='ocr_line' id='line_1_42' title="bbox 497 3902 2095 3984; baseline 0.005 -25"><span class='ocrx_word' id='word_1_331' title='bbox 497 3907 760 3970; x_wconf 80' lang='grc' dir='ltr'>πτώσεως</span> <span class='ocrx_word' id='word_1_332' title='bbox 801 3902 891 3978; x_wconf 80' lang='grc' dir='ltr'>ἦν,</span> <span class='ocrx_word' id='word_1_333' title='bbox 929 3909 1211 3973; x_wconf 88' lang='grc' dir='ltr'>τουτέστι,</span> <span class='ocrx_word' id='word_1_334' title='bbox 1252 3909 1362 3962; x_wconf 84' lang='grc' dir='ltr'>ἀπὸ</span> <span class='ocrx_word' id='word_1_335' title='bbox 1402 3909 1774 3981; x_wconf 86' lang='grc' dir='ltr'>παραϐάσεως</span> <span class='ocrx_word' id='word_1_336' title='bbox 1797 3928 1812 3943; x_wconf 79' lang='grc'><strong><em>⁸</em></strong></span> <span class='ocrx_word' id='word_1_337' title='bbox 1845 3915 1939 3966; x_wconf 73' lang='grc' dir='ltr'>καὶ</span> <span class='ocrx_word' id='word_1_338' title='bbox 1975 3915 2095 3984; x_wconf 84' lang='grc' dir='ltr'>ᾔδει</span> 
     </span>
    </p>
   </div>
   <div class='ocr_carea' id='block_1_43' title="bbox 496 3989 2096 4067">
    <p class='ocr_par' dir='ltr' id='par_1_43' title="bbox 496 3989 2096 4067">
     <span class='ocr_line' id='line_1_43' title="bbox 496 3989 2096 4067; baseline 0.006 -25"><span class='ocrx_word' id='word_1_339' title='bbox 496 3990 550 4042; x_wconf 95' lang='grc' dir='ltr'>τί</span> <span class='ocrx_word' id='word_1_340' title='bbox 575 3989 775 4044; x_wconf 78' lang='grc' dir='ltr'>ἔπαθεν</span> <span class='ocrx_word' id='word_1_341' title='bbox 807 3991 836 4042; x_wconf 89' lang='lat'>6</span> <span class='ocrx_word' id='word_1_342' title='bbox 861 3991 1150 4062; x_wconf 78' lang='grc' dir='ltr'>παραϐάς,</span> <span class='ocrx_word' id='word_1_343' title='bbox 1181 3993 1274 4045; x_wconf 80' lang='grc' dir='ltr'>καὶ</span> <span class='ocrx_word' id='word_1_344' title='bbox 1307 3993 1361 4044; x_wconf 90' lang='grc' dir='ltr'>τί</span> <span class='ocrx_word' id='word_1_345' title='bbox 1401 3993 1705 4062; x_wconf 81' lang='grc' dir='ltr'>πάσχουσιν</span> <span class='ocrx_word' id='word_1_346' title='bbox 1739 3996 1788 4048; x_wconf 84' lang='grc' dir='ltr'>οἱ</span> <span class='ocrx_word' id='word_1_347' title='bbox 1822 3998 2096 4067; x_wconf 77' lang='grc' dir='ltr'>παραϐαί-</span> 
     </span>
    </p>
   </div>
   <div class='ocr_carea' id='block_1_44' title="bbox 496 4073 2096 4152">
    <p class='ocr_par' dir='ltr' id='par_1_44' title="bbox 496 4073 2096 4152">
     <span class='ocr_line' id='line_1_44' title="bbox 496 4073 2096 4152; baseline -0.001 -23"><span class='ocrx_word' id='word_1_348' title='bbox 496 4091 699 4137; x_wconf 88' lang='grc' dir='ltr'>νοντες.</span> <span class='ocrx_word' id='word_1_349' title='bbox 734 4074 928 4127; x_wconf 86' lang='grc' dir='ltr'>Κοινὸν</span> <span class='ocrx_word' id='word_1_350' title='bbox 975 4073 1033 4126; x_wconf 90' lang='grc' dir='ltr'>δέ</span> <span class='ocrx_word' id='word_1_351' title='bbox 1077 4075 1192 4127; x_wconf 86' lang='grc' dir='ltr'>ἐστι</span> <span class='ocrx_word' id='word_1_352' title='bbox 1234 4075 1294 4128; x_wconf 89' lang='grc' dir='ltr'>τὸ</span> <span class='ocrx_word' id='word_1_353' title='bbox 1333 4076 1506 4139; x_wconf 87' lang='grc' dir='ltr'>πάθος</span> <span class='ocrx_word' id='word_1_354' title='bbox 1541 4078 1779 4134; x_wconf 87' lang='grc' dir='ltr'>πάντων.</span> <span class='ocrx_word' id='word_1_355' title='bbox 1836 4081 1945 4132; x_wconf 79' lang='grc' dir='ltr'>Καὶ</span> <span class='ocrx_word' id='word_1_356' title='bbox 1986 4083 2096 4152; x_wconf 69' lang='grc' dir='ltr'>γὰρ</span> 
     </span>
    </p>
   </div>
   <div class='ocr_carea' id='block_1_45' title="bbox 498 4157 2089 4233">
    <p class='ocr_par' dir='ltr' id='par_1_45' title="bbox 498 4157 2089 4233">
     <span class='ocr_line' id='line_1_45' title="bbox 498 4157 2089 4233; baseline 0.006 -25"><span class='ocrx_word' id='word_1_357' title='bbox 498 4159 762 4227; x_wconf 87' lang='grc' dir='ltr'>σήμερον,</span> <span class='ocrx_word' id='word_1_358' title='bbox 780 4158 907 4209; x_wconf 85' lang='grc' dir='ltr'>ὅταν</span> <span class='ocrx_word' id='word_1_359' title='bbox 929 4157 1443 4227; x_wconf 87' lang='grc' dir='ltr'>ἁμαρτάνωμεν,ὼς</span> <span class='ocrx_word' id='word_1_360' title='bbox 1459 4161 1650 4228; x_wconf 62' lang='grc' dir='ltr'>τυφλοὶ¹</span> <span class='ocrx_word' id='word_1_361' title='bbox 1672 4163 2059 4233; x_wconf 76' lang='grc' dir='ltr'>ἁμαρτάνομεν</span> <span class='ocrx_word' id='word_1_362' title='bbox 2077 4182 2089 4197; x_wconf 72' lang='grc' dir='ltr'><strong>ο</strong></span> 
     </span>
    </p>
   </div>
   <div class='ocr_carea' id='block_1_46' title="bbox 497 4241 2090 4317">
    <p class='ocr_par' dir='ltr' id='par_1_46' title="bbox 497 4241 2090 4317">
     <span class='ocr_line' id='line_1_46' title="bbox 497 4241 2090 4317; baseline 0.004 -23"><span class='ocrx_word' id='word_1_363' title='bbox 497 4241 591 4294; x_wconf 72' lang='grc' dir='ltr'>καὶ</span> <span class='ocrx_word' id='word_1_364' title='bbox 621 4241 748 4294; x_wconf 84' lang='grc' dir='ltr'>ὅταν</span> <span class='ocrx_word' id='word_1_365' title='bbox 776 4241 1208 4312; x_wconf 88' lang='grc' dir='ltr'>ἁμαρτήσωμεν,</span> <span class='ocrx_word' id='word_1_366' title='bbox 1245 4242 1367 4295; x_wconf 90' lang='grc' dir='ltr'>τότε</span> <span class='ocrx_word' id='word_1_367' title='bbox 1405 4243 1624 4313; x_wconf 86' lang='grc' dir='ltr'>ὁρῶμεν</span> <span class='ocrx_word' id='word_1_368' title='bbox 1650 4244 1701 4296; x_wconf 90' lang='grc' dir='ltr'>τί</span> <span class='ocrx_word' id='word_1_369' title='bbox 1729 4247 2090 4317; x_wconf 84' lang='grc' dir='ltr'>ἐποιήσαμεν.</span> 
     </span>
    </p>
   </div>
   <div class='ocr_carea' id='block_1_47' title="bbox 499 4317 2091 4400">
    <p class='ocr_par' dir='ltr' id='par_1_47' title="bbox 499 4317 2091 4400">
     <span class='ocr_line' id='line_1_47' title="bbox 499 4317 2091 4400; baseline 0.004 -24"><span class='ocrx_word' id='word_1_370' title='bbox 499 4317 644 4388; x_wconf 75' lang='grc' dir='ltr'>Οίον,</span> <span class='ocrx_word' id='word_1_371' title='bbox 674 4323 863 4394; x_wconf 83' lang='grc' dir='ltr'>ὥσπερ</span> <span class='ocrx_word' id='word_1_372' title='bbox 896 4324 947 4374; x_wconf 79' lang='grc' dir='ltr'>εἴ</span> <span class='ocrx_word' id='word_1_373' title='bbox 976 4341 1060 4385; x_wconf 90' lang='grc' dir='ltr'>τις</span> <span class='ocrx_word' id='word_1_374' title='bbox 1084 4324 1418 4392; x_wconf 85' lang='grc' dir='ltr'>ἐγκαλεῖται,</span> <span class='ocrx_word' id='word_1_375' title='bbox 1451 4326 1554 4379; x_wconf 87' lang='grc' dir='ltr'>Διὰ</span> <span class='ocrx_word' id='word_1_376' title='bbox 1588 4327 1637 4380; x_wconf 88' lang='grc' dir='ltr'>τί</span> <span class='ocrx_word' id='word_1_377' title='bbox 1661 4327 1778 4382; x_wconf 85' lang='grc' dir='ltr'>τόδε</span> <span class='ocrx_word' id='word_1_378' title='bbox 1807 4330 2091 4400; x_wconf 88' lang='grc' dir='ltr'>ἐποίησας,</span> 
     </span>
    </p>
   </div>
   <div class='ocr_carea' id='block_1_48' title="bbox 496 4405 2091 4479">
    <p class='ocr_par' dir='ltr' id='par_1_48' title="bbox 496 4405 2091 4479">
     <span class='ocr_line' id='line_1_48' title="bbox 496 4405 2091 4479; baseline 0.005 -21"><span class='ocrx_word' id='word_1_379' title='bbox 496 4406 890 4477; x_wconf 69' lang='grc' dir='ltr'>προφασίζεται</span> <span class='ocrx_word' id='word_1_380' title='bbox 904 4405 1531 4479; x_wconf 60' lang='grc' dir='ltr'>άνάγκηνδΑληΟῶςοὺκ</span> <span class='ocrx_word' id='word_1_381' title='bbox 1547 4409 1775 4463; x_wconf 78' lang='grc' dir='ltr'>ἔϐλεπον</span> <span class='ocrx_word' id='word_1_382' title='bbox 1789 4411 1840 4464; x_wconf 90' lang='grc' dir='ltr'>τί</span> <span class='ocrx_word' id='word_1_383' title='bbox 1855 4415 2091 4466; x_wconf 79' lang='grc' dir='ltr'>ἐποίουνο</span> 
     </span>
    </p>
   </div>
   <div class='ocr_carea' id='block_1_49' title="bbox 495 4487 2095 4568">
    <p class='ocr_par' dir='ltr' id='par_1_49' title="bbox 495 4487 2095 4568">
     <span class='ocr_line' id='line_1_49' title="bbox 495 4487 2095 4568; baseline 0.004 -25"><span class='ocrx_word' id='word_1_384' title='bbox 495 4491 593 4558; x_wconf 83' lang='grc' dir='ltr'>οὐχ</span> <span class='ocrx_word' id='word_1_385' title='bbox 621 4489 696 4552; x_wconf 85' lang='grc' dir='ltr'>ὡς</span> <span class='ocrx_word' id='word_1_386' title='bbox 729 4488 926 4556; x_wconf 60' lang='grc' dir='ltr'>τυφλὸς</span> <span class='ocrx_word' id='word_1_387' title='bbox 952 4487 1048 4554; x_wconf 82' lang='grc' dir='ltr'>ὢν,</span> <span class='ocrx_word' id='word_1_388' title='bbox 1079 4489 1194 4542; x_wconf 82' lang='grc' dir='ltr'>ἁλλ’</span> <span class='ocrx_word' id='word_1_389' title='bbox 1221 4492 1406 4562; x_wconf 83' lang='grc' dir='ltr'>ἐπειδὴ</span> <span class='ocrx_word' id='word_1_390' title='bbox 1436 4495 1496 4546; x_wconf 86' lang='grc' dir='ltr'>ἐν</span> <span class='ocrx_word' id='word_1_391' title='bbox 1521 4497 1586 4564; x_wconf 83' lang='grc' dir='ltr'>τῇ</span> <span class='ocrx_word' id='word_1_392' title='bbox 1617 4496 1862 4568; x_wconf 82' lang='grc' dir='ltr'>ἁμαρτίᾳ</span> <span class='ocrx_word' id='word_1_393' title='bbox 1890 4498 1917 4548; x_wconf 90' lang='lat'>6</span> <span class='ocrx_word' id='word_1_394' title='bbox 1946 4498 2095 4566; x_wconf 49' lang='lat' dir='ltr'><strong>107c-</strong></span> 
     </span>
    </p>
   </div>
   <div class='ocr_carea' id='block_1_50' title="bbox 498 4571 2094 4648">
    <p class='ocr_par' dir='ltr' id='par_1_50' title="bbox 498 4571 2094 4648">
     <span class='ocr_line' id='line_1_50' title="bbox 498 4571 2094 4648; baseline 0.008 -25"><span class='ocrx_word' id='word_1_395' title='bbox 498 4572 634 4640; x_wconf 88' lang='grc' dir='ltr'>σμὸς</span> <span class='ocrx_word' id='word_1_396' title='bbox 671 4589 744 4642; x_wconf 85' lang='grc' dir='ltr'>πη</span> <span class='ocrx_word' id='word_1_397' title='bbox 756 4571 944 4642; x_wconf 85' lang='grc' dir='ltr'>ροῦται</span> <span class='ocrx_word' id='word_1_398' title='bbox 980 4611 994 4633; x_wconf 91' lang='grc'>,</span> <span class='ocrx_word' id='word_1_399' title='bbox 1033 4571 1151 4636; x_wconf 83' lang='grc' dir='ltr'>ὅλος</span> <span class='ocrx_word' id='word_1_400' title='bbox 1180 4575 1463 4643; x_wconf 80' lang='grc' dir='ltr'>γινόμενος</span> <span class='ocrx_word' id='word_1_401' title='bbox 1489 4576 1584 4629; x_wconf 87' lang='grc' dir='ltr'>τοῦ</span> <span class='ocrx_word' id='word_1_402' title='bbox 1615 4579 1852 4648; x_wconf 80' lang='grc' dir='ltr'>πρᾶξαι,</span> <span class='ocrx_word' id='word_1_403' title='bbox 1880 4583 1973 4633; x_wconf 78' lang='grc' dir='ltr'>καὶ</span> <span class='ocrx_word' id='word_1_404' title='bbox 2001 4601 2094 4634; x_wconf 86' lang='grc' dir='ltr'>τυ-</span> 
     </span>
    </p>
   </div>
   <div class='ocr_carea' id='block_1_51' title="bbox 497 4653 2094 4734">
    <p class='ocr_par' dir='ltr' id='par_1_51' title="bbox 497 4653 2094 4734">
     <span class='ocr_line' id='line_1_51' title="bbox 497 4653 2094 4734; baseline 0.008 -29"><span class='ocrx_word' id='word_1_405' title='bbox 497 4653 722 4722; x_wconf 77' lang='grc' dir='ltr'>φλοῦται</span> <span class='ocrx_word' id='word_1_406' title='bbox 756 4656 813 4705; x_wconf 88' lang='grc' dir='ltr'>ἐν</span> <span class='ocrx_word' id='word_1_407' title='bbox 851 4653 928 4724; x_wconf 84' lang='grc' dir='ltr'>τῷ</span> <span class='ocrx_word' id='word_1_408' title='bbox 958 4657 1238 4726; x_wconf 87' lang='grc' dir='ltr'>πράττειν.</span> <span class='ocrx_word' id='word_1_409' title='bbox 1269 4657 1464 4710; x_wconf 87' lang='grc' dir='ltr'>Βλέπει</span> <span class='ocrx_word' id='word_1_410' title='bbox 1498 4661 1637 4728; x_wconf 80' lang='grc' dir='ltr'>μετὰ</span> <span class='ocrx_word' id='word_1_411' title='bbox 1668 4661 1840 4714; x_wconf 88' lang='grc' dir='ltr'>ταῦτα</span> <span class='ocrx_word' id='word_1_412' title='bbox 1873 4667 1937 4734; x_wconf 79' lang='grc' dir='ltr'>τῇ</span> <span class='ocrx_word' id='word_1_413' title='bbox 1972 4682 2094 4718; x_wconf 85' lang='grc' dir='ltr'>συν-</span> 
     </span>
    </p>
   </div>
   <div class='ocr_carea' id='block_1_52' title="bbox 495 4736 2094 4816">
    <p class='ocr_par' dir='ltr' id='par_1_52' title="bbox 495 4736 2094 4816">
     <span class='ocr_line' id='line_1_52' title="bbox 495 4736 2094 4816; baseline 0.006 -26"><span class='ocrx_word' id='word_1_414' title='bbox 495 4736 701 4805; x_wconf 85' lang='grc' dir='ltr'>ειδήσει</span> <span class='ocrx_word' id='word_1_415' title='bbox 740 4737 792 4789; x_wconf 92' lang='grc' dir='ltr'>τί</span> <span class='ocrx_word' id='word_1_416' title='bbox 816 4738 1108 4808; x_wconf 88' lang='grc' dir='ltr'>πεποίηκε.</span> <span class='ocrx_word' id='word_1_417' title='bbox 1137 4738 1295 4805; x_wconf 87' lang='grc' dir='ltr'>Λέγω</span> <span class='ocrx_word' id='word_1_418' title='bbox 1316 4739 1374 4792; x_wconf 83' lang='grc' dir='ltr'>δέ</span> <span class='ocrx_word' id='word_1_419' title='bbox 1412 4740 1486 4804; x_wconf 86' lang='grc' dir='ltr'>ὡς</span> <span class='ocrx_word' id='word_1_420' title='bbox 1514 4745 1571 4794; x_wconf 88' lang='grc' dir='ltr'>ἐν</span> <span class='ocrx_word' id='word_1_421' title='bbox 1595 4743 1884 4798; x_wconf 88' lang='grc' dir='ltr'>ὑποθέσει·</span> <span class='ocrx_word' id='word_1_422' title='bbox 1916 4747 2094 4816; x_wconf 81' lang='grc' dir='ltr'>εἰσέρ-</span> 
     </span>
    </p>
   </div>
   <div class='ocr_carea' id='block_1_53' title="bbox 495 4820 2093 4897">
    <p class='ocr_par' dir='ltr' id='par_1_53' title="bbox 495 4820 2093 4897">
     <span class='ocr_line' id='line_1_53' title="bbox 495 4820 2093 4897; baseline 0.006 -25"><span class='ocrx_word' id='word_1_423' title='bbox 495 4820 649 4890; x_wconf 87' lang='grc' dir='ltr'>χεταί</span> <span class='ocrx_word' id='word_1_424' title='bbox 687 4837 769 4882; x_wconf 91' lang='grc' dir='ltr'>τις</span> <span class='ocrx_word' id='word_1_425' title='bbox 812 4820 1107 4890; x_wconf 88' lang='grc' dir='ltr'>λῃστεῦσαι</span> <span class='ocrx_word' id='word_1_426' title='bbox 1155 4821 1249 4872; x_wconf 75' lang='grc' dir='ltr'>ἐπὶ</span> <span class='ocrx_word' id='word_1_427' title='bbox 1279 4822 1491 4885; x_wconf 79' lang='grc' dir='ltr'>οἰκίας,</span> <span class='ocrx_word' id='word_1_428' title='bbox 1534 4826 1628 4877; x_wconf 75' lang='grc' dir='ltr'>καὶ</span> <span class='ocrx_word' id='word_1_429' title='bbox 1675 4827 1984 4897; x_wconf 77' lang='grc' dir='ltr'>εἰσέρχεται</span> <span class='ocrx_word' id='word_1_430' title='bbox 2017 4831 2093 4890; x_wconf 87' lang='grc' dir='ltr'>ὡς</span> 
     </span>
    </p>
   </div>
   <div class='ocr_carea' id='block_1_54' title="bbox 494 4901 2087 4981">
    <p class='ocr_par' dir='ltr' id='par_1_54' title="bbox 494 4901 2087 4981">
     <span class='ocr_line' id='line_1_54' title="bbox 494 4901 2087 4981; baseline 0.008 -26"><span class='ocrx_word' id='word_1_431' title='bbox 494 4901 692 4970; x_wconf 74' lang='grc' dir='ltr'>τυφλός</span> <span class='ocrx_word' id='word_1_432' title='bbox 713 4918 725 4929; x_wconf 93' lang='grc'><strong>·</strong></span> <span class='ocrx_word' id='word_1_433' title='bbox 758 4902 818 4953; x_wconf 91' lang='grc' dir='ltr'>οὑ</span> <span class='ocrx_word' id='word_1_434' title='bbox 847 4902 1119 4968; x_wconf 77' lang='grc' dir='ltr'>λογίζεται</span> <span class='ocrx_word' id='word_1_435' title='bbox 1144 4903 1235 4955; x_wconf 92' lang='grc' dir='ltr'>τὸν</span> <span class='ocrx_word' id='word_1_436' title='bbox 1257 4905 1605 4970; x_wconf 79' lang='grc' dir='ltr'>ἀπαντῶντα,</span> <span class='ocrx_word' id='word_1_437' title='bbox 1640 4909 1730 4960; x_wconf 86' lang='grc' dir='ltr'>τὸν</span> <span class='ocrx_word' id='word_1_438' title='bbox 1762 4911 2087 4981; x_wconf 79' lang='grc' dir='ltr'>κρατοῦντα,</span> 
     </span>
    </p>
   </div>
   <div class='ocr_carea' id='block_1_55' title="bbox 494 4984 2088 5061">
    <p class='ocr_par' dir='ltr' id='par_1_55' title="bbox 494 4984 2088 5061">
     <span class='ocr_line' id='line_1_55' title="bbox 494 4984 2088 5061; baseline 0.005 -23"><span class='ocrx_word' id='word_1_439' title='bbox 494 4986 587 5038; x_wconf 85' lang='grc' dir='ltr'>τὸν</span> <span class='ocrx_word' id='word_1_440' title='bbox 622 4984 787 5051; x_wconf 81' lang='grc' dir='ltr'>φόϐον</span> <span class='ocrx_word' id='word_1_441' title='bbox 817 4987 923 5037; x_wconf 90' lang='grc' dir='ltr'>τῶν</span> <span class='ocrx_word' id='word_1_442' title='bbox 954 4985 1244 5048; x_wconf 88' lang='grc' dir='ltr'>δικαστῶν,</span> <span class='ocrx_word' id='word_1_443' title='bbox 1270 4986 1361 5041; x_wconf 83' lang='grc' dir='ltr'>τὸν</span> <span class='ocrx_word' id='word_1_444' title='bbox 1392 4989 1777 5061; x_wconf 76' lang='grc' dir='ltr'>ἐπηρτημένον</span> <span class='ocrx_word' id='word_1_445' title='bbox 1812 4993 2053 5046; x_wconf 80' lang='grc' dir='ltr'>κίνδυνον</span> <span class='ocrx_word' id='word_1_446' title='bbox 2075 5012 2088 5027; x_wconf 89' lang='grc'><strong>·</strong></span> 
     </span>
    </p>
   </div>
   <div class='ocr_carea' id='block_1_56' title="bbox 495 5070 2091 5147">
    <p class='ocr_par' dir='ltr' id='par_1_56' title="bbox 495 5070 2091 5147">
     <span class='ocr_line' id='line_1_56' title="bbox 495 5070 2091 5147; baseline 0.006 -24"><span class='ocrx_word' id='word_1_447' title='bbox 495 5070 834 5137; x_wconf 67' lang='grc' dir='ltr'>τετύφλωται</span> <span class='ocrx_word' id='word_1_448' title='bbox 865 5071 970 5140; x_wconf 80' lang='grc' dir='ltr'>γὰρ</span> <span class='ocrx_word' id='word_1_449' title='bbox 1003 5071 1107 5123; x_wconf 85' lang='grc' dir='ltr'>ὑπὸ</span> <span class='ocrx_word' id='word_1_450' title='bbox 1132 5073 1230 5142; x_wconf 79' lang='grc' dir='ltr'>τῆς</span> <span class='ocrx_word' id='word_1_451' title='bbox 1261 5072 1438 5126; x_wconf 86' lang='grc' dir='ltr'>νόσου.</span> <span class='ocrx_word' id='word_1_452' title='bbox 1478 5074 1647 5129; x_wconf 88' lang='grc' dir='ltr'>Ὅταν</span> <span class='ocrx_word' id='word_1_453' title='bbox 1670 5077 1889 5147; x_wconf 82' lang='grc' dir='ltr'>εἰσέλθῃ</span> <span class='ocrx_word' id='word_1_454' title='bbox 1914 5119 1928 5140; x_wconf 91' lang='grc'>,</span> <span class='ocrx_word' id='word_1_455' title='bbox 1963 5080 2091 5133; x_wconf 79' lang='grc' dir='ltr'>ὅταν</span> 
     </span>
    </p>
   </div>
   <div class='ocr_carea' id='block_1_57' title="bbox 497 5153 2089 5228">
    <p class='ocr_par' dir='ltr' id='par_1_57' title="bbox 497 5153 2089 5228">
     <span class='ocr_line' id='line_1_57' title="bbox 497 5153 2089 5228; baseline 0.004 -22"><span class='ocrx_word' id='word_1_456' title='bbox 497 5153 658 5225; x_wconf 75' lang='grc' dir='ltr'>λάϐῃ,</span> <span class='ocrx_word' id='word_1_457' title='bbox 695 5154 820 5204; x_wconf 84' lang='grc' dir='ltr'>ὅταν</span> <span class='ocrx_word' id='word_1_458' title='bbox 861 5155 1064 5220; x_wconf 69' lang='grc' dir='ltr'>κλέψας</span> <span class='ocrx_word' id='word_1_459' title='bbox 1087 5154 1302 5228; x_wconf 86' lang='grc' dir='ltr'>ἐξέλθῃ,</span> <span class='ocrx_word' id='word_1_460' title='bbox 1341 5157 1569 5227; x_wconf 72' lang='grc' dir='ltr'>μηδενὸς</span> <span class='ocrx_word' id='word_1_461' title='bbox 1607 5159 1893 5228; x_wconf 86' lang='grc' dir='ltr'>παρόντος,</span> <span class='ocrx_word' id='word_1_462' title='bbox 1925 5161 2089 5228; x_wconf 77' lang='grc' dir='ltr'>φόϐου</span> 
     </span>
    </p>
   </div>
   <div class='ocr_carea' id='block_1_58' title="bbox 498 5235 2088 5312">
    <p class='ocr_par' dir='ltr' id='par_1_58' title="bbox 498 5235 2088 5312">
     <span class='ocr_line' id='line_1_58' title="bbox 498 5235 2088 5312; baseline 0.003 -24"><span class='ocrx_word' id='word_1_463' title='bbox 498 5235 818 5306; x_wconf 76' lang='grc' dir='ltr'>πληροῦται,</span> <span class='ocrx_word' id='word_1_464' title='bbox 845 5235 1162 5290; x_wconf 87' lang='grc' dir='ltr'>αἰσθάνεται</span> <span class='ocrx_word' id='word_1_465' title='bbox 1193 5239 1244 5290; x_wconf 90' lang='grc' dir='ltr'>τί</span> <span class='ocrx_word' id='word_1_466' title='bbox 1275 5241 1523 5310; x_wconf 86' lang='grc' dir='ltr'>ἐποίησε,</span> <span class='ocrx_word' id='word_1_467' title='bbox 1555 5244 1649 5295; x_wconf 73' lang='grc' dir='ltr'>καὶ</span> <span class='ocrx_word' id='word_1_468' title='bbox 1675 5243 1949 5310; x_wconf 81' lang='grc' dir='ltr'>λογίζεται</span> <span class='ocrx_word' id='word_1_469' title='bbox 1972 5245 2052 5298; x_wconf 77' lang='grc' dir='ltr'>ὅτι</span> <span class='ocrx_word' id='word_1_470' title='bbox 2074 5288 2088 5312; x_wconf 81' lang='grc'>,</span> 
     </span>
    </p>
   </div>
   <div class='ocr_carea' id='block_1_59' title="bbox 496 5319 2087 5400">
    <p class='ocr_par' dir='ltr' id='par_1_59' title="bbox 496 5319 2087 5400">
     <span class='ocr_line' id='line_1_59' title="bbox 496 5319 2087 5400; baseline 0.008 -28"><span class='ocrx_word' id='word_1_471' title='bbox 496 5320 592 5373; x_wconf 73' lang='grc' dir='ltr'>ἐὰν</span> <span class='ocrx_word' id='word_1_472' title='bbox 631 5319 838 5390; x_wconf 80' lang='grc' dir='ltr'>ζητηθῇ</span> <span class='ocrx_word' id='word_1_473' title='bbox 867 5359 880 5382; x_wconf 96' lang='grc'>,</span> <span class='ocrx_word' id='word_1_474' title='bbox 923 5320 1104 5374; x_wconf 79' lang='grc' dir='ltr'>νοοῦσι</span> <span class='ocrx_word' id='word_1_475' title='bbox 1148 5324 1208 5375; x_wconf 89' lang='grc' dir='ltr'>τὸ</span> <span class='ocrx_word' id='word_1_476' title='bbox 1252 5326 1485 5394; x_wconf 74' lang='grc' dir='ltr'>πρᾶγμα</span> <span class='ocrx_word' id='word_1_477' title='bbox 1529 5326 1674 5390; x_wconf 87' lang='grc' dir='ltr'>τίνος</span> <span class='ocrx_word' id='word_1_478' title='bbox 1709 5329 1856 5380; x_wconf 69' lang='grc' dir='ltr'>ἐστὶν</span> <span class='ocrx_word' id='word_1_479' title='bbox 1906 5328 2087 5400; x_wconf 78' lang='grc' dir='ltr'>ἔργον.</span> 
     </span>
    </p>
   </div>
   <div class='ocr_carea' id='block_1_60' title="bbox 499 5402 2093 5483">
    <p class='ocr_par' dir='ltr' id='par_1_60' title="bbox 499 5402 2093 5483">
     <span class='ocr_line' id='line_1_60' title="bbox 499 5402 2093 5483; baseline 0.006 -26"><span class='ocrx_word' id='word_1_480' title='bbox 499 5402 654 5475; x_wconf 72' lang='grc'>[505]</span> <span class='ocrx_word' id='word_1_481' title='bbox 685 5406 794 5458; x_wconf 75' lang='grc' dir='ltr'>Καὶ</span> <span class='ocrx_word' id='word_1_482' title='bbox 833 5404 868 5458; x_wconf 75' lang='grc' dir='ltr'>ἃ</span> <span class='ocrx_word' id='word_1_483' title='bbox 901 5405 974 5474; x_wconf 79' lang='grc' dir='ltr'>μὴ</span> <span class='ocrx_word' id='word_1_484' title='bbox 1008 5405 1289 5474; x_wconf 76' lang='grc' dir='ltr'>ἐλογίσατο</span> <span class='ocrx_word' id='word_1_485' title='bbox 1321 5409 1597 5478; x_wconf 78' lang='grc' dir='ltr'>πράττων,</span> <span class='ocrx_word' id='word_1_486' title='bbox 1639 5409 1913 5478; x_wconf 80' lang='grc' dir='ltr'>λογίζεται</span> <span class='ocrx_word' id='word_1_487' title='bbox 1951 5416 2093 5483; x_wconf 82' lang='grc' dir='ltr'>μετὰ</span> 
     </span>
    </p>
   </div>
   <div class='ocr_carea' id='block_1_61' title="bbox 495 5484 2090 5565">
    <p class='ocr_par' dir='ltr' id='par_1_61' title="bbox 495 5484 2090 5565">
     <span class='ocr_line' id='line_1_61' title="bbox 495 5484 2090 5565; baseline 0.009 -27"><span class='ocrx_word' id='word_1_488' title='bbox 495 5489 556 5540; x_wconf 86' lang='grc' dir='ltr'>τὸ</span> <span class='ocrx_word' id='word_1_489' title='bbox 587 5488 812 5557; x_wconf 80' lang='grc' dir='ltr'>πρᾶξαι.</span> <span class='ocrx_word' id='word_1_490' title='bbox 852 5484 998 5553; x_wconf 76' lang='grc' dir='ltr'>Οἷον,</span> <span class='ocrx_word' id='word_1_491' title='bbox 1031 5491 1058 5542; x_wconf 89' lang='lat'>6</span> <span class='ocrx_word' id='word_1_492' title='bbox 1085 5492 1372 5560; x_wconf 82' lang='grc' dir='ltr'>μοιχεύων,</span> <span class='ocrx_word' id='word_1_493' title='bbox 1408 5495 1499 5546; x_wconf 73' lang='grc' dir='ltr'>καὶ</span> <span class='ocrx_word' id='word_1_494' title='bbox 1531 5495 1870 5565; x_wconf 74' lang='grc' dir='ltr'>ἐπιρῤίπτων</span> <span class='ocrx_word' id='word_1_495' title='bbox 1900 5499 2090 5552; x_wconf 76' lang='grc' dir='ltr'>ἐαυτὸν</span> 
     </span>
    </p>
   </div>
   <div class='ocr_carea' id='block_1_62' title="bbox 496 5573 2091 5651">
    <p class='ocr_par' dir='ltr' id='par_1_62' title="bbox 496 5573 2091 5651">
     <span class='ocr_line' id='line_1_62' title="bbox 496 5573 2091 5651; baseline 0.008 -24"><span class='ocrx_word' id='word_1_496' title='bbox 496 5573 761 5644; x_wconf 73' lang='grc' dir='ltr'>ἀλλοτρίῳ</span> <span class='ocrx_word' id='word_1_497' title='bbox 794 5576 930 5646; x_wconf 74' lang='grc' dir='ltr'>πυρὶ</span> <span class='ocrx_word' id='word_1_498' title='bbox 952 5617 964 5639; x_wconf 90' lang='grc'>,</span> <span class='ocrx_word' id='word_1_499' title='bbox 996 5578 1333 5647; x_wconf 76' lang='grc' dir='ltr'>εἰσέρχεται,</span> <span class='ocrx_word' id='word_1_500' title='bbox 1368 5583 1461 5633; x_wconf 74' lang='grc' dir='ltr'>καὶ</span> <span class='ocrx_word' id='word_1_501' title='bbox 1494 5582 1554 5635; x_wconf 85' lang='grc' dir='ltr'>οὑ</span> <span class='ocrx_word' id='word_1_502' title='bbox 1592 5582 1862 5651; x_wconf 76' lang='grc' dir='ltr'>λογίζεται</span> <span class='ocrx_word' id='word_1_503' title='bbox 1893 5587 1973 5638; x_wconf 74' lang='grc' dir='ltr'>ὅτι</span> <span class='ocrx_word' id='word_1_504' title='bbox 2007 5588 2091 5638; x_wconf 79' lang='grc' dir='ltr'>νό-</span> 
     </span>
    </p>
   </div>
   <div class='ocr_carea' id='block_1_63' title="bbox 501 5658 2088 5737">
    <p class='ocr_par' dir='ltr' id='par_1_63' title="bbox 501 5658 2088 5737">
     <span class='ocr_line' id='line_1_63' title="bbox 501 5658 2088 5737; baseline 0.008 -30"><span class='ocrx_word' id='word_1_505' title='bbox 501 5674 592 5725; x_wconf 90' lang='grc' dir='ltr'>μοι</span> <span class='ocrx_word' id='word_1_506' title='bbox 621 5659 756 5722; x_wconf 74' lang='grc' dir='ltr'>είσὶ,</span> <span class='ocrx_word' id='word_1_507' title='bbox 786 5658 1142 5729; x_wconf 86' lang='grc' dir='ltr'>δικαστήρια,</span> <span class='ocrx_word' id='word_1_508' title='bbox 1179 5664 1540 5732; x_wconf 79' lang='grc' dir='ltr'>κατηγορίαι,</span> <span class='ocrx_word' id='word_1_509' title='bbox 1576 5664 1700 5736; x_wconf 76' lang='grc' dir='ltr'>ξίφη</span> <span class='ocrx_word' id='word_1_510' title='bbox 1734 5668 2048 5737; x_wconf 69' lang='grc' dir='ltr'>ἠκονημένα</span> <span class='ocrx_word' id='word_1_511' title='bbox 2075 5687 2088 5700; x_wconf 91' lang='grc'><strong>·</strong></span> 
     </span>
    </p>
   </div>
   <div class='ocr_carea' id='block_1_64' title="bbox 496 5739 2089 5821">
    <p class='ocr_par' dir='ltr' id='par_1_64' title="bbox 496 5739 2089 5821">
     <span class='ocr_line' id='line_1_64' title="bbox 496 5739 2089 5821; baseline 0.008 -30"><span class='ocrx_word' id='word_1_512' title='bbox 496 5739 606 5792; x_wconf 85' lang='grc' dir='ltr'>ἁλλ’</span> <span class='ocrx_word' id='word_1_513' title='bbox 641 5741 768 5793; x_wconf 81' lang='grc' dir='ltr'>ὅταν</span> <span class='ocrx_word' id='word_1_514' title='bbox 789 5743 993 5815; x_wconf 80' lang='grc' dir='ltr'>πράξῃ,</span> <span class='ocrx_word' id='word_1_515' title='bbox 1026 5744 1216 5814; x_wconf 80' lang='grc' dir='ltr'>δειλιᾷ,</span> <span class='ocrx_word' id='word_1_516' title='bbox 1242 5745 1537 5800; x_wconf 84' lang='grc' dir='ltr'>ὑποπτεύει</span> <span class='ocrx_word' id='word_1_517' title='bbox 1562 5750 1748 5812; x_wconf 86' lang='grc' dir='ltr'>παῖδα,</span> <span class='ocrx_word' id='word_1_518' title='bbox 1775 5750 2089 5821; x_wconf 84' lang='grc' dir='ltr'>παιδίσκην,</span> 
     </span>
    </p>
   </div>
   <div class='ocr_carea' id='block_1_65' title="bbox 497 5823 2087 5904">
    <p class='ocr_par' dir='ltr' id='par_1_65' title="bbox 497 5823 2087 5904">
     <span class='ocr_line' id='line_1_65' title="bbox 497 5823 2087 5904; baseline 0.006 -26"><span class='ocrx_word' id='word_1_519' title='bbox 497 5823 734 5896; x_wconf 78' lang='grc' dir='ltr'>γείτονα,</span> <span class='ocrx_word' id='word_1_520' title='bbox 759 5826 997 5897; x_wconf 80' lang='grc' dir='ltr'>συγγενῆ</span> <span class='ocrx_word' id='word_1_521' title='bbox 1021 5842 1032 5855; x_wconf 90' lang='grc'><strong>·</strong></span> <span class='ocrx_word' id='word_1_522' title='bbox 1064 5827 1157 5880; x_wconf 74' lang='grc' dir='ltr'>καὶ</span> <span class='ocrx_word' id='word_1_523' title='bbox 1181 5827 1216 5881; x_wconf 79' lang='grc' dir='ltr'><strong>ἃ</strong></span> <span class='ocrx_word' id='word_1_524' title='bbox 1251 5828 1322 5899; x_wconf 75' lang='grc' dir='ltr'>μὴ</span> <span class='ocrx_word' id='word_1_525' title='bbox 1349 5828 1577 5884; x_wconf 71' lang='grc' dir='ltr'>ἔϐλεπεν</span> <span class='ocrx_word' id='word_1_526' title='bbox 1608 5834 1665 5885; x_wconf 83' lang='grc' dir='ltr'>ἐν</span> <span class='ocrx_word' id='word_1_527' title='bbox 1701 5833 1778 5894; x_wconf 85' lang='grc' dir='ltr'>τῶ</span> <span class='ocrx_word' id='word_1_528' title='bbox 1805 5832 2087 5904; x_wconf 83' lang='grc' dir='ltr'>πράττειν,</span> 
     </span>
    </p>
   </div>
   <div class='ocr_carea' id='block_1_66' title="bbox 1542 402 2749 468">
    <p class='ocr_par' dir='ltr' id='par_1_66' title="bbox 1542 402 2749 468">
     <span class='ocr_line' id='line_1_66' title="bbox 1542 402 2749 468; baseline 0.007 -10"><span class='ocrx_word' id='word_1_529' title='bbox 1542 402 1630 459; x_wconf 85' lang='lat' dir='ltr'>DE</span> <span class='ocrx_word' id='word_1_530' title='bbox 1671 404 1892 463; x_wconf 78' lang='lat' dir='ltr'>MUNDI</span> <span class='ocrx_word' id='word_1_531' title='bbox 1929 402 2330 461; x_wconf 67' lang='lat' dir='ltr'>CBEATIONE</span> <span class='ocrx_word' id='word_1_532' title='bbox 2369 407 2630 466; x_wconf 78' lang='lat' dir='ltr'>ORATIO</span> <span class='ocrx_word' id='word_1_533' title='bbox 2661 411 2749 468; x_wconf 80' lang='lat' dir='ltr'>Vl.</span> 
     </span>
    </p>
   </div>
   <div class='ocr_carea' id='block_1_67' title="bbox 3661 425 3780 482">
    <p class='ocr_par' dir='ltr' id='par_1_67' title="bbox 3661 425 3780 482">
     <span class='ocr_line' id='line_1_67' title="bbox 3661 425 3780 482; baseline 0.034 -3"><span class='ocrx_word' id='word_1_534' title='bbox 3661 425 3780 482; x_wconf 84' lang='lat'>492</span> 
     </span>
    </p>
   </div>
   <div class='ocr_carea' id='block_1_68' title="bbox 2198 516 3790 603">
    <p class='ocr_par' dir='ltr' id='par_1_68' title="bbox 2198 516 3790 603">
     <span class='ocr_line' id='line_1_68' title="bbox 2198 516 3790 603; baseline 0.014 -35"><span class='ocrx_word' id='word_1_535' title='bbox 2198 516 2383 603; x_wconf 68' lang='grc' dir='ltr'>βλέπει</span> <span class='ocrx_word' id='word_1_536' title='bbox 2419 524 2558 592; x_wconf 87' lang='grc' dir='ltr'>μετὰ</span> <span class='ocrx_word' id='word_1_537' title='bbox 2585 525 2646 578; x_wconf 90' lang='grc' dir='ltr'>τὸ</span> <span class='ocrx_word' id='word_1_538' title='bbox 2668 525 2894 597; x_wconf 84' lang='grc' dir='ltr'>πρᾶξαι.</span> <span class='ocrx_word' id='word_1_539' title='bbox 2930 527 3100 584; x_wconf 91' lang='grc' dir='ltr'>Πάλιν</span> <span class='ocrx_word' id='word_1_540' title='bbox 3127 534 3386 603; x_wconf 88' lang='grc' dir='ltr'>παραινεῖ</span> <span class='ocrx_word' id='word_1_541' title='bbox 3419 550 3504 598; x_wconf 90' lang='grc' dir='ltr'>τις</span> <span class='ocrx_word' id='word_1_542' title='bbox 3543 534 3653 589; x_wconf 82' lang='grc' dir='ltr'>τινὶ</span> <span class='ocrx_word' id='word_1_543' title='bbox 3679 536 3790 590; x_wconf 81' lang='grc' dir='ltr'>ἁπ-</span> 
     </span>
    </p>
   </div>
   <div class='ocr_carea' id='block_1_69' title="bbox 2196 600 3790 689">
    <p class='ocr_par' dir='ltr' id='par_1_69' title="bbox 2196 600 3790 689">
     <span class='ocr_line' id='line_1_69' title="bbox 2196 600 3790 689; baseline 0.013 -37"><span class='ocrx_word' id='word_1_544' title='bbox 2196 600 2641 689; x_wconf 21' lang='grc' dir='ltr'>έχεσθαιέκακῶν</span> <span class='ocrx_word' id='word_1_545' title='bbox 2664 625 2678 640; x_wconf 76' lang='grc' dir='ltr'><strong><em>ο</em></strong></span> <span class='ocrx_word' id='word_1_546' title='bbox 2721 609 2823 664; x_wconf 83' lang='grc' dir='ltr'>κᾶν</span> <span class='ocrx_word' id='word_1_547' title='bbox 2869 612 3103 685; x_wconf 79' lang='grc' dir='ltr'>ἀπειθὴς</span> <span class='ocrx_word' id='word_1_548' title='bbox 3200 600 3222 678; x_wconf 50' lang='grc'>,’</span> <span class='ocrx_word' id='word_1_549' title='bbox 3251 618 3284 686; x_wconf 87' lang='grc' dir='ltr'>ή</span> <span class='ocrx_word' id='word_1_550' title='bbox 3319 616 3578 687; x_wconf 85' lang='grc' dir='ltr'>συνήθεια</span> <span class='ocrx_word' id='word_1_551' title='bbox 3608 617 3790 689; x_wconf 82' lang='grc' dir='ltr'>τούτῳ</span> 
     </span>
    </p>
   </div>
   <div class='ocr_carea' id='block_1_70' title="bbox 2196 679 3787 771">
    <p class='ocr_par' dir='ltr' id='par_1_70' title="bbox 2196 679 3787 771">
     <span class='ocr_line' id='line_1_70' title="bbox 2196 679 3787 771; baseline 0.014 -40"><span class='ocrx_word' id='word_1_552' title='bbox 2196 679 2374 771; x_wconf 28' lang='grc' dir='ltr'>λέγει’·</span> <span class='ocrx_word' id='word_1_553' title='bbox 2421 687 2688 771; x_wconf 83' lang='grc' dir='ltr'>Πολλάκις</span> <span class='ocrx_word' id='word_1_554' title='bbox 2736 693 2884 764; x_wconf 87' lang='grc' dir='ltr'>αὑτῷ</span> <span class='ocrx_word' id='word_1_555' title='bbox 2916 679 3087 760; x_wconf 72' lang='grc' dir='ltr'>εἷπον,</span> <span class='ocrx_word' id='word_1_556' title='bbox 3121 679 3216 750; x_wconf 73' lang='grc' dir='ltr'>καὶ</span> <span class='ocrx_word' id='word_1_557' title='bbox 3245 679 3343 750; x_wconf 73' lang='grc' dir='ltr'>οὑκ</span> <span class='ocrx_word' id='word_1_558' title='bbox 3378 679 3612 769; x_wconf 72' lang='grc' dir='ltr'>ἤκουσεν</span> <span class='ocrx_word' id='word_1_559' title='bbox 3636 716 3651 730; x_wconf 91' lang='grc'><strong>·</strong></span> <span class='ocrx_word' id='word_1_560' title='bbox 3685 679 3787 771; x_wconf 64' lang='grc' dir='ltr'>οὑχ</span> 
     </span>
    </p>
   </div>
   <div class='ocr_carea' id='block_1_71' title="bbox 2197 763 3786 851">
    <p class='ocr_par' dir='ltr' id='par_1_71' title="bbox 2197 763 3786 851">
     <span class='ocr_line' id='line_1_71' title="bbox 2197 763 3786 851; baseline 0.013 -35"><span class='ocrx_word' id='word_1_561' title='bbox 2197 763 2279 817; x_wconf 83' lang='grc' dir='ltr'>ὅτι</span> <span class='ocrx_word' id='word_1_562' title='bbox 2312 767 2410 820; x_wconf 87' lang='grc' dir='ltr'>οὑκ</span> <span class='ocrx_word' id='word_1_563' title='bbox 2433 770 2664 838; x_wconf 75' lang='grc' dir='ltr'>ἤκουσεν</span> <span class='ocrx_word' id='word_1_564' title='bbox 2695 786 2738 826; x_wconf 74' lang='grc' dir='ltr'>ι.</span> <span class='ocrx_word' id='word_1_565' title='bbox 2779 763 3010 832; x_wconf 86' lang='grc' dir='ltr'>Ἔπειτα</span> <span class='ocrx_word' id='word_1_566' title='bbox 3043 778 3338 848; x_wconf 87' lang='grc' dir='ltr'>ἐπαγαγὼν</span> <span class='ocrx_word' id='word_1_567' title='bbox 3368 763 3516 850; x_wconf 79' lang='grc' dir='ltr'>αὑτῷ</span> <span class='ocrx_word' id='word_1_568' title='bbox 3542 763 3786 851; x_wconf 71' lang='grc' dir='ltr'>πληγὰς,</span> 
     </span>
    </p>
   </div>
   <div class='ocr_carea' id='block_1_72' title="bbox 2196 846 3788 934">
    <p class='ocr_par' dir='ltr' id='par_1_72' title="bbox 2196 846 3788 934">
     <span class='ocr_line' id='line_1_72' title="bbox 2196 846 3788 934; baseline 0.014 -37"><span class='ocrx_word' id='word_1_569' title='bbox 2196 846 2362 915; x_wconf 88' lang='grc' dir='ltr'>λέγει·</span> <span class='ocrx_word' id='word_1_570' title='bbox 2386 853 2642 934; x_wconf 5' lang='grc' dir='ltr'>,Διδάσκω</span> <span class='ocrx_word' id='word_1_571' title='bbox 2665 873 2722 909; x_wconf 91' lang='grc' dir='ltr'>σε</span> <span class='ocrx_word' id='word_1_572' title='bbox 2753 858 2972 913; x_wconf 78' lang='grc' dir='ltr'>ἀκούειν</span> <span class='ocrx_word' id='word_1_573' title='bbox 2989 879 3002 892; x_wconf 90' lang='grc'><strong>·</strong></span> <span class='ocrx_word' id='word_1_574' title='bbox 3029 861 3127 932; x_wconf 85' lang='grc' dir='ltr'>οὑχ</span> <span class='ocrx_word' id='word_1_575' title='bbox 3156 846 3246 932; x_wconf 52' lang='grc' dir='ltr'>ετξ</span> <span class='ocrx_word' id='word_1_576' title='bbox 3264 863 3436 934; x_wconf 79' lang='grc' dir='ltr'>ἀκοὴν</span> <span class='ocrx_word' id='word_1_577' title='bbox 3460 846 3609 932; x_wconf 80' lang='grc' dir='ltr'>αὐτῷ</span> <span class='ocrx_word' id='word_1_578' title='bbox 3632 846 3788 918; x_wconf 52' lang='grc' dir='ltr'>δίδωέ</span> 
     </span>
    </p>
   </div>
   <div class='ocr_carea' id='block_1_73' title="bbox 2199 933 3789 1017">
    <p class='ocr_par' dir='ltr' id='par_1_73' title="bbox 2199 933 3789 1017">
     <span class='ocr_line' id='line_1_73' title="bbox 2199 933 3789 1017; baseline 0.013 -37"><span class='ocrx_word' id='word_1_579' title='bbox 2199 947 2301 1017; x_wconf 75' lang='grc' dir='ltr'>σιν,</span> <span class='ocrx_word' id='word_1_580' title='bbox 2347 933 2461 1017; x_wconf 74' lang='grc' dir='ltr'>ἁλλ’</span> <span class='ocrx_word' id='word_1_581' title='bbox 2497 936 2576 988; x_wconf 85' lang='grc' dir='ltr'>ὅτι</span> <span class='ocrx_word' id='word_1_582' title='bbox 2608 939 2640 1008; x_wconf 88' lang='grc' dir='ltr'>ή</span> <span class='ocrx_word' id='word_1_583' title='bbox 2674 938 2858 1014; x_wconf 79' lang='grc' dir='ltr'>πληγὴ</span> <span class='ocrx_word' id='word_1_584' title='bbox 2888 942 3190 1014; x_wconf 85' lang='grc' dir='ltr'>διορθοῦται</span> <span class='ocrx_word' id='word_1_585' title='bbox 3235 945 3331 1016; x_wconf 83' lang='grc' dir='ltr'>τὴν</span> <span class='ocrx_word' id='word_1_586' title='bbox 3373 933 3667 1017; x_wconf 76' lang='grc' dir='ltr'>πρόληψιν,</span> <span class='ocrx_word' id='word_1_587' title='bbox 3693 949 3789 1002; x_wconf 73' lang='grc' dir='ltr'>καῖ</span> 
     </span>
    </p>
   </div>
   <div class='ocr_carea' id='block_1_74' title="bbox 2197 1015 3792 1099">
    <p class='ocr_par' dir='ltr' id='par_1_74' title="bbox 2197 1015 3792 1099">
     <span class='ocr_line' id='line_1_74' title="bbox 2197 1015 3792 1099; baseline 0.02 -36"><span class='ocrx_word' id='word_1_588' title='bbox 2197 1015 2277 1076; x_wconf 81' lang='grc' dir='ltr'>εἰς</span> <span class='ocrx_word' id='word_1_589' title='bbox 2307 1015 2519 1099; x_wconf 85' lang='grc' dir='ltr'>σύνεσιν</span> <span class='ocrx_word' id='word_1_590' title='bbox 2563 1021 2726 1074; x_wconf 83' lang='grc' dir='ltr'>αὑτὸν</span> <span class='ocrx_word' id='word_1_591' title='bbox 2753 1023 2928 1093; x_wconf 87' lang='grc' dir='ltr'>φέρει.</span> <span class='ocrx_word' id='word_1_592' title='bbox 2978 1026 3132 1080; x_wconf 76' lang='grc' dir='ltr'>Οὕτω</span> <span class='ocrx_word' id='word_1_593' title='bbox 3174 1015 3322 1082; x_wconf 72' lang='grc' dir='ltr'>καὶὸ</span> <span class='ocrx_word' id='word_1_594' title='bbox 3361 1015 3650 1099; x_wconf 69' lang='grc' dir='ltr'>προφήτης</span> <span class='ocrx_word' id='word_1_595' title='bbox 3673 1043 3686 1056; x_wconf 86' lang='grc'>⁶</span> <span class='ocrx_word' id='word_1_596' title='bbox 3729 1028 3792 1083; x_wconf 77' lang='grc' dir='ltr'><strong><em>Ἠ</em></strong></span> 
     </span>
    </p>
   </div>
   <div class='ocr_carea' id='block_1_75' title="bbox 2199 1097 3790 1178">
    <p class='ocr_par' dir='ltr' id='par_1_75' title="bbox 2199 1097 3790 1178">
     <span class='ocr_line' id='line_1_75' title="bbox 2199 1097 3790 1178; baseline 0.01 -30"><span class='ocrx_word' id='word_1_597' title='bbox 2199 1097 2435 1152; x_wconf 83' lang='grc' dir='ltr'>παιδεία</span> <span class='ocrx_word' id='word_1_598' title='bbox 2461 1104 2679 1169; x_wconf 79' lang='grc' dir='ltr'>Κυρίου</span> <span class='ocrx_word' id='word_1_599' title='bbox 2717 1107 2939 1177; x_wconf 70' lang='grc' dir='ltr'>ἀνοίγει</span> <span class='ocrx_word' id='word_1_600' title='bbox 2961 1127 3080 1178; x_wconf 88' lang='grc' dir='ltr'>μου</span> <span class='ocrx_word' id='word_1_601' title='bbox 3101 1113 3173 1164; x_wconf 85' lang='grc' dir='ltr'>τὰ</span> <span class='ocrx_word' id='word_1_602' title='bbox 3206 1108 3345 1166; x_wconf 84' lang='grc' dir='ltr'>ὦτα.</span> <span class='ocrx_word' id='word_1_603' title='bbox 3393 1097 3546 1166; x_wconf 79' lang='grc' dir='ltr'>Ἑπεὶ</span> <span class='ocrx_word' id='word_1_604' title='bbox 3579 1108 3674 1165; x_wconf 81' lang='grc' dir='ltr'>οὖν</span> <span class='ocrx_word' id='word_1_605' title='bbox 3702 1112 3790 1174; x_wconf 86' lang='grc' dir='ltr'>ἐξ-</span> 
     </span>
    </p>
   </div>
   <div class='ocr_carea' id='block_1_76' title="bbox 2199 1181 3792 1266">
    <p class='ocr_par' dir='ltr' id='par_1_76' title="bbox 2199 1181 3792 1266">
     <span class='ocr_line' id='line_1_76' title="bbox 2199 1181 3792 1266; baseline 0.01 -34"><span class='ocrx_word' id='word_1_606' title='bbox 2199 1181 2395 1236; x_wconf 87' lang='grc' dir='ltr'>έπεσεν</span> <span class='ocrx_word' id='word_1_607' title='bbox 2430 1184 2458 1235; x_wconf 89' lang='lat'>6</span> <span class='ocrx_word' id='word_1_608' title='bbox 2494 1185 2745 1251; x_wconf 87' lang='grc' dir='ltr'>διάϐολος</span> <span class='ocrx_word' id='word_1_609' title='bbox 2775 1192 2859 1256; x_wconf 89' lang='grc' dir='ltr'>(οὑ</span> <span class='ocrx_word' id='word_1_610' title='bbox 2893 1192 3002 1263; x_wconf 83' lang='grc' dir='ltr'>γὰρ</span> <span class='ocrx_word' id='word_1_611' title='bbox 3048 1194 3409 1266; x_wconf 78' lang='grc' dir='ltr'>ἐπιλέλησμαι</span> <span class='ocrx_word' id='word_1_612' title='bbox 3458 1196 3558 1264; x_wconf 80' lang='grc' dir='ltr'>τῆς</span> <span class='ocrx_word' id='word_1_613' title='bbox 3593 1193 3792 1248; x_wconf 79' lang='grc' dir='ltr'>ὑποθέ-</span> 
     </span>
    </p>
   </div>
   <div class='ocr_carea' id='block_1_77' title="bbox 2201 1267 3792 1344">
    <p class='ocr_par' dir='ltr' id='par_1_77' title="bbox 2201 1267 3792 1344">
     <span class='ocr_line' id='line_1_77' title="bbox 2201 1267 3792 1344; baseline 0.008 -28"><span class='ocrx_word' id='word_1_614' title='bbox 2201 1267 2400 1334; x_wconf 83' lang='grc' dir='ltr'>σεως),</span> <span class='ocrx_word' id='word_1_615' title='bbox 2443 1268 2560 1338; x_wconf 73' lang='grc' dir='ltr'>ᾔδει</span> <span class='ocrx_word' id='word_1_616' title='bbox 2600 1269 2704 1322; x_wconf 89' lang='grc' dir='ltr'>ποῦ</span> <span class='ocrx_word' id='word_1_617' title='bbox 2744 1267 2812 1344; x_wconf 78' lang='grc' dir='ltr'>ἦν</span> <span class='ocrx_word' id='word_1_618' title='bbox 2846 1274 2985 1344; x_wconf 88' lang='grc' dir='ltr'>μετὰ</span> <span class='ocrx_word' id='word_1_619' title='bbox 3025 1277 3086 1329; x_wconf 86' lang='grc' dir='ltr'>τὸ</span> <span class='ocrx_word' id='word_1_620' title='bbox 3129 1279 3404 1342; x_wconf 85' lang='grc' dir='ltr'>ἐκπεσεῖν,</span> <span class='ocrx_word' id='word_1_621' title='bbox 3438 1279 3531 1331; x_wconf 73' lang='grc' dir='ltr'>καὶ</span> <span class='ocrx_word' id='word_1_622' title='bbox 3555 1280 3680 1330; x_wconf 87' lang='grc' dir='ltr'>τότε</span> <span class='ocrx_word' id='word_1_623' title='bbox 3711 1279 3792 1340; x_wconf 87' lang='grc' dir='ltr'>είς</span> 
     </span>
    </p>
   </div>
   <div class='ocr_carea' id='block_1_78' title="bbox 2198 1348 3792 1431">
    <p class='ocr_par' dir='ltr' id='par_1_78' title="bbox 2198 1348 3792 1431">
     <span class='ocr_line' id='line_1_78' title="bbox 2198 1348 3792 1431; baseline 0.006 -29"><span class='ocrx_word' id='word_1_624' title='bbox 2198 1349 2450 1420; x_wconf 76' lang='grc' dir='ltr'>αἴσθησιν</span> <span class='ocrx_word' id='word_1_625' title='bbox 2473 1348 2634 1423; x_wconf 82' lang='grc' dir='ltr'>ἦλθεν</span> <span class='ocrx_word' id='word_1_626' title='bbox 2662 1348 2737 1407; x_wconf 84' lang='grc' dir='ltr'>ὧν</span> <span class='ocrx_word' id='word_1_627' title='bbox 2760 1357 3035 1428; x_wconf 85' lang='grc' dir='ltr'>ἐποίησεν.</span> <span class='ocrx_word' id='word_1_628' title='bbox 3055 1361 3298 1431; x_wconf 87' lang='grc' dir='ltr'>Ἔμαθεν</span> <span class='ocrx_word' id='word_1_629' title='bbox 3313 1357 3404 1415; x_wconf 81' lang='grc' dir='ltr'>οὑν</span> <span class='ocrx_word' id='word_1_630' title='bbox 3419 1361 3479 1425; x_wconf 79' lang='grc' dir='ltr'>ἐξ</span> <span class='ocrx_word' id='word_1_631' title='bbox 3498 1355 3573 1414; x_wconf 86' lang='grc' dir='ltr'>ὧν</span> <span class='ocrx_word' id='word_1_632' title='bbox 3594 1360 3792 1423; x_wconf 88' lang='grc' dir='ltr'>ἔπαθε,</span> 
     </span>
    </p>
   </div>
   <div class='ocr_carea' id='block_1_79' title="bbox 2200 1434 3794 1515">
    <p class='ocr_par' dir='ltr' id='par_1_79' title="bbox 2200 1434 3794 1515">
     <span class='ocr_line' id='line_1_79' title="bbox 2200 1434 3794 1515; baseline 0.009 -31"><span class='ocrx_word' id='word_1_633' title='bbox 2200 1434 2294 1486; x_wconf 74' lang='grc' dir='ltr'>καὶ</span> <span class='ocrx_word' id='word_1_634' title='bbox 2313 1434 2482 1502; x_wconf 83' lang='grc' dir='ltr'>λέγει,</span> <span class='ocrx_word' id='word_1_635' title='bbox 2514 1436 2649 1491; x_wconf 82' lang='grc' dir='ltr'>Ἐὰν</span> <span class='ocrx_word' id='word_1_636' title='bbox 2676 1439 2922 1509; x_wconf 71' lang='grc' dir='ltr'>φάγητε,</span> <span class='ocrx_word' id='word_1_637' title='bbox 2945 1443 3287 1514; x_wconf 75' lang='grc' dir='ltr'>ἀνοίγονται</span> <span class='ocrx_word' id='word_1_638' title='bbox 3306 1445 3474 1515; x_wconf 82' lang='grc' dir='ltr'>ὑμῶν</span> <span class='ocrx_word' id='word_1_639' title='bbox 3491 1447 3547 1498; x_wconf 88' lang='grc' dir='ltr'>οί</span> <span class='ocrx_word' id='word_1_640' title='bbox 3565 1445 3794 1514; x_wconf 45' lang='lat' dir='ltr'>690ml-</span> 
     </span>
    </p>
   </div>
   <div class='ocr_carea' id='block_1_80' title="bbox 2196 1517 3790 1599">
    <p class='ocr_par' dir='ltr' id='par_1_80' title="bbox 2196 1517 3790 1599">
     <span class='ocr_line' id='line_1_80' title="bbox 2196 1517 3790 1599; baseline 0.009 -33"><span class='ocrx_word' id='word_1_641' title='bbox 2196 1517 2330 1599; x_wconf 85' lang='grc' dir='ltr'>μοί·</span> <span class='ocrx_word' id='word_1_642' title='bbox 2352 1519 2650 1586; x_wconf 87' lang='grc' dir='ltr'>τουτέστιν,</span> <span class='ocrx_word' id='word_1_643' title='bbox 2673 1522 2749 1586; x_wconf 83' lang='grc' dir='ltr'>ὡς</span> <span class='ocrx_word' id='word_1_644' title='bbox 2777 1526 2868 1577; x_wconf 73' lang='grc' dir='ltr'>καὶ</span> <span class='ocrx_word' id='word_1_645' title='bbox 2897 1528 2944 1578; x_wconf 86' lang='grc' dir='ltr'>οί</span> <span class='ocrx_word' id='word_1_646' title='bbox 2965 1527 3113 1596; x_wconf 90' lang='grc' dir='ltr'>ἐμοί·</span> <span class='ocrx_word' id='word_1_647' title='bbox 3143 1523 3278 1594; x_wconf 74' lang='grc' dir='ltr'>οἶδα,</span> <span class='ocrx_word' id='word_1_648' title='bbox 3312 1531 3405 1597; x_wconf 80' lang='grc' dir='ltr'>ἀφ’</span> <span class='ocrx_word' id='word_1_649' title='bbox 3423 1522 3484 1582; x_wconf 77' lang='grc' dir='ltr'>οὗ</span> <span class='ocrx_word' id='word_1_650' title='bbox 3513 1528 3790 1599; x_wconf 76' lang='grc' dir='ltr'>παρέϐην,</span> 
     </span>
    </p>
   </div>
   <div class='ocr_carea' id='block_1_81' title="bbox 2199 1598 3797 1680">
    <p class='ocr_par' dir='ltr' id='par_1_81' title="bbox 2199 1598 3797 1680">
     <span class='ocr_line' id='line_1_81' title="bbox 2199 1598 3797 1680; baseline 0.01 -31"><span class='ocrx_word' id='word_1_651' title='bbox 2199 1598 2512 1680; x_wconf 28' lang='grc' dir='ltr'>τίᾳέπαθον⁹</span> <span class='ocrx_word' id='word_1_652' title='bbox 2544 1602 2716 1671; x_wconf 85' lang='grc' dir='ltr'>ἔγνων</span> <span class='ocrx_word' id='word_1_653' title='bbox 2757 1606 2808 1658; x_wconf 89' lang='grc' dir='ltr'>τί</span> <span class='ocrx_word' id='word_1_654' title='bbox 2844 1606 3044 1662; x_wconf 84' lang='grc' dir='ltr'>ἔπαθον</span> <span class='ocrx_word' id='word_1_655' title='bbox 3064 1649 3079 1671; x_wconf 92' lang='grc'>,</span> <span class='ocrx_word' id='word_1_656' title='bbox 3108 1611 3280 1678; x_wconf 78' lang='grc' dir='ltr'>ἔγνων</span> <span class='ocrx_word' id='word_1_657' title='bbox 3307 1612 3452 1674; x_wconf 84' lang='grc' dir='ltr'>τίνος</span> <span class='ocrx_word' id='word_1_658' title='bbox 3490 1598 3797 1680; x_wconf 77' lang='grc' dir='ltr'>ἀπέτυχον..</span> 
     </span>
    </p>
   </div>
   <div class='ocr_carea' id='block_1_82' title="bbox 2200 1676 3795 1764">
    <p class='ocr_par' dir='ltr' id='par_1_82' title="bbox 2200 1676 3795 1764">
     <span class='ocr_line' id='line_1_82' title="bbox 2200 1676 3795 1764; baseline 0.009 -28"><span class='ocrx_word' id='word_1_659' title='bbox 2200 1676 2345 1736; x_wconf 76' lang='grc' dir='ltr'>Εἶτα</span> <span class='ocrx_word' id='word_1_660' title='bbox 2371 1683 2617 1754; x_wconf 51' lang='grc' dir='ltr'>ἔφαγον,</span> <span class='ocrx_word' id='word_1_661' title='bbox 2647 1687 2745 1741; x_wconf 77' lang='grc' dir='ltr'>καὶ</span> <span class='ocrx_word' id='word_1_662' title='bbox 2787 1676 3226 1761; x_wconf 77' lang='grc' dir='ltr'>διηνοίχθησαν</span> <span class='ocrx_word' id='word_1_663' title='bbox 3259 1693 3459 1750; x_wconf 85' lang='grc' dir='ltr'>αὐτῶν</span> <span class='ocrx_word' id='word_1_664' title='bbox 3480 1699 3534 1750; x_wconf 79' lang='grc' dir='ltr'>οἱ</span> <span class='ocrx_word' id='word_1_665' title='bbox 3565 1676 3795 1764; x_wconf 63' lang='grc' dir='ltr'>ὀφθαλ-</span> 
     </span>
    </p>
   </div>
   <div class='ocr_carea' id='block_1_83' title="bbox 2195 1763 3790 1850">
    <p class='ocr_par' dir='ltr' id='par_1_83' title="bbox 2195 1763 3790 1850">
     <span class='ocr_line' id='line_1_83' title="bbox 2195 1763 3790 1850; baseline 0.008 -33"><span class='ocrx_word' id='word_1_666' title='bbox 2195 1765 2295 1850; x_wconf 72' lang='grc' dir='ltr'>μοί</span> <span class='ocrx_word' id='word_1_667' title='bbox 2318 1806 2332 1830; x_wconf 91' lang='grc'>,</span> <span class='ocrx_word' id='word_1_668' title='bbox 2366 1767 2465 1819; x_wconf 80' lang='grc' dir='ltr'>καί</span> <span class='ocrx_word' id='word_1_669' title='bbox 2495 1763 2659 1823; x_wconf 79' lang='grc' dir='ltr'>εἶδον</span> <span class='ocrx_word' id='word_1_670' title='bbox 2702 1771 2792 1825; x_wconf 88' lang='grc' dir='ltr'>ότι</span> <span class='ocrx_word' id='word_1_671' title='bbox 2837 1777 3050 1844; x_wconf 77' lang='grc' dir='ltr'>γυμνοὶ</span> <span class='ocrx_word' id='word_1_672' title='bbox 3086 1773 3268 1847; x_wconf 85' lang='grc' dir='ltr'>ἦσαν.</span> <span class='ocrx_word' id='word_1_673' title='bbox 3313 1779 3425 1850; x_wconf 80' lang='grc' dir='ltr'>Πρὸ</span> <span class='ocrx_word' id='word_1_674' title='bbox 3449 1780 3558 1850; x_wconf 85' lang='grc' dir='ltr'>γὰρ</span> <span class='ocrx_word' id='word_1_675' title='bbox 3600 1763 3790 1832; x_wconf 82' lang='grc' dir='ltr'>τούτου</span> 
     </span>
    </p>
   </div>
   <div class='ocr_carea' id='block_1_84' title="bbox 2198 1843 3792 1932">
    <p class='ocr_par' dir='ltr' id='par_1_84' title="bbox 2198 1843 3792 1932">
     <span class='ocr_line' id='line_1_84' title="bbox 2198 1843 3792 1932; baseline 0.008 -32"><span class='ocrx_word' id='word_1_676' title='bbox 2198 1843 2339 1918; x_wconf 83' lang='grc' dir='ltr'>ἦσαν</span> <span class='ocrx_word' id='word_1_677' title='bbox 2371 1851 2605 1920; x_wconf 80' lang='grc' dir='ltr'>γυμνοὶ,</span> <span class='ocrx_word' id='word_1_678' title='bbox 2654 1856 2750 1906; x_wconf 80' lang='grc' dir='ltr'>καὶ</span> <span class='ocrx_word' id='word_1_679' title='bbox 2786 1857 2888 1910; x_wconf 90' lang='grc' dir='ltr'>οὑκ</span> <span class='ocrx_word' id='word_1_680' title='bbox 2915 1860 3232 1930; x_wconf 77' lang='grc' dir='ltr'>ᾐσχύνοντο.</span> <span class='ocrx_word' id='word_1_681' title='bbox 3285 1863 3655 1917; x_wconf 85' lang='grc' dir='ltr'>’Δπεδύσαντο</span> <span class='ocrx_word' id='word_1_682' title='bbox 3691 1863 3792 1932; x_wconf 79' lang='grc' dir='ltr'>τὴν</span> 
     </span>
    </p>
   </div>
   <div class='ocr_carea' id='block_1_85' title="bbox 2201 1932 3793 2018">
    <p class='ocr_par' dir='ltr' id='par_1_85' title="bbox 2201 1932 3793 2018">
     <span class='ocr_line' id='line_1_85' title="bbox 2201 1932 3793 2018; baseline 0.011 -35"><span class='ocrx_word' id='word_1_683' title='bbox 2201 1932 2522 2018; x_wconf 72' lang='grc' dir='ltr'>ἀθανασίαν,</span> <span class='ocrx_word' id='word_1_684' title='bbox 2550 1938 2866 2018; x_wconf 63' lang='grc' dir='ltr'>περιῃρέθη</span> <span class='ocrx_word' id='word_1_685' title='bbox 2892 1943 2924 2012; x_wconf 89' lang='grc' dir='ltr'>ή</span> <span class='ocrx_word' id='word_1_686' title='bbox 2964 1943 3126 2014; x_wconf 80' lang='grc' dir='ltr'>στολὴ</span> <span class='ocrx_word' id='word_1_687' title='bbox 3156 1945 3253 2014; x_wconf 84' lang='grc' dir='ltr'>τῆς</span> <span class='ocrx_word' id='word_1_688' title='bbox 3283 1946 3460 2018; x_wconf 83' lang='grc' dir='ltr'>δόξης,</span> <span class='ocrx_word' id='word_1_689' title='bbox 3497 1944 3793 2017; x_wconf 83' lang='grc' dir='ltr'>ἐγυμνώθη</span> 
     </span>
    </p>
   </div>
   <div class='ocr_carea' id='block_1_86' title="bbox 2200 2014 3795 2099">
    <p class='ocr_par' dir='ltr' id='par_1_86' title="bbox 2200 2014 3795 2099">
     <span class='ocr_line' id='line_1_86' title="bbox 2200 2014 3795 2099; baseline 0.008 -32"><span class='ocrx_word' id='word_1_690' title='bbox 2200 2015 2261 2067; x_wconf 83' lang='grc' dir='ltr'>τδ</span> <span class='ocrx_word' id='word_1_691' title='bbox 2289 2016 2448 2086; x_wconf 86' lang='grc' dir='ltr'>σῶμα</span> <span class='ocrx_word' id='word_1_692' title='bbox 2477 2057 2491 2081; x_wconf 89' lang='grc'>,</span> <span class='ocrx_word' id='word_1_693' title='bbox 2521 2018 2614 2070; x_wconf 80' lang='grc' dir='ltr'>καὶ</span> <span class='ocrx_word' id='word_1_694' title='bbox 2654 2014 2722 2090; x_wconf 79' lang='grc' dir='ltr'>ἦν</span> <span class='ocrx_word' id='word_1_695' title='bbox 2753 2022 2923 2092; x_wconf 89' lang='grc' dir='ltr'>πηλὸς</span> <span class='ocrx_word' id='word_1_696' title='bbox 2951 2023 3158 2080; x_wconf 74' lang='grc' dir='ltr'>λοιπόν.</span> <span class='ocrx_word' id='word_1_697' title='bbox 3191 2014 3408 2092; x_wconf 80' lang='grc' dir='ltr'>Εὐθέως</span> <span class='ocrx_word' id='word_1_698' title='bbox 3436 2014 3648 2099; x_wconf 29' lang='grc' dir='ltr'>βρύεινη</span> <span class='ocrx_word' id='word_1_699' title='bbox 3677 2014 3795 2080; x_wconf 57' lang='grc' dir='ltr'>ἔπιέ</span> 
     </span>
    </p>
   </div>
   <div class='ocr_carea' id='block_1_87' title="bbox 2201 2099 3791 2183">
    <p class='ocr_par' dir='ltr' id='par_1_87' title="bbox 2201 2099 3791 2183">
     <span class='ocr_line' id='line_1_87' title="bbox 2201 2099 3791 2183; baseline 0.009 -33"><span class='ocrx_word' id='word_1_700' title='bbox 2201 2115 2318 2183; x_wconf 88' lang='grc' dir='ltr'>νοια</span> <span class='ocrx_word' id='word_1_701' title='bbox 2351 2099 2459 2152; x_wconf 89' lang='grc' dir='ltr'>τῶν</span> <span class='ocrx_word' id='word_1_702' title='bbox 2486 2101 2712 2171; x_wconf 88' lang='grc' dir='ltr'>τεχνῶν.</span> <span class='ocrx_word' id='word_1_703' title='bbox 2751 2104 2948 2176; x_wconf 86' lang='grc' dir='ltr'>Πρώτη</span> <span class='ocrx_word' id='word_1_704' title='bbox 2980 2108 3140 2178; x_wconf 90' lang='grc' dir='ltr'>τέχνη</span> <span class='ocrx_word' id='word_1_705' title='bbox 3176 2109 3270 2162; x_wconf 84' lang='grc' dir='ltr'>τοῦ</span> <span class='ocrx_word' id='word_1_706' title='bbox 3313 2111 3486 2181; x_wconf 85' lang='grc' dir='ltr'>Ἀδάμ</span> <span class='ocrx_word' id='word_1_707' title='bbox 3523 2111 3791 2183; x_wconf 82' lang='grc' dir='ltr'>ραπτική.</span> 
     </span>
    </p>
   </div>
   <div class='ocr_carea' id='block_1_88' title="bbox 2201 2182 3796 2264">
    <p class='ocr_par' dir='ltr' id='par_1_88' title="bbox 2201 2182 3796 2264">
     <span class='ocr_line' id='line_1_88' title="bbox 2201 2182 3796 2264; baseline 0.009 -30"><span class='ocrx_word' id='word_1_708' title='bbox 2201 2182 2315 2264; x_wconf 87' lang='grc' dir='ltr'>Πρὸ</span> <span class='ocrx_word' id='word_1_709' title='bbox 2345 2183 2525 2252; x_wconf 89' lang='grc' dir='ltr'>πάσης</span> <span class='ocrx_word' id='word_1_710' title='bbox 2566 2184 2762 2256; x_wconf 86' lang='grc' dir='ltr'>τέχνης</span> <span class='ocrx_word' id='word_1_711' title='bbox 2799 2187 2959 2242; x_wconf 73' lang='grc' dir='ltr'>ἔλαϐε</span> <span class='ocrx_word' id='word_1_712' title='bbox 2989 2190 3058 2244; x_wconf 86' lang='grc' dir='ltr'>τὰ</span> <span class='ocrx_word' id='word_1_713' title='bbox 3094 2192 3267 2260; x_wconf 75' lang='grc' dir='ltr'>φύλλα</span> <span class='ocrx_word' id='word_1_714' title='bbox 3297 2194 3394 2264; x_wconf 82' lang='grc' dir='ltr'>τῆς</span> <span class='ocrx_word' id='word_1_715' title='bbox 3438 2182 3650 2263; x_wconf 81' lang='grc' dir='ltr'>συκῆς,</span> <span class='ocrx_word' id='word_1_716' title='bbox 3701 2194 3796 2248; x_wconf 74' lang='grc' dir='ltr'>καὶ</span> 
     </span>
    </p>
   </div>
   <div class='ocr_carea' id='block_1_89' title="bbox 2200 2262 3797 2342">
    <p class='ocr_par' dir='ltr' id='par_1_89' title="bbox 2200 2262 3797 2342">
     <span class='ocr_line' id='line_1_89' title="bbox 2200 2262 3797 2342; baseline 0.009 -27"><span class='ocrx_word' id='word_1_717' title='bbox 2200 2262 2428 2335; x_wconf 74' lang='grc' dir='ltr'>ἔρῤαψε.</span> <span class='ocrx_word' id='word_1_718' title='bbox 2472 2265 2564 2329; x_wconf 77' lang='grc' dir='ltr'>Τίς</span> <span class='ocrx_word' id='word_1_719' title='bbox 2609 2270 2638 2320; x_wconf 89' lang='lat'>6</span> <span class='ocrx_word' id='word_1_720' title='bbox 2682 2267 2932 2337; x_wconf 85' lang='grc' dir='ltr'>διδάξας;</span> <span class='ocrx_word' id='word_1_721' title='bbox 2970 2275 3056 2336; x_wconf 89' lang='grc' dir='ltr'>τίς</span> <span class='ocrx_word' id='word_1_722' title='bbox 3097 2275 3126 2326; x_wconf 90' lang='lat'>6</span> <span class='ocrx_word' id='word_1_723' title='bbox 3168 2262 3505 2342; x_wconf 89' lang='grc' dir='ltr'>παιδεύσας;</span> <span class='ocrx_word' id='word_1_724' title='bbox 3557 2262 3797 2330; x_wconf 79' lang='grc' dir='ltr'>Ἔλαϐεν</span> 
     </span>
    </p>
   </div>
   <div class='ocr_carea' id='block_1_90' title="bbox 2200 2348 3794 2430">
    <p class='ocr_par' dir='ltr' id='par_1_90' title="bbox 2200 2348 3794 2430">
     <span class='ocr_line' id='line_1_90' title="bbox 2200 2348 3794 2430; baseline 0.007 -28"><span class='ocrx_word' id='word_1_725' title='bbox 2200 2348 2347 2413; x_wconf 76' lang='grc' dir='ltr'>ἅπαξ</span> <span class='ocrx_word' id='word_1_726' title='bbox 2372 2349 2525 2420; x_wconf 81' lang='grc' dir='ltr'>παρὰ</span> <span class='ocrx_word' id='word_1_727' title='bbox 2559 2351 2694 2404; x_wconf 86' lang='grc' dir='ltr'>Θεοῦ</span> <span class='ocrx_word' id='word_1_728' title='bbox 2729 2353 2965 2422; x_wconf 89' lang='grc' dir='ltr'>σύνεσιν,</span> <span class='ocrx_word' id='word_1_729' title='bbox 2993 2357 3156 2412; x_wconf 88' lang='grc' dir='ltr'>είκὼν</span> <span class='ocrx_word' id='word_1_730' title='bbox 3182 2354 3250 2430; x_wconf 80' lang='grc' dir='ltr'>ἦν</span> <span class='ocrx_word' id='word_1_731' title='bbox 3275 2359 3412 2412; x_wconf 87' lang='grc' dir='ltr'>Θεοῦ</span> <span class='ocrx_word' id='word_1_732' title='bbox 3442 2401 3456 2425; x_wconf 95' lang='grc'>,</span> <span class='ocrx_word' id='word_1_733' title='bbox 3492 2360 3588 2413; x_wconf 75' lang='grc' dir='ltr'>καὶ</span> <span class='ocrx_word' id='word_1_734' title='bbox 3619 2361 3794 2430; x_wconf 73' lang='grc' dir='ltr'>ἀμφι-</span> 
     </span>
    </p>
   </div>
   <div class='ocr_carea' id='block_1_91' title="bbox 2202 2431 3798 2516">
    <p class='ocr_par' dir='ltr' id='par_1_91' title="bbox 2202 2431 3798 2516">
     <span class='ocr_line' id='line_1_91' title="bbox 2202 2431 3798 2516; baseline 0.008 -33"><span class='ocrx_word' id='word_1_735' title='bbox 2202 2431 2423 2495; x_wconf 83' lang='grc' dir='ltr'>ϐάλλεις</span> <span class='ocrx_word' id='word_1_736' title='bbox 2444 2435 2571 2504; x_wconf 78' lang='grc' dir='ltr'>περὶ</span> <span class='ocrx_word' id='word_1_737' title='bbox 2589 2436 2914 2506; x_wconf 81' lang='grc' dir='ltr'>τὴνγνῶσιν</span> <span class='ocrx_word' id='word_1_738' title='bbox 2938 2458 2952 2504; x_wconf 92' lang='grc'><strong>;</strong></span> <span class='ocrx_word' id='word_1_739' title='bbox 2987 2443 3156 2494; x_wconf 85' lang='grc' dir='ltr'>Ὅταν</span> <span class='ocrx_word' id='word_1_740' title='bbox 3179 2444 3440 2516; x_wconf 79' lang='grc' dir='ltr'>ἐννοήσῃς</span> <span class='ocrx_word' id='word_1_741' title='bbox 3469 2444 3613 2498; x_wconf 87' lang='grc' dir='ltr'>κατὰ</span> <span class='ocrx_word' id='word_1_742' title='bbox 3643 2461 3798 2497; x_wconf 82' lang='grc' dir='ltr'>σεαυ-</span> 
     </span>
    </p>
   </div>
   <div class='ocr_carea' id='block_1_92' title="bbox 2199 2516 3798 2598">
    <p class='ocr_par' dir='ltr' id='par_1_92' title="bbox 2199 2516 3798 2598">
     <span class='ocr_line' id='line_1_92' title="bbox 2199 2516 3798 2598; baseline 0.008 -31"><span class='ocrx_word' id='word_1_743' title='bbox 2199 2516 2313 2579; x_wconf 86' lang='grc' dir='ltr'>τὸν,</span> <span class='ocrx_word' id='word_1_744' title='bbox 2358 2516 2522 2570; x_wconf 88' lang='grc' dir='ltr'>πόθεν</span> <span class='ocrx_word' id='word_1_745' title='bbox 2559 2518 2848 2589; x_wconf 70' lang='grc' dir='ltr'>ἄνθρωπος</span> <span class='ocrx_word' id='word_1_746' title='bbox 2879 2521 3110 2595; x_wconf 79' lang='grc' dir='ltr'>ἄροτρον</span> <span class='ocrx_word' id='word_1_747' title='bbox 3149 2526 3365 2596; x_wconf 85' lang='grc' dir='ltr'>πρῶτον</span> <span class='ocrx_word' id='word_1_748' title='bbox 3405 2528 3635 2598; x_wconf 79' lang='grc' dir='ltr'>ἐποίησε</span> <span class='ocrx_word' id='word_1_749' title='bbox 3658 2568 3676 2593; x_wconf 90' lang='grc'>,</span> <span class='ocrx_word' id='word_1_750' title='bbox 3713 2527 3798 2590; x_wconf 87' lang='grc' dir='ltr'>τίς</span> 
     </span>
    </p>
   </div>
   <div class='ocr_carea' id='block_1_93' title="bbox 2203 2599 3798 2682">
    <p class='ocr_par' dir='ltr' id='par_1_93' title="bbox 2203 2599 3798 2682">
     <span class='ocr_line' id='line_1_93' title="bbox 2203 2599 3798 2682; baseline 0.008 -31"><span class='ocrx_word' id='word_1_751' title='bbox 2203 2599 2445 2666; x_wconf 81' lang='grc' dir='ltr'>ὑπέδειξε</span> <span class='ocrx_word' id='word_1_752' title='bbox 2471 2601 2696 2671; x_wconf 79' lang='grc' dir='ltr'>ποιῆσαι</span> <span class='ocrx_word' id='word_1_753' title='bbox 2722 2603 2898 2669; x_wconf 81' lang='grc' dir='ltr'>ξύλον,</span> <span class='ocrx_word' id='word_1_754' title='bbox 2920 2606 3014 2658; x_wconf 65' lang='grc' dir='ltr'>κα)¹</span> <span class='ocrx_word' id='word_1_755' title='bbox 3041 2608 3408 2679; x_wconf 87' lang='grc' dir='ltr'>μεσολαϐῆσαι</span> <span class='ocrx_word' id='word_1_756' title='bbox 3441 2610 3683 2682; x_wconf 87' lang='grc' dir='ltr'>σίδηρον,</span> <span class='ocrx_word' id='word_1_757' title='bbox 3705 2611 3798 2663; x_wconf 75' lang='grc' dir='ltr'>καὶ</span> 
     </span>
    </p>
   </div>
   <div class='ocr_carea' id='block_1_94' title="bbox 2203 2683 3797 2763">
    <p class='ocr_par' dir='ltr' id='par_1_94' title="bbox 2203 2683 3797 2763">
     <span class='ocr_line' id='line_1_94' title="bbox 2203 2683 3797 2763; baseline 0.004 -25"><span class='ocrx_word' id='word_1_758' title='bbox 2203 2683 2447 2763; x_wconf 78' lang='grc' dir='ltr'>σφίγξαι,</span> <span class='ocrx_word' id='word_1_759' title='bbox 2490 2685 2583 2738; x_wconf 74' lang='grc' dir='ltr'>καὶ</span> <span class='ocrx_word' id='word_1_760' title='bbox 2632 2685 2866 2758; x_wconf 79' lang='grc' dir='ltr'>ζεύγλην</span> <span class='ocrx_word' id='word_1_761' title='bbox 2918 2690 3184 2745; x_wconf 88' lang='grc' dir='ltr'>ἐπιθεῖναι</span> <span class='ocrx_word' id='word_1_762' title='bbox 3233 2695 3346 2756; x_wconf 89' lang='grc' dir='ltr'>τοῖς</span> <span class='ocrx_word' id='word_1_763' title='bbox 3391 2692 3582 2763; x_wconf 76' lang='grc' dir='ltr'>βουσί”</span> <span class='ocrx_word' id='word_1_764' title='bbox 3634 2692 3797 2745; x_wconf 90' lang='grc' dir='ltr'>πόθεν</span> 
     </span>
    </p>
   </div>
   <div class='ocr_carea' id='block_1_95' title="bbox 2202 2761 3796 2843">
    <p class='ocr_par' dir='ltr' id='par_1_95' title="bbox 2202 2761 3796 2843">
     <span class='ocr_line' id='line_1_95' title="bbox 2202 2761 3796 2843; baseline 0.009 -26"><span class='ocrx_word' id='word_1_765' title='bbox 2202 2767 2339 2838; x_wconf 84' lang='grc' dir='ltr'>γυνὴ</span> <span class='ocrx_word' id='word_1_766' title='bbox 2366 2761 2491 2838; x_wconf 82' lang='grc' dir='ltr'>εῦρε</span> <span class='ocrx_word' id='word_1_767' title='bbox 2523 2771 2720 2842; x_wconf 88' lang='grc' dir='ltr'>τέχνην</span> <span class='ocrx_word' id='word_1_768' title='bbox 2756 2772 3070 2843; x_wconf 89' lang='grc' dir='ltr'>ἱστουργίας</span> <span class='ocrx_word' id='word_1_769' title='bbox 3090 2815 3104 2838; x_wconf 94' lang='grc'>,</span> <span class='ocrx_word' id='word_1_770' title='bbox 3139 2775 3325 2829; x_wconf 89' lang='grc' dir='ltr'>λαϐεῖν</span> <span class='ocrx_word' id='word_1_771' title='bbox 3349 2761 3535 2841; x_wconf 81' lang='grc' dir='ltr'>πόκον,</span> <span class='ocrx_word' id='word_1_772' title='bbox 3573 2775 3796 2841; x_wconf 86' lang='grc' dir='ltr'>πλῦναι,</span> 
     </span>
    </p>
   </div>
   <div class='ocr_carea' id='block_1_96' title="bbox 2205 2849 3799 2926">
    <p class='ocr_par' dir='ltr' id='par_1_96' title="bbox 2205 2849 3799 2926">
     <span class='ocr_line' id='line_1_96' title="bbox 2205 2849 3799 2926; baseline 0.008 -25"><span class='ocrx_word' id='word_1_773' title='bbox 2205 2849 2392 2913; x_wconf 66' lang='lat' dir='ltr'>eam.</span> <span class='ocrx_word' id='word_1_774' title='bbox 2423 2851 2620 2921; x_wconf 83' lang='grc' dir='ltr'>νῆσαι,</span> <span class='ocrx_word' id='word_1_775' title='bbox 2658 2853 2721 2906; x_wconf 91' lang='grc' dir='ltr'>τὸ</span> <span class='ocrx_word' id='word_1_776' title='bbox 2762 2856 3112 2926; x_wconf 88' lang='grc' dir='ltr'>συνημμένον</span> <span class='ocrx_word' id='word_1_777' title='bbox 3162 2857 3445 2925; x_wconf 88' lang='grc' dir='ltr'>λεπτῦναι,</span> <span class='ocrx_word' id='word_1_778' title='bbox 3491 2860 3589 2912; x_wconf 80' lang='grc' dir='ltr'>καὶ</span> <span class='ocrx_word' id='word_1_779' title='bbox 3637 2859 3799 2914; x_wconf 84' lang='grc' dir='ltr'>πάλιν</span> 
     </span>
    </p>
   </div>
   <div class='ocr_carea' id='block_1_97' title="bbox 2205 2933 3774 3010">
    <p class='ocr_par' dir='ltr' id='par_1_97' title="bbox 2205 2933 3774 3010">
     <span class='ocr_line' id='line_1_97' title="bbox 2205 2933 3774 3010; baseline 0.008 -26"><span class='ocrx_word' id='word_1_780' title='bbox 2205 2933 2424 3002; x_wconf 84' lang='grc' dir='ltr'>σχισθέν</span> <span class='ocrx_word' id='word_1_781' title='bbox 2457 2935 2692 3003; x_wconf 74' lang='grc' dir='ltr'>συνάψαι</span> <span class='ocrx_word' id='word_1_782' title='bbox 2713 2952 2728 2969; x_wconf 79' lang='grc' dir='ltr'><strong>ο</strong></span> <span class='ocrx_word' id='word_1_783' title='bbox 2758 2938 2921 2991; x_wconf 86' lang='grc' dir='ltr'>πόθεν</span> <span class='ocrx_word' id='word_1_784' title='bbox 2949 2939 3139 3005; x_wconf 88' lang='grc' dir='ltr'>τοῦτο;</span> <span class='ocrx_word' id='word_1_785' title='bbox 3165 2942 3264 3004; x_wconf 90' lang='grc' dir='ltr'>Τίς</span> <span class='ocrx_word' id='word_1_786' title='bbox 3296 2942 3502 3010; x_wconf 82' lang='grc' dir='ltr'>ἐδίδαξε</span> <span class='ocrx_word' id='word_1_787' title='bbox 3531 2944 3662 3007; x_wconf 74' lang='grc' dir='ltr'>τοὺς</span> <span class='ocrx_word' id='word_1_788' title='bbox 3683 2960 3774 2997; x_wconf 82' lang='grc' dir='ltr'>ποι</span> 
     </span>
    </p>
   </div>
   <div class='ocr_carea' id='block_1_98' title="bbox 2204 3017 3803 3101">
    <p class='ocr_par' dir='ltr' id='par_1_98' title="bbox 2204 3017 3803 3101">
     <span class='ocr_line' id='line_1_98' title="bbox 2204 3017 3803 3101; baseline 0.009 -33"><span class='ocrx_word' id='word_1_789' title='bbox 2204 3017 2392 3080; x_wconf 85' lang='grc' dir='ltr'>κιλτὰς</span> <span class='ocrx_word' id='word_1_790' title='bbox 2417 3019 2515 3088; x_wconf 74' lang='grc' dir='ltr'>τὴν</span> <span class='ocrx_word' id='word_1_791' title='bbox 2542 3020 2914 3092; x_wconf 85' lang='grc' dir='ltr'>ποικιλτικ-ήν;</span> <span class='ocrx_word' id='word_1_792' title='bbox 2949 3023 3221 3095; x_wconf 84' lang='grc' dir='ltr'>Ἕστηκεν</span> <span class='ocrx_word' id='word_1_793' title='bbox 3253 3026 3416 3092; x_wconf 90' lang='grc' dir='ltr'>ίστὸς,</span> <span class='ocrx_word' id='word_1_794' title='bbox 3453 3028 3511 3080; x_wconf 81' lang='grc' dir='ltr'>ἓν</span> <span class='ocrx_word' id='word_1_795' title='bbox 3533 3029 3594 3081; x_wconf 85' lang='grc' dir='ltr'>τὸ</span> <span class='ocrx_word' id='word_1_796' title='bbox 3621 3047 3803 3101; x_wconf 88' lang='grc' dir='ltr'>παρα-</span> 
     </span>
    </p>
   </div>
   <div class='ocr_carea' id='block_1_99' title="bbox 2204 3101 3799 3186">
    <p class='ocr_par' dir='ltr' id='par_1_99' title="bbox 2204 3101 3799 3186">
     <span class='ocr_line' id='line_1_99' title="bbox 2204 3101 3799 3186; baseline 0.011 -34"><span class='ocrx_word' id='word_1_797' title='bbox 2204 3101 2576 3172; x_wconf 84' lang='grc' dir='ltr'>πεμπόμενον,</span> <span class='ocrx_word' id='word_1_798' title='bbox 2604 3105 2664 3155; x_wconf 90' lang='grc' dir='ltr'>οὑ</span> <span class='ocrx_word' id='word_1_799' title='bbox 2701 3105 2824 3179; x_wconf 69' lang='grc' dir='ltr'>χεὶρ</span> <span class='ocrx_word' id='word_1_800' title='bbox 2856 3107 3222 3186; x_wconf 75' lang='grc' dir='ltr'>ἐργαζομένη.</span> <span class='ocrx_word' id='word_1_801' title='bbox 3255 3111 3370 3165; x_wconf 76' lang='grc' dir='ltr'>ἁλλ’</span> <span class='ocrx_word' id='word_1_802' title='bbox 3399 3114 3428 3166; x_wconf 90' lang='grc' dir='ltr'>ό</span> <span class='ocrx_word' id='word_1_803' title='bbox 3447 3113 3607 3181; x_wconf 89' lang='grc' dir='ltr'>λόγος</span> <span class='ocrx_word' id='word_1_804' title='bbox 3629 3116 3799 3186; x_wconf 84' lang='grc' dir='ltr'>ἐργά-</span> 
     </span>
    </p>
   </div>
   <div class='ocr_carea' id='block_1_100' title="bbox 2204 3183 3802 3268">
    <p class='ocr_par' dir='ltr' id='par_1_100' title="bbox 2204 3183 3802 3268">
     <span class='ocr_line' id='line_1_100' title="bbox 2204 3183 3802 3268; baseline 0.008 -28"><span class='ocrx_word' id='word_1_805' title='bbox 2204 3188 2376 3254; x_wconf 81' lang='grc' dir='ltr'>ζεται,</span> <span class='ocrx_word' id='word_1_806' title='bbox 2400 3187 2557 3257; x_wconf 87' lang='grc' dir='ltr'>λόγος</span> <span class='ocrx_word' id='word_1_807' title='bbox 2585 3190 2800 3261; x_wconf 83' lang='grc' dir='ltr'>μορφὰς</span> <span class='ocrx_word' id='word_1_808' title='bbox 2820 3183 3092 3248; x_wconf 83' lang='grc' dir='ltr'>ἀποτελεῖ.</span> <span class='ocrx_word' id='word_1_809' title='bbox 3115 3195 3228 3248; x_wconf 87' lang='grc' dir='ltr'>υὺκ</span> <span class='ocrx_word' id='word_1_810' title='bbox 3249 3196 3527 3250; x_wconf 85' lang='grc' dir='ltr'>ἐπιϐάλλει</span> <span class='ocrx_word' id='word_1_811' title='bbox 3556 3183 3748 3268; x_wconf 83' lang='grc' dir='ltr'>χεῖρας</span> <span class='ocrx_word' id='word_1_812' title='bbox 3773 3203 3802 3253; x_wconf 97' lang='lat'>6</span> 
     </span>
    </p>
   </div>
   <div class='ocr_carea' id='block_1_101' title="bbox 2205 3272 3799 3353">
    <p class='ocr_par' dir='ltr' id='par_1_101' title="bbox 2205 3272 3799 3353">
     <span class='ocr_line' id='line_1_101' title="bbox 2205 3272 3799 3353; baseline 0.009 -30"><span class='ocrx_word' id='word_1_813' title='bbox 2205 3272 2454 3345; x_wconf 79' lang='grc' dir='ltr'>τεχνίτης</span> <span class='ocrx_word' id='word_1_814' title='bbox 2475 3313 2490 3338; x_wconf 94' lang='grc'>,</span> <span class='ocrx_word' id='word_1_815' title='bbox 2525 3274 2619 3327; x_wconf 77' lang='grc' dir='ltr'>καὶ</span> <span class='ocrx_word' id='word_1_816' title='bbox 2644 3274 2673 3326; x_wconf 89' lang='lat'>6</span> <span class='ocrx_word' id='word_1_817' title='bbox 2701 3274 2861 3343; x_wconf 90' lang='grc' dir='ltr'>λόγος</span> <span class='ocrx_word' id='word_1_818' title='bbox 2888 3277 2986 3346; x_wconf 85' lang='grc' dir='ltr'>τῆς</span> <span class='ocrx_word' id='word_1_819' title='bbox 3013 3278 3210 3349; x_wconf 88' lang='grc' dir='ltr'>τέχνης</span> <span class='ocrx_word' id='word_1_820' title='bbox 3243 3284 3445 3352; x_wconf 81' lang='grc' dir='ltr'>μορφοῖ</span> <span class='ocrx_word' id='word_1_821' title='bbox 3467 3282 3528 3334; x_wconf 89' lang='grc' dir='ltr'>τὸ</span> <span class='ocrx_word' id='word_1_822' title='bbox 3560 3283 3799 3353; x_wconf 86' lang='grc' dir='ltr'>ἱμάτιον,</span> 
     </span>
    </p>
   </div>
   <div class='ocr_carea' id='block_1_102' title="bbox 2204 3357 3798 3437">
    <p class='ocr_par' dir='ltr' id='par_1_102' title="bbox 2204 3357 3798 3437">
     <span class='ocr_line' id='line_1_102' title="bbox 2204 3357 3798 3437; baseline 0.008 -26"><span class='ocrx_word' id='word_1_823' title='bbox 2204 3362 2298 3411; x_wconf 81' lang='grc' dir='ltr'>καὶ</span> <span class='ocrx_word' id='word_1_824' title='bbox 2321 3359 2377 3409; x_wconf 81' lang='grc' dir='ltr'>ἐν</span> <span class='ocrx_word' id='word_1_825' title='bbox 2406 3357 2705 3427; x_wconf 82' lang='grc' dir='ltr'>ὁρωμένοις</span> <span class='ocrx_word' id='word_1_826' title='bbox 2737 3362 3013 3431; x_wconf 88' lang='grc' dir='ltr'>σχήμασιν</span> <span class='ocrx_word' id='word_1_827' title='bbox 3040 3363 3313 3435; x_wconf 84' lang='grc' dir='ltr'>ἐγείρεται</span> <span class='ocrx_word' id='word_1_828' title='bbox 3334 3365 3396 3417; x_wconf 91' lang='grc' dir='ltr'>τὸ</span> <span class='ocrx_word' id='word_1_829' title='bbox 3427 3364 3680 3437; x_wconf 82' lang='grc' dir='ltr'>βούλημα</span> <span class='ocrx_word' id='word_1_830' title='bbox 3706 3367 3798 3423; x_wconf 81' lang='grc' dir='ltr'>τοῦ</span> 
     </span>
    </p>
   </div>
   <div class='ocr_carea' id='block_1_103' title="bbox 2201 3437 3801 3523">
    <p class='ocr_par' dir='ltr' id='par_1_103' title="bbox 2201 3437 3801 3523">
     <span class='ocr_line' id='line_1_103' title="bbox 2201 3437 3801 3523; baseline 0.009 -33"><span class='ocrx_word' id='word_1_831' title='bbox 2201 3439 2472 3510; x_wconf 84' lang='grc' dir='ltr'>τεχνίτου.</span> <span class='ocrx_word' id='word_1_832' title='bbox 2505 3437 2638 3494; x_wconf 78' lang='grc' dir='ltr'>Εἶτα</span> <span class='ocrx_word' id='word_1_833' title='bbox 2659 3443 2688 3494; x_wconf 87' lang='lat'>6</span> <span class='ocrx_word' id='word_1_834' title='bbox 2719 3444 3003 3515; x_wconf 80' lang='grc' dir='ltr'>ποικιλτὴς</span> <span class='ocrx_word' id='word_1_835' title='bbox 3023 3446 3084 3499; x_wconf 86' lang='grc' dir='ltr'>οὑ</span> <span class='ocrx_word' id='word_1_836' title='bbox 3107 3449 3248 3500; x_wconf 88' lang='grc' dir='ltr'>κινεῖ</span> <span class='ocrx_word' id='word_1_837' title='bbox 3269 3450 3449 3520; x_wconf 89' lang='grc' dir='ltr'>χεῖρα,</span> <span class='ocrx_word' id='word_1_838' title='bbox 3478 3451 3574 3503; x_wconf 80' lang='grc' dir='ltr'>καὶ</span> <span class='ocrx_word' id='word_1_839' title='bbox 3597 3451 3801 3523; x_wconf 73' lang='grc' dir='ltr'>ἐγείρει</span> 
     </span>
    </p>
   </div>
   <div class='ocr_carea' id='block_1_104' title="bbox 2207 3524 3801 3606">
    <p class='ocr_par' dir='ltr' id='par_1_104' title="bbox 2207 3524 3801 3606">
     <span class='ocr_line' id='line_1_104' title="bbox 2207 3524 3801 3606; baseline 0.009 -32"><span class='ocrx_word' id='word_1_840' title='bbox 2207 3526 2446 3606; x_wconf 77' lang='grc' dir='ltr'>μορφάς.</span> <span class='ocrx_word' id='word_1_841' title='bbox 2475 3525 2591 3577; x_wconf 76' lang='grc' dir='ltr'>Καὶ</span> <span class='ocrx_word' id='word_1_842' title='bbox 2615 3524 2709 3582; x_wconf 79' lang='grc' dir='ltr'>ἐὰν</span> <span class='ocrx_word' id='word_1_843' title='bbox 2733 3527 3007 3601; x_wconf 81' lang='grc' dir='ltr'>ἀκούσῃς,</span> <span class='ocrx_word' id='word_1_844' title='bbox 3040 3529 3120 3583; x_wconf 87' lang='grc' dir='ltr'>ὅτι</span> <span class='ocrx_word' id='word_1_845' title='bbox 3146 3529 3279 3594; x_wconf 83' lang='grc' dir='ltr'>Θεὸς</span> <span class='ocrx_word' id='word_1_846' title='bbox 3304 3532 3624 3603; x_wconf 75' lang='grc' dir='ltr'>ἐργάζεται,</span> <span class='ocrx_word' id='word_1_847' title='bbox 3650 3535 3801 3606; x_wconf 86' lang='grc' dir='ltr'>νομί-</span> 
     </span>
    </p>
   </div>
   <div class='ocr_carea' id='block_1_105' title="bbox 2205 3605 3800 3691">
    <p class='ocr_par' dir='ltr' id='par_1_105' title="bbox 2205 3605 3800 3691">
     <span class='ocr_line' id='line_1_105' title="bbox 2205 3605 3800 3691; baseline 0.013 -38"><span class='ocrx_word' id='word_1_848' title='bbox 2205 3605 2318 3691; x_wconf 79' lang='grc' dir='ltr'>ζεις</span> <span class='ocrx_word' id='word_1_849' title='bbox 2345 3607 2425 3660; x_wconf 84' lang='grc' dir='ltr'>ὅτι</span> <span class='ocrx_word' id='word_1_850' title='bbox 2470 3610 2627 3678; x_wconf 86' lang='grc' dir='ltr'>χεῖρα</span> <span class='ocrx_word' id='word_1_851' title='bbox 2673 3608 2840 3662; x_wconf 85' lang='grc' dir='ltr'>κινῶν</span> <span class='ocrx_word' id='word_1_852' title='bbox 2879 3611 3220 3682; x_wconf 72' lang='grc' dir='ltr'>ἐργάζεταις</span> <span class='ocrx_word' id='word_1_853' title='bbox 3259 3616 3369 3668; x_wconf 75' lang='grc' dir='ltr'>Καὶ</span> <span class='ocrx_word' id='word_1_854' title='bbox 3412 3615 3510 3669; x_wconf 83' lang='grc' dir='ltr'>ἐάν</span> <span class='ocrx_word' id='word_1_855' title='bbox 3554 3614 3800 3691; x_wconf 78' lang='grc' dir='ltr'>ζητήσῃς</span> 
     </span>
    </p>
   </div>
   <div class='ocr_carea' id='block_1_106' title="bbox 2205 3690 3800 3772">
    <p class='ocr_par' dir='ltr' id='par_1_106' title="bbox 2205 3690 3800 3772">
     <span class='ocr_line' id='line_1_106' title="bbox 2205 3690 3800 3772; baseline 0.008 -31"><span class='ocrx_word' id='word_1_856' title='bbox 2205 3690 2387 3742; x_wconf 80' lang='grc' dir='ltr'>πᾶσαν</span> <span class='ocrx_word' id='word_1_857' title='bbox 2416 3691 2634 3762; x_wconf 83' lang='grc' dir='ltr'>τέχνην,</span> <span class='ocrx_word' id='word_1_858' title='bbox 2669 3695 2764 3746; x_wconf 84' lang='grc' dir='ltr'>καὶ</span> <span class='ocrx_word' id='word_1_859' title='bbox 2793 3695 2977 3747; x_wconf 80' lang='grc' dir='ltr'>πᾶσαν</span> <span class='ocrx_word' id='word_1_860' title='bbox 3017 3696 3282 3763; x_wconf 86' lang='grc' dir='ltr'>ἐπίνοιαν,</span> <span class='ocrx_word' id='word_1_861' title='bbox 3325 3700 3419 3752; x_wconf 75' lang='grc' dir='ltr'>καὶ</span> <span class='ocrx_word' id='word_1_862' title='bbox 3452 3700 3638 3772; x_wconf 79' lang='grc' dir='ltr'>εἴπῃς,</span> <span class='ocrx_word' id='word_1_863' title='bbox 3679 3690 3800 3765; x_wconf 80' lang='grc' dir='ltr'>Πῶς</span> 
     </span>
    </p>
   </div>
   <div class='ocr_carea' id='block_1_107' title="bbox 2203 3772 3796 3853">
    <p class='ocr_par' dir='ltr' id='par_1_107' title="bbox 2203 3772 3796 3853">
     <span class='ocr_line' id='line_1_107' title="bbox 2203 3772 3796 3853; baseline 0.016 -31"><span class='ocrx_word' id='word_1_864' title='bbox 2203 3772 2431 3843; x_wconf 89' lang='grc' dir='ltr'>ἐνόησαν</span> <span class='ocrx_word' id='word_1_865' title='bbox 2454 3773 2572 3825; x_wconf 87' lang='grc' dir='ltr'>τόδε</span> <span class='ocrx_word' id='word_1_866' title='bbox 2601 3775 2633 3845; x_wconf 84' lang='grc' dir='ltr'>ἢ</span> <span class='ocrx_word' id='word_1_867' title='bbox 2659 3775 2807 3842; x_wconf 82' lang='grc' dir='ltr'>τόδε;</span> <span class='ocrx_word' id='word_1_868' title='bbox 2840 3777 3219 3848; x_wconf 90' lang='grc' dir='ltr'>μνημονεύσας</span> <span class='ocrx_word' id='word_1_869' title='bbox 3237 3779 3338 3850; x_wconf 82' lang='grc' dir='ltr'>τῆς</span> <span class='ocrx_word' id='word_1_870' title='bbox 3359 3781 3586 3853; x_wconf 84' lang='grc' dir='ltr'>πρώτης</span> <span class='ocrx_word' id='word_1_871' title='bbox 3615 3784 3796 3853; x_wconf 81' lang='grc' dir='ltr'>φωνῆς</span> 
     </span>
    </p>
   </div>
   <div class='ocr_carea' id='block_1_108' title="bbox 2202 3856 3799 3930">
    <p class='ocr_par' dir='ltr' id='par_1_108' title="bbox 2202 3856 3799 3930">
     <span class='ocr_line' id='line_1_108' title="bbox 2202 3856 3799 3930; baseline 0.009 -22"><span class='ocrx_word' id='word_1_872' title='bbox 2202 3857 2302 3926; x_wconf 84' lang='grc' dir='ltr'>τῆς</span> <span class='ocrx_word' id='word_1_873' title='bbox 2336 3856 2621 3924; x_wconf 75' lang='grc' dir='ltr'>λεγούσης,</span> <span class='ocrx_word' id='word_1_874' title='bbox 2672 3859 3030 3928; x_wconf 80' lang='grc' dir='ltr'>Ποιήσωμεν</span> <span class='ocrx_word' id='word_1_875' title='bbox 3075 3861 3393 3930; x_wconf 78' lang='grc' dir='ltr'>ἄνθρωπον</span> <span class='ocrx_word' id='word_1_876' title='bbox 3422 3868 3553 3919; x_wconf 82' lang='grc' dir='ltr'>κατ’</span> <span class='ocrx_word' id='word_1_877' title='bbox 3590 3870 3799 3922; x_wconf 71' lang='grc' dir='ltr'>εἰκόνα</span> 
     </span>
    </p>
   </div>
   <div class='ocr_carea' id='block_1_109' title="bbox 2201 3938 3797 4016">
    <p class='ocr_par' dir='ltr' id='par_1_109' title="bbox 2201 3938 3797 4016">
     <span class='ocr_line' id='line_1_109' title="bbox 2201 3938 3797 4016; baseline 0.008 -26"><span class='ocrx_word' id='word_1_878' title='bbox 2201 3938 2518 4007; x_wconf 75' lang='grc' dir='ltr'>ἡμετέραν,</span> <span class='ocrx_word' id='word_1_879' title='bbox 2550 3940 2705 4009; x_wconf 85' lang='grc' dir='ltr'>ἔσχες</span> <span class='ocrx_word' id='word_1_880' title='bbox 2725 3943 2825 4012; x_wconf 80' lang='grc' dir='ltr'>τῆς</span> <span class='ocrx_word' id='word_1_881' title='bbox 2844 3943 3080 4014; x_wconf 81' lang='grc' dir='ltr'>ἀπορίας</span> <span class='ocrx_word' id='word_1_882' title='bbox 3100 3946 3197 4016; x_wconf 85' lang='grc' dir='ltr'>τὴν</span> <span class='ocrx_word' id='word_1_883' title='bbox 3219 3945 3397 4001; x_wconf 88' lang='grc' dir='ltr'>λύσιν.</span> <span class='ocrx_word' id='word_1_884' title='bbox 3429 3947 3610 4004; x_wconf 76' lang='grc' dir='ltr'>Εἰκὼν</span> <span class='ocrx_word' id='word_1_885' title='bbox 3637 3949 3797 4016; x_wconf 88' lang='grc' dir='ltr'>Θεοῦ,</span> 
     </span>
    </p>
   </div>
   <div class='ocr_carea' id='block_1_110' title="bbox 2204 4023 3801 4103">
    <p class='ocr_par' dir='ltr' id='par_1_110' title="bbox 2204 4023 3801 4103">
     <span class='ocr_line' id='line_1_110' title="bbox 2204 4023 3801 4103; baseline 0.009 -29"><span class='ocrx_word' id='word_1_886' title='bbox 2204 4023 2297 4075; x_wconf 83' lang='grc' dir='ltr'>καὶ</span> <span class='ocrx_word' id='word_1_887' title='bbox 2328 4023 2388 4076; x_wconf 90' lang='grc' dir='ltr'>οὑ</span> <span class='ocrx_word' id='word_1_888' title='bbox 2411 4025 2522 4075; x_wconf 87' lang='grc' dir='ltr'>νοεῖ</span> <span class='ocrx_word' id='word_1_889' title='bbox 2549 4039 2562 4088; x_wconf 90' lang='grc'>;</span> <span class='ocrx_word' id='word_1_890' title='bbox 2590 4023 2754 4076; x_wconf 78' lang='grc' dir='ltr'>εἰκὼν</span> <span class='ocrx_word' id='word_1_891' title='bbox 2792 4024 2951 4090; x_wconf 89' lang='grc' dir='ltr'>Θεοῦ,</span> <span class='ocrx_word' id='word_1_892' title='bbox 2985 4028 3078 4080; x_wconf 77' lang='grc' dir='ltr'>καὶ</span> <span class='ocrx_word' id='word_1_893' title='bbox 3105 4030 3166 4081; x_wconf 92' lang='grc' dir='ltr'>οὑ</span> <span class='ocrx_word' id='word_1_894' title='bbox 3202 4033 3449 4102; x_wconf 86' lang='grc' dir='ltr'>μιμεῖται</span> <span class='ocrx_word' id='word_1_895' title='bbox 3474 4032 3568 4086; x_wconf 90' lang='grc' dir='ltr'>τὸν</span> <span class='ocrx_word' id='word_1_896' title='bbox 3591 4036 3801 4103; x_wconf 68' lang='grc' dir='ltr'>Δεσπόο</span> 
     </span>
    </p>
   </div>
   <div class='ocr_carea' id='block_1_111' title="bbox 2203 4107 3123 4180">
    <p class='ocr_par' dir='ltr' id='par_1_111' title="bbox 2203 4107 3123 4180">
     <span class='ocr_line' id='line_1_111' title="bbox 2203 4107 3123 4180; baseline 0.005 -20"><span class='ocrx_word' id='word_1_897' title='bbox 2203 4123 2336 4178; x_wconf 90' lang='grc' dir='ltr'>την;</span> <span class='ocrx_word' id='word_1_898' title='bbox 2372 4107 2630 4174; x_wconf 70' lang='grc' dir='ltr'>Ἕρῤαψε</span> <span class='ocrx_word' id='word_1_899' title='bbox 2658 4111 2867 4177; x_wconf 62' lang='grc' dir='ltr'>φύλλα</span> <span class='ocrx_word' id='word_1_900' title='bbox 2901 4109 3123 4180; x_wconf 83' lang='grc' dir='ltr'>συκῆς.</span> 
     </span>
    </p>
   </div>
   <div class='ocr_carea' id='block_1_112' title="bbox 2273 4254 3802 4338">
    <p class='ocr_par' dir='ltr' id='par_1_112' title="bbox 2273 4254 3802 4338">
     <span class='ocr_line' id='line_1_112' title="bbox 2273 4254 3802 4338; baseline 0.009 -31"><span class='ocrx_word' id='word_1_901' title='bbox 2273 4254 2338 4320; x_wconf 83' lang='grc' dir='ltr'>ζ’.</span> <span class='ocrx_word' id='word_1_902' title='bbox 2373 4255 2827 4325; x_wconf 86' lang='grc' dir='ltr'>Δξσχυνέσθωσαν</span> <span class='ocrx_word' id='word_1_903' title='bbox 2857 4259 2907 4313; x_wconf 88' lang='grc' dir='ltr'>οί</span> <span class='ocrx_word' id='word_1_904' title='bbox 2941 4259 3370 4334; x_wconf 83' lang='grc' dir='ltr'>ἁλληγοροῦντες</span> <span class='ocrx_word' id='word_1_905' title='bbox 3391 4301 3405 4327; x_wconf 86' lang='grc'>,</span> <span class='ocrx_word' id='word_1_906' title='bbox 3435 4263 3520 4318; x_wconf 84' lang='grc' dir='ltr'>ὅτι</span> <span class='ocrx_word' id='word_1_907' title='bbox 3558 4265 3588 4318; x_wconf 87' lang='lat'>6</span> <span class='ocrx_word' id='word_1_908' title='bbox 3619 4266 3802 4338; x_wconf 85' lang='grc' dir='ltr'>παρὰ-</span> 
     </span>
    </p>
   </div>
   <div class='ocr_carea' id='block_1_113' title="bbox 2201 4340 3801 4417">
    <p class='ocr_par' dir='ltr' id='par_1_113' title="bbox 2201 4340 3801 4417">
     <span class='ocr_line' id='line_1_113' title="bbox 2201 4340 3801 4417; baseline 0.008 -24"><span class='ocrx_word' id='word_1_909' title='bbox 2201 4340 2376 4401; x_wconf 89' lang='grc' dir='ltr'>δεισος</span> <span class='ocrx_word' id='word_1_910' title='bbox 2415 4341 2472 4393; x_wconf 89' lang='grc' dir='ltr'>ἐν</span> <span class='ocrx_word' id='word_1_911' title='bbox 2513 4341 2727 4412; x_wconf 81' lang='grc' dir='ltr'>οὐρανῷ</span> <span class='ocrx_word' id='word_1_912' title='bbox 2765 4344 2903 4410; x_wconf 83' lang='grc' dir='ltr'>ἐστι,</span> <span class='ocrx_word' id='word_1_913' title='bbox 2947 4347 3043 4399; x_wconf 76' lang='grc' dir='ltr'>καὶ</span> <span class='ocrx_word' id='word_1_914' title='bbox 3083 4349 3452 4417; x_wconf 87' lang='grc' dir='ltr'>πνευματικός</span> <span class='ocrx_word' id='word_1_915' title='bbox 3490 4351 3663 4404; x_wconf 76' lang='grc' dir='ltr'>ἐστιν.</span> <span class='ocrx_word' id='word_1_916' title='bbox 3713 4351 3801 4405; x_wconf 86' lang='grc' dir='ltr'>Ἐν</span> 
     </span>
    </p>
   </div>
   <div class='ocr_carea' id='block_1_114' title="bbox 2201 4422 3800 4502">
    <p class='ocr_par' dir='ltr' id='par_1_114' title="bbox 2201 4422 3800 4502">
     <span class='ocr_line' id='line_1_114' title="bbox 2201 4422 3800 4502; baseline 0.008 -27"><span class='ocrx_word' id='word_1_917' title='bbox 2201 4422 2416 4493; x_wconf 81' lang='grc' dir='ltr'>οὐρανῷ</span> <span class='ocrx_word' id='word_1_918' title='bbox 2456 4425 2594 4494; x_wconf 55' lang='lat' dir='ltr'>cmi;</span> <span class='ocrx_word' id='word_1_919' title='bbox 2628 4425 2680 4476; x_wconf 90' lang='grc' dir='ltr'>τί</span> <span class='ocrx_word' id='word_1_920' title='bbox 2716 4430 2900 4493; x_wconf 76' lang='grc' dir='ltr'>ποιεῖς</span> <span class='ocrx_word' id='word_1_921' title='bbox 2947 4428 3086 4482; x_wconf 82' lang='grc' dir='ltr'>Ἀλλ’</span> <span class='ocrx_word' id='word_1_922' title='bbox 3119 4429 3259 4482; x_wconf 82' lang='grc' dir='ltr'>έστω</span> <span class='ocrx_word' id='word_1_923' title='bbox 3302 4434 3330 4484; x_wconf 94' lang='lat'>6</span> <span class='ocrx_word' id='word_1_924' title='bbox 3374 4433 3710 4502; x_wconf 86' lang='grc' dir='ltr'>παράδεισος</span> <span class='ocrx_word' id='word_1_925' title='bbox 3741 4436 3800 4487; x_wconf 87' lang='grc' dir='ltr'>ἐν</span> 
     </span>
    </p>
   </div>
   <div class='ocr_carea' id='block_1_115' title="bbox 2202 4507 3799 4587">
    <p class='ocr_par' dir='ltr' id='par_1_115' title="bbox 2202 4507 3799 4587">
     <span class='ocr_line' id='line_1_115' title="bbox 2202 4507 3799 4587; baseline 0.008 -27"><span class='ocrx_word' id='word_1_926' title='bbox 2202 4507 2417 4578; x_wconf 82' lang='grc' dir='ltr'>οὐρανῷ</span> <span class='ocrx_word' id='word_1_927' title='bbox 2444 4525 2457 4538; x_wconf 73' lang='grc' dir='ltr'>ο</span> <span class='ocrx_word' id='word_1_928' title='bbox 2489 4508 2642 4580; x_wconf 72' lang='grc'>[504]</span> <span class='ocrx_word' id='word_1_929' title='bbox 2667 4512 2716 4562; x_wconf 89' lang='grc' dir='ltr'>οί</span> <span class='ocrx_word' id='word_1_930' title='bbox 2746 4515 2982 4582; x_wconf 79' lang='grc' dir='ltr'>ποταμοὶ</span> <span class='ocrx_word' id='word_1_931' title='bbox 3003 4513 3167 4566; x_wconf 78' lang='grc' dir='ltr'>πόθεν</span> <span class='ocrx_word' id='word_1_932' title='bbox 3193 4513 3504 4587; x_wconf 79' lang='grc' dir='ltr'>ἐξέρχονται</span> <span class='ocrx_word' id='word_1_933' title='bbox 3526 4534 3541 4583; x_wconf 91' lang='grc'>;</span> <span class='ocrx_word' id='word_1_934' title='bbox 3564 4519 3668 4572; x_wconf 80' lang='grc' dir='ltr'>οὐκ</span> <span class='ocrx_word' id='word_1_935' title='bbox 3692 4519 3799 4574; x_wconf 83' lang='grc' dir='ltr'>ἀπὸ</span> 
     </span>
    </p>
   </div>
   <div class='ocr_carea' id='block_1_116' title="bbox 2201 4591 3804 4674">
    <p class='ocr_par' dir='ltr' id='par_1_116' title="bbox 2201 4591 3804 4674">
     <span class='ocr_line' id='line_1_116' title="bbox 2201 4591 3804 4674; baseline 0.011 -33"><span class='ocrx_word' id='word_1_936' title='bbox 2201 4591 2306 4660; x_wconf 75' lang='grc' dir='ltr'>γῆς</span> <span class='ocrx_word' id='word_1_937' title='bbox 2326 4608 2344 4674; x_wconf 14' lang='grc' dir='ltr'>ν;</span> <span class='ocrx_word' id='word_1_938' title='bbox 2378 4593 2440 4643; x_wconf 70' lang='lat' dir='ltr'>El</span> <span class='ocrx_word' id='word_1_939' title='bbox 2470 4595 2497 4644; x_wconf 88' lang='lat'>6</span> <span class='ocrx_word' id='word_1_940' title='bbox 2526 4595 2856 4661; x_wconf 88' lang='grc' dir='ltr'>παράδεισος</span> <span class='ocrx_word' id='word_1_941' title='bbox 2882 4595 3014 4658; x_wconf 78' lang='grc' dir='ltr'>ἄνω,</span> <span class='ocrx_word' id='word_1_942' title='bbox 3047 4596 3205 4668; x_wconf 78' lang='grc' dir='ltr'>δῆλον</span> <span class='ocrx_word' id='word_1_943' title='bbox 3238 4599 3320 4651; x_wconf 85' lang='grc' dir='ltr'>ὅτι</span> <span class='ocrx_word' id='word_1_944' title='bbox 3355 4601 3449 4654; x_wconf 72' lang='grc' dir='ltr'>καὶ</span> <span class='ocrx_word' id='word_1_945' title='bbox 3477 4603 3527 4654; x_wconf 90' lang='grc' dir='ltr'>οί</span> <span class='ocrx_word' id='word_1_946' title='bbox 3561 4605 3804 4674; x_wconf 73' lang='grc' dir='ltr'>ποταμοὶ</span> 
     </span>
    </p>
   </div>
   <div class='ocr_carea' id='block_1_117' title="bbox 2201 4673 3796 4755">
    <p class='ocr_par' dir='ltr' id='par_1_117' title="bbox 2201 4673 3796 4755">
     <span class='ocr_line' id='line_1_117' title="bbox 2201 4673 3796 4755; baseline 0.009 -29"><span class='ocrx_word' id='word_1_947' title='bbox 2201 4673 2406 4726; x_wconf 82' lang='grc' dir='ltr'>ἄνωθεν</span> <span class='ocrx_word' id='word_1_948' title='bbox 2431 4675 2635 4744; x_wconf 76' lang='grc' dir='ltr'>ῥέουσι.</span> <span class='ocrx_word' id='word_1_949' title='bbox 2661 4677 2753 4747; x_wconf 83' lang='grc' dir='ltr'>Μὴ</span> <span class='ocrx_word' id='word_1_950' title='bbox 2779 4678 2885 4750; x_wconf 87' lang='grc' dir='ltr'>γάρ</span> <span class='ocrx_word' id='word_1_951' title='bbox 2914 4675 3066 4732; x_wconf 76' lang='grc' dir='ltr'>εἶπεν</span> <span class='ocrx_word' id='word_1_952' title='bbox 3087 4681 3120 4750; x_wconf 85' lang='grc' dir='ltr'>ή</span> <span class='ocrx_word' id='word_1_953' title='bbox 3143 4681 3357 4753; x_wconf 74' lang='grc' dir='ltr'>Γραφήο</span> <span class='ocrx_word' id='word_1_954' title='bbox 3382 4684 3640 4755; x_wconf 86' lang='grc' dir='ltr'>Ποταμὸς</span> <span class='ocrx_word' id='word_1_955' title='bbox 3663 4673 3796 4740; x_wconf 81' lang='grc' dir='ltr'>κατ-</span> 
     </span>
    </p>
   </div>
   <div class='ocr_carea' id='block_1_118' title="bbox 2201 4756 3799 4841">
    <p class='ocr_par' dir='ltr' id='par_1_118' title="bbox 2201 4756 3799 4841">
     <span class='ocr_line' id='line_1_118' title="bbox 2201 4756 3799 4841; baseline 0.01 -34"><span class='ocrx_word' id='word_1_956' title='bbox 2201 4756 2417 4841; x_wconf 80' lang='grc' dir='ltr'>έρχεται</span> <span class='ocrx_word' id='word_1_957' title='bbox 2443 4757 2501 4822; x_wconf 83' lang='grc' dir='ltr'>ἐξ</span> <span class='ocrx_word' id='word_1_958' title='bbox 2534 4757 2727 4830; x_wconf 77' lang='grc' dir='ltr'>Ἑδέμς</span> <span class='ocrx_word' id='word_1_959' title='bbox 2759 4761 2920 4814; x_wconf 80' lang='grc' dir='ltr'>Ἀλλὰ</span> <span class='ocrx_word' id='word_1_960' title='bbox 2941 4763 3002 4814; x_wconf 92' lang='grc' dir='ltr'>τὸ</span> <span class='ocrx_word' id='word_1_961' title='bbox 3035 4764 3276 4834; x_wconf 74' lang='grc' dir='ltr'>σόφισμα</span> <span class='ocrx_word' id='word_1_962' title='bbox 3294 4765 3342 4820; x_wconf 71' lang='grc' dir='ltr'>ι).</span> <span class='ocrx_word' id='word_1_963' title='bbox 3385 4766 3626 4822; x_wconf 84' lang='grc' dir='ltr'>Γελῶσιν</span> <span class='ocrx_word' id='word_1_964' title='bbox 3651 4773 3799 4841; x_wconf 77' lang='grc' dir='ltr'>ἡμᾶς</span> 
     </span>
    </p>
   </div>
   <div class='ocr_carea' id='block_1_119' title="bbox 2200 4840 3796 4925">
    <p class='ocr_par' dir='ltr' id='par_1_119' title="bbox 2200 4840 3796 4925">
     <span class='ocr_line' id='line_1_119' title="bbox 2200 4840 3796 4925; baseline 0.009 -31"><span class='ocrx_word' id='word_1_965' title='bbox 2200 4841 2249 4894; x_wconf 82' lang='grc' dir='ltr'>οι</span> <span class='ocrx_word' id='word_1_966' title='bbox 2277 4840 2671 4925; x_wconf 70' lang='grc' dir='ltr'>ἀλληγορηταί.</span> <span class='ocrx_word' id='word_1_967' title='bbox 2706 4844 2993 4899; x_wconf 81' lang='grc' dir='ltr'>Ἐνέδυσε</span> <span class='ocrx_word' id='word_1_968' title='bbox 3017 4846 3089 4914; x_wconf 80' lang='grc' dir='ltr'>γά</span> <span class='ocrx_word' id='word_1_969' title='bbox 3097 4865 3128 4917; x_wconf 88' lang='grc' dir='ltr'>ρ</span> <span class='ocrx_word' id='word_1_970' title='bbox 3144 4848 3366 4914; x_wconf 78' lang='grc' dir='ltr'>αὐτοὺς</span> <span class='ocrx_word' id='word_1_971' title='bbox 3382 4852 3413 4902; x_wconf 77' lang='grc' dir='ltr'><em>δ</em></span> <span class='ocrx_word' id='word_1_972' title='bbox 3444 4851 3612 4917; x_wconf 80' lang='grc' dir='ltr'>Θεὸς,</span> <span class='ocrx_word' id='word_1_973' title='bbox 3642 4840 3796 4925; x_wconf 64' lang='grc' dir='ltr'>φησι,</span> 
     </span>
    </p>
   </div>
   <div class='ocr_carea' id='block_1_120' title="bbox 2200 4922 3797 5006">
    <p class='ocr_par' dir='ltr' id='par_1_120' title="bbox 2200 4922 3797 5006">
     <span class='ocr_line' id='line_1_120' title="bbox 2200 4922 3797 5006; baseline 0.015 -32"><span class='ocrx_word' id='word_1_974' title='bbox 2200 4922 2458 5006; x_wconf 82' lang='grc' dir='ltr'>χιτῶνας</span> <span class='ocrx_word' id='word_1_975' title='bbox 2507 4925 2923 4994; x_wconf 68' lang='grc' dir='ltr'>δεμματίνους.</span> <span class='ocrx_word' id='word_1_976' title='bbox 2975 4927 3125 5001; x_wconf 74' lang='grc' dir='ltr'>Ἀρα</span> <span class='ocrx_word' id='word_1_977' title='bbox 3176 4930 3249 5001; x_wconf 84' lang='grc' dir='ltr'>μὴ</span> <span class='ocrx_word' id='word_1_978' title='bbox 3299 4931 3427 5001; x_wconf 80' lang='grc' dir='ltr'>βόας</span> <span class='ocrx_word' id='word_1_979' title='bbox 3474 4922 3797 5006; x_wconf 59' lang='grc' dir='ltr'>ἢπρόὸάτα</span> 
     </span>
    </p>
   </div>
   <div class='ocr_carea' id='block_1_121' title="bbox 2201 5005 3798 5087">
    <p class='ocr_par' dir='ltr' id='par_1_121' title="bbox 2201 5005 3798 5087">
     <span class='ocr_line' id='line_1_121' title="bbox 2201 5005 3798 5087; baseline 0.01 -30"><span class='ocrx_word' id='word_1_980' title='bbox 2201 5005 2383 5070; x_wconf 88' lang='grc' dir='ltr'>ἔθυσε,</span> <span class='ocrx_word' id='word_1_981' title='bbox 2421 5010 2515 5059; x_wconf 73' lang='grc' dir='ltr'>καὶ</span> <span class='ocrx_word' id='word_1_982' title='bbox 2546 5008 2796 5078; x_wconf 85' lang='grc' dir='ltr'>βυρσεῖον</span> <span class='ocrx_word' id='word_1_983' title='bbox 2819 5011 3019 5081; x_wconf 72' lang='grc' dir='ltr'>ἤνοιξε,</span> <span class='ocrx_word' id='word_1_984' title='bbox 3046 5014 3139 5065; x_wconf 75' lang='grc' dir='ltr'>καὶ</span> <span class='ocrx_word' id='word_1_985' title='bbox 3164 5013 3360 5084; x_wconf 88' lang='grc' dir='ltr'>τέχνην</span> <span class='ocrx_word' id='word_1_986' title='bbox 3394 5005 3645 5087; x_wconf 82' lang='grc' dir='ltr'>βυρσέως</span> <span class='ocrx_word' id='word_1_987' title='bbox 3671 5024 3798 5075; x_wconf 62' lang='grc' dir='ltr'>άπερ</span> 
     </span>
    </p>
   </div>
   <div class='ocr_carea' id='block_1_122' title="bbox 2197 5089 3796 5172">
    <p class='ocr_par' dir='ltr' id='par_1_122' title="bbox 2197 5089 3796 5172">
     <span class='ocr_line' id='line_1_122' title="bbox 2197 5089 3796 5172; baseline 0.01 -32"><span class='ocrx_word' id='word_1_988' title='bbox 2197 5089 2384 5140; x_wconf 89' lang='grc' dir='ltr'>τέλεσε</span> <span class='ocrx_word' id='word_1_989' title='bbox 2410 5107 2423 5154; x_wconf 91' lang='grc'><strong>;</strong></span> <span class='ocrx_word' id='word_1_990' title='bbox 2451 5091 2699 5161; x_wconf 85' lang='grc' dir='ltr'>Λέγομεν</span> <span class='ocrx_word' id='word_1_991' title='bbox 2716 5096 2898 5163; x_wconf 82' lang='grc' dir='ltr'>ἡμεῖς,</span> <span class='ocrx_word' id='word_1_992' title='bbox 2919 5095 3041 5148; x_wconf 84' lang='grc' dir='ltr'>ὅλον</span> <span class='ocrx_word' id='word_1_993' title='bbox 3064 5095 3124 5147; x_wconf 89' lang='grc' dir='ltr'>τὸ</span> <span class='ocrx_word' id='word_1_994' title='bbox 3147 5096 3287 5164; x_wconf 73' lang='grc' dir='ltr'>ζῶον</span> <span class='ocrx_word' id='word_1_995' title='bbox 3313 5103 3641 5172; x_wconf 87' lang='grc' dir='ltr'>παρήγαγεν</span> <span class='ocrx_word' id='word_1_996' title='bbox 3668 5105 3796 5157; x_wconf 84' lang='grc' dir='ltr'>ἄνευ</span> 
     </span>
    </p>
   </div>
   <div class='ocr_carea' id='block_1_123' title="bbox 2202 5172 3793 5257">
    <p class='ocr_par' dir='ltr' id='par_1_123' title="bbox 2202 5172 3793 5257">
     <span class='ocr_line' id='line_1_123' title="bbox 2202 5172 3793 5257; baseline 0.012 -35"><span class='ocrx_word' id='word_1_997' title='bbox 2202 5172 2543 5257; x_wconf 84' lang='grc' dir='ltr'>συμπλοκῆς,</span> <span class='ocrx_word' id='word_1_998' title='bbox 2577 5174 2706 5228; x_wconf 84' lang='grc' dir='ltr'>ἄνευ</span> <span class='ocrx_word' id='word_1_999' title='bbox 2760 5178 3044 5246; x_wconf 80' lang='grc' dir='ltr'>συζυγίας.</span> <span class='ocrx_word' id='word_1_1000' title='bbox 3083 5180 3155 5232; x_wconf 88' lang='grc' dir='ltr'>Τὸ</span> <span class='ocrx_word' id='word_1_1001' title='bbox 3202 5182 3275 5252; x_wconf 85' lang='grc' dir='ltr'>μὴ</span> <span class='ocrx_word' id='word_1_1002' title='bbox 3306 5182 3366 5236; x_wconf 82' lang='grc' dir='ltr'>ὃν</span> <span class='ocrx_word' id='word_1_1003' title='bbox 3409 5185 3671 5257; x_wconf 84' lang='grc' dir='ltr'>ἐποίησε,</span> <span class='ocrx_word' id='word_1_1004' title='bbox 3706 5190 3793 5243; x_wconf 72' lang='grc' dir='ltr'>καὶ</span> 
     </span>
    </p>
   </div>
   <div class='ocr_carea' id='block_1_124' title="bbox 2203 5256 3792 5338">
    <p class='ocr_par' dir='ltr' id='par_1_124' title="bbox 2203 5256 3792 5338">
     <span class='ocr_line' id='line_1_124' title="bbox 2203 5256 3792 5338; baseline 0.011 -32"><span class='ocrx_word' id='word_1_1005' title='bbox 2203 5256 2368 5326; x_wconf 87' lang='grc' dir='ltr'>μέρος</span> <span class='ocrx_word' id='word_1_1006' title='bbox 2398 5257 2492 5309; x_wconf 79' lang='grc' dir='ltr'>τοῦ</span> <span class='ocrx_word' id='word_1_1007' title='bbox 2514 5258 2668 5323; x_wconf 74' lang='grc' dir='ltr'>ὄντος</span> <span class='ocrx_word' id='word_1_1008' title='bbox 2697 5264 2871 5315; x_wconf 86' lang='grc' dir='ltr'>ποιεῖν</span> <span class='ocrx_word' id='word_1_1009' title='bbox 2903 5263 3003 5316; x_wconf 90' lang='grc' dir='ltr'>οὑκ</span> <span class='ocrx_word' id='word_1_1010' title='bbox 3034 5263 3301 5332; x_wconf 73' lang='grc' dir='ltr'>ἠδύνατο;</span> <span class='ocrx_word' id='word_1_1011' title='bbox 3336 5269 3543 5322; x_wconf 83' lang='grc' dir='ltr'>Λοιπὸν</span> <span class='ocrx_word' id='word_1_1012' title='bbox 3565 5256 3792 5338; x_wconf 14' lang='grc' dir='ltr'>νφιλοτι-</span> 
     </span>
    </p>
   </div>
   <div class='ocr_carea' id='block_1_125' title="bbox 2203 5339 3792 5422">
    <p class='ocr_par' dir='ltr' id='par_1_125' title="bbox 2203 5339 3792 5422">
     <span class='ocr_line' id='line_1_125' title="bbox 2203 5339 3792 5422; baseline 0.011 -31"><span class='ocrx_word' id='word_1_1013' title='bbox 2203 5339 2427 5409; x_wconf 86' lang='grc' dir='ltr'>μοῦνται</span> <span class='ocrx_word' id='word_1_1014' title='bbox 2448 5359 2460 5371; x_wconf 86' lang='grc'><strong>·</strong></span> <span class='ocrx_word' id='word_1_1015' title='bbox 2493 5344 2608 5396; x_wconf 79' lang='grc' dir='ltr'>ἀλλ’</span> <span class='ocrx_word' id='word_1_1016' title='bbox 2647 5346 2902 5399; x_wconf 82' lang='grc' dir='ltr'>οὐδέποτε</span> <span class='ocrx_word' id='word_1_1017' title='bbox 2927 5347 3058 5411; x_wconf 90' lang='grc' dir='ltr'>Θεὸς</span> <span class='ocrx_word' id='word_1_1018' title='bbox 3081 5353 3226 5403; x_wconf 90' lang='grc' dir='ltr'>ποιεῖ</span> <span class='ocrx_word' id='word_1_1019' title='bbox 3249 5352 3416 5422; x_wconf 90' lang='grc' dir='ltr'>μέρος</span> <span class='ocrx_word' id='word_1_1020' title='bbox 3440 5353 3604 5418; x_wconf 77' lang='grc' dir='ltr'>ζώου,</span> <span class='ocrx_word' id='word_1_1021' title='bbox 3642 5356 3792 5408; x_wconf 71' lang='grc' dir='ltr'>οὐδὲν</span> 
     </span>
    </p>
   </div>
   <div class='ocr_carea' id='block_1_126' title="bbox 2199 5425 3791 5505">
    <p class='ocr_par' dir='ltr' id='par_1_126' title="bbox 2199 5425 3791 5505">
     <span class='ocr_line' id='line_1_126' title="bbox 2199 5425 3791 5505; baseline 0.009 -30"><span class='ocrx_word' id='word_1_1022' title='bbox 2199 5425 2389 5489; x_wconf 83' lang='grc' dir='ltr'>ἀτελὲς</span> <span class='ocrx_word' id='word_1_1023' title='bbox 2415 5431 2560 5480; x_wconf 89' lang='grc' dir='ltr'>ποιεί</span> <span class='ocrx_word' id='word_1_1024' title='bbox 2586 5429 2614 5478; x_wconf 89' lang='lat'>6</span> <span class='ocrx_word' id='word_1_1025' title='bbox 2641 5429 2792 5491; x_wconf 90' lang='grc' dir='ltr'>Θεός.</span> <span class='ocrx_word' id='word_1_1026' title='bbox 2831 5430 3045 5484; x_wconf 82' lang='grc' dir='ltr'>Ἀκούει</span> <span class='ocrx_word' id='word_1_1027' title='bbox 3078 5432 3252 5504; x_wconf 83' lang='grc' dir='ltr'>δέρμα</span> <span class='ocrx_word' id='word_1_1028' title='bbox 3275 5478 3288 5499; x_wconf 89' lang='grc'>,</span> <span class='ocrx_word' id='word_1_1029' title='bbox 3315 5438 3406 5490; x_wconf 82' lang='grc' dir='ltr'>καὶ</span> <span class='ocrx_word' id='word_1_1030' title='bbox 3427 5437 3584 5505; x_wconf 77' lang='grc' dir='ltr'>ζητεῖ</span> <span class='ocrx_word' id='word_1_1031' title='bbox 3608 5439 3791 5503; x_wconf 83' lang='grc' dir='ltr'>πόθεν,</span> 
     </span>
    </p>
   </div>
   <div class='ocr_carea' id='block_1_127' title="bbox 2199 5507 3794 5590">
    <p class='ocr_par' dir='ltr' id='par_1_127' title="bbox 2199 5507 3794 5590">
     <span class='ocr_line' id='line_1_127' title="bbox 2199 5507 3794 5590; baseline 0.01 -30"><span class='ocrx_word' id='word_1_1032' title='bbox 2199 5508 2408 5563; x_wconf 75' lang='grc' dir='ltr'>Οὐκοῦν</span> <span class='ocrx_word' id='word_1_1033' title='bbox 2429 5509 2611 5563; x_wconf 82' lang='grc' dir='ltr'>ἀκούω</span> <span class='ocrx_word' id='word_1_1034' title='bbox 2633 5510 2789 5580; x_wconf 83' lang='grc' dir='ltr'>κάγὼ</span> <span class='ocrx_word' id='word_1_1035' title='bbox 2807 5508 2944 5584; x_wconf 75' lang='grc' dir='ltr'>αἷμα</span> <span class='ocrx_word' id='word_1_1036' title='bbox 2963 5516 3019 5567; x_wconf 79' lang='grc' dir='ltr'>ἐν</span> <span class='ocrx_word' id='word_1_1037' title='bbox 3035 5507 3316 5589; x_wconf 77' lang='grc' dir='ltr'>Αἰγύπτῳ,</span> <span class='ocrx_word' id='word_1_1038' title='bbox 3342 5521 3434 5572; x_wconf 69' lang='grc' dir='ltr'>καὶ</span> <span class='ocrx_word' id='word_1_1039' title='bbox 3457 5519 3610 5590; x_wconf 76' lang='grc' dir='ltr'>ζητῶ</span> <span class='ocrx_word' id='word_1_1040' title='bbox 3631 5521 3794 5576; x_wconf 80' lang='grc' dir='ltr'>πόθεν</span> 
     </span>
    </p>
   </div>
   <div class='ocr_carea' id='block_1_128' title="bbox 2263 5722 3792 5786">
    <p class='ocr_par' dir='ltr' id='par_1_128' title="bbox 2263 5722 3792 5786">
     <span class='ocr_line' id='line_1_128' title="bbox 2263 5722 3792 5786; baseline 0.005 -16"><span class='ocrx_word' id='word_1_1041' title='bbox 2263 5726 2285 5752; x_wconf 79' lang='grc' dir='ltr'><strong>υ</strong></span> <span class='ocrx_word' id='word_1_1042' title='bbox 2312 5722 2422 5779; x_wconf 79' lang='lat' dir='ltr'>Hic,</span> <span class='ocrx_word' id='word_1_1043' title='bbox 2448 5729 2557 5786; x_wconf 80' lang='lat' dir='ltr'>post</span> <span class='ocrx_word' id='word_1_1044' title='bbox 2585 5724 2673 5786; x_wconf 83' lang='grc' dir='ltr'>οὑχ</span> <span class='ocrx_word' id='word_1_1045' title='bbox 2698 5726 2769 5773; x_wconf 84' lang='grc' dir='ltr'>ὅτι</span> <span class='ocrx_word' id='word_1_1046' title='bbox 2796 5727 2880 5773; x_wconf 85' lang='grc' dir='ltr'>οὑκ</span> <span class='ocrx_word' id='word_1_1047' title='bbox 2901 5727 3128 5786; x_wconf 78' lang='grc' dir='ltr'>ἤκουσεν,</span> <span class='ocrx_word' id='word_1_1048' title='bbox 3153 5729 3467 5780; x_wconf 70' lang='lat' dir='ltr'>desideratur</span> <span class='ocrx_word' id='word_1_1049' title='bbox 3484 5731 3615 5785; x_wconf 79' lang='lat' dir='ltr'><strong>haud</strong></span> <span class='ocrx_word' id='word_1_1050' title='bbox 3640 5729 3792 5786; x_wconf 74' lang='lat' dir='ltr'><strong>dubie</strong></span> 
     </span>
    </p>
   </div>
   <div class='ocr_carea' id='block_1_129' title="bbox 2197 5785 3290 5849">
    <p class='ocr_par' dir='ltr' id='par_1_129' title="bbox 2197 5785 3290 5849">
     <span class='ocr_line' id='line_1_129' title="bbox 2197 5785 3290 5849; baseline 0.004 -16"><span class='ocrx_word' id='word_1_1051' title='bbox 2197 5786 2299 5849; x_wconf 74' lang='grc' dir='ltr'>ἀλλ’</span> <span class='ocrx_word' id='word_1_1052' title='bbox 2323 5786 2394 5849; x_wconf 70' lang='grc' dir='ltr'>δτι</span> <span class='ocrx_word' id='word_1_1053' title='bbox 2430 5785 2522 5849; x_wconf 77' lang='grc' dir='ltr'>οὑχ</span> <span class='ocrx_word' id='word_1_1054' title='bbox 2542 5785 2831 5849; x_wconf 72' lang='grc' dir='ltr'>ὑπήκουσεν,</span> <span class='ocrx_word' id='word_1_1055' title='bbox 2857 5792 2931 5836; x_wconf 64' lang='lat' dir='ltr'>vel</span> <span class='ocrx_word' id='word_1_1056' title='bbox 2968 5788 3083 5849; x_wconf 87' lang='lat' dir='ltr'>quid</span> <span class='ocrx_word' id='word_1_1057' title='bbox 3110 5788 3290 5837; x_wconf 81' lang='lat' dir='ltr'>simile.</span> 
     </span>
    </p>
   </div>
   <div class='ocr_carea' id='block_1_130' title="bbox 2264 5845 3289 5914">
    <p class='ocr_par' dir='ltr' id='par_1_130' title="bbox 2264 5845 3289 5914">
     <span class='ocr_line' id='line_1_130' title="bbox 2264 5845 3289 5914; baseline 0.005 -21"><span class='ocrx_word' id='word_1_1058' title='bbox 2264 5845 2290 5885; x_wconf 65' lang='grc' dir='ltr'>δ</span> <span class='ocrx_word' id='word_1_1059' title='bbox 2315 5845 2568 5900; x_wconf 72' lang='lat' dir='ltr'>Combeﬁs.</span> <span class='ocrx_word' id='word_1_1060' title='bbox 2596 5847 2734 5904; x_wconf 67' lang='lat' dir='ltr'>dedit</span> <span class='ocrx_word' id='word_1_1061' title='bbox 2753 5850 2874 5900; x_wconf 83' lang='grc' dir='ltr'>ἀλλὰ</span> <span class='ocrx_word' id='word_1_1062' title='bbox 2893 5852 2964 5899; x_wconf 78' lang='grc' dir='ltr'>ῐδε</span> <span class='ocrx_word' id='word_1_1063' title='bbox 2983 5845 3036 5898; x_wconf 77' lang='grc' dir='ltr'>τὸ</span> <span class='ocrx_word' id='word_1_1064' title='bbox 3061 5852 3289 5914; x_wconf 71' lang='grc' dir='ltr'>σόφισμα,</span> 
     </span>
    </p>
   </div>
  </div>
