3984 6420
204 431 316 487 491

210 532 373 586 bilem
401 527 752 585 desideravit:
784 527 901 598 ejus
919 527 1166 585 Christus
1194 527 1518 586 desiderium
1543 532 1801 602 implevit.

203 619 533 675 Desiderasti
565 618 615 673 id
643 631 762 673 esse
782 658 795 682 ,
826 617 968 689 quod
996 634 1101 674 non
1134 620 1353 690 potuisti
1385 639 1397 673 :
1426 621 1678 677 desidero
1703 639 1805 695 ego

201 710 317 765 fieri
348 711 530 773 homo,
565 719 618 763 et
648 723 905 779 possum:
939 709 1055 778 ejus
1075 711 1249 766 errori
1274 712 1446 767 vicem
1475 713 1802 769 contrariam

199 802 344 856 Deus
368 799 573 854 retulit.
609 798 935 854 Desiderasti
966 815 1086 870 qua:
1114 815 1274 871 supra
1300 811 1352 857 te
1383 814 1558 866 erant,
1584 819 1803 858 assumo

197 904 298 959 rgo
324 905 445 958 quae
478 887 612 942 infra
642 904 728 943 me
754 896 897 943 sunt.
936 888 1324 959 quualitatem
1361 908 1482 946 cum
1529 893 1637 947 Deo
1672 906 1803 948 con-

195 978 443 1047 cupivisti
477 996 488 1031 :
538 979 756 1047 mqualis
802 978 1006 1033 homini
1049 979 1139 1033 fio.
1183 980 1310 1036 Ideo
1349 981 1423 1036 ait
1451 982 1650 1036 Paulus
1685 1001 1697 1037 :
1733 982 1803 1036 Et

193 1069 367 1122 habitu
405 1069 727 1122 inventus-ut
764 1069 913 1123 homo
947 1070 965 1140 (
992 1068 1226 1140 Philipp.
1254 1069 1308 1124 2.
1338 1072 1368 1125 7
1399 1074 1440 1143 ).
1471 1072 1798 1127 Desiderasti

190 1176 314 1217 esse
342 1156 505 1225 Deus,
536 1176 708 1232 neque
735 1160 857 1216 ideo
885 1162 1190 1233 indignatus
1220 1179 1334 1218 sum
1369 1180 1383 1217 :
1414 1164 1535 1219 volo
1571 1166 1714 1219 enim
1749 1173 1799 1220 te

189 1254 556 1322 aequalitatem
602 1268 723 1307 cum
770 1254 880 1308 Deo
919 1255 1303 1324 concupiscere
1332 1272 1346 1321 ;
1377 1256 1472 1311 sed
1512 1257 1631 1311 ideo
1655 1258 1796 1311 indi-

187 1354 379 1413 gnatus
403 1358 553 1407 sum,
583 1343 720 1413 quod
755 1353 949 1413 praeter
976 1344 1186 1400 Domini
1214 1349 1531 1402 sententiam
1560 1364 1680 1403 eam
1711 1350 1795 1403 di-

188 1436 447 1504 gnitatem
481 1450 669 1504 rapere
700 1433 954 1490 volueris.
989 1435 1217 1491 Voluisti
1244 1437 1376 1492 deus
1406 1439 1544 1505 ﬁeri,
1579 1455 1680 1494 nee
1701 1455 1797 1509 po-

188 1531 335 1586 tuisti
372 1548 387 1597 ;
416 1529 580 1584 homo
606 1527 675 1584 fio
694 1570 714 1596 ,
754 1537 809 1584 et
837 1529 981 1600 quod
1014 1529 1345 1599 impossibile
1371 1542 1508 1598 erat,
1537 1534 1794 1603 possibile

186 1624 375 1679 reddo.
406 1622 563 1691 Quod
607 1631 787 1677 autem
834 1637 901 1677 ex
937 1621 1206 1678 desiderio
1247 1623 1312 1677 ad
1354 1624 1459 1679 hoc
1484 1626 1789 1693 accederet,

185 1717 298 1786 ipse
329 1717 654 1771 testificatur
680 1714 763 1770 his
791 1714 970 1770 verbis
1000 1734 1018 1770 :
1044 1730 1165 1771 cum
1206 1716 1323 1787 ipse
1353 1716 1548 1787 pascha
1581 1719 1789 1786 ederet,

183 1809 297 1878 ipse
327 1808 487 1863 alens
510 1822 633 1862 cum
660 1806 724 1862 iis
763 1807 852 1877 qui
881 1805 1185 1869 alebantur,
1231 1823 1352 1862 cum
1392 1822 1578 1862 mensa
1621 1824 1792 1879 appo-

183 1902 283 1954 sita
306 1900 382 1954 illi
409 1908 554 1972 esset
575 1940 588 1965 ,
622 1897 710 1967 qui
740 1897 835 1951 alit
866 1898 1177 1954 universum
1209 1900 1432 1963 orbem,
1465 1901 1636 1969 inquit
1657 1916 1792 1971 apo-

181 1992 332 2047 stolis
366 2010 379 2046 :
412 1989 674 2045 Desiderio
702 1989 989 2044 desideraui
1017 1992 1113 2045 hoc
1138 1993 1329 2063 pascha
1366 1995 1677 2047 manducare
1707 2010 1792 2048 ra-

183 2085 377 2138 biscum
405 2081 557 2156 (Luc.
597 2080 688 2137 22.
724 2081 838 2152 15).
869 2080 1007 2137 Num
1037 2083 1181 2137 illam
1214 2098 1336 2137 eum
1370 2084 1479 2139 Deo
1509 2084 1789 2155 aequalita-

182 2186 287 2233 tem
318 2176 487 2231 invidi
515 2175 609 2231 tibi
633 2175 657 2229 1
677 2174 757 2230 Tu
789 2190 907 2230 mea
938 2189 1197 2245 usurpare
1228 2176 1441 2232 voluisti
1468 2221 1484 2247 ,
1513 2193 1636 2233 cum
1680 2196 1786 2235 non

182 2256 366 2339 posses
392 2286 406 2335 ;
438 2282 541 2339 ego
569 2278 655 2323 tua
673 2282 912 2333 assumo,
936 2270 1077 2339 quod
1102 2283 1232 2324 sane
1263 2286 1499 2339 possum.
1531 2272 1783 2328 Animum

178 2361 392 2415 adhibe.
431 2359 717 2414 Descendit
744 2359 811 2414 ad
839 2374 1123 2431 vesperam
1148 2402 1161 2427 ,
1192 2370 1247 2417 et
1278 2362 1409 2417 dicit
1442 2382 1454 2417 :
1483 2364 1671 2431 Adam,
1703 2366 1787 2420 ubi

176 2470 228 2510 ιε
258 2452 408 2527 (Cen.
440 2453 493 2507 3.
529 2451 583 2521 9)
608 2452 634 2506 τ

249 2566 303 2621 6.
337 2566 467 2620 litae
512 2562 693 2619 affinia
735 2572 862 2619 sunt
889 2580 903 2619 :
930 2566 1090 2620 unius
1133 2566 1276 2622 enim
1309 2567 1407 2623 Dei
1437 2578 1562 2623 sunt
1589 2580 1643 2625 et
1670 2570 1785 2627 haec

174 2669 229 2715 et
251 2659 362 2713 illa.
393 2657 662 2728 Numquid
688 2657 831 2712 enim
862 2657 1001 2713 alius
1026 2658 1093 2712 ad
1124 2660 1424 2729 passionem
1454 2663 1619 2727 venit,
1647 2664 1784 2719 alius

174 2748 458 2807 descendit
498 2748 549 2802 in
582 2746 934 2817 paradisum?
963 2747 1261 2803 Abscondit
1289 2764 1382 2815 se,
1414 2754 1602 2817 sensit,
1632 2764 1782 2823 post-

172 2857 334 2913 quam
365 2839 699 2896 comederat.
735 2839 911 2909 Aperti
954 2847 1070 2892 sunt
1115 2840 1257 2894 enim
1306 2858 1483 2895 eorum
1526 2846 1693 2910 oculi,
1740 2855 1784 2899 et

173 2940 517 3006 cognoverunt
561 2947 614 2985 se
643 2929 809 2984 nudos
838 2946 947 2985 esse
988 2928 1142 3003 (Gen.
1174 2931 1227 2986 5.
1263 2932 1340 3001 7).
1376 2931 1508 3000 Quia
1539 2933 1783 2989 diabolus

172 3025 423 3090 dixerat,
462 3022 577 3089 Qua
604 3021 685 3075 die
714 3020 1034 3075 comedet-itis
1053 3062 1067 3087 ,
1101 3022 1393 3093 aperientur
1435 3025 1570 3078 oculi
1600 3027 1783 3083 vestri:

172 3131 321 3182 ecce,
347 3114 541 3185 inquit,
560 3127 685 3167 vera
702 3110 835 3166 dixit
855 3120 1090 3167 satanas.
1109 3112 1275 3167 Paulo
1291 3115 1541 3169 convenit
1561 3115 1742 3173 dicere
1764 3135 1778 3172 :

171 3205 296 3261 Non
323 3206 459 3260 enim
475 3206 589 3273 ejus
609 3203 820 3257 consilia
835 3201 1220 3273 ignoramusﬁ.
1238 3201 1428 3258 Cor.2.
1446 3206 1559 3277 11).
1575 3206 1783 3263 Norunt

170 3299 343 3354 sancti
376 3296 578 3351 diaboli
610 3293 909 3350 machinas.
948 3291 1085 3349 Vide
1112 3294 1393 3349 malitiam.
1426 3296 1581 3353 Unde
1625 3311 1783 3356 norat

172 3390 440 3452 diabolus,
472 3387 587 3443 fore
612 3394 691 3452 ut,
718 3394 997 3456 postquam
1024 3385 1409 3452 comedissent,
1443 3390 1781 3459 aperirentur

170 3497 356 3538 eorum
389 3477 577 3535 oculi?
607 3493 733 3532 num
762 3479 888 3532 caeci
916 3477 1105 3533 erant?
1135 3479 1270 3534 Dicit
1296 3479 1594 3550 Scriptura,
1625 3493 1780 3538 ante-

172 3587 332 3643 quam
365 3570 444 3625 illi
486 3568 836 3624 comederent
865 3567 933 3623 de
961 3569 1194 3624 arbore:
1233 3569 1370 3624 Vidit
1410 3573 1594 3627 mulier
1624 3573 1779 3627 arbo-

172 3682 295 3721 rem.
328 3664 449 3719 Non
484 3677 612 3734 ergo
652 3676 792 3717 caeca
838 3669 972 3716 erat.
1013 3660 1185 3728 Vidit,
1232 3664 1423 3735 inquit,
1465 3668 1647 3723 mulier
1689 3685 1779 3721 ar-

171 3758 337 3813 borem
359 3800 373 3823 ,
404 3755 542 3827 quod
570 3762 777 3826 aspectu
805 3753 1021 3825 pulchra
1067 3764 1193 3809 esset
1220 3753 1374 3826 (Gen.
1406 3758 1458 3812 5.
1490 3758 1567 3829 6).
1599 3758 1781 3815 Primo

171 3853 336 3918 vidit,
388 3850 585 3905 deinde
633 3847 887 3904 comedit.
934 3848 1216 3916 Quomodo
1248 3850 1408 3920 igitur
1450 3855 1620 3923 aperti
1654 3864 1781 3909 sunt

171 3957 357 3997 eorum
389 3939 568 3995 oculi?
599 3938 850 4004 Attende,
884 3952 1103 4007 quaeso;
1152 3939 1237 3992 hic
1261 3942 1403 3994 enim
1428 3945 1653 4011 quiestio
1679 3945 1778 3997 sita

170 4042 270 4088 est.
316 4031 575 4087 Diabolus
624 4029 694 4084 de
738 4043 965 4085 numero
993 4044 1179 4083 eorum
1216 4038 1368 4097 erat,
1399 4036 1488 4102 qui
1521 4033 1654 4103 lapsi
1684 4050 1779 4090 seu

172 4124 499 4196 transgressi
547 4123 787 4189 fuerant;
838 4131 1172 4192 noveratque
1217 4123 1345 4194 quid
1395 4140 1585 4194 passus
1636 4136 1783 4182 esset

172 4230 292 4288 post
314 4214 820 4285 transgressionem,
849 4213 1083 4285 quidque
1110 4215 1197 4269 alii
1230 4226 1657 4285 transgressores
1685 4232 1777 4288 pa-

174 4318 441 4365 terentur.
473 4304 789 4361 Communis
829 4316 1006 4361 autem
1042 4306 1293 4360 omnibus
1323 4316 1407 4361 est
1436 4308 1551 4362 haec
1578 4312 1775 4378 passio.

169 4404 302 4458 Nam
336 4400 605 4469 hodieque
630 4413 751 4453 cum
787 4410 1072 4467 peccamus
1093 4439 1109 4464 ,
1140 4398 1281 4451 velut
1308 4401 1431 4452 caeci
1462 4415 1776 4468 peccamus:

173 4503 294 4564 post
327 4502 610 4563 peccatum
658 4497 784 4544 tunc
827 4487 1070 4542 videmus
1102 4487 1229 4558 quid
1278 4487 1583 4543 fecerimus.
1620 4491 1780 4546 Verbi

171 4600 357 4648 causa,
390 4583 433 4637 si
466 4582 585 4652 quis
626 4588 925 4643 accusetur,
957 4578 1066 4632 Cur
1096 4577 1198 4631 hoc
1232 4577 1441 4633 fecisti?
1471 4581 1515 4633 is
1542 4585 1781 4636 necessi-

175 4688 340 4732 tatem
395 4670 871 4745 practenditzVere
919 4685 1023 4725 non
1072 4670 1319 4725 videbam
1355 4672 1477 4741 quid
1516 4674 1779 4741 facerem;

174 4785 281 4823 non
310 4765 456 4836 quod
474 4778 648 4818 etecus
671 4771 836 4824 esset,
857 4762 949 4816 sed
971 4762 1110 4832 quod
1136 4763 1276 4817 inter
1296 4763 1623 4832 peccandum
1648 4766 1783 4821 ratio

172 4859 595 4918 obtenebretur,
630 4854 755 4908 dum
799 4862 941 4907 totus
985 4855 1122 4909 actui
1168 4856 1522 4915 incumberet.
1568 4858 1619 4910 in
1668 4858 1784 4927 ipso

175 4962 358 5008 autem
393 4964 559 5021 opere
603 4956 925 5002 excmcatur.
974 4945 1165 5000 Postea
1215 4962 1342 5001 vero
1372 4948 1424 5001 in
1456 4950 1783 5003 conscientia

172 5047 321 5100 videt
360 5041 489 5113 quid
534 5040 740 5097 fecerit.
789 5038 1033 5111 Exempli
1082 5053 1241 5093 causa
1276 5058 1287 5092 :
1320 5040 1615 5110 ingreditur
1664 5042 1785 5112 quis

173 5138 405 5191 domum
430 5142 486 5187 ut
516 5132 754 5196 foretur,
797 5141 855 5185 ut
900 5144 1076 5185 creetis
1119 5132 1313 5194 intrat;
1361 5147 1467 5186 non
1495 5134 1692 5202 cogitat
1718 5133 1785 5188 de

174 5228 267 5282 illo
290 5266 304 5290 ,
339 5225 430 5295 qui
462 5224 672 5278 obviam
703 5222 911 5278 futurus
936 5232 1052 5289 est,
1081 5222 1150 5276 de
1175 5236 1240 5276 eo
1266 5223 1353 5291 qui
1384 5225 1749 5292 apprehendet
1768 5268 1781 5291 ,

175 5333 285 5373 non
327 5316 396 5371 de
441 5314 681 5384 judicum
731 5323 895 5380 metu,
943 5314 1009 5368 de
1053 5314 1397 5383 impendente
1445 5318 1683 5385 periculo
1715 5337 1727 5373 :
1756 5334 1783 5373 a

176 5412 369 5467 morbo
398 5422 630 5478 namque
667 5407 831 5461 animi
873 5419 1173 5463 excmcatus
1200 5416 1301 5463 est.
1335 5408 1469 5463 Cum
1511 5410 1784 5480 ingressus

179 5503 361 5568 fuerit,
390 5516 513 5555 cum
542 5498 837 5568 abripuerit
864 5539 879 5563 ,
911 5512 1031 5552 eum
1076 5498 1281 5553 furatus
1310 5514 1560 5569 egressus
1590 5500 1784 5568 fuerit,

181 5595 399 5651 nemine
432 5601 726 5663 prtesente,
758 5600 903 5644 metu
932 5590 1167 5659 repletur
1188 5634 1200 5657 ,
1236 5594 1397 5646 sentit
1419 5593 1544 5662 quid
1575 5593 1785 5661 fecerit,

178 5689 479 5758 anxiusque
506 5686 723 5756 cogitat,
752 5684 796 5738 si
825 5683 1137 5754 perquisitio
1165 5681 1339 5737 futura
1368 5686 1455 5751 sit,
1488 5686 1789 5756 deprehen-

184 5794 343 5835 suros
371 5792 493 5833 esse
521 5777 642 5847 quis
670 5775 877 5830 facinus
921 5775 1261 5845 perpetrarit.
1296 5775 1424 5841 Quae
1449 5777 1587 5833 inter
1622 5793 1791 5847 agen-

183 5875 311 5930 dum
343 5888 453 5929 non
481 5886 661 5927 secum
694 5868 1013 5942 reputabat,
1047 5875 1167 5937 post
1196 5884 1309 5925 rem
1337 5881 1541 5941 gestam
1567 5873 1784 5943 cogitat.

1651 420 2019 478 SEVERIANI

3406 446 3520 503 492

1916 534 2075 591 Verbi
2103 535 2293 605 gratia,
2325 535 2413 605 qui
2441 537 2759 601 mmchatur,
2788 537 2839 592 in
2872 539 3211 610 alienumque
3242 550 3416 596 torum
3445 559 3503 601 se

1913 628 2103 697 injicit,
2139 629 2302 683 intrat
2322 669 2338 693 ,
2368 644 2468 685 nec
2492 632 2690 702 cogitat
2718 648 2840 688 esse
2870 633 3016 703 leges
3036 674 3049 697 ,
3082 634 3385 701 tribunalia,
3419 650 3515 691 ac-

1911 728 2188 774 cusatores
2209 761 2226 785 ,
2256 719 2463 791 gladios
2492 731 2677 777 acutos
2699 740 2712 774 :
2733 732 2788 777 at
2818 740 2877 780 re
2908 735 3119 794 peracta
3141 768 3155 790 ,
3200 728 3385 789 timet,
3418 741 3502 782 su-

1909 818 2120 878 Spectos
2150 810 2309 865 habet
2333 825 2569 879 servum,
2604 813 2878 881 ancillam,
2914 817 3170 882 vicinum,
3201 827 3507 887 cognatum,

1908 915 2135 969 quaeque
2162 901 2299 956 inter
2319 903 2583 972 agendum
2611 920 2714 958 non
2738 906 3024 975 cogitabat,
3050 906 3279 963 advertit
3304 918 3506 977 postea.

1909 990 2112 1046 Rursus
2147 992 2401 1048 admonet
2439 995 2557 1065 quis
2587 996 2752 1050 alium
2794 1005 2850 1050 ut
2881 998 3149 1052 abstineat
3180 1014 3209 1053 a
3239 1000 3393 1054 malis
3414 1041 3428 1064 ,
3463 1000 3509 1055 si

1906 1097 2111 1139 morem
2141 1101 2247 1140 non
2276 1088 2525 1157 gesserit,
2554 1088 2693 1143 solet
2729 1089 2776 1144 ei
2808 1089 2989 1146 dicere
3011 1107 3023 1143 :
3044 1089 3251 1160 Saepius
3279 1091 3386 1145 dixi
3418 1092 3506 1158 ei,

1905 1188 1960 1233 et
1984 1194 2088 1233 non
2118 1180 2354 1243 audivit;
2387 1198 2492 1236 non
2520 1182 2661 1252 quod
2695 1197 2798 1237 non
2828 1183 3078 1250 audierit,
3108 1185 3201 1239 sed
3228 1184 3367 1254 quod
3398 1200 3505 1239 non

1904 1269 2310 1341 obtemperarit.
2342 1272 2477 1327 Tum
2510 1273 2795 1344 inlligendo
2822 1274 3005 1345 plagas
3030 1276 3106 1329 ait
3132 1294 3144 1330 :
3170 1276 3347 1331 Deceo
3371 1284 3427 1329 te
3446 1285 3504 1330 ut

1902 1359 2123 1427 audias;
2154 1377 2261 1416 non
2286 1364 2427 1433 quod
2455 1364 2693 1419 auditum
2725 1365 2797 1419 illi
2820 1367 3039 1432 tribuat,
3066 1368 3160 1423 sed
3182 1367 3322 1437 quod
3349 1368 3499 1437 plaga

1900 1451 2153 1506 emendet
2199 1467 2629 1525 prmoceupatum
2679 1457 2956 1522 animum,
3001 1468 3056 1512 et
3100 1458 3167 1513 ad
3220 1459 3499 1513 meliorem

1899 1541 2104 1614 frugem
2147 1545 2389 1601 reducat.
2432 1546 2521 1603 Sic
2563 1557 2615 1602 et
2648 1548 2948 1618 propheta:
2978 1548 3261 1619 Disciplina
3291 1549 3503 1604 Domini

1898 1639 2060 1708 operit
2101 1638 2227 1691 mihi
2268 1655 2417 1693 aures
2456 1637 2609 1709 (Isai.
2655 1638 2745 1694 50.
2789 1640 2868 1709 5).
2912 1640 3047 1707 Quia
3088 1657 3217 1711 ergo
3240 1641 3490 1698 diabolus

1898 1730 2173 1785 exciderat
2205 1729 2331 1799 (non
2360 1731 2504 1786 enim
2532 1730 2831 1801 argumenti
2859 1731 3056 1786 oblitus
3087 1733 3247 1803 sum),
3279 1742 3502 1788 noverat

1900 1820 1985 1875 ubi
2012 1831 2167 1884 erat,
2208 1828 2489 1891 postquam
2516 1820 2736 1887 excidit,
2778 1830 3012 1891 tuncque
3040 1822 3091 1876 in
3121 1836 3338 1879 sensum
3367 1821 3501 1877 facio

1899 1912 2044 1967 noris
2070 1912 2151 1967 sui
2183 1913 2347 1968 venit.
2382 1913 2651 1969 Didicerat
2677 1928 2805 1985 ergo
2835 1930 2899 1968 ex
2933 1915 2997 1968 iis
3027 1929 3252 1984 quorum
3287 1914 3499 1983 pericu-

1896 2005 2003 2059 lum
2036 2003 2274 2074 fecerat,
2306 2006 2518 2077 aitque,
2551 2004 2614 2062 Si
2641 2006 2987 2074 comederitis,
3032 2007 3320 2074 aperientur
3365 2006 3505 2059 oculi

1894 2100 2074 2165 vestri;
2104 2112 2331 2170 nempe,
2365 2108 2423 2154 ut
2462 2100 2567 2154 mei
2608 2099 2777 2169 aperti
2811 2109 2934 2154 sunt
2966 2117 2979 2153 :
3007 2114 3073 2155 ex
3102 2114 3207 2168 quo
3232 2099 3501 2169 peccavi,

1894 2193 2017 2245 novi
2064 2192 2191 2264 quid
2235 2206 2424 2262 passus
2455 2192 2591 2254 sim,
2638 2192 2762 2246 novi
2802 2191 2929 2261 quid
2964 2192 3255 2246 amiserim.
3301 2190 3500 2244 Deinde

1893 2284 2238 2349 comederunt,
2266 2294 2311 2338 et
2335 2285 2501 2355 aperti
2525 2294 2641 2339 sunt
2670 2285 2804 2339 oculi
2824 2301 3018 2349 eorum,
3040 2293 3084 2338 et
3107 2284 3335 2337 viderunt
3359 2283 3496 2353 quod

1892 2374 2021 2427 nudi
2048 2384 2233 2429 essent.
2268 2376 2407 2431 Ante
2446 2374 2589 2430 enim
2633 2374 2760 2430 nudi
2807 2384 2960 2431 erant
2988 2384 3042 2428 et
3073 2388 3178 2429 non
3210 2375 3496 2429 erubesce-

1896 2465 2046 2520 bant.
2080 2465 2357 2522 Exncrant
2401 2466 2893 2530 immortalitatem,
2945 2465 3155 2521 sublata
3200 2476 3313 2519 erat
3357 2466 3495 2520 stola

1890 2557 2110 2629 glorim,
2153 2558 2408 2613 nudatum
2446 2572 2644 2628 corpus
2686 2557 2889 2624 fuerat,
2934 2566 2988 2612 et
3030 2557 3198 2610 lutum
3242 2555 3495 2623 deinceps

1888 2660 2025 2706 erat.
2072 2649 2265 2706 Statim
2316 2651 2542 2705 scaturit
2582 2648 2859 2705 inventum
2911 2648 3128 2703 artium.
3182 2648 3285 2699 Ars
3323 2646 3495 2715 prima

1889 2740 2081 2795 Adami
2122 2742 2352 2796 sartoria
2392 2740 2511 2795 fuit.
2562 2743 2700 2795 Ante
2725 2754 2943 2796 onmem
2972 2747 3144 2794 artem
3174 2738 3401 2807 sumpsit
3427 2737 3493 2791 fl-

1890 2833 2096 2887 culneze
2125 2831 2269 2898 folia,
2302 2842 2355 2888 et
2401 2833 2630 2887 censuit.
2664 2832 2796 2899 Quis
2826 2830 3046 2886 docuit?
3073 2830 3191 2901 quis
3221 2838 3493 2884 monstra-

1888 2924 1999 2977 vit?
2022 2922 2198 2980 Semel
2229 2941 2260 2979 a
2292 2925 2401 2980 Deo
2423 2925 2697 2980 solertiam
2718 2932 3018 2993 acceperat.
3044 2923 3218 2993 imago
3238 2932 3353 2976 erat
3372 2921 3489 2986 Dei,

1887 3023 1942 3068 et
1969 3014 2035 3069 de
2063 3015 2286 3069 scientia
2314 3014 2526 3070 dubitas
2550 3015 2573 3068 ?
2595 3016 2726 3068 Cum
2756 3021 2929 3068 tecum
2959 3013 3313 3082 reputaveris,
3349 3010 3491 3066 unde

1887 3106 2119 3174 primum
2165 3105 2327 3160 homo
2357 3114 2592 3161 aratrum
2624 3105 2845 3171 fecerit,
2879 3104 2998 3176 quis
3029 3105 3229 3175 lignum
3261 3114 3448 3173 aptare
3471 3144 3486 3168 ,

1888 3209 1944 3254 et
1971 3200 2021 3253 in
2051 3198 2230 3254 medio
2259 3198 2457 3255 ferrum
2488 3200 2727 3255 inserere
2760 3208 2815 3255 et
2850 3198 3183 3269 adstringere
3212 3198 3486 3262 docuerit,

1880 3289 2067 3359 jugum
2114 3289 2287 3345 bobus
2331 3290 2641 3360 imponere;
2692 3289 2832 3345 unde
2876 3290 3070 3344 mulier
3098 3288 3341 3342 texendae
3370 3287 3490 3343 telte

1884 3390 2055 3435 artem
2082 3382 2380 3447 invenerit,
2412 3382 2657 3437 sumendi
2689 3381 2859 3435 vellus
2882 3423 2895 3446 ,
2927 3380 3172 3444 lavandi,
3202 3378 3446 3448 pectendi
3470 3418 3486 3444 ,

1886 3470 2047 3525 nendi
2070 3512 2083 3536 ,
2115 3471 2363 3542 copulata
2394 3470 2648 3526 tenuandi
2672 3512 2688 3538 ,
2722 3485 3015 3540 rursusque
3044 3470 3289 3524 nectcndi
3315 3468 3490 3524 :unde

1886 3561 2029 3616 hoc?
2082 3561 2213 3628 Quis
2275 3560 2678 3633 phrygionieam
2735 3559 3056 3632 phrygiones
3108 3559 3322 3615 docuit?
3375 3559 3491 3615 Stat

1891 3654 2179 3708 textorium
2228 3654 2678 3721 instrumentum,
2728 3669 2891 3708 unum
2934 3663 3017 3708 est
3050 3653 3192 3724 quod
3224 3654 3486 3707 mittitur:

1887 3762 1993 3801 non
2024 3761 2213 3801 manus
2240 3748 2404 3803 efficit
2424 3789 2438 3813 ,
2487 3748 2582 3801 sed
2614 3748 2751 3802 ratio
2778 3757 3034 3817 operatur
3058 3788 3073 3811 ,
3120 3748 3257 3801 ratio
3287 3745 3491 3801 formas

1886 3837 2142 3892 absolvit.
2190 3836 2399 3892 Artifex
2445 3853 2636 3893 manus
2683 3852 2788 3892 non
2836 3837 3026 3907 injicit,
3076 3836 3317 3907 artisque
3353 3837 3493 3891 ratio

1885 3932 2265 3986 vestimentum
2298 3931 2493 3985 format
2515 3973 2529 3995 ,
2562 3942 2617 3986 et
2644 3931 2694 3984 in
2728 3931 2939 3999 figuris,
2968 3946 3088 4001 qua:
3115 3930 3287 3984 oculis
3317 3930 3490 3999 perci-

1888 4027 2123 4094 piuntur,
2156 4025 2422 4079 excitatur
2447 4024 2667 4079 artificis
2695 4023 2960 4077 voluntas.
2990 4022 3107 4077 Jam
3134 4022 3358 4093 phrygio
3384 4036 3490 4076 non

1888 4128 2071 4172 movet
2102 4131 2295 4171 manus
2318 4157 2334 4182 ,
2374 4124 2429 4170 et
2458 4115 2657 4170 formas
2686 4117 2898 4170 excitat.
2936 4115 2992 4171 Si
3020 4125 3197 4169 autem
3225 4113 3486 4178 audieris,

1892 4210 2057 4263 Deum
2105 4207 2352 4279 operari,
2405 4218 2631 4277 putasne
2680 4208 2853 4277 ipsum
2905 4220 3125 4261 movere
3169 4220 3384 4259 manum
3437 4212 3492 4258 ut

1888 4298 2181 4370 npcrctur?
2224 4307 2279 4353 et
2323 4298 2365 4352 si
2413 4314 2629 4354 omnem
2682 4308 2852 4352 artem
2902 4310 3170 4365 omneque
3217 4296 3488 4349 inventum

1887 4392 2225 4461 exquisieris,
2254 4391 2583 4462 dixerisque,
2608 4389 2889 4456 Quomodo
2916 4386 3018 4442 hoc
3044 4396 3097 4440 et
3119 4387 3247 4441 illud
3277 4387 3486 4441 invene-

1889 4481 2046 4535 runt?
2077 4481 2393 4536 recordatus
2417 4484 2603 4549 primae
2625 4480 2772 4534 vocis
2795 4493 2898 4549 qua
2924 4478 3126 4533 dictum
3156 4479 3274 4545 fuit,
3299 4477 3489 4532 Facia-

1890 4589 2002 4626 mus
2034 4573 2286 4626 hominem
2315 4572 2384 4625 ad
2410 4572 2681 4641 imaginem
2707 4582 2954 4636 nostram,
2986 4570 3153 4626 habes
3180 4570 3489 4641 quaestionis

1890 4664 2233 4719 solutionem.
2260 4664 2352 4718 Dei
2378 4664 2550 4733 imago
2569 4672 2677 4722 est.
2701 4671 2870 4715 etnon
2893 4662 3174 4732 intelligit?
3200 4662 3293 4717 Dei
3318 4662 3492 4731 imago

1891 4770 2006 4822 est,
2059 4766 2113 4811 et
2156 4772 2261 4811 non
2310 4756 2545 4811 imitatur
2574 4755 2897 4809 Dominum?
2927 4755 3135 4808 Consuit
3162 4754 3288 4824 folia
3326 4754 3471 4822 ﬁcus.

1962 4850 2013 4902 7.
2033 4846 2221 4902 Contra
2249 4864 2332 4901 eos
2361 4848 2446 4919 qui
2472 4846 2703 4901 dicebant
2734 4845 3031 4915 paradisum
3054 4848 3105 4898 in
3128 4848 3253 4899 ccelo
3271 4862 3397 4899 esse.
3422 4873 3492 4884 --

1895 4940 2232 4995 Erubescant
2263 4942 2350 5011 qui
2379 4939 2671 5010 allegorice
2704 4940 3124 5009 interpretantes
3151 4938 3363 5005 dicunt,
3398 4952 3493 5007 pa-

1893 5033 2132 5087 radisum
2170 5034 2220 5087 in
2254 5034 2388 5088 caelo
2431 5041 2485 5087 et
2525 5032 2860 5102 Spiritualem
2913 5045 3054 5086 esse.
3112 5031 3171 5086 In
3198 5031 3330 5085 caelo
3368 5029 3493 5099 quid

1897 5126 2022 5181 facit
2079 5128 2244 5181 licus?
2289 5127 2484 5182 Venno
2535 5126 2605 5180 sit
2653 5128 2705 5179 in
2736 5126 2868 5180 caelo
2913 5125 3196 5197 paradisus
3230 5142 3242 5177 :
3276 5124 3495 5178 flumina

1896 5220 2039 5275 unde
2068 5220 2301 5278 exeunt?
2334 5236 2511 5275 nonne
2541 5235 2606 5275 ex
2639 5221 2823 5273 terra?
2849 5218 2904 5273 Si
2953 5218 3237 5287 paradisus
3282 5231 3495 5269 surstuu

1894 5326 1995 5380 est,
2036 5314 2177 5369 haud
2217 5314 2380 5370 dubie
2422 5315 2640 5368 llutnina
2702 5313 2767 5367 de
2807 5313 3054 5383 supernis
3107 5312 3295 5366 ﬂuunt.
3356 5307 3493 5363 Num

1896 5406 2026 5461 dicit
2047 5406 2325 5477 Scriptura
2362 5424 2374 5461 :
2410 5407 2631 5462 Flavius
2662 5406 2941 5460 descendit
2967 5421 3030 5459 ex
3060 5403 3267 5457 Edent?
3295 5401 3497 5457 Atvide

1897 5499 2193 5568 50phisma.
2242 5498 2474 5553 lrrident
2507 5514 2603 5553 nos
2658 5498 2732 5552 illi
2791 5498 3172 5568 allegoriarum
3226 5503 3495 5548 auctores.

1899 5592 2081 5647 Induit
2107 5610 2211 5658 eos,
2234 5584 2427 5661 inquit,
2448 5591 2588 5646 Deus
2612 5593 2809 5646 tunicas
2844 5592 3079 5661 pelliceas
3110 5586 3266 5655 (Cen.
3302 5588 3355 5641 5.
3381 5586 3498 5652 21).

1898 5684 2035 5741 Num
2066 5686 2232 5738 hows
2258 5694 2311 5737 et
2343 5698 2471 5737 oves
2507 5684 2768 5738 mactavit
2794 5726 2808 5747 ,
2839 5682 3158 5752 aperuitque
3180 5678 3391 5731 coriarii
3422 5680 3494 5732 of-

1900 5777 2137 5841 licinam,
2174 5791 2235 5831 ac
2261 5777 2477 5831 coriarii
2510 5787 2683 5832 artem
2712 5775 2858 5847 egit?
2890 5772 3301 5841 Respondemus
3349 5787 3447 5825 nos
3472 5813 3486 5833 ,

1905 5878 2071 5927 totum
2101 5868 2297 5925 animal
2344 5868 2594 5939 produxit
2621 5869 2767 5925 nullo
2794 5878 3087 5936 congressu
3112 5906 3125 5930 ,
3157 5864 3299 5919 nulla
3330 5877 3499 5937 capu-
