3984 6442
518 471 633 528 493

525 570 791 645 μετέϐαλε
836 569 930 625 16v
961 567 1149 621 Νεῖλον
1181 569 1261 631 είς
1284 565 1458 638 αἷμα,
1507 569 1637 621 ποῖα
1675 566 1835 619 ἔθυσε
1866 563 1999 629 ζῶα.
2045 565 2103 618 ὐ

521 652 765 724 ποταμὸς
807 652 1029 722 γέγονεν
1055 648 1220 723 αἷμα,
1264 653 1358 707 καὶ
1387 651 1538 705 οὐδὲν
1580 649 1745 720 ἐτύθη
1780 648 1948 712 ζῶον·
1976 647 2102 718 δέρ-

523 754 672 811 ματα
689 735 781 789 δύο
808 735 1015 803 γέγονε,
1052 738 1143 788 καὶ
1163 736 1317 803 ζητεῖ
1346 734 1454 787 61:6
1478 734 1646 786 ποίων
1680 732 1835 796 ζώων
1861 730 2099 799 ἐγένετο.

533 818 693 872 Ἀλλά
732 819 893 871 κάκεῖ
918 818 1074 880 ἐκτὸς
1115 817 1255 881 ζώου
1286 816 1480 885 δέρμα.
1512 816 1753 885 Πρόσεχε
1783 816 1848 884 τῇ
1877 812 2101 866 ἀκολου-

521 901 643 972 θία,
676 903 725 954 εί
764 901 858 954 καὶ
887 902 920 971 ή
946 899 1101 970 φωνὴ
1131 899 1303 970 ἔκαμε
1324 939 1338 962 ,
1379 900 1473 953 καὶ
1501 901 1680 969 ἡμεῖς.
1726 896 1864 948 Ἀλλ’
1897 897 1985 948 ῖνα
2022 896 2101 964 μὴ

519 981 944 1052 ἀκρωτηριασθῇ
974 983 1004 1033 6
1033 981 1221 1050 λόγος,
1265 979 1417 1049 ὀλίγα
1464 980 1646 1049 ἠρέμα
1675 975 1911 1047 εἰρηκὼς
1944 992 2104 1028 κατα-

519 1065 715 1117 παύσω
737 1063 827 1116 16v
854 1064 1031 1132 λόγον.
1062 1066 1327 1133 "lippa-56's
1349 1064 1553 1132 φύλλα
1569 1059 1788 1127 συκῆς.
1822 1059 1947 1112 Εἴθε
1967 1057 2099 1110 ταύ-

516 1163 617 1216 την
660 1145 758 1216 τὴν
806 1147 1000 1216 τέχνην
1048 1146 1249 1216 ἔμαθον
1295 1144 1593 1215 αίρετικοίί
1645 1143 1815 1213 Ἀδὰμ
1848 1141 2102 1214 παραϐάς

518 1228 745 1297 ῥάπτειν
773 1227 974 1298 ἔμαθεν
995 1245 1007 1255 '
1035 1229 1300 1300 αἱρετικοὶ
1332 1226 1697 1298 ἐκτραπέντες
1725 1225 1928 1294 σχίζειν
1965 1222 2103 1293 ἔμα-

520 1312 632 1365 θον.
686 1312 855 1383 Ἀδὰμ
884 1312 1140 1377 παραϐὰς
1164 1312 1425 1384 ἔρραψεν.
1452 1311 1537 1363 ἵνα
1566 1307 1816 1379 σκεπάσῃ
1837 1308 1897 1359 16
1925 1306 2099 1376 ἀσχη-

519 1410 649 1465 μον’
686 1396 956 1466 αίρετικοὶ
982 1396 1375 1458 πιστεύσαντες
1400 1394 1419 1467 [
1444 1395 1484 1462 1³.
1515 1389 1953 1463 ἀπιστήσαντες]
1992 1388 2103 1458 σχί-

515 1477 718 1542 ζουσιν,
754 1479 839 1530 ἵνα
871 1476 1202 1548 γυμνώσωσι
1231 1478 1300 1530 τά
1333 1479 1485 1545 ἆγια.
1526 1475 1795 1538 Πολλάκις
1825 1473 2101 1542 ἀκούομεν

512 1561 585 1610 τά
614 1559 708 1613 ἐπὶ
740 1560 831 1613 τοῦ
863 1561 1120 1631 σταυροῦ.
1144 1562 1237 1613 καὶ
1267 1560 1620 1629 θαυμάζομεν
1654 1558 1734 1610 ὅτι
1772 1555 2099 1628 στρατιῶται

513 1641 705 1696 ἔλαϐον
738 1643 833 1697 τοῦ
868 1644 1105 1715 Χριστοῦ
1139 1645 1206 1697 τά
1238 1643 1462 1713 ἱμάτια,
1497 1643 1591 1695 καὶ
1623 1642 1980 1713 ἐμερίσαντο,
2006 1640 2101 1692 καὶ

514 1725 717 1789 εὐθέως
751 1726 907 1797 ἡμῶν
933 1728 966 1797 ἡ
988 1726 1199 1780 διάνοια
1229 1726 1377 1793 λέγει
1402 1745 1414 1757 ·
1453 1725 1631 1796 Πολλὴ
1661 1724 1806 1797 ήτοῦ
1829 1723 1964 1777 Θεοῦ
1994 1740 2091 1793 μα-

514 1808 812 1878 κροθυμία,
842 1808 916 1879 μὴ
942 1809 1222 1862 κατελθεῖν
1249 1808 1532 1878 κεραυνὸν,
1566 1808 1639 1878 μὴ
1663 1806 1944 1861 κατελθεῖν
1967 1808 2101 1876 ρομ-

514 1890 701 1959 φαίαν.
741 1891 880 1943 Ἀλλ’
903 1892 1152 1963 ὑϐρίζετο
1176 1894 1203 1944 6
1228 1892 1417 1958 ’Ἄγιος
1434 1932 1447 1955 ,
1477 1892 1570 1943 καὶ
1598 1893 1653 1944 al
1678 1890 1891 1961 βέϐηλοι
1919 1892 2099 1960 χεῖρες

512 1973 612 2025 οὐκ
644 1972 949 2043 ἐκόπησαν;
985 1974 1296 2042 Θαυμάζεις
1334 1974 1415 2026 ὅτι
1448 1973 1757 2043 ἐτόλμησαν
1804 1975 2004 2025 ἐκεῖνοι
2048 1972 2097 2025 οί

514 2058 841 2128 στρατιῶται
873 2058 1197 2128 μερίσασθαι
1230 2058 1297 2111 16
1326 2057 1550 2127 ίμάτια;
1582 2056 1874 2128 Θαύμασον
1900 2058 1984 2109 ὅτι
2005 2049 2096 2108 οὗ·

510 2155 592 2193 τοι
627 2140 917 2212 διέρρηξαν
953 2141 1015 2193 16
1060 2142 1271 2211 ίμάτιον
1308 2141 1407 2210 τῆς
1454 2139 1801 2208 Ἐκκλησίας.
1836 2140 1899 2191 Οί
1932 2155 2097 2209 στρα-

510 2223 702 2280 τιῶται
742 2223 882 2280 εἶδον
920 2227 1010 2279 τὸν
1040 2226 1245 2296 χιτῶνα
1286 2226 1380 2279 τοῦ
1431 2226 1667 2298 Χριστοῦ
1720 2226 1987 2297 ἀρραφον,
2034 2226 2099 2277 ἐκ

509 2309 621 2363 τῶν
644 2310 756 2364 ἀνω
782 2310 1016 2378 ὐφαντὸν
1036 2310 1101 2362 δι’
1128 2310 1270 2374 ὅλου,
1300 2311 1395 2363 καὶ
1417 2310 1706 2379 ἐφείσαντο
1725 2310 1818 2362 τοῦ
1843 2309 2059 2379 ἱματίου
2080 2325 2095 2341 ·

509 2392 775 2463 αίρετικοὶ
799 2392 856 2445 δὲ
884 2391 981 2463 τὴν
1005 2392 1209 2462 ἐσθῆτα
1234 2393 1327 2445 τοῦ
1357 2391 1618 2463 Χριστοῦ,
1647 2392 1747 2461 τὴν
1776 2392 1970 2462 στολήν
1998 2392 2097 2461 τῆς

521 2473 849 2545 Ἐκκλησίας
893 2474 1137 2544 ἔσχισαν,
1180 2474 1508 2544 ἐμερίσαντο
1534 2515 1549 2540 ,
1583 2474 1903 2543 κατέτεμον.
1958 2473 2095 2525 Ἀλλ’

508 2560 603 2613 ἐπὶ
633 2560 695 2613 τὸ
736 2558 1100 2630 προκείμενον
1146 2558 1556 2629 ἐπανέλθωμεν.
1595 2560 1864 2625 Ἕρῤαψε
1892 2558 2099 2625 φύλλα

508 2641 731 2709 συκῆς.
773 2644 1082 2695 Ἤκουσαν
1119 2642 1224 2695 τοῦ
1267 2640 1415 2706 Θεοῦ
1463 2639 1936 2708 περιπατοῦντος
1961 2678 1975 2703 ,
2021 2640 2097 2703 ὼς

508 2722 591 2777 ἔνι
621 2722 851 2779 ἀκοῦσαι
871 2742 883 2754 ’
916 2725 1175 2795 ἥκουσαν.
1199 2724 1298 2777 καὶ
1321 2724 1685 2791 ἐκρύϐησαν.
1718 2721 2030 2791 Εὐγνώμων
2062 2723 2094 2791 ἡ

509 2812 712 2882 φύσιςο
760 2812 863 2865 κᾶν
905 2813 1167 2883 μυριάκις
1205 2806 1355 2882 ὦμεν
1399 2810 1755 2882 ἁμαρτωλοὶ,
1789 2809 2099 2879 συνείδησις

508 2900 666 2973 ἡμῶν
678 2901 938 2973 ἐλευθέρα
951 2901 1117 2953 ἐστίν.
1137 2900 1334 2952 Ἐνίοτε
1349 2900 1409 2952 τὸ
1424 2899 1713 2969 πρόσωπον
1729 2897 2094 2966 ἀναισχυντεῖ·

508 2991 602 3042 καὶ
639 2990 671 3059 ἡ
703 2988 1005 3059 συνείδησις
1032 2987 1261 3057 ἐλέγχει.
1303 2986 1502 3039 Ἐνίοτε
1534 2988 1566 3056 ή
1608 2984 1844 3053 γλῶττα·
1882 2984 1947 3036 Τί
1985 2983 2095 3055 γάρ

506 3078 792 3148 ἥμαρτον;
837 3078 930 3129 καὶ
986 3076 1292 3146 συνείδησις
1340 3074 1554 3144 ἐλέγχει
1610 3072 1833 3128 ἔσωθεν.
1869 3071 2099 3125 Ἀπλού-

510 3180 695 3217 στατοι
719 3159 860 3235 ἦσαν
889 3164 983 3217 καὶ
1022 3163 1273 3233 ἀκέραιοι
1303 3163 1353 3214 οί
1382 3162 1509 3232 περὶ
1541 3161 1632 3213 τὸν
1666 3160 1856 3230 ’Δδάμ,
1888 3159 2098 3230 ὡμολό-

507 3269 638 3320 γουν
670 3252 805 3322 μετὰ
834 3251 1242 3322 ἐλευθερίας.⁹0
1268 3251 1402 3313 Θεός
1432 3265 1586 3319 φησι·
1628 3249 1753 3303 Ποῦ
1786 3245 1874 3312 εἷς
1903 3248 2097 3302 Πολλοὶ

508 3339 747 3403 εὐσεϐῶς
783 3339 1125 3409 ἐθεώρησαν·
1165 3339 1247 3391 δεῖ
1290 3340 1347 3392 δέ
1393 3337 1679 3409 προσέχειν
1707 3340 1774 3408 τῇ
1812 3337 2092 3409 ἀκριϐείᾳ.

508 3429 621 3481 Καὶ
647 3427 754 3498 γὰρ
778 3426 871 3481 καὶ
897 3426 965 3480 τά
985 3426 1209 3480 ἐκείνων
1237 3426 1485 3496 δέχομαι,
1516 3424 1707 3494 ἐπειδὴ
1735 3424 1957 3494 εὐσεϐῆ·
2000 3425 2095 3478 καὶ

506 3514 681 3568 ταῦτα
710 3514 874 3582 λέγω,
918 3513 1105 3584 ἐπειδὴ
1130 3512 1328 3584 ἀληθῆ.
1366 3512 1560 3582 Ἀδὰμ,
1602 3511 1720 3566 ποῦ
1754 3507 1839 3577 EI;
1887 3510 2092 3577 Πόθεν;

506 3601 613 3655 ποῦ
662 3601 964 3671 κατῆλθες;
999 3601 1108 3653 ἀπὸ
1138 3601 1296 3663 ποίας
1326 3599 1484 3669 δόξης
1524 3598 1816 3664 ἐξέπεσες;
1852 3597 2093 3669 Ἀληθῶς

506 3690 732 3761 δέχομαι
775 3689 873 3759 τήν
929 3689 1137 3741 ἔννοιαν
1169 3688 1245 3751 ὡς
1302 3688 1524 3757 εὐσεϐῆ.
1555 3688 1708 3757 Ἔχει
1753 3687 1863 3757 γὰρ
1906 3686 2094 3739 καὶτὸ

505 3776 885 3848 εὐπρόσωπον,
921 3777 1018 3829 καὶ
1045 3775 1108 3829 16
1138 3774 1443 3844 συμπαθές.
1482 3772 1644 3826 Ἀλλά
1673 3773 1820 3843 ζητῶ
1848 3773 1945 3844 τὴν
1973 3774 2091 3825 6x0-

506 3864 748 3918 λουθίαν.
800 3864 992 3933 Ἀδὰμ,
1041 3864 1157 3919 ποῦ
1191 3860 1274 3928 sl;
1315 3864 1497 3935 ἐρωτᾷ
1529 3865 1558 3916 6
1598 3862 1751 3925 Θεός.
1794 3861 1970 3934 ᾚδει,
2019 3861 2093 3924 ώς

507 3952 774 4021 πλάστης,
804 3951 897 4003 τοῦ
933 3951 1253 4022 πλάσματος
1281 3952 1379 4022 τὴν
1411 3952 1593 4020 φύσιν,
1628 3952 1709 4005 ὅτι
1734 3952 1837 4014 πᾶς
1863 3951 1890 4001 6
1918 3951 2093 4021 ἀμαρ-

503 4042 699 4109 τήσας,
746 4040 1223 4110 ἀπαρρησίαστος,
1286 4039 1381 4091 καὶ
1425 4040 1507 4091 ὅτι
1561 4041 1675 4101 τοῖς
1718 4038 2092 4107 ἁμαρτάνουσι

507 4127 773 4199 ῥάπτεται
795 4127 864 4179 16
894 4127 1156 4196 στόματα.
1184 4126 1511 4197 Προσέσχεν,
1537 4126 1617 4177 ὅτι
1645 4124 1732 4178 διὰ
1754 4125 1813 4177 16
1845 4124 1918 4195 μὴ
1949 4124 2092 4193 ἔχειν

507 4214 819 4287 παρρησίαν
848 4214 1035 4281 ἔφυγε.
1068 4212 1263 4276 Δοῦλος
1291 4213 1409 4266 τότε
1444 4212 1679 4283 μάλιστα
1710 4214 1939 4282 ἀγωνιᾷ,
1965 4213 2093 4265 ὅταν

507 4302 764 4372 αἴσθηται
791 4303 873 4355 ὅτι
900 4301 1101 4371 ἔμαθεν
1127 4304 1154 4354 6
1182 4301 1450 4370 δεσπότης
1475 4300 1643 4353 αὐτοῦ
1675 4300 1733 4353 16
1773 4300 2086 4369 γενόμενον·

507 4390 613 4453 ἓως
644 4391 701 4443 δέ
739 4390 923 4457 ἀγνοεῖ
946 4390 975 4441 6
1008 4386 1159 4459 [505I
1201 4387 1492 4460 δεσπότης,
1522 4387 1713 4439 ἐαυτὸν
1743 4386 2093 4457 παραμυθεῖ-

505 4495 599 4531 ται
623 4477 699 4541 ὼς
728 4476 1024 4547 δυνάμενος
1068 4475 1274 4529 λαθεῖν.
1316 4475 1373 4529 '0
1417 4473 1588 4543 Ἀδὰμ
1617 4474 1815 4541 ἔφυγεν
1844 4474 1919 4536 ώς
1948 4490 2090 4541 γνω-

509 4566 683 4629 σθείς’
716 4566 900 4629 δΘεὸς
942 4568 1321 4637 προσεποιεῖτο
1350 4566 1596 4632 ἄγνοιαν,
1656 4565 1741 4616 ἵνα
1781 4564 1869 4617 τὸν
1928 4563 2093 4633 φόϐον

506 4652 673 4707 αὐτοῦ
731 4652 1048 4724 καταλύσῃ·
1097 4652 1172 4715 ώς
1228 4652 1455 4721 λέγομεν
1504 4653 1663 4721 ἡμεῖς
1719 4651 1847 4721 περὶ
1897 4649 2088 4718 φίλου·

520 4739 783 4811 Ἐποίησα
810 4738 1045 4809 ἐμαυτὸν
1071 4739 1150 4801 είς
1186 4738 1281 4791 τὸν
1308 4739 1382 4809 μὴ
1412 4738 1609 4801 εἰδότα,
1648 4738 1735 4790 ἵνα
1764 4738 1838 4807 μὴ
1862 4736 2093 4807 λυπήσω

505 4828 690 4884 αὐτόν.
729 4826 995 4890 Πολλάκις
1022 4826 1133 4898 γάρ
1158 4826 1369 4894 γίνεται
1399 4826 1528 4897 παρ’
1556 4828 1687 4895 ἡμῖν
1716 4825 1907 4881 ταῦτα.
1939 4827 2001 4879 Εί
2035 4826 2092 4879 δέ

507 4915 638 4988 παρ’
670 4917 801 4985 ἡμῖν
830 4914 1053 4968 τοιαῦτα
1088 4914 1317 4982 γίνεται.
1350 4912 1529 4983 πολλῴ
1556 4913 1752 4983 μᾶλλον
1782 4913 1933 4982 παρά
1971 4912 2092 4982 Θεῷ

506 5004 585 5074 τῷ
612 5001 996 5073 φιλανθρώπῳ.
1029 5001 1233 5070 Ἀδὰμ,
1265 5001 1381 5054 ποῦ
1407 4995 1495 5064 sl;
1522 5000 1644 5053 6v11
1673 4999 1790 5063 τοῦ,
1812 5000 1926 5052 Οὐκ
1955 4995 2089 5053 οἶδα.

507 5088 640 5145 Εἶτα
665 5090 759 5143 τοῦ
788 5089 923 5143 Θεοῦ
952 5090 1420 5159 προσποιουμένου
1448 5088 1687 5155 ἄγνοιαν,
1715 5090 1747 5158 ἠ
1781 5087 2082 5157 εὐγνώμων

507 5179 602 5233 καὶ
657 5178 917 5249 ἐλευθέρα
949 5176 1095 5247 ψυχὴ
1127 5178 1225 5229 οὐκ
1278 5174 1515 5246 ἔκρυψεο
1559 5173 1674 5242 Τῆς
1719 5172 1925 5243 φωνῆς
1974 5190 2091 5229 σου

507 5266 768 5334 ἤκουσα,
794 5266 892 5319 καὶ
920 5263 1241 5333 ἐφοϐήθην,
1266 5264 1353 5317 ὅτι
1383 5262 1610 5331 γυμνός
1633 5264 1768 5331 ειμι,
1794 5263 1889 5315 καὶ
1917 5264 2091 5330 ἐκρύ-

508 5356 642 5422 ϐην.
677 5354 775 5406 Διά
808 5354 860 5406 τί
892 5350 1201 5424 ἐφοϐήθης;
1234 5352 1323 5404 διά
1367 5353 1418 5405 τί
1470 5352 1743 5421 ἐκρύϐης;
1787 5352 2093 5423 Ἐφοϐήθην

507 5442 598 5495 διά
623 5441 721 5512 τήν
747 5441 1077 5513 παράϐασιψ
1104 5439 1342 5510 ἐκρύϐην
1372 5438 1459 5492 διά
1490 5441 1589 5509 τὴν
1619 5439 1921 5509 γύμνωσιν.
1941 5441 2091 5508 Ἀληο

509 5528 620 5592 θῶς
669 5529 783 5582 ἔστι
826 5528 1058 5582 κλαῦσαι
1112 5530 1203 5582 ἐπὶ
1261 5531 1326 5598 τῇ
1378 5530 1527 5597 φωνῇ
1569 5526 1662 5579 τοῦ
1722 5528 2088 5597 παραϐάντος.

514 5616 632 5684 Τῆς
668 5616 875 5686 φωνῆς
905 5632 1023 5671 σου
1056 5615 1311 5682 ἥκουσα,
1346 5614 1561 5684 ἐκείνης
1593 5615 1691 5685 τῆς
1727 5616 2088 5686 ποθουμένης,

510 5705 723 5776 ἐκείνης
769 5706 869 5775 τῆς
920 5704 1093 5757 πάντα
1150 5719 1238 5773 μοι
1284 5701 1677 5772 χαρισαμένης,
1729 5702 1943 5771 ἐκείνης
1995 5705 2093 5775 τῆς

511 5792 694 5857 ἀγαθά
750 5810 838 5863 μοι
904 5791 1275 5863 χαρισαμένης
1334 5789 1429 5843 καὶ
1494 5792 2089 5862 πραγματευσαμένης.

513 5879 781 5939 Ἦωυγα
820 5881 932 5951 τῆς
975 5879 1183 5950 φωνῆς
1223 5895 1359 5934 σου.
1402 5878 1689 5949 Ἐνενόησα
1718 5878 1876 5943 ποίας
1906 5882 2090 5952 φωνῆς

1939 445 2302 505 SEVEBIANI

3684 464 3802 521 494

2216 567 2552 631 κατέπτυσα,
2569 564 2727 628 ποίας
2738 563 2922 635 φωνῆς
2938 562 3337 635 κατεφρόνησα·
3354 562 3451 616 καί
3465 561 3800 630 ἐφοϐήθην,

2211 648 2454 701 τοιούτου
2494 647 2765 701 Δεσπότου
2799 647 3020 718 ἐντολὴν
3061 647 3314 719 παραϐάς
3342 662 3354 674 ·
3382 644 3482 699 καί
3505 645 3797 713 ἐκρύΰην,

2212 729 2302 782 ὅτι
2324 731 2552 800 γυμνός
2579 732 2715 800 ειμι.
2749 726 2886 784 Εἶτα
2910 732 2939 783 6
2966 729 3099 794 Θεδς
3119 728 3450 799 ἐπιμένειτῇ
3485 729 3798 798 προτροπῇ·

2219 813 2315 879 Τίς
2347 829 2447 867 σοι
2473 809 2642 867 εἶπεν
2672 813 2757 867 ὅτι
2808 814 3035 883 γυμνὸς
3082 810 3156 876 εἴ,
3195 816 3248 868 ει
3274 812 3359 882 μὴ
3389 814 3508 867 ἀπὸ
3550 812 3661 866 τοῦ
3690 812 3801 877 ξύ-

2210 898 2348 956 λου,
2379 891 2453 950 οὗ
2485 895 2880 964 ἐνετειλάμην
2925 912 3021 949 σοι
3060 897 3277 950 τούτου
3311 896 3502 963 μόνου
3543 892 3633 961 μὴ
3684 910 3800 961 ερα-

2211 976 2355 1044 τεῖν,
2390 978 2493 1031 ἀπ’
2516 979 2703 1033 αὐτοῦ
2737 980 2998 1046 ἔφαγεςς
3044 979 3164 1031 ἀντὶ
3207 976 3323 1042 τοῦ,
3357 978 3419 1030 Εί
3475 977 3549 1047 μή
3578 977 3799 1038 πάντως

2212 1062 2388 1113 ἐκεῖνο
2436 1062 2723 1132 ἐποίησας,
2758 1063 2786 1115 ὅ
2837 1063 3109 1115 ἐκώλυσα.
3144 1063 3285 1132 Ὂρα
3323 1060 3440 1123 πῶς
3496 1061 3677 1129 ἐρωτᾷ
3720 1059 3799 1121 ὡς

2210 1144 2453 1212 ἀγνοῶν·
2488 1144 2552 1199 Εί
2583 1144 2657 1216 μὴ
2691 1144 2751 1209 ἐξ
2781 1146 2988 1198 ἐκείνου
3028 1143 3124 1197 τοῦ
3164 1143 3403 1213 δένδρου,
3437 1138 3499 1195 οὐ
3528 1140 3796 1194 ἐνετειλά-

2214 1243 2321 1296 μην
2351 1243 2433 1280 σοι
2466 1226 2541 1298 μὴ
2575 1231 2791 1296 φαγεῖν,
2824 1228 3047 1297 ἔφαγες.
3081 1228 3190 1281 Καὶ
3235 1226 3397 1297 βλέπε
3427 1226 3519 1279 τοῦ
3557 1226 3696 1278 Θεοῦ
3736 1224 3799 1277 16

2211 1308 2613 1381 φιλάνθρωπον.
2645 1312 2740 1377 Τίς
2768 1329 2865 1365 σοι
2894 1308 3057 1371 εἶπες
3090 1310 3189 1363 Διά
3212 1310 3369 1363 τοῦτο
3400 1308 3668 1379 μακρύνει
3698 1306 3796 1377 τὴν

2210 1390 2447 1459 ὁμιλίαν,
2481 1392 2567 1445 ῖνα
2593 1392 2730 1466 λύσῃ
2753 1393 2845 1446 τὸν
2876 1394 3060 1461 φόϐον,
3096 1409 3190 1446 και
3239 1392 3425 1462 ἐγείρῃ
3456 1389 3795 1462 παρρησίαν.

2223 1474 2453 1527 Ἐνενόει
2507 1474 2617 1547 γάρ
2665 1478 2693 1529 6
2745 1476 2918 1548 Ἀδὰμ
2963 1477 3082 1542 πῶς
3126 1476 3279 1529 οὐδὲν
3335 1475 3594 1544 σκληρὸν,
3644 1471 3799 1524 οὐδὲν

2208 1555 2503 1627 ἀπότομον.
2532 1560 2631 1629 οὐχ
2664 1557 2846 1629 ὕϐρις,
2886 1560 2948 1612 οὐ
2995 1559 3221 1629 πληγαί.
3253 1559 3433 1628 Ἔχεις
3474 1555 3799 1609 διδάσκαλον

2208 1638 2307 1710 τὴν
2336 1640 2647 1713 συνήθειαν.
2683 1642 2881 1706 Δοῦλος
2920 1644 3244 1715 ἁμαρτήσας
3288 1642 3381 1694 ἐὰν
3416 1638 3692 1710 προσέλθῃ
3722 1636 3800 1706 τῷ

2207 1722 2465 1795 δεσπότῃ,
2498 1725 2608 1778 ἀπὸ
2645 1727 2745 1797 τῆς
2780 1727 3003 1797 πρώτης
3028 1727 3211 1797 φωνῆς
3246 1726 3278 1796 ἢ
3318 1724 3539 1796 θάρσος,
3565 1723 3599 1793 ἢ
3632 1722 3798 1790 φόϐον

2208 1803 2495 1875 λαμϐάνει.
2548 1807 2674 1861 Ἐὰν
2717 1808 2948 1879 ἄρξηται
3005 1810 3355 1876 ἀγανακτεῖν,
3408 1808 3504 1861 καὶ
3555 1805 3797 1874 κλέπτην

2207 1889 2300 1939 καί⁵
2349 1888 2523 1943 δόλιον
2579 1891 2867 1961 ὀνομάζειν
2915 1892 3008 1945 καὶ
3071 1890 3278 1962 μυρίων
3323 1889 3570 1945 θανάτων
3621 1888 3794 1953 ἀξιον,

2208 1970 2545 2041 παραλύεται
2569 1989 2584 2005 ο
2617 1974 2711 2027 ἐάν
2736 1973 2943 2045 ἀκούσῃ
2978 1972 3141 2027 αὐτοῦ
3177 1972 3544 2039 ὀνειδίζοντος,
3584 1971 3795 2036 Ἀθλιε,

2206 2058 2260 2109 τί
2291 2059 2505 2126 ἐγένετό
2540 2077 2622 2113 σοι
2648 2059 2842 2127 τοῦτο;
2885 2060 2971 2113 διὰ
3018 2061 3070 2113 τί
3114 2061 3398 2131 ἥμαρτες
3445 2059 3649 2122 εὐθέως
3696 2060 3793 2126 ἐφ’

2206 2145 2501 2210 οδιάζεται,
2535 2147 2630 2200 καὶ
2662 2146 2855 2219 θαρρεῖ
2878 2148 3034 2211 τέως·
3065 2148 3125 2200 οὐ
3156 2148 3264 2218 γάρ
3295 2148 3369 2211 ὼς
3397 2146 3666 2214 δεσπότης
3699 2162 3793 2199 κο⁹

2206 2232 2375 2296 λάζει,
2401 2233 2513 2286 ἀλλ’
2534 2234 2609 2297 ώς
2637 2234 2954 2298 διδάσκαλος
2979 2233 3238 2288 νουθετεῖ.
3270 2233 3424 2288 Οὐτω
3455 2234 3549 2286 καλ⁵
3577 2234 3605 2286 6
3639 2231 3793 2294 Θεός’

2212 2320 2309 2385 Τίς
2342 2336 2443 2374 σοι
2487 2316 2657 2375 εἶπεν
2686 2322 2776 2375 ὅτι
2822 2322 3048 2391 γυμνὸς
3076 2318 3151 2384 εἶ,
3185 2324 3238 2376 εὶ
3274 2320 3358 2390 μὴ
3396 2321 3517 2375 ἀπὸ
3546 2320 3653 2374 τοῦ
3690 2319 3797 2381 ξύ-

2204 2409 2321 2460 λου
2350 2404 2424 2463 οὗ
2459 2408 2850 2478 ἐνετειλάμην
2892 2426 2991 2463 σοι
3030 2409 3117 2479 μὴ
3165 2409 3398 2478 φαγεῖν,
3452 2407 3553 2461 ἀπ’
3605 2404 3795 2460 αὑτοῦ

2204 2495 2462 2563 ἔφαγες
2496 2496 2587 2564 Μὴ
2614 2495 2722 2567 γὰρ
2747 2496 2915 2549 πολλά
2948 2496 3233 2562 ἐκώλυσα;
3266 2497 3361 2548 ’Ἑν
3398 2495 3557 2565 μόνον
3586 2491 3794 2545 ἐκώλυ-

2209 2600 2298 2647 σα,
2338 2572 2431 2636 καὶ
2472 2584 2630 2636 τοῦτο
2686 2585 2748 2637 οὐ
2802 2586 2997 2654 μισῶν,
3033 2584 3168 2639 ἀλλά
3219 2584 3483 2653 προνοῶν.
3549 2583 3648 2647 Τίς
3695 2594 3795 2633 σοι

2205 2666 2376 2724 εἶπεν
2404 2671 2495 2725 ὅτι
2524 2673 2753 2739 γυμνὸς
2783 2668 2866 2737 εἷ;
2896 2674 3061 2726 Οὐδὲν
3091 2673 3444 2741 ἀναίσχυντον
3470 2666 3647 2732 εἶπεν,
3681 2670 3794 2721 Οὐκ

2207 2758 2385 2827 ᾕδεινο
2440 2757 2578 2812 ἀλλά
2610 2758 2699 2823 τίς
2736 2760 2796 2813 Ἡ
2854 2760 3031 2829 γυνὴ,
3087 2758 3165 2827 ῆν
3203 2758 3428 2822 ἔδωκάς
3459 2775 3586 2825 μοι,
3639 2756 3790 2821 αὕτη

2200 2860 2303 2912 μοι
2338 2844 2543 2909 ἔδωκε,
2595 2845 2696 2898 καὶ
2732 2845 2991 2915 ἔφαγον·
3031 2846 3151 2899 ἀντὶ
3196 2845 3313 2909 τοῦ,
3347 2843 3404 2896 Ἥ
3439 2842 3662 2897 δοθεῖσά
3707 2859 3793 2912 μοι

2208 2931 2344 3001 πρὸς
2404 2931 2675 3003 βοήθειαν.
2720 2934 2968 2985 Ἤκουσα
3031 2934 3138 3003 γὰρ
3188 2934 3276 2986 ὅτε
3329 2931 3610 3001 ἐπλάσθην
3662 2928 3792 2998 ἐγὼ,

2205 3018 2388 3089 ἐκείνη
2418 3018 2476 3073 δὲ
2505 3018 2738 3079 οὐδέπω.
2768 3021 3018 3089 λέγοντος
3036 3035 3051 3049 ⁸
3082 3019 3434 3088 Ποιήσωμεν
3461 3015 3625 3082 αὐτῷ
3648 3018 3793 3084 βοη-

2205 3104 2313 3159 θὸν
2350 3105 2477 3157 κατ’
2524 3107 2731 3159 αὐτόν.
2758 3108 2864 3159 Ἦν
2890 3106 3118 3171 ἔδωκάς
3161 3124 3286 3175 μοι,
3331 3105 3481 3172 αῦτη
3515 3122 3621 3173 μοι
3654 3104 3793 3159 ἐδω-

2206 3207 2335 3245 κεν.
2367 3194 2480 3245 Οὐκ
2521 3188 2697 3254 εἶπεν,
2740 3192 3073 3263 Ἠπάτησεν,
3108 3194 3227 3257 οὐκ,
3271 3191 3591 3263 Ἐ’ψεύσατο·
3632 3192 3789 3258 Αὕτη

2201 3298 2304 3351 μοι
2340 3282 2525 3335 ἔδωκε
2556 3282 2655 3335 καὶ
2687 3284 2931 3352 ἔφαγον.

2274 3433 2343 3498 η’.
2366 3422 2503 3481 Εἶτά
2520 3444 2685 3499 φησιν
2703 3428 2731 3480 6
2752 3428 2911 3492 Θεόςο
2931 3427 3038 3481 Καὶ
3057 3428 3220 3500 ἐχρῆν
3239 3444 3298 3481 σε
3327 3427 3549 3496 γυναικὶ
3566 3428 3789 3482 πιστεῦ-

2206 3531 2317 3578 σαι,
2346 3516 2439 3568 καὶ
2486 3516 2560 3585 μὴ
2608 3515 2767 3584 ἐμοί;
2801 3516 2896 3568 καὶ
2942 3514 3358 3585 ἀξιοπιστοτέρα
3394 3516 3428 3584 ἠ
3466 3514 3607 3585 γυνὴ
3652 3516 3789 3585 ὐπέρ

2204 3602 2340 3671 ἐμέ;
2380 3600 2521 3669 Ἐγὼ
2542 3601 2611 3654 16
2638 3602 2820 3669 ἀγαθά
2857 3602 3086 3664 δέδωκα,
3126 3600 3415 3671 πράγμασι
3446 3618 3506 3655 σε
3532 3603 3784 3673 ἐτίμησα’

2203 3692 2391 3761 ἐκείνη·
2420 3693 2660 3762 ρήμασιν
2704 3690 2973 3744 ἐδελέασε.
3006 3692 3115 3744 Καὶ
3149 3691 3312 3760 βλέπε
3340 3708 3354 3721 ·
3402 3690 3593 3763 ὥσπερ
3638 3692 3787 3745 δικα-

2206 3778 2339 3849 στὴς
2392 3779 2488 3831 ἐὰν
2534 3778 2754 3849 δέξηται
2794 3778 3094 3846 ἀπολογίαν
3134 3778 3228 3832 τοῦ
3274 3778 3656 3849 δικαζομένου.
3699 3780 3788 3833 καὶ

2207 3868 2405 3939 μηκέτι
2436 3866 2667 3937 ἐξετάσῃ
2709 3866 2892 3929 αὐτὸν,
2929 3865 3063 3920 ἀλλά
3112 3866 3321 3939 μεταϐῇ
3354 3868 3445 3920 ἐπὶ
3485 3867 3577 3920 τὸν
3608 3868 3786 3931 ἄλλον,

2201 3956 2404 4017 εὐθέως
2426 3956 2637 4025 θαρρεῖ,
2670 3955 2763 4008 καὶ
2782 3954 2948 4023 λέγει’
2978 3954 3127 4018 Τέως
3160 3956 3269 4023 ἐγὼ
3291 3954 3622 4026 ἐξητάσθην·
3649 3956 3789 4009 οὕτω

2203 4043 2297 4095 καὶ
2325 4044 2353 4094 6
2380 4042 2511 4103 Θεὸς
2545 4041 2859 4112 μεταϐαίνει
2884 4042 2991 4096 ἀπὸ
3018 4042 3112 4096 τοῦ
3130 4043 3319 4113 Ἀδὰμ,
3350 4044 3436 4097 ῖνα
3462 4043 3603 4114 λύσῃ
3625 4043 3787 4098 αὐτοῦ

2202 4129 2294 4182 τὸν
2337 4128 2490 4201 [506]
2539 4129 2722 4198 φόϐον,
2778 4131 2870 4183 καὶ
2920 4131 3067 4198 λέγει
3102 4133 3167 4201 τῇ
3214 4131 3465 4197 γυναικί·
3518 4132 3580 4184 Τί
3614 4131 3786 4185 τοῦτο

2202 4216 2535 4281 ἐποίησας;
2579 4215 2750 4285 Λέγει
2794 4217 3025 4286 ἐκείνη·
3068 4219 3130 4270 '0
3179 4218 3316 4285 ὄφις
3362 4216 3644 4284 ἠπάτησέ
3694 4233 3785 4285 με,

2203 4302 2304 4357 καὶ
2334 4304 2581 4373 ἔφαγον.
2617 4304 2839 4375 Ἐπειδὴ
2870 4304 3006 4367 ὅλως
3034 4304 3211 4374 ἀληθῆ
3247 4299 3417 4365 εἶπεν,
3448 4304 3549 4373 οὐχ
3576 4303 3787 4374 ὑϐρίζει

2201 4392 2301 4461 τῆς
2358 4390 2617 4459 ἀληθείας
2667 4390 2767 4460 τὴν
2820 4392 3140 4457 ἀπολογίαν,
3198 4389 3333 4442 ἀλλά
3387 4390 3788 4461 καταλιμπάνει

2203 4478 2375 4547 αὐτὴν
2404 4478 2778 4541 ἀνεξέταστον.
2808 4481 2920 4531 Οὐκ
2944 4476 3084 4531 εἷπε·
3120 4478 3228 4532 K11
3250 4478 3543 4549 ἐπιστεύθη
3563 4483 3783 4547 ἐκεῖνος,

2204 4566 2367 4635 ῆγουν
2397 4568 2424 4618 6
2456 4565 2599 4634 ὅφις,
2635 4566 2773 4635 ὑπὲρ
2803 4564 2935 4633 ἐμέ;
2986 4565 3379 4635 Ἐπηγγείλατο
3414 4566 3673 4632 ίσοθεῖαν,
3698 4569 3786 4621 καὶ

2204 4651 2533 4723 προεξένησε
2579 4651 2826 4705 θάνατον.
2866 4652 3003 4705 Ἀλλ’
3050 4654 3111 4705 οὐ
3158 4654 3333 4723 κρίνει
3379 4654 3606 4717 εὐθέως,
3656 4655 3785 4709 ἀλλά

2206 4740 2404 4811 μᾶλλον
2430 4740 2504 4803 ὼς
2528 4739 2916 4810 ἀσθενεστέρου
2942 4740 3167 4804 σκεύους
3194 4741 3468 4810 ἐφείσατο,
3497 4743 3595 4795 καὶ
3626 4747 3787 4816 χωρεῖ

2204 4828 2295 4879 ἐπὶ
2323 4828 2415 4881 τὸν
2446 4828 2589 4895 ὅφιν,
2640 4827 2729 4879 ἵνα
2771 4828 2935 4897 πείσῃ
2974 4828 3224 4881 κάκεῖνον
3260 4828 3539 4897 κάκείνην,
3576 4832 3664 4883 ὅτι
3701 4833 3787 4885 ἐπὶ

2200 4914 2293 4969 τόν
2324 4917 2496 4970 αίτιον
2536 4917 2724 4985 χωρεῖ,
2757 4916 2849 4968 καί
2882 4932 3015 4984 φησι
3042 4933 3054 4946 ”
3087 4916 3208 4969 Ὅτι
3250 4915 3426 4969 τοῦτο
3470 4917 3785 4985 ἐποίησας.

2203 5000 2357 5068 Εἶδες
2390 5004 2704 5074 θαυμαστὸν
2736 5006 2963 5075 κριτήν;
3003 5004 3142 5066 Τοὺς
3172 5004 3552 5072 ἀπατηθέντας
3590 5010 3787 5079 ἐρωτᾷ,

2202 5090 2295 5145 τὸν
2344 5093 2703 5161 ἀπατήσαντα
2765 5091 2865 5142 οὐκ
2916 5092 3116 5160 ἐρωτᾷ.
3186 5091 3261 5142 Οὐ
3314 5089 3459 5156 λέγει
3498 5093 3676 5164 αὐτῷ,
3727 5094 3787 5150 Τί

2202 5178 2503 5249 ἐποίησαςς
2555 5176 2693 5238 ἀλλ’,
2757 5176 2992 5243 Ἐπειδὴ
3038 5176 3213 5230 τοῦτο
3261 5176 3581 5246 ἐποίησας.
3639 5181 3787 5235 Κατά

2201 5266 2407 5335 ταύτην
2434 5266 2532 5336 τὴν
2567 5264 2751 5317 είκόνα
2790 5264 2955 5317 Δαυῖδ
2977 5264 3147 5332 λέγει.
3185 5266 3307 5318 Οὐκ
3334 5267 3785 5334 ἀναστήσονται

2202 5352 2441 5416 ἀσεϐεῖς
2466 5352 2535 5404 ὲν
2563 5352 2787 5419 κρίσεν
2823 5352 2920 5421 οὐχ
2953 5352 3034 5405 ὅτι
3063 5353 3161 5405 οὐκ
3191 5354 3514 5423 ἐγείρονται,
3553 5356 3673 5408 ἀλλ’
3710 5358 3783 5409 ὅτι

2202 5442 2301 5494 οὐκ
2335 5440 2699 5507 ἐξετάζονται.
2736 5440 2969 5507 Ἐπειδὴ
3001 5440 3177 5493 τοῦτο
3205 5442 3521 5509 ἐποίησας.
3560 5443 3626 5497 Ἢ
3658 5445 3784 5513 πρὸς

2202 5531 2293 5583 16v
2318 5529 2440 5597 ὅφιν
2471 5528 2671 5598 ἀπειλὴ
2716 5526 2974 5595 ἐκούφισε
3016 5526 3115 5591 τὰς
3159 5529 3372 5599 πληγὰς
3416 5531 3525 5582 τῶν
3574 5531 3783 5601 ἀπατη-

2204 5618 2423 5670 θέντων.
2457 5616 2517 5668 Εἰ
2548 5615 2642 5686 μὴ,
2679 5616 2864 5685 φησὶν,
2897 5614 3090 5685 ἐκείνῳ
3112 5618 3140 5669 6
3169 5616 3301 5679 Θεὸς
3328 5616 3647 5688 ἐπέγραψεν
3667 5618 3777 5683 ὅλα,

2201 5708 2301 5761 οὐκ
2331 5707 2395 5759 ἂν
2427 5704 2799 5769 ἀνεξετάστως
2846 5703 3008 5758 αὐτὸν
3041 5705 3275 5776 ἔκρινεν.
3330 5705 3566 5773 Ἐπειῶν
3614 5708 3778 5764 τοῦτο

2200 5797 2514 5861 ἐποίησας,
2544 5793 2975 5862 ἐπικατάρατος
3010 5796 3093 5847 σὺ
3121 5795 3241 5849 ἀπὸ
3269 5792 3512 5847 πάντων
3539 5794 3660 5849 τῶν
3687 5801 3778 5863 θη-

2195 5886 2343 5956 ρίων
2373 5882 2484 5953 τῆς
2529 5882 2661 5954 γῆς.
2704 5881 2837 5937 Ἐπί
2870 5881 2950 5951 τῷ
2978 5884 3188 5952 στήθει
3219 5882 3318 5937 καί
3346 5881 3420 5953 τῇ
3456 5885 3653 5954 κοιλίᾳ
3680 5899 3774 5943 ,το-
