3984 6432
142 463 262 519 493

165 568 235 623 la.
268 567 421 635 Quod
452 583 558 624 non
589 577 708 624 erat
754 569 883 626 fecit
913 612 928 637 ,
980 585 1157 625 annon
1188 582 1395 642 partem
1424 573 1543 643 ejus
1584 572 1760 629 facere

164 658 407 728 poterit?
437 659 677 713 instant:
706 670 760 714 at
790 676 1076 730 numquam
1124 663 1264 717 Deus
1296 672 1502 731 partem
1556 664 1763 716 anima-

165 750 228 803 lis
265 751 424 816 facit,
468 750 599 806 nihil
629 752 1001 821 imperfectum
1026 752 1149 807 facit
1176 755 1336 809 Deus.
1360 755 1523 808 Audit
1543 755 1757 824 pellem,

163 850 216 894 et
240 842 439 910 quierit
466 841 626 894 unde.
671 842 847 895 Audio
870 854 919 897 et
948 858 1049 911 ego
1081 844 1394 912 sanguinem
1424 846 1475 897 in
1504 845 1756 915 Egypto,

159 942 213 986 et
238 948 426 1001 quaero
452 974 467 998 ,
520 934 659 986 unde
687 938 909 987 mutavit
942 935 1114 988 Nilum
1157 937 1207 989 in
1240 936 1553 1002 sanguinem
1582 978 1595 999 ,
1641 951 1759 999 qure

160 1024 418 1077 animalia
454 1025 730 1077 mactavit.
765 1024 981 1078 Fluvios
1032 1026 1083 1078 in
1126 1026 1441 1095 sanguinem
1473 1032 1711 1080 mutatur
1740 1066 1753 1088 ,

157 1124 213 1167 et
246 1114 452 1167 nullum
486 1124 774 1169 mactatum
803 1125 883 1169 est
909 1116 1148 1182 animal;
1182 1116 1350 1185 pelles
1380 1116 1498 1169 dua:
1520 1116 1752 1179 fuerunt,

158 1214 213 1258 et
262 1205 455 1274 quaerit
488 1219 552 1258 cx
584 1205 774 1274 quibus
802 1206 1125 1259 animalibus
1159 1207 1412 1260 detracta:
1439 1206 1608 1274 pelles
1639 1206 1754 1260 fue-

156 1298 286 1353 rint.
324 1297 523 1352 Verum
550 1298 656 1351 illic
676 1298 794 1351 sine
820 1297 1035 1351 animali
1060 1298 1233 1367 pellis.
1267 1298 1500 1352 Attende
1531 1298 1752 1363 seriem,

157 1405 491 1459 quamquam
524 1406 625 1443 vox
656 1390 884 1455 laborat,
910 1399 963 1443 et
994 1406 1089 1445 nos
1116 1392 1237 1460 ipsi.
1286 1392 1356 1445 At
1378 1406 1445 1444 ne
1483 1390 1663 1443 mutila
1688 1390 1757 1443 sit

156 1483 353 1545 oratio,
387 1482 574 1550 paucis
605 1482 778 1536 lenius
804 1483 1047 1551 prolatis,
1090 1483 1250 1536 finem
1275 1482 1486 1537 dicendi
1530 1482 1747 1536 faciam.

155 1570 368 1626 Censuit
392 1572 518 1642 folia
564 1573 713 1639 ﬁcus.
746 1572 959 1628 Utinam
994 1574 1230 1628 hmretici
1281 1574 1417 1628 hanc
1467 1583 1636 1628 artem
1665 1573 1750 1627 di-

152 1662 431 1717 dicissent!
458 1662 628 1717 Adam
660 1666 1043 1733 prtevaricatus
1065 1681 1332 1721 censuere
1363 1666 1553 1721 didicit
1590 1683 1602 1718 :
1638 1666 1748 1721 lue-

152 1754 302 1807 retici
331 1755 577 1823 perversi
611 1754 857 1810 scindere
887 1756 1207 1811 didicerunt.
1242 1756 1411 1810 Adam
1452 1766 1751 1827 transgres-

150 1856 239 1897 sus
298 1846 553 1909 consuit,
600 1854 655 1897 ut
710 1846 945 1900 verenda
1004 1855 1239 1915 tegeret;
1294 1846 1534 1901 literetici
1584 1845 1744 1901 ﬁdem

149 1943 406 2004 negantes
437 1935 712 2001 scindunt,
738 1945 796 1989 ut
836 1947 1022 1990 sancta
1064 1938 1284 1993 nudent.
1312 1936 1466 2007 Saepe
1497 1938 1745 1993 audimus

147 2041 265 2093 qua:
288 2025 337 2079 in
356 2040 518 2080 cruce
540 2028 894 2096 contigerunt,
929 2029 1288 2097 miramttrque
1301 2029 1594 2098 sumpsisse
1616 2030 1749 2083 mili-

146 2126 228 2171 tes
258 2118 583 2172 vestimenta
614 2116 833 2182 Christi,
871 2127 927 2172 et
950 2118 1217 2184 divisisse,
1249 2121 1535 2190 Statimque
1565 2131 1744 2175 mente

144 2207 376 2262 dicimus
409 2225 421 2260 :
457 2207 643 2275 Magna
675 2209 766 2263 Dei
818 2211 1094 2277 patientia,
1126 2211 1265 2279 quod
1316 2227 1423 2265 non
1456 2212 1739 2267 immiserit

143 2298 346 2353 fulmen
371 2342 385 2365 ,
416 2299 559 2369 quod
593 2315 696 2353 non
729 2301 1005 2354 strinxerit
1031 2302 1291 2370 gladium.
1323 2302 1427 2356 Sed
1454 2311 1740 2357 contume-

140 2391 227 2446 liis
256 2391 595 2447 afficiebatur
624 2392 854 2447 Sanctus
879 2435 891 2456 ,
921 2403 971 2447 et
1005 2394 1241 2463 profame
1278 2410 1470 2462 manus
1497 2412 1601 2449 non
1642 2396 1740 2449 ab-

140 2482 567 2536 scindebantur?
593 2483 799 2538 Miraris
845 2486 985 2553 quod
1016 2488 1210 2541 milites
1262 2488 1374 2540 ausi
1431 2489 1536 2541 sint
1568 2490 1733 2541 vesti-

139 2586 322 2628 menta
352 2575 632 2629 dividere?
664 2576 855 2631 Mirare
885 2580 1023 2647 quod
1057 2580 1108 2632 hi
1138 2581 1514 2634 vestimentum
1550 2582 1737 2635 Eccle-

138 2666 236 2719 sia:
289 2665 624 2719 disciderint.
676 2665 834 2721 Certe
901 2670 1099 2723 milites
1148 2670 1257 2724 visa
1314 2670 1510 2725 Christi
1559 2672 1737 2726 tunica

139 2758 470 2821 inconsutili,
502 2774 528 2811 a
578 2774 789 2819 summo
814 2770 1060 2814 contexta
1113 2777 1207 2830 per
1239 2772 1406 2815 totum
1435 2761 1614 2833 (Joan.
1650 2763 1738 2817 19.

136 2848 255 2919 23),
308 2849 441 2903 vesti
490 2860 886 2919 pepercerunt;
944 2851 1175 2905 hmrctici
1231 2868 1361 2906 vero
1414 2853 1611 2908 Christi
1642 2870 1738 2909 ve-

139 2950 304 3005 stem,
340 2940 597 2994 Ecclesia:
628 2940 997 2995 indumentum
1050 2941 1355 3004 sciderunt,
1402 2942 1733 3008 diviserunt,

136 3032 495 3087 dissecarunt.
526 3031 631 3087 Sed
663 3033 726 3086 ad
758 3034 1086 3101 propositum
1119 3043 1475 3088 revertamur.
1527 3034 1736 3088 Censuit

138 3125 264 3193 folia
293 3126 444 3192 ficus.
476 3124 757 3179 Audierant
794 3123 960 3178 Deum
1004 3124 1341 3178 ambulantem
1370 3166 1384 3189 ,
1438 3140 1630 3195 nempe
1680 3135 1738 3179 ut

136 3213 325 3266 audire
345 3214 489 3279 licet,
518 3223 565 3266 et
582 3229 634 3267 se
654 3214 1018 3267 absconderant
1041 3213 1189 3283 (Gcn.
1208 3215 1261 3269 3.
1286 3214 1422 3281 7.8).
1460 3214 1628 3269 Proba
1656 3224 1737 3267 est

136 3315 325 3358 natura
360 3322 373 3356 :
403 3305 503 3359 etsi
551 3305 820 3359 sexcentis
852 3306 1083 3374 peccatis
1136 3306 1304 3359 simus
1335 3306 1572 3370 obnoxii,
1606 3320 1735 3359 eou-

134 3396 358 3449 scicntia
416 3405 595 3449 nostra
625 3396 787 3450 libera
831 3406 933 3451 est.
969 3397 1241 3451 Interdum
1273 3397 1419 3451 frons
1451 3398 1732 3466 impudens

134 3499 238 3553 est,
272 3496 325 3541 et
352 3488 681 3542 conscientia
710 3488 902 3557 arguit.
934 3488 1203 3541 Interdum
1256 3489 1430 3557 lingua
1460 3488 1567 3541 ait:
1595 3488 1729 3553 Quid

135 3579 279 3634 enim
311 3580 572 3647 peccavi?
596 3587 649 3632 et
674 3579 1003 3632 conscientia
1034 3579 1173 3632 intus
1198 3578 1558 3647 reprehendit.
1585 3578 1729 3633 Sitn-

138 3671 463 3740 plicissimus
484 3680 538 3726 et
568 3670 811 3724 sincerus
834 3681 950 3724 erat
976 3669 1140 3724 Adam
1177 3689 1188 3724 :
1214 3670 1383 3724 libere
1430 3670 1731 3723 conﬁteba-

137 3771 238 3814 tur.
273 3760 413 3814 Deus
437 3760 544 3812 ait:
575 3759 670 3813 Ubi
696 3760 790 3813 es?
815 3760 960 3815 Multi
990 3762 1073 3829 pie
1110 3762 1285 3814 locum
1318 3760 1728 3815 intellexerunt:

133 3858 342 3919 Oportet
373 3859 548 3903 tamen
587 3860 834 3905 accurate
862 3852 1145 3920 inspicere.
1180 3852 1397 3907 lllorum
1440 3868 1595 3908 sensa
1626 3852 1723 3906 ad-

133 3943 287 3997 mitto
313 3951 501 4010 utpote
529 3942 612 4010 pia
640 3960 652 4005 ;
684 3952 737 3995 et
772 3942 887 3996 lucc
917 3943 1036 3996 dico
1062 3944 1203 4011 quod
1231 3958 1355 3997 vera
1379 3944 1504 3997 sint.
1538 3944 1726 4008 Adam,

130 4036 220 4089 ubi
245 4037 340 4089 es?
371 4034 567 4089 Unde?
594 4050 698 4102 quo
746 4035 1113 4088 descendisti?
1150 4052 1213 4090 ex
1241 4051 1344 4105 qua
1376 4036 1541 4105 gloria
1586 4038 1731 4090 exci-

134 4127 297 4181 disti?
334 4126 574 4180 Admitto
617 4126 753 4179 hanc
798 4127 1187 4193 expositionem
1240 4136 1296 4180 ut
1340 4129 1501 4195 piam.
1563 4128 1731 4181 Habet

134 4222 276 4273 enim
307 4227 361 4273 et
389 4219 499 4273 veri
530 4221 783 4287 speciem,
817 4228 870 4272 et
899 4220 1202 4272 miserantis
1237 4219 1503 4273 effectum.
1537 4222 1606 4273 At
1644 4234 1731 4272 se-

134 4314 269 4367 riem
303 4326 505 4381 qumro.
538 4311 724 4375 Adam,
758 4312 845 4363 ubi
890 4311 984 4363 es?
1023 4311 1318 4379 lnterrogat
1360 4312 1519 4366 Deus.
1554 4311 1732 4365 Nove-

128 4413 235 4467 rat,
262 4414 321 4460 ut
346 4402 544 4472 opifex,
578 4404 771 4472 opilicii
821 4416 1062 4457 naturam
1098 4404 1237 4472 quod
1268 4406 1505 4476 quisquis
1538 4420 1729 4475 pecca-

138 4496 301 4559 verit,
337 4493 585 4548 fiduciam
612 4496 849 4559 amittat,
875 4496 1120 4565 quodque
1149 4506 1474 4550 consuantur
1500 4512 1730 4566 peccau-

135 4586 265 4636 tium
294 4599 410 4637 ora.
445 4585 915 4639 Animadvertebat
946 4586 1064 4639 ideo
1092 4586 1313 4655 fugisse,
1346 4587 1485 4656 Quod
1531 4589 1724 4641 fiducia

130 4683 360 4727 careret.
395 4674 593 4728 Servus
637 4686 743 4728 tum
773 4678 1008 4728 maxime
1041 4679 1228 4729 anxius
1256 4686 1358 4741 est,
1384 4693 1504 4731 cum
1537 4693 1726 4731 sense-

131 4767 195 4816 rit
229 4762 417 4816 herum
448 4774 678 4833 peracta:
724 4767 800 4819 rei
833 4781 1053 4835 gnarum
1083 4781 1204 4819 esse
1252 4783 1263 4816 :
1299 4767 1552 4834 quamdiu
1584 4768 1725 4835 igno-

129 4864 212 4909 rat
257 4855 443 4919 herus,
474 4857 704 4924 seipsum
757 4859 1081 4921 consolatur,
1115 4866 1171 4909 ut
1212 4857 1297 4925 qui
1334 4857 1495 4911 latere
1524 4860 1724 4927 possit.

131 4946 304 5002 Adam
350 4945 586 5015 fugiebat
634 4958 689 5000 ut
731 4948 1137 5016 deprehensus:
1173 4948 1313 5001 Deus
1374 4949 1728 5017 ignorantiam

132 5037 422 5094 simulabat
448 5078 461 5100 ,
492 5045 549 5089 ut
576 5050 773 5091 metum
806 5040 921 5105 ejus
970 5039 1241 5103 solveret;
1273 5048 1328 5091 ut
1378 5053 1474 5092 nos
1499 5038 1727 5094 dicimus

131 5133 198 5186 de
223 5131 435 5183 amico:
472 5128 717 5195 lgnorare
748 5146 833 5183 me
878 5130 1120 5183 simulavi
1149 5172 1161 5194 ,
1212 5145 1278 5184 ne
1329 5130 1401 5183 illi
1430 5131 1728 5184 molestiam

131 5238 394 5277 crearent.
430 5221 552 5275 llazc
574 5221 714 5275 enim
746 5237 887 5290 srrpe
914 5223 1053 5291 apud
1086 5237 1181 5275 nos
1210 5222 1550 5291 contingunt.
1578 5222 1729 5287 Quod

132 5316 173 5368 si
208 5313 346 5384 apud
383 5329 477 5366 nos
503 5314 614 5365 haec
649 5312 933 5377 accidunt,
970 5314 1135 5366 multo
1186 5315 1351 5383 magis
1396 5314 1532 5381 apud
1562 5315 1726 5367 Deum

132 5405 635 5458 clementissimum.
693 5402 857 5454 Adam
883 5444 896 5465 ,
929 5406 1013 5456 ubi
1037 5406 1128 5457 es?
1160 5420 1221 5459 ac
1261 5407 1303 5457 si
1362 5405 1588 5467 diceret,
1629 5404 1732 5458 Ne-

132 5496 264 5549 scio.
300 5494 435 5548 Tum
469 5494 576 5547 Deo
608 5508 661 5546 se
684 5494 888 5546 nescire
918 5496 1223 5560 simulautc,
1256 5498 1453 5563 probus
1484 5498 1727 5565 liberque

134 5589 343 5640 animus
369 5600 472 5639 non
500 5585 691 5645 celavit
724 5602 736 5636 :
791 5584 969 5637 Vocem
994 5596 1130 5637 tumn
1159 5589 1331 5639 audivi
1361 5596 1405 5640 et
1450 5589 1594 5641 timui
1618 5630 1631 5652 ,
1663 5603 1719 5640 eo

133 5681 265 5746 quod
292 5678 459 5733 nudus
488 5695 665 5738 essem,
698 5688 745 5731 et
785 5695 862 5731 me
896 5680 1137 5731 abscondi
1168 5680 1184 5748 (
1213 5680 1341 5735 Gen.
1371 5681 1423 5733 5.
1457 5681 1566 5751 10).
1624 5681 1729 5735 Cur

137 5769 405 5826 timuisti?
431 5785 528 5824 cur
568 5779 618 5823 te
645 5768 1009 5823 abscondisti?
1036 5770 1209 5822 Timui
1243 5771 1313 5823 ob
1352 5772 1733 5843 transgressio-

139 5877 259 5919 nem
292 5877 307 5915 :
337 5876 424 5918 me
450 5860 704 5916 abscondi
747 5861 817 5916 ob
850 5860 1162 5916 nuditatem.
1195 5860 1337 5919 Vere
1360 5873 1728 5936 transgresso-

1216 461 1304 517 DE
1341 461 1551 518 MUNDI
1590 460 1987 518 CREATIONE
2027 462 2284 519 ORATIO
2320 464 2406 518 Vl.

3351 477 3466 532 494

1875 574 1949 627 ris
1979 589 2081 628 vox
2103 574 2370 647 lacrymas
2414 586 2611 633 movet.
2668 580 2851 635 Vocem
2899 589 3040 637 tuam
3082 583 3277 651 audiui,
3313 587 3457 643 illam

1871 662 2302 731 desiderabilem,
2331 667 2473 721 illam
2502 684 2621 739 qua:
2664 670 2791 726 mihi
2831 675 3007 727 omnia
3034 674 3219 744 largita
3250 686 3353 741 est,
3386 677 3454 731 il-

1868 754 1971 807 lam
2001 771 2116 824 qua:
2148 757 2277 810 mihi
2324 757 2459 812 bona
2489 761 2716 815 contulit
2764 773 2818 816 et
2846 774 3065 832 operata
3111 774 3214 820 est.
3267 767 3456 820 Audivi

1865 861 2034 898 vocem
2067 856 2224 899 tuam.
2268 847 2506 919 Cogitavi
2538 853 2747 919 qualem
2797 869 2980 907 vocem
3032 856 3251 925 respui,
3299 873 3456 927 quam

1863 952 2050 991 vocem
2104 936 2321 1006 despexi
2356 956 2369 991 :
2404 950 2456 993 et
2504 941 2677 1007 timui,
2724 944 2846 997 talis
2902 944 3113 998 Domini
3146 948 3453 1001 mandatum

1866 1040 2255 1099 transgressus,
2290 1041 2345 1086 et
2389 1048 2476 1087 me
2502 1034 2779 1099 abscondi,
2818 1051 2882 1088 eo
2911 1037 3051 1106 quod
3110 1039 3281 1092 nudus
3325 1041 3448 1093 sim.

1864 1121 2075 1175 Exinde
2100 1122 2237 1177 Deus
2279 1139 2503 1179 monere
2534 1128 2737 1195 pergit:
2767 1128 2893 1193 Quis
2920 1130 3158 1183 indicavit
3200 1132 3287 1184 tibi
3314 1132 3451 1196 quod

1862 1212 2031 1265 nudus
2061 1229 2209 1273 esses,
2244 1214 2341 1267 nisi
2370 1217 2504 1283 quod
2531 1234 2592 1270 ea:
2619 1218 2757 1286 ligno
2799 1218 2861 1271 de
2896 1236 2993 1283 quo
3043 1227 3151 1273 solo
3200 1239 3451 1290 prtrcepe-

1860 1318 1975 1354 ram
2005 1303 2094 1354 tibi
2138 1319 2199 1355 ne
2224 1305 2511 1358 comederes
2535 1347 2549 1369 ,
2603 1308 2867 1361 comedisti
2897 1307 3045 1379 (Gen.
3085 1312 3135 1366 ὅ.
3181 1312 3316 1382 ll)?
3348 1312 3447 1367 hoc

1859 1402 1959 1453 est,
1991 1392 2096 1445 Nisi
2128 1393 2280 1460 plane
2314 1396 2413 1446 hoc
2437 1396 2675 1462 fecisses,
2707 1399 2846 1466 quod
2878 1398 3286 1466 prohibueram?
3316 1402 3446 1457 Vide

1858 1483 2129 1551 quomodo
2154 1484 2453 1537 sciscitatur
2480 1500 2543 1539 ac
2574 1486 2617 1539 si
2650 1488 2880 1541 nesciret
2905 1507 2918 1543 :
2942 1489 3048 1542 Nisi
3090 1490 3229 1559 quod
3261 1506 3323 1544 ex
3359 1492 3444 1543 illa

1854 1574 2066 1637 arbore,
2096 1572 2163 1627 de
2192 1588 2293 1642 qua
2326 1589 2680 1644 przeceperam
2714 1576 2804 1629 tibi
2835 1593 2901 1631 ne
2936 1579 3268 1643 comederes,
3297 1595 3445 1633 com-

1853 1661 2039 1716 edisti?
2065 1664 2131 1716 At
2171 1664 2290 1717 vide
2319 1665 2408 1717 Dei
2442 1666 2837 1734 benignitatem.
2881 1667 3003 1732 Quis
3027 1669 3265 1722 indicavit
3308 1670 3439 1723 tibi?

1861 1753 1987 1809 ideo
2012 1756 2336 1826 colloquium
2367 1757 2630 1831 producit,
2655 1766 2712 1811 ut
2738 1769 2936 1812 metum
2966 1760 3137 1813 solvat
3162 1801 3176 1825 ,
3221 1770 3275 1814 et
3304 1760 3444 1814 fide

1853 1847 1989 1899 ciam
2018 1848 2231 1901 excitet.
2265 1846 2543 1917 Cogitabat
2569 1849 2710 1903 enim
2740 1850 2908 1903 Adam
2942 1852 3072 1904 nihil
3116 1852 3185 1905 ibi
3224 1851 3440 1915 durum,

1854 1939 1988 1992 nihil
2028 1954 2276 2009 aspermn
2324 1955 2476 2005 esse,
2525 1957 2629 1994 non
2659 1943 3039 1995 contumeliam
3060 1984 3075 2008 ,
3105 1958 3209 1996 non
3241 1944 3442 2012 plagas.

1852 2027 2028 2082 Habes
2079 2029 2383 2097 magistram
2411 2032 2872 2085 consuetudinem.
2898 2032 3094 2087 Servus
3120 2033 3208 2101 qui
3256 2048 3442 2102 pecca-

1850 2120 1945 2181 vit,
1975 2120 2017 2171 si
2052 2119 2240 2173 herum
2260 2120 2433 2184 adeat,
2467 2136 2495 2173 a
2524 2122 2690 2189 prima
2725 2137 2857 2175 voce
2906 2132 2996 2175 aut
3048 2122 3295 2176 fiduciam
3349 2133 3437 2176 aut

1853 2222 2054 2267 metum
2088 2214 2332 2267 assumit.
2370 2211 2423 2267 Si
2457 2214 2543 2267 ille
2570 2213 2831 2283 indignari
2865 2216 3091 2282 caeperit
3113 2256 3126 2280 ,
3158 2214 3440 2281 furcmquo

1848 2304 2020 2366 illttm,
2056 2302 2472 2365 fraudulentum.
2506 2305 2755 2373 milleque
2782 2305 3045 2358 mortibus
3084 2304 3301 2373 dignum
3340 2319 3435 2372 ap-

1846 2394 2074 2462 pellarit,
2108 2396 2287 2448 animo
2317 2394 2529 2460 deficit;
2564 2397 2643 2449 sin
2692 2396 2837 2449 illum
2891 2396 3303 2464 exprobrantem
3334 2411 3434 2447 au-

1844 2488 1974 2551 dial,
2006 2486 2184 2547 Miser.
2218 2502 2317 2541 cur
2346 2488 2446 2541 hoc
2477 2488 2683 2541 fecisti?
2720 2504 2814 2541 cur
2843 2487 3114 2557 peccasti?
3145 2488 3323 2541 statim
3352 2501 3437 2539 το·-

1844 2586 2063 2643 sumpto
2094 2578 2277 2631 animo
2306 2577 2529 2630 confidit
2558 2595 2569 2630 :
2599 2593 2770 2645 neque
2812 2578 2953 2631 enim
2981 2589 3035 2630 ut
3068 2577 3230 2630 herus
3263 2578 3433 2646 punit,

1844 2667 1937 2723 sed
1966 2679 2020 2721 ut
2048 2669 2302 2737 magister
2330 2679 2531 2721 monet.
2558 2668 2646 2722 Sic
2677 2670 2817 2722 Deus
2842 2688 2854 2720 :
2882 2669 3007 2734 Quis
3026 2668 3154 2721 dixit
3185 2668 3269 2719 tibi
3302 2671 3433 2735 quod

1848 2757 2016 2810 nudus
2043 2773 2195 2821 esses,
2236 2759 2333 2810 nisi
2362 2758 2497 2825 quod
2524 2758 2586 2811 de
2634 2758 2805 2828 ligno,
2840 2759 2903 2812 de
2947 2775 3046 2827 quo
3094 2774 3430 2828 praceperam

1844 2849 1934 2901 tibi
1962 2866 2023 2901 ne
2069 2851 2375 2915 comederes,
2424 2850 2734 2903 comedisti?
2774 2850 2910 2903 Num
2946 2850 3109 2903 multa
3140 2850 3381 2919 prohibui
3410 2851 3428 2902 ἓ

1848 2939 2019 2993 Unum
2052 2941 2297 3008 prohibui
2326 2983 2338 3002 ,
2385 2941 2541 3009 idque
2591 2957 2694 2993 non
2737 2942 2810 2994 tui
2837 2942 2981 3006 odio,
3023 2942 3116 2996 sed
3162 2942 3303 3011 quod
3338 2943 3430 2996 tibi

1845 3034 2228 3100 prospicerem.
2276 3032 2401 3098 Quis
2431 3035 2519 3085 tibi
2547 3033 2823 3093 indicavit,
2869 3034 3004 3103 quod
3052 3034 3218 3087 nudus
3256 3034 3433 3087 esses!

1840 3121 1983 3176 Nihil
2016 3122 2351 3190 impudenter
2384 3125 2659 3193 respondit
2689 3143 2702 3178 :
2734 3140 2841 3177 non
2873 3124 3041 3189 dixit,
3091 3124 3427 3184 Nescieham.

1839 3214 1975 3280 Quid
2017 3213 2185 3283 ergo?
2233 3214 2456 3279 Mulier,
2500 3232 2648 3286 quam
2710 3216 2895 3269 dedisti
2937 3217 3093 3280 mihi,
3139 3217 3245 3269 Itwc
3291 3216 3430 3268 dedit

1839 3307 1983 3372 mihi,
2013 3316 2057 3358 et
2079 3308 2270 3359 comedi
2296 3306 2446 3375 (Gen.
2478 3308 2529 3360 5.
2559 3307 2673 3372 12);
2701 3323 2763 3359 ac
2792 3310 2833 3359 si
2862 3308 3083 3372 «liceret,
3131 3310 3259 3370 Quin
3306 3306 3428 3359 data

1841 3400 1968 3452 mihi
2002 3408 2149 3461 erat,
2182 3409 2235 3450 ut
2264 3400 2560 3465 adjuvaret.
2617 3399 2807 3452 Audivi
2845 3399 2985 3451 enim
3018 3414 3137 3452 cum
3170 3397 3429 3452 formatus

1838 3506 2013 3545 essem
2040 3531 2052 3552 .
2103 3501 2155 3544 et
2185 3491 2267 3543 illa
2314 3492 2543 3544 nondum
2594 3501 2776 3553 esset,
2805 3491 3070 3544 dicentem
3105 3508 3118 3542 :
3154 3488 3432 3544 Faciamus

1839 3582 1915 3635 illi
1963 3584 2247 3653 adjutorem
2275 3584 2489 3635 similem
2518 3584 2563 3636 ei
2591 3582 2743 3652 (Gen.
2775 3582 2829 3635 2.
2864 3583 2975 3649 l5).
3012 3581 3137 3635 Ha’c
3157 3598 3309 3651 quam
3336 3582 3428 3633 de-

1838 3673 1958 3726 disti
1987 3675 2131 3738 mihi,
2165 3676 2301 3727 dedit
2342 3676 2487 3727 mihi.
2514 3674 2625 3729 Non
2656 3674 2809 3739 dixit,
2848 3674 3084 3744 Decepit,
3122 3690 3246 3738 non,
3280 3672 3427 3728 Meu-

1838 3766 1932 3818 tita
1964 3777 2038 3819 est
2071 3785 2083 3819 :
2128 3765 2251 3819 Haec
2274 3767 2397 3818 milii
2419 3766 2573 3827 dedit,
2599 3776 2643 3818 et
2668 3766 2881 3820 comedi.

1910 3859 1961 3912 8.
2010 3858 2144 3912 Tum
2180 3858 2671 3925 Deus:0portebat
2708 3867 2757 3911 te
2814 3857 2963 3911 uxori
3018 3856 3240 3911 credere
3266 3897 3281 3921 ,
3319 3869 3423 3909 non

1838 3949 2008 4002 mihi?
2040 3964 2163 4001 num
2191 3948 2291 4002 fide
2322 3947 2533 4017 dignior
2556 3964 2641 4000 me
2668 3948 2905 4000 mulier"
2933 3947 3043 4015 Ego
3067 3946 3205 3999 bona
3240 3944 3425 4009 tribui,

1837 4054 1937 4108 ego
1971 4049 2018 4093 te
2040 4039 2199 4093 rebus
2229 4039 2357 4106 ipsis
2382 4037 2636 4092 honoravi
2670 4055 2683 4091 :
2720 4038 2805 4091 illa
2852 4039 3028 4091 verbis
3056 4036 3331 4090 inescavit.
3364 4036 3428 4089 lit

1836 4132 1959 4183 vide
1985 4149 1996 4183 :
2031 4139 2087 4181 ut
2132 4130 2295 4197 judex
2326 4138 2543 4199 accepta
2575 4131 2923 4183 excusatione
2950 4129 3049 4192 rei,
3079 4130 3121 4179 si
3151 4143 3257 4180 non
3290 4127 3426 4179 ultra

1837 4220 2223 4273 examinaverit
2251 4219 2420 4277 illum.
2468 4219 2561 4273 sed
2594 4220 2866 4273 transierit
2892 4219 2955 4271 ad
3008 4218 3170 4271 alium
3199 4259 3214 4284 ,
3243 4218 3422 4271 statim

1837 4325 1960 4365 reus
1991 4326 2110 4363 cum
2145 4308 2333 4362 fiducia
2363 4309 2511 4375 dicit,
2546 4309 2763 4364 interim
2810 4325 2908 4379 ego
2962 4325 3186 4364 examen
3238 4308 3373 4362 subii
3407 4325 3420 4361 :

1836 4403 1911 4456 sic
1944 4412 1996 4456 et
2020 4402 2158 4455 Deus
2190 4401 2255 4453 ab
2288 4401 2489 4455 Adamo
2512 4404 2721 4467 transit,
2756 4412 2815 4455 ut
2845 4404 2959 4468 ejus
2982 4412 3179 4455 metum
3212 4400 3417 4463 solvat,

1835 4504 1888 4547 et
1924 4494 2129 4547 mulieri
2160 4492 2307 4555 dicit,
2343 4492 2558 4546 Cur/ioc
2589 4493 2797 4561 fecisti?
2825 4493 2954 4555 Qua:
2970 4492 3273 4560 respondit:
3302 4490 3427 4544 Ser-

1836 4601 1957 4655 pens
1986 4584 2183 4637 seduxit
2234 4600 2340 4647 me,
2384 4594 2427 4637 et
2454 4583 2647 4636 comedi
2682 4582 2833 4651 (Gen.
2866 4584 2918 4636 '5.
2952 4582 3064 4651 l3).
3115 4581 3247 4646 Quia
3300 4596 3425 4634 vera

1833 4676 1986 4736 dixit,
2012 4689 2191 4727 veram
2242 4673 2381 4727 Deus
2413 4673 2782 4727 defensionem
2838 4686 2945 4726 non
2988 4673 3251 4741 vituperat
3280 4712 3295 4737 ,
3328 4672 3425 4723 sed

1837 4768 1953 4821 sine
1985 4766 2221 4820 ulteriori
2253 4767 2499 4820 examine
2523 4766 2777 4835 relinquit
2796 4780 2935 4819 eam.
2974 4765 3085 4819 Non
3118 4765 3252 4817 dixit
3283 4781 3297 4818 :
3328 4763 3425 4817 Er-

1834 4873 1970 4927 gone
1998 4858 2084 4911 ille
2111 4898 2125 4923 ,
2159 4857 2363 4911 scilicet
2392 4872 2616 4925 serpens
2644 4896 2657 4922 ,
2698 4872 2786 4910 me
2825 4856 2930 4910 fide
2980 4856 3187 4925 dignior
3214 4854 3426 4908 habitus

1836 4950 1957 5005 est?
1987 4949 2239 5003 Promisit
2265 4949 2625 5017 aequalitatem
2658 4962 2777 5001 cum
2813 4947 2943 5012 Deo,
2969 4956 3022 5001 et
3050 4953 3273 4999 mortem
3303 4959 3425 5012 pro-

1836 5043 2061 5097 curavit.
2095 5041 2294 5095 Verum
2324 5058 2429 5094 non
2456 5042 2636 5094 statim
2684 5040 2909 5108 judicat,
2944 5039 3037 5092 sed
3075 5038 3121 5091 ei
3173 5046 3231 5089 ut
3271 5035 3421 5089 infir-

1838 5134 1991 5188 miori
2024 5136 2133 5186 vasi
2167 5134 2336 5203 magis
2365 5134 2641 5201 pepercit;
2675 5139 3086 5198 serpentemque
3116 5127 3317 5189 adivit,
3368 5134 3427 5179 ut

1836 5235 1890 5278 et
1916 5224 2031 5277 viro
2060 5234 2113 5277 et
2139 5225 2351 5277 mulieri
2382 5221 2749 5293 persuaderet,
2782 5233 2838 5272 se
2855 5230 3127 5272 auctorem
3154 5217 3423 5270 aditurum

1837 5328 1995 5377 esse;
2031 5314 2230 5382 aitque,
2262 5314 2391 5377 Quia
2417 5313 2509 5364 Itoc
2536 5311 2714 5380 fecisti.
2746 5309 2929 5363 Videu‘
2947 5310 3136 5361 mirum
3167 5307 3427 5377 judicent?

1838 5405 2106 5473 Deceptos
2136 5405 2446 5471 interrogat,
2471 5402 2814 5472 deceptorem
2840 5416 3013 5455 secus.
3038 5400 3151 5454 Non
3179 5402 3225 5453 ei
3249 5400 3379 5453 dicit
3410 5439 3425 5462 ,

1838 5496 1972 5563 Quid
2018 5496 2382 5560 fecisti?sed,
2438 5495 2573 5558 Quid
2633 5496 2726 5547 hoc
2776 5495 2960 5565 fecisti.
3012 5494 3210 5548 Eodem
3268 5493 3429 5547 modo

1837 5587 2001 5641 David
2031 5588 2157 5641 dicit
2183 5630 2197 5651 ,
2234 5585 2355 5639 Non
2382 5598 2643 5654 resurgent
2693 5588 2839 5657 impii
2864 5588 2915 5639 in
2929 5588 3128 5655 judicio
3163 5586 3334 5657 (Psul.
3366 5589 3419 5639 1.

1839 5680 1928 5747 5);
1960 5693 2065 5732 non
2095 5678 2216 5749 quia
2245 5693 2351 5731 non
2387 5687 2671 5748 resurgent
2696 5720 2707 5740 ,
2757 5678 2849 5732 sed
2878 5679 2997 5747 quia
3016 5694 3128 5732 non
3156 5678 3429 5733 examina-

1839 5771 2056 5824 buutur.
2098 5770 2229 5834 Quia
2255 5772 2349 5821 hoc
2377 5771 2565 5839 fecisti.
2600 5768 2803 5823 lnllicta
2837 5771 3070 5837 serpenti
3128 5784 3303 5837 poena,
3330 5782 3426 5820 eo-

1842 5880 1959 5920 rum
1989 5880 2121 5936 quos
2148 5865 2433 5920 seduxerat
2461 5881 2646 5937 pinnas
2674 5865 2904 5921 leviores
2930 5862 3129 5919 effecit.
3168 5863 3301 5933 Nisi,
3349 5863 3429 5924 ite
