3984 6432
156 436 277 493 495

408 548 650 614 Ἐπειδὴ
703 546 883 602 τοῦτο
922 547 1247 615 ἐποίησας·
1300 547 1752 619 ἐπειδὴοκαρδίαν

157 637 473 706 ἠπάτησας,
512 632 606 685 καὶ
640 631 740 700 τὴν
788 632 994 684 κοιλίαν
1026 630 1251 695 ἔπεισας
1286 631 1573 703 βρώματος
1609 631 1753 700 ἀψα-

159 721 307 781 σθαι,
349 716 477 769 Ἐπὶ
531 713 611 780 τῷ
674 714 887 780 στήθει
931 715 1030 767 καὶ
1086 713 1162 782 τῇ
1204 717 1403 781 κοιλίᾳ
1456 717 1749 784 πορεύσῃ.

168 802 408 869 Ἐπειδὴ
448 800 625 855 τοῦτο
678 798 1010 865 ἐποίησας·
1048 799 1233 870 ἐπειδὴ
1287 800 1512 871 καρδίαν
1539 801 1752 871 ηπάτη-

156 904 275 949 σας.
336 886 431 939 καὶ
470 884 568 954 τὴν
619 882 830 936 κοιλίαν
874 882 1099 945 ἔπεισας
1150 882 1437 955 βρώματος
1487 883 1749 952 ἅψασθαι,

167 969 293 1021 Ἐπί
328 967 411 1032 τῷ
440 966 648 1032 στήθει
682 966 780 1018 καὶ
827 963 902 1032 τῇ
956 970 1159 1030 κοιλίᾳ
1208 968 1499 1034 πορεύσῃ.
1533 966 1644 1036 Οὐχ
1676 966 1752 1029 ὼς

153 1053 282 1105 ποσὶ
312 1049 658 1122 κεχρημένου
688 1048 749 1100 τὸ
779 1048 1068 1119 πρότερον,
1098 1049 1194 1103 νῦν
1225 1050 1586 1117 ἀποφαίνεται
1620 1052 1752 1113 Θεὸς

152 1137 242 1190 τὸν
281 1136 377 1188 ἐπὶ
423 1133 525 1203 τῆς
578 1132 789 1196 κοιλίας
850 1134 1176 1202 περίπατον,
1225 1133 1341 1186 ἀλλ’
1379 1132 1567 1202 ἐπειδὴ
1593 1132 1751 1203 ὀρθὸς

150 1216 404 1289 έστηκὼς
428 1218 497 1286 τῇ
537 1215 759 1284 γυναικὶ⁹
788 1214 1077 1283 διελέγετο.
1112 1216 1186 1269 Οὐ
1218 1216 1326 1288 γὰρ
1356 1212 1423 1287 ἦν
1450 1215 1623 1278 ἄλλως
1653 1216 1751 1268 αύ-

150 1303 240 1356 τὸν
262 1302 366 1371 τὴν
412 1301 554 1371 πρὸς
604 1300 704 1369 τὴν
748 1297 893 1351 Εὕαν
925 1299 1199 1352 ποιεῖσθαι
1231 1299 1487 1367 διάλεξιν.
1520 1299 1662 1353 Αὐτὸ
1690 1300 1751 1353 τὸ

148 1387 248 1456 τῆς
281 1381 572 1447 διαλέξεως
620 1383 825 1453 σχῆμα,
884 1382 1003 1453 μεθ’
1056 1376 1118 1435 οῦ
1171 1382 1315 1437 Εὕαν
1347 1384 1622 1454 ἠπάτησε,
1671 1383 1751 1453 τῷ

150 1470 293 1524 κατά
331 1467 398 1540 [1.
440 1465 559 1539 ἐπὶ]
591 1465 669 1536 τῷ
710 1466 895 1537 στήθει
926 1468 1213 1537 περιπάτῳ
1258 1466 1496 1532 κολάζει,
1526 1469 1748 1538 καὶτῆς

148 1551 601 1621 ἀνατεταγμένης
630 1549 882 1603 ἐκϐάλλει
909 1549 1192 1616 βαδίσεως.
1226 1550 1289 1604 Εἰ
1315 1551 1427 1622 γὰρ
1456 1554 1550 1605 καὶ
1573 1553 1749 1616 ἄπους

148 1636 208 1702 ἐξ
234 1635 415 1707 ἀρχῆς
444 1633 829 1697 διεπέπλαστο,
874 1632 1011 1687 ἀλλά
1053 1634 1277 1698 κύκλοις
1324 1635 1542 1706 γοργῶν
1583 1652 1748 1689 τινων

148 1719 398 1775 κάτωθεν
461 1716 703 1786 ἑλιγμῶν
766 1715 1187 1788 ἀνορθούμενος,
1252 1717 1575 1787 τεταμένοις
1635 1720 1748 1781 τοῖς

149 1802 406 1873 στήθεσιν
436 1801 658 1853 ἵππευε.
686 1799 779 1852 Διὸ
802 1800 898 1853 καὶ
928 1799 1022 1852 νῦν
1048 1802 1075 1853 6
1109 1800 1231 1868 ὄφις
1254 1800 1515 1865 πολλάκις
1543 1800 1749 1871 θυμού-

150 1903 309 1958 μενος
341 1885 630 1954 ἀνίστησιν
678 1883 892 1946 ἐαυτὸν,
943 1885 1038 1937 καὶ
1090 1885 1364 1948 κυκλικῶς
1399 1885 1747 1955 ἑλισσόμενος

146 1970 331 2042 τρέχει
355 1985 370 2001 ·
414 1967 629 2039 προϐὰς
654 1967 712 2020 δὲ
750 1967 873 2019 ὅσον
902 1966 1071 2031 δεῖξαι
1096 1967 1190 2020 τοῦ
1226 1968 1459 2021 παλαιοῦ
1493 1967 1748 2038 βαδίσμα-

142 2070 234 2116 τος
261 2053 365 2124 τὴν
396 2051 641 2122 μνήμην,
673 2049 837 2104 πάλιν
865 2050 947 2121 τῷ
972 2051 1074 2120 τῆς
1111 2051 1439 2119 ἀποφάσεως
1468 2052 1743 2105 καταϐάλ-

143 2135 298 2188 λεται
327 2134 502 2203 νόμῳ.
527 2132 636 2186 Καὶ
675 2132 794 2201 γῆν
826 2132 988 2202 φανῇ
1019 2133 1225 2198 πάσας
1248 2134 1356 2199 τὰς
1382 2134 1606 2203 ἡμέρας
1636 2133 1745 2201 τῆς

142 2216 296 2286 ζωῆς
326 2231 467 2270 σου.
496 2216 753 2283 Ἐκθραν
773 2216 941 2284 θήσω
976 2216 1094 2270 ἀνὰ
1118 2216 1315 2284 μέσον
1356 2217 1472 2271 σοῦ
1502 2220 1600 2271 καὶ
1634 2217 1745 2286 τῆς

142 2302 458 2370 γυναικός.
490 2299 554 2353 Τί
600 2301 716 2352 ἐστι
746 2299 828 2363 τὸ,
863 2297 998 2367 Γῆν
1026 2298 1229 2369 spargi;
1263 2302 1328 2354 Ὃ
1373 2301 1745 2373 προεξένησας

139 2382 403 2453 γενέσθαι
431 2380 511 2453 τῷ
546 2381 740 2453 ’Δδάμ,
789 2382 950 2435 τοῦτο
984 2382 1153 2437 ἔσθιε.
1204 2384 1405 2437 Μέλλει
1439 2385 1547 2457 γὰρ
1590 2378 1746 2449 οὗτος

146 2467 404 2521 ἀκούειν·
452 2463 544 2533 Γῆ
594 2461 666 2531 εἷ,
704 2465 800 2518 καὶ
835 2468 923 2532 είς
967 2464 1087 2535 γῆν
1112 2468 1451 2537 ἀπελεύσῃ.
1487 2470 1747 2537 Ἕχθραν

142 2551 313 2621 θήσω
347 2551 469 2604 ἀνὰ
498 2549 696 2618 μέσον
731 2548 849 2603 σοῦ
876 2550 975 2603 καὶ
1008 2549 1121 2617 τῆς
1144 2552 1450 2618 γυναικός.
1489 2553 1641 2605 Ἐπεὶ
1670 2551 1745 2615 ὡς

139 2634 297 2703 φίλον
323 2633 636 2703 ὴπάτησας,
664 2631 740 2694 ὡς
768 2631 962 2702 ἐχθρὸς
988 2632 1247 2703 ἐκϐάλλῃ.
1268 2634 1503 2697 Ἐκεῖνος
1532 2637 1558 2688 6
1588 2635 1745 2702 λόγος

141 2719 310 2788 νόμος
344 2716 585 2785 ἐγένετο.
634 2715 881 2786 Πρόσεχε
925 2714 1136 2768 τοίνυν·
1173 2716 1306 2785 Γῆν
1337 2717 1500 2787 φαγῇ
1540 2718 1745 2786 πάσας

138 2804 250 2867 τὰς
294 2800 529 2871 ἡμέρας
575 2798 685 2867 τῆς
719 2798 868 2867 ζωῆς
920 2814 1063 2855 σου.
1088 2800 1266 2873 Ὅρα·
1318 2802 1379 2855 οὑ
1416 2803 1576 2856 τοῦτο
1616 2803 1746 2874 περὶ

137 2887 235 2941 τοῦ
259 2886 442 2957 ὄφεως
462 2884 632 2953 λέγει,
665 2884 746 2936 ὅτι
780 2884 977 2937 Ἔσται
1005 2900 1088 2936 σοι
1116 2885 1284 2939 σιτίον
1310 2886 1435 2956 ήγῆ
1459 2904 1470 2916 ·
1497 2886 1616 2940 οὐδὲ
1636 2888 1745 2955 γὰρ

138 2970 229 3023 ἀεὶ
256 2973 372 3033 τοῖς
418 2969 577 3038 ὄφεσι
624 2968 685 3021 τὸ
726 2967 1043 3039 ἐσθιόμενον
1081 2970 1177 3039 γῆ,
1222 2969 1358 3023 ἀλλά
1402 2971 1497 3023 καὶ
1549 2972 1743 3043 κρέασι

138 3051 459 3123 τρέφονται,
496 3052 592 3104 καὶ
620 3053 853 3123 καρποῖς
884 3051 1242 3121 εὐωχοῦνται,
1275 3054 1371 3107 καὶ
1412 3056 1745 3125 σπερμάτων

138 3134 501 3203 ἐφάπτονται,
551 3134 648 3185 καὶ
696 3132 927 3202 βοτάνας
983 3134 1246 3205 θηρῶσιν.
1301 3136 1462 3189 Ἀλλά
1511 3138 1600 3191 διὰ
1650 3139 1743 3192 τοῦ

140 3219 340 3283 εἰπεῖν,
375 3216 514 3285 Γῆν
542 3214 727 3286 φαγῆ,
745 3215 905 3269 τοῦτο
930 3216 1116 3286 λέγει·
1136 3220 1554 3293 Δαπανήσει[ς],
1586 3223 1737 3291 φησὶ,

137 3301 241 3375 τὴν
274 3302 404 3374 γῆν,
432 3302 520 3355 ἐπ’
547 3301 719 3372 αὐτὴν
748 3300 1151 3373 ἐντριϐόμενος.

241 3452 393 3507 Αλλὰ
433 3451 656 3521 λέγουσί
695 3469 839 3517 τινες
861 3469 875 3484 ·
914 3453 976 3507 Εἰ
1002 3454 1030 3506 6
1072 3452 1319 3525 διάϐολος
1352 3454 1621 3525 ἡπάτησε,
1654 3456 1743 3511 διὰ

138 3536 196 3590 τί
221 3540 251 3591 6
276 3538 402 3607 ὄφις
425 3537 527 3606 τὴν
556 3535 803 3607 κατάραν
831 3534 1050 3600 ἐδέξατο
1071 3553 1087 3602 ;
1122 3522 1228 3591 Τὸν
1252 3522 1485 3609 ἀόρατον
1512 3522 1745 3610 δαίμονα

140 3620 367 3693 ἀοράτῳ
409 3620 661 3691 μαστίζει
693 3619 899 3692 πληγῇ·
930 3620 992 3672 τὸ
1018 3620 1298 3693 ὁρώμενον
1330 3623 1562 3693 ὄργανον
1600 3626 1742 3695 ὁρω-

143 3707 285 3777 μένη
339 3703 635 3758 ὑποϐάλλει
681 3706 943 3777 τιμωρίᾳ,
978 3706 1078 3760 Διὰ
1123 3706 1208 3772 τίς
1248 3706 1461 3778 Ὥσπερ
1511 3708 1745 3780 ἀόρατος

139 3788 219 3841 ὣν
244 3791 275 3840 6
313 3787 470 3850 Θεὸς,
507 3786 707 3841 ἔδωκεν
735 3787 1017 3859 ὁρώμενον
1058 3789 1363 3861 ὑπόμνημα
1391 3791 1452 3844 τὸ
1491 3791 1740 3864 δένδρον·

138 3870 320 3933 οὕτως
358 3871 591 3941 ἀόρατος
642 3870 718 3925 ῶν
746 3873 775 3924 6
820 3871 1083 3936 διάϐολος,
1136 3872 1449 3945 ἀνθρώποις
1483 3874 1629 3944 λέγει
1658 3877 1746 3931 διὰ

140 3955 238 4009 τοῦ
260 3955 460 4022 ὄφεως.
477 3953 803 4008 ’Υποϐάλλει
833 3955 1014 4008 τοίνυν
1032 3958 1063 4009 6
1084 3956 1216 4020 Θεὸς
1241 3957 1331 4010 τὸν
1357 3958 1481 4027 ὄφιν
1505 3962 1741 4033 κατάρᾳ,

142 4041 235 4093 ῖνε.
259 4039 369 4093 κᾶν
397 4037 491 4090 τὸν
530 4038 776 4092 διάϐολόν
807 4050 833 4079 ι
857 4039 941 4102 τίς
975 4056 1028 4092 τι
1072 4039 1264 4103 ἔπαθε,
1301 4041 1390 4095 τὸν
1425 4040 1579 4114 [5071
1620 4046 1744 4115 ὄφιν

140 4124 231 4177 ἀεὶ
288 4121 506 4193 βλέπων
554 4122 852 4193 συρόμενον
898 4122 991 4175 τόν
1025 4139 1155 4176 ποτε
1205 4124 1621 4195 διανεστηκότα,
1665 4131 1744 4191 εἰς

141 4206 459 4279 ὑπόμνησιν
487 4204 650 4278 λάϐῃ,
690 4206 771 4259 ὅτι
797 4207 847 4259 εί
880 4207 908 4259 6
935 4206 1210 4277 ὑπουργὸς
1235 4208 1334 4278 τῆς
1369 4211 1569 4274 κακίας
1600 4211 1744 4264 οὕτω

142 4291 460 4355 κολάζεται,
487 4291 515 4344 6
544 4289 844 4361 αὐτουργὸς
870 4289 1069 4353 πόσον;
1110 4291 1353 4362 Πρόσεχε
1386 4295 1585 4349 τοίνυν.
1617 4296 1745 4349 Τού-

140 4390 241 4429 του
272 4372 481 4444 άόελφά
511 4372 786 4445 εὑρίσκεις
834 4374 893 4426 ἐν
920 4372 999 4443 τῷ
1030 4372 1362 4446 Εὑαγγελίῳ.
1386 4378 1601 4449 Ὥσπερ
1635 4380 1744 4452 γὰρ

142 4462 205 4510 ιν
233 4457 316 4528 τῷ
354 4457 619 4528 ὁρωμένῳ
664 4457 785 4526 ὄφει
837 4456 929 4510 τὸν
965 4456 1230 4513 λαλοῦντα
1266 4460 1559 4533 κατέκρινε
1606 4463 1744 4533 μετὰ

141 4540 244 4594 τοῦ
272 4540 580 4611 ὁρωμένου,
599 4538 744 4594 οὕτω
770 4540 867 4594 καὶ
892 4542 951 4594 ἐν
970 4540 1050 4611 τῷ
1072 4542 1408 4614 Εύαγγελίῳ,
1436 4547 1526 4599 ὅτε
1555 4550 1604 4601 οί
1632 4548 1746 4601 δαίε-

147 4640 314 4691 μονες
364 4622 550 4691 ὴξίουν
596 4624 690 4677 τὸν
739 4624 974 4696 Χριστὸν
1028 4626 1102 4698 μὴ
1160 4628 1477 4700 πεμφθῆναι
1520 4634 1600 4696 είς
1645 4633 1746 4702 τὴν

144 4707 409 4765 ἄϐυσσον,
461 4705 681 4774 ελεγον·
712 4707 1069 4777 Ἐπίτρεψον
1115 4711 1262 4779 ’ἡμῖν
1309 4715 1610 4769 είσελθεῖν
1658 4719 1746 4784 είς

144 4789 295 4855 τοὺς
329 4788 603 4857 χοίρους·
649 4789 950 4859 ἐπέτρεψεν
987 4794 1272 4859 εἰσελθεῖν,
1308 4795 1394 4850 ἵνα
1420 4799 1547 4861 τοὺς
1573 4800 1746 4871 ἀορά-

145 4889 275 4934 τους
307 4872 406 4924 σὺν
438 4873 550 4934 τοῖς
585 4872 886 4941 δρωμένοις
920 4874 1135 4944 σώμασι
1184 4882 1576 4956 καταποντίση.
1614 4884 1747 4953 Γῆν

147 4953 340 5025 φανῇ.
368 4955 634 5023 Ἔχθραν
664 4953 831 5021 θήσω
858 4956 976 5011 ἀνὰ
997 4958 1193 5025 μέσον
1218 4960 1337 5013 σοῦ
1370 4963 1465 5015 καί
1502 4953 1614 5032 τῆς
1637 4985 1743 5034 γυ-

146 5040 381 5105 ναικός.
416 5038 525 5109 Τὴν
550 5038 735 5108 φιλίαν
762 5041 841 5102 είς
875 5040 1075 5111 ἔχθραν
1108 5043 1429 5119 μετέστησε,
1458 5049 1551 5099 καὶ
1581 5051 1746 5120 νόμος

146 5123 372 5191 ἐγένετο
408 5124 436 5175 6
462 5122 639 5190 λόγος.
688 5124 797 5176 Καὶ
829 5122 897 5175 τὰ
928 5125 1024 5193 μὲν
1054 5125 1190 5179 ἄλλα
1221 5126 1387 5197 Θηρία
1424 5131 1745 5187 σπεύδουσιν

145 5206 195 5257 οἱ
228 5204 510 5274 ἄνθρωποι
540 5205 857 5276 ἡμερῶσαι·
896 5207 1019 5274 ὄφιν
1050 5208 1106 5260 δὲ
1145 5208 1240 5262 ἐάν
1269 5228 1353 5274 τις
1392 5211 1498 5283 ἴδῃ,
1543 5216 1746 5283 σφαδά-

146 5288 254 5351 ζει.
294 5284 464 5338 Μένει
500 5286 606 5355 γὰρ
640 5290 667 5339 6
696 5289 819 5359 ὄρος
842 5306 855 5320 ·
886 5291 1152 5360 Ἕχθραν
1195 5293 1361 5358 θήσω
1406 5295 1521 5349 ἀνὰ
1551 5296 1748 5366 μέσον

144 5369 289 5424 σοῦ.
342 5366 463 5421 Κᾶν
492 5369 552 5420 ἐν
578 5370 727 5441 οίκίςι
774 5371 878 5442 ἴδῃ,
909 5375 1169 5441 φονεῦσαι
1198 5377 1341 5430 θέλει
1367 5397 1379 5408 ·
1426 5379 1527 5432 κᾶν
1558 5382 1617 5433 έν
1643 5381 1746 5451 ὁδῷ

148 5452 259 5525 ῐδῃ,
292 5453 546 5522 μαίνεται
575 5451 852 5523 φονεῦσαι.
889 5456 1095 5511 Νύσσει
1120 5459 1230 5532 γὰρ
1264 5462 1429 5515 αὑτὸν
1451 5464 1478 5515 6
1521 5465 1747 5535 ἀρχαῖος

145 5540 329 5608 λόγος.
367 5540 587 5610 Μυρίας
627 5539 723 5592 ἐὰν
754 5540 829 5611 δῷ
874 5543 1088 5614 πληγὰς
1116 5548 1194 5619 τῷ
1234 5548 1377 5618 ὄφει,
1412 5552 1505 5605 ἐὰν
1534 5553 1619 5626 ἴδῃ
1650 5554 1747 5625 τὴν

146 5626 393 5713 κεφαλὴν
414 5628 498 5713 μὴ
534 5626 856 5713 τρωθεῖσαν,
880 5630 1087 5713 εὐθέως
1116 5641 1497 5709 παρεγγυᾶται
1531 5641 1609 5713 τῷ
1649 5644 1716 5711 ὲφ

148 5708 370 5765 εστῶτι·
413 5710 524 5781 Τὴν
563 5709 801 5782 κεφαλὴν
837 5712 937 5766 οὐκ
967 5708 1205 5790 ἔπληξας
1243 5722 1339 5777 τοῦ
1368 5708 1749 5795 ὄφεωςξκατὰ

211 5879 241 5910 ⁸
270 5879 405 5930 Fort.
433 5881 513 5930 διὰ
532 5881 615 5931 τὸν
633 5883 677 5933 δ.

1272 427 1358 482 DE
1392 427 1609 484 MUNDI
1641 428 2039 485 CIHLATIONE
2078 432 2337 493 ORATIO
2370 437 2456 493 Vl.

1856 552 1960 622 τῆς
1992 552 2235 623 κεφαλῆς
2278 554 2547 626 κροῦσον·
2586 558 2774 632 ἐπειδὴ
2814 560 2844 614 6
2882 560 3016 626 Θεὸς
3045 556 3223 629 εἶπεν,
3252 568 3445 634 Αὐτός

1855 647 1973 687 σου
2013 635 2264 703 τηρήσει
2306 639 2606 708 κεφαλὴν,
2652 642 2752 695 καὶ
2796 644 2878 697 σὺ
2938 644 3224 713 τηρήσεις
3256 651 3447 705 αὑτοῦ

1854 714 2136 802 πτέρναν.
2184 720 2225 771 Τ
2232 719 2247 770 ί
2291 720 2348 774 δὲ
2386 722 2545 776 τοῦτό
2577 726 2754 791 ἐστιν;
2784 727 2859 780 Ού
2887 725 3058 795 λέγει,
3097 729 3180 782 ὄτι
3224 731 3445 802 Ποιήσω

1851 797 1945 850 τὸν
1996 799 2281 871 ἄνθρωπον
2334 805 2476 858 κατὰ
2522 805 2632 860 τῶν
2674 807 2850 863 ἄλλων
2895 809 2991 863 τοῦ
3042 810 3294 882 σώματός
3348 797 3443 868 σου

1857 882 2033 952 μελῶν
2071 884 2145 955 μὴ
2203 889 2581 960 καταχρῆσθαι
2627 890 2833 964 πληγῇ,
2882 894 3050 965 μόνην
3094 896 3149 949 δὲ
3195 897 3444 962 κολάζειν

1852 965 1950 1036 τὴν
1998 968 2263 1039 κεφαλήν.
2316 969 2594 1043 Κέχρηται
2628 976 2736 1046 γὰρ
2781 978 2810 1029 6
2853 977 3141 1048 ἄνθρωπος
3186 981 3280 1034 καὶ
3325 985 3443 1044 ταῖς

1854 1049 1996 1102 κατά
2025 1051 2245 1104 πάντων
2275 1053 2386 1106 τῶν
2418 1056 2597 1127 μελῶν
2638 1060 2730 1111 ἐπὶ
2772 1060 2861 1113 τὸν
2907 1061 3027 1129 ὄφιν
3060 1063 3318 1133 πληγαῖς,
3367 1065 3443 1128 ὡς

1852 1131 2075 1218 ὃθεν-ἂν
2110 1135 2308 1208 πλήξῃ,
2337 1138 2397 1190 τὸ
2438 1140 2547 1192 πᾶν
2585 1142 3015 1214 τιμωρούμενος.
3055 1131 3165 1199 Kc).
3204 1146 3265 1199 τὸ
3305 1146 3441 1218 πρὸς

1850 1215 1942 1269 τὸν
1974 1216 2097 1286 ὅφιν
2120 1218 2178 1271 δέ
2209 1222 2361 1291 παρὰ
2381 1222 2475 1276 τοῦ
2504 1226 2776 1279 Δεσπότου
2809 1227 2991 1299 ῥηθὲν,
3025 1230 3107 1283 ὃτι
3135 1228 3220 1285 Σὺ
3255 1215 3443 1284 αὑτοῦ

1851 1301 2138 1370 τηρήσεις
2171 1306 2456 1374 πτέρναν,
2494 1310 2557 1362 οὺ
2585 1310 2745 1365 τοῦτο
2788 1313 3048 1385 κηρύττει
3081 1317 3142 1368 τὸ
3173 1317 3316 1370 κατά
3342 1316 3443 1387 τῆς

1853 1389 2092 1475 πτέρνης
2117 1391 2362 1447 δεδόσθαι
2402 1398 2515 1461 τοῖς
2552 1398 2739 1468 ὄφεσιν
2769 1399 2981 1469 ἔφοδον·
3013 1403 3305 1473 ἐπέρχεται
3333 1404 3443 1475 γὰρ
3492 1454 3495 1457 .

1852 1471 1965 1558 ἔσθ’
2015 1476 2104 1528 ὅτε
2153 1477 2247 1528 καὶ
2286 1478 2661 1547 καθεύδουσιν,
2723 1471 3443 1558 ἐπιλαμϐάνεται-γαστρὸς

1852 1556 2133 1623 πολλάκις,
2163 1559 2369 1630 ἐνίησιν
2402 1562 2499 1629 ἰὸν,
2552 1566 2646 1619 καὶ
2692 1568 2849 1638 χερσὶ
2896 1572 3163 1640 προσάγει
3193 1571 3290 1624 καὶ
3328 1556 3443 1635 τοῖς

1850 1640 2057 1706 λοιποῖς
2090 1642 2275 1712 μέλεσι
2309 1646 2597 1717 δήγματα·
2650 1651 2743 1702 καὶ
2786 1652 2923 1717 ὅλως
2947 1654 3102 1709 οὐδὲν
3126 1654 3308 1708 αὐτῶν
3332 1655 3442 1707 τῶν

1850 1724 2210 1797 ἀνθρωπίνων
2259 1728 2438 1799 μελῶν
2485 1732 2725 1800 ἐμπεσὸν
2772 1735 3073 1807 ἀχείρωτον
3106 1739 3291 1809 μένει·
3325 1738 3441 1792 ἀλλ’

1849 1811 1881 1881 ή
1915 1810 2015 1880 τῆς
2044 1812 2373 1881 ἀποφάσεως
2424 1815 2630 1869 διάνοια
2681 1819 2904 1890 τοιαύτη
2928 1836 2940 1849 ⁸
2983 1821 3098 1875 Οὐκ
3146 1821 3248 1885 ἔτι,
3284 1823 3439 1892 φησὶ,

1849 1894 1989 1963 πρὸς
2045 1894 2338 1968 ἐπιϐουλὴν
2386 1898 2678 1969 ἀνθρώπου
2728 1903 2755 1953 6
2808 1902 2930 1972 ὄφις
2976 1904 3439 1977 παρρησιάσεται.

1848 1977 1965 2031 ἀλλ’
1996 1979 2126 2031 εἵσω
2163 1980 2361 2050 μένων.
2398 1984 2653 2037 τοσοῦτον
2682 1983 2826 2049 ἕξεις
2867 1986 2975 2040 τῶν
3013 1988 3317 2060 ἀνθρώπων
3348 1987 3442 2040 τὸν

1849 2060 2037 2130 φόϐον,
2089 2061 2230 2116 ὥστε
2277 2064 2505 2133 φωλεοῖς
2551 2068 3024 2142 ἐγκατακρύπτειν
3074 2072 3289 2138 σαυτὸν,
3347 2070 3443 2126 καὶ

1851 2144 2003 2215 μόλις
2031 2144 2092 2209 ἐξ
2122 2146 2272 2199 ὀπῶν
2307 2148 2444 2217 μετά
2484 2150 2652 2218 φόϐου
2685 2153 3039 2222 προκύπτειν,
3066 2154 3167 2219 τάς
3196 2155 3305 2209 τῶν
3345 2156 3442 2209 ἀν-

1848 2227 2083 2300 θρώπων
2132 2231 2403 2302 παρόδους
2454 2234 2615 2303 μόνον
2654 2235 2929 2307 τηροῦντα
2970 2238 3109 2310 πρὸς
3161 2237 3442 2293 ἀκίνδυνον

1848 2311 2094 2382 πρόοδον.
2129 2313 2188 2366 '0
2214 2315 2271 2366 δε
2302 2314 2610 2387 ἄνθρωπος,
2645 2322 2831 2391 φησὶν,
2861 2321 2919 2373 ἐν
2948 2322 3103 2394 ἀδείᾳ
3132 2323 3443 2393 περιπατή-

1849 2413 1952 2457 σει,
1980 2397 2081 2466 τῆς
2110 2397 2310 2451 σαυτοῦ
2342 2400 2586 2471 κεφαλῆς
2622 2402 2680 2454 ἐν
2711 2404 2939 2473 φωλεοῖς
2968 2406 3332 2477 τηρουμένης,
3365 2406 3442 2469 ὡς

1846 2478 2042 2549 ἐχθροῦ
2097 2482 2503 2552 κρυπτομένου,
2542 2485 2603 2537 οὐ
2653 2486 3035 2560 φθεγγομένης
3078 2490 3214 2560 πρὸς
3253 2489 3438 2555 αὑτὸν,

1847 2560 1922 2625 ὼς
1960 2563 2096 2633 πρὸς
2130 2565 2307 2634 φίλον.

1918 2647 1984 2699 θ’.
2017 2647 2156 2700 Ἀλλ’
2178 2648 2366 2719 ἐπειδὴ
2395 2651 2423 2701 6
2454 2651 2646 2723 καιρὸς
2669 2653 2903 2723 ἐπείγει,
2932 2656 3311 2729 πληρώσωμεν
3346 2671 3443 2713 και

1846 2729 2005 2813 ημείς
2034 2730 2124 2783 τὸν
2160 2730 2338 2800 λόγον.
2378 2735 2659 2807 Ἠρὼτησε
2688 2738 2787 2808 τὴν
2829 2740 3223 2811 ἀπατηθεῖσαν,
3274 2759 3440 2813 μετα-

1848 2811 2021 2866 ϐαίνει
2054 2814 2147 2867 ἐπὶ
2174 2816 2265 2869 τὸν
2306 2818 2683 2888 ἀπατήσαντα.
2715 2824 2779 2874 Ἥ
2814 2822 3088 2893 ἀπόφασις
3115 2811 3302 2880 λοιπὸν
3331 2827 3441 2881 ἀπὸ

1846 2896 1944 2981 τῇς
1975 2896 2133 2967 ῥίζης
2165 2899 2369 2970 ἢρξατο
2395 2903 2489 2956 τοῦ
2525 2904 2933 2975 ἀπατήσαντος.
2983 2903 3117 2961 Εἶτα
3150 2904 3314 2981 ἦλθεν
3345 2913 3442 2964 ἐπὶ

1844 2977 1944 3050 τὴν
1974 2981 2372 3065 ἀπατηθεῖσαν,
2406 2987 2499 3039 καὶ
2524 2988 2754 3043 ἀπειλεῖ.
2798 2991 2864 3043 Ἠ
2888 2989 3080 3063 πρώτη
3113 2977 3265 3065 φωνὴ
3304 2995 3442 3065 πρὸς

1845 3062 1936 3117 τὸν
1961 3063 2106 3133 ὄφιν,
2146 3067 2635 3138 Ἐπικατάρατος.
2662 3074 2774 3127 Καὶ
2805 3069 2978 3128 εἷπεν
3002 3078 3036 3130 ό
3066 3062 3211 3143 Θεὸς
3240 3062 3315 3147 τῇ
3339 3062 3444 3147 ¹γυ-

1844 3149 2036 3200 ναικί·
2075 3152 2410 3216 Πληθύνων
2446 3155 2741 3223 πληθυνῶ
2786 3156 2892 3223 τὰς
2930 3161 3131 3226 λύπας
3177 3176 3296 3215 σου
3339 3161 3441 3217 καὶ

1844 3230 1989 3294 τοὺς
2039 3237 2416 3302 στεναγμούς
2487 3252 2625 3292 σου.
2691 3240 2765 3292 Οὐ
2836 3243 3163 3312 καταρᾶται,
3221 3243 3310 3298 ἵνα
3363 3246 3439 3318 μὴ

1846 3311 2030 3383 τίκτῃ,
2068 3313 2258 3384 ἐπειδὴ
2291 3317 2617 3387 προφθάσις
2655 3321 2950 3393 εὐλόγησεν
2972 3311 2989 3353 ’ί
3014 3325 3103 3378 ὅτε
3131 3325 3239 3397 γὰρ
3269 3311 3440 3383 ἐπλαλ

1846 3412 1938 3447 σεν
1981 3397 2201 3461 αὐτοὺς,
2229 3399 2377 3469 λέγει
2401 3419 2415 3433 ·
2460 3402 2570 3456 Καὶ
2604 3406 2951 3474 εὐλόγησεν
2977 3409 3201 3477 αὐτοὺς
3230 3414 3263 3466 ό
3295 3412 3442 3482 Θεὸς

1843 3480 2042 3549 λέγων
2062 3498 2076 3513 ·
2098 3481 2448 3548 Αὺξὰνεσθε
2481 3486 2579 3540 καὶ
2609 3491 3017 3556 πληθύνεσθε,
3060 3494 3159 3548 καὶ
3199 3480 3441 3564 πληρώὲ

1844 3578 1994 3617 σατε
2021 3564 2140 3632 τὴν
2175 3566 2313 3636 γῆν.
2345 3569 2507 3638 Λέγει
2546 3570 2602 3623 δὲ
2636 3572 2869 3638 Παῦλος,
2904 3575 3347 3647 Ἀμεταμέλητα
3368 3581 3442 3636 τὰ

1846 3648 2189 3718 χαρίσματα
2228 3652 2337 3706 τοῦ
2378 3653 2548 3707 Θεοῦ.
2576 3655 2649 3708 Οὐ
2697 3659 3006 3727 καταρᾶται
3038 3656 3134 3714 οῦν
3172 3661 3266 3727 οὓς
3298 3664 3444 3719 εὐλό-

1845 3747 2017 3800 γησεν
2038 3750 2051 3765 ·
2090 3734 2343 3820 mam;
2375 3734 2538 3791 Ξένον
2564 3739 2855 3810 φάρμακον
2887 3741 3039 3817 [508]
3070 3748 3334 3817 προσάγει
3364 3748 3443 3820 τῷ

1845 3817 2146 3888 τραύματι,
2178 3819 2356 3885 λύπας
2385 3824 2479 3875 καὶ
2519 3826 2846 3896 στεναγμόν.
2892 3829 3088 3900 Σχῆμά
3126 3833 3275 3887 ἐστιν
3302 3817 3442 3886 ἀποξ

1847 3900 2067 3970 φάσεως
2100 3901 2461 3974 πληττούσης,
2495 3904 2650 3960 λύσιν
2674 3908 2731 3961 δὲ
2761 3909 2855 3963 τοῦ
2886 3914 3230 3984 πταίσματος
3271 3918 3444 3988 ἐπαγ-ε

1846 3984 2200 4070 γελλόμενον.Δ
2221 3987 2578 4055 Πληθύνων,
2609 3992 2763 4062 φησὶ,
2790 3997 3083 4061 πληθυνῶ
3109 4000 3217 4064 τὰς
3240 3984 3444 4070 λύπας

1846 4082 1965 4119 σου
2004 4067 2101 4119 καὶ
2140 4067 2249 4152 τὸν
2277 4073 2620 4139 στεναγμόν
2651 4088 2791 4128 σου.
2822 4077 3095 4147 Φάρμακα
3128 4067 3439 4152 μετανοίαςλ

1844 4150 2087 4239 Πρόσεχε
2115 4166 2128 4179 ⁸
2169 4149 2359 4222 ὥσπερ
2402 4155 2454 4239 οᾼί
2503 4156 2676 4239 ίατροὶ
2736 4158 2795 4211 ἐν
2838 4158 2917 4229 τῷ
2967 4149 3443 4239 αὐτῷ’φαρμάκῳ

1846 4233 1942 4283 καὶ
1974 4232 2237 4300 στύφουσι
2277 4236 2372 4287 καὶ
2418 4234 2804 4306 θεραπεύουσι,
2836 4243 2868 4311 ἠ
2914 4242 3054 4315 αὑτὴ
3086 4232 3228 4319 τομὴ
3242 4232 3353 4303 καὶ
3381 4232 3445 4304 τὸ

1846 4314 1982 4402 αὐτὸ
2024 4314 2266 4387 σιδήριον
2297 4318 2392 4402 καὶ
2420 4321 2452 4390 ὴ
2488 4320 2626 4392 αὐτὴ
2655 4322 2815 4395 ὀδύνη
2850 4326 2991 4396 μετά
3016 4328 3115 4398 τῆς
3138 4314 3313 4402 τομῆς
3344 4351 3445 4387 σω-

1846 4397 2040 4486 τηρίαν
2080 4402 2273 4486 γεννᾷ·
2305 4400 2478 4466 οὕτως
2503 4406 2530 4457 6
2561 4404 2691 4469 Θεὸς
2715 4406 2897 4461 δίδωσι
2938 4410 3030 4465 δύο
3058 4397 3244 4482 ἐφόδια
3270 4397 3443 4486 ⁷μετα--

1848 4480 2091 4572 νοίαςιτῇ
2121 4484 2511 4572 ἁμαρτησάσῃ,
2531 4487 2710 4572 λύπην
2733 4492 2826 4545 καὶ
2852 4480 3180 4567 στεναγμόν.
3209 4480 3445 4572 Τίώφε-

1849 4564 1933 4618 λεί
1962 4565 2139 4653 λύπη;
2179 4569 2381 4622 ’Ἄκουε
2427 4571 2642 4625 Παύλου
2689 4574 2972 4644 λέγοντος·
3016 4564 3086 4635 Ἦ
3136 4581 3244 4653 γὰρ
3291 4564 3443 4641 κατὰ

1856 4649 2006 4703 Θεὸν
2037 4652 2204 4719 λύπη
2238 4653 2566 4736 μετάνοιαν
2609 4661 2697 4723 είς
2736 4662 3041 4729 σωτηρίαν
3069 4649 3441 4736 ἀμεταμέλη-

1853 4749 1960 4786 τον
2008 4734 2435 4805 κατεργάζεται.
2491 4740 2600 4792 Καὶ
2648 4742 2702 4794 τί
2755 4744 3047 4813 ἐργάζεται
3098 4734 3438 4817 στεναγμός;

1854 4816 2051 4869 ’Ἄκουε
2098 4818 2350 4872 Ἡσαΐου·
2420 4822 2597 4875 Ὅταν
2645 4824 3057 4895 ἀποστραφεὶς
3113 4816 3438 4902 στενάξῃς,

1848 4901 1982 4955 τότε
2023 4902 2300 4971 σωθήσῃ.
2349 4905 2683 4973 Πληθύνων
2726 4907 3019 4975 πληθυνῶ
3072 4910 3179 4980 τὰς
3238 4901 3442 4984 λύπας

1848 4998 1967 5068 σου
1995 4984 2094 5038 καὶ
2127 4988 2235 5039 τὸν
2267 4988 2609 5057 στεναγμόν
2655 5005 2793 5044 σου.
2843 4991 2907 5044 Ἡ
2936 4991 3079 5066 λύπη
3111 4995 3355 5068 άμορφοῖ
3382 5001 3444 5054 τὸ

1854 5064 1960 5130 ἔξω
1991 5068 2283 5151 πρόσωπον
2324 5071 2416 5122 καὶ
2451 5072 2679 5139 στυγνὸν
2712 5075 2875 5130 ποιεῖ.
2914 5064 3174 5145 Καρδίας
3202 5064 3444 5151 εὺςρραιη

1849 5147 2111 5215 νομένης
2140 5150 2350 5232 θιίλλει
2383 5153 2732 5220 πρόσωπον,
2763 5156 2833 5210 ἐν
2878 5157 2947 5209 δὲ
2976 5160 3204 5229 λύπαις
3246 5147 3443 5232 ούσης

1849 5230 2278 5319 σκυθρωπάζει.
2318 5234 2537 5319 Ἐπειδὴ
2568 5233 2707 5291 εἶδεν
2741 5242 2769 5293 6
2798 5241 3076 5313 ὀφθαλμὸς
3105 5244 3166 5298 τὸ
3203 5230 3441 5319 δένδρον,

1851 5313 1945 5365 καὶ
1990 5312 2275 5378 ἐλογίσατο
2321 5320 2388 5390 τῇ
2438 5318 2649 5393 διανοίᾳ
2692 5323 2948 5393 ίσοθεῒαν,
2980 5312 3208 5383 δίδωσιν
3242 5333 3272 5384 ό
3311 5312 3443 5393 Θεὸς

1853 5398 2158 5484 στεναγμὸν
2194 5402 2262 5471 τῇ
2298 5402 2516 5475 καρδίᾳ,
2549 5407 2640 5459 καὶ
2682 5407 2859 5480 λύπην
2903 5410 2988 5481 τῷ
3018 5412 3317 5484 προσώπῳ,
3357 5415 3444 5467 ἵνα

1854 5476 1919 5567 δι’
1948 5474 2022 5533 ὧν
2045 5482 2261 5567 ἥμαρτε
2284 5474 2546 5561 κολασθῇ,
2588 5492 2681 5544 καὶ
2717 5474 3005 5566 ἶνα-πείσῃ
3046 5474 3183 5565 αὕτη
3210 5500 3242 5567 ἡ

1856 5562 1968 5634 ρία,
2000 5565 2202 5634 μᾶλλον
2237 5568 2293 5621 δὲ
2336 5572 2603 5644 σωτηρία,
2629 5575 2726 5647 τὴν
2759 5562 3015 5647 γυναῖκα,
3042 5579 3125 5632 ὄτι
3157 5562 3258 5631 οὐκ
3284 5562 3446 5648 ἐφεύ-

1854 5661 1984 5732 σατο
2011 5648 2111 5717 τὴν
2138 5651 2373 5722 ἀρχαίαν
2397 5656 2669 5725 εὐλογίαν.
2701 5659 2887 5714 Είπὼν
2913 5660 3022 5731 γὰρ
3054 5661 3258 5727 αὐτοῖς,
3286 5665 3448 5732 ηλη.

1845 5730 2086 5799 ρώσατε
2124 5734 2239 5803 τὴν
2278 5737 2417 5808 γῆν,
2447 5740 2615 5811 λέγει,
2668 5744 2773 5798 Ἔν
2800 5730 3025 5809 λύπαις
3049 5742 3194 5813 τέξῃ
3241 5730 3445 5803 τέκνα.

1970 5816 2074 5901 μὲν
2114 5819 2319 5876 τίκτειν
2363 5824 2464 5877 οὐκ
2492 5825 2732 5897 ἀναιρῶ·
2784 5824 2930 5890 ἅπαξ
2981 5825 3090 5898 γὰρ
3132 5828 3405 5901 εὐλόγησα
3430 5848 3444 5863 ·

1858 5898 1993 5953 ἀλλά
2024 5900 2304 5975 ὀδυνήσεις
2350 5908 2408 5963 ἐν
2460 5909 2662 5978 πόνοις,
2710 5912 2767 5965 ἐν
2821 5912 3105 5979 ταραχαῖς.
3144 5898 3358 5987 Ἐκειιέη
3407 5916 3445 5990 ’ἢ
