3984 6460
527 473 641 528 497

532 571 679 644 λύπη
729 569 1028 642 βαρυτάτη·
1072 570 1183 622 Καὶ
1217 572 1485 641 μαρτυρεῖ
1511 572 1540 624 ὁ
1574 572 1799 641 Σωτήρ’
1845 573 1912 627 Ἦ
1941 570 2118 641 γυνὴ·

535 655 681 711 ὅταν
711 657 900 722 τίκτῃ,
932 655 1140 721 λύπην
1172 655 1318 722 ἕχει.
1356 655 1618 708 Λυπεῖται
1657 657 1936 718 τίκτουσα,
1971 673 2125 726 μερι-

537 744 650 814 μνᾷ
690 741 966 810 τρέφουσα
987 754 1001 768 ·
1035 739 1128 792 ἐὰν
1225 740 1252 790 6
1291 742 1421 801 παῖς
1448 741 1506 791 ὲν
1539 738 1744 810 ἡλικία,
1780 741 2021 811 μεριμνᾷ
2050 737 2124 810 μὴ

537 827 762 897 ἀνόητος
899 825 994 876 ἐὰν
1041 823 1317 892 ἀποδημῇ,
1365 821 1438 893 μὴ
1479 823 1745 893 ἀποθάνῃ,
1791 825 1864 894 μὴ
1899 827 2122 894 νοσήσῃ,

540 909 617 978 μὴ
643 907 914 960 όδυνᾶται.
947 904 1118 958 Τοῦτο
1145 908 1173 958 ό
1215 905 1353 976 ἀνὴρ
1386 907 1486 958 οὐκ
1518 906 1630 975 ἔχει
1654 924 1666 935 ο
1698 906 1798 960 κᾶν
1822 907 1929 978 γάρ
1975 923 2128 977 μερι-

539 992 721 1060 μνήσῃ
748 991 776 1041 6
813 989 1014 1058 πατὴρ,
1044 989 1140 1056 οὐχ
1175 988 1346 1051 οὕτως
1374 990 1448 1052 ὡς
1478 992 1509 1059 ἡ
1553 991 1758 1060 μήτηρ,
1789 990 1922 1043 άλλά
1949 1008 2126 1059 παρα-

538 1074 789 1144 μυθεῖται
818 1073 1028 1138 ἑαυτὸν,
1063 1073 1257 1140 λέγων·
1288 1073 1607 1143 Ἀνθρωπος
1636 1076 1804 1137 ἐστιν,
1833 1070 1972 1127 οἶδεν
2001 1075 2127 1126 ἐαυ-

537 1158 631 1210 τοῦ
676 1159 1015 1228 προστῆναι·
1051 1157 1143 1208 καὶ
1188 1156 1247 1207 οὐ
1310 1159 1567 1227 μεριμνᾷ.
1613 1157 1712 1210 Διὰ
1748 1158 1827 1222 τί;
1858 1160 1980 1209 Ὅτι
2027 1159 2124 1209 οὐκ

537 1241 769 1312 ἦκουσεν
797 1240 978 1302 αὑτός·
1015 1240 1111 1291 Ἑν
1142 1240 1366 1304 λύπαις
1400 1241 1541 1307 τέξῃ
1577 1240 1776 1292 τέκνα.
1809 1239 1970 1292 Ξένον
1991 1237 2126 1303 εἶδος

529 1324 728 1393 δίκης·
766 1325 798 1394 ἡ
849 1326 1012 1392 πεῖρα
1051 1323 1280 1392 μάρτυς.
1321 1324 1488 1375 Ὃταν
1541 1322 1727 1384 ὠδῖνες
1779 1323 1984 1376 λάϐωσι
2031 1341 2127 1390 γυ-

537 1413 722 1472 ναῖκα,
768 1407 888 1460 οὐδὲ
933 1410 990 1458 ὲν
1031 1408 1215 1469 αὺτοῖς
1263 1409 1375 1468 τοῖς
1428 1406 1609 1468 πόνοις
1651 1406 1983 1477 ἀπαγορεύει
2035 1405 2126 1459 τόν

537 1492 728 1561 ἄνδρα.
775 1492 848 1543 Οὐ
908 1491 1074 1557 λέγει·
1115 1489 1241 1542 Εἴθε
1285 1490 1358 1557 μὴ
1405 1486 1470 1559 ἦν
1528 1492 1725 1560 γάμος,
1777 1491 1886 1543 εἴθε
1939 1489 2012 1559 μὴ
2059 1486 2125 1558 ἦν

538 1575 855 1644 τεκνογονία
879 1578 891 1628 !
928 1576 1001 1628 Οὐ
1028 1578 1299 1644 συγχωρεῖ
1326 1576 1459 1644 αὐτῇ
1489 1578 1515 1628 ό
1542 1575 1674 1634 Θεὸς
1710 1573 1832 1626 οὔτε
1867 1574 2003 1643 μετὰ
2027 1574 2125 1643 τὴν

539 1663 736 1729 πεῖραν
773 1660 996 1728 μισῆσαι
1029 1659 1118 1710 τὸν
1149 1659 1316 1728 ἄνδρα
1339 1676 1350 1687 ·
1408 1659 1520 1710 ἀλλ’
1555 1654 1662 1710 οἶδε
1700 1660 1792 1710 καὶ
1839 1658 1892 1709 τί
1933 1656 2123 1718 ἔπαθε,

539 1744 634 1796 καὶ
657 1744 709 1795 τί
743 1742 972 1811 ὑπέστη,
1005 1742 1097 1794 καὶ
1133 1743 1322 1808 ἁγαπᾶ
1348 1742 1437 1794 τὸν
1473 1743 1661 1810 ἄνδρα.
1689 1743 1785 1793 Διά
1811 1741 1988 1805 τοῦτο,
2026 1743 2126 1793 Ἐν

539 1829 762 1891 λύπαις
793 1825 935 1892 τέξῃ
968 1826 1168 1886 τέκνα,
1200 1825 1294 1877 καὶ
1345 1825 1495 1891 πρὸς
1530 1826 1636 1877 τὸν
1694 1826 1884 1892 ἀνδρα
1925 1841 2042 1878 σου
2084 1825 2121 1891 ’ἡ

540 1908 894 1977 ἀποστροφή
922 1923 1058 1970 σου,
1092 1909 1186 1960 καὶ
1214 1909 1395 1972 αὑτός
1415 1924 1530 1960 σου
1564 1909 1884 1974 κυιυοιεύσει.
1905 1908 2122 1979 Ἐπειδὴ

540 1994 664 2062 ἄρτι
699 1993 884 2054 κακῶς
921 1991 1263 2061 ἐκυρίευσας,
1294 1992 1385 2043 καὶ
1421 1992 1634 2058 ἐγένετο
1659 1992 1842 2055 δοῦλος
1879 1993 1980 2061 τῆς
2024 1992 2124 2060 σῆς

540 2077 822 2147 αἱρέσεως,
857 2075 966 2127 λύω
1011 2075 1108 2146 τὴν
1147 2075 1502 2127 ἀκολουθίαν·
1554 2075 1713 2138 αὐτὸς
1760 2077 2068 2140 δεσποξέτω
2097 2078 2124 2128 6

541 2160 618 2229 μὴ
650 2158 966 2226 ἀπατηθείς.
996 2159 1091 2209 Διά
1139 2157 1295 2210 τοῦτο
1324 2158 1534 2220 Παῦλος
1565 2159 1744 2225 λέγει·
1777 2159 2025 2212 Γυναικί
2058 2157 2126 2210 δὲ

539 2241 852 2294 διδάσκειν
890 2243 998 2293 οὐκ
1028 2241 1340 2307 ἐπιτρέπω,
1372 2241 1512 2295 οὐδὲ
1541 2242 1851 2296 αὐθεντεῖν
1880 2241 2119 2308 ἀνδρός.

539 2325 742 2387 Κακῶς
783 2326 888 2393 γάρ
938 2325 1154 2394 πρῶτον
1204 2325 1442 2388 ἐδίδαξεν
1497 2327 1554 2377 ὲν
1606 2326 1937 2396 παραδείσῳ.
1972 2326 2124 2378 Οὐδὲ

538 2407 849 2460 αὐθεντεῖν
901 2407 1136 2471 ἀνδρός.
1183 2407 1382 2468 Κακῶς
1427 2407 1534 2476 γὰρ
1587 2408 1937 2478 ηύθὲντησεν.
1981 2410 2123 2478 Ἀρα

537 2487 632 2544 οὖν
671 2491 810 2543 κατὰ
835 2490 1036 2559 ταύτην
1063 2491 1161 2552 τὴν
1199 2489 1406 2542 ἔννοιαν
1453 2494 1708 2560 παραινεῖ
1738 2494 1764 2543 6
1799 2491 2007 2553 Παῦλος
2049 2492 2122 2562 μὴ

537 2574 809 2627 διδάσκειν
843 2576 1094 2641 γυναῖκα,
1129 2573 1216 2624 διά
1258 2573 1327 2624 τά
1368 2574 1425 2624 ἐν
1475 2574 1790 2643 παραδείσῳ
1839 2574 2119 2642 γινόμενα.

673 2660 833 2726 ἡμεῖς
883 2655 1252 2725 σοφιζώμεθα,
1289 2656 1452 2709 ἄκουε
1501 2656 1699 2709 αὑτοῦ·
1753 2656 2003 2710 er-(md
2057 2657 2123 2708 δὲ

536 2739 848 2793 διδάσκειν
871 2741 981 2793 οὐκ
1008 2739 1320 2806 ἐπιτρέπω,
1351 2739 1494 2794 οὐδὲ
1532 2741 1841 2793 αὐθεντεῖν
1880 2741 2119 2808 ἀνδρός.

537 2825 648 2876 Καὶ
676 2825 762 2876 ἵνα
796 2823 941 2894 δείξῃ
975 2824 1055 2875 ὅτι
1085 2823 1172 2875 διὰ
1202 2823 1267 2875 τά
1295 2824 1506 2891 πρῶτα,
1543 2826 1737 2892 ἐπάγει
1764 2841 1777 2854 ·
1821 2825 1990 2892 Ἀδὰμ
2011 2826 2122 2892 γὰρ

536 2908 648 2958 οὐκ
693 2905 994 2972 ἠπατήθη,
1037 2906 1075 2973 ἠ
1114 2905 1182 2958 δὲ
1215 2908 1369 2974 γυνὴ
1417 2907 1789 2975 ἀπατηθεῖσίι
1829 2909 1897 2960 ἐν
1938 2925 2122 2976 πυρα-

539 2991 712 3042 ὄάσει
755 2988 984 3056 γέγονε.

613 3079 662 3124 ι’.
684 3073 747 3123 Τί
773 3068 864 3124 οὖν
888 3090 902 3137 ;
936 3070 1301 3142 ὑποϐέϐληται
1327 3075 1390 3142 τῇ
1421 3073 1687 3145 καταδίκῃ
1717 3073 1777 3126 τὸ
1805 3074 1913 3125 τῶν
1936 3090 2121 3140 γυναι-

536 3157 648 3208 κῶν
690 3157 864 3222 γένος,
899 3155 991 3206 ῖιιαλ⁵
1026 3155 1174 3224 μένει
1206 3157 1262 3206 ἐν
1294 3155 1511 3219 λύπαις,
1541 3158 1635 3208 καὶ
1660 3158 1718 3207 ού
1759 3157 1942 3208 λύεται
1977 3159 2003 3208 6
2031 3158 2118 3208 δε-

538 3239 705 3308 σμός;
733 3234 934 3290 Ἦλθεν
958 3240 985 3289 6
1017 3239 1248 3308 Χριστὸς
1273 3241 1300 3291 6
1321 3239 1461 3292 λύων
1489 3240 1578 3292 τὸν
1611 3241 1807 3308 δεσμόν
1830 3259 1840 3271 ·
1883 3242 2122 3310 ἀπήντη-

539 3338 630 3373 σεν
665 3323 696 3390 ὴ
729 3321 1060 3391 Κυρνοτόκος
1095 3323 1233 3392 ὑπὲρ
1272 3323 1362 3374 τοῦ
1392 3325 1582 3390 γένους
1610 3324 2044 3395 άπολογουμένη,
2085 3328 2117 3396 ἡ

538 3403 691 3475 [509]
720 3405 846 3469 ἁγία
893 3405 1169 3474 ιιαρθένος
1199 3408 1318 3458 ἀντὶ
1360 3408 1458 3475 τῆς
1505 3407 1774 3476 παρθένου
1800 3424 1812 3435 ·
1857 3407 2121 3475 παρθένος

535 3487 645 3554 γάρ
679 3483 745 3558 ἦν
777 3491 870 3539 καὶ
905 3489 935 3556 ὴ
975 3487 1084 3539 Εὕα
1131 3490 1218 3541 ὅτε
1267 3490 1544 3558 ἥμαρτεν·
1597 3490 1752 3540 ἔλυσε
1798 3490 1895 3560 τὴν
1945 3490 2120 3559 λύπην

535 3575 631 3624 καὶ
685 3573 774 3624 τὸν
817 3574 1119 3641 στεναγμὸν
1166 3573 1262 3641 τῆς
1327 3573 2120 3644 καταδεδικασμένης.,Ὥσπερ

535 3658 644 3725 γάρ
679 3657 771 3707 ἐάν
793 3673 876 3716 τις
916 3656 1085 3725 κληθῇ
1117 3659 1196 3717 εἰς
1230 3658 1294 3707 τά
1339 3655 1606 3724 βασίλεια,
1657 3655 1946 3718 σπουδάζει
1994 3659 2120 3719 τοὺς

539 3739 702 3800 ἰδίους
729 3740 979 3808 τιμῆσαι,
1008 3739 1107 3789 κᾶν
1136 3733 1269 3790 ὦσιν
1293 3741 1349 3791 ἐν
1382 3739 1614 3807 ἀνάγκῃ,
1647 3738 1941 3790 ἀπολῦσαι·
1979 3740 2120 3790 οὕτω

535 3821 796 3888 κληθείσα
824 3823 856 3889 ἡ
898 3821 1026 3887 ἁγία
1055 3820 1326 3890 ῐίαρθένος
1352 3823 1430 3881 εἰς
1463 3822 1531 3872 τὰ
1561 3820 1805 3889 βασίλεια
1844 3823 2120 3891 ὑπηρετή-

537 3903 734 3956 σασθαι
766 3906 828 3973 τῇ
865 3903 986 3973 θείᾳ
1028 3906 1296 3971 γεννήσει,
1333 3902 1564 3956 ἐλθοῦσα
1609 3905 1686 3965 εἰς
1727 3904 1881 3968 ξένας
1925 3905 2118 3968 ὠδῖνας

533 3987 738 4056 ταύτην
787 3989 1008 4056 πρώτην
1050 3990 1190 4038 αἰτεῖ
1235 3988 1414 4055 χάριν,
1474 3987 1671 4056 μᾶλλον
1719 3988 1774 4039 δὲ
1827 3989 2114 4057 λαμϐάνει.

548 4071 766 4140 Ἐπειδὴ
796 4072 894 4122 ούκ
919 4070 1124 4140 ἔπρεπε
1160 4071 1256 4140 τὴν
1282 4071 1570 4122 κατάδικον
1604 4074 1834 4138 γυναῖκα
1863 4074 2118 4142 γεννῆσαι

535 4157 624 4208 τὸν
650 4155 960 4219 ἀνεύθυνον,
999 4156 1215 4225 ἔρχεται
1245 4158 1272 4207 6
1303 4155 1445 4207 λύων
1474 4155 1690 4226 πρῶτον
1721 4157 1817 4225 τῆς
1855 4156 1996 4218 Εὔας
2021 4158 2119 4226 τὴν

533 4239 710 4309 λύπην
743 4238 829 4291 διὰ
857 4241 1049 4308 χαρᾶς.
1082 4239 1339 4308 Ἔρχεται
1366 4240 1392 4290 ὁ
1423 4237 1652 4306 ἄγγελος
1673 4238 1843 4306 λέγων
1871 4242 1935 4309 τῇ
1969 4241 2117 4310 Παρ-

535 4323 672 4393 θένῳ
691 4340 704 4353 ο
724 4323 916 4390 Χαῖρε,
939 4321 1399 4389 κεχαριτωμένη.
1419 4319 1549 4374 Εἶτα
1570 4321 1657 4373 διὰ
1678 4321 1771 4374 τοῦ
1801 4324 1973 4390 Χιιζοε
2002 4323 2117 4376 λύει

537 4406 624 4458 τὸν
655 4406 853 4472 δεσμὸν
886 4408 981 4474 τῆς
1011 4403 1206 4474 λύπης.
1236 4403 1412 4471 Χαῖρε
1433 4422 1445 4433 ·
1480 4401 1643 4474 ἦλθεν
1673 4407 1700 4455 ό
1730 4405 1871 4458 λύων
1899 4407 1998 4476 τὴν
2028 4407 2117 4458 λύ-

537 4505 664 4557 πην.
692 4487 884 4552 Χαῖρε,
912 4487 1350 4555 κεχαριτωμένη
1377 4503 1390 4514 ·
1419 4487 1604 4555 ἐπειδὴ
1629 4488 1731 4549 ἓως
1758 4489 1850 4540 νῦν
1876 4506 2116 4558 κεκατη-

537 4570 768 4642 ραμένη.
793 4566 916 4621 Ὧδε
941 4571 1177 4638 πρόσεχε
1194 4572 1257 4638 τῇ
1285 4569 1378 4620 τοῦ
1407 4568 1540 4620 Θεοῦ
1565 4570 1766 4638 χάριτι.
1796 4571 1991 4636 Χαῖρε,
2024 4589 2117 4624 κε-

538 4655 932 4722 χαριτωμένη·
997 4657 1030 4707 ό
1094 4654 1306 4719 Κύριος
1351 4651 1501 4720 μετὰ
1549 4653 1685 4706 σοῦ.
1731 4653 1947 4724 Ἐπειδὴ
1997 4656 2113 4723 μετ’

535 4737 748 4806 ἐκείνης
784 4739 812 4788 6
845 4737 966 4804 δφις
1020 4739 1077 4788 ἐν
1114 4736 1282 4806 λύπῃ,
1327 4738 1502 4804 χαῖρε,
1545 4735 1730 4804 ἐπειδὴ
1775 4735 1913 4804 μετά
1965 4736 2057 4789 σοῦ
2087 4739 2115 4790 6

532 4820 682 4883 Θεός.
726 4821 831 4872 Καὶ
861 4819 1025 4887 βλέπε
1056 4819 1157 4888 τὴν
1198 4817 1379 4888 φωνὴν
1418 4817 1510 4869 τοῦ
1555 4818 1811 4884 ἀγγέλου,
1845 4821 1958 4883 πῶς
1988 4821 2114 4890 ὃλην

531 4903 823 4974 ἑρμηνεύει
853 4903 944 4955 τοῦ
970 4901 1207 4973 Χριστοῦ
1236 4901 1332 4971 τὴν
1359 4903 1688 4970 οἰκονομίαν.
1718 4903 1912 4970 Χαῖρε,
1937 4921 2113 4972 κεχα-

528 4988 838 5054 ριτωμένη.
860 4988 1074 5057 Ἐπειδὴ
1103 4987 1283 5056 ἐκείνη
1311 4987 1506 5056 διπλῆν
1536 4986 1695 5037 ἔλαϐε
1728 4989 1991 5056 κατάραν,
2016 4988 2115 5057 τὴν

529 5067 704 5137 λύπην
738 5072 830 5122 καὶ
862 5071 949 5122 τὸν
993 5070 1293 5138 στεναγμὸν
1333 5071 1422 5122 τὸν
1467 5071 1556 5121 ἐπὶ
1594 5069 1702 5121 τῶν
1747 5071 1970 5134 ὠδίνων,
2006 5074 2115 5123 εἰσ-

532 5155 654 5218 άγει
679 5151 768 5202 τὸν
803 5153 1018 5204 τοκετὸν
1052 5153 1142 5204 τὸν
1172 5152 1364 5204 λύοντα
1397 5155 1600 5204 ἐκεῖνον
1629 5153 1720 5204 τὸν
1751 5155 1926 5206 τόκον.
1967 5154 2113 5207 Ἰδοὺ

529 5233 829 5300 συλλήψῃ
874 5235 942 5284 ἑν
974 5236 1203 5302 γαστρὶ,
1237 5237 1331 5288 καὶ
1360 5236 1500 5300 τέξῃ
1527 5238 1678 5298 υἱὸν,
1710 5235 1804 5288 καὶ
1836 5237 2115 5301 καλέσεις

530 5319 593 5369 τό
644 5317 828 5382 ὄνομα
873 5317 1058 5368 αὑτοῦ
1102 5319 1356 5383 Ἰησοῦν.
1410 5319 1602 5384 Αὐτός
1645 5319 1754 5386 γὰρ
1790 5319 1973 5372 σώσει
2008 5319 2115 5372 τὸν

543 5402 682 5452 latr
750 5399 934 5451 αὑτοῦ
997 5400 1114 5451 άπὸ
1173 5401 1290 5453 τῶν
1368 5402 1666 5471 ἁμαρτιῶν
1723 5401 1940 5454 αὐτῶν.
2003 5404 2114 5465 Τάς

533 5484 802 5552 ἁμαρτίας
827 5482 931 5533 τῶν
964 5482 1072 5533 σῶν
1101 5487 1349 5550 πατέρων
1384 5486 1498 5538 λύει
1527 5488 1553 5537 ὁ
1585 5489 1648 5537 ἐκ
1679 5484 1769 5536 σοῦ
1803 5484 2113 5553 βλαστάνων

532 5567 765 5634 καρπός.
797 5565 994 5619 Λοιπὸν
1048 5565 1351 5636 μετεϐλήθη
1399 5570 1459 5619 τὸ
1515 5572 1766 5638 πρᾶγμα.
1815 5569 1924 5638 Τὴν
1970 5566 2114 5620 Εὕαν

531 5649 636 5710 ἓως
678 5652 915 5719 σήμερον
953 5649 1001 5701 οἱ
1047 5647 1336 5711 ἀκούοντες
1392 5651 1810 5713 ταλανίζουσιν·
1852 5653 1987 5703 Οὐαὶ
2043 5654 2110 5721 τῇ

529 5732 710 5802 ἀθλία,
740 5733 857 5794 οἵας
891 5733 1045 5804 δόξης
1097 5733 1382 5797 ὲξέπεσενί
1437 5734 1558 5784 οὐαὶ
1587 5739 1650 5805 τῇ
1685 5735 1864 5804 ἀθλία,
1896 5735 1948 5786 τί
1983 5733 2116 5785 ἔπα-

530 5816 655 5868 θενὶ
696 5816 761 5868 Ἠ
810 5816 996 5885 Μαρία
1042 5815 1161 5868 καθ’
1205 5815 1441 5883 ἑκάστην
1485 5817 1698 5885 ἡμέραν
1729 5818 1914 5870 ἀκούει
1965 5816 2115 5885 παρὰ

529 5901 749 5954 πάντων
769 5899 1035 5970 μακαρία,
1059 5898 1247 5970 ἀμέλει
1273 5898 1572 5967 πλησθεῖσα
1592 5900 1902 5968 Πνεύματος
1928 5901 2105 5969 ἁγίου,

1992 453 2363 510 SEVERIANI

2230 571 2338 624 Καὶ
2364 569 2505 643 αὓ-τη
2538 573 2572 642 ἡ
2603 572 2876 645 Παρθένος
2905 575 3090 628 λοιπὸν
3124 574 3551 646 προφητεύσασα
3586 577 3814 632 ἄκουσον

2224 655 2277 708 τί
2309 655 2459 724 λέγει
2482 672 2496 686 ·
2539 659 2890 728 Εὐλογητὸς
2914 660 3129 728 Κύριος
3155 662 3189 713 ό
3221 660 3368 726 Θεὸς
3397 659 3505 713 τοῦ
3544 661 3810 729 Ἰσραὴλ,

2225 738 2316 791 ὅτι
2343 739 2726 808 ἐπεσκέψατο
2766 741 2882 808 τὴν
2917 743 3285 797 ταπείνωσιν
3316 740 3426 810 τῆς
3453 742 3682 810 δούλης
3706 747 3811 798 af)-

2225 823 2364 876 τοῦ·
2413 823 2533 877 ἀπὸ
2566 823 2678 892 γάρ
2712 823 2818 877 τοῦ
2848 826 2965 879 νῦν
2983 825 3349 894 μακαριοῦσί
3384 842 3463 895 με
3510 825 3703 881 πᾶσαι
3755 831 3814 882 αι

2226 907 2445 975 γενεαί.
2479 906 2598 960 Ἵνα
2626 906 2775 980 δείξῃ
2804 907 2886 959 ὅτι
2917 907 2977 960 τὸ
3008 908 3298 979 πρόσωπον
3323 908 3422 978 τῆς
3467 907 3612 972 Εῦας
3639 909 3813 980 φέρει,

2231 991 2378 1054 Ἕως
2422 989 2536 1056 νῦν,
2559 992 2745 1059 φησὶν,
2773 989 3162 1061 ὑϐριζομένην,
3192 991 3300 1044 ἀπὸ
3342 991 3436 1044 τοῦ
3493 991 3591 1046 νῦν
3638 1009 3816 1062 μακα-

2229 1075 2403 1146 ριοῦσί
2445 1091 2513 1144 με
2548 1076 2718 1127 πᾶσαι
2745 1075 2802 1126 αἱ
2829 1075 3032 1143 γενεαί.
3066 1075 3174 1128 Καὶ
3204 1075 3278 1138 τί,
3311 1076 3498 1146 φησὶν,
3529 1076 3817 1146 ὠφελεῖται

2231 1159 2304 1229 μὴ
2340 1159 2652 1224 ἁκούουσα;
2708 1160 2955 1212 Μάλιστα
3004 1159 3102 1228 μὲν
3145 1155 3237 1211 οῦν
3266 1159 3476 1222 ἀκούει,
3525 1159 3590 1212 ὲκ
3626 1159 3718 1214 τοῦ
3759 1161 3818 1212 ὲν

2225 1243 2375 1312 τόπῳ
2413 1241 2681 1312 φωτεινῷ,
2714 1243 2771 1293 ὲν
2801 1241 2954 1313 χώρᾳ
2985 1242 3202 1306 ζώντων
3233 1239 3394 1306 εἶναι,
3425 1245 3459 1313 ἡ
3495 1244 3680 1313 μήτηρ
3718 1242 3820 1312 τῆς

2228 1327 2580 1397 σωτηρίας,ή
2621 1327 2770 1396 πηγὴ
2805 1327 2896 1379 τοῦ
2922 1325 3180 1396 αἰσθητοῦ
3203 1327 3408 1394 φωτός·
3443 1324 3704 1395 αἰσθητοῦ
3731 1326 3820 1380 διὰ

2225 1410 2323 1475 τὴν
2357 1409 2554 1479 σάρκα,
2579 1408 2769 1478 νοητοῦ
2787 1408 2874 1460 διὰ
2889 1408 2986 1478 τὴν
3009 1407 3257 1479 θεότητα.
3283 1409 3471 1472 Οὕτως
3501 1403 3595 1461 οὖν
3613 1407 3678 1460 δι’
3696 1408 3818 1460 ὅλου

2230 1493 2616 1563 μακαρίζει-αι.
2647 1492 2810 1544 Ἀλλὰ
2850 1494 2942 1545 καὶ
2973 1494 3047 1555 ὠς
3072 1492 3152 1544 ἔτι
3188 1493 3282 1562 ἔζη
3316 1495 3372 1544 ὲν
3401 1493 3586 1562 σαρκὶ,
3612 1493 3822 1562 ἐμακα-

2228 1577 2435 1646 ρίζετο·
2502 1577 2701 1646 ἢκουσε
2745 1577 2851 1646 γὰρ
2888 1576 2982 1628 τοῦ
3046 1575 3398 1646 μακαρισμοῦ
3443 1575 3522 1627 ἔτι
3561 1577 3618 1627 ἐν
3655 1576 3820 1646 σαρκὶ

2225 1658 2284 1714 οὗ
2295 1678 2379 1713 σα.
2400 1660 2613 1729 Ἐκείνη
2637 1659 2854 1728 πρῶτον
2880 1656 3009 1724 εἶδε,
3039 1660 3131 1711 καὶ
3161 1660 3282 1712 τότε
3307 1660 3574 1727 ἐγεύσατο
3596 1658 3690 1712 τοῦ
3710 1659 3822 1712 δέν-

2224 1744 2351 1814 δρου
2379 1759 2391 1771 ·
2436 1742 2573 1811 αῦτη
2609 1742 2826 1812 πρῶτον
2853 1741 2999 1805 εἷπε,
3034 1744 3128 1794 καὶ
3153 1743 3274 1795 τότε
3307 1743 3508 1812 ἢκουσε
3532 1739 3624 1793 τοῦ
3650 1758 3822 1810 μακα-

2227 1825 2586 1895 ρισμοῦ.”οῖε
2624 1825 2732 1895 γὰρ
2777 1827 2805 1876 6
2853 1824 3043 1896 Σωτὴρ
3074 1825 3376 1886 ἐδίδασκεν,
3418 1820 3634 1890 Ἐπῆρε
3662 1823 3818 1893 γυνή

2225 1927 2314 1974 τις
2343 1909 2644 1978 φωνὴνέδι
2679 1909 2784 1962 τοῦ
2823 1909 3034 1976 ὄχλου,
3080 1911 3173 1962 καὶ
3213 1908 3359 1975 λέγει
3391 1906 3565 1978 αὐτῷ,
3601 1908 3820 1961 πάντων

2226 1994 2558 2045 ἀκουόντων·
2583 1993 2857 2058 Μακαρία
2883 1994 2915 2059 ἡ
2944 1993 3141 2044 κοιλία
3156 1993 3192 2057 ἡ
3205 1989 3583 2054 ,ϐαστάσασά
3605 2007 3698 2054 σε,
3721 1990 3820 2044 καί

2219 2077 2435 2143 μαστοὶ
2449 2119 2461 2139 ,
2477 2075 2583 2140 οὓς
2598 2075 2925 2140 ἐθήλασας.
2946 2075 3085 2126 Ἀλλ’
3101 2074 3191 2126 ἐπὶ
3207 2075 3295 2126 τὸν
3312 2074 3484 2144 Ἀδὰμ
3499 2074 3820 2146 ἐπλήρωσεν

2225 2161 2252 2210 6
2287 2160 2418 2221 Θεὸς
2447 2161 2545 2230 τὴν
2573 2160 2871 2228 ἀπόφασιν,
2903 2159 3102 2229 μᾶλλον
3128 2158 3185 2211 δὲ
3217 2160 3316 2229 τὴν
3353 2158 3497 2212 ῖασιν
3520 2159 3623 2229 τῆς
3651 2177 3820 2228 μετα-

2225 2244 2392 2305 νοίας,
2408 2246 2499 2295 καὶ
2517 2243 2681 2310 λέγει·
2702 2243 2830 2295 ’Ότι
2852 2242 3123 2310 ἤκουσας
3145 2241 3253 2310 τῆς
3268 2241 3476 2310 φωνῆς
3493 2242 3604 2310 τῆς
3617 2257 3818 2311 γυναιυ

2225 2327 2332 2390 κός
2360 2343 2499 2390 σου,
2519 2327 2616 2379 καὶ
2645 2325 2860 2393 ἔφαγες
2887 2324 3006 2378 ἀπὸ
3037 2324 3144 2376 τοῦ
3177 2324 3392 2389 ξύλου,
3422 2321 3494 2379 οὗ
3525 2325 3820 2379 ἐνετειλά-

2219 2427 2343 2478 μην
2363 2425 2461 2461 σοι
2478 2408 2562 2477 μὴ
2586 2408 2818 2477 φαγεῖν,
2851 2406 3284 2474 ἑπικατάρατος
3311 2408 3347 2473 ἠ
3382 2407 3455 2475 γῆ
3487 2408 3559 2460 ἐν
3577 2407 3704 2474 τοῖς
3723 2408 3817 2474 ἐρ-

2224 2511 2348 2561 γοις
2370 2507 2507 2544 σου.
2537 2492 2705 2545 Πάλιν
2723 2493 2750 2543 ὁ
2776 2491 3142 2560 εὐλογημένος
3162 2491 3221 2542 ού
3246 2490 3512 2560 λαμϐάνει
3535 2491 3636 2562 τὴν
3659 2491 3821 2544 κατά-

2226 2592 2346 2645 ραν,
2389 2574 2561 2642 ἁλλ³ἡ
2610 2573 2908 2643 γῆ.’¹Αλλος
2941 2574 3178 2644 ἥμαρτε,
3217 2575 3310 2626 καὶ
3351 2574 3485 2643 άλλη
3529 2573 3818 2626 τύπτεται.

2228 2659 2440 2727 ’Ὠσπερ
2464 2659 2494 2726 ἠ
2523 2656 2676 2728 [510]
2702 2657 2801 2726 τῆς
2828 2655 2971 2719 Εὔας
2999 2657 3235 2725 κατάρα·
3273 2656 3474 2727 μᾶλλον
3498 2657 3556 2710 δὲ
3586 2659 3618 2727 ἡ
3648 2656 3819 2710 ἐπιτί-

2227 2757 2390 2810 μησις
2426 2740 2508 2810 (ού
2540 2741 2648 2811 γάρ
2680 2735 2747 2808 ἦν
2771 2741 3002 2808 κατάρα,
3027 2738 3163 2790 ἀλλὰ
3193 2739 3537 2808 διόρθωσις)·
3567 2740 3757 2810 ὥσπερ
3785 2743 3815 2809 ἡ

2224 2824 2538 2893 ἐπιτίμησις
2554 2823 2650 2893 τῆς
2677 2821 2842 2884 Εὔας,
2862 2825 2963 2874 Ἑν
2987 2823 3212 2885 λύπαις
3237 2822 3378 2889 τέξῃ
3401 2822 3517 2892 (καὶ⁵
3539 2823 3646 2891 γάρ
3670 2824 3820 2874 πᾶσα

2224 2907 2360 2975 γυνὴ
2384 2907 2439 2957 ὲν
2456 2905 2652 2968 λύπαις
2669 2905 2883 2972 τίκτει),
2910 2905 3122 2974 ἔμεινεν
3143 2904 3247 2967 ἕως
3272 2905 3417 2974 ἄρτι·
3445 2903 3590 2958 οὕτω
3609 2905 3706 2958 καὶ
3727 2903 3818 2958 τοῦ

2236 2989 2426 3057 Ἀδάμ·
2479 2987 2933 3054 Ἐπικατάρατος
2965 2987 3002 3052 ἠ
3045 2984 3119 3055 γῆ
3158 2986 3228 3039 ἐν
3271 2985 3395 3051 τοῖς
3440 2988 3638 3056 ἔργοις
3679 3003 3816 3042 σου.

2233 3071 2419 3141 Ἢμῶν
2437 3070 2726 3140 παράνομα
2746 3069 2813 3122 τά
2828 3070 2983 3140 ἔργα,
3005 3072 3150 3139 καὶὴ
3175 3070 3247 3138 γῆ
3268 3069 3610 3140 μαστίζε-ται.
3627 3067 3819 3139 Ἦμεῖς

2224 3154 2632 3225 ἁμαρτάνομεν,
2664 3154 2759 3205 καὶ
2791 3155 2823 3223 ὴ
2855 3155 2924 3223 γῆ
2963 3152 3178 3222 δέχεται
3215 3154 3314 3222 τὴν
3342 3153 3610 3224 κατάραν.
3641 3153 3818 3206 Φείδε-

2221 3255 2311 3289 ται
2335 3241 2361 3290 6
2391 3236 2521 3299 Θεὸς
2558 3236 2651 3289 τοῦ
2682 3235 3018 3306 πλάσματος,
3053 3235 3128 3298 ὡς
3179 3237 3434 3304 εὐγενοῦς
3476 3237 3688 3300 παιδὸς,
3728 3238 3818 3290 καὶ

2221 3321 2412 3374 τύπτει
2458 3323 2557 3390 τὴν
2589 3323 2693 3392 γῆν
2723 3320 2798 3384 ὼς
2846 3319 3212 3388 παιδαγωγόν.
3279 3320 3747 3387 Ἐπικατάρατος
3779 3321 3816 3386 ἠ

2222 3404 2298 3472 τῆ
2326 3407 2394 3457 ἐν
2421 3405 2544 3470 τοῖς
2574 3404 2770 3473 ἔργοις
2797 3419 2933 3457 σου.
2967 3403 3059 3473 Μὴ
3089 3407 3152 3475 τῇ
3194 3403 3354 3471 φύσει
3385 3405 3645 3475 πρόσεχε,
3683 3405 3818 3458 ἀλλὰ

2221 3489 2284 3556 τῇ
2315 3486 2408 3538 τοῦ
2435 3487 2570 3539 Θεοῦ
2593 3489 2794 3558 χάριτι.
2818 3487 2932 3539 Οὐκ
2954 3482 3124 3552 εἶπεν,
3165 3487 3632 3552 Ἐπικατάρατος
3654 3488 3693 3554 ἠ
3717 3486 3813 3555 γῆ·

2224 3572 2343 3623 ἐπεὶ
2379 3571 2537 3640 ἔμενε
2572 3570 3016 3640 κεκατηραμένη,
3053 3570 3148 3621 καὶ
3189 3567 3399 3636 καρπόν
3440 3569 3541 3621 οὐκ
3587 3564 3815 3641 ἔφερεν·

2221 3655 2409 3722 ὥσπερ
2429 3650 2546 3704 εἷπε
2567 3656 2631 3722 τῇ
2661 3655 2818 3721 συκῇ,
2845 3650 3072 3717 Μηκέτι
3099 3651 3166 3703 ἐκ
3185 3649 3300 3703 σοῦ
3320 3649 3546 3718 καρπὸς
3570 3651 3816 3719 ἐξέλθῃ,

2222 3734 2321 3788 καί
2348 3733 2671 3801 ἐξηράνθη·
2692 3733 2861 3796 οὕτως
2888 3730 2999 3803 εἶχε
3030 3733 3280 3800 γενέσθαι
3307 3735 3400 3786 καὶ
3421 3736 3454 3803 ἡ
3484 3735 3558 3804 γῆ
3580 3746 3635 3774 ι·
3678 3736 3817 3789 ἀλλὰ

2220 3818 2390 3885 λέγει·
2432 3817 2528 3870 Ἐν
2549 3817 2675 3880 τοῖς
2697 3816 2892 3885 ἔργοις
2913 3833 3050 3870 σου.
3081 3817 3250 3869 Ὀταν
3273 3817 3524 3886 ἁμάρτω,
3553 3816 3818 3872 τύπτεται

2219 3905 2251 3972 ή
2284 3901 2378 3970 γῆ·
2422 3901 2511 3953 ὅτε
2551 3899 2872 3968 εὐοδοῦμαι,
2917 3899 3131 3966 εὐλογεῖ
3171 3900 3358 3969 αὑτήν.
3396 3901 3505 3952 Καὶ
3552 3900 3720 3969 βλέπε
3762 3904 3820 3954 τὸ

2221 3989 2554 4058 θαυμαστόν.
2588 3988 2716 4041 Ὀτε
2744 3987 2957 4039 ἔκτισεν
2977 3988 3004 4039 6
3036 3986 3168 4049 Θεὸς
3205 3987 3304 4057 τὴν
3334 3987 3458 4057 γῆν,
3485 3989 3587 4057 τὴν
3613 3987 3820 4042 θάλασο

2223 4090 2342 4134 σαν,
2367 4071 2434 4123 τὰ
2461 4070 2702 4135 πετεινά,
2725 4071 2791 4122 τὰ
2814 4069 3037 4140 ἑρπετὰ,
3068 4070 3136 4122 τά
3164 4071 3349 4140 θηρία,
3383 4071 3475 4122 τὸν
3500 4071 3816 4143 ἄνθρωπον,

2221 4157 2398 4208 πάντα
2426 4153 2686 4222 εὑλόγησε
2708 4170 2718 4182 ·
2743 4155 2868 4214 τοὺς
2894 4155 3140 4222 καρποὺς
3159 4154 3259 4205 οὐκ
3280 4153 3598 4222 εὐλόγησεν,
3625 4156 3817 4224 ἐπειδὴ

2221 4239 2333 4309 ᾔδει
2355 4239 2435 4290 ὅτι
2459 4237 2784 4306 φυλάττεται
2809 4240 2872 4306 τῇ
2899 4240 2967 4307 γῇ
3000 4238 3136 4307 αῦτη
3159 4239 3191 4308 ἡ
3221 4237 3483 4308 τιμωρία,
3519 4239 3606 4291 ἵνα
3635 4240 3819 4312 ἁμαρο

2218 4322 2488 4374 τανόντων
2510 4321 2618 4372 τῶν
2644 4318 2946 4390 ἀνθρώπων
2966 4320 3185 4389 δέξηται
3208 4320 3464 4390 ἀφορίαν,
3494 4323 3591 4374 καὶ
3609 4321 3816 4376 δικαιο-

2221 4402 2575 4474 πραγούντων
2617 4401 2835 4472 δέξηται
2878 4402 3158 4472 εὐφορίαν.
3213 4403 3329 4454 Οὐκ
3372 4403 3639 4472 εύλόγησε
3690 4407 3815 4468 τοὺς

2221 4485 2488 4556 καρπούς·
2525 4484 2937 4555 ἀμεταμέλητον
2974 4486 3083 4554 γάρ
3112 4481 3178 4552 ἦν
3209 4485 3269 4536 τὸ
3293 4485 3560 4555 χάρισμα·
3609 4487 3815 4541 Ἀκιίν.

2219 4572 2327 4633 θας
2376 4568 2475 4620 καὶ
2520 4568 2830 4634 τριϐόλους
2861 4565 3144 4619 άνατελεῖ
3187 4581 3305 4618 σοι.
3348 4567 3811 4639 Κατεφρόνησας,

2218 4652 2374 4720 φησὶ,
2414 4650 2521 4702 τῶν
2547 4649 2819 4718 μεγάλων·
2854 4649 3056 4701 τύπτου
3096 4649 3202 4701 ὑπὸ
3239 4649 3346 4702 τῶν
3375 4651 3615 4721 μικρῶν.
3643 4654 3813 4708 Βλέπε

2219 4734 2333 4795 πῶς
2365 4734 2456 4785 καὶ
2484 4734 2538 4784 αἱ
2570 4732 2806 4784 παιδεῖαι
2835 4734 3157 4804 σύμμετροι.
3195 4734 3442 4788 Ἀκανθα
3474 4737 3725 4808 ἀναιρεῖν
3755 4741 3812 4792 ού

2218 4817 2459 4869 δύναται·
2497 4814 2726 4884 αἱμάξαι
2754 4816 2781 4854 ιι
2811 4816 3053 4868 δύναται.
3094 4818 3201 4869 Καὶ
3229 4818 3462 4886 φάγεται
3493 4819 3595 4891 τὴν
3630 4824 3734 4893 γῆν
3758 4826 3814 4876 ἐν

2218 4902 2434 4963 λύπαις.
2480 4901 2695 4968 Ἑκείνη
2721 4901 2891 4952 τίκτει
2916 4901 2972 4952 ὲν
2993 4901 3209 4964 λύπαις·
3243 4905 3306 4954 σὺ
3337 4903 3481 4971 φάγε
3507 4906 3569 4958 ὲν
3595 4905 3812 4970 λύπαις.

2228 4986 2292 5037 Ἦ
2326 4985 2434 5055 γὰρ
2468 4984 2669 5055 ἀρχαία
2699 4985 2972 5052 ἀπόφασις
3011 4985 3164 5054 μένει
3209 4986 3312 5049 ἕως
3337 4988 3484 5056 ἄρτι.
3511 4990 3624 5044 Καὶ
3651 4993 3810 5062 βλέπε

2222 5087 2311 5139 μοι
2349 5068 2620 5130 πλούσιον,
2648 5068 2875 5136 πένητα,
2896 5068 3151 5139 ἄρχοντα,
3179 5087 3372 5137 μεγαν,
3398 5072 3447 5122 εί
3467 5071 3618 5126 ἐστιν
3650 5076 3812 5128 αὐτοῦ

2216 5154 2307 5203 τὸν
2331 5152 2442 5220 βίον
2477 5151 2680 5204 ἄλυπον
2711 5152 2910 5220 εὑρεῖν.
2947 5153 2978 5220 ἦ
3016 5151 3338 5220 ἀμέριμνον.
3370 5153 3470 5205 Διὰ
3500 5156 3583 5218 τί;
3608 5159 3709 5210 Διὰ
3733 5159 3810 5215 τὸ.

2231 5236 2325 5287 Ἐν
2368 5234 2560 5301 ἱδρῶτι
2601 5233 2707 5287 τοῦ
2745 5233 3070 5300 προσώπου
3118 5248 3235 5287 σου
3265 5235 3429 5303 φαγῇ
3478 5237 3588 5290 τὸν
3634 5240 3812 5308 ἄρτον

2216 5332 2352 5370 σου.
2396 5318 2508 5369 Οὐκ
2551 5315 2821 5384 ἠθέλησας
2858 5316 2996 5381 μετὰ
3030 5316 3286 5380 ἀνέσεως·
3321 5320 3378 5370 ἐν
3412 5319 3601 5388 ἱδρῶτι
3652 5323 3806 5391 φάγε.

2217 5402 2290 5452 Οὐ
2333 5399 2547 5463 κολάζει
2569 5399 2730 5451 αὐτὸν
2752 5399 2915 5468 λιμῷ,
2943 5399 3058 5452 ἀλλ’
3083 5402 3374 5455 ὑποϐάλλει
3396 5405 3643 5475 τιμωρία
3671 5418 3694 5444 ο
3723 5407 3810 5457 καὶ

2218 5484 2385 5550 πόνῳ.
2413 5483 2611 5536 Λοιπὸν
2642 5482 2727 5544 σὺ,
2748 5484 2776 5534 6
2800 5481 3007 5546 πιστὸς,
3034 5485 3210 5537 ἐκεῖνο
3230 5485 3464 5554 λόγισαι·
3494 5487 3558 5540 Εἰ
3580 5490 3608 5540 6
3643 5489 3809 5555 Ἀδὰμ

2278 5657 2302 5684 ⁸
2325 5654 2456 5714 Conj.
2482 5655 2592 5703 Sav.
2620 5660 2676 5716 τῇ
2700 5660 2777 5715 γῇ.

2280 5717 2307 5755 δ
2335 5716 2386 5763 In
2419 5730 2531 5764 mss.
2561 5715 2670 5770 ..εαι
2697 5716 2955 5777 legebatur
2978 5717 3222 5779 pricribus
3244 5715 3428 5766 ahraqis
3450 5717 3653 5765 litteris.
3682 5718 3807 5766 Sen-

2214 5793 2296 5828 sm
2316 5785 2479 5841 autem
2509 5779 2724 5841 postulat
2741 5785 2824 5825 aul
2845 5779 3013 5841 στέξαι,
3043 5787 3124 5827 aut
3144 5781 3351 5841 αἱμάξαι,
3381 5779 3459 5841 γει
3485 5779 3604 5839 quid
3628 5781 3805 5828 Simile.

2280 5845 2302 5871 ι’
2351 5840 2444 5888 l’ro
2500 5839 2704 5902 τιμωρίᾳ
2763 5846 2904 5898 putat
2965 5839 3502 5901 Savilius‘legcndum
3567 5841 3806 5888 ταλαιπω-

2218 5912 2310 5977 ρία.
2338 5910 2544 5970 Recepit
2568 5909 2828 5957 Comboﬂs.
