3984 6432
225 462 340 516 497

223 562 400 628 (Joan.
433 559 521 615 l6.
552 558 665 628 2!).
696 558 963 613 'Iristatur
992 571 1113 611 cum
1158 558 1297 626 parit
1319 599 1334 621 ,
1377 557 1533 610 anxia
1573 566 1655 610 est
1684 554 1807 608 dum

222 652 392 703 nutrit
417 665 433 711 ;
463 649 549 701 ubi
580 663 709 715 puer
730 648 984 716 grandior
1012 657 1114 711 est,
1147 656 1362 700 veretur
1403 663 1469 699 ne
1494 659 1675 698 socors
1704 645 1769 696 sit
1794 660 1808 703 :

220 738 269 790 si
300 736 683 806 peregrinetur,
716 738 901 789 metuit
925 752 991 789 ne
1020 737 1277 788 moriatur
1300 777 1314 797 ,
1348 751 1413 787 ne
1436 736 1486 786 in
1512 735 1697 787 morbo
1728 732 1808 785 vel

220 829 275 881 in
305 842 541 881 :erumna
571 837 828 879 versetur.
876 826 969 879 His
1010 826 1089 877 vir
1127 840 1231 877 non
1260 834 1339 877 est
1366 823 1662 884 obnoxius;
1710 820 1809 874 etsi

219 918 363 969 enim
394 926 546 984 pater
575 915 643 968 sit
668 915 957 978 Sollicitus,
1013 930 1117 966 non
1160 914 1379 982 perimle
1426 923 1601 964 tamen
1650 922 1809 978 atque

220 1020 427 1069 mater;
473 1007 567 1059 sed
602 1008 832 1073 soipsnm
872 1008 1175 1059 consolatur
1216 1007 1398 1057 dlCL’nS
1440 1021 1450 1055 :
1500 1004 1668 1057 llomo
1704 1013 1805 1067 est,

219 1100 323 1150 scit
354 1098 453 1150 sibi
490 1098 823 1165 prospicere;
867 1111 1035 1164 neque
1066 1096 1253 1147 anxius
1284 1104 1385 1147 est.
1435 1094 1645 1159 Quare?
1678 1094 1808 1160 Quia

221 1207 327 1243 non
360 1191 561 1242 audivit
588 1190 674 1241 ille
710 1206 721 1240 :
754 1187 818 1241 In
846 1188 1100 1240 doloribus
1132 1188 1297 1255 paries
1326 1188 1477 1252 ﬁlios.
1534 1186 1807 1239 lusolitnnt

220 1295 394 1349 prima:
413 1295 578 1347 genus
596 1298 607 1330 :
627 1279 950 1346 experientia
970 1279 1110 1331 testis
1132 1287 1234 1329 est.
1253 1278 1381 1329 Cum
1404 1276 1615 1329 dolores
1633 1289 1809 1343 partus

219 1370 499 1422 mulierem
545 1368 823 1429 invadunt,
866 1382 932 1420 ne
959 1368 1009 1419 in
1044 1368 1169 1434 ipsis
1197 1366 1408 1435 quidem
1442 1366 1707 1419 laboribus
1736 1366 1811 1417 vi—

221 1477 337 1513 rum
371 1458 614 1527 despicit.
658 1458 770 1510 Non
812 1457 971 1519 dicit,
1010 1456 1215 1509 Utinam
1248 1457 1440 1523 nuptia:
1470 1470 1573 1507 non
1605 1463 1804 1518 essent,

222 1554 421 1604 utinam
477 1566 579 1603 non
622 1560 762 1602 esset
813 1549 1099 1601 liberorum
1146 1547 1463 1615 procreatio.
1524 1544 1638 1598 Non
1683 1545 1805 1597 sinit

223 1641 363 1694 Deus
390 1640 533 1693 illam
566 1646 681 1707 post
714 1638 869 1691 talem
892 1637 1270 1706 experientiam
1301 1636 1477 1689 odisse
1506 1636 1677 1687 virum
1710 1652 1720 1685 :
1754 1644 1808 1687 at

222 1733 344 1784 licet
374 1732 520 1783 novit
549 1729 671 1797 quid
705 1744 877 1796 passa,
911 1728 1034 1795 quid
1062 1736 1275 1794 experta
1301 1727 1396 1789 sit,
1427 1727 1597 1777 virum
1633 1736 1806 1778 tamen

218 1822 406 1887 diligit.
442 1819 581 1882 ideo,
614 1818 677 1870 In
704 1818 959 1870 doloribus
982 1818 1145 1883 paries
1171 1817 1321 1882 ﬁlios,
1342 1826 1385 1868 et
1403 1817 1467 1866 ad
1491 1818 1648 1866 virum
1669 1825 1807 1867 tuum

220 1914 473 1962 conversio
518 1919 638 1973 tua,
685 1919 729 1961 et
774 1909 881 1977 ipse
924 1907 1265 1959 dominabitur
1304 1908 1374 1957 tui
1420 1906 1569 1976 (Gen.
1600 1907 1651 1959 3.
1690 1906 1803 1975 16).

218 2002 348 2065 Quia
376 2001 484 2068 jam
518 2000 652 2053 male
703 2000 969 2066 imperasti
998 2039 1009 2057 .
1062 2008 1114 2051 et
1148 1998 1431 2050 voluntatis
1479 2007 1577 2048 tua:
1623 2012 1807 2049 servus

217 2092 437 2145 allectus
481 2101 596 2153 est,
643 2090 883 2143 ordinem
926 2090 1120 2141 solvo:
1167 2089 1279 2158 ipse
1322 2089 1570 2143 dominus
1600 2090 1685 2152 sit,
1718 2089 1805 2157 qui

218 2198 322 2235 n0n
351 2192 435 2235 est
462 2183 734 2249 deceptus.
772 2181 893 2234 Ideo
922 2181 1113 2233 Paulus
1142 2181 1211 2231 ait
1241 2198 1251 2230 :
1290 2179 1491 2232 Mulieri
1522 2190 1683 2233 autem
1710 2180 1805 2231 do-

210 2291 325 2327 cere
366 2290 467 2327 non
500 2277 728 2341 permitto
750 2314 762 2335 ,
806 2288 962 2339 neque
1001 2271 1251 2323 dominari
1295 2272 1345 2322 in
1376 2272 1537 2322 virum
1566 2271 1638 2337 (1.
1670 2270 1801 2323 Tim.

214 2364 271 2419 2.
300 2365 409 2433 l2).
466 2364 593 2417 Nam
636 2363 770 2415 male
794 2364 1021 2432 primum
1051 2361 1231 2414 docuit
1256 2361 1303 2413 in
1332 2360 1594 2429 paradiso.
1632 2358 1808 2428 Neque

213 2457 468 2509 dominari
495 2458 546 2508 in
571 2457 767 2509 virum:
791 2455 927 2508 male
953 2455 1095 2507 enim
1125 2454 1390 2507 dominata
1415 2463 1518 2507 est.
1551 2452 1660 2506 lloc
1678 2469 1806 2519 ergo

213 2562 373 2601 sensu
400 2548 552 2614 jubet
581 2547 773 2599 Paulus
804 2545 1074 2598 mulierem
1106 2559 1209 2597 non
1238 2544 1450 2606 docere,
1480 2543 1549 2597 ob
1586 2558 1646 2596 ea
1688 2559 1806 2611 quae

212 2640 263 2693 in
314 2640 559 2704 paradiso
589 2648 880 2691 evenerant
914 2654 925 2687 :
958 2650 1055 2688 nec
1102 2651 1201 2688 nos
1231 2634 1557 2702 SOphismate
1586 2634 1803 2686 utimur.

210 2730 347 2783 Audi
380 2744 500 2781 eum
532 2745 544 2779 :
580 2726 786 2779 Mulieri
811 2737 975 2778 autem
1004 2726 1178 2778 docere
1215 2742 1315 2777 non
1360 2727 1611 2793 permitto,
1651 2742 1807 2795 neque

209 2821 465 2872 dominari
494 2822 543 2871 in
574 2821 751 2871 virum.
782 2818 845 2871 Et
872 2828 928 2871 ut
955 2816 1199 2871 ostendat
1222 2833 1298 2883 sc,
1335 2818 1453 2871 ideo
1474 2818 1522 2869 id
1546 2826 1801 2883 statuere,

208 2913 390 2965 subdit
423 2931 435 2963 :
472 2911 634 2963 Adam
670 2912 802 2963 enim
832 2926 931 2963 non
957 2920 1027 2962 est
1059 2911 1291 2962 seductus
1320 2952 1331 2973 ,
1377 2910 1558 2963 mulier
1585 2926 1695 2963 vero
1722 2927 1803 2963 se-

208 3006 361 3056 ducta
384 3014 460 3056 cst
490 3005 541 3057 in
564 3005 972 3073 prttvaricationc
996 3001 1153 3067 (Ibid.
1186 3018 1232 3055 υ.
1269 3000 1380 3073 id).

285 3098 369 3149 10.
424 3096 591 3146 Maria
623 3097 759 3163 virgo
801 3110 890 3163 pro
932 3095 1119 3162 virgine
1150 3092 1257 3144 Eva
1300 3093 1578 3145 intercedit.
1636 3093 1803 3146 Maria

207 3188 432 3255 quotidie
459 3185 599 3238 beata
630 3185 831 3237 dicitur.
863 3213 931 3222 —
955 3182 1092 3249 Quid
1121 3183 1317 3252 igitur?
1348 3184 1675 3237 damnationi
1706 3185 1803 3237 0b-

210 3280 402 3332 noxins
432 3290 512 3331 est
541 3278 778 3330 mulieris
805 3290 983 3338 sexus,
1010 3284 1291 3343 manetque
1315 3276 1363 3326 in
1388 3275 1679 3337 doloribus,
1704 3290 1803 3329 nec

210 3369 479 3422 vinculum
516 3367 777 3419 solvitur?
824 3365 977 3418 Venit
1007 3364 1249 3419 Christus
1277 3366 1361 3433 qui
1395 3366 1665 3419 vinculum
1696 3367 1802 3418 sol-

208 3464 285 3514 vit
316 3462 585 3516 :occurrit
615 3476 674 3513 ea
704 3475 819 3526 qu-x
857 3459 1132 3511 Dominum
1170 3460 1369 3525 peperit
1400 3498 1414 3522 ,
1448 3459 1595 3511 sexui
1630 3468 1802 3527 patro-

208 3556 432 3615 cinans.
481 3560 659 3604 sancta
711 3550 869 3618 Virgo
914 3564 1009 3617 pro
1049 3550 1285 3617 virgine;
1338 3564 1458 3602 nam
1510 3550 1656 3618 virgo
1687 3558 1802 3603 erat

210 3645 319 3697 Eva
366 3659 485 3695 cum
526 3642 787 3710 peccavit;
836 3640 1100 3692 damnata:
1140 3640 1379 3693 dolorem
1416 3640 1604 3703 solvit,
1646 3651 1802 3710 atque

208 3736 487 3803 gemitum.
517 3734 660 3787 Sicut
688 3732 829 3784 etiim
869 3731 912 3783 si
942 3732 1060 3799 quis
1087 3731 1136 3782 in
1172 3731 1365 3799 regiam
1398 3741 1611 3784 vocetur
1632 3774 1643 3795 ,
1676 3747 1801 3785 suos

210 3823 503 3876 honoribus
533 3836 725 3889 angere
756 3819 930 3871 studet
952 3862 964 3883 ,
996 3834 1057 3873 ac
1082 3860 1095 3883 ,
1137 3821 1177 3872 si
1214 3821 1261 3871 in
1302 3822 1539 3888 angustia
1585 3822 1797 3887 fuerint,

208 3914 437 3967 liberare
464 3928 475 3963 :
505 3912 579 3963 sic
601 3919 781 3963 sancta
810 3910 965 3977 Virgo
994 3909 1043 3961 in
1074 3910 1269 3976 regiam
1303 3921 1508 3972 vocata,
1534 3922 1585 3963 ut
1609 3912 1800 3965 divinae

209 4002 541 4073 generationi
575 4002 931 4061 ministraret,
967 4000 1179 4052 insolito
1212 4000 1407 4053 donata
1442 4012 1591 4069 partu
1621 4043 1633 4064 ,
1666 4002 1800 4056 hanc

210 4096 437 4163 primam
469 4095 687 4162 gratiam
723 4094 881 4161 petit,
928 4094 1035 4145 imo
1074 4093 1288 4162 accipit.
1340 4096 1470 4159 Quia
1504 4110 1608 4148 non
1646 4095 1799 4149 dece-

210 4187 299 4239 bat
324 4186 494 4253 culpa:
512 4185 793 4238 obnoxiam
829 4186 1075 4238 feminam
1101 4187 1370 4239 innoxium
1398 4187 1629 4257 gignere,
1658 4190 1800 4243 venit

211 4278 255 4329 is
287 4277 373 4343 qui
408 4278 578 4342 primo
613 4276 734 4327 Eva:
765 4277 1028 4330 tristitiam
1052 4293 1143 4345 per
1167 4278 1413 4345 gaudium
1445 4280 1618 4331 solvit.
1645 4280 1801 4334 Venit

210 4366 432 4434 angelus
467 4365 660 4433 Virgini
692 4367 871 4419 dicens
903 4385 915 4419 :
949 4368 1235 4437 Ave.gratia
1254 4368 1399 4435 plena
1428 4368 1573 4439 (Luc.
1604 4372 1652 4423 1.
1682 4372 1795 4441 ‘28).

210 4455 346 4508 Tum
378 4471 470 4523 per
500 4456 715 4519 Ave,5cu
759 4454 935 4509 Gaude
964 4457 1111 4521 illud,
1145 4458 1370 4510 tristitia:
1401 4460 1663 4513 \‘lllCllltllll
1692 4462 1800 4514 sol-

212 4548 303 4598 vit.
346 4547 487 4609 Ave;
516 4548 655 4597 Venit
678 4547 719 4597 is
740 4548 824 4615 qui
848 4548 1000 4599 solvit
1020 4548 1302 4600 triSIitiatu.
1327 4550 1607 4617 .4ve,gratia
1628 4552 1798 4617 plena,

211 4638 333 4705 quia
367 4636 621 4687 hactenus
664 4637 947 4689 maledicto
986 4638 1234 4691 obnoxia.
1296 4638 1390 4692 llic
1441 4640 1533 4691 Dei
1576 4642 1797 4708 gratiam

211 4726 593 4779 animadverte.
628 4726 915 4795 Ave,gratia
946 4729 1093 4793 plena
1117 4768 1131 4791 ,
1165 4728 1412 4781 Dominus
1438 4740 1616 4783 tecum.
1669 4733 1798 4796 Quia

212 4832 333 4869 cum
381 4817 465 4868 illa
498 4830 716 4883 serpens
757 4818 805 4867 in
850 4817 1055 4869 tristitia
1080 4859 1092 4882 ,
1123 4818 1318 4885 gaude,
1351 4819 1470 4887 quia
1507 4830 1675 4873 tecum
1716 4832 1799 4876 est

214 4910 372 4961 Deus.
410 4910 481 4959 Ac
518 4906 633 4959 vide
662 4907 829 4974 angeli
864 4923 1045 4959 vocem
1072 4948 1084 4970 ,
1116 4910 1379 4976 quomodo
1410 4920 1569 4963 totam
1603 4911 1798 4966 Christi

212 5000 661 5068 dispensationem
714 5000 960 5067 explicat.
1014 5000 1302 5070 Ave,gratia
1332 5003 1497 5068 plena.
1548 5004 1678 5069 Quia
1712 5006 1796 5059 illa

210 5092 476 5159 duplicem
507 5092 924 5144 maledictionem
957 5092 1194 5160 accepit,
1236 5093 1497 5146 tristitiam
1540 5104 1592 5148 et
1627 5098 1796 5164 gemi-

213 5194 322 5236 tum
358 5192 557 5249 partus,
593 5182 791 5233 inducit
818 5194 1044 5249 partum,
1070 5184 1157 5251 qui
1187 5184 1356 5236 solvat
1386 5185 1614 5251 priorem
1646 5186 1793 5240 illum

211 5280 441 5340 partum.
499 5269 629 5321 Ecce
657 5273 901 5338 concipies
933 5274 983 5323 in
1014 5282 1151 5324 utero
1175 5314 1188 5335 ,
1234 5284 1278 5325 et
1320 5274 1481 5341 paries
1523 5275 1687 5341 [ilium
1707 5318 1719 5339 ,
1751 5289 1796 5329 et

208 5362 407 5415 vocabis
434 5376 609 5413 nomen
632 5363 739 5425 cius
764 5361 937 5414 Jesum
975 5361 1132 5425 (Ibid.
1164 5380 1208 5416 υ.
1243 5365 1356 5433 31).
1386 5366 1505 5434 Ipse
1533 5369 1661 5419 enim
1687 5368 1793 5419 sal-

209 5469 326 5504 vum
358 5452 505 5521 faciet
538 5452 780 5518 populum
819 5468 965 5503 suum
992 5470 1021 5503 a
1050 5456 1263 5521 peccatis
1293 5472 1465 5508 eorum
1497 5456 1707 5524 (Matth.
1744 5461 1791 5511 1.

210 5543 325 5609 21).
371 5544 585 5595 Patrum
620 5551 825 5594 tuorum
869 5554 1079 5609 peccata
1112 5546 1263 5597 solvit
1292 5546 1378 5615 qui
1412 5564 1475 5599 ex
1515 5557 1562 5599 te
1594 5548 1793 5601 fructus

208 5634 394 5686 oritur.
440 5632 556 5686 Jam
590 5642 785 5684 mutata
820 5648 902 5685 res
933 5641 1033 5686 est.
1088 5634 1352 5689 Hactenus
1391 5639 1477 5706 qui
1511 5639 1669 5692 Evam
1702 5654 1794 5691 au-

209 5724 460 5787 diebant,
495 5725 741 5776 miseram
780 5722 1136 5789 praedicabant
1169 5742 1179 5777 :
1216 5725 1301 5777 Vce
1333 5726 1542 5780 misera:
1579 5745 1589 5778 :
1623 5743 1791 5795 quan-

210 5823 317 5867 tam
348 5814 568 5882 gloriam
600 5812 815 5867 amisit!
863 5829 943 5866 va:
976 5813 1185 5867 misera:
1215 5832 1225 5867 :
1260 5826 1453 5885 quanta
1494 5832 1647 5887 passa
1676 5820 1791 5874 est!

1327 442 1413 499 DE
1453 439 1664 497 MUNDI
1706 437 2098 495 CREATiONE
2141 443 2394 500 ORATIO
2434 443 2517 498 Vl.

3377 453 3491 507 498

1918 554 2077 609 Maria
2104 556 2339 612 auotidie
2361 557 2593 609 omnittttt
2614 569 2743 608 voce
2768 553 2931 619 audit,
2964 552 3120 605 Beata
3151 567 3166 606 :
3195 564 3319 603 sane
3346 550 3500 618 plena

1918 644 2119 712 Spiritu
2148 656 2348 699 sancto.
2384 647 2458 698 Ac
2479 645 2691 697 demum
2724 643 3016 696 vaticinans
3052 640 3207 708 Virgo
3229 638 3349 693 audi
3373 637 3497 706 quid

1916 735 2058 789 dieat
2090 754 2102 787 :
2132 736 2429 789 Benedictus
2464 736 2703 789 Dominus
2736 734 2867 787 Deus
2894 732 3092 798 Israel,
3136 733 3253 799 quia
3283 731 3503 798 respexit

1917 825 2247 877 humilitatem
2272 825 2473 877 ancilla:
2508 841 2616 879 sua?
2640 841 2659 877 :
2688 840 2751 877 ex
2781 827 2874 875 hoc
2918 824 3045 874 enim
3087 823 3284 874 beatant
3315 837 3393 873 me
3422 822 3501 872 di-

1915 925 2022 966 cent
2047 932 2214 967 omnes
2243 916 2584 983 generationes
2626 913 2772 982 (Luc.
2811 915 2857 967 1.
2884 914 2972 967 68.
3006 923 3049 965 et
3078 914 3186 980 48).
3224 912 3289 967 Ut
3316 922 3501 964 osten-

1915 1004 2005 1055 dat
2031 1020 2087 1057 se
2119 1020 2395 1071 personam
2420 1003 2545 1056 Eva:
2572 1014 2807 1071 gestare,
2841 1002 2919 1055 Me
2945 1002 3009 1053 ad
3039 1000 3136 1054 hoc
3167 1016 3331 1068 usque
3363 1009 3502 1053 tem-

1919 1110 2043 1162 pus,
2100 1097 2297 1162 inquit,
2351 1097 2686 1148 contumelia:
2736 1095 2995 1155 habitam,
3044 1110 3107 1145 ex
3140 1104 3248 1145 tum
3292 1092 3499 1145 beatam

1916 1186 1945 1237 d
1972 1195 2091 1239 cunt
2116 1201 2301 1239 omnes
2329 1186 2714 1253 generationes.
2740 1186 2961 1253 thnid,
2993 1186 3214 1251 inquies,
3236 1184 3307 1237 illi
3342 1183 3503 1248 prod-

1915 1289 1995 1332 est
2017 1321 2029 1339 ,
2086 1296 2204 1332 cum
2248 1295 2349 1332 non
2387 1279 2564 1331 audiat
2586 1279 2608 1317 ’θ
2656 1282 2721 1330 At
2748 1293 2932 1331 revera
2968 1277 3111 1329 audit
3139 1318 3151 1339 ,
3184 1275 3322 1342 quod
3353 1276 3419 1326 sit
3450 1277 3501 1327 in

1915 1369 2191 1437 Splendida
2236 1368 2381 1430 loco,
2430 1370 2479 1421 in
2514 1369 2727 1437 regione
2755 1368 3030 1426 vivorum.
3080 1376 3249 1418 mater
3294 1366 3499 1428 salutis,

1915 1454 2033 1508 fons
2061 1457 2190 1510 lucis
2212 1500 2224 1519 ,
2258 1473 2376 1525 qua:
2411 1468 2464 1510 et
2491 1473 2647 1511 scnsn
2677 1468 2727 1509 et
2770 1468 2945 1509 mente
2992 1456 3309 1523 percipitur;
3344 1469 3503 1507 sensu

1916 1558 2132 1615 propter
2159 1564 2395 1609 carnem,
2429 1561 2607 1602 mente
2638 1560 2855 1618 propter
2883 1549 3233 1601 divinitatem.
3281 1548 3368 1601 Sic
3399 1549 3501 1600 ita.

1914 1651 2016 1705 quc
2042 1654 2255 1705 prorsus
2284 1640 2434 1692 beata
2467 1639 2801 1707 pra-dicatur.
2834 1640 2941 1690 lino
2964 1639 3123 1691 etiam
3152 1639 3275 1693 dum
3304 1639 3503 1691 viveret

1916 1728 1967 1780 in
1999 1743 2158 1780 carne
2180 1770 2192 1787 ,
2228 1730 2376 1782 beata
2407 1730 2826 1798 pra-dicabatur:
2858 1730 3056 1782 audivit
3096 1731 3234 1782 enim
3273 1729 3502 1782 beatitu-

1913 1819 2089 1871 dinem
2123 1820 2261 1871 illam
2290 1834 2410 1871 cum
2432 1818 2603 1872 adhuc
2629 1819 2679 1871 in
2704 1834 2863 1871 carne
2894 1829 3053 1871 esset.
3104 1818 3195 1871 Illa
3226 1819 3397 1886 primo
3425 1820 3501 1871 vi-

1912 1908 2022 1971 dit,
2052 1925 2112 1962 ac
2140 1909 2331 1962 deinde
2358 1925 2423 1962 ex
2458 1910 2646 1963 arbore
2673 1911 2933 1978 gustavit;
2980 1910 3092 1962 lucc
3136 1912 3305 1976 primo
3346 1908 3497 1974 dixit,

1913 2011 1965 2054 et
1990 2010 2111 2054 tunc
2137 2002 2513 2055 beatitudinem
2540 2001 2757 2053 audivit.
2804 2000 2934 2053 Cum
2968 2000 3107 2051 enim
3136 1999 3375 2053 Salvator
3400 1998 3499 2051 do-

1912 2103 2058 2147 ceret
2081 2134 2094 2155 ,
2132 2093 2391 2146 Extollcns
2415 2109 2580 2145 vocem
2612 2092 2844 2160 qutedam
2886 2092 3065 2143 mulier
3090 2091 3152 2142 de
3184 2092 3325 2143 turba
3349 2090 3497 2159 (Luc.

1914 2186 1999 2239 11.
2026 2184 2140 2253 27),
2174 2185 2380 2238 cunctis
2410 2184 2765 2246 audientibus,
2791 2183 2917 2235 dicit
2948 2182 3023 2234 illi
3057 2200 3068 2233 :
3098 2180 3284 2233 Beatus
3322 2190 3495 2232 venter

1911 2278 1995 2345 qui
2023 2287 2068 2330 te
2099 2277 2329 2343 portavit,
2357 2287 2399 2329 et
2420 2276 2573 2328 ubera
2598 2291 2710 2345 qua:
2728 2276 2925 2328 suxisti.
2944 2274 3203 2327 C:cterum
3230 2275 3278 2326 in
3296 2272 3499 2327 Adamo

1912 2367 2149 2435 implevit
2190 2368 2327 2420 Deus
2354 2367 2670 2419 sententiam
2698 2406 2712 2429 ,
2748 2366 2853 2417 imo
2882 2380 3005 2417 vero
3039 2364 3359 2432 plenitentim
3383 2380 3497 2416 me-

1911 2458 2119 2519 delam,
2172 2460 2392 2524 aitque:
2427 2456 2558 2521 Quia
2605 2456 2791 2507 audisti
2838 2472 3004 2507 vocem
3056 2455 3225 2507 uxoris
3277 2464 3405 2517 tuas,
3452 2462 3499 2504 et

1911 2550 2167 2600 conzedisti
2196 2549 2257 2600 de
2295 2549 2460 2615 ligno,
2492 2564 2552 2599 ea:
2578 2564 2675 2615 quo
2703 2563 3036 2615 prceceperam
3074 2547 3161 2597 tibi
3188 2563 3247 2597 ne
3271 2546 3500 2596 comede-

1910 2657 2007 2705 res,
2038 2640 2300 2691 maledicta
2327 2650 2457 2691 terra
2486 2641 2535 2689 in
2574 2638 2802 2703 operibus
2826 2640 2921 2689 tuis
2955 2637 3105 2706 (Gen.
3132 2639 3182 2690 '5.
3223 2638 3331 2706 17).
3365 2639 3497 2690 Rur-

1910 2745 1999 2783 sus
2034 2731 2121 2797 qui
2156 2728 2465 2782 benedictus
2495 2729 2660 2780 fuerat
2688 2769 2701 2790 ,
2736 2727 3161 2779 maledictiouem
3196 2745 3297 2780 non
3332 2729 3498 2780 susci-

1912 2822 2023 2889 pit,
2052 2820 2143 2873 sed
2178 2830 2334 2872 terra.
2370 2820 2518 2871 Alius
2558 2820 2794 2886 peceavit
2820 2861 2832 2880 ,
2867 2819 2966 2871 alia
3009 2819 3245 2872 czeditur.
3278 2818 3342 2873 Ut
3377 2820 3497 2872 Evae

1910 2912 2098 2964 maledi
2129 2912 2214 2963 'tio
2246 2928 2257 2961 :
2290 2913 2393 2962 imo
2433 2911 2605 2977 potius
2646 2909 2983 2972 emendatio;
3034 2924 3135 2960 non
3166 2911 3306 2962 enim
3334 2910 3497 2962 male-

1907 3001 2069 3054 dictio
2121 3009 2274 3059 crat.
2328 3000 2420 3053 sed
2465 2999 2767 3053 emendatio
2815 3016 2827 3050 :
2872 2999 3317 3066 quemadmodum
3371 3002 3495 3055 Exue

1908 3094 2189 3156 correctio,
2216 3090 2280 3143 In
2310 3092 2566 3143 doloribus
2594 3092 2758 3157 paries
2791 3090 3007 3160 (etenim
3032 3091 3204 3143 omnis
3234 3091 3421 3144 mulier
3444 3092 3494 3144 in

1907 3187 2177 3241 doloribus
2234 3184 2401 3254 parit)
2424 3228 2435 3244 ,
2492 3185 2747 3237 hactenus
2795 3184 2985 3235 mansit
3018 3200 3029 3234 :
3064 3184 3140 3236 sic
3178 3193 3229 3235 et
3258 3183 3445 3236 Adami
3478 3202 3491 3238 :

1910 3276 2182 3330 Maledicta
2205 3276 2401 3327 terrain
2424 3274 2654 3341 operibus
2684 3275 2799 3324 tuis.
2831 3272 3078 3325 Nostrum
3107 3288 3264 3339 opera
3296 3275 3490 3342 iniqua,

1908 3379 1959 3422 et
1989 3379 2123 3421 terra
2156 3367 2417 3435 plectitur.
2454 3364 2556 3417 Nos
2582 3378 2880 3431 peccamus,
2911 3373 2963 3416 et
2996 3373 3131 3414 terra
3164 3364 3489 3415 maledictio-

1910 3476 2028 3513 nem
2055 3456 2265 3525 accipit.
2320 3456 2494 3509 Parcit
2541 3456 2676 3507 Deus
2706 3452 2940 3521 opiﬁcio,
2989 3462 3047 3504 ut
3092 3453 3319 3521 ingenuo
3363 3454 3488 3516 lilio,

1909 3562 2100 3606 terram
2132 3562 2185 3605 ut
2217 3551 2559 3620 ptedagognm
2591 3550 2786 3617 plectit.
2833 3547 3107 3600 Maledicta
3137 3559 3268 3601 terra
3296 3550 3346 3601 in
3374 3566 3492 3617 ape-

1907 3644 2042 3695 ribus
2070 3644 2185 3695 tuis.
2216 3641 2290 3694 Ne
2319 3641 2626 3694 consideres
2666 3650 2906 3691 naturam
2935 3679 2948 3703 ,
2998 3638 3088 3691 sed
3130 3639 3219 3690 Dei
3247 3640 3489 3707 gratiam.

1905 3734 2020 3787 Non
2064 3733 2303 3785 absolute
2333 3731 2500 3794 dixit,
2548 3728 2823 3780 Maledicta
2854 3738 2983 3779 terra
3014 3744 3031 3780 :
3064 3744 3181 3780 nam
3213 3728 3489 3781 maledicta

1909 3825 2228 3885 mansisset,
2282 3832 2334 3875 et
2380 3820 2581 3873 fructus
2610 3836 2713 3871 non
2762 3820 2998 3881 tulisset;
3043 3819 3489 3885 quemadnunlnm

1906 3913 2037 3965 dixit
2066 3912 2181 3963 licui
2220 3929 2231 3961 :
2268 3909 2388 3961 Non
2420 3912 2551 3960 ultra
2588 3925 2649 3959 ea:
2684 3920 2729 3959 te
2754 3919 2892 3959 exeat
2926 3912 3120 3977 fructus
3147 3950 3159 3971 ,
3209 3920 3252 3960 et
3295 3914 3490 3962 exaruit

1908 4005 2118 4074 (Matth.
2151 4003 2239 4055 21.
2278 4002 2363 4069 l9)
2395 4019 2405 4051 ξ
2437 4003 2512 4053 sic
2551 4011 2602 4052 et
2652 4001 2698 4051 in
2750 4009 2889 4053 terra
2938 4002 3165 4051 l'ttturuui
3212 4012 3363 4065 erat;
3399 4002 3489 4052 sed

1906 4096 1997 4159 ait,
2026 4093 2089 4147 In
2118 4095 2349 4161 Operibus
2383 4092 2498 4144 tuis.
2530 4090 2747 4157 Quando
2778 4105 2958 4158 pecco,
2996 4090 3285 4157 percutitur
3316 4102 3486 4150 terra;

1906 4187 2119 4257 quando
2164 4197 2308 4239 recte
2355 4185 2540 4237 incedo
2565 4225 2579 4247 ,
2625 4184 2766 4235 illam
2802 4183 3081 4235 hencdicit.
3136 4184 3201 4234 At
3228 4182 3344 4236 vide
3376 4198 3487 4233 rom

1907 4281 2119 4333 miram.
2147 4276 2367 4343 Quando
2394 4276 2593 4329 creavit
2620 4276 2755 4327 Deus
2787 4285 3002 4337 terram,
3037 4291 3201 4337 mare,
3229 4276 3485 4338 volatilia,

1908 4370 2136 4439 reptilia,
2170 4369 2388 4426 bestias.
2421 4366 2712 4430 hominem,
2739 4368 2911 4419 omnia
2942 4367 3211 4422 benedixit
3244 4388 3256 4419 :
3289 4370 3490 4421 l'ructns

1906 4473 2033 4512 vero
2078 4473 2179 4510 non
2230 4456 2533 4517 benedixit,
2566 4456 2708 4524 quod
2752 4471 2940 4523 nempe
2969 4458 3128 4509 sciret
3168 4460 3301 4510 hanc
3336 4468 3488 4509 terra:

1907 4558 2169 4603 servatam
2197 4563 2313 4601 esse
2344 4564 2575 4615 poenam,
2607 4559 2661 4601 ut
2690 4550 3029 4616 peccantibus
3057 4550 3356 4603 hominibus
3380 4560 3487 4603 ste-

1908 4643 2098 4694 rilitate
2146 4640 2501 4711 plecteretur,
2540 4648 2591 4693 et
2633 4639 2797 4706 probe
2826 4640 3120 4705 agentibus,
3167 4639 3486 4694 fertilitatem

1905 4735 2186 4801 acciperet.
2230 4732 2342 4785 Non
2372 4731 2639 4785 benedixit
2668 4731 2921 4784 fructibus
2947 4750 2958 4782 :
2988 4732 3184 4785 donum
3216 4735 3354 4786 enim
3378 4744 3490 4787 erat

1906 4824 2020 4878 sine
2044 4820 2368 4891 poenitentia.
2392 4822 2581 4888 Spinas
2596 4832 2639 4871 et
2661 4820 2865 4873 tribulos
2889 4822 3123 4889 producet
3151 4823 3255 4874 tibi.
3281 4823 3486 4891 Magna,

1906 4916 2103 4984 inquit,
2150 4913 2477 4981 despexisti;
2516 4912 2806 4965 minoribus
2852 4914 3118 4980 plectaris.
3174 4914 3303 4967 Vide
3330 4932 3485 4982 qu:un

1906 5008 2193 5060 moderata:
2224 5007 2329 5058 sint
2360 5006 2750 5072 castigationes.
2802 5004 2962 5071 Spiua
2995 5004 3237 5058 orcidcre
3268 5009 3445 5074 nequit
3474 5025 3485 5067 ;

1904 5109 2183 5151 cruentare
2210 5106 2400 5165 potest.
2430 5096 2488 5146 Et
2512 5094 2752 5148 comedet
2776 5107 2967 5148 terram
2999 5096 3047 5146 in
3077 5095 3363 5147 doloribus.
3400 5097 3485 5147 Illa

1904 5190 2039 5255 parit
2067 5188 2116 5240 in
2141 5187 2451 5248 doloribus;
2484 5197 2537 5239 tu
2560 5187 2778 5239 comede
2803 5187 2850 5238 in
2875 5186 3161 5237 doloribus.
3183 5187 3311 5239 Nam
3338 5198 3489 5240 vetus

1905 5277 1991 5329 illa
2032 5278 2290 5329 sententia
2336 5279 2589 5329 hactenus
2620 5284 2813 5326 nianct.
2862 5275 2928 5326 Et
2955 5276 3069 5326 vide
3097 5276 3221 5327 mihi
3247 5277 3483 5337 divitem,

1904 5383 2209 5436 pauperem,
2244 5368 2553 5432 principem,
2582 5381 2850 5432 magnum,
2888 5382 3011 5416 num
3046 5366 3147 5417 vita
3176 5366 3288 5434 ejus
3324 5367 3488 5433 possit

1905 5460 2017 5511 sine
2043 5458 2224 5511 dolore
2252 5466 2303 5509 et
2337 5474 2457 5508 cura
2494 5457 2733 5508 inveniri.
2768 5456 2985 5522 Quare?
3020 5456 3277 5523 Quoniam
3311 5456 3373 5505 In
3402 5472 3488 5505 sn-

1904 5550 2023 5601 dore
2053 5550 2215 5600 vultus
2236 5550 2307 5598 tui
2339 5548 2546 5599 vesceris
2574 5564 2701 5614 pane
2727 5559 2811 5599 tuo
2844 5547 2991 5615 (Gen.
3021 5549 3070 5599 5.
3107 5548 3213 5611 19).
3265 5546 3486 5599 Noluisti

1906 5641 2220 5709 tranquille;
2255 5640 2302 5691 in
2331 5640 2522 5693 sudore
2544 5640 2787 5694 comede.
2840 5640 2948 5693 Non
2976 5642 3123 5707 punit
3150 5640 3293 5690 illiilli
3326 5637 3484 5698 fante,

1904 5730 1996 5783 sed
2042 5731 2267 5782 miseria:
2306 5738 2461 5797 atque
2508 5728 2674 5781 labori
2719 5730 2947 5795 subjicit.
3006 5729 3119 5780 Jam
3160 5736 3243 5786 tu.
3298 5726 3486 5790 ﬁdelis,

1902 5819 2030 5873 illud
2065 5820 2256 5889 cogita.
2304 5820 2359 5875 Si
2392 5818 2556 5871 Adam
2600 5818 2713 5873 sine
2756 5819 2948 5873 sudore
2980 5833 3165 5886 panem
3200 5831 3302 5869 non
3335 5830 3487 5871 com-
