3984 6442
462 550 608 613 edit,
639 560 738 604 nos
772 544 1046 618 quomodo
1092 545 1208 601 sine
1251 543 1524 599 laboribus
1558 542 1954 614 sudoribusque
1983 559 2072 598 re-

455 655 623 711 gnum
647 640 898 694 culorum
919 636 1349 707 consequamur?
1374 634 1565 699 Donec,
1593 635 1785 705 inquit,
1805 635 2075 690 revertaris

452 734 515 784 in
540 741 743 794 terram,
775 730 838 784 de
860 738 1206 800 quasumptus
1232 743 1304 782 es.
1332 726 1376 781 Ο
1395 727 1752 782 sententiam!
1783 741 1816 778 ο
1836 729 2072 780 clemen-

465 823 592 876 tiam
625 831 768 875 metu
802 818 1054 889 plenam!
1100 835 1133 873 o
1181 819 1501 873 sententiam
1546 818 1917 873 consolatione
1960 818 2072 886 ple-

465 916 628 970 nam!
689 913 934 968 Nondum
981 912 1301 982 expulerat,
1358 923 1412 966 et
1465 911 1771 966 revocavit!
1831 911 2069 965 nondum

464 1009 716 1077 eiecerat,
747 1016 804 1062 et
837 1006 1159 1074 resumpsit!
1196 1004 1368 1058 Donec
1401 1004 1668 1058 revertaris
1698 1003 1750 1057 in
1779 1013 1985 1068 terram,
2009 1003 2074 1056 tle

461 1117 564 1170 qua
603 1111 833 1168 sumptus
883 1117 953 1154 es.
1013 1099 1125 1151 Non
1157 1099 1328 1163 dixit,
1381 1098 1559 1152 Donec
1588 1097 1852 1161 delearis,
1897 1098 2072 1151 donec

461 1190 812 1251 dissolvaris;
852 1189 944 1243 sed
967 1229 981 1250 .
1033 1187 1210 1242 Donec
1240 1189 1507 1242 revertaris
1533 1188 1585 1241 in
1615 1197 1801 1242 (errant
1825 1228 1839 1253 ,
1881 1188 1945 1241 de
1971 1204 2072 1256 qua

463 1291 698 1350 sumptus
740 1297 790 1335 es
819 1297 838 1334 :
865 1290 923 1334 ut
971 1280 1064 1334 tibi
1111 1295 1262 1346 spem
1311 1279 1723 1334 resurrectionis
1754 1278 2065 1332 substituas.

463 1374 562 1430 lllo
594 1383 646 1430 te
676 1374 831 1428 mitto
851 1414 864 1436 ,
913 1374 1057 1428 unde
1101 1383 1152 1427 te
1181 1373 1394 1441 accepi;
1436 1381 1491 1426 ut
1523 1381 1573 1426 te
1602 1382 1726 1426 tunc
1753 1372 1972 1440 accepi,
2017 1377 2071 1425 te

466 1481 654 1522 rursus
679 1481 898 1538 possum
925 1466 1169 1536 accipere
1188 1507 1203 1533 ,
1251 1464 1384 1530 Quia
1415 1473 1548 1518 terra
1572 1479 1625 1516 es
1647 1504 1661 1528 ,
1710 1473 1755 1516 et
1799 1463 1851 1517 in
1879 1473 2069 1518 terram

499 1651 653 1666 ...ρ’
671 1652 806 1664 σ---
820 1653 1468 1680 ._,.__=.——__..-
1490 1655 1657 1664 ._-.-.__..
1673 1657 1808 1664 -_.-_
1820 1657 1956 1664 η...-

1941 431 2316 489 SEVERIANI

1961 1654 2298 1664 ..—._.————

3698 464 3816 521 500

2182 547 2298 602 ibis.
2326 547 2463 616 Non,
2484 549 2782 615 Drlcberis,
2800 553 2918 620 sed,
2938 551 3072 610 Ibis.
3100 553 3255 622 Illud,
3293 557 3422 624 Ibis,
3449 561 3677 630 quidam
3712 563 3800 618 in-

2186 641 2459 708 terpretati
2489 651 2613 695 sunt
2633 684 2647 705 ,
2680 641 2984 700 Rettcrteris.
3015 646 3284 715 Quantum
3315 652 3473 721 igitur
3500 669 3599 726 per
3627 655 3801 711 facul-

2184 738 2346 785 tatem
2394 731 2572 793 licuit,
2626 747 2720 800 per
2745 736 2972 803 gratiam
3005 739 3172 792 sancti
3204 739 3434 810 Spiritus
3460 784 3474 807 ,
3501 745 3795 801 vobiscum

2183 821 2486 891 paradisum
2532 825 2925 892 percurrimus,
2973 827 3118 898 regia
3161 831 3485 889 monimenta
3537 835 3794 906 legimus,

2183 913 2414 966 vidimus
2444 927 2563 968 reos
2595 914 2841 972 libertate
2865 916 3124 986 donatos,
3156 919 3361 978 Judicis
3405 926 3794 986 clementiam:

2181 1020 2284 1074 qua
2317 1005 2518 1059 utinam
2545 1022 2574 1060 a
2612 1006 2828 1063 Christo
2870 1009 3099 1066 salutem
3144 1027 3570 1085 consequamur,
3603 1027 3663 1071 ut
3687 1033 3800 1073 cm-

2183 1098 2409 1153 lestibus
2437 1098 2541 1151 illis
2566 1110 2621 1153 et
2641 1101 2984 1169 sempiternis
3014 1101 3254 1160 fruamur
3275 1107 3449 1172 bouis,
3483 1108 3533 1161 iu
3566 1107 3796 1166 Christo

2179 1187 2308 1244 Jesu
2352 1189 2578 1244 Domino
2634 1200 2818 1246 nostro
2865 1208 2878 1245 :
2923 1197 3174 1263 quoniam
3220 1196 3322 1267 ipsi
3365 1199 3533 1268 gloria
3591 1209 3648 1254 et
3693 1201 3800 1254 im-

2181 1282 2420 1349 perium,
2467 1296 2609 1337 nunc
2644 1292 2697 1338 et
2739 1298 2985 1355 semper,
3031 1296 3086 1342 et
3125 1288 3177 1343 in
3218 1291 3412 1347 smculs
3442 1293 3794 1347 swculorutn.

2179 1377 2374 1429 Amen.

1930 1937 1989 1996 Μ
2002 1935 2316 1997 ONITUM

556 2188 793 2245 Jacobus
842 2187 1174 2244 Sirmondus
1224 2188 1289 2244 ad
1326 2189 1640 2244 Eunodium
1683 2187 1747 2242 T.
1809 2188 1829 2241 l
1868 2197 2161 2260 postremae
2205 2183 2498 2246 Editionis,
2529 2199 2583 2253 p.
2619 2181 2777 2248 1842,
2833 2182 2902 2236 de
2951 2179 3054 2233 hac
3097 2175 3318 2232 homilia
3361 2173 3440 2230 sic
3493 2173 3785 2243 loquitur:

493 2354 511 2387 ι
544 2335 875 2394 Severianus
902 2337 1234 2393 Gabalorum
1285 2337 1575 2408 episcopus
1625 2351 1656 2390 a
1700 2342 1952 2406 serpente
1982 2334 2096 2402 illo,
2129 2333 2255 2405 quia
2290 2331 2594 2403 symbolum
2634 2337 2751 2384 erat
2789 2326 2968 2383 crucis
2995 2321 3220 2387 Christi,
3255 2320 3511 2384 salutem,
3547 2319 3642 2370 καὶ
3679 2313 3791 2368 ἀπὸ

482 2480 582 2534 τοῦ
615 2482 1023 2553 ὲπικαταράτου
1070 2480 1324 2551 εὐλογίαν
1356 2480 1577 2537 ﬂuxisse
1609 2481 1686 2536 ait
1719 2480 1776 2535 in
1807 2479 1960 2536 Orat.
1987 2475 2030 2532 ll
2054 2493 2079 2533 ε

2190 2492 2300 2531 cem
2325 2492 2463 2546 quas
2491 2470 2866 2545 Chrysostonti
2891 2468 3115 2524 nomine
3139 2466 3197 2521 in
3218 2464 3396 2519 lucem
3429 2458 3582 2515 dedit
3618 2453 3786 2510 Card.

485 2624 737 2680 Sirletus.
786 2626 896 2681 Sed
952 2626 1253 2683 Severiano
1282 2626 1424 2682 hanc
1457 2633 1733 2691 asserunt,
1785 2639 1955 2696 quam
1999 2623 2132 2690 dixi,
2162 2623 2532 2677 Damascenus
2566 2626 2622 2674 et
2668 2614 2980 2671 Hadrianus
3003 2622 3166 2682 papa,
3218 2617 3348 2662 cum
3377 2598 3596 2674 Synodo
3637 2593 3794 2648 Pari-

485 2770 676 2826 siensi.
715 2793 732 2823 ι
765 2773 905 2828 Nihil
942 2775 1126 2846 itaque
1157 2775 1311 2833 dubii
1349 2771 1680 2843 relinquitur
1731 2775 1872 2831 hanc
1911 2774 2191 2828 homiliam
2231 2787 2354 2826 esse
2411 2766 2718 2828 Severiani.
2768 2762 3010 2818 hominis
3059 2765 3209 2813 certe
3243 2769 3356 2809 non
3384 2750 3638 2819 elinguIS.

3695 2742 3790 2798 scd

618 3041 858 3086 ωυτιο
900 3042 985 3085 ΒΕ
1034 3042 1383 3098 ειςιηκτπ,
1429 3044 1609 3097 QUEM
1653 3045 1898 3090 MOYSES
1944 3045 2010 3087 IN
2055 3045 2260 3088 CRUCE
2307 3042 2658 3087 SUSPENDIT
2701 3041 2762 3082 ΙΝ
2811 3040 3124 3097 DESERTO,
3172 3039 3384 3094 DFQUE
3427 3041 3649 3085 οινιΝΑ

1884 3145 2229 3188 ΤΜΝΙΤΑΤΕ
2280 3126 2394 3207 (α),

1939 3291 2346 3326 W—

551 3409 604 3462 t.
647 3406 771 3462 Heri
797 3421 1100 3462 sermonem
1127 3407 1454 3464 instituimus
1479 3417 1663 3464 contra
1691 3407 1992 3478 hmreticos,
2022 3421 2077 3466 et

479 3513 580 3570 pro
619 3499 785 3568 gloria
829 3496 1096 3569 Unigeniti
1137 3501 1565 3556 concertavimus
1590 3543 1605 3568 ,
1635 3517 1741 3556 non
1788 3511 1844 3556 ut
1885 3519 2078 3559 arcana

480 3592 722 3663 quzedam
756 3593 808 3647 in
857 3592 1033 3649 lucem
1076 3593 1478 3663 proferremus,
1511 3595 1607 3651 sed
1651 3605 1707 3651 ut
1748 3598 1970 3668 gratiam
2014 3614 2082 3652 ex

481 3685 662 3739 animo
690 3684 1082 3754 profiteremur.
1110 3685 1225 3740 Non
1253 3687 1393 3741 enim
1415 3703 1480 3741 ex
1502 3688 1682 3744 verbis
1705 3691 1903 3744 nostris
1922 3688 2081 3745 Chri-

483 3777 550 3830 sti
578 3776 742 3846 gloria
774 3787 998 3848 augetur
1023 3817 1037 3842 ,
1069 3779 1163 3832 sed
1197 3780 1466 3849 praeclaris
1494 3781 1563 3835 ab
1590 3797 1656 3836 eo
1685 3782 1857 3836 ornati
1891 3797 2082 3836 mune-

481 3869 630 3924 ribus
656 3911 671 3934 ,
710 3879 864 3939 grato
894 3870 1074 3924 animo
1103 3869 1420 3926 beneficium
1455 3873 1828 3941 przedicamus.
1875 3875 2082 3929 Absur-

476 3960 761 4014 dissimum
790 3960 936 4016 enim
961 3970 1125 4025 esset,
1154 3977 1254 4017 nos
1280 3962 1552 4020 beneficiis
1581 3975 1801 4021 ornatos
1823 4009 1837 4034 ,
1871 3968 2084 4022 silentio

482 4065 767 4106 munerum
787 4052 958 4105 vicem
983 4053 1287 4121 persolvere
1305 4070 1320 4108 :
1343 4056 1572 4110 maxime
1596 4072 1726 4112 vero
1744 4073 1866 4112 eum
1893 4059 2078 4125 David,

483 4153 541 4196 ut
568 4143 731 4198 modo
755 4142 979 4197 audistis
1002 4183 1018 4207 ,
1049 4143 1119 4197 ita
1150 4143 1333 4212 iubeat
1359 4163 1370 4198 :
1403 4144 1581 4200 Omnis
1610 4157 1744 4201 terra
1780 4150 1956 4203 adoret
2001 4159 2048 4203 te
2067 4188 2080 4214 ,

478 4243 528 4288 et
556 4234 742 4304 psallat
773 4234 861 4287 tibi
879 4233 1051 4304 (Psal.
1081 4235 1169 4289 65.
1191 4234 1270 4305 4).
1297 4236 1463 4290 Deum
1487 4237 1784 4303 laudamus,
1815 4254 1919 4294 non
1943 4240 2084 4309 quod

484 4326 582 4395 ipsi
607 4325 862 4380 honorem
888 4325 1196 4394 afferamus,
1220 4327 1313 4383 sed
1340 4329 1492 4384 nobis
1516 4329 1643 4399 ipsis
1669 4330 1927 4388 honorem
1950 4347 2082 4388 con-

483 4418 751 4473 ciliemus.
782 4415 1017 4472 Gloriam
1052 4418 1160 4474 Deo
1189 4419 1489 4487 referimus,
1523 4437 1628 4476 non
1657 4438 1816 4493 quam
1849 4425 1946 4494 ipsi
1980 4426 2086 4481 lar-

481 4512 733 4578 glamur,
777 4507 873 4562 sed
916 4523 1074 4577 quam
1117 4509 1271 4563 nobis
1313 4510 1670 4565 immortalem
1701 4514 2081 4573 conferamus:

484 4615 608 4652 nam
640 4597 766 4664 Eas,
799 4600 886 4670 qui
915 4616 994 4652 me
1018 4600 1327 4669 gloriﬁcant,
1360 4603 1694 4671 glori/icabo;
1723 4616 1768 4658 et
1803 4609 1889 4674 qui
1918 4619 2085 4662 conte-

484 4701 665 4745 mnunt
694 4708 773 4744 me
796 4733 809 4754 ,
838 4694 1260 4760 contemnentur(
1290 4693 1339 4747 l.
1371 4691 1501 4764 Reg.
1547 4694 1601 4747 ἓ.
1642 4695 1710 4750 50
1733 4695 1774 4764 ).
1808 4697 1912 4751 Pro
1946 4699 2084 4752 virili

485 4793 667 4837 nostra
717 4782 1038 4850 docuimus,
1093 4799 1200 4838 non
1251 4783 1412 4840 licere
1459 4788 1716 4842 terminos
1761 4789 1945 4857 gloria:
1989 4791 2084 4846 Dei

485 4875 792 4941 transilire,
822 4890 927 4929 non
959 4874 1264 4930 hominibus
1289 4918 1304 4942 ,
1337 4876 1425 4946 qui
1459 4878 1508 4930 in
1540 4886 1678 4932 terra
1707 4878 1946 4948 degunt,
1978 4897 2082 4936 non

485 4967 692 5035 angelis
715 4967 803 5035 qui
837 4967 888 5020 in
916 4969 1081 5034 caelis,
1113 4984 1218 5023 non
1247 4968 1600 5040 archangelis,
1635 4987 1740 5026 non
1774 4975 2085 5042 principati-

487 5056 604 5119 bus,
641 5072 746 5109 nou
778 5056 1118 5123 Cherubiuis,
1149 5075 1254 5113 non
1283 5060 1613 5130 Seraphinis.
1648 5066 2082 5130 ALmeministis,

483 5155 543 5200 ut
565 5147 699 5201 bene
723 5148 842 5200 novi
862 5191 872 5210 ,
895 5157 1158 5218 quotquot
1177 5151 1306 5205 estis
1328 5149 1566 5208 discendi
1589 5155 1766 5225 cupidi
1789 5157 2082 5223 auditores,

484 5255 586 5308 qua
618 5240 826 5295 ratione
868 5241 950 5294 his
988 5241 1054 5296 de
1093 5242 1251 5296 rebus
1294 5243 1530 5298 instituta
1569 5248 1739 5300 oratio
1777 5247 1841 5302 ad
1883 5251 2084 5304 exitum

483 5331 712 5385 deducta
742 5334 828 5386 sit.
865 5335 970 5388 Sed
1001 5336 1121 5403 quia
1152 5334 1338 5399 hodie,
1373 5338 1561 5392 fratres
1582 5379 1596 5403 ,
1626 5341 1737 5410 ipse
1765 5341 1874 5395 ltex
1903 5345 2086 5412 gloria:

484 5439 701 5480 crucem
734 5440 883 5478 suam
918 5431 1290 5494 prmnuntiavit
1315 5472 1328 5493 ,
1359 5431 1745 5502 etApostolus,
1772 5436 1968 5505 regiam
1999 5453 2086 5493 se-

488 5531 659 5585 quens
687 5516 989 5570 Sen'atoris
1022 5533 1207 5572 vocem
1233 5561 1248 5584 ,
1277 5521 1344 5574 de
1370 5536 1528 5576 cruce
1558 5521 1963 5595 philosophatus
2004 5540 2086 5584 est

487 5609 648 5676 (nam
690 5609 948 5664 Dominus
986 5611 1262 5682 discipulis
1297 5614 1550 5671 dicebat:
1592 5619 1725 5674 Ecce
1766 5624 2086 5680 ascendimus

484 5698 882 5772 Jerosolymant,
906 5713 952 5756 et
975 5703 1145 5760 Filius
1169 5706 1386 5759 hominis
1407 5709 1634 5764 tradetur
1653 5713 1704 5766 in
1727 5730 1905 5770 manus
1926 5715 2088 5770 inimi-

549 5874 625 5938 (α)
658 5875 836 5927 Collata
857 5892 967 5929 cum
991 5879 1168 5931 Codice
1195 5887 1308 5943 Reg.
1339 5879 1478 5930 1658.

2187 3429 2362 3466 eorum
2385 3409 2599 3484 [Matt/t.
2623 3408 2712 3464 9.0.
2740 3406 2866 3482 l8];
2895 3408 3089 3464 Paulus
3113 3424 3242 3464 vero
3266 3408 3479 3466 Galatas
3501 3411 3792 3481 objurgans

2188 3505 2402 3571 scripsit
2431 3520 2442 3555 :
2478 3501 2603 3568 Quis
2631 3517 2717 3553 vos
2745 3500 3010 3572 fascinavit
3030 3541 3045 3568 ,
3083 3501 3264 3570 quibus
3294 3512 3414 3556 ante
3439 3504 3612 3557 oculos
3638 3501 3791 3558 Chri-

2191 3603 2295 3648 stus
2326 3593 2652 3663 pra'scriptus
2679 3600 2750 3645 est
2775 3592 2828 3645 in
2856 3591 2994 3645 vobis
3024 3590 3341 3661 cruciﬁxus?
3369 3587 3518 3661 [ϐαι.
3549 3593 3601 3646 5.
3632 3592 3686 3665 l]
3732 3594 3789 3667 ),

2192 3685 2443 3755 quoniam
2487 3684 2644 3753 igitur
2684 3692 2737 3738 et
2777 3683 2919 3752 regia
2959 3683 3168 3738 Domini
3197 3699 3297 3738 vox
3322 3724 3338 3751 ,
3367 3693 3422 3740 et
3451 3683 3625 3741 ﬁdelis
3653 3688 3793 3741 servi

2192 3776 2435 3830 doctrina
2464 3815 2478 3836 ,
2525 3774 2687 3844 regiis
2729 3773 2984 3829 insistunt
3019 3774 3254 3846 vestigiis
3280 3817 3295 3842 ,
3335 3790 3516 3846 opera:
3560 3781 3791 3848 pretium

2192 3867 2463 3933 existimo,
2493 3879 2593 3920 nos
2619 3865 2779 3920 etiam
2808 3882 2904 3936 pro
2927 3865 3063 3920 virili
3092 3866 3160 3922 de
3182 3867 3444 3924 dominica
3473 3883 3635 3925 cruce
3660 3887 3792 3926 con-

2193 3968 2446 4014 sentanea
2480 3958 2621 4028 loqui
2645 4000 2658 4020 ,
2689 3974 2794 4011 non
2824 3968 2878 4012 ut
2908 3957 3217 4028 dignitatem
3251 3958 3394 4014 illam
3422 3961 3752 4032 attingatuus
3775 4005 3788 4027 ,

2192 4050 2288 4105 sed
2333 4057 2391 4103 ttt
2432 4063 2530 4118 pro
2559 4048 2693 4103 virili
2725 4061 2905 4103 nostra
2935 4049 3174 4104 debitum
3217 4051 3608 4119 persolvamus.
3655 4053 3792 4120 Quid

2193 4143 2353 4211 igitur
2378 4144 2452 4196 ait
2477 4141 2776 4196 Servator?
2807 4142 2936 4196 Ecce
2963 4143 3279 4196 ascendimus
3302 4141 3683 4215 Jerosolymam
3705 4187 3718 4208 ,
3748 4156 3794 4200 et

2196 4234 2364 4288 Filius
2412 4235 2629 4288 hominis
2673 4236 2916 4288 tradetur.
2975 4235 3224 4290 Pmedicit
3272 4237 3576 4306 passionem
3624 4238 3795 4292 victor

2195 4325 2418 4392 mortis;
2445 4335 2658 4381 crucem
2687 4326 3028 4397 prmnuntiat,
3051 4329 3139 4397 qui
3167 4341 3327 4382 cruce
3349 4339 3578 4382 mortem
3603 4328 3794 4382 dissol-

2193 4418 2268 4472 vit
2299 4435 2311 4470 :
2339 4429 2608 4472 certamen
2633 4419 2972 4488 praenuntiat,
2998 4425 3055 4472 ut
3080 4417 3357 4472 victoriam
3385 4418 3665 4486 praedicet.
3701 4419 3792 4474 llic

2194 4525 2381 4563 rursus
2413 4509 2477 4562 ad
2512 4509 2908 4579 intelligendam
2939 4509 3146 4564 Domini
3175 4523 3358 4563 vocem
3395 4510 3637 4563 animum
3671 4526 3794 4564 con-

2192 4610 2363 4654 verte.
2395 4600 2530 4654 Vide
2558 4612 2751 4669 quanta
2777 4616 2897 4654 cum
2924 4600 3240 4654 auctoritate
3269 4598 3444 4654 dicat:
3466 4599 3602 4655 Ecce
3623 4619 3796 4656 ascen-

2195 4692 2361 4743 dimus
2387 4689 2777 4761 Jerosolymum,
2810 4701 2854 4744 et
2881 4690 3049 4744 Filius
3081 4691 3297 4744 hominis
3323 4692 3574 4758 tradetur,
3602 4702 3658 4745 ut
3683 4711 3794 4746 cru-

2195 4781 2450 4850 ciﬁgatur.
2497 4779 2596 4846 Qui
2630 4781 2744 4833 haec
2777 4779 3058 4848 praedicit,
3101 4779 3156 4834 in
3197 4781 3312 4850 ipso
3351 4783 3651 4838 certamine
3689 4784 3791 4852 jam

2193 4873 2512 4926 constitutus
2551 4870 2863 4941 dignitatem
2907 4873 3240 4929 auctoritatis
3278 4883 3486 4938 mutat,
3531 4885 3793 4945 negatque

2193 4965 2505 5035 dignitatem
2537 4966 2826 5020 divinitatis
2865 4981 2975 5021 sum
3003 4967 3188 5022 dicens
3219 4985 3231 5019 :
3265 4966 3424 5021 Pater
3444 5010 3457 5031 ,
3489 4970 3532 5021 si
3561 4970 3794 5036 possibile

2193 5065 2299 5118 est,
2329 5065 2549 5110 transeat
2589 5074 2619 5109 a
2647 5074 2724 5110 me
2750 5058 2887 5112 calix
2911 5061 3008 5112 iste
3040 5058 3269 5128 (Matth.
3310 5057 3401 5113 26.
3434 5059 3505 5114 59
3527 5060 3566 5130 ).
3606 5064 3789 5115 Annon

2197 5149 2596 5218 repugnantiam
2648 5150 3073 5204 animadvertis?
3120 5150 3544 5206 Incarnationem
3597 5156 3786 5223 cogita.

2194 5240 2297 5295 Sed
2344 5241 2407 5293 ad
2453 5242 2784 5310 propositum
2829 5240 3134 5296 redeamus.
3187 5241 3473 5310 Discipulis
3513 5244 3588 5296 ait
3621 5263 3632 5296 :
3666 5244 3791 5296 Ecce

2193 5334 2510 5386 ascendimus
2550 5333 2957 5403 Jerosolymam,
2994 5343 3038 5387 et
3077 5332 3242 5388 Filius
3283 5334 3503 5390 hominis
3544 5338 3789 5390 tradetur.

2195 5423 2326 5477 Vide
2355 5439 2511 5492 quam
2538 5434 2692 5478 caute
2725 5425 2986 5493 loquatur.
3017 5423 3148 5478 Cum
3183 5426 3486 5493 passionem
3517 5427 3787 5495 prtcdicat.

2193 5515 2478 5568 humanam
2511 5516 2749 5569 ostendit
2778 5524 3020 5570 naturam
3039 5557 3052 5580 ,
3081 5514 3247 5570 Filius
3277 5517 3497 5570 hominis
3540 5520 3781 5571 tradetur.

2193 5605 2405 5661 Etenim
2451 5619 2647 5673 corpus
2673 5605 2880 5660 visibile
2907 5605 3442 5675 patitur;divinitatis
3463 5622 3594 5661 vero
3615 5608 3780 5677 digni-

2194 5706 2293 5759 tas,
2316 5713 2433 5766 qua:
2459 5697 2806 5768 intelligendo
2827 5699 3128 5769 percipitur,
3157 5699 3320 5753 vitam
3343 5699 3518 5754 affert.
3543 5700 3607 5754 Et
3629 5701 3779 5771 ﬁgura

2194 5789 2408 5858 quidem
2440 5791 2681 5858 corporis
2703 5831 2716 5855 ,
2752 5789 2972 5855 fratres,
3007 5800 3177 5846 morte
3207 5790 3468 5857 solvitur;
3498 5792 3664 5858 virtus
3690 5808 3776 5846 au-

2191 5893 2297 5937 tem
2333 5883 2679 5939 inhabitantis
2709 5883 2759 5940 id
2789 5884 2933 5956 quod
2969 5885 3202 5940 solutum
3245 5892 3362 5940 erat
3401 5885 3618 5942 excitat.
3671 5887 3777 5956 Ipse
