3984 6424
205 474 337 528 ἄνευ
368 473 590 545 ίδρῶτος
622 470 785 544 ἀρτον
811 472 912 525 οὐκ
949 473 1140 537 ἐσθίει,
1176 475 1333 544 ἡμεῖς
1370 476 1498 529 ἄνευ
1523 477 1787 545 καμάτων

202 558 303 609 καὶ
327 556 562 627 ἱδρώτων
586 556 702 617 πῶς
725 555 999 625 βασιλείαν
1026 556 1268 627 οὐρανῶν
1291 558 1547 627 λάϐοιμεν
1567 577 1580 623 ;
1610 561 1784 624 Ἕως,

204 641 363 709 φησὶ,
392 639 500 692 τοῦ
525 637 893 705 ἀποστρέψαι
921 654 994 692 σε
1024 642 1108 704 είς
1134 638 1270 707 γῆν,
1302 639 1370 704 ἐξ
1391 637 1464 710 ἧς
1491 642 1781 709 ἐλήφθης.

204 722 271 772 Ὢ
302 722 663 788 ἀποφάσεωςί
698 719 742 771 ὣ
773 720 938 787 φόϐου
971 721 1231 790 γέμοντος
1264 723 1706 793 φιλανθρωπίαςί
1741 724 1786 777 ὦ

200 804 475 871 ἀπόφασις
500 803 739 872 γέμουσα
763 802 1140 870 άνακλήσεωςῑ
1170 804 1394 857 Οὐδέπω
1419 804 1666 872 ἐξώρισε,
1691 808 1784 860 καὶ

199 886 603 938 ἀνεκαλέσατο⁸
656 885 867 938 οὐδέπω
940 886 1198 949 ἐξέϐαλε,
1255 888 1348 940 καὶ
1402 890 1791 958 προσελάϐετο.

204 968 351 1032 Ἕως
377 967 484 1020 τοῦ
506 967 880 1034 ἀποστρέψαι
911 983 983 1021 σε
1023 970 1110 1033 είς
1139 968 1255 1034 τὴν
1291 968 1428 1038 γῆν,
1456 970 1524 1034 ἐξ
1553 967 1625 1039 ἧς
1653 972 1794 1037 ἐ.ὶή-

198 1052 375 1117 pom.
424 1050 538 1101 Οὐκ
568 1046 740 1112 εἶπεν,
772 1051 915 1111 Ἕως
938 1050 1003 1102 ἂν
1032 1051 1355 1121 ἀφανισθῇς,
1379 1054 1482 1115 ἕως
1510 1055 1576 1106 ἂν
1603 1055 1789 1125 λυθῇς,

199 1131 338 1193 ἀλλ’,
364 1132 519 1195 Ἕως
544 1132 648 1184 τοῦ
680 1132 1061 1201 ἀποστρέψαι
1087 1149 1161 1185 σε
1192 1137 1279 1198 είς
1308 1134 1421 1199 τὴν
1450 1133 1587 1203 γῆν,
1622 1136 1689 1199 ἐξ
1716 1133 1788 1206 ἧς

198 1213 493 1280 ἐλήφθης
532 1214 615 1265 ἵνα
649 1214 852 1283 ὐποθῇς
902 1215 1113 1284 σεαυτῷ
1157 1215 1255 1285 τὴν
1292 1216 1481 1269 ἐλπίδα
1515 1218 1612 1287 τῆς
1657 1220 1787 1271 ἀνα.

200 1298 466 1357 στάσεως.
494 1297 703 1366 Πέμπω
733 1313 790 1348 σε
816 1299 951 1357 ἐκεῖ,
988 1298 1108 1351 ὃθεν
1148 1315 1206 1350 σε
1230 1299 1437 1351 ἔλαϐον·
1484 1301 1557 1363 ὼς
1594 1301 1780 1355 ἔλαϐόν

201 1395 261 1430 σε
298 1380 443 1441 τότε,
484 1378 716 1449 δύναμαι
759 1379 850 1431 καὶ
885 1378 1044 1432 πάλιν
1091 1397 1148 1432 σε
1186 1380 1388 1435 λαϐεῖν.
1424 1384 1551 1435 ’Ότι
1583 1384 1658 1451 γῆ
1704 1381 1776 1449 εἶ,

1434 366 1522 422 DE
1556 365 1915 422 SERPENTE
1948 367 2255 424 HOMILIA.

3370 384 3486 441 500

1893 477 1992 530 καί
2024 480 2111 543 είς
2135 478 2253 546 γῆν
2288 479 2618 551 ἀπελεὺσῃ.
2662 485 2773 537 Οὐν
2806 485 3170 559 ἀφανισθήσῃ,
3213 490 3326 543 ἀλλ’
3359 493 3462 546 ἀπ-

1892 560 2243 646 ελεύσῃζτὸ
2286 562 2647 646 Ἀπελεύσῃ,
2687 567 3091 638 Ἐπανελεύσῃ
3119 571 3261 635 τινὲς
3291 574 3474 646 ἡρμή-

1892 656 2106 696 νευσαν.
2140 643 2303 726 Ὅσον
2332 642 2423 698 οὖν
2452 643 2585 718 ἧκεν
2616 650 2691 711 είς
2718 649 2944 721 δύναμιν
2965 653 3258 723 ἡμετέραν,
3289 642 3474 726 τῇχὸ-

1894 726 2058 796 ρηγία
2094 724 2188 779 τοῦ
2216 728 2369 795 ἁγίου
2408 731 2741 802 Πνεύματος,
2769 734 3056 805 διήλθομεν
3086 738 3177 789 τὸν
3208 724 3469 808 παράδει-

1894 826 1985 892 σον
2023 809 2139 879 μεθ’
2180 811 2352 881 ὐμῶν,
2383 815 2695 886 ἀνέγνωμεν
2721 819 2786 871 τά
2818 821 3186 890 ὑπομνήματα
3213 823 3281 875 τά
3314 825 3471 892 βασι-

1900 890 2052 975 λικὰ,
2106 893 2320 975 είδομεν
2358 895 2466 949 τῶν
2500 898 2816 952 ὑπευθύνων
2859 902 2955 972 τὴν
2996 890 3339 975 ἐλευθερίαν,
3376 907 3471 961 τοῦ

1898 972 2154 1061 δικαστοῦ
2301 977 2730 1049 φιλανθρωπίαν,
2758 983 2827 1035 δι’
2854 979 2923 1054 ἦς
2949 972 3228 1056 δεξώμεθα
3252 989 3345 1042 καὶ
3374 989 3472 1061 τὴν

1896 1056 2047 1126 παρά
2065 1057 2156 1109 τοῦ
2179 1060 2413 1127 Χριστοῦ
2442 1061 2591 1134 [5H]
2623 1066 2916 1135 σωτηρίαν,
2950 1068 3035 1120 ἴνα
3063 1071 3154 1123 καὶ
3181 1070 3290 1122 τῶν
3313 1056 3472 1125 ἐπου-

1896 1141 2091 1209 ρανίων
2108 1142 2331 1195 ἐκείνων
2351 1146 2444 1197 καὶ
2464 1147 2698 1200 αἰωνίων
2722 1149 3119 1220 ἀπολαύσωμεν
3137 1153 3378 1221 ἀγαθῶν.
3412 1158 3469 1210 ιν

1889 1222 2109 1307 Χριστῷ
2149 1223 2322 1294 Ἰησοῦ
2362 1227 2439 1296 τῷ
2473 1230 2660 1300 Κυρίῳ
2682 1231 2859 1301 ἡμῶν·
2885 1234 2966 1287 ὃτι
2994 1236 3142 1306 αὐτῷ
3169 1238 3201 1307 ἡ
3225 1237 3349 1301 δόξα
3376 1240 3471 1294 καὶ

1886 1304 1947 1355 τὸ
1968 1305 2209 1386 κράτος,
2257 1307 2352 1360 νῦν
2400 1312 2493 1363 καὶ
2540 1313 2656 1379 ἀεὶ,
2702 1316 2795 1368 καὶ
2829 1317 2908 1379 είς
2946 1319 3072 1382 τοὺς
3116 1304 3320 1386 αίῶνας
3361 1321 3469 1376 τῶν

1886 1385 2116 1441 αἰώνων.
2164 1389 2358 1461 Ἀμήν.

226 1576 3451 1620 :W

1222 1864 1329 1925 AD
1389 1866 1805 1929 HOMILIAM
1870 1870 1976 1930 DE
2032 1870 2463 1933 SERPENTE.

201 2106 363 2175 Cujus
406 2107 736 2177 eloquentia,
790 2116 849 2161 ut
875 2108 1116 2178 loquitur
1152 2108 1410 2174 Savilius,
1444 2110 1618 2166 ferrea
1665 2113 1773 2168 dici
1810 2115 2004 2185 possit.
2038 2116 2360 2173 lnventione
2390 2129 2539 2175 certe
2567 2138 2677 2177 non
2716 2134 2866 2180 caret
2898 2125 2985 2180 ille
3017 2143 3030 2179 :
3077 2126 3171 2183 sed
3228 2143 3473 2201 persape

200 2248 417 2310 accidit,
482 2260 540 2304 ut
594 2252 765 2307 fmilia
810 2251 1053 2306 imeniat
1103 2260 1159 2306 et
1212 2264 1514 2323 expromat.
1559 2256 1736 2312 Dictio
1790 2269 1971 2314 autem
2024 2261 2247 2333 elegans
2298 2280 2408 2319 non
2448 2275 2563 2331 est;
2618 2278 2676 2323 ut
2706 2285 2817 2324 uno
2844 2269 3012 2325 verbo
3058 2272 3255 2336 dicam,
3304 2271 3475 2342 stylus

196 2392 425 2462 hujusce
470 2396 799 2466 longissima:
847 2398 1085 2453 homilia:
1129 2414 1222 2452 sex
1274 2400 1617 2457 liomiliarum
1678 2404 2106 2473 przecedentium
2165 2407 2305 2475 stylo
2350 2407 2423 2463 ita
2479 2408 2653 2464 amnis
2699 2420 2802 2477 est,
2858 2423 2917 2467 ut
2946 2427 3057 2467 non
3084 2412 3156 2469 sit
3178 2428 3341 2469 ovum
3369 2427 3473 2469 ovo

195 2531 449 2586 similius.

265 2675 781 2742 interpretationem
817 2674 1061 2730 Latinam
1098 2693 1295 2732 novam
1328 2680 1732 2737 adornavimus.

266 3180 457 3249 Λόγος
498 3179 634 3248 περὶ
660 3180 764 3235 τοῦ
796 3180 948 3235 κατὰ
986 3178 1278 3245 Μωῦσέως
1316 3179 1528 3249 ὄφεως,
1565 3181 1636 3233 ὃν
1667 3179 2056 3247 ἐσταύρωσεν
2081 3178 2152 3231 ἐν
2180 3177 2255 3247 τῇ
2282 3178 2495 3249 ἐρήμῳ·
2520 3178 2619 3234 καί
2649 3178 2783 3252 περὶ
2810 3179 2921 3250 τῆς
2945 3180 3109 3248 θείας
3144 3179 3408 3250 Τριάδος.

268 3470 338 3515 α’.
365 3462 501 3526 Χθὲς
531 3463 661 3531 ἡμῖν
680 3462 708 3512 6
735 3461 893 3527 λόγος
918 3460 1053 3531 πρός
1076 3477 1134 3511 τε
1156 3458 1253 3529 τὴν
1282 3460 1562 3530 αίρετικὴν
1584 3459 1781 3529 πάλην,

196 3546 291 3600 καὶ
320 3544 458 3616 πρὸς
481 3546 607 3606 τοὺς
629 3544 767 3614 ὑπὲρ
792 3543 890 3613 τῆς
914 3542 1071 3611 δόξης
1090 3540 1183 3593 τοῦ
1214 3540 1544 3608 Μονογενοῦς
1565 3542 1785 3609 ἀγῶνας

196 3626 390 3680 ἑαυτὸν
417 3626 759 3688 ἐπιδέδωκεν,
790 3625 887 3694 οὐχ
924 3624 1012 3677 ἵνα
1040 3624 1107 3675 τά
1134 3622 1493 3693 κεκρυμμένα
1517 3624 1782 3696 γνωρίσῃ,

194 3710 311 3763 ἀλλ’
343 3710 433 3762 ἵνα
462 3709 559 3777 τὴν
586 3709 743 3777 χάριν
778 3706 1136 3774 εὐγνωμόνως
1186 3705 1519 3777 ὁμολογήσῃ.
1564 3706 1639 3758 Οὐ
1674 3708 1784 3775 γάρ

190 3792 254 3857 ἐξ
294 3785 371 3843 ὧν
415 3790 764 3859 φθεγγόμεθα
789 3789 1022 3858 Χριστὸς
1052 3788 1437 3857 μεγαλύνεται,
1467 3787 1580 3840 ἀλλ’
1616 3788 1677 3853 ἐξ
1710 3784 1785 3842 ὧν

194 3872 670 3943 ὶμεγαλύνθημεν,
711 3870 1068 3939 εὐγνωμόνως
1101 3870 1197 3937 τὴν
1232 3868 1550 3937 εὐεργεσίαν
1582 3870 1786 3939 κηρύτ-

191 3972 381 4025 τομεν.
420 3954 529 4006 Καὶ
570 3955 677 4023 γὰρ
709 3952 773 4005 ἂν
809 3951 893 4020 εἴη
921 3951 1029 4003 τῶν
1054 3953 1443 4013 ἀτοπωτάτων,
1475 3950 1657 4022 ἔργοις
1696 3954 1783 4003 εὐ-

194 4039 523 4099 παθοῦντας.
564 4035 778 4105 ἀφωνίᾳ
812 4035 907 4103 τὴν
946 4034 1263 4102 εὐεργεσίαν
1291 4033 1651 4103 ἀμείψασθαι·
1689 4035 1784 4087 καὶ

199 4125 436 4193 μάλιστα
466 4120 559 4171 τοῦ
600 4120 880 4189 προφήτου
919 4116 1079 4170 Δαυῖδ
1118 4116 1621 4186 παρακελευομένου
1644 4158 1657 4177 ,
1690 4119 1783 4170 καὶ

194 4207 467 4273 λέγοντος,
495 4204 569 4263 ὠς
594 4201 796 4265 ἀρτίως
822 4200 1113 4268 ἀκηκόατε·
1146 4198 1317 4251 Πᾶσα
1344 4202 1381 4266 ἡ
1410 4198 1487 4268 γῆ
1516 4214 1774 4266 προσκυ-

194 4284 561 4353 νησάτωσαν
594 4300 713 4345 σοι,
755 4282 851 4335 καὶ
886 4280 1255 4348 ψαλάτωσάν
1287 4297 1403 4333 σοι.
1475 4282 1781 4351 ’Υμνοῦμεν

192 4370 282 4422 τὸν
324 4368 477 4424 Θεὸν.
516 4367 575 4418 οὐ
612 4366 775 4433 τιμὴν
809 4362 957 4432 αὐτῷ
1006 4361 1407 4429 περιτιθέντες,
1455 4364 1591 4414 ἀλλά
1615 4364 1779 4434 τιμὴν

194 4450 404 4511 ἑαυτοῖς
451 4448 917 4517 περιποιούμενοι,
971 4445 1277 4512 Δοξάζομεν
1332 4446 1421 4497 τὸν
1475 4445 1629 4510 Θεὸν,
1680 4448 1780 4499 οὐκ

195 4532 387 4599 ἐκείνῳ
410 4530 566 4595 δόξαν
602 4529 966 4598 χαριζόμενοι,
994 4528 1107 4579 ἀλλ’
1135 4527 1363 4588 ἑαυτοὺς
1392 4528 1488 4597 τὴν
1513 4527 1777 4580 ἀθάνατον

192 4614 350 4678 δόξαν
389 4614 692 4674 ὲνδύοντες·
741 4611 883 4675 Τοὺς
914 4611 1019 4679 γὰρ
1053 4608 1409 4673 δοξάζοντας
1451 4626 1557 4676 με,
1605 4611 1772 4679 φησὶ,

193 4696 451 4759 δοξάσω
484 4696 575 4746 καὶ
603 4696 651 4745 οί
682 4692 1085 4756 ἐξουθενοῦντές
1130 4708 1195 4759 με
1235 4690 1773 4759 ὲξουδενωθήσονται.

206 4778 471 4841 Ἐδίδαξεν
493 4780 519 4829 6
547 4778 700 4843 λόγος
723 4776 788 4827 δι’
825 4770 897 4827 ὧν
924 4772 1226 4842 ἠγωνίσατο
1260 4774 1400 4824 κατά
1423 4772 1669 4841 δύναμιν,
1694 4776 1776 4827 ὅτι

190 4862 318 4922 τοὺς
353 4862 512 4928 ὅρους
554 4861 649 4929 τῆς
687 4856 844 4927 δόξης
878 4857 969 4909 τοῦ
1015 4854 1148 4907 Θεοῦ
1182 4855 1532 4924 ὑπερϐαίνειν
1567 4857 1665 4908 οὐκ
1696 4857 1779 4922 ἕξ-

193 4960 361 5004 εστιν,
393 4943 493 4993 οὐκ
518 4942 825 5011 ἀνθρώποις
853 4944 963 5001 τοῖς
1002 4940 1093 4990 ἐπὶ
1124 4939 1246 5005 γῆς,
1270 4938 1368 4989 οὐκ
1394 4937 1642 5003 ἀγγέλοις
1666 4942 1779 5001 τοῖς

194 5028 252 5079 ἐν
278 5026 545 5093 οὐρανοῖς.
587 5024 685 5074 οὐκ
724 5022 1112 5090 ἀρχαγγέλοις,
1150 5022 1250 5072 οὐκ
1297 5021 1517 5089 ἀρχαῖς,
1564 5020 1623 5070 οὐ
1668 5023 1778 5083 τοῖς

192 5106 495 5179 Χερουϐὶμ.
519 5106 579 5157 οὐ
602 5108 710 5167 τοῖς
733 5107 1001 5174 Σεραιρίμ.
1026 5106 1138 5157 Καὶ
1160 5103 1455 5173 μέμνησθε,
1478 5098 1536 5155 εὖ
1553 5098 1648 5155 οἷδ’
1669 5104 1771 5164 ὅτι,

192 5194 241 5243 οί
268 5188 585 5259 φιλομαθεῖς
613 5188 719 5239 τῶν
755 5188 1055 5256 ἀκροατῶν,
1089 5190 1237 5248 ὅπως
1267 5188 1397 5254 ἡμῖν
1428 5188 1456 5238 ό
1498 5186 1625 5254 περὶ
1654 5184 1775 5236 τού-

190 5292 299 5326 των
324 5270 584 5342 διηνύσθη
624 5269 799 5336 λόγος.
851 5271 987 5321 Ἀλλ’
1022 5269 1207 5337 ἐπειδὴ
1241 5270 1499 5339 σήμερον,
1535 5266 1770 5333 ἀδελφοὶ,

192 5354 355 5416 αὐτός
384 5370 442 5405 τε
487 5356 515 5407 6
550 5352 801 5422 βασιλεὺς
842 5352 940 5420 τῆς
982 5350 1138 5418 δόξης
1177 5350 1267 5401 τὸν
1310 5350 1501 5402 ἑαυτοῦ
1544 5347 1773 5419 σταυρὸν

193 5435 638 5508 προανεφὼνησε,
679 5432 829 5505 [5η]
872 5434 965 5485 καὶ
1002 5436 1029 5485 6
1064 5432 1382 5494 Ἀπόστολος
1419 5434 1485 5501 τῇ
1520 5430 1769 5499 βασιλικῇ

194 5529 345 5595 φωνῇ
372 5518 465 5572 τοῦ
500 5518 753 5587 Σωτῆρος
788 5516 1157 5583 ἀκολουθήσας
1177 5555 1189 5575 ,
1215 5515 1305 5566 τὸν
1331 5515 1459 5584 περὶ
1486 5513 1577 5565 τοῦ
1612 5530 1771 5565 crau-

196 5606 291 5675 ροῦ
315 5609 471 5673 λόγον
500 5599 888 5668 ἐφιλοσόφησεν
905 5612 916 5624 ·
942 5600 988 5664 (6
1013 5600 1109 5665 μὲν
1126 5597 1233 5666 γάρ
1260 5596 1457 5667 Κύριος
1484 5596 1635 5662 ἔλεγε
1662 5596 1773 5655 τοῖς

198 5690 483 5758 μαθηταῖς
533 5680 678 5734 Ἰδοὺ
701 5679 1097 5749 ἀναϐαίνομεν
1122 5684 1207 5743 είς
1244 5680 1649 5746 Ἰεροσόλυμα,
1673 5677 1770 5729 καί

193 5775 227 5824 ὀ
289 5771 419 5834 Υἱὸς
481 5763 586 5819 τοῦ
624 5762 937 5829 ἀνθρώπου
990 5762 1374 5827 παραδίδοται
1428 5765 1515 5827 είς
1575 5760 1773 5831 χεῖρας

522 5876 789 5934 ΡΑτιιοι.
834 5870 950 5929 Gn.
999 5867 1149 5927 LVI.

1828 3334 1900 3349 ρ--ο

1829 3358 1846 3367 ι

1886 3459 2132 3528 ἐχθρῶνο
2154 3464 2181 3514 ὁ
2202 3460 2258 3513 δὲ
2284 3460 2491 3523 Παῦλος
2518 3462 2785 3524 Γαλάταις
2812 3462 3077 3531 ἐπιτιμῶν
3108 3463 3345 3532 ἔγραφε·
3377 3461 3470 3526 Τίς

1886 3543 2041 3612 ὑμᾶς
2059 3543 2415 3605 ἐϐάσκανεν,
2439 3540 2530 3607 οἷς
2549 3546 2675 3596 κατ’
2702 3544 3044 3612 ὀφθαλμοὺς
3086 3544 3327 3611 Ἰησοῦς
3350 3546 3471 3611 Χριρ

1886 3627 2033 3691 στὸς
2064 3626 2373 3694 ποεγράφη
2408 3625 2478 3678 ἐν
2510 3625 2651 3693 ὑμῖν
2683 3626 3200 3692 ἐσταυρωμένος;)
3228 3626 3349 3677 ἐπεὶ
3376 3620 3469 3678 οὖν

1888 3710 1981 3762 καὶ
2013 3711 2047 3779 η
2077 3707 2331 3778 βασιλικὴ
2374 3708 2465 3760 τοῦ
2497 3709 2701 3779 Κυρίου
2728 3708 2899 3778 φωνὴ.
2958 3708 3053 3761 καὶ
3084 3710 3118 3779 ἡ
3152 3708 3246 3760 τοῦ
3277 3708 3469 3761 πιστοῦ

1888 3790 2214 3861 θεράποντος
2233 3790 2545 3842 διδασκαλία
2562 3793 2673 3852 τοῖς
2699 3790 2994 3858 βασιλικοῖς
3021 3789 3220 3859 ἴχνεσιν
3246 3790 3470 3859 ἠκολού-

1887 3873 2079 3943 θησεν*
2111 3873 2407 3939 ἀναγκαῖον
2444 3868 2594 3940 οἶμαι
2648 3872 2745 3941 τὴν
2806 3873 3069 3940 σωτήριον
3125 3883 3150 3910 ι
3191 3871 3282 3923 καὶ
3323 3872 3467 3941 ἡμᾶς

1887 3953 2026 4006 κατά
2050 3954 2279 4022 δύναμιν
2316 3953 2444 4022 περὶ
2480 3953 2571 4005 τοῦ
2597 3951 2874 4023 Κυριακοῦ
2912 3950 3145 4021 σταυροῦ
3179 3953 3247 4003 τά
3284 3953 3469 4006 εἰκότα

1886 4034 2249 4104 φθέγξασθαι.
2286 4036 2383 4105 οὐχ
2414 4036 2499 4087 ’ίνα
2535 4035 2634 4103 τῆς
2672 4035 2827 4098 ἀξίας
2868 4034 3213 4103 ὲφικώμεθα,
3243 4033 3467 4087 ἀλλ’ἵνα

1882 4120 1981 4189 τὴν
2013 4119 2152 4171 κατὰ
2177 4118 2403 4187 δύναμιν
2435 4118 2652 4186 ὀφειλὴν
2678 4117 3042 4185 ἀποτίσωμεν.
3072 4117 3134 4167 Τί
3161 4112 3255 4167 οὖν
3298 4133 3407 4186 φησ
3426 4134 3467 4169 ,ν

1882 4205 1909 4254 6
1935 4203 2125 4271 Σωτήρ
2148 4218 2161 4264 ;
2186 4200 2333 4252 Ἰδοὺ
2374 4200 2773 4267 ἀναϐαίνομεν
2797 4201 2883 4262 είς
2919 4198 3329 4267 Ἱεροσόλυμα,
3367 4200 3465 4253 καί

1883 4287 1915 4335 ὀ
1956 4284 2086 4348 Υἱός
2129 4283 2234 4334 τοῦ
2286 4281 2599 4348 ἀνθρώπου
2646 4280 3052 4348 παραδίδοται.
3102 4279 3466 4352 Προαγορεύει

1881 4367 1940 4418 τὸ
1978 4365 2146 4426 πάθος
2177 4368 2204 4417 6
2242 4364 2467 4433 νικητὴς
2508 4364 2600 4416 τοῦ
2643 4364 2893 4417 θανάτου·
2950 4367 3335 4433 προαναφωνεῖ
3375 4363 3465 4415 τὸν

1883 4448 2110 4517 σταυρὸν
2135 4450 2161 4499 ὀ
2184 4446 2401 4516 σταυρῷ
2424 4448 2511 4499 τὸν
2538 4446 2763 4498 θάνατον
2788 4447 3017 4497 διαλύων
3038 4462 3050 4473 ·
3081 4448 3464 4513 προαναφωνεί

1882 4531 1976 4601 τὴν
2018 4531 2212 4600 πάλην,
2252 4531 2338 4582 ἵνα
2385 4530 2593 4598 κηρύξῃ
2635 4530 2732 4598 τὴν
2766 4528 2938 4596 νίκην.
2999 4527 3261 4579 Ἐνταῦθα
3302 4528 3462 4580 πάλιν

1882 4612 2075 4665 σαυτὸν
2110 4612 2259 4674 ἔνθες
2300 4613 2377 4672 είς
2412 4611 2735 4679 κατανόησιν
2768 4610 2865 4676 τῆς
2893 4609 3222 4677 Δεσποτικῆς
3255 4613 3457 4677 φωνῆς.

1882 4696 2022 4765 Ὅρα
2051 4694 2165 4763 μεθ’
2192 4695 2321 4763 ὅσης
2349 4694 2632 4755 αὐθεντίας
2659 4692 2841 4761 φησίν·
2883 4690 3036 4745 Ἰδοὺ
3065 4693 3463 4760 ἀναϐαίνομεν

1880 4783 1965 4845 εἷς
2010 4780 2408 4845 Ἰεροσόλυμα,
2440 4776 2537 4829 καὶ
2565 4780 2597 4829 ό
2633 4774 2763 4841 Υίὸς
2791 4773 2895 4827 τοῦ
2923 4774 3233 4840 ἀνθρώπου
3274 4790 3461 4843 παραο

1881 4863 2104 4915 δίδοται
2138 4862 2224 4926 είς
2250 4862 2313 4911 τὸ
2347 4858 2784 4926 σταυρωθῆναι.
2841 4858 2899 4910 Ὀ
2928 4857 3100 4910 ταῦτα
3134 4875 3459 4928 προαναφω-

1881 4946 2009 5009 νῶν,
2056 4946 2112 4997 ὲν
2154 4942 2301 5011 αὐτῷ
2348 4943 2632 5012 γενόμενος
2676 4940 2753 5010 τῷ
2792 4939 2963 5007 ἀγῶνι
3001 4940 3322 5009 μεταϐάλλει
3361 4941 3461 5011 τὴν

1882 5028 2037 5094 ἀξίαν
2059 5028 2153 5095 τῆς
2178 5025 2481 5087 αὐθεντίας,
2512 5025 2603 5076 καὶ
2633 5023 2873 5093 ἀρνεῖται
2903 5022 2962 5073 τὸ
2987 5020 3201 5090 ἀξίωμα
3225 5022 3323 5090 τῆς
3344 5022 3459 5074 θεός

1880 5126 2041 5180 τητος
2068 5106 2252 5168 αὐτοῦ,
2278 5106 2448 5174 λέγων
2469 5121 2481 5133 ·
2506 5105 2713 5171 Πάτερ,
2740 5106 2790 5156 εί
2818 5104 3097 5170 δυνατὸν,
3125 5104 3460 5171 παρελθέτω

1880 5195 1981 5245 ἀπ’
2011 5192 2154 5260 ἐμοῦ
2194 5192 2258 5243 τὸ
2304 5190 2607 5257 ποτήριον.
2665 5188 2775 5256 Οὐχ
2822 5187 2955 5255 ὁρᾷς
2997 5186 3095 5256 τὴν
3131 5186 3455 5254 διαφωνίαν;

1894 5276 2092 5327 Ἐννόει
2118 5274 2551 5343 τὴνοίκονομίαν.
2572 5270 2709 5323 Ἀλλ’
2733 5271 2812 5332 είς
2832 5270 2890 5321 τὸ
2917 5269 3269 5340 προκείμενον
3289 5272 3455 5323 ἐπαν-

1881 5358 2143 5426 έλθωμεν.
2191 5357 2351 5422 Λέγει
2392 5358 2504 5416 τοῖς
2551 5352 2837 5423 μαθηταῖς*
2876 5352 3030 5407 Ἰδοὺ
3062 5352 3457 5416 ἀναϐαίνομεν

1880 5444 1964 5504 είς
2006 5439 2403 5506 Ἰεροσόλυμα,
2436 5436 2531 5488 καί
2567 5439 2598 5489 ό
2625 5436 2753 5499 Υίός
2779 5435 2883 5487 τοῦ
2915 5433 3230 5500 ἀνθρώπου
3268 5448 3453 5497 παρα-

1878 5521 2123 5573 δίδοται.
2168 5519 2309 5587 Ὅρα
2344 5518 2455 5579 πῶς
2481 5517 2857 5587 ἡσφαλισμένῃ
2890 5516 3237 5587 κέχρηταιτῇ
3280 5516 3450 5581 φωνῇ.

1882 5606 2053 5657 Ὅπου
2092 5602 2259 5662 πάθος
2284 5601 2574 5669 κηρύττει,
2609 5602 2707 5669 τὴν
2743 5601 3085 5668 ἀνθρωπίνην
3125 5596 3450 5648 ἐνδείκνυται

1938 5700 1953 5721 ⁸
1982 5700 2138 5746 Locus
2156 5698 2631 5757 imperfectuseliam
2654 5696 2701 5742 in
2717 5709 2828 5743 mss.
2846 5694 2993 5743 Forte
3018 5692 3291 5742 addendum
3305 5687 3452 5738 ἀκού-ν

1885 5778 2048 5814 ταντας
2074 5760 2246 5820 φωνήν,
2276 5760 2351 5805 vel
2374 5758 2492 5818 quid
2524 5757 2705 5805 simile.
