3984 6466
510 431 616 487 501

505 525 690 595 φύσιν.
745 526 802 579 '0
833 526 968 591 -Υἰὸς
995 530 1090 584 τοῦ
1134 531 1423 603 ἀνθρώπου
1469 531 1840 604 παραδίδοται.
1889 534 2097 606 Πάσχει

505 611 618 680 γὰρ
653 609 715 661 τὸ
743 610 1067 680 φαινόμενον
1102 613 1262 683 σῶμα
1281 655 1296 679 ,
1345 612 1601 677 ζωοποιεῖ
1635 615 1693 668 δέ
1720 616 1782 668 τὸ
1814 616 2100 687 νοούμενον

504 694 606 761 τῆς
645 691 898 763 θεότητος
929 693 1164 765 ἀξίωμα.
1195 698 1304 750 Καὶ
1343 697 1530 750 λύεται
1571 699 1689 768 μὲν,
1732 699 1969 768 ἀδελφοὶ,
2004 700 2100 752 θα-

506 777 652 846 νάτῳ
674 776 733 828 16
765 777 951 846 σχῆμα
977 777 1070 830 τοῦ
1098 779 1351 848 σώματος
1373 796 1387 812 ·
1417 782 1623 852 ἐγείρει
1660 783 1717 836 δὲ
1749 783 1809 836 τὸ
1841 801 2099 854 Λυομενον

502 862 536 925 ή
569 858 663 911 τοῦ
691 860 1025 924 ἐνοικοῦντος
1048 862 1295 932 δύναμις.
1323 865 1496 927 Αὐτὸς
1523 861 1590 935 ἦν
1620 867 1648 918 6
1675 866 1932 935 λυόμενος
1960 868 2098 920 κατὰ

501 953 563 994 το
595 941 774 1012 σῶμα,
801 944 961 1007 αὐτὸς
985 945 1216 1017 ἐγείρων
1239 948 1299 1000 τὸ
1324 948 1582 1018 λυόμενον
1603 949 1743 1002 κατὰ
1763 950 1824 1002 τὸ
1848 951 2092 1019 Πνεῦμα.

503 1027 744 1082 Λύσατε
765 1026 895 1096 γὰρ,
924 1023 1076 1096 φησί,
1103 1028 1211 1081 τὸν
1242 1031 1394 1083 ναὸν
1415 1031 1651 1094 τοῦτον,
1682 1032 1780 1084 καί
1802 1033 1872 1086 ἐν
1898 1034 2098 1100 τρισὶν

501 1108 751 1176 ἡμέραις
789 1107 970 1176 ἐγερῶ
999 1111 1206 1164 αὐτόν.
1250 1112 1395 1165 Ἰδοὺ
1425 1114 1827 1182 ἀναϐαίνομεν
1868 1117 1955 1181 εἱς
2005 1117 2098 1168 Ἰε-

494 1193 831 1260 ροσόλυμα.
859 1193 1078 1264 Χριστῷ
1104 1194 1529 1260 ἀκολουθοῦντας
1555 1196 1655 1249 οὐκ
1688 1196 1834 1249 ἐστιν
1858 1198 2095 1266 οὐδαμοῦ

501 1273 800 1337 κατελθεῖν,
840 1275 954 1327 ἀλλ’
1002 1277 1212 1330 ἀνιέναι
1262 1278 1350 1331 διὰ
1393 1280 1614 1340 παντός.
1669 1279 1878 1342 ’Ἄλλως
1906 1298 1964 1333 τε
2003 1281 2096 1332 καὶ

501 1357 838 1428 αἰσθητῶςή
874 1357 993 1420 ὁδὸς
1024 1359 1132 1411 ἀπὸ
1169 1359 1378 1430 Ἱεριχὼ
1411 1362 1490 1424 εἰς
1531 1362 1884 1433 Ἱεροσόλυμα
1912 1363 2096 1416 ἄνοδον

499 1440 634 1514 εἶχε,
664 1444 757 1496 καὶ
777 1462 828 1497 νς
843 1445 984 1508 ητῶς
1008 1445 1069 1498 τὸ
1089 1446 1262 1510 πάθος
1283 1448 1375 1500 ἐπὶ
1395 1447 1492 1520 τὴν
1519 1449 1704 1503 ἄνοδον
1731 1451 1832 1521 τῆς
1857 1451 2090 1505 ἀναστά-

501 1543 639 1590 σεως
682 1527 894 1599 ἔφερεν.
963 1529 1134 1601 ’Δδάμ
1178 1531 1286 1602 γὰρ
1323 1531 1414 1584 τὸν
1449 1535 1528 1596 εἰς
1573 1533 1702 1604 ᾅδου
1745 1535 1980 1589 πεσόντα
2015 1536 2095 1599 εἰς

497 1611 728 1682 οὐρανὸν
769 1611 1114 1676 ἀνεκαλεῖτο,
1149 1616 1244 1668 καὶ
1270 1614 1369 1685 τὴν
1409 1617 1585 1686 χαμαὶ
1616 1618 1876 1688 κειμένην
1910 1619 2094 1672 εἰκόνα

498 1696 579 1756 εἰς
609 1694 741 1763 ὕψος
772 1695 1066 1765 ἀνήγαγεν.
1101 1697 1530 1767 Ἀναϐαίνομεν
1567 1703 1654 1766 εἰς
1687 1701 2089 1769 Ἰεροσόλυμα.

500 1778 672 1832 Ὅπου
698 1778 851 1842 Θεὸς,
881 1780 1000 1832 ἐκεῖ
1027 1782 1230 1851 ἀρετῆς
1260 1782 1524 1846 ἀνάϐασις
1547 1800 1562 1814 ·
1592 1785 1726 1836 ὅπου
1764 1784 1953 1850 κακία,
1979 1787 2095 1839 ἐκεῖ

495 1861 848 1931 παρανομίας
877 1863 1201 1926 κατάϐασις.
1226 1863 1326 1916 Διά
1357 1863 1516 1916 τοῦτο
1543 1867 1673 1935 περὶ
1704 1866 1805 1936 μὲν
1833 1867 1941 1920 τῶν
1971 1871 2090 1922 κατ’

493 1943 695 2014 ἀρετὴν
720 1944 1152 2016 πολιτευομένων
1185 1946 1350 2018 φησὶν
1376 1949 1405 2000 6
1435 1947 1615 2000 Δαυῖδ·
1643 1948 1928 2016 Μακάριοι
1950 1950 2093 2003 πάν-

493 2042 594 2091 τες
619 2030 672 2081 οἱ
703 2028 1126 2096 κατοικοῦντες
1148 2030 1218 2083 ἐν
1244 2029 1322 2095 τῷ
1351 2031 1494 2097 οἴκῳ
1525 2045 1662 2084 σου·
1684 2034 1772 2097 εἰς
1799 2033 1940 2099 τοὺς
1966 2032 2093 2086 αίῶ-

493 2126 607 2176 νας
636 2110 755 2164 τῶν
774 2112 1004 2165 αἰώνων
1029 2112 1351 2168 αίνέσουσί
1370 2127 1462 2166 σε.
1488 2113 1793 2181 Μακάριος
1817 2114 1994 2182 ἀνὴρ,
2017 2111 2088 2171 οὗ

493 2191 665 2245 ἐστιν
709 2193 1034 2263 ἀντίληψις
1083 2194 1242 2260 αὐτῷ
1279 2196 1440 2262 παρὰ
1476 2197 1627 2250 σοῦ·
1664 2199 1723 2250 al
1767 2197 2090 2264 ἀναϐάσεις

495 2287 612 2327 σου
638 2275 708 2329 ὲν
732 2275 807 2344 τῇ
835 2277 1047 2345 καρδίᾳ
1085 2280 1290 2334 αὐτοῦ.
1331 2282 1398 2333 Al
1421 2277 1748 2345 ἀναϐάσεις
1775 2294 1913 2344 σου,
1931 2297 2088 2333 τουτ-

491 2357 662 2422 έστιν,
705 2361 755 2412 οί
809 2361 1056 2425 εὐσεϐεῖς
1102 2361 1197 2415 καὶ
1241 2363 1540 2433 ἀνηγμένοι
1591 2362 1874 2432 λογισμοὶ,
1921 2366 1968 2416 οί
2009 2366 2089 2427 εἰς

493 2439 628 2509 ὕψος
651 2441 946 2510 ἀνάγοντες
975 2445 1102 2507 τοὺς
1129 2444 1313 2508 καλῶς
1339 2444 1466 2516 περί¹
1492 2443 1628 2497 Θεοῦ
1651 2445 2083 2516 διανοουμένους.

495 2524 684 2578 Ἔστιν
708 2521 802 2579 οὖν
833 2526 949 2589 ὁδὸς
975 2525 1123 2598 [5151
1149 2527 1503 2598 σωφροσύνης
1529 2529 1608 2590 εἰς
1641 2528 1772 2597 ὕψος
1787 2529 2084 2595 ἀνάγουσα,

491 2606 610 2669 ὁδὸς
642 2607 991 2679 δικαιοσύνης
1032 2611 1111 2672 είς
1150 2609 1286 2679 ὕψος
1331 2611 1574 2681 φέρουσα
1597 2625 1611 2640 ·
1661 2611 1754 2664 καὶ
1793 2613 1975 2679 πᾶσα,
2011 2614 2088 2676 ὠς

490 2692 683 2752 εἰπεῖν,
725 2693 841 2756 ὁδὸς
866 2693 1150 2756 εὐσεϐείας
1182 2695 1262 2754 εἰς
1295 2694 1355 2746 τὸ
1390 2693 1522 2762 ὕψος
1553 2696 1728 2746 ἐκεῖνο
1755 2698 2090 2764 χειραγωγεῖ

489 2772 582 2826 τὸν
627 2773 903 2842 φιλόθεον,
939 2777 1067 2846 περὶ
1103 2768 1163 2827 οὗ
1199 2775 1382 2843 ἐλεγον
1417 2776 1466 2827 οἱ
1506 2775 1617 2827 ἀπὸ
1653 2776 1841 2829 ἐθνῶν·
1875 2777 2084 2840 Δεῦτε,

489 2857 869 2926 πορευθῶμεν
906 2860 994 2924 εἰς
1027 2857 1091 2910 τὸ
1132 2858 1270 2924 ὅρος
1302 2858 1410 2911 τοῦ
1442 2858 1692 2926 Κυρίου,
1726 2859 1825 2912 καί
1862 2861 1949 2924 είς
1982 2859 2088 2912 τὸν

488 2934 660 2992 οἶκον
685 2940 792 2993 τοῦ
827 2941 975 2994 Θεοῦ
1015 2939 1230 2994 Ἰακώϐ.
1272 2939 1447 2994 Ὅπου
1474 2941 1574 3010 μὲν
1599 2940 1884 3004 εὐσεϐείας
1906 2941 2084 3009 λόγος,

486 3023 606 3076 ἐκεῖ
631 3021 726 3076 καὶ
756 3023 944 3085 ἄνοδος
977 3035 1025 3062 ·
1063 3025 1198 3076 ὅπου
1221 3022 1277 3075 δὲ
1315 3023 1486 3076 κακία
1505 3061 1520 3086 ,
1562 3023 1866 3086 κατάϐασις
1897 3024 2084 3095 ὁμολο-

487 3105 750 3176 γουμένη.
779 3107 889 3160 Kal
935 3109 1203 3177 μαρτυρεῖ
1241 3107 1406 3160 Δαυῒδ
1447 3109 1476 3160 6
1537 3109 1825 3178 προφήτης
1872 3109 2079 3176 λέγων·

499 3189 713 3242 Ῥῦσαί
737 3206 813 3258 με
860 3190 978 3244 ἀπὸ
1012 3190 1131 3242 τῶν
1173 3190 1657 3243 καταϐαινόντων
1695 3192 1783 3255 είς
1812 3188 2078 3244 λάκκον·

488 3270 583 3322 καί⁸
612 3270 794 3333 πάλιν,
837 3271 889 3324 Ὀ
910 3270 1084 3338 ὑψῶν
1099 3289 1176 3339 με
1192 3272 1260 3324 ἐκ
1285 3271 1402 3323 τῶν
1426 3269 1637 3325 πυλῶν
1665 3272 1770 3324 τοῦ
1802 3271 2079 3344 θανάτου.

489 3351 652 3405 Ὥστε
685 3353 805 3406 οὐδὲ
831 3353 910 3416 τὸ,
953 3355 1387 3422 Ἀναϐαίνομεν,
1427 3354 1700 3424 περιττόν.
1747 3353 1901 3407 Ἰδοὺ
1941 3355 2083 3408 ἀνα-

486 3435 789 3504 ϐαίνομεν.
821 3436 1014 3490 Καίτοι
1040 3439 1199 3506 μόνος
1229 3437 1391 3499 αὐτὸς
1419 3439 1510 3489 ἐπὶ
1542 3437 1600 3488 τὸ
1634 3436 1805 3500 πάθος
1840 3436 2078 3507 ἔρχεται.

485 3519 586 3572 Διά
601 3520 653 3572 τί
679 3515 770 3573 οὖν
792 3519 1006 3583 κοινῶς,
1049 3519 1508 3587 Ἀναϐαἰνομεν;
1540 3519 1662 3572 Ὅτι
1695 3518 1756 3572 τὸ
1785 3518 1884 3589 μὲν
1910 3519 2082 3584 πάθος

487 3601 640 3671 ἐμὸν,
689 3601 844 3673 κοινὴ
875 3602 932 3654 δὲ
975 3603 1192 3654 πάντων
1230 3601 1534 3669 ἀνθρώπων
1578 3603 1611 3670 ἠ
1662 3601 1932 3672 σωτηρία.
1983 3602 2080 3655 Διά

484 3683 642 3737 τοῦτο
693 3684 722 3736 6
761 3683 904 3747 θεῖος
947 3683 1268 3745 Ἀπόστολος
1310 3683 1408 3751 τὴν
1443 3682 1694 3748 γενναίαν
1739 3683 1954 3753 ἐκείνην
1989 3685 2081 3737 καὶ

483 3765 763 3835 θαύματος
785 3765 989 3836 μεστὴν
1009 3765 1207 3836 ἔρρηξε
1241 3764 1422 3834 φωνὴν
1443 3763 1518 3825 ὡς
1557 3764 1759 3835 ἀρτίως
1783 3765 2077 3834 ἀκηκόατε·

489 3847 574 3912 Τῷ
594 3846 821 3916 Χριστῷ
843 3849 1354 3914 συνεσταύρωμαι.
1383 3843 1475 3898 Ζῶ
1496 3844 1584 3910 δὲ,
1615 3847 1815 3900 οὐκέτι
1843 3847 1977 3916 ἐγὼ,
2008 3849 2078 3918 ζῇ

483 3929 552 3981 δὲ
578 3930 647 3982 ἐν
677 3929 808 3999 ἐμοὶ
843 3932 1116 3998 Χριστός.
1157 3929 1366 3991 Ἀλλως
1395 3945 1453 3980 τε
1472 3968 1486 3992 ,
1527 3929 1807 4000 βουληθεὶς
1844 3932 2080 3997 ἐνδείξα-

486 4013 610 4065 σθαι
643 4013 736 4066 καὶ
770 4013 863 4066 τὸν
892 4012 1106 4084 καρπὸν
1134 4011 1227 4065 τοῦ
1275 4010 1535 4082 σταυροῦ,
1572 4013 1850 4081 ἐπήγαγεν
1878 4014 2078 4079 εὐθέως

483 4093 572 4149 διὰ
600 4094 707 4147 τῶν
740 4093 960 4164 ἐφεξῆς·
991 4095 1245 4162 Χριστὸς
1273 4091 1433 4160 ἡμᾶς
1463 4093 1838 4162 ἐξηῖπόρασεν
1868 4096 1938 4149 ἐκ
1967 4095 2077 4165 τῆς

482 4175 746 4244 κατάρας
764 4177 869 4231 τοῦ
888 4178 1096 4244 νόμου,
1120 4177 1444 4243 γενόμενος
1465 4177 1618 4244 ὑπὲρ
1637 4176 1807 4246 ήμῶν
1827 4178 2071 4248 κατάρα·

480 4260 794 4332 γέγραπται
834 4261 971 4329 γάρ·
1003 4258 1461 4327 Ἐπικατάρατος
1497 4259 1618 4324 πᾶς
1644 4264 1678 4315 ό
1703 4262 2074 4331 κρεμάμενος

479 4342 581 4396 ἐπὶ
609 4342 821 4407 ξύλου.

551 4423 617 4494 β’.
661 4424 924 4480 Ἐνταῦθά
965 4442 1055 4494 μοι
1086 4424 1320 4496 πρόσεχε
1357 4423 1602 4496 ἀκριϐῶς
1629 4425 1720 4478 τὸν
1742 4427 1886 4492 νοῦν,
1909 4427 1980 4497 μή
2013 4444 2072 4479 σε

477 4506 716 4580 διαφύγῃ
747 4510 844 4578 τῆς
874 4508 1134 4579 ἀληθείας
1177 4508 1238 4560 τὸ
1269 4508 1513 4579 θήραμα.
1561 4508 1923 4572 Ἀντιλέξουσι
1965 4509 2072 4578 γὰρ

479 4591 681 4654 εὐθέως
722 4591 982 4657 Ἰουδαῖοι,
1012 4593 1142 4662 περὶ
1166 4584 1242 4644 ὧν
1262 4608 1426 4660 φησιν
1455 4592 1482 4643 6
1511 4589 1746 4653 Παῦλος,
1784 4593 1847 4644 Ol
1870 4591 2072 4658 ἐχθροὶ

477 4677 585 4732 τοῦ
612 4676 878 4746 σταυροῦ
909 4678 1017 4732 τοῦ
1040 4678 1320 4746 Χριστοῦ,
1353 4671 1442 4730 ὧν
1470 4678 1536 4729 τὸ
1565 4677 1739 4743 τέλος
1767 4677 2030 4731 ἀπώλεια
2050 4717 2067 4743 ,

479 4764 571 4817 καί
602 4763 816 4834 ἐροῦσιν
836 4765 947 4817 ἐσθ’
970 4766 1059 4819 ὅτε
1090 4766 1227 4836 πρὸς
1249 4765 1375 4828 τοὺς
1405 4765 1719 4835 ἀκεραίους·
1746 4766 1809 4818 Εί
1841 4767 2068 4819 ἐπικατο

478 4847 681 4917 ἁρατος
727 4849 756 4900 6
796 4848 1175 4919 κρεμάμενος,
1231 4848 1348 4910 πῶς
1377 4847 1487 4900 ἀπὸ
1528 4846 1619 4899 τοῦ
1661 4849 2067 4919 ἐπικαταράτου

477 4928 725 4996 εὐλογίαν
755 4947 834 4982 σοι
870 4929 1185 5000 δοθήσεσθαι
1222 4929 1560 4999 προσδοκᾷςς
1599 4929 1718 4992 πῶς
1747 4930 1802 4982 δὲ
1827 4931 1934 4982 ἀπὸ
1973 4931 2066 4983 τοῦ

476 5009 690 5080 θανάτῳ
721 5012 1088 5074 ὐποπεσόντος
1110 5012 1253 5080 ζωὴν
1275 5012 1564 5080 ἀναμένεις
1586 5029 1599 5075 ;
1623 5013 1695 5064 T6
1719 5013 2066 5084 φαινόμενον,

474 5093 549 5155 ὡς
571 5094 664 5146 καὶ
678 5094 838 5157 αὐτός
860 5111 1022 5164 φησιν
1043 5095 1072 5134 δ
1093 5098 1120 5147 6
1140 5095 1456 5158 διδάσκαλος
1475 5096 1630 5165 ήμῶν
1654 5096 1864 5159 Παῦλος
1883 5137 1896 5158 ,
1920 5097 2066 5166 ὠμο-

473 5175 690 5245 λόγησε,
711 5177 922 5247 κατάρα
946 5177 1080 5229 ἐστί·
1098 5178 1433 5246 Γέγραπται
1450 5177 1580 5246 γάρ·
1605 5179 2067 5246 Ἐπικατάρατος

474 5260 508 5310 o'
547 5258 916 5327 κρεμάμενος
958 5260 1055 5313 ἐπὶ
1085 5260 1298 5322 ξύλου.
1329 5263 1391 5313 Εἰ
1419 5264 1601 5314 τοίνυν
1637 5263 1942 5331 γέγραπται
1973 5263 2066 5315 καὶ

478 5341 902 5412 μεμαρτύρηται
923 5383 937 5401 ,
991 5343 1106 5406 πῶς
1135 5344 1244 5398 ἀπὸ
1277 5343 1375 5396 τοῦ
1409 5344 1811 5413 ἐπικαταράτου
1849 5345 2065 5414 εὐλογία

473 5425 677 5480 δίδοται
704 5429 816 5488 τοῖς
839 5427 928 5478 τὸν
966 5426 1196 5496 σταυρὸν
1239 5427 1598 5496 περιέπουσι;
1642 5427 1827 5481 Ταῦτα
1861 5430 1946 5480 ἀεὶ
1971 5429 2062 5482 καὶ

472 5510 742 5580 προτείνει
768 5510 859 5562 καὶ
875 5510 1021 5578 λέγει
1049 5510 1318 5572 Ἰουδαῖος,
1335 5513 1362 5562 6
1378 5511 1568 5581 ἐχθρὸς
1593 5510 1687 5563 τοῦ
1715 5512 1946 5581 σταυροῦ
1971 5513 2062 5568 τοῦ

472 5592 730 5663 Χριστοῦ.
762 5592 968 5646 Οὐκοῦν
993 5591 1088 5645 ἐὰν
1109 5592 1237 5662 είπῃ
1263 5592 1397 5662 πρὸς
1423 5594 1500 5657 σὲ,
1527 5595 1650 5657 Πῶς
1672 5597 1701 5647 6
1723 5595 2064 5665 ἐπικατάρα-

472 5690 565 5738 τος
602 5675 849 5745 εὐλογίαν
882 5675 1130 5742 δίδωσιν;
1165 5676 1284 5727 είπέ
1314 5674 1482 5745 αὐτῷ,
1517 5676 1640 5739 Πῶς
1689 5680 1744 5729 ἐν
1774 5680 1842 5748 τῇ
1872 5680 2063 5749 ἐρήμῳ

538 5799 564 5864 ξ
585 5799 708 5864 Reg.
729 5801 849 5849 ὅπου
872 5802 955 5864 μὲν
973 5800 1192 5860 ἀληθείας
1211 5801 1366 5864 λόγος,
1395 5802 1493 5864 ἐκεῖ
1517 5803 1597 5849 καὶ
1615 5802 1853 5861 εὐσεϐείας
1875 5804 2057 5859 ἄνοδος.

539 5859 570 5901 δ
590 5859 690 5912 Aul
713 5859 882 5927 φησιν,⁷
898 5869 983 5916 ευ(
1006 5859 1295 5928 ὡμολόγησέ
1314 5863 1599 5914 delendum.

1964 422 2331 481 SEVERIANI

3683 430 3788 486 502

2210 538 2259 591 οί
2275 538 2428 606 ὄφεις
2462 536 2684 591 ἔδακνόν
2720 554 2813 590 σου
2846 538 2970 601 τοὺς
2998 536 3316 606 προγόνους,
3342 535 3524 588 εἰκόνα
3547 530 3603 588 ὸε
3621 534 3788 603 ὄφεως

2207 621 2414 691 χαλκῆν
2468 621 2703 690 ποιήσας
2742 621 2982 689 Μωῦσῆς
3048 619 3449 688 ἀνεσταύρωσε,
3501 618 3597 671 καὶ
3653 614 3786 679 εἶπε,

2209 701 2338 767 Πᾶς
2360 706 2392 757 ό
2417 703 2662 770 δηχθείς
2694 703 2814 758 ὑπὸ
2843 703 2949 755 τοῦ
2971 702 3155 769 ὄφεως
3180 700 3518 768 προσεχέτω
3550 698 3630 764 τῷ
3646 700 3785 768 ὄφει,

2207 785 2306 838 καί
2335 785 2711 852 σωθήσεται;
2761 785 2872 838 Kal
2904 785 2977 847 τί,
3014 785 3166 852 φησὶ,
3208 783 3368 835 τοῦτο
3401 782 3536 852 πρὸς
3566 782 3627 834 τὸ
3660 800 3787 850 προ-

2207 868 2491 936 κείμενον;
2549 867 2710 920 Ἀλλά
2757 868 2852 919 καὶ
2904 867 3108 936 σφόδρα
3156 864 3506 916 οἰκειότατον.
3570 865 3639 916 Ἦ
3696 865 3788 916 οὐκ

2205 949 2446 1019 ἤκουσας
2475 949 2568 1002 τοῦ
2595 949 2729 1002 Θεοῦ
2755 950 3023 1015 λέγοντος,
3066 946 3528 1012 Ἐπικατάρατος
3566 947 3648 998 σὺ
3675 945 3786 999 ἀπὸ

2205 1031 2449 1086 πάντων
2471 1031 2590 1085 τῶν
2613 1032 2833 1099 θηρίων
2860 1029 2967 1097 τῆς
3001 1029 3145 1100 γῆς;
3174 1029 3298 1092 Πῶς
3324 1026 3417 1082 οῦν
3457 1031 3489 1098 ή
3516 1027 3678 1080 εἰκὼν
3700 1028 3786 1080 τοῦ

2206 1117 2612 1186 ἐπικαταράτου
2636 1116 2779 1187 ζωὴν
2802 1117 2999 1186 ῆνεγκε
3031 1118 3144 1178 τοῖς
3171 1112 3456 1184 ὑμετέροις
3479 1114 3784 1183 προγόνοις;

2218 1198 2612 1269 ’Λναλαμϐἁνω
2647 1200 2708 1252 τὸ
2733 1199 2905 1270 ῥῆμα,
2931 1199 3018 1251 ἵνα
3057 1199 3238 1266 στήσω
3266 1196 3324 1249 τὸ
3349 1197 3549 1266 νόημα.
3579 1197 3787 1250 Είᾶπο-

2206 1281 2299 1350 ρόν
2341 1298 2421 1336 σοι
2454 1283 2732 1352 νομίζεται
2775 1281 2868 1334 τοῦ
2900 1281 3301 1350 ἐπικαταράτου
3337 1289 3360 1317 α
3397 1279 3646 1348 εὐλογίαν
3691 1297 3790 1349 πη-

2203 1364 2370 1430 γάσαι
2405 1365 2909 1433 (Ἐπικατάρατος
2945 1367 3054 1434 γὰρ
3093 1363 3210 1428 πᾶς
3239 1364 3272 1416 ὁ
3300 1363 3665 1432 κρεμαμένος
3696 1363 3789 1416 ἐπί

2205 1446 2444 1514 ξύλου),
2497 1449 2618 1512 πῶς
2651 1449 2683 1519 ή
2722 1446 2885 1502 εἰκὼν
2915 1447 3007 1500 τοῦ
3041 1447 3214 1514 ὄφεως
3241 1444 3335 1498 τοῦ
3364 1445 3785 1516 ἐπικαταράτου,

2201 1527 2261 1591 ὂς
2294 1529 2547 1598 ήκουσεν,
2580 1530 3037 1598 Ἐπικατάρατος
3050 1529 3129 1583 σὺ
3147 1527 3265 1582 ἀπὸ
3293 1527 3535 1581 πάντων
3549 1526 3667 1580 τῶν
3688 1533 3788 1594 θη-

2193 1611 2366 1678 ρίων,
2395 1613 2597 1682 ἤνεγκε
2622 1612 2700 1684 τῷ
2722 1613 2837 1684 λαῷ
2866 1615 2924 1666 ἐν
2950 1613 3204 1682 συμφορᾷ
3229 1611 3466 1681 κειμένῳ
3491 1611 3592 1680 τὴν
3615 1627 3788 1680 σωτη-

2203 1693 2356 1764 ρίαν;
2385 1689 2531 1764 Ἀρα
2564 1696 2665 1748 οὐκ
2698 1691 2765 1766 ἦν
2811 1694 3254 1764 ἀξιοπιστότερον
3304 1695 3498 1754 είπεῖν,
3548 1692 3675 1746 Ἐάν
3707 1709 3786 1755 τις

2202 1778 2358 1848 ὑμῶν
2384 1780 2580 1851 δηχθῇ,
2624 1782 2901 1853 ἀναϐλέψῃ
2929 1783 3009 1843 εἰς
3036 1781 3129 1833 τὸν
3173 1779 3401 1851 οὐρανὸν
3424 1780 3534 1834 ἄνω
3563 1780 3655 1832 ἐπὶ
3701 1779 3788 1830 τὸν

2200 1861 2352 1925 Θεὸν,
2377 1865 2470 1916 καὶ
2499 1863 2838 1935 σωθήσεται;
2871 1865 2957 1917 ἵνα
2978 1864 3033 1917 δὲ
3062 1864 3154 1916 καὶ
3182 1864 3241 1916 τὸ
3270 1865 3556 1934 προσέχειν
3577 1861 3788 1932 οὐρανῷ

2199 1946 2583 2019 παραλιε]ίπῃ,
2609 1947 2757 2020 [514]
2779 1949 2878 2001 οὐκ
2894 1947 3123 2018 ἠδύνατο
3142 1948 3334 2010 είπεϊν,
3354 1947 3478 1999 Ἐάν
3501 1945 3784 2016 τιςδηχθῇ,

2198 2027 2481 2101 ἀποϐλέψῃ
2507 2032 2587 2093 είς
2611 2031 2710 2101 τὴν
2736 2029 2956 2100 λυχνίαν
2978 2030 3071 2083 τοῦ
3097 2029 3294 2100 φωτὸς,
3331 2031 3422 2082 καὶ
3455 2030 3784 2100 σωθήσεται;

2197 2109 2534 2184 ἢάποϐλέψῃ
2592 2113 2672 2175 εἰς
2721 2113 2820 2184 τὴν
2846 2113 3128 2184 τράπεζαν
3173 2112 3273 2180 τῆς
3324 2112 3634 2181 προθέσεως
3681 2112 3785 2164 τῶν

2199 2193 2369 2259 ἁγίων
2418 2193 2620 2262 ἄρτων,
2643 2196 2740 2248 καὶ⁵
2772 2194 3105 2265 σωθήσεται;
3131 2193 3164 2263 ἢ
3197 2195 3277 2257 εἰς
3297 2194 3356 2246 16
3381 2193 3784 2262 θυσιαστήριον,

2197 2274 2230 2343 ἢ
2261 2277 2341 2338 είς
2367 2276 2429 2328 16
2460 2278 2884 2348 καταπέτασμα,
2932 2277 2963 2347 ἢ
2996 2277 3074 2339 εἰς
3108 2276 3207 2346 τὴν
3231 2276 3481 2337 κιϐωτὸν,
3514 2277 3547 2346 ἢ
3580 2277 3660 2337 εἰς
3693 2275 3786 2344 τὴν

2196 2437 2284 2490 δὲν
2307 2439 2510 2492 τούτων
2534 2442 2831 2510 εἰσήγαγεν
2861 2443 2888 2495 6
2920 2439 3214 2510 νομοθέτης
3248 2443 3275 2492 6
3309 2441 3501 2508 μέγας·
3525 2440 3662 2492 ἀλλά
3697 2441 3772 2510 μό

2195 2537 2294 2590 νην
2340 2522 2510 2592 ἔπηξε
2537 2523 2632 2575 τοῦ
2687 2522 2922 2595 σταυροῦ
2950 2523 3050 2590 τὴν
3089 2523 3293 2585 είκόνα,
3328 2524 3423 2576 καί
3456 2523 3663 2592 ταύτην
3704 2523 3787 2574 διὰ

2201 2603 2287 2656 τοῦ
2319 2606 2721 2678 ἐπικαταράτου
2742 2606 2936 2674 ὄφεως.
2962 2605 3059 2658 Διά
3091 2605 3143 2658 τί
3173 2601 3284 2672 οῦν,
3306 2599 3351 2658 ὦ
3387 2607 3627 2669 ἰουδαῖε,
3661 2605 3784 2660 ταῦ-

2193 2702 2262 2738 τα
2290 2691 2433 2740 ποιεῖ
2450 2689 2688 2758 Μωῦσῆς
2707 2706 2722 2754 ;
2744 2688 2832 2741 διὰ
2859 2688 2912 2739 τί
2943 2688 3167 2756 χωνεύει
3194 2688 3314 2756 ὅφιν
3337 2691 3364 2741 6
3384 2689 3558 2756 λέγων
3579 2689 3668 2741 διὰ
3695 2688 3784 2740 τοῦ

2195 2769 2381 2837 νόμου,
2418 2771 2498 2822 Οὐ
2560 2769 2837 2835 ποιήσεις
2891 2771 3183 2840 γλυπτὸν,
3243 2771 3386 2823 οὐδὲ
3435 2775 3784 2840 χωνευτιῖιη

2207 2850 2368 2904 Ἀλλά
2393 2851 2445 2903 τί
2465 2851 2638 2904 ταῦτα
2660 2853 2796 2922 πρὸς
2826 2852 2913 2904 τὸν
2940 2852 3232 2922 ἀγνώμονα
3263 2853 3568 2924 φθέγγομαι
3587 2871 3599 2919 ;
3616 2855 3785 2906 Αὐτὸν

2193 2931 2383 3003 ἐρωτῶ
2412 2933 2503 2987 τὸν
2525 2935 2840 3003 νομοθέτην·
2873 2934 3008 2987 Εἰπέ
3031 2952 3143 3002 μοι,
3165 2929 3208 2986 ὦ
3233 2936 3520 2988 πιστότατε
3537 2936 3630 2988 τοῦ
3652 2935 3783 2988 Θεοῦ

2193 3017 2468 3088 θεράπων,
2500 3019 2528 3072 ὃ
2555 3019 2937 3090 ἁπαγορεύεις,
2988 3022 3194 3086 ποιεῖς;
3233 3021 3260 3072 6
3301 3021 3650 3091 ἀνατρέπεις,
3682 3040 3782 3072 πα-

2193 3101 2583 3170 ρασκευάζεις;
2618 3104 2645 3154 6
2667 3103 2860 3169 λέγων,
2890 3102 2970 3155 Οὐ
3003 3103 3278 3168 ποιήσεις
3325 3104 3615 3172 γλυπτὸν,
3644 3104 3784 3156 οὐδὲ

2193 3186 2514 3250 χωνευτὸν,
2571 3186 2637 3237 σὺ
2695 3185 2952 3254 χωνεύεις
2998 3187 3089 3238 καί
3142 3185 3364 3254 γλύφεις
3426 3187 3585 3253 ὄφιν;
3649 3186 3782 3238 Ἀλλ’

2191 3265 2372 3319 ἐκεῖνα
2403 3267 2502 3337 μὲν
2534 3267 2920 3337 ὲνομοθετησα,
2958 3268 3138 3337 φησὶν,
3171 3268 3256 3320 ἵνα
3280 3269 3376 3330 τὰς
3414 3268 3545 3331 ὕλας
3569 3270 3783 3338 ἐκκόψω

2190 3347 2290 3416 τῆς
2334 3349 2610 3413 ἀσεϐείας,
2656 3351 2750 3402 καὶ
2780 3350 2872 3403 τὸν
2901 3350 3028 3403 λαὸν
3065 3351 3250 3402 τοῦτον
3287 3352 3560 3417 ἀπαγάγω
3604 3352 3782 3420 πάσης

2189 3430 2651 3504 είδωλολατρείας·
2681 3433 2798 3486 νυνὶ
2827 3433 2885 3485 δὲ
2921 3432 3143 3500 χωνεύω
3169 3432 3260 3484 τὸν
3282 3433 3427 3498 ὄφιν,
3459 3433 3546 3485 ῖνα
3577 3448 3780 3504 προτέ-

2189 3511 2358 3567 πώσω
2402 3515 2499 3584 τὴν
2541 3515 2725 3567 εἰκόνα
2753 3517 2849 3584 τῆς
2879 3514 2973 3565 τοῦ
3019 3513 3252 3584 σταυροῦ
3285 3515 3620 3584 οἰκονομίας·
3654 3533 3782 3587 πρ..

2187 3597 2532 3666 ομαλίξωτὸν
2562 3598 2760 3669 δρόμον
2788 3600 2900 3658 τοῖς
2935 3597 3271 3659 ἀποστόλοις·
3311 3598 3685 3666 προγυμνάζω
3722 3599 3780 3650 16

2191 3678 2332 3748 μέγα
2352 3680 2445 3731 καὶ
2475 3680 2625 3745 ξένον
2665 3683 2841 3733 ἐκεῖνο
2865 3679 2924 3731 16
2948 3679 3042 3732 τοῦ
3084 3678 3317 3750 σταυροῦ
3349 3679 3638 3750 σύμϐολον.
3663 3683 3780 3734 Ὀτι

2185 3759 2242 3812 δὲ
2268 3760 2329 3812 οὐ
2350 3760 2706 3831 βεϐιασμένος
2749 3763 2776 3814 6
2802 3762 2981 3828 λόγος,
3017 3762 3181 3814 ἄκουε
3213 3761 3304 3814 τοῦ
3335 3761 3544 3832 Κυρίου
3585 3763 3682 3832 τὴν
3709 3765 3780 3815 εί-

2187 3843 2319 3896 κόνα
2361 3843 2456 3914 τὴν
2487 3845 2722 3914 ἀρχαίαν
2755 3847 2971 3914 ἐκείνην
3006 3844 3370 3914 βεϐαιοῦντος,
3401 3846 3494 3898 καὶ
3546 3847 3627 3908 εἰς
3657 3848 3778 3899 ἐαυ-

2185 3926 2274 3978 τὸν
2329 3926 2822 3996 ἀναλαμϐάνοντος.
2884 3926 3182 3996 Νικοδήμῳ
3231 3928 3338 3997 γάρ
3359 3944 3465 3980 τινι
3513 3929 3777 3982 Ἰουδαίων

2184 4008 2405 4083 ἄρχοντι
2453 4011 2857 4080 διαλεγόμενος,
2885 4009 2958 4073 ὡς
3015 4010 3323 4079 διδασκάλῳ
3368 4011 3461 4063 τοῦ
3515 4010 3645 4062 λαοῦ
3688 4012 3776 4062 καὶ

2186 4091 2423 4144 συνιέναι
2463 4092 2745 4162 δυναμένῳ
2761 4093 2860 4162 τῆς
2878 4093 3191 4161 οἰκονομίας
3223 4092 3322 4162 τὴν
3348 4093 3604 4162 θεωρίαν,
3625 4093 3772 4160 φησί·

2181 4173 2292 4227 Καὶ
2317 4173 2509 4240 καθὼς
2538 4175 2802 4243 Μωῢσῆς
2838 4176 3050 4242 ὒψωσε
3074 4174 3181 4226 τὸν
3213 4175 3350 4239 ὄφιν
3373 4175 3442 4226 ἐν
3466 4173 3540 4240 τῇ
3563 4175 3774 4243 ἐρήμῳ,

2183 4255 2333 4310 οὕτω
2371 4257 2462 4310 δεῖ
2494 4257 2807 4325 ὑψωθῆναι
2843 4259 2947 4309 τὸν
2991 4255 3129 4308 Υἰόν
3161 4256 3267 4309 τοῦ
3296 4257 3638 4322 ἀνθριίιπου,
3681 4260 3774 4310 ἵνα

2180 4336 2300 4404 πᾶς
2333 4341 2365 4392 d
2395 4341 2697 4393 πιστεύων
2717 4343 2804 4405 εἰς
2829 4338 3017 4392 αὑτὸν
3025 4340 3112 4406 μὴ
3146 4339 3462 4404 ἀπόληται,
3503 4341 3644 4393 ἀλλ’
3665 4341 3774 4408 ἔχῃ

2181 4420 2332 4487 ζωὴν
2350 4421 2609 4474 αἰώνιον.
2634 4422 2768 4474 Εἰπέ
2790 4417 2901 4483 οῦν,
2925 4415 2969 4471 ὦ
2991 4419 3280 4490 ἀναίσθητε
3312 4421 3553 4484 Ίουδαίε,
3578 4423 3637 4474 οὐ
3659 4422 3775 4493 χαλ-

2181 4503 2275 4564 κὸς
2297 4504 2470 4555 ἐκεῖνο
2495 4499 2598 4573 ἦν;
2621 4504 2809 4574 Νεκρὰ
2829 4503 2927 4573 ὕλη
2952 4504 3173 4573 νικῆσαι
3196 4502 3422 4556 θάνατον
3444 4505 3705 4575 ἰσχύουσα
3725 4503 3769 4568 δ,

2179 4583 2347 4636 τύπον
2368 4584 2563 4654 ἔχουσα
2585 4585 2839 4655 σταυροῦ·
2867 4587 2956 4637 καὶ
2977 4585 3113 4657 αὐτὴ
3131 4588 3162 4656 ἡ
3181 4586 3405 4658 ἀλήθεια
3421 4587 3517 4640 τοῦ
3543 4589 3772 4659 σταυῳῦ

2178 4667 2239 4719 οὐ
2273 4667 2617 4734 πιστεύεται;
2658 4670 2751 4720 καὶ
2785 4667 2955 4720 ταῦτα
2993 4669 3129 4738 μετά
3173 4670 3271 4740 τὴν
3305 4671 3647 4740 ἐπιστροφὴν
3680 4672 3772 4740 τῆς

2178 4750 2665 4821 οἰκουμένης,μετά
2681 4750 2777 4820 τὴν
2793 4750 3082 4820 λάμψασαν
3099 4753 3156 4802 ἐν
3185 4752 3345 4803 παντὶ
3369 4751 3446 4820 τῷ
3467 4753 3660 4824 κόσμῳ
3680 4754 3771 4822 τῆς

2177 4832 2460 4894 εὐσεϐείας
2475 4833 2826 4896 κατάστασιν,
2846 4834 2983 4902 μετά
2995 4833 3093 4903 τὴν
3107 4833 3288 4886 πίστιν
3302 4833 3410 4886 τῶν
3426 4834 3623 4900 ἐθνῶν,
3643 4837 3769 4907 μετά

2175 4911 2272 4981 τὴν
2291 4911 2505 4982 ἔγερσιν
2525 4912 2631 4965 τῶν
2648 4911 3003 4982 Ἐκκλησιῶν,
3024 4912 3160 4980 μετά
3173 4910 3422 4965 τοσοῦτον
3437 4916 3766 4985 ἀγωνισμὸν,

2179 4989 2315 5053 μετά
2331 4989 2597 5061 τοσαύτην
2625 4992 2878 5060 ἄσκησιν,
2917 4991 3053 5059 μετὰ
3075 4991 3339 5061 τοσαύτην
3363 4992 3665 5062 ἀηελικῆς
3689 5009 3768 5045 πο-

2175 5068 2374 5131 λιτείας
2394 5070 2626 5123 ἐπίδοσιν
2645 5087 2657 5133 ;
2699 5070 2856 5122 Ἀλλὰ
2877 5070 2983 5139 γὰρ
3005 5069 3378 5123 ἀποδέδεικται
3398 5072 3607 5140 σαφῶς,
3630 5074 3766 5134 ὅπως

2174 5148 2598 5201 ἁποκέκλεισται
2633 5151 2745 5210 τοῖς
2776 5149 2988 5218 ἐχθροῖς
3017 5147 3110 5200 τοῦ
3133 5149 3369 5219 σταυροῦ
3395 5149 3456 5202 τὸ
3490 5151 3765 5216 ὀνειδίζειν

2175 5227 2306 5296 ήμῖν
2337 5227 2397 5278 τὸ
2421 5228 2606 5296 σχῆμα
2620 5227 2713 5278 τοῦ
2739 5227 3167 5292 ἐπικαταρὰτου.
3201 5229 3310 5280 Καὶ
3341 5229 3479 5299 πρὸς
3504 5230 3606 5298 μὲν
3637 5229 3765 5282 ἐκεί-

2174 5322 2298 5368 νους
2317 5304 2508 5358 ταῦτα·
2574 5308 2735 5375 ἡμεῖς
2765 5305 2821 5358 δέ
2851 5308 2899 5358 οί
2930 5306 3110 5360 πιστοί
3159 5309 3289 5376 παρ’
3324 5309 3540 5370 ἑαυτοῖς
3581 5308 3763 5372 ἐξετάο

2177 5400 2378 5453 σωμεν,
2398 5385 2491 5436 καὶ
2513 5384 2891 5454 βασανίσωμεν
2913 5385 3021 5436 τῶν
3049 5385 3307 5455 ῥημάτων
3330 5385 3428 5456 τὴν
3453 5386 3759 5457 ἀκρίϐειαν.

2174 5463 2238 5515 Τί
2272 5463 2469 5530 δήποτε
2496 5462 2523 5512 6
2542 5462 2744 5531 Κύριος
2772 5463 2869 5531 τὴν
2893 5462 3076 5515 εἰκόνα
3096 5462 3194 5530 τῆς
3211 5462 3526 5532 οἰκονομίας
3551 5466 3760 5534 ἐκείνης

2173 5542 2234 5593 οὐ
2262 5540 2327 5592 δι’
2376 5539 2562 5607 ἐτέρου
2611 5539 2773 5601 τινὸς,
2807 5538 2942 5592 ἀλλά
2991 5540 3059 5592 δι’
3111 5539 3287 5608 ὄφεως
3321 5541 3548 5608 ἐποίησε
3577 5557 3591 5605 ;
3625 5542 3758 5612 Πρὸς

2177 5623 2276 5693 μὲν
2307 5622 2415 5691 γὰρ
2437 5623 2562 5684 τοὺς
2618 5621 2837 5690 ἀγῶνας
2866 5623 2972 5675 τῶν
3013 5623 3270 5675 ἐναντίων
3310 5622 3495 5677 ἱκανὸν
3532 5625 3593 5677 16
3635 5624 3755 5678 ὑπό-

2239 5739 2260 5766 ε
2310 5734 2598 5798 Legendum
2639 5742 2777 5798 putat
2824 5737 3006 5785 Fronto
3047 5748 3157 5784 cum
3191 5735 3383 5798 iSavlllo
3405 5737 3503 5786 ἀπὸ
3533 5737 3620 5789 τοῦ
3659 5741 3752 5790 ἐπι·

2172 5797 2401 5861 xa1_._Sed
2429 5798 2593 5861 lectio,
2621 5797 2675 5848 ul
2698 5805 2796 5861 est,
2818 5800 2933 5848 ferri
2957 5810 3102 5860 posse
3128 5797 3336 5845 videtur.

2238 5857 2265 5897 ιὶ
2286 5857 2398 5910 Sav.
2422 5859 2614 5922 ίσχυσε.
