3984 6434
209 423 323 479 501

206 540 327 585 erat
348 532 435 600 qui
459 546 680 599 corpore
702 531 1027 595 solvebatur,
1047 538 1100 583 et
1120 529 1206 599 qui
1230 528 1518 583 secundum
1541 528 1797 597 Spiritum

207 623 353 691 quod
380 624 608 676 solutum
635 632 742 677 eral
767 622 1052 677 excitabat.
1077 620 1205 674 Nam
1228 621 1318 681 ait,
1344 620 1536 673 Solvite
1560 621 1799 690 templum

208 716 328 780 hoc,
353 725 399 768 et
421 716 471 767 in
493 714 649 767 tribus
672 714 842 766 diebus
858 713 1083 766 excitabo
1099 711 1228 764 illud
1249 710 1421 782 (Joan.
1444 710 1499 764 2.
1526 710 1637 781 19).
1665 709 1799 764 Ecce

206 806 525 866 ascendimus
564 805 949 874 Jerosolymam.
999 802 1643 870 Cbristumsequcntium
1690 817 1794 856 non

206 904 291 949 est
338 912 586 965 umquam
636 896 1003 958 descendere,
1044 894 1137 949 sed
1182 893 1469 947 ascendere
1514 902 1792 963 perpetuo.

207 987 457 1056 Alioquin
504 1006 625 1042 vero
671 989 750 1041 via
797 987 1106 1043 Jcrichnnte
1148 986 1536 1055 Jerosolymam
1582 985 1795 1040 acclivis

204 1086 323 1129 erat
348 1118 360 1139 ,
394 1078 553 1131 modo
592 1078 825 1131 sensibili
859 1077 1126 1146 loquendo
1150 1118 1164 1138 ,
1195 1084 1249 1129 et
1279 1074 1604 1144 intelligendi
1637 1075 1795 1129 modo

205 1168 386 1234 passio
416 1168 481 1220 ad
513 1183 787 1222 ascensum
816 1166 1219 1221 resurrectionis
1249 1164 1492 1219 ducebat.
1530 1163 1791 1218 Adamum

203 1259 349 1310 enim
384 1259 433 1311 in
480 1258 739 1312 infernum
772 1258 1044 1325 delapsum
1088 1257 1138 1309 in
1169 1255 1355 1309 cwlum
1389 1254 1709 1319 revocabat,
1740 1263 1793 1308 et

205 1350 351 1402 humi
376 1351 640 1417 jacentem
669 1349 949 1418 imaginem
982 1350 1033 1401 in
1055 1347 1279 1402 sublime
1301 1345 1572 1401 ell‘erebat.
1608 1348 1795 1399 Ascen-

201 1440 370 1492 dimus
391 1440 781 1509 Jerosolymam.
806 1440 908 1496 Ubi
935 1440 1092 1503 Deus,
1115 1440 1184 1494 ibi
1207 1449 1260 1494 et
1281 1439 1489 1493 virtutis
1508 1452 1786 1502 ascensus;

202 1529 293 1581 ubi
325 1530 521 1582 malitia
548 1572 563 1595 ,
593 1530 661 1584 ibi
692 1530 986 1599 iniquitatis
1012 1530 1321 1584 descensus.
1373 1529 1497 1583 ldeo
1522 1528 1686 1582 David
1723 1528 1790 1582 de

201 1620 269 1673 iis
296 1621 381 1689 qui
409 1620 700 1674 secundum
723 1621 971 1674 virtutem
994 1625 1176 1673 vivunt
1202 1620 1275 1673 ait
1306 1638 1319 1673 :
1350 1637 1368 1669 ι
1402 1620 1550 1673 Beati
1579 1632 1785 1683 omnes,

198 1711 292 1777 qui
323 1710 560 1765 habitant
588 1711 639 1763 in
665 1710 823 1764 domo
854 1720 937 1764 tua
974 1728 986 1763 :
1022 1712 1073 1763 in
1104 1709 1298 1764 saecula
1322 1709 1637 1763 szeculorum
1671 1707 1788 1761 lau-

198 1799 402 1854 dabunt
448 1812 516 1854 te.
572 1802 762 1855 Beatus
808 1802 891 1855 vir
936 1801 1086 1869 cujus
1126 1809 1209 1855 est
1250 1800 1505 1853 auxilium
1547 1799 1643 1854 abs
1689 1807 1784 1855 te:

197 1891 542 1945 ascensiones
593 1900 694 1945 ture
740 1893 793 1945 in
843 1891 1007 1945 corde
1050 1891 1165 1959 ejus
1204 1910 1223 1942 ι
1262 1889 1433 1961 (Psal.
1475 1890 1565 1945 83.
1611 1890 1664 1945 5.
1702 1890 1781 1959 6).

197 1982 531 2037 Ascensianes
574 1993 692 2048 tute,
718 1984 817 2038 hoc
861 1984 1084 2052 esl,pi:e
1129 1983 1234 2037 illa:
1273 1990 1328 2037 et
1362 1982 1415 2036 in
1458 1982 1620 2036 altum
1661 1997 1787 2036 eve-

195 2085 301 2128 etin
331 2077 760 2130 ratiocinationes
785 2116 797 2137 ,
831 2090 950 2144 quae
983 2076 1035 2129 in
1075 2074 1301 2128 sublime
1326 2081 1491 2144 agunt
1518 2087 1612 2127 eos
1633 2113 1649 2135 ,
1694 2072 1785 2143 qui

196 2178 345 2222 recte
374 2167 441 2222 de
480 2168 593 2222 Deo
619 2167 872 2237 cogitant.
922 2167 1018 2221 Est
1058 2180 1185 2236 ergo
1224 2166 1589 2234 temperantia:
1618 2164 1697 2218 via
1731 2165 1783 2218 in

193 2258 422 2313 sublime
449 2260 676 2329 erigens,
711 2260 791 2314 via
814 2260 1033 2327 justitice
1057 2259 1107 2312 in
1130 2259 1293 2311 altum
1320 2257 1519 2311 ducens
1543 2275 1555 2309 :
1580 2257 1783 2311 omnis-

194 2363 319 2415 que,
352 2359 407 2403 ut
437 2350 502 2402 ita
531 2350 733 2413 dicam,
769 2350 978 2419 pictatis
1008 2349 1091 2401 via
1122 2348 1210 2402 Dei
1239 2357 1504 2402 amantem
1534 2348 1585 2400 in
1616 2348 1779 2401 altum

191 2439 427 2503 adducit,
459 2439 524 2493 de
552 2455 655 2509 quo
682 2440 929 2494 dicebant
955 2439 1176 2509 gentiles
1210 2457 1223 2492 :
1260 2437 1455 2504 Venite,
1486 2440 1779 2507 proﬁcisca-

192 2549 306 2584 mur
349 2534 417 2585 ad
464 2544 681 2585 montem
731 2533 973 2598 Domini,
1025 2543 1070 2585 et
1117 2533 1185 2584 ad
1231 2533 1435 2585 domum
1482 2532 1579 2585 Dei
1618 2530 1779 2584 Iacob

193 2621 378 2692 (Mich.
404 2623 458 2677 4.
487 2621 563 2692 2).
598 2623 689 2677 Ubi
722 2624 928 2691 pictatis
950 2622 1211 2685 doctrina,
1241 2620 1311 2675 ibi
1339 2635 1593 2676 ascensus
1619 2631 1701 2675 est
1724 2622 1774 2673 ¹;

190 2716 281 2769 ubi
312 2730 439 2768 vero
468 2715 664 2768 malitia
691 2755 705 2779 ,
738 2715 805 2768 ibi
839 2715 995 2786 plane
1020 2714 1330 2772 descensus.
1378 2713 1431 2770 ld
1464 2713 1777 2771 testiﬁcatur

190 2804 367 2861 David
400 2804 657 2876 propheta
682 2804 903 2861 dicens:
930 2806 1111 2859 Libera
1137 2822 1215 2860 me
1239 2823 1269 2858 a
1297 2805 1702 2859 descendentibus
1724 2806 1777 2859 in

188 2900 358 2951 lacum
385 2898 555 2965 (Psal.
572 2897 662 2953 29.
689 2899 769 2966 4);
794 2909 846 2953 et
869 2912 1069 2963 rursus,
1096 2897 1196 2962 Qui
1216 2897 1407 2950 exaltas
1430 2913 1507 2950 me
1533 2897 1594 2950 de
1619 2897 1777 2967 portis

188 2990 363 3041 mortis
387 2988 555 3058 (Psat.
586 2990 637 3043 9.
661 2987 773 3056 15).
800 2988 976 3056 Itaque
999 2987 1147 3053 illud,
1170 2988 1517 3052 Ascendimus,
1538 3000 1641 3041 non
1662 2986 1774 3041 fru-

187 3088 294 3131 stra
314 3078 514 3130 dictum
539 3088 639 3132 est.
655 3078 786 3131 Ecce
801 3078 1136 3131 ascendimus.
1160 3078 1316 3146 Atqui
1338 3077 1482 3132 solus
1498 3077 1563 3131 ad
1585 3078 1778 3145 passio-

187 3185 308 3225 nem
339 3171 501 3222 venit.
527 3170 633 3223 Cur
649 3185 774 3239 ergo
798 3171 848 3223 in
867 3169 1132 3222 communi
1153 3170 1244 3233 ait,
1264 3169 1621 3223 Ascendimus?
1642 3170 1774 3237 Quia

186 3264 365 3331 passio
384 3261 595 3330 quidem
615 3276 751 3321 mea.
773 3262 916 3315 salus
932 3277 1059 3315 vero
1082 3262 1318 3315 omnium
1340 3260 1610 3315 hominum
1632 3277 1773 3317 eom-

185 3354 362 3406 munis
394 3361 494 3405 est.
526 3352 648 3407 ldeo
676 3353 883 3405 divinus
906 3353 1176 3420 apostolus
1206 3353 1256 3405 in
1286 3367 1597 3421 generosam
1626 3354 1768 3407 illam

183 3453 236 3497 ct
262 3443 507 3496 miraculi
540 3443 748 3510 plenam
779 3444 951 3512 erupit
986 3458 1168 3496 vocem
1194 3483 1208 3508 ,
1238 3452 1294 3495 ut
1321 3443 1480 3495 modo
1511 3442 1770 3499 audistis:

183 3536 311 3588 Cum
333 3534 534 3588 Christo
561 3536 831 3600 cruciﬁxus
857 3551 985 3587 sum.
1020 3533 1142 3586 Vivo
1160 3543 1356 3596 autem,
1388 3535 1495 3599 iam
1522 3552 1621 3588 non
1649 3552 1768 3605 ego,

181 3626 297 3677 vivit
319 3642 435 3677 vero
456 3626 509 3677 in
530 3642 608 3678 me
628 3624 852 3678 Christus
877 3624 1015 3694 (Gal.
1040 3626 1093 3678 2.
1122 3625 1204 3679 l9.
1229 3623 1340 3696 20).
1362 3626 1630 3695 Alioquin,
1650 3641 1769 3680 cum

182 3714 345 3767 vellet
377 3714 603 3767 fructum
630 3715 802 3767 crucis
832 3714 1132 3777 ostendere,
1163 3714 1389 3782 subjecit
1414 3716 1591 3768 statim
1619 3716 1669 3768 in
1694 3730 1772 3770 se-

179 3802 467 3872 quentibus
489 3820 501 3856 :
522 3801 748 3855 Christus
770 3819 860 3855 nos
890 3803 1093 3855 redemit
1117 3820 1146 3854 a
1164 3803 1426 3856 maledicto
1447 3802 1587 3872 legis,
1607 3808 1772 3873 [actus

180 3911 272 3962 pro
303 3894 446 3948 nobis
474 3895 791 3946 maledictum
821 3892 959 3964 (Gal.
990 3896 1042 3949 3.
1078 3896 1167 3963 15)
1202 3911 1215 3947 :
1245 3895 1486 3963 scriptum
1508 3905 1577 3947 est
1603 3898 1731 3947 enim
1752 3937 1767 3961 ,

182 3988 489 4041 Haledictus
518 3989 679 4040 omnis
709 3988 793 4057 qui
826 3987 1083 4057 pendet’in
1106 3987 1242 4055 ligno
1273 3986 1451 4053 (Deut.
1479 3987 1563 4040 2i.
1600 3987 1712 4055 25).

250 4079 307 4131 2.
353 4078 452 4131 llic
478 4077 605 4131 mibi
636 4077 916 4146 diligenter
941 4074 1304 4129 animadverte
1330 4116 1342 4137 .
1374 4091 1440 4129 ne
1466 4076 1560 4129 abs
1593 4084 1643 4129 te
1674 4092 1767 4129 ve-

180 4170 355 4223 ritatis
399 4169 670 4238 perceptio
699 4168 958 4223 elabatur.
1006 4167 1381 4221 Contradicent
1415 4168 1557 4220 enim
1589 4168 1765 4221 statim

178 4259 351 4316 Judaei
376 4300 392 4325 ,
426 4260 493 4313 de
519 4260 710 4328 quibus
734 4260 807 4312 ait
837 4260 1028 4313 Paulus
1053 4300 1067 4322 ,
1121 4256 1320 4310 Inimici
1352 4258 1515 4311 crucis
1540 4256 1725 4312 Christi
1750 4298 1764 4323 ,

179 4369 396 4422 quorum
427 4352 544 4421 ﬁnis
571 4352 799 4404 interitus
826 4350 844 4419 (
870 4349 1103 4420 Philipp.
1134 4351 1185 4403 3.
1222 4349 1305 4403 18.
1341 4349 1406 4404 19
1428 4349 1472 4420 ),
1503 4358 1556 4404 et
1587 4350 1764 4403 statim

181 4445 512 4513 simplicibus
536 4442 783 4511 objicient
810 4460 823 4496 :
849 4444 902 4497 Si
931 4441 1243 4496 maledictus
1270 4443 1357 4512 qui
1387 4442 1601 4512 pendet,
1630 4459 1765 4512 quo-

180 4538 340 4591 modo
370 4551 400 4589 a
434 4536 714 4591 maledicto
760 4536 851 4589 tibi
897 4535 1319 4590 benedictionem
1368 4536 1629 4604 impertiri
1674 4552 1768 4591 ex-

178 4627 433 4697 spectas?
453 4625 716 4695 quomodo
738 4626 802 4679 ab
819 4640 903 4689 eo,
927 4625 1015 4693 qui
1043 4627 1094 4679 in
1123 4637 1345 4681 mortem
1368 4626 1577 4689 cecidit,
1602 4628 1764 4681 vitam

178 4720 409 4787 speras?
462 4718 515 4771 ld
545 4718 685 4788 quod
713 4725 948 4786 apparet,
985 4726 1041 4770 ut
1069 4718 1180 4786 ipse
1206 4719 1392 4772 doctor
1418 4729 1601 4773 noster
1631 4719 1766 4772 Pau-

178 4812 261 4866 lus
304 4810 591 4864 conﬁtetur
610 4850 624 4871 ,
672 4809 1009 4863 maledictum
1046 4816 1128 4862 est
1158 4826 1169 4861 :
1200 4808 1460 4877 Scriptum
1490 4819 1561 4862 est
1590 4814 1760 4876 enim,

179 4902 485 4957 Maledictus
511 4901 671 4953 omnis
698 4900 781 4969 qui
807 4898 983 4967 pendet
1008 4898 1059 4949 in
1082 4899 1217 4968 ligno
1240 4897 1382 4964 (Gal.
1405 4900 1458 4953 5.
1484 4900 1570 4955 15.
1610 4900 1758 4954 Deut.

176 4996 261 5049 2i.
282 4993 397 5063 23).
424 4992 479 5046 Si
503 4993 677 5061 itaque
699 4992 952 5060 scriptum
972 5000 1053 5045 est
1072 5001 1125 5045 et
1147 4992 1450 5046 testimonio
1471 4992 1756 5060 ﬁrmatum,

173 5082 446 5155 quomodo
472 5081 776 5138 benedictio
803 5098 831 5134 a
860 5080 1141 5136 maledicto
1167 5081 1321 5136 datur
1348 5084 1521 5137 crucis
1546 5085 1761 5139 cultori-

176 5175 317 5229 bus?
364 5173 490 5227 ΙΙωο
528 5186 741 5238 semper
770 5172 897 5225 dicit
924 5183 978 5227 et
1007 5172 1189 5240 objicit
1228 5172 1444 5228 Iudaeus
1466 5216 1479 5239 ,
1517 5175 1759 5228 inimicus

174 5266 347 5320 crucis
372 5262 588 5318 Christi.
617 5261 670 5315 Si
697 5261 871 5329 itaque
889 5262 1105 5316 Judaaus
1130 5263 1219 5316 tibi
1244 5264 1454 5330 dixerit,
1483 5264 1759 5331 Quomodo

174 5358 491 5412 maledictus
520 5355 613 5408 dat
642 5354 1059 5409 benedictionem
1083 5356 1105 5406 ?
1145 5354 1230 5409 dic
1257 5356 1327 5408 illi
1353 5397 1367 5421 ,
1399 5356 1677 5422 Quomodo
1707 5357 1757 5410 in

173 5451 387 5505 deserto
409 5454 685 5515 serpentes
706 5444 1018 5498 mordebant
1047 5448 1411 5515 progenitores
1434 5459 1583 5512 tuos;
1612 5448 1759 5518 Moy-

174 5557 258 5596 ses
278 5549 456 5595 autem
482 5538 711 5606 imagine
732 5536 993 5604 serpentis
1018 5536 1174 5601 facta,
1202 5546 1255 5591 et
1281 5538 1330 5590 in
1356 5553 1516 5593 cruce
1539 5554 1758 5607 suspen-

175 5645 251 5695 sa,
271 5629 423 5694 dicit,
450 5627 762 5694 Quicumque
780 5641 811 5677 a
830 5635 1055 5693 serpente
1077 5642 1271 5681 morsus
1291 5629 1462 5698 fuerit,
1484 5640 1760 5697 serpentem

234 5765 249 5796 ι
288 5770 427 5824 nog.,
459 5761 545 5812 Ubi
572 5758 780 5811 veritatis
804 5756 1048 5819 doctrina,
1076 5755 1142 5808 ibi
1173 5758 1315 5808 etiam
1340 5760 1529 5822 pietatis
1552 5768 1618 5811 est
1642 5774 1754 5825 pro-

166 5836 375 5885 gressus.

1422 412 1511 465 DE
1549 408 1909 467 SERPENTE
1949 410 2251 467 llOllllLlA.

3389 420 3503 478 502

1906 528 2160 597 respiciat,
2193 536 2241 581 et
2272 526 2439 581 salvus
2469 529 2562 581 erit
2598 527 2617 598 (
2641 526 2803 581 Num.
2832 526 2924 582 2|.
2954 526 3062 597 8)?
3086 525 3191 582 Sed
3220 526 3291 580 ait
3312 567 3331 593 ,
3362 525 3488 597 quid

1907 620 2007 674 hoc
2045 621 2110 674 ad
2140 620 2295 677 rem?
2337 619 2476 675 Sane
2503 618 2726 673 multum
2758 617 2824 672 ad
2854 633 2964 673 rem
2998 618 3244 690 pertinet.
3295 609 3487 672 Annon

1903 710 2092 764 audisti
2135 710 2299 765 Deum
2340 708 2602 763 dicentem
2629 750 2643 772 ,
2688 708 2993 762 Maledictus
3033 719 3086 762 tu
3126 724 3230 777 pret
3260 708 3487 762 omnibus

1903 801 2068 854 bestiis
2095 810 2240 854 terra:
2269 800 2433 871 (Gen.
2467 801 2519 855 3.
2551 799 2699 869 is)?
2729 799 3004 867 Quomodo
3034 799 3191 869 igitur
3220 798 3484 854 maledicti

1901 891 2074 961 imago
2096 893 2256 947 vitam
2278 892 2451 947 attulit
2474 891 2898 963 progenitoribus
2920 889 3142 945 vestris?
3168 890 3371 944 Dictum
3395 904 3484 944 re-

1898 992 2043 1051 peto,
2065 991 2119 1035 nt
2135 983 2449 1037 sententiam
2476 982 2677 1035 ﬁrmius
2693 990 2943 1035 statuam.
2964 980 3017 1036 Si
3037 980 3248 1050 quidem
3267 978 3483 1034 difﬁcile

1902 1073 1990 1127 tibi
2036 1074 2278 1128 videatur
2322 1090 2385 1130 ex
2439 1074 2719 1128 maledicto
2762 1074 3183 1128 benedictionem
3232 1087 3483 1127 emanare

1901 1162 1921 1234 (
1942 1164 2245 1219 Maledictus
2266 1165 2406 1221 enim
2431 1166 2591 1218 omnis
2612 1165 2696 1235 qui
2712 1165 2890 1234 pendrt
2912 1165 2963 1218 in
2984 1164 3120 1233 ligno
3140 1164 3156 1231 )
3174 1204 3186 1228 ,
3212 1162 3482 1233 quomodo

1900 1255 2073 1325 imago
2102 1258 2365 1324 serpentis
2397 1255 2696 1319 maledicti,
2722 1256 2808 1322 qui
2838 1255 3070 1320 audivit,
3102 1253 3403 1308 Maledictus
3426 1262 3480 1306 tu

1898 1361 2004 1413 rrw
2023 1347 2249 1399 omnibus
2270 1345 2455 1411 bestiis,
2475 1347 2671 1415 populo
2690 1347 2740 1399 in
2764 1346 3065 1399 calamitate
3086 1345 3373 1399 constituto
3394 1342 3479 1397 be-

1896 1436 2249 1492 nedictionem
2270 1438 2684 1491 attulit?Annon
2712 1436 2812 1490 ﬁde
2838 1437 3047 1505 dignius
3066 1434 3251 1489 luisset
3276 1434 3475 1496 dicere,

1893 1523 1947 1580 Si
1974 1526 2093 1595 quis
2121 1542 2185 1582 ex
2217 1526 2364 1581 vobis
2391 1541 2598 1580 morsus
2628 1525 2804 1591 fuerit,
2834 1526 3079 1594 respiciat
3116 1524 3167 1578 in
3198 1522 3383 1578 caelum
3411 1520 3475 1575 ad

1894 1614 2084 1679 Deum,
2108 1626 2162 1670 et
2192 1617 2506 1672 sanabitur?
2542 1616 2623 1668 vel
2646 1615 2865 1669 dimisso
2888 1616 3002 1669 creli
3028 1624 3269 1684 aspectu,
3300 1628 3477 1667 annon

1894 1716 2103 1775 poterat
2128 1707 2323 1771 dicere,
2349 1707 2402 1763 Si
2426 1707 2543 1777 quis
2566 1721 2774 1761 morsus
2794 1707 2967 1772 fuerit,
2996 1707 3245 1776 reSpiciat
3264 1706 3316 1759 in
3346 1720 3479 1759 can-

1892 1797 2163 1853 delabrum
2188 1798 2421 1862 luminis,
2441 1807 2491 1852 et
2517 1798 2691 1851 salvus
2709 1797 2839 1851 erit?
2863 1806 2953 1851 aut
2970 1797 3217 1867 respiciat
3242 1796 3294 1850 in
3321 1809 3477 1850 men-

1890 1905 2002 1945 sam
2031 1892 2406 1961 pr0positionis
2451 1899 2754 1945 sanctorum
2785 1904 2977 1958 panum
3003 1930 3017 1955 ,
3045 1897 3099 1943 et
3124 1888 3304 1942 salvus
3334 1885 3475 1941 erit?

1890 1982 2056 2035 autin
2084 1981 2267 2048 altare,
2296 1990 2386 2035 aut
2413 1982 2463 2036 in
2493 1982 2687 2048 velum,
2708 1989 2802 2034 aut
2820 1982 2870 2034 in
2893 1996 3068 2035 arcam
3088 2022 3101 2044 ,
3126 1980 3237 2035 sive
3259 1979 3311 2033 in
3334 1978 3471 2033 ima-

1889 2076 2066 2145 ginem
2095 2074 2538 2136 Cherubinornm,
2566 2072 2649 2126 vel
2682 2075 2731 2125 in
2760 2070 3215 2142 propitiatorium?
3241 2071 3307 2125 At
3339 2069 3466 2124 nibil

1890 2179 2072 2219 eorum
2096 2164 2313 2219 adduxit
2335 2163 2604 2235 legislator
2625 2177 2880 2231 magnus;
2907 2178 3089 2217 verum
3118 2176 3274 2215 unam
3298 2160 3473 2215 crucis

1889 2257 2172 2328 imaginem
2202 2258 2387 2322 erexit,
2413 2265 2465 2311 et
2494 2256 2629 2310 hanc
2661 2271 2754 2324 per
2781 2254 3116 2308 maledictum
3144 2262 3466 2322 serpentem.

1887 2348 1993 2403 Cur
2018 2364 2146 2419 ergo
2171 2390 2183 2415 ,
2215 2348 2397 2403 Judaze
2422 2390 2435 2410 .
2470 2347 2678 2417 Moyses
2706 2344 2821 2399 hrec
2850 2343 3010 2397 facit?
3035 2358 3130 2397 cur
3167 2349 3469 2411 serpentem

1886 2440 2113 2505 conﬁat,
2145 2441 2231 2510 qui
2263 2455 2357 2509 per
2398 2440 2565 2508 legem
2603 2437 2839 2499 dixerat,
2874 2433 2994 2489 Non
3029 2436 3181 2506 facies
3205 2433 3466 2502 sculptile.

1886 2547 2042 2602 neque
2071 2530 2219 2599 fusile
2244 2529 2262 2599 (
2287 2528 2443 2581 Levit.
2472 2527 2561 2582 26.
2594 2528 2616 2580 1
2650 2526 2711 2597 )?
2742 2526 2844 2581 Sed
2876 2541 2972 2580 cur
3001 2524 3116 2578 haec
3154 2524 3359 2593 ingrato
3389 2524 3468 2575 lo-

1883 2621 2056 2691 quor?
2086 2620 2259 2690 Ipsum
2290 2619 2647 2689 legislatorem
2683 2618 2951 2687 interrogo
2983 2635 2995 2670 :
3024 2615 3118 2669 Dic
3154 2613 3303 2678 mihi,
3334 2612 3467 2668 ﬁdc-

1883 2713 2085 2769 lissime
2130 2711 2224 2769 Dei
2273 2711 2465 2766 lamule
2489 2751 2503 2775 ,
2537 2725 2603 2764 an
2636 2708 2684 2762 id
2719 2706 2847 2763 lacis
2884 2706 3023 2777 quod
3061 2704 3353 2778 prohibes?
3398 2720 3464 2758 an

1883 2803 2024 2875 quod
2066 2802 2358 2874 reprobus,
2403 2801 2453 2856 id
2494 2799 2770 2869 operaris'l
2808 2798 2895 2869 qui
2939 2798 3070 2853 dicis
3095 2838 3110 2863 ,
3155 2795 3273 2851 Non
3313 2796 3467 2868 facies

1881 2894 2112 2966 sculptile
2133 2934 2147 2959 ,
2192 2908 2348 2963 neque
2378 2892 2528 2961 fusile
2550 2931 2565 2955 ,
2611 2888 2785 2943 {aridis
2811 2900 2866 2943 et
2897 2887 3095 2958 sculpis
3124 2887 3467 2957 serpentem?

1883 2986 2081 3041 Verum
2131 2984 2271 3040 dicet
2303 3003 2315 3038 :
2357 2984 2474 3037 illas
2504 2982 2598 3035 tuli
2630 2980 2774 3050 leges
2798 3021 2813 3045 ,
2854 2988 2909 3033 ut
2937 2995 3147 3033 omnem
3181 2977 3465 3048 impietatis

1881 3079 2156 3133 materiam
2199 3075 2599 3139 exscinderent,
2642 3082 2697 3127 et
2741 3074 2879 3126 hunc
2911 3072 3160 3141 populum
3205 3085 3234 3124 a
3277 3070 3466 3138 quovis

1882 3169 2143 3223 idolorum
2188 3167 2332 3221 cultu
2379 3172 2708 3227 averterent;
2762 3178 2901 3215 nunc
2945 3170 3118 3215 autem
3159 3168 3463 3227 serpentem

1879 3257 2072 3323 conﬁo,
2097 3267 2153 3312 ut
2178 3256 2458 3327 imaginem
2479 3252 2890 3322 dispensationis
2910 3251 3081 3306 crucis
3106 3250 3461 3320 pra-ligurem,

1878 3351 2016 3405 viam
2038 3365 2132 3420 per
2151 3364 2307 3419 quam
2326 3346 2552 3417 apostoli
2569 3346 2857 3400 decurrant
2873 3343 3234 3412 complanans,
3254 3344 3461 3411 signum

1880 3442 2022 3497 illius
2050 3441 2224 3496 crucis
2253 3454 2505 3509 magnum
2538 3435 2937 3504 iuauditumque
2958 3434 3114 3500 longe
3134 3444 3285 3487 antea
3312 3430 3466 3486 adbi-

1880 3533 1999 3587 beo.
2033 3532 2182 3600 Quod
2209 3542 2384 3585 autem
2414 3528 2530 3583 lucc
2557 3527 2837 3596 exlilicatio
2863 3541 2967 3580 non
2992 3524 3195 3580 detorta
3224 3525 3311 3591 sit,
3338 3523 3461 3578 audi

1882 3624 2158 3678 Dominum
2181 3664 2195 3688 ,
2227 3622 2315 3691 qui
2346 3631 2576 3675 veterem
2610 3621 2750 3675 illam
2783 3619 3063 3689 imaginem
3090 3618 3370 3673 conﬁrmat
3399 3632 3463 3673 ac

1877 3715 1942 3768 de
1970 3714 2147 3783 seipso
2186 3715 2580 3781 interpretatur.
2630 3708 2975 3763 Nicodcmum
3016 3708 3154 3763 enim
3186 3709 3461 3778 alloquens

1878 3814 1933 3859 ut
1962 3804 2138 3874 p0puli
2166 3802 2459 3865 doctorem,
2493 3801 2660 3854 virum
2691 3798 2827 3868 apud
2856 3798 3069 3853 Judazos
3097 3799 3417 3868 prmcipuum
3440 3840 3457 3867 ,

1876 3895 1962 3963 qni
2009 3903 2190 3962 posset
2228 3893 2579 3947 meonomiam
2624 3889 2954 3957 intelligere,
2990 3889 3064 3942 ait
3102 3904 3115 3941 :
3163 3907 3179 3939 ι
3230 3889 3295 3942 Et
3324 3890 3461 3944 sicut

1876 3986 2125 4044 exaltavit
2159 3986 2368 4055 Moyses
2407 3990 2706 4051 serpentem
2748 3982 2800 4035 in
2841 3981 3055 4036 deserto
3080 4022 3095 4045 ,
3137 3981 3204 4034 ita
3237 3980 3456 4035 exaltari

1874 4087 2083 4147 oportet
2105 4076 2294 4129 Filium
2321 4073 2581 4134 hominis,
2609 4080 2665 4124 ut
2686 4072 2860 4125 omnis
2887 4073 2973 4141 qui
3003 4071 3169 4127 credit
3201 4072 3250 4124 in
3281 4072 3453 4141 ipsum

1874 4184 1977 4222 non
2012 4174 2191 4235 pereat
2215 4206 2227 4227 ,
2260 4164 2349 4218 sed
2393 4163 2585 4217 habeat
2624 4163 2784 4215 vitam
2828 4174 3079 4216 :eternam
3116 4182 3131 4214 ι
3170 4154 3453 4234 (Ιοαη.’5.

1875 4262 1959 4315 ll.
1996 4258 2122 4328 15).
2159 4258 2249 4311 Dic
2278 4256 2454 4325 igitur,
2487 4270 2518 4308 ο
2550 4253 2761 4322 stupido
2785 4251 2984 4318 Judme,
3014 4268 3079 4306 an
3112 4268 3213 4307 non
3237 4267 3310 4307 ms
3336 4262 3454 4308 erat

1873 4350 2042 4407 illud?
2072 4350 2275 4403 Mortua
2308 4347 2556 4401 materies
2592 4353 2817 4399 mortem
2847 4345 3059 4399 vincere
3088 4345 3285 4414 possit,
3316 4344 3452 4415 ﬁgu-

1873 4460 1984 4499 ram
2008 4442 2179 4497 crucis
2201 4440 2421 4503 habens,
2447 4447 2500 4493 et
2522 4437 2631 4506 ipsa
2653 4437 2826 4491 crucis
2844 4437 3035 4490 veritas
3058 4452 3162 4491 non
3186 4436 3452 4492 creditur?

1871 4542 1924 4588 et
1953 4534 2065 4588 haec
2094 4541 2213 4602 post
2240 4529 2645 4584 conuersionem
2672 4528 2815 4581 orbis
2845 4537 3018 4593 terrae,
3048 4537 3163 4596 post
3190 4529 3449 4582 constitu-

1873 4633 1977 4678 tam
2011 4623 2060 4675 in
2092 4630 2199 4675 toto
2226 4620 2357 4674 orbe
2393 4620 2640 4688 pietatem
2668 4660 2681 4682 ,
2714 4626 2987 4687 postquam
3015 4618 3239 4686 gentiles
3272 4618 3447 4672 credi-

1869 4714 2081 4779 derunt,
2102 4720 2220 4782 post
2240 4702 2495 4765 escitatas
2518 4709 2801 4772 Ecclesias,
2829 4715 2946 4773 post
2969 4714 3109 4760 tanta
3133 4706 3449 4774 certamina,

1871 4814 1990 4874 post
2031 4812 2226 4857 tantam
2273 4801 2521 4855 virtutum
2572 4798 3041 4860 exercitationem,
3092 4805 3209 4865 post
3248 4806 3447 4851 tantam

1868 4894 2089 4965 angelici
2132 4891 2353 4945 instituti
2397 4888 2799 4942 accessionem?
2840 4887 2977 4941 Sane
3017 4887 3309 4941 luculenter
3352 4887 3447 4942 de-

1868 4992 2217 5039 monsualum
2260 4988 2374 5043 est,
2416 4993 2627 5031 omnem
2674 4976 2988 5030 adversariis
3030 4978 3202 5031 crucis
3244 4976 3445 5031 aditum

1866 5077 2182 5149 praeclusam
2233 5086 2390 5136 esse,
2436 5070 2499 5123 ad
2549 5068 2973 5137 exprobrandam
3024 5067 3176 5122 nobis
3226 5068 3446 5137 ﬁguram

1866 5167 2150 5224 maledicti.
2185 5166 2251 5219 Et
2277 5165 2533 5218 adversus
2578 5162 2694 5215 illos
2738 5160 2950 5230 quidem
2991 5158 3104 5215 haec
3142 5160 3269 5213 satis
3297 5159 3402 5213 sint
3433 5176 3446 5214 :

1866 5279 1964 5317 nos
1991 5270 2163 5314 autem
2196 5257 2378 5311 ﬁdeles
2406 5253 2681 5308 nobiscum
2711 5250 3099 5321 expendamus,
3129 5259 3181 5304 et
3207 5250 3447 5320 exploro.

1866 5368 1983 5408 mus
2004 5352 2281 5406 verborum
2304 5347 2714 5403 accurationem.
2757 5346 2860 5399 Cur
2879 5344 3133 5398 Dominus
3166 5344 3445 5413 imaginem

1866 5448 2006 5501 illius
2040 5442 2353 5499 oeconomia:
2383 5456 2486 5494 non
2519 5454 2614 5509 per
2650 5438 2846 5500 alium,
2886 5436 2977 5490 sed
3017 5450 3111 5504 per
3146 5441 3445 5504 serpentem

1866 5534 2277 5606 prmsigniﬁcat?
2322 5531 2399 5586 Ad
2440 5528 2726 5584 certamina
2768 5542 2887 5581 cum
2920 5526 3233 5580 adversariis
3273 5526 3445 5579 susci-

1864 5627 2054 5699 pienda
2091 5624 2363 5693 exemplar
2392 5622 2531 5675 illius
2561 5618 2824 5673 maledicti
2861 5617 3121 5685 serpentis
3156 5616 3286 5670 satis
3311 5625 3393 5671 est
3427 5632 3442 5669 :

1865 5732 2047 5775 verum
2077 5717 2184 5787 jam
2216 5712 2641 5785 persuadendum
2668 5711 2731 5763 iis
2757 5751 2769 5774 ,
2801 5709 2888 5777 qui
2921 5708 3010 5761 ﬁlii
3047 5707 3255 5777 pietatis
3283 5717 3406 5762 sunt
3429 5746 3445 5771 .

1864 5824 1969 5883 quo
1998 5818 2151 5880 pacto
2179 5806 2344 5878 ﬁgura
2372 5804 2513 5860 illius
2542 5801 2805 5859 maledicti
2835 5800 3097 5873 serpentis
3123 5799 3296 5871 imago
3326 5799 3445 5857 lue-
