3984 6430
551 380 665 435 503

540 479 608 533 rit
644 477 839 534 Christi
863 518 878 543 ,
923 475 1012 547 qui
1049 476 1320 532 adoratur.
1366 474 1623 542 Quocirca
1653 475 1705 531 id
1743 490 1839 530 nos
1867 485 2113 532 accurate

544 568 848 638 explicare,
879 579 934 623 et
958 583 1052 622 vos
1079 567 1312 622 studiose
1337 567 1519 621 audire
1543 582 1637 636 par
1661 577 1764 623 est.

617 659 670 713 5.
712 657 902 727 Figura
932 657 1212 726 serpentis,
1238 655 1443 721 fratres,
1470 656 1640 726 imago
1661 666 1774 710 erat
1801 656 2116 712 meonomia:

545 747 738 801 crucis.
765 746 916 814 Quod
936 755 1110 799 autem
1138 746 1203 800 ad
1236 747 1449 800 modum
1481 747 1688 811 attinet,
1720 747 1854 799 sicut
1883 747 1970 799 illa
2000 761 2115 800 scr-

545 836 721 906 pentis
759 835 923 906 ﬁgura
959 835 1238 905 imaginem
1268 835 1480 905 quidem
1509 844 1562 890 et
1589 837 1816 904 speciem
1857 836 2116 905 serpentis

544 941 655 995 pra:
683 939 742 980 se
765 924 986 988 ferebat,
1014 940 1273 980 venenum
1296 935 1469 981 autem
1493 926 1881 995 nequitiamque
1899 940 2118 996 serpen-

543 1016 611 1069 tis
642 1030 745 1068 non
768 1013 1027 1068 habebat:
1059 1016 1136 1068 sic
1165 1023 1220 1070 et
1246 1013 1517 1080 Servatur,
1553 1014 1845 1069 secundum
1879 1014 2114 1069 divinum

543 1106 861 1176 apostolum,
892 1105 944 1159 in
981 1105 1322 1160 similitudine
1367 1105 1539 1160 carnis
1583 1106 1781 1174 peccati
1830 1120 2113 1175 apparens,

541 1205 691 1251 extra
717 1211 873 1250 omne
901 1205 1169 1264 peccatum
1197 1196 1320 1261 fuit;
1345 1197 1479 1249 sicut
1502 1204 1556 1249 et
1583 1195 1768 1250 beatus
1794 1196 1974 1260 Isaias,
1993 1211 2114 1249 cum

545 1286 700 1339 beato
731 1285 892 1339 Paulo
915 1283 990 1356 (a)
1021 1299 1338 1350 consonans,
1366 1286 1474 1339 ait:
1502 1286 1599 1352 Qui
1631 1297 1886 1354 peccatum
1912 1304 2009 1339 non
2036 1287 2115 1355 fe-

543 1379 641 1440 cit;
671 1393 759 1430 nec
783 1377 1013 1430 inventus
1037 1387 1108 1431 est
1137 1377 1286 1430 dolus
1324 1378 1375 1430 in
1419 1394 1503 1431 ore
1539 1379 1648 1448 ejus
1677 1377 1827 1447 (Isai.
1861 1380 1948 1434 53.
1976 1380 2038 1443 9;
2065 1380 2112 1433 1.

548 1466 659 1519 Pet.
680 1467 733 1521 2.
752 1466 866 1536 22).
889 1465 1187 1522 Secundum
1216 1465 1402 1521 Isaiam
1429 1465 1709 1536 imaginem
1737 1482 1895 1521 unam
1924 1467 2111 1522 habes:

544 1555 608 1609 ad
638 1557 856 1610 alteram
901 1555 1114 1610 accede.
1163 1554 1430 1609 Contuere
1472 1556 1748 1610 veritatem
1795 1571 1886 1624 per
1925 1556 2117 1626 figuras

546 1645 930 1716 splendentem.
958 1645 1239 1714 Serpentes
1265 1644 1577 1699 mordebant
1602 1643 1735 1699 ﬁlios
1755 1644 1936 1713 Israel,
1954 1661 2120 1715 quano

547 1733 616 1787 tlo
647 1735 870 1803 pupulus
910 1736 960 1788 in
994 1735 1278 1804 perniciem
1312 1735 1436 1788 ruit.
1466 1734 1603 1789 Petit
1629 1735 1838 1805 Moyses
1862 1751 1892 1790 a
1926 1736 2033 1791 Deo
2062 1745 2118 1790 ut

547 1824 863 1878 medicinam
891 1824 1174 1878 salutarem
1208 1824 1489 1893 prteberet.
1509 1824 1648 1878 Deus
1678 1825 1872 1879 famulo
1903 1825 2119 1879 medici-

548 1934 669 1973 nam
714 1919 1003 1973 beneﬁcam
1050 1927 1450 1983 commonstrat,
1480 1928 1532 1973 et
1558 1919 1660 1972 ait:
1692 1917 1802 1971 Fac
1844 1928 2117 1988 serpentem

547 2025 769 2073 cneum,
819 2009 1060 2078 illumque
1102 2009 1236 2080 erige
1275 2019 1392 2062 ante
1439 2009 1812 2062 tabernaculum
1854 2003 2118 2063 testimonii

555 2098 739 2168 (Nunt.
767 2100 856 2153 2i.
889 2098 965 2171 8).
1007 2099 1138 2166 Quid
1171 2099 1268 2154 sibi
1297 2101 1407 2153 vult
1437 2098 1536 2153 hoc
1564 2099 1808 2168 signum?
1853 2100 1953 2152 Alii
1995 2109 2118 2153 sunt

550 2189 852 2242 mordentes
879 2197 1173 2258 serpentes,
1224 2199 1277 2242 et
1319 2188 1450 2241 alius
1495 2202 1590 2256 pro
1631 2187 1732 2240 i'lis
1772 2187 2114 2256 cruciﬁgitur.

551 2278 685 2344 Quid
717 2277 972 2346 signiﬁcat
1002 2278 1260 2346 aenigma?
1300 2276 1425 2346 quid
1457 2292 1562 2344 prae
1601 2291 1659 2331 se
1691 2276 1785 2330 fert
1819 2278 2002 2331 umbra
2033 2278 2116 2330 illa

552 2370 823 2439 mysterii?
844 2367 1298 2434 Quemadmodum
1332 2369 1437 2422 illic
1459 2369 1508 2421 in
1539 2369 1702 2437 ﬁgura
1728 2368 1846 2421 aliis
1874 2367 2122 2420 morden-

554 2461 695 2512 tibus
730 2459 1083 2527 serpentibus,
1129 2458 1264 2513 alius
1312 2458 1398 2527 qui
1443 2473 1548 2512 non
1589 2457 1949 2511 momorderat
1977 2457 2120 2510 cruci

553 2547 743 2602 afﬁxus
771 2558 882 2602 est:
907 2549 983 2602 sic
998 2548 1115 2601 aliis
1143 2547 1480 2616 peccantibus
1507 2547 1808 2601 hominibus
1836 2562 1929 2615 pro
1952 2546 2124 2600 omni-

553 2639 652 2693 bus
681 2653 929 2707 passurus
955 2647 1039 2692 est
1063 2638 1316 2691 innocens
1341 2636 1513 2691 Jesus.
1539 2635 1641 2690 Pro
1663 2637 2015 2705 serpentibus,
2033 2637 2120 2703 qui

555 2728 890 2794 mordebant,
922 2742 1141 2796 serpens
1173 2727 1418 2780 innoxius
1442 2724 1799 2794 cruciﬁgitur;
1833 2740 1928 2794 pro
1950 2725 2121 2792 nobis,

556 2819 646 2888 qui
677 2819 834 2872 morti
861 2817 1188 2887 subjicimur,
1213 2818 1278 2882 is,
1297 2818 1385 2886 qui
1413 2817 1568 2869 morti
1589 2830 1693 2869 non
1720 2815 1987 2883 subjectus
2005 2814 2123 2881 fuit,

555 2907 899 2977 cruciﬁgitur.
931 2907 1082 2973 Quod
1113 2906 1366 2975 prazclare
1393 2921 1514 2960 cum
1554 2906 1670 2959 aliis
1691 2904 1852 2959 Isaias
1884 2904 2127 2973 praedixit

557 3002 610 3054 in
640 3000 781 3054 hunc
807 3000 1020 3054 modum
1043 3017 1055 3052 :
1082 2998 1187 3050 Pro
1215 3001 1430 3068 peccatis
1458 2999 1633 3066 populi
1657 2999 1786 3050 venit
1810 2999 1860 3049 in
1885 3006 2126 3059 mortem;

557 3101 632 3156 et,
659 3091 906 3145 Dominus
933 3091 1136 3144 tradidit
1163 3092 1380 3158 aeipsum
1410 3107 1500 3158 pro
1528 3090 1740 3160 peccatis
1772 3091 1952 3143 nostris
1975 3088 2022 3153 (1
2031 3091 2125 3142 sai.

560 3183 648 3237 55.
682 3181 766 3235 l2.
812 3181 890 3251 6).
937 3180 1264 3234 Testimonio
1291 3179 1648 3233 conﬁrmanda
1691 3179 1880 3232 iterum
1910 3188 1990 3232 est
2016 3193 2131 3248 my-

561 3273 708 3327 stcrii
733 3272 885 3326 ratio.
914 3270 1369 3337 Quemadmodum
1401 3270 1508 3323 illic
1535 3269 1623 3324 alii
1651 3280 1927 3338 serpentes
1960 3281 2130 3337 erant,

563 3365 651 3433 qui
671 3363 1001 3429 mordebant,
1025 3363 1158 3416 alius
1179 3362 1267 3432 qni
1289 3361 1630 3430 suﬂigebatur
1650 3379 1662 3415 :
1683 3360 1752 3414 ita
1770 3371 1823 3415 et
1845 3361 1926 3415 hic
1948 3377 2130 3416 omnes

564 3463 934 3526 peccaverant,
965 3466 1018 3510 et
1039 3469 1173 3508 unus
1197 3469 1291 3522 pro
1311 3453 1554 3506 omnibus
1584 3452 1929 3522 cruciﬁgitur.
1964 3453 2134 3507 [Iabes

569 3547 889 3611 secundam;
916 3546 1008 3601 sed
1034 3557 1086 3600 et
1109 3545 1315 3601 tertiam
1335 3544 1615 3614 imaginem
1646 3544 1940 3599 considera.
1965 3544 2028 3598 1η
2052 3561 2136 3598 ore

567 3638 780 3691 duorum
819 3639 894 3691 vel
923 3637 1072 3690 trium
1102 3637 1320 3701 testium,
1351 3636 1498 3690 stabit
1537 3651 1680 3688 omne
1723 3635 1924 3688 verbum
1960 3633 2133 3704 (Deut.

569 3727 796 3797 19.15).
840 3729 1014 3793 Quare
1050 3727 1373 3797 cruciﬁgitur
1424 3739 1641 3793 serpens
1682 3726 1895 3779 anticus?
1933 3724 2001 3780 Ut
2042 3727 2137 3779 ab-

573 3820 816 3875 oleantur
859 3834 1071 3874 morsus
1094 3819 1436 3886 serpentium.
1467 3816 1622 3870 Aliud
1652 3831 1776 3885 ergo
1805 3823 1890 3870 est
1915 3816 2052 3885 quod
2087 3816 2138 3868 in

573 3924 787 3964 crucem
815 3909 1029 3974 tollitur,
1060 3917 1113 3962 et
1150 3907 1253 3961 alia
1283 3922 1401 3976 qua:
1429 3906 1724 3960 abolentur.
1756 3908 1944 3959 Annon
1975 3905 2140 3974 sig-i-

575 4001 870 4054 ticationem
903 3999 1138 4055 veritatis
1159 3997 1568 4053 animadvertis?
1584 4011 1758 4050 annon
1785 3997 1931 4066 quasi
1953 3996 2050 4049 sub
2067 3997 2145 4049 in—

576 4093 792 4146 voluero
818 4092 1103 4159 Scriptura:
1132 4091 1236 4142 vim
1255 4090 1566 4144 oeconomia:
1591 4086 1878 4158 perspicis?
1898 4087 2145 4140 Sublatus

579 4185 632 4238 in
657 4197 867 4238 crucem
898 4190 996 4246 est,
1028 4180 1214 4250 inquit,
1239 4195 1419 4233 aeneus
1447 4193 1686 4246 serpens,
1727 4187 1781 4230 ut
1808 4177 2148 4230 abolerentur

581 4288 793 4328 morsus
812 4272 1131 4337 draconum;
1158 4269 1441 4325 cruciﬁxus
1467 4278 1549 4323 est
1575 4267 1839 4330 Christus,
1865 4277 1917 4319 ut
1945 4266 2146 4319 daemo-

583 4381 707 4419 num
736 4363 1073 4435 operationes
1096 4369 1385 4416 cessarent.
1415 4359 1565 4414 Alius
1595 4367 1675 4411 cst
1701 4372 1921 4425 serpens
1948 4357 2034 4409 ille
2062 4357 2149 4424 qui

582 4455 825 4523 erigitur,
863 4452 951 4506 alii
993 4452 1082 4521 qui
1124 4450 1545 4520 comprimuntur
1583 4446 1871 4511 dracones;
1903 4445 2035 4498 alius
2063 4443 2150 4513 qui

584 4547 727 4599 cruci
754 4542 945 4598 afﬁxus
972 4551 1053 4597 est
1073 4540 1334 4603 Christus,
1366 4547 1418 4593 et
1438 4538 1523 4591 alii
1547 4535 1633 4606 qui
1660 4535 1938 4590 abolentur
1958 4533 2156 4587 daemo-

585 4648 702 4688 nes.
737 4633 803 4687 Et
831 4629 1274 4702 quemadmodum
1301 4628 1409 4682 illic
1437 4627 1609 4696 imago
1639 4626 1919 4694 serpentis,
1946 4624 2033 4693 qui
2059 4638 2154 4694 ap-

589 4723 827 4792 parebat,
856 4735 1064 4776 morsus
1086 4728 1413 4788 serpenttum
1443 4715 1692 4782 abolevit,
1727 4715 1795 4768 ita
1817 4723 1870 4768 et
1898 4715 1982 4768 hic
2011 4729 2156 4768 mors

588 4810 784 4864 Christi
813 4817 1037 4863 mortem
1068 4807 1294 4870 sustulit,
1327 4814 1380 4860 et
1398 4806 1670 4860 daemonas
1701 4803 2017 4873 proﬂigavit.
2049 4803 2159 4856 Me-

592 4903 694 4956 rito
717 4902 891 4970 itaque
918 4901 1169 4955 Servator
1192 4897 1473 4967 imaginem
1502 4895 1601 4950 sibi
1624 4894 1879 4963 adaptans
1906 4894 2070 4948 dixit:
2095 4894 2163 4946 Et

593 4996 718 5046 sicut
742 4991 943 5060 Mat/ses
971 4991 1205 5043 exultavit
1233 4997 1507 5057 serpentem
1535 4987 1587 5038 in
1617 4986 1830 5049 deserto,
1858 4985 1927 5036 ita
1952 4984 2164 5037 exaltari

597 5092 784 5152 oportet
812 5079 999 5134 Filium
1027 5081 1261 5143 hominis,
1288 5088 1343 5130 ut
1371 5077 1550 5141 omnis,
1593 5075 1678 5143 qui
1721 5075 1876 5127 credit
1900 5075 1951 5126 in
1976 5075 2161 5142 ipsum,

596 5190 696 5227 non
723 5180 910 5241 pereat,
940 5169 1027 5221 sed
1055 5169 1229 5220 habeat
1251 5169 1400 5220 vitam
1419 5176 1655 5220 cateruam
1677 5164 1853 5232 (Joan.
1872 5165 1924 5218 5.
1948 5164 2030 5216 14.
2054 5163 2165 5232 15).

598 5264 792 5328 llabes,
825 5262 894 5316 mi
921 5260 1102 5323 frater,
1135 5258 1344 5312 beatum
1374 5258 1606 5328 Moysem
1637 5256 1736 5308 alia
1763 5254 1926 5323 ﬁgura
1956 5269 2168 5308 crucem

600 5339 1048 5417 subindicantcm;
1096 5366 1201 5420 quo
1247 5357 1422 5402 autem
1468 5357 1642 5416 pacto,
1695 5345 1836 5400 audi.
1871 5345 1975 5399 Eos
2003 5344 2166 5409 enim,

602 5449 691 5516 qui
731 5444 797 5500 de
829 5458 984 5499 cruce
1013 5443 1317 5510 loquuntur,
1350 5438 1545 5492 multas
1575 5435 1814 5507 mysterii
1841 5433 2170 5502 contempla-

605 5542 775 5594 tiones
807 5539 855 5590 in
885 5535 1115 5591 medium
1142 5532 1332 5586 all‘erre
1353 5538 1578 5599 oportet.
1607 5528 1854 5583 lsraelitis
1881 5528 1933 5581 in
1962 5527 2173 5581 deserto

665 5673 739 5734 (a)
769 5678 917 5734 Juxta
940 5664 1373 5734 Sa_vil._leg_endum
1407 5671 1515 5721 est,
1551 5667 1709 5722 Petro,
1730 5669 1780 5711 et
1819 5663 2013 5723 reipsa,
2052 5645 2173 5720 apo-1

605 5726 797 5786 Petrum
818 5733 968 5781 verba
991 5726 1442 5790 laudata'leguutur.

1977 360 2340 420 SEVERIANI

3692 371 3806 427 504

2224 473 2421 528 bellum
2449 470 2674 529 intulere
2697 470 3007 541 alienigena:
3030 471 3268 543 quidam,
3309 471 3617 528 Amalecita
3643 473 3792 528 dicti.

2218 561 2423 633 Moyses
2447 569 2624 616 autem
2649 560 2832 616 Jesum
2857 561 3020 628 Nave,
3050 562 3230 632 populi
3259 562 3471 628 ducem,
3500 573 3556 617 et
3587 578 3797 617 succes-

2219 666 2397 705 sorem
2428 666 2602 715 suum,
2644 660 2905 706 armatum
2935 651 3194 719 proﬁcisci
3217 651 3388 720 jubet,
3431 651 3547 719 ipso
3590 652 3795 704 interea

2220 740 2271 793 in
2301 749 2481 795 monte
2508 740 2751 794 manibus
2796 741 3044 808 expansis
3089 749 3355 794 manente.
3395 739 3527 794 Nam
3554 740 3628 793 ait
3653 738 3796 793 Scri-

2221 839 2370 899 ptura
2396 847 2408 882 :
2439 848 2457 881 ε
2487 829 2697 900 Moyses
2713 829 2949 884 ascendit
2974 830 3025 882 in
3044 836 3299 896 montem,
3329 838 3380 883 et
3406 830 3657 899 expandit
3680 844 3793 881 ma-

2218 933 2318 974 nus
2340 933 2482 972 suas.
2516 919 2580 972 Et
2611 922 2798 972 factum
2821 929 2922 984 est,
2954 934 3074 972 cum
3103 920 3411 974 extenderet
3440 935 3650 983 manus,
3676 920 3795 972 vin-

2219 1009 2369 1064 cebat
2399 1009 2588 1073 Israel;
2617 1018 2670 1064 et
2696 1023 2814 1064 cum
2839 1010 3128 1063 dimitteret
3167 1025 3196 1062 a
3239 1025 3493 1080 corporea
3535 1011 3796 1076 gravitate

2218 1102 2408 1166 victus,
2453 1100 2699 1155 vincebat
2727 1101 2942 1153 Amalec
2976 1120 2993 1151 ι
3025 1099 3220 1168 (Exod.
3267 1102 3352 1154 l7.
3388 1101 3499 1169 11).
3529 1100 3666 1166 Quid
3693 1100 3796 1153 sibi

2219 1190 2331 1242 vult
2360 1190 2472 1242 haec
2495 1187 2927 1257 ﬁgura?Judueus
2948 1191 3122 1240 statim
3154 1198 3417 1253 metuens,
3444 1203 3509 1241 ne
3541 1203 3635 1256 per
3666 1186 3800 1241 ima-

2219 1283 2390 1350 ginem
2431 1282 2594 1350 gloria
2634 1281 2805 1334 crucis
2841 1279 3036 1333 Christi
3078 1279 3339 1348 efl'ulgeat,
3375 1279 3468 1343 ait,
3515 1279 3650 1332 Nihil
3682 1278 3800 1332 haec

2219 1371 2382 1441 ﬁgura
2417 1371 2642 1440 pertinet
2667 1370 2730 1423 ad
2761 1384 2844 1435 ea,
2885 1385 3001 1438 qua:
3048 1379 3101 1422 tu
3147 1368 3418 1422 fabularis.
3469 1369 3800 1422 Precationis

2219 1459 2384 1529 ﬁgura
2414 1468 2530 1512 erat
2555 1459 2641 1511 illa
2670 1458 2856 1521 forma,
2884 1473 2989 1511 non
3022 1457 3283 1526 imaginis,
3329 1465 3488 1526 prout
3515 1465 3566 1510 tu
3597 1457 3798 1526 Opina-

2220 1552 2316 1605 ris.
2348 1549 2498 1617 Quod
2534 1549 2577 1602 si
2607 1549 2676 1601 ita
2707 1558 2807 1612 est,
2836 1549 2878 1601 si
2917 1563 3039 1602 vere
3066 1548 3281 1600 victoria
3323 1545 3411 1600 illa
3442 1548 3641 1600 fructus
3671 1561 3799 1615 pre-

2221 1642 2445 1697 cationis
2490 1640 2605 1705 fuit,
2635 1655 2729 1694 cur
2754 1639 3024 1707 Scriptura
3055 1654 3159 1692 non
3197 1639 3482 1707 precationi
3517 1638 3798 1691 victoriam

2220 1731 2501 1800 adscripsit
2531 1731 2658 1798 (non
2704 1731 2845 1783 enim
2890 1729 2965 1782 ait
3005 1726 3462 1797 Scriptura2Cum
3491 1736 3801 1795 precaretur

2220 1821 2459 1891 Moyses:
2485 1819 2611 1873 illud
2633 1819 2773 1872 enim
2806 1832 2930 1872 vere
2945 1818 3226 1888 signiﬁcat,
3245 1817 3513 1872 victoriam
3539 1831 3641 1869 non
3667 1815 3799 1869 fuis-

2220 1925 2280 1966 se
2309 1910 2627 1980 precationis
2652 1905 2924 1977 fructum),
2959 1907 3050 1961 sed
3080 1906 3333 1960 adscribit
3353 1906 3563 1975 imagini
3589 1904 3799 1973 ﬁgunt!-

2222 2018 2324 2072 que
2353 2001 2639 2056 manuum‘l
2677 2000 2809 2054 Cum
2836 2000 2976 2053 enim
3007 2013 3194 2052 manus
3235 1997 3535 2051 demitteret
3566 1997 3793 2068 Moyses,

2222 2096 2568 2165 superabatur
2619 2091 2809 2155 Israel;
2853 2105 2972 2146 cum
3024 2089 3364 2158 expanderet,
3419 2087 3798 2156 proﬂigabatur

2223 2187 2456 2243 Amalec.
2485 2186 2615 2240 Nam
2648 2185 2690 2238 si
2720 2183 2770 2238 id
2801 2183 3086 2252 precationi
3112 2180 3516 2235 adscribendum
3543 2189 3678 2236 erat.
3710 2179 3795 2232 di-

2223 2293 2347 2334 cere
2372 2277 2728 2348 oportuisset:
2757 2274 2824 2327 Et
2850 2288 2968 2327 cum
3009 2271 3321 2340 precabatur
3358 2270 3584 2340 Moyses,
3613 2269 3796 2322 vince-

2223 2369 2333 2425 bat.
2360 2368 2486 2432 Sed,
2534 2375 2592 2419 ut
2629 2365 2757 2428 dixi,
2794 2362 3092 2431 precatione
3118 2360 3333 2425 omissa,
3363 2374 3466 2412 non
3496 2357 3710 2426 quidem
3743 2365 3798 2408 ιιι

2226 2459 2417 2522 inutili,
2442 2456 2532 2511 sed
2564 2464 2620 2508 ut
2660 2469 2778 2522 qua:
2807 2451 3020 2520 imagini
3046 2449 3222 2504 crucis
3247 2448 3439 2504 cedere
3466 2446 3709 2508 deberet,
3742 2447 3800 2497 ﬁ-

2226 2564 2370 2617 gurae
2394 2557 2444 2600 et
2473 2546 2622 2614 signo
2650 2542 2920 2596 victoriam
2950 2538 3220 2593 adscribit.
3244 2537 3462 2604 Quando
3483 2539 3625 2590 enim
3649 2536 3798 2604 Moy-

2227 2652 2313 2690 ses
2337 2633 2671 2701 expandchat
2698 2645 2905 2690 manus,
2933 2629 3173 2681 vincebat
3199 2627 3379 2681 Israel.
3408 2626 3542 2691 Quid
3566 2626 3664 2678 sibi
3691 2626 3800 2676 vult

2228 2741 2458 2796 expansa
2507 2721 2726 2776 manus?
2777 2720 3009 2788 Depinge
3040 2718 3133 2772 tibi
3180 2733 3370 2771 manus
3412 2729 3695 2786 expansis,
3745 2724 3802 2766 ut

2230 2815 2595 2886 splendentem
2628 2810 2912 2865 adoranda:
2941 2809 3126 2862 Crucis
3157 2808 3436 2877 imaginem
3467 2806 3666 2859 videas.
3701 2804 3798 2858 Ve-

2231 2923 2347 2962 rum
2376 2904 2688 2974 defatigatus
2712 2911 2811 2965 est,
2843 2901 3009 2968 inquit
3041 2899 3332 2968 Scriptura,
3362 2898 3598 2967 Moyses;
3631 2906 3804 2963 neque

2233 2998 2371 3052 enim
2395 3009 2582 3049 manus
2610 3006 2862 3062 corporea
2885 2990 3146 3059 gravitate
3169 2989 3320 3042 victae
3349 2988 3488 3039 illam
3517 2985 3803 3053 imaginem

2233 3087 2497 3140 sustinere
2536 3091 2799 3152 poterant.
2829 3080 2963 3146 Quid
3006 3079 3170 3147 ergo?
3216 3077 3313 3143 Ne,
3345 3078 3515 3129 soluta
3549 3074 3796 3142 imagine,

2236 3176 2450 3230 victoria
2473 3187 2682 3243 quoque
2707 3172 3060 3234 antitteretur,
3094 3169 3357 3222 sustinent
3395 3169 3573 3220 Aaron
3617 3176 3669 3218 et
3708 3163 3798 3224 Or,

2236 3267 2568 3333 allevantque
2595 3277 2784 3316 manus
2805 3263 2937 3329 ejus,
2968 3276 3055 3325 ne,
3085 3267 3432 3313 evanescente
3463 3255 3712 3324 imagine,
3735 3253 3809 3304 ri—

2237 3358 2400 3413 ctoria
2432 3369 2642 3425 quoque
2689 3353 3008 3407 elaberetur.
3055 3349 3162 3404 Cur
3209 3349 3424 3400 omnino
3453 3347 3630 3399 Aaron
3661 3356 3713 3396 et
3741 3342 3810 3394 Or

2239 3459 2426 3501 manus
2452 3442 2790 3498 sullulciunt?
2813 3445 3010 3506 Aaron,
3038 3440 3246 3500 fratres,
3266 3435 3578 3490 sacerdotali
3597 3448 3812 3486 mum-re

2240 3535 2589 3605 fungebatur;
2619 3531 2694 3586 Or
2717 3546 2848 3584 vero
2873 3530 3027 3598 regia:
3049 3529 3220 3582 tribus
3245 3526 3616 3595 cognationem
3653 3522 3809 3575 habe-

2242 3628 2351 3682 bat.
2385 3625 2566 3692 Itaque
2589 3622 2871 3690 imaginem
2898 3619 3069 3673 crucis
3098 3616 3449 3670 sacerdotium
3496 3625 3548 3667 et
3595 3624 3810 3680 regnum

2243 3718 2408 3772 instar
2419 3713 2703 3768 satellitum
2722 3712 2938 3778 stipant.
2963 3713 3033 3762 Ac
3050 3705 3496 3778 quemadmodum
3516 3719 3637 3756 cum
3656 3712 3814 3754 trans-

2247 3807 2558 3875 ﬁguraretur
2610 3802 2864 3856 Dominus
2905 3800 2955 3852 in
3002 3810 3198 3862 monte,
3234 3799 3329 3850 visi
3367 3804 3491 3848 sunt
3521 3795 3733 3863 Moyses
3766 3801 3816 3845 et

2250 3898 2390 3951 Elias
2420 3911 2447 3948 a
2475 3894 2674 3948 dextris
2708 3903 2760 3945 et
2787 3906 2814 3942 a
2846 3891 3099 3953 sinistris,
3141 3897 3198 3941 ut
3238 3886 3434 3956 regiam
3461 3884 3657 3936 Christi
3688 3883 3816 3935 ima-

2247 3987 2422 4056 ginem
2455 3985 2602 4052 quasi
2644 3982 2898 4036 satellites
2925 3980 3210 4046 stiparent:
3236 3977 3309 4029 sic
3334 3975 3493 4028 etiam
3526 3973 3615 4026 hic
3645 3976 3817 4026 Aaron

2251 4074 2527 4130 sacerdotii
2557 4072 2796 4126 ordinem
2825 4070 3072 4123 obtinens
3111 4066 3253 4121 cruci
3283 4064 3474 4127 adstat,
3504 4072 3556 4116 ct
3582 4063 3822 4117 simibter

2252 4167 2325 4221 Or
2361 4167 2582 4234 primum
2627 4163 2785 4231 regia:
2833 4159 3102 4227 dignitatis
3145 4156 3326 4209 ﬂorem
3369 4153 3570 4206 habens
3615 4166 3819 4206 crucem

2253 4261 2431 4327 stipat.
2464 4257 2584 4310 [lare
2605 4271 2634 4308 a
2663 4271 2746 4307 me
2789 4254 2925 4306 dicta
2971 4260 3114 4312 sunt,
3150 4258 3204 4300 ut
3227 4245 3524 4307 ostendam,
3558 4241 3825 4312 quomodo

2257 4349 2446 4419 priscis
2477 4346 2582 4399 illis
2609 4345 2842 4413 patribus
2869 4340 3078 4410 pietatis
3119 4339 3288 4404 imago
3332 4333 3490 4386 fuerit
3531 4332 3822 4399 proposita,

2258 4452 2463 4492 necnon
2495 4451 2650 4504 quam
2680 4433 2937 4484 honorata
2965 4429 3030 4481 ab
3060 4427 3164 4479 illis
3181 4424 3335 4479 fuerit
3361 4423 3678 4476 oeconomia:
3705 4421 3827 4488 ﬁgu-

2259 4543 2336 4581 ra.
2367 4526 2425 4580 Si
2454 4534 2628 4579 autem
2663 4522 2734 4574 illi
2761 4521 2849 4589 qui
2878 4514 3322 4587 praenuntiabant,
3353 4520 3495 4564 tanta
3520 4525 3646 4564 cum
3680 4509 3829 4562 laude

2264 4618 2404 4671 illam
2429 4613 2802 4684 praedicarunt,
2831 4621 2884 4663 et
2913 4624 3031 4661 cum
3055 4613 3202 4659 tanto
3229 4604 3430 4655 honore
3461 4597 3830 4668 pra‘signiﬁca-

2264 4715 2390 4762 runt
2417 4723 2428 4758 :
2457 4719 2560 4773 quo
2589 4717 2682 4756 ore
2711 4715 2807 4753 nos
2839 4697 3045 4751 Domini
3075 4709 3284 4748 crucem
3316 4692 3658 4757 divinamque
3698 4688 3830 4740 illam

2267 4795 2616 4853 (Bconomiatn
2644 4791 2897 4847 convenit
2923 4785 3229 4841 celebrare?
3251 4783 3363 4836 Non
3392 4782 3579 4850 ignoro
3609 4794 3706 4833 vos
3728 4795 3832 4832 ma-

2269 4904 2372 4957 gno
2399 4885 2663 4941 desiderio
2693 4883 2857 4936 teneri
2889 4881 3067 4932 talium
3105 4876 3429 4938 orationum,
3458 4873 3652 4940 quibus
3679 4885 3832 4924 sacrae

2271 4979 2549 5046 theologia)
2588 4977 2832 5044 dogmata
2878 4972 3238 5037 explicantur:
3267 4976 3322 5019 at
3361 4981 3478 5034 quae
3525 4980 3667 5018 nunc
3705 4964 3832 5017 dicta

2274 5078 2396 5125 sunt
2426 5069 2530 5122 illis
2560 5077 2682 5121 sunt
2710 5063 2905 5117 afﬁnia.
2941 5060 3185 5128 Ejusdem
3214 5059 3352 5110 enim
3375 5057 3536 5109 animi
3559 5066 3642 5110 est
3660 5065 3837 5108 etcre-

2274 5176 2389 5215 cem
2423 5157 2730 5226 praedicare,
2759 5162 2812 5205 et
2843 5149 3170 5218 unigenitum
3205 5147 3369 5200 Deum
3414 5144 3646 5198 Verbum
3676 5143 3835 5196 laudi-

2279 5252 2375 5305 bus
2402 5247 2673 5301 extollere.
2703 5240 3058 5307 Quamobrem
3087 5239 3199 5291 sive
3227 5235 3556 5290 divinitatem
3581 5231 3834 5300 Unigeniti

2277 5340 2531 5401 celebres,
2563 5337 2674 5388 sive
2700 5333 2814 5400 ejus
2839 5329 3187 5384 oeconomiam
3221 5328 3472 5390 honores,
3504 5339 3607 5376 una
3632 5322 3836 5376 eadem-

2279 5445 2380 5499 que
2403 5436 2484 5482 est
2504 5424 2711 5494 pietatis
2736 5418 3138 5474 demonstratio.

2352 5522 2404 5574 4.
2445 5519 2703 5571 Caeterum
2727 5511 2937 5581 quando
2964 5523 3198 5572 crucem,
3221 5503 3429 5575 quando
3449 5503 3688 5571 corporis
3708 5515 3839 5553 mcu-

2283 5610 2512 5666 nomiam
2541 5607 2714 5668 audis,
2758 5613 2992 5656 mentem
3023 5600 3167 5667 erige
3195 5598 3258 5649 ad
3289 5595 3670 5649 sublimitatem
3704 5603 3840 5660 pote-

2287 5701 2437 5757 statis
2462 5697 2748 5766 Unigeniti.
2780 5694 2855 5749 Ne
2887 5694 2976 5747 illa
3010 5692 3195 5761 ﬁgura,
3223 5703 3342 5759 qua:
3367 5686 3454 5740 hic
3486 5685 3560 5740 tui
3597 5698 3748 5739 causa
3771 5682 3840 5733 fa-
