3984 6430
177 355 296 412 503

183 464 385 532 δειγμα
426 465 517 516 τοῦ
567 468 967 539 ἐπικαταράτου
1014 469 1211 539 ὄφεως·
1241 474 1375 543 πρὸς
1403 477 1458 528 δὲ
1491 478 1552 530 16
1585 481 1767 532 πεῖσαι

181 553 312 612 τοὺς
333 551 479 613 υἰοὺς
499 553 596 620 τῆς
619 553 918 618 εὐσεϐείας,
952 557 1004 609 τί
1033 558 1234 629 δήποτε
1262 559 1322 614 16
1344 562 1528 631 σχῆμα
1549 564 1644 616 τοῦ
1663 566 1772 616 ὲπιο

186 632 501 701 καταράτου
524 635 700 702 ὄφεως
721 635 882 690 εἰκὼν
916 639 1132 704 ἐγένετο
1161 641 1254 694 τοῦ
1293 648 1770 714 προσκυνουμένου

185 717 444 783 Χριστοῦ.
488 719 578 769 Διὸ
609 720 689 771 δεῖ
721 723 812 772 καὶ
838 723 987 790 ἡμᾶς
1023 725 1198 777 εἰπεῖν
1229 727 1368 796 μετὰ
1401 729 1653 798 σπουδῆς,
1679 732 1766 782 κα)

183 799 332 867 ὑμᾶς
356 799 585 853 ἀκοῦσαι
619 803 754 870 μετὰ
790 805 1113 875 προθυμίας.

254 880 324 946 γ’.
349 881 523 933 Είκὼν
549 879 636 952 ἦν,
660 884 894 952 ἀδελφοὶ,
930 887 1029 955 τῆς
1050 889 1144 942 τοῦ
1164 890 1399 961 σταυροῦ
1421 895 1726 963 οἰκονομίας
1742 896 1770 947 6

180 960 351 1023 τύπος
382 963 474 1014 τοῦ
497 965 690 1030 ὄφεως.
717 968 871 1020 Κατὰ
895 969 951 1021 δὲ
975 970 1066 1023 τὸν
1095 960 1316 1040 τρόπον,
1356 972 1540 1044 ὥσπερ
1565 960 1769 1039 ἐκεῖνος

182 1046 210 1096 6
237 1045 409 1108 τύπος
439 1047 530 1098 τοῦ
558 1048 735 1115 ὄφεως
767 1052 950 1103 εἰκόνα
985 1053 1080 1120 μὲν
1111 1053 1203 1106 καί⁹
1232 1053 1532 1126 ὄψιν,εἰχεν
1566 1059 1760 1125 ὄφεως,

184 1129 266 1180 ἰὸν
295 1128 352 1180 δὲ
385 1130 479 1181 καὶ
514 1132 778 1200 πονηρίαν
800 1134 898 1185 οὐκ
921 1129 1062 1204 εἶχεν
1087 1136 1283 1202 ὄφεως·
1317 1138 1458 1192 οὑτω
1492 1142 1626 1192 καὶὸ
1653 1141 1764 1193 Σω·

177 1211 307 1281 τὴρ,
344 1209 498 1282 [515]
531 1215 668 1266 κατὰ
698 1215 786 1266 τὸν
823 1214 962 1276 θεῖον
1005 1216 1340 1279 Ἀπόστολον,
1377 1221 1434 1271 ἐν
1463 1222 1762 1291 ὁμοιώματι

182 1297 387 1366 σαρκὸς
413 1297 686 1367 ἁμαρτίας
707 1300 1010 1364 ἐπιφανεὶς,
1035 1299 1138 1363 ἔξω
1161 1302 1349 1369 γέγονε
1373 1302 1554 1373 11611};
1585 1307 1763 1373 ἀμαρ-

178 1381 322 1440 τίας·
352 1380 536 1444 καθὼς
568 1382 662 1433 καί
686 1382 714 1432 6
750 1383 1018 1452 μακάριος
1065 1386 1291 1448 Ἡσαΐας
1325 1389 1533 1456 συνῳδὰ
1558 1388 1634 1458 τῷ
1659 1406 1764 1458 μα-

179 1465 358 1533 καρίῳ
387 1463 584 1532 Παύλῳ
617 1463 983 1532 φθεγγόμενός
1014 1482 1197 1536 φησιν·
1223 1469 1321 1532 ’ος
1342 1471 1630 1538 ἁμαρτίαν
1654 1472 1764 1526 οὐκ

175 1547 492 1612 ἐποίησεν,
532 1545 674 1597 οὐδὲ
709 1547 920 1614 εὑρέθη
955 1548 1134 1616 δόλος
1177 1550 1246 1602 ὲν
1273 1551 1352 1612 τῷ
1381 1554 1632 1621 στόματι
1655 1555 1762 1606 αὺ-

177 1628 309 1682 τοῦ.
342 1629 498 1680 Κατὰ
545 1629 635 1680 τὸν
675 1629 902 1683 Ἡσαΐαν
934 1633 1077 1701 ἔχεις
1129 1635 1257 1703 μίαν
1281 1636 1484 1688 εἰκόνα·
1511 1636 1632 1689 ὲλθέ
1675 1656 1762 1706 μοι

179 1713 277 1764 καὶ
309 1712 392 1779 ἐφ’
422 1712 620 1780 ἑτέραν
675 1712 879 1764 εἰκόνα.
920 1714 1092 1766 Βλέπε
1138 1716 1225 1770 διά
1269 1718 1375 1769 τῶν
1401 1719 1586 1771 τύπων
1621 1719 1762 1789 λάμ-

179 1812 394 1847 πουσαν
443 1796 540 1860 τὴν
579 1794 856 1864 ἀλήθειαν.
890 1797 949 1849 Οἰ
981 1797 1131 1866 ὄφεις
1175 1800 1393 1853 ἔδακνον
1444 1803 1569 1864 τοὺς
1617 1804 1763 1866 υἱοὺς

189 1878 428 1948 Ἰσραὴλ,
470 1879 558 1930 ὅτε
598 1878 724 1940 λαὸς
746 1879 950 1949 όλέθρῳ
995 1881 1307 1949 περιέπεσε.
1350 1883 1646 1953 Φάρμακον
1684 1888 1764 1948 εἰς

179 1962 456 2029 σωτηρίαν
488 1961 724 2031 Μωῦσῆς
756 1963 982 2014 ἱκετεύει
1013 1964 1197 2017 δοῦναι
1226 1966 1314 2019 τὸν
1349 1967 1500 2018 Θεόν.
1547 1968 1602 2019 ’0
1629 1967 1762 2032 Θεὸς

178 2045 528 2097 ὑποδείκνυσι
588 2046 668 2117 τῷ
723 2046 1014 2117 θεράποντι
1073 2049 1364 2118 φάρμακον
1421 2052 1759 2122 εὐεργεσίας,

177 2127 276 2180 καί
301 2145 452 2196 φησι·
477 2130 744 2195 Ποίησον
782 2131 922 2198 ὄφιν
962 2130 1252 2198 χαλκοῦν,
1283 2133 1381 2186 καὶ
1421 2134 1620 2200 πῆεον
1653 2137 1760 2187 αὐ-

176 2211 288 2262 τὸν
313 2211 427 2276 πρὸ
467 2209 574 2277 τῆς
619 2211 859 2280 σκηνῆς
900 2213 1006 2266 τοῦ
1031 2216 1382 2284 μαρτυρίου.
1417 2216 1480 2267 Τί
1514 2216 1759 2286 βούλεται

176 2294 239 2345 16
271 2294 605 2362 ὑπόδειγμα;
643 2295 822 2348 Ἀλλοι
867 2298 914 2348 οἰ
950 2296 1236 2361 δάκνοντες
1265 2299 1438 2366 ὄφεις,
1464 2301 1557 2353 καὶ
1605 2301 1760 2364 ἄλλος

175 2377 322 2447 ὑπὲρ
355 2377 535 2429 αὐτῶν
565 2379 982 2450 σταυρούμενος.
1015 2382 1078 2433 Τί
1117 2381 1362 2450 βούλεται
1410 2384 1470 2436 16
1503 2386 1754 2454 αἰνιγμας

173 2461 229 2512 τί
261 2460 654 2526 ἐπαγγέλλεται
697 2463 730 2530 ἡ
773 2461 899 2514 σκιά
950 2462 1043 2514 τοῦ
1095 2465 1392 2535 μυστηρίου
1432 2477 1490 2529 ας
1549 2466 1756 2537 Ὥσπερ

174 2544 313 2603 ἐκεῖ,
350 2543 534 2610 φησὶν,
569 2545 596 2594 6
624 2543 814 2605 τύπος,
843 2544 1018 2597 ἄλλων
1054 2545 1360 2598 δακνόντων
1384 2548 1579 2614 ὄφεων.
1622 2551 1650 2601 6
1683 2549 1755 2618 μὴ

171 2625 386 2677 δάκνων
412 2625 548 2694 μηδὲ
581 2625 788 2694 πλήξας
826 2628 1170 2696 προσήλωται
1197 2628 1272 2696 τῷ
1305 2629 1462 2696 ξύλῳ·
1492 2631 1632 2681 οὑτω
1665 2634 1758 2683 καὶ

171 2707 282 2760 τῶν
331 2708 505 2760 ἄλλων
540 2707 841 2776 ἀνθρώπων
893 2709 1330 2777 ἁμαρτανόντων,
1371 2712 1510 2780 ὑπὲρ
1543 2713 1757 2764 πάντων

173 2789 358 2859 μέλλει
385 2791 614 2857 πάσχειν
645 2793 673 2842 6
715 2791 919 2859 Ἰησοῦς
952 2794 978 2843 ό
1013 2792 1414 2863 ἀναμάρτητος.
1453 2794 1620 2863 ’Υπὲρ
1649 2795 1757 2848 τῶν

169 2873 476 2924 δακνόντων
501 2872 676 2939 ὄφεων
698 2873 818 2940 ὄφις
853 2875 1233 2945 ἀναμάρτητος
1257 2877 1597 2946 σταυροῦται·
1619 2879 1756 2949 ὑπὲρ

171 2955 331 3025 ἡμῶν
393 2955 502 3005 τῶν
539 2955 913 3023 ὑποκειμένων
945 2954 1159 3026 θανάτῳ
1189 2959 1216 3008 6
1244 2958 1482 3027 ἁμαρτία
1516 2958 1588 3028 μὴ
1623 2960 1753 3012 ὐπο-

172 3040 426 3107 κείμενος
450 3037 832 3106 προσηλοῦται.
875 3038 1050 3109 Ὅπερ
1083 3039 1220 3106 μετὰ
1249 3039 1355 3090 τῶν
1387 3040 1558 3092 ἄλλων
1581 3041 1757 3105 καλῶς

171 3120 632 3190 προανεφώνησεν
661 3115 761 3171 ὦδὲ
791 3137 906 3182 πως
949 3119 1175 3183 Ἡσαΐας
1205 3120 1397 3190 λέγων·
1445 3123 1620 3191 ’Υπὲρ
1644 3123 1759 3176 τῶν

169 3205 476 3272 ἁμαρτιῶν
512 3202 616 3255 τοῦ
667 3203 821 3257 λαοῦ
868 3199 1055 3272 ἦλθεν
1086 3207 1173 3270 εἰς
1217 3205 1493 3258 θάνατον·
1534 3208 1645 3271 καὶ,
1694 3207 1757 3260 '0

171 3287 393 3355 Κύριος
438 3287 781 3354 παρέδωκεν
831 3288 1048 3340 ἑαυτὸν
1095 3287 1246 3354 ὑπὲρ
1300 3289 1418 3341 τῶν
1462 3290 1758 3358 ἁμαρτιῶν

174 3371 366 3441 ἡμῶν.
435 3371 914 3442 Ἀναμαρτυρῆσαι
964 3373 1070 3442 χρὴ
1127 3374 1288 3426 πάλιν
1325 3375 1419 3426 τοῦ
1457 3377 1754 3448 μυστηρίου

167 3459 262 3510 τὸν
286 3457 469 3523 λόγον.
506 3457 716 3526 Ὠσπερ
745 3457 863 3508 ὲκεί
890 3455 1037 3508 ἄλλοι
1066 3459 1114 3509 οἰ
1140 3457 1444 3523 δάκνοντες,
1478 3461 1572 3512 καὶ
1600 3461 1756 3525 ἄλλος

167 3543 194 3593 ὁ
230 3538 604 3609 πηγνύμενος·
642 3538 784 3591 οὓτω
818 3541 910 3591 καὶ
947 3538 1180 3592 ἐνταῦθα
1207 3541 1406 3602 πάντες
1427 3542 1474 3594 οἰ
1505 3543 1756 3612 ἁμαρτή-

169 3639 387 3684 σαντες,
417 3622 514 3674 καὶ
541 3615 620 3682 εἷς
644 3623 672 3675 6
707 3622 846 3692 ὑπὲρ
872 3621 1088 3676 πάντων
1119 3623 1535 3694 σταυρούμενος.
1573 3627 1757 3696 Ἔχεις

166 3705 430 3774 δευτέραν
462 3704 664 3756 εἰκόνα·
699 3705 974 3773 σκόπησόν
995 3722 1084 3774 μοι
1105 3705 1198 3757 καὶ
1226 3707 1418 3776 ἑτέραν
1435 3707 1617 3759 εἰκόνα
1643 3708 1756 3778 τρί-

167 3801 290 3856 την·
339 3786 471 3839 Ἑπί
500 3787 795 3853 στόματος
822 3785 928 3838 δύο
964 3787 1060 3839 καὶ
1080 3787 1255 3854 τριῶν
1276 3790 1590 3856 μαρτύρων
1621 3807 1757 3842 στα-

167 3871 419 3936 θήσεται
445 3869 566 3922 πᾶν
586 3868 770 3937 ῥῆμα.
789 3870 884 3922 Διὰ
905 3870 956 3923 τί
986 3870 1309 3940 σταυροῦται
1345 3873 1576 3940 χαλκοῦς
1602 3874 1754 3942 ὄφιςς

170 3956 297 4006 Ἵνα
331 3951 652 4020 καταργηθῇ
679 3954 744 4003 τά
762 3953 1012 4021 δήγματα.
1036 3952 1143 4004 τῶν
1168 3954 1360 4020 ὄφεων.
1397 3956 1557 4006 ’Ἄλλο
1577 3952 1668 4007 οὖν
1697 3957 1757 4008 τὸ

173 4034 414 4104 σταυρού
424 4051 604 4102 μενον,
641 4033 736 4086 καὶ
767 4033 901 4086 ἄλλα
923 4033 990 4086 16
1018 4035 1456 4104 καταργούμενα.
1481 4036 1591 4106 Οὐχ
1624 4039 1756 4107 ὁρᾷς

170 4118 273 4190 τὴν
297 4117 537 4187 ἔμφασιν
569 4118 667 4184 τῆς
695 4115 984 4186 ἁληθείας;
1021 4117 1080 4170 οὐ
1104 4118 1319 4186 βλέπεις
1345 4119 1418 4182 ὡς
1444 4121 1500 4171 ἐν
1533 4120 1756 4190 κρυπτῷ

171 4201 465 4271 γράμματι
489 4199 587 4268 τὴν
609 4198 836 4269 δύναμιν
866 4199 965 4268 τῆς
997 4201 1334 4269 οἰκονομίας;
1381 4201 1755 4272 Ἐσταυρώθη,

171 4284 360 4354 φησὶν,
377 4283 611 4349 ὄφις,ἴνα
629 4282 949 4353 καταργηθῇ
966 4283 1073 4334 τῶν
1086 4283 1388 4353 δρακόντων
1401 4285 1466 4336 τὰ
1482 4285 1754 4355 δήγματα·

169 4366 493 4437 ἐσταυρώθη
518 4367 767 4433 Χριστὸς,
808 4367 893 4418 ἵνα
930 4366 1318 4436 καταργηθῶσι
1358 4367 1463 4419 τῶν
1492 4369 1757 4437 δαιμόνων

171 4453 230 4503 αἰ
250 4450 550 4519 ἐνέργειαι.
577 4448 768 4510 Ἀλλος
804 4449 831 4500 6
861 4449 982 4516 ὄφις
1002 4450 1030 4501 6
1051 4449 1226 4520 πηγνύ
1235 4468 1414 4519 μενος,
1431 4453 1522 4503 καὶ
1543 4451 1691 4504 ἄλλοι
1709 4453 1756 4505 οἱ

169 4533 612 4603 καταργούμενοι
647 4532 959 4600 δράκοντες·
998 4533 1154 4594 ἄλλος
1178 4535 1205 4585 6
1229 4534 1321 4585 ἐπὶ
1360 4534 1594 4604 σταυροῦ
1625 4536 1758 4606 Χρι-

173 4617 317 4680 στὸς,
349 4615 442 4667 καὶ
467 4615 612 4666 ἄλλοι
628 4616 676 4666 οἰ
706 4615 1418 4688 καταργούμενοιδαίμονες.
1448 4619 1552 4671 Καὶ
1570 4617 1758 4689 ὥσπερ

170 4699 290 4750 ἐκεῖ
324 4700 357 4767 ή
393 4696 555 4749 εἰκὼν
594 4697 686 4749 τοῦ
714 4697 889 4766 ὄφεως
933 4697 1026 4750 τοῦ
1072 4700 1396 4770 φαινομένου
1443 4704 1756 4772 κατήργησε

169 4783 239 4834 16
281 4782 536 4852 δήγματα
561 4780 667 4833 τῶν
686 4781 883 4850 ὄφεων,
913 4781 1052 4834 οὕτω
1073 4784 1165 4836 καὶ
1194 4783 1424 4835 ἐνταῦθα
1461 4787 1491 4853 ἡ
1516 4786 1608 4837 τοῦ
1628 4787 1759 4855 Χρι-

177 4864 303 4918 στοῦ
337 4865 601 4933 νέκρωσις
641 4864 735 4915 τοῦ
795 4863 1024 4918 Θανάτου
1083 4866 1270 4933 γέγονε
1320 4867 1606 4936 νέκρωσις,
1665 4869 1760 4920 καὶ

171 4949 279 5000 τῶν
314 4947 586 5015 δαιμόνων
614 4946 953 5016 καθαίρεσις.
1003 4949 1238 5011 Εἰκότως
1262 4944 1351 5001 οὖν
1381 4953 1408 5002 6
1447 4950 1632 5020 Σωτὴρ
1649 4950 1759 5021 τὴν

172 5031 359 5083 εἰκόνα
386 5030 518 5099 πρὸς
541 5031 728 5082 ἑαυτὸν
753 5031 1005 5100 ἁρμόζων
1031 5032 1202 5100 ἔλεγε·
1225 5034 1331 5086 Καὶ
1363 5032 1555 5098 καθὼς
1591 5038 1756 5087 Mm!)-

173 5113 297 5181 σῆς
335 5114 544 5181 ὔψωσε
569 5112 675 5164 τὸν
707 5113 847 5181 ὄφιν
875 5114 943 5165 ἐν
959 5113 1032 5180 τῇ
1062 5114 1276 5183 ἐρήμῳ,
1305 5117 1456 5168 οὓτω
1481 5117 1576 5169 δεῖ
1598 5119 1759 5185 ὑψω-

173 5199 349 5265 θῆναι
379 5199 485 5250 τὸν
517 5197 651 5250 Υιὸν
666 5197 770 5250 τοῦ
792 5197 1124 5264 ἀνθρώπου,
1152 5201 1248 5256 ἵνα
1267 5200 1383 5267 πᾶς
1403 5203 1434 5254 ό
1461 5203 1761 5255 πιστεύων

173 5287 260 5349 εις
301 5283 489 5336 αὑτὸν
518 5281 604 5348 μὴ
645 5281 961 5348 ἀπόληται,
991 5283 1128 5337 ἀλλ’
1160 5284 1271 5352 ἔχῃ
1307 5284 1456 5350 ζωὴν
1499 5285 1756 5340 αἰώνιον.

177 5369 384 5436 Ἔχεις,
416 5364 631 5430 άδελφὲ,
667 5365 936 5434 μακάριον
967 5367 1208 5436 Μωύσῆν
1231 5367 1323 5419 καὶ
1351 5369 1408 5419 ὲν
1431 5368 1600 5438 ἑτέρῳ
1624 5370 1758 5439 σχή-

179 5467 309 5518 ματι
340 5449 430 5499 16v
468 5445 696 5516 σταυρὸν
755 5447 1169 5516 ὑπογράφοντα·
1213 5451 1307 5502 καὶ
1360 5451 1525 5516 ὅπως,
1574 5453 1757 5506 ἄκουε.

176 5535 268 5586 Δεῖ
302 5532 410 5600 γὰρ
453 5532 584 5599 περὶ
632 5529 863 5602 σταυροῦ
895 5530 1151 5598 λέγοντας
1182 5532 1380 5596 πολλὰς
1411 5535 1759 5605 παραστῆσαι

175 5619 267 5674 τοῦ
321 5616 624 5688 μυστηρίου
678 5617 775 5679 τὰς
831 5616 1079 5688 θεωρίας.
1135 5619 1419 5673 Ἐπέθεντό
1479 5639 1606 5674 ποτε
1649 5624 1760 5685 τοῖς

237 5745 264 5775 ⁸
292 5743 414 5807 Reg.
450 5743 537 5794 τοῦ
561 5742 831 5806 μαρτυρίου.

1400 363 1486 419 DE
1528 363 1888 421 SERPENTE
1935 365 2239 432 HOMILIA.

3321 366 3434 421 504

1887 479 2244 550 Ἰσραηλίταις
2278 480 2584 548 ἀλλόφυλοι,
2633 481 2771 534 κατὰ
2799 480 2898 551 τὴν
2934 481 3160 552 ἔρημον·
3199 481 3444 552 Ἀμαλὴκ

1868 560 1924 613 δὲ
1950 561 2131 632 ὄνομα.
2158 567 2272 626 τοῖς
2303 563 2638 633 ἀλλοφύλοις.
2685 564 3021 617 Ἀποστέλλει
3058 564 3294 632 Μωῦσῆς
3336 567 3443 635 Ἰη-

1869 641 1998 694 σοῦν
2027 644 2119 696 τὸν
2150 645 2246 697 τοῦ
2281 646 2458 716 Ναυῆ,
2506 649 2953 716 στρατηγήσοντα
2988 648 3101 707 τοῖς
3128 646 3438 714 ὁμοφύλοις.

1867 726 1960 778 καὶ
1982 725 2189 790 ὁπλίζει
2219 727 2316 796 μὲν
2341 729 2432 780 τὸν
2463 729 2703 797 διάδοχον
2749 726 2962 791 ἑαυτοῦ,
2998 727 3148 797 μένει
3199 727 3253 779 δὲ
3289 727 3440 801 [516]

1866 808 2028 870 αὐτὸς
2053 810 2112 861 ιν
2134 809 2212 877 τῷ
2232 809 2346 880 ὄρει
2368 809 2466 872 16;
2497 815 2684 880 χεῖρας
2719 813 2991 864 ἐκτείνων.
3029 807 3285 877 Μωῦσῆς
3309 811 3438 881 γὰρ,

1865 891 2047 958 φησὶν,
2087 890 2269 956 ἀνέϐη
2308 894 2394 956 εἰς
2431 892 2497 943 τὸ
2525 893 2682 957 ὄρος,
2713 893 2808 944 καί
2830 892 3078 958 ἦπλωσε
3106 892 3210 956 τὰς
3239 891 3440 959 χεῖρας

1864 972 2068 1024 αὑτοῦ·
2099 974 2194 1025 καὶ
2223 972 2456 1040 ἐγένετο
2482 974 2658 1038 ἡνίκα
2683 973 2758 1026 ἂν
2780 974 3035 1037 ἐξέτεινε
3056 972 3318 1042 Μωῦσῆς
3336 973 3440 1037 τὰς

1865 1053 2090 1120 χεζοας,
2136 1056 2306 1107 ἐνίκα
2353 1059 2386 1107 ό
2427 1055 2684 1122 Ἰσραήλ·
2721 1057 2817 1108 καί
2851 1057 3030 1122 ἡνίκα
3060 1058 3137 1110 ἂν
3165 1059 3436 1122 κατετίοη

1865 1135 1969 1198 τὰς
1993 1137 2193 1203 χεῷιις
2225 1137 2345 1189 ὑπὸ
2366 1138 2469 1190 τοῦ
2488 1137 2826 1205 σωματικοῦ
2841 1137 3070 1206 ,βάρους
3095 1138 3436 1205 νικώμενος,

1861 1219 2032 1272 ἐνίκα
2059 1222 2089 1271 ὁ
2126 1221 2410 1289 Ἀμαλήκ.
2468 1221 2530 1272 Τί
2563 1221 2808 1291 βούλεται
2860 1221 2920 1274 16
2949 1221 3159 1290 σχῆμας
3211 1221 3268 1274 Ὀ
3313 1223 3440 1272 Ἰου-

1861 1299 2007 1361 δαῖος
2041 1302 2241 1364 εὐθέως
2276 1302 2626 1373 φοϐούμενος,
2655 1303 2729 1372 μὴ
2758 1302 2946 1373 λάμψῃ
2990 1303 3076 1355 διὰ
3107 1304 3205 1373 τῆς
3233 1302 3440 1367 εἰκόνος

1861 1382 2044 1448 ήδόξα
2095 1385 2186 1436 τοῦ
2228 1387 2460 1456 σταυροῦ
2513 1387 2605 1438 τοῦ
2658 1386 2918 1456 Χριστοῦ,
2954 1386 3141 1448 Οὐδὲν,
3173 1385 3358 1453 φησὶν,
3410 1387 3439 1438 6

1861 1462 2028 1525 τύπος
2061 1465 2171 1534 ἔχει
2204 1467 2311 1518 τῶν
2346 1468 2494 1538 παρὰ
2543 1471 2624 1521 σοὶ
2681 1468 3082 1538 μυθευομένων.
3123 1467 3436 1538 Πρωευχῆς

1860 1541 1926 1614 ἧν
1964 1549 2140 1600 ἐκεῖνο
2163 1549 2223 1600 16
2253 1551 2437 1620 σχῆμα
2478 1552 2667 1612 τύπος,
2695 1553 2796 1604 οὐκ
2830 1552 3055 1611 εἰκόνος,
3091 1549 3166 1612 ὡς
3199 1549 3261 1601 σύ
3301 1550 3436 1600 ὐπο-

1861 1632 2018 1692 νοεῐς.
2050 1632 2158 1684 Καὶ
2185 1633 2235 1685 τί
2268 1633 2488 1704 δήποτε,
2540 1634 2698 1703 εἰπερ
2745 1633 2956 1703 άληθῶς
3001 1635 3081 1686 ὅτι
3123 1633 3330 1702 καρπὸς
3368 1627 3436 1700 ἦν

1859 1710 1960 1780 τῆς
2001 1714 2304 1784 προσευχῆς
2332 1718 2364 1783 ἡ
2394 1715 2537 1785 νίκη,
2588 1717 2649 1767 οὐ
2683 1717 2749 1784 τῇ
2803 1718 3074 1784 προσευχῇ
3121 1715 3219 1786 τὴν
3279 1714 3435 1782 νίκην

1867 1793 2178 1864 ὑπέγραψεν
2204 1799 2232 1848 6
2256 1798 2408 1865 λόγος
2437 1800 2517 1866 (οὐ
2541 1797 2648 1868 γάρ
2670 1793 2821 1850 εἶπεν
2852 1798 3110 1867 ἡΓραφή·
3127 1796 3319 1848 Ἰινίκα
3343 1794 3438 1863 ηὐο

1862 1895 1986 1946 χετο
2017 1881 2273 1950 Μωῦσῆς·
2303 1881 2460 1934 τοῦτο
2487 1882 2594 1954 γάρ
2622 1877 2689 1951 ἦν
2718 1881 3070 1952 γνωρίζοντος
3099 1879 3332 1948 άληθῶς,
3353 1879 3433 1932 ὃτι

1863 1962 2069 2030 καρπὸς
2099 1964 2198 2015 οὐκ
2221 1959 2287 2033 ἦν
2319 1964 2418 2033 τῆς
2444 1964 2751 2033 προσευχῆς
2782 1967 2812 2034 ἡ
2841 1964 3011 2032 νίκηὶ,
3041 1962 3156 2016 ἀλλ’
3189 1961 3220 2031 ἢ
3255 1965 3318 2032 τῇ
3354 1964 3433 2015 εἰ·-

1860 2047 1975 2099 κὸνι
1993 2049 2085 2100 καὶ
2113 2047 2189 2118 τῷ
2209 2049 2447 2118 σχήματι
2478 2048 2585 2101 τῶν
2603 2048 2834 2118 χειρῶνς
2871 2047 3062 2100 Ἠνίκα
3089 2047 3197 2116 γὰρ
3225 2045 3434 2115 καθῆκε

1858 2131 2096 2200 Μωῦσῆς
2127 2131 2226 2193 τάς
2274 2135 2482 2200 χεῖρας,
2537 2133 2736 2200 ἡττᾶτο
2793 2131 2822 2181 6
2881 2129 3114 2199 Ἰσραηλ-
3167 2129 3326 2199 ἡνίκα
3379 2127 3434 2179 δὲ

1857 2213 2048 2282 ἥπλου,
2078 2215 2274 2282 ἡττᾶτο
2309 2215 2336 2266 6
2370 2214 2636 2283 Ἀμαλήκ.
2680 2214 2740 2265 Εἰ
2765 2213 2873 2283 γὰρ
2905 2213 3004 2282 τῆς
3031 2213 3339 2280 προσευχῆς
3367 2203 3434 2277 ἦν

1855 2296 1917 2347 16
1947 2296 2124 2367 ἔργον,
2153 2299 2317 2368 ἐχρῆν
2361 2301 2552 2351 εἰπεῖν·
2586 2298 2694 2351 Καὶ
2733 2298 2898 2368 ἡνίκα
2941 2295 3138 2366 ηύχετο
3173 2293 3433 2362 Μωῦσῆς,

1856 2379 2028 2434 ἐνίκα.
2076 2381 2235 2443 Ἀλλ’,
2270 2381 2345 2444 ὡς
2365 2382 2535 2452 ἔφθην
2567 2381 2754 2440 εἰπὼν,
2774 2382 2871 2451 τὴν
2902 2379 3207 2451 προσευχὴν
3236 2394 3436 2448 παρενο-

1857 2461 2099 2532 θέμενοςτ
2147 2465 2245 2534 οὐχ
2278 2464 2354 2527 ὼς
2384 2465 2677 2535 ἄχρηστον,
2720 2464 2832 2517 ἀλλ’
2865 2465 2940 2526 ὡς
2967 2463 3284 2531 ὀφείλουσαν
3324 2479 3432 2514 πα-

1858 2547 2172 2615 ραχωρῆσαι
2206 2550 2272 2617 τῇ
2307 2549 2472 2600 εἰκόνι
2507 2547 2600 2600 τοῦ
2649 2547 2904 2618 σταυροῦ,
2929 2545 3004 2616 τῷ
3045 2545 3199 2615 τύπῳ
3237 2545 3434 2611 καὶτῷ

1858 2629 2066 2695 σημείῳ
2113 2628 2210 2697 τὴν
2245 2629 2401 2696 νίκην
2445 2630 2770 2698 ὑπογράφει.
2819 2627 3008 2681 Ἥνίκα
3063 2627 3171 2695 γὰρ
3210 2625 3433 2694 ἦπλωσε

1857 2710 2099 2778 Μωῦσῆς
2137 2709 2234 2772 16;
2269 2713 2478 2780 χεῖρας,
2527 2711 2681 2763 ἐνίκα
2715 2711 2745 2762 ό
2789 2709 3025 2780 Ἰσραήλ.
3081 2709 3146 2758 Τί
3187 2706 3431 2776 βούλεται

1853 2792 2164 2862 ἁπλουμένη
2199 2792 2857 2864 χείρςἋναζωγράφησον
2890 2792 3017 2861 παρ’
3049 2791 3224 2859 ἐαυτῷ
3245 2793 3430 2859 χεῖρας

1851 2875 2201 2944 ήπλωμένας,
2235 2876 2320 2927 ἵνα
2355 2876 2469 2947 ἴδῃς
2497 2875 2590 2928 τοῦ
2623 2873 2998 2947 προσκυνητοῦ
3031 2871 3263 2941 σταυροῦ
3291 2873 3430 2942 λάμ-

1853 2974 2060 3010 πουσαν
2089 2958 2186 3027 τὴν
2221 2958 2423 3012 εἰκόνα.
2486 2958 2625 3010 Ἀλλ’
2665 2957 2857 3026 ἔκαμε,
2888 2957 3039 3025 φησὶ,
3076 2953 3334 3021 Μωῦσῆς·
3369 2954 3430 3006 οὐ

1854 3038 1960 3108 γάρ
1989 3040 2340 3109 ὑπούργησαν
2368 3043 2422 3092 αἰ
2447 3043 2626 3111 χεῖρες
2643 3041 2779 3110 πρὸς
2807 3040 2905 3109 τὴν
2938 3039 3121 3091 εἰκόνα
3149 3037 3227 3106 τῷ
3251 3055 3432 3106 σωμα-

1852 3120 1990 3189 τικῷ
2033 3120 2186 3191 βάρει
2222 3121 2539 3192 νικώμεναι.
2571 3121 2634 3172 Τί
2664 3117 2787 3185 οὐνς
2819 3122 2936 3174 Ἵνα
2960 3121 3034 3189 μὴ
3067 3119 3317 3187 λυθείσης
3333 3120 3432 3186 τῆς

1853 3206 2078 3269 εἰκόνος,
2115 3207 2247 3278 λυθῇ
2275 3209 2368 3261 καὶ
2413 3209 2445 3278 ἡ
2491 3207 2636 3276 νίκη,
2685 3208 2898 3260 ἵσταται
2950 3203 3157 3275 Ἀαρὼν
3184 3204 3276 3256 καὶ
3312 3205 3428 3272 Ὢρ,

1854 3294 1946 3348 καὶ
1986 3295 2270 3363 ἐκούφιζον
2295 3295 2458 3350 αὐτοῦ
2487 3297 2586 3359 τὰς
2613 3298 2818 3365 χεῖρας,
2852 3294 2937 3347 ἵνα
2974 3295 3047 3364 μὴ
3078 3295 3110 3362 ἡ
3146 3290 3308 3344 εἰκὼν
3338 3291 3430 3342 τοῦ

1857 3383 2089 3454 σταυροῦ
2131 3384 2475 3453 παρελθοῦσα
2525 3384 2617 3436 καὶ
2664 3382 2988 3451 παυσαμένη
3028 3380 3194 3449 σϐέσῃ
3233 3380 3331 3449 τὴν
3356 3379 3433 3430 νί-

1853 3490 1974 3542 κην.
2014 3471 2114 3525 Διὰ
2139 3473 2188 3525 τί
2218 3473 2273 3524 δὲ
2299 3472 2432 3536 ὅλως
2467 3471 2673 3540 Ἀαρὼν
2703 3471 2796 3524 καὶ
2823 3472 2922 3542 Ὣρ
2951 3469 3047 3532 16;
3085 3471 3270 3538 χεῖρας
3301 3468 3434 3519 ὑπο-

1856 3561 2235 3629 στηρίζουσινς
2296 3560 2526 3627 Ἀαρὼν,
2563 3559 2800 3627 ἀδελφοὶ,
2836 3558 2936 3629 τὴν
2974 3556 3255 3627 ἱερατικὴν
3289 3556 3434 3606 ὲπεῖ-

1855 3668 1948 3722 χεν
1982 3651 2159 3717 ἀξίαν·
2201 3653 2228 3702 ι
2271 3651 2327 3702 δὲ
2358 3653 2457 3720 Ὠρ
2499 3651 2596 3718 τῆς
2646 3647 2926 3718 βασιλικῆς
2977 3644 3148 3714 φυλῆς
3192 3642 3302 3714 εἶχε
3336 3643 3431 3713 τὴν

1857 3738 2194 3805 συγγένειαν.
2227 3739 2521 3808 Δορυφορεί
2549 3737 2722 3790 τοίνυν
2746 3735 2842 3806 τὴν
2868 3734 3052 3786 εἰκόνα
3083 3731 3175 3785 τοῦ
3199 3731 3430 3802 σταυροῦ

1857 3827 2122 3897 ἱερωσύνη
2157 3829 2250 3880 καί⁹
2279 3827 2538 3896 βασιλεία.
2570 3827 2678 3878 Καὶ
2698 3825 2884 3894 ὥσπερ
2914 3822 3430 3893 μεταμορφωθέντος

1854 3913 1947 3965 τοῦ
1974 3913 2176 3982 Κυρίου
2212 3914 2268 3964 ὲν
2290 3913 2364 3982 τῷ
2396 3913 2534 3983 ὄρει,
2565 3911 2719 3981 ὤφθη
2756 3910 2994 3978 Μωῦσῆς
3021 3909 3115 3962 καὶ
3151 3909 3334 3970 Ἠλίας
3369 3909 3432 3959 ἐκ

1855 4001 2044 4064 δεξιῶν
2079 4004 2172 4053 καὶ
2207 4001 2266 4064 ἐξ
2288 4002 2602 4069 εὐωνύμων,
2633 4002 2718 4052 ἵνα
2736 3999 3147 4068 δορυφορήσωσι
3174 3996 3266 4049 τοῦ
3301 3999 3433 4068 X9:-

1857 4085 1982 4138 στοῦ
2013 4085 2112 4156 τὴν
2140 4086 2422 4156 βασιλικὴν
2451 4085 2653 4138 εἰκόνα·
2671 4085 2810 4136 οὑτω
2841 4085 2932 4136 καὶ
2957 4082 3186 4135 ἐνταῦθα
3204 4083 3430 4154 Ἀαρὼν.

1854 4173 1954 4240 τῆς
1977 4175 2247 4242 ἱερατείας
2274 4173 2427 4236 τάξιν
2462 4173 2691 4240 ἐπέχων,
2732 4172 3018 4241 δορυφορεῖ
3054 4169 3144 4221 τὸν
3181 4169 3428 4240 σταυρὸν,

1857 4261 1951 4313 καὶ
1972 4262 2070 4330 Ὢρ
2099 4260 2298 4329 ὁμοίως
2329 4260 2426 4328 τῆς
2458 4259 2738 4327 βασιλικῆς
2768 4258 2904 4325 ἔχων
2932 4257 2990 4308 τὸ
3012 4256 3226 4326 πρῶτον
3253 4257 3428 4320 ἄνθος,

1856 4349 2148 4418 δορυφορεῖ
2164 4347 2251 4399 τὸν
2286 4347 2534 4416 σταυρόν.
2566 4345 2750 4397 Ταῦτά
2776 4362 2862 4414 μοι
2898 4344 3130 4414 εἴρηται,
3151 4343 3236 4395 ἵνα
3251 4344 3428 4408 δείξω,

1856 4435 2005 4497 ὅπως
2034 4437 2143 4496 τοῖς
2201 4435 2437 4502 πατράσι
2484 4435 2594 4495 τοῖς
2623 4431 2865 4502 ἀρχαίοις
2895 4431 3120 4492 ἐκείνοις
3141 4431 3240 4500 τῆς
3276 4433 3432 4483 εὐσε-

1858 4521 2010 4582 ϐείας
2032 4523 2283 4591 εἰσήγετο
2318 4523 2349 4590 ἡ
2382 4521 2563 4584 εἰκὼν,
2585 4521 2678 4572 καὶ
2701 4519 2930 4588 ἐτιμήθη
2953 4519 3044 4570 καὶ
3083 4520 3110 4570 6
3141 4518 3309 4581 τύπος
3333 4518 3432 4588 τῆς

1856 4610 2183 4677 οἰκονομίας.
2226 4609 2286 4660 Εἰ
2314 4609 2368 4660 δὲ
2401 4609 2446 4658 οἰ
2484 4606 3000 4674 προαναφωνοῦντες
3024 4604 3196 4667 οὕτως
3241 4607 3435 4675 ἐκήρυ-

1860 4696 1953 4758 ξαν
1977 4695 2219 4759 ἐνδόξως,
2250 4693 2391 4746 οὕτω
2413 4694 2804 4763 προετύπωσαν
2845 4692 3098 4761 ἐντίμως,
3141 4692 3312 4754 ποίοις
3342 4694 3434 4744 καὶ

1858 4781 2042 4841 πόσοις
2081 4781 2108 4819 δ
2144 4782 2302 4849 ἡμεῖς
2334 4782 2425 4833 καὶ
2465 4781 2711 4849 πηλίκοις
2745 4780 2968 4849 στόμασι
2999 4780 3092 4830 τοῦ
3121 4779 3316 4848 Κυρίου
3343 4779 3431 4830 τὸν

1861 4865 2094 4935 σταυρὸν
2117 4866 2206 4918 καί⁸
2235 4865 2332 4934 τὴν
2360 4864 2538 4916 ἔνθεον
2570 4863 2880 4932 οἰκονομίαν
2912 4863 3233 4932 κηρύξωμεν
3260 4880 3273 4927 ;
3304 4858 3431 4914 Οἶδα

1859 4958 1938 5010 ὅτι
1973 4955 2139 5018 πολὺς
2169 4957 2310 5024 ὑμᾶς
2357 4955 2470 5024 ἔχει
2499 4954 2660 5016 πόθος
2709 4954 2814 5006 τῶν
2863 4953 3205 5022 δογματικῶν
3235 4953 3428 5019 λόγων,

1860 5045 1954 5099 καὶ
1976 5044 2083 5096 τῶν
2115 5044 2212 5112 τῆς
2252 5042 2526 5110 θεολογίας
2553 5043 2941 5110 κηρυγμάτων·
2979 5040 3094 5092 ἀλλ’
3116 5039 3261 5092 ἔστιν
3289 5040 3432 5092 ὲκεί-

1860 5149 1964 5183 νων
1994 5131 2197 5198 ἀδελφά
2225 5131 2318 5182 καὶ
2350 5129 2418 5180 τά
2443 5128 2536 5180 νῦν
2559 5128 2841 5197 εἰρημένα.
2885 5127 2995 5196 Τῆς
3019 5125 3126 5196 γὰρ
3156 5127 3324 5195 αὐτῆς
3350 5128 3434 5178 ὲν-

1861 5220 2009 5279 νοίας
2039 5219 2132 5270 καὶ
2178 5217 2407 5282 σταυρὸν
2437 5213 2668 5286 κηρῦξαι
2698 5256 2710 5276 ,
2749 5214 2841 5266 καὶ
2892 5214 2982 5266 τὸν
3015 5213 3271 5284 μονογενῆ
3302 5213 3434 5266 Θεὸν

1861 5305 2030 5373 Λόγον
2090 5303 2323 5372 ὑψῶσαι.
2388 5302 2686 5371 Τοιγαροῦν
2727 5301 2825 5353 κᾶν
2879 5301 2979 5369 τὴν
3019 5299 3165 5372 [517]
3209 5300 3432 5371 θεότητα

1860 5392 1952 5444 τοῦ
1985 5392 2322 5457 Μονογενοῦς
2353 5394 2620 5462 ὑμνήσῃς,
2656 5389 2758 5442 κᾶν
2791 5388 2888 5456 τὴν
2922 5388 3232 5458 οἰκονομίαν
3264 5390 3430 5458 τιμῆ-

1864 5494 1981 5546 σης,
2003 5479 2132 5547 μίαν
2150 5480 2242 5532 καὶ
2274 5478 2371 5547 τὴν
2403 5478 2570 5546 αὐτὴν
2589 5476 2700 5544 ἔχει
2718 5473 2988 5539 ἀπόδειξιν
3011 5472 3108 5543 τῆς
3130 5473 3428 5537 εὐσεϐείας.

1931 5560 1989 5613 δ’.
2007 5561 2151 5631 Πλὴν
2171 5562 2297 5614 ὅταν
2313 5559 2550 5628 ἀκούσῃς
2580 5559 2831 5629 σταυρὸν,
2849 5558 2974 5611 ὅταν
2991 5557 3227 5628 ἀκούσῃς
3247 5557 3433 5626 σώμα-

1923 5684 1952 5723 b
1981 5685 2099 5734 Post
2118 5686 2284 5740 πόσοις
2307 5685 2418 5733 Sav.
2445 5687 2494 5734 in
2519 5697 2671 5744 marg.
2697 5683 2831 5732 addit
2854 5683 3085 5744 σημείοις,
3105 5686 3160 5732 ει
3182 5694 3269 5744 pro
3287 5681 3435 5744 1:196.-

1869 5752 2016 5810 ξωμεν
2037 5748 2178 5798 allen
2206 5760 2302 5796 var.
2330 5748 2445 5796 lect.
2468 5748 2754 5806 δοξασωμεν.
