3984 6460
220 382 336 437 505

220 494 308 537 cta
350 490 453 545 est,
496 493 687 534 sensus
737 487 857 533 tuos
900 477 1186 549 deprimat,
1234 476 1330 532 sed
1374 476 1671 545 benignitas
1718 478 1808 530 illa

220 573 446 637 Christi,
476 572 565 641 qui
597 582 648 625 te
678 571 930 635 servavit,
963 578 1194 624 mentem
1228 577 1371 622 tuam
1402 568 1638 622 extollat.
1662 567 1808 622 Crux

218 663 438 729 quidem
463 671 681 728 propter
707 670 778 723 te,
812 660 1065 728 majestas
1095 674 1222 712 vero
1252 658 1345 711 Dei
1377 669 1593 727 pr0pter
1613 658 1807 727 ipsum.

221 754 471 822 Majestas
499 753 674 806 divina
703 752 843 815 nulla
871 752 1113 805 oratione
1134 750 1466 819 ampliticari,
1492 749 1633 803 nulla
1651 749 1808 803 etiam

218 847 381 913 dejici
420 855 628 915 potest:
660 844 756 899 sed
798 845 884 914 qui
916 845 1146 912 dejicere
1172 843 1408 908 student,
1441 843 1649 910 seipsos
1673 841 1812 910 deji-

217 940 405 1002 iiunt;
435 939 522 1006 qui
555 952 681 991 vero
710 936 876 991 Deum
910 936 1154 990 laudibus
1179 936 1432 1001 evehunt,
1473 950 1531 989 se
1563 935 1684 988 licet
1724 934 1811 987 in-

216 1030 410 1098 dignos
455 1029 506 1083 itt
534 1029 695 1083 altum
726 1029 1005 1083 extollunt.
1047 1027 1427 1094 Quamobrem,
1466 1034 1524 1078 ttt
1556 1026 1699 1093 prius
1724 1025 1809 1078 di-

217 1124 496 1185 cebamus,
528 1123 615 1189 qui
646 1122 1093 1187 incarnationem,
1136 1120 1227 1189 qui
1259 1118 1577 1187 theologiam
1607 1117 1807 1183 laudat,

218 1218 271 1270 in
306 1218 405 1270 hac
436 1217 695 1270 sententia
725 1225 1000 1270 versatur:
1034 1214 1286 1284 quoniam
1330 1227 1459 1266 vero
1488 1210 1684 1280 aliquid
1712 1210 1807 1264 de-

216 1320 335 1361 erat
360 1309 445 1373 iis,
472 1324 586 1376 qua:
616 1310 729 1362 lteri
760 1308 1126 1372 tractavimus,
1155 1306 1295 1359 circa
1328 1304 1456 1357 illud
1486 1303 1719 1372 quidem,
1743 1301 1811 1356 Ut

215 1408 527 1469 cognoscant
563 1408 610 1452 te
649 1400 812 1452 solum
841 1415 1012 1451 verum
1043 1396 1203 1450 Deum
1234 1406 1279 1450 et
1325 1395 1597 1448 Dominum
1634 1393 1811 1448 Iesum

216 1491 478 1542 Christum
509 1488 685 1561 (Joan.
719 1491 806 1543 17.
837 1489 925 1557 3);
958 1504 1018 1542 ac
1043 1489 1185 1542 circa
1217 1486 1341 1540 illud
1363 1487 1599 1555 quidem,
1630 1486 1811 1540 Solum

217 1599 391 1635 rerum
436 1582 619 1645 Deum,
656 1582 875 1649 prolata:
924 1590 1046 1633 sunt
1089 1579 1381 1649 prophetiae
1426 1587 1479 1631 et
1509 1577 1808 1632 testimonia

216 1675 360 1744 quod
394 1673 559 1727 Filius
588 1674 732 1726 solus
761 1688 921 1725 verus
949 1673 1086 1726 Deus
1117 1672 1212 1735 sit;
1241 1670 1597 1724 necessarium
1624 1669 1807 1723 existi—

215 1782 309 1819 mo
344 1766 486 1818 illius
527 1765 650 1818 dicti
696 1767 802 1818 vim
849 1765 1146 1832 explorare.
1183 1763 1363 1831 Atqui,
1396 1763 1471 1815 ait
1502 1761 1808 1827 haereticus,

216 1858 346 1925 quid
374 1867 525 1924 potes
548 1855 613 1908 de
640 1856 895 1909 missione
931 1856 1017 1908 illa
1052 1854 1266 1908 dicere?
1299 1854 1502 1907 Diserte
1520 1855 1663 1907 enim
1680 1853 1812 1906 scri-

218 1956 369 2016 ptum
401 1955 504 2011 est,
539 1944 600 1997 Et
630 1961 775 2013 quem
801 1945 978 1997 misisti
999 1943 1175 1997 Jesttm
1197 1944 1469 1997 Christum.
1502 1944 1583 1996 An
1607 1944 1694 2011 qui
1716 1943 1810 1996 nti-

218 2040 291 2089 sit
330 2052 511 2104 paretn
538 2050 656 2089 cum
690 2036 857 2089 misso
886 2038 1105 2089 sortitur
1148 2036 1441 2088 honorem?
1488 2035 1612 2089 llaec
1654 2038 1697 2089 si
1742 2036 1807 2088 ita

221 2130 388 2194 legas,
425 2137 481 2181 ut
508 2129 673 2182 literm
694 2129 913 2193 servias,
946 2138 1000 2181 ut
1028 2143 1182 2196 supra
1212 2129 1464 2193 diximus,
1489 2144 1629 2195 smpe
1651 2129 1806 2181 dissi-

219 2221 375 2275 debis
398 2236 424 2272 a
451 2221 624 2286 nobis,
648 2236 820 2289 neque
848 2221 1038 2274 rationi
1068 2221 1413 2291 congruentia
1443 2220 1812 2289 deprehendes

219 2330 305 2376 ea,
328 2328 445 2379 qua:
466 2312 598 2365 bene
614 2311 828 2379 quidem
848 2312 1064 2380 scripta,
1090 2311 1181 2365 sed
1214 2312 1352 2364 male
1372 2312 1636 2366 intellecta
1654 2322 1808 2376 sunt;

220 2406 265 2455 si
298 2418 425 2454 vero
477 2402 797 2454 sententiam
828 2402 1118 2456 secundum
1148 2403 1221 2455 rei
1251 2403 1525 2456 veritatem
1560 2404 1809 2471 accipias,

221 2509 485 2561 nusquam
521 2493 610 2545 tibi
645 2493 696 2545 in
727 2494 1051 2545 contrarium
1101 2502 1337 2547 vertetur
1384 2496 1576 2547 mentis
1625 2496 1812 2547 oculus

220 2588 287 2640 ad
311 2596 610 2639 accuratam
638 2585 1035 2653 intelligentiam
1068 2600 1095 2637 a
1119 2584 1313 2653 Spiritu
1339 2595 1522 2639 sancto
1557 2586 1809 2640 directus.

220 2677 397 2731 Verba
427 2677 568 2730 enim
616 2677 749 2741 haec,
798 2675 984 2729 Missus
1015 2685 1106 2741 est,
1137 2685 1208 2741 et,
1242 2676 1401 2739 Misit,
1438 2678 1665 2730 humana
1692 2678 1812 2746 qui-

218 2768 342 2821 dem
371 2775 509 2827 sunt,
534 2765 808 2819 atdivinos
828 2766 1083 2834 quosdam
1114 2780 1301 2820 sensus
1321 2765 1613 2820 declarant.
1632 2767 1813 2838 Neque

219 2862 365 2914 enim
390 2871 440 2913 et
472 2861 559 2928 qui
592 2859 753 2921 misit,
786 2875 851 2912 ex
878 2858 1009 2913 locis
1040 2860 1090 2911 in
1120 2860 1234 2912 loca
1263 2860 1424 2922 misit,
1457 2875 1629 2928 neque
1651 2860 1694 2913 is
1723 2863 1810 2928 qui

221 2956 417 3008 missus
440 2962 540 3019 est,
565 2968 627 3005 ex
651 2953 779 3006 locis
802 2954 851 3005 in
884 2953 994 3006 loca
1020 2954 1180 3006 venit.
1208 2954 1384 3022 Atqui,
1410 2954 1483 3007 ait
1508 2953 1809 3018 ltzereticus,

222 3047 381 3100 Pater
412 3046 600 3097 Filium
642 3044 785 3097 misit
830 3044 883 3097 in
927 3045 1205 3107 mundum,
1239 3046 1387 3113 quasi
1415 3045 1502 3115 qui
1533 3046 1580 3097 in
1614 3046 1814 3099 mundo

222 3152 461 3205 prmsens
501 3152 607 3189 non
653 3147 819 3202 esset,
852 3136 915 3189 ad
956 3153 1113 3206 quem
1159 3138 1485 3191 mittebatur.
1533 3138 1814 3203 Quomodo

219 3229 492 3296 Scriptura
522 3226 587 3279 de
614 3226 728 3294 ipso
759 3227 983 3280 Domino
1009 3227 1099 3291 ait,
1136 3225 1201 3280 In
1223 3229 1413 3279 mundo
1437 3237 1564 3293 erat,
1591 3238 1635 3281 et
1666 3245 1813 3280 mun-

221 3321 317 3372 dus
341 3335 431 3388 per
457 3319 625 3385 ipsum
652 3319 817 3387 factus
839 3329 907 3370 est
933 3316 1110 3386 (Joan.
1144 3319 1192 3370 1.
1231 3318 1354 3385 10)?
1381 3317 1657 3385 Quomodo
1685 3333 1813 3387 ergo

222 3412 368 3463 venit
409 3410 494 3477 qui
524 3408 724 3469 aderat,
758 3410 1000 3476 apparuit
1042 3409 1131 3477 qui
1172 3409 1401 3463 latebat?
1426 3409 1578 3476 Quod
1620 3411 1663 3464 si
1692 3426 1817 3465 vere

221 3500 374 3563 illud,
405 3499 565 3563 Misit,
594 3499 660 3552 ita
693 3500 940 3568 intelligis
969 3509 1022 3553 ιιι
1048 3500 1219 3566 audis,
1240 3515 1457 3555 necesse
1480 3503 1695 3555 omnino
1712 3512 1814 3571 est,

220 3607 344 3646 eum
377 3592 465 3659 qui
515 3591 707 3644 missus
752 3592 868 3655 fuit,
902 3592 953 3644 in
986 3591 1048 3643 iis
1076 3593 1322 3645 constitui
1352 3592 1502 3657 locis,
1547 3592 1598 3645 in
1627 3594 1817 3663 quibus

222 3684 462 3737 nondum
498 3697 731 3750 prmsens
773 3692 906 3748 erat,
950 3692 1002 3736 et
1033 3684 1328 3737 mittentem
1373 3699 1437 3737 eo
1464 3685 1696 3747 mittere,
1729 3684 1816 3737 ubi

223 3791 328 3828 non
348 3776 555 3827 aderat.
576 3773 853 3839 Quomodo
872 3774 1029 3843 igitur
1044 3774 1365 3842 evangelista
1382 3775 1608 3838 dicebat,
1633 3773 1819 3828 Omnia

222 3882 314 3937 per
343 3867 510 3933 ipsum
547 3864 685 3931 facta
714 3874 849 3927 sunt,
879 3873 924 3915 et
965 3865 1072 3916 sine
1096 3864 1206 3930 ipso
1248 3867 1437 3931 factum
1464 3874 1535 3917 est
1565 3864 1729 3916 nihil?
1750 3864 1818 3917 In

222 3958 417 4009 mundo
436 3965 560 4017 erat,
586 3966 629 4007 et
649 3955 863 4007 mundus
888 3971 974 4021 per
998 3956 1158 4022 ipsum
1182 3955 1343 4021 factus
1366 3965 1438 4007 est
1465 3954 1643 4023 (Joan.
1665 3956 1713 4008 1.
1736 3955 1814 4024 ὃ).

222 4051 279 4103 Si
314 4052 490 4117 itaque
536 4048 585 4100 itt
617 4047 813 4100 mundo
841 4056 972 4109 erat,
1012 4046 1276 4115 quomodo
1310 4047 1533 4099 mittitur
1564 4048 1613 4099 itt
1659 4063 1815 4099 mun-

224 4142 349 4193 dum
364 4141 388 4191 ?
416 4138 530 4191 Non
558 4137 747 4190 audisti
774 4152 893 4190 eum
924 4136 1210 4201 dicentem,
1239 4136 1431 4189 Ctelum
1456 4146 1500 4189 et
1523 4146 1706 4189 terram
1726 4155 1817 4206 ego

225 4230 436 4297 impleo,
466 4228 586 4279 dicit
620 4226 864 4279 Dominus
896 4224 1027 4295 (Jer.
1075 4225 1166 4278 25.
1209 4225 1340 4293 24)?
1390 4224 1526 4291 Quid
1564 4241 1689 4295 ergo
1718 4226 1818 4280 sibi

227 4322 336 4374 vult
367 4317 516 4381 illud,
555 4316 738 4369 Missus
769 4317 877 4369 est?
918 4315 970 4369 Id
1012 4326 1113 4378 est,
1144 4318 1289 4370 visus
1329 4330 1435 4379 est;
1486 4332 1577 4386 per
1603 4334 1817 4373 carnem

227 4411 424 4465 illuxit.
454 4409 633 4462 Missio
663 4408 802 4461 enim
851 4410 1047 4461 nullam
1088 4408 1155 4461 de
1203 4410 1319 4462 loco
1350 4410 1397 4461 itt
1432 4410 1603 4463 locum
1638 4413 1818 4479 prole-

224 4501 459 4553 etionem
491 4497 713 4560 indicat;
746 4497 838 4550 sed
870 4512 932 4551 ex
983 4497 1231 4551 invisibili
1285 4498 1560 4553 divinitate
1595 4499 1646 4553 in
1690 4515 1819 4554 con-

226 4593 468 4661 spicuam
503 4588 861 4655 praesentiam.
893 4587 1077 4656 Neque
1103 4591 1243 4643 enim
1274 4605 1393 4642 cum
1427 4592 1477 4643 in
1507 4599 1702 4645 terram
1734 4606 1819 4646 se-

224 4682 459 4736 cundum
487 4677 767 4730 humanam
798 4687 1039 4730 naturam
1072 4690 1121 4730 et
1158 4696 1249 4744 per
1275 4684 1623 4733 oeconomiam
1654 4682 1814 4747 venit,

224 4774 391 4828 caalos
424 4785 520 4825 sua
544 4769 818 4838 majestate
846 4783 1042 4821 vacuos
1071 4769 1299 4837 reliquit,
1333 4786 1505 4838 neque
1531 4786 1669 4826 nunc
1701 4785 1821 4843 post

225 4865 405 4916 carnis
436 4861 876 4929 assumptionem,
902 4867 1095 4913 terram
1121 4860 1335 4928 reliquit
1363 4876 1455 4913 sua
1479 4861 1821 4916 administra-

227 4957 372 5008 tione
402 4966 643 5003 vacuam.
680 4951 874 5005 lterum
903 4966 1016 5005 rem
1050 4951 1154 5004 alio
1182 4950 1339 5003 modo
1374 4952 1724 5006 excutiamus.
1764 4956 1817 5008 Si

227 5040 523 5097 secundum
550 5040 779 5105 literam,
810 5040 1020 5104 fratres,
1049 5041 1203 5095 Pater
1221 5041 1361 5094 misit
1383 5040 1570 5093 Filium
1595 5044 1819 5097 inmun-

227 5136 376 5199 dum,
410 5131 584 5201 palam
633 5140 716 5184 est
758 5132 1054 5185 mittentem
1100 5147 1129 5185 a
1181 5133 1345 5185 misso
1374 5132 1660 5186 secundum
1692 5149 1817 5202 pro-

225 5228 398 5297 priam
448 5222 731 5275 stationmt
780 5231 1080 5291 separatum
1123 5238 1262 5277 esse.
1306 5223 1437 5277 Nam
1482 5224 1522 5275 si
1553 5239 1670 5277 cum
1704 5225 1818 5293 ipso

228 5330 328 5382 est,
369 5329 826 5384 supervacaneum
859 5324 939 5367 est
980 5315 1127 5381 illud,
1177 5314 1451 5369 Misit:sin
1484 5330 1609 5369 vero
1654 5316 1814 5381 misit,

231 5425 449 5465 necesse
478 5418 559 5461 est
585 5418 886 5476 separatum
915 5420 1054 5471 esse,
1085 5408 1126 5460 si
1167 5408 1379 5477 quidem
1411 5408 1555 5460 verbi
1597 5408 1699 5460 vim
1730 5422 1816 5461 re-

228 5505 440 5571 spicias.
492 5502 561 5553 At
601 5513 929 5567 nequaquam
955 5498 1221 5552 serviliter
1263 5508 1471 5567 oportet
1504 5498 1679 5552 verbis
1712 5498 1819 5551 ltze-

232 5610 369 5659 rere,
400 5592 494 5646 sed
522 5606 640 5643 cum
670 5590 771 5644 fide
802 5589 1112 5657 procedere.
1148 5590 1213 5643 Et
1242 5592 1360 5658 quis
1390 5589 1542 5643 nobis
1571 5592 1820 5643 testifica-

232 5685 393 5745 hitur,
427 5696 573 5744 eum,
603 5680 691 5749 qui
716 5679 767 5734 in
793 5689 930 5735 terra
953 5679 1220 5748 apparuit,
1247 5680 1407 5734 etiam
1432 5681 1482 5733 in
1514 5680 1659 5735 cmlis
1688 5680 1817 5735 fuis-

232 5778 323 5834 se?
350 5774 474 5845 quis
502 5788 683 5831 sermo
714 5772 1100 5839 testificabitur,
1131 5788 1251 5828 eum
1283 5789 1312 5827 a
1341 5773 1496 5828 Patre
1535 5773 1753 5828 missum
1786 5789 1815 5827 a

1430 363 1517 420 DE
1555 363 1914 421 SERPENTE
1954 364 2237 423 HOMILIA

3361 386 3475 447 506

1921 478 2077 534 Patre
2116 489 2419 551 separatum
2448 497 2555 539 non
2597 484 2799 541 fuisse?
2826 484 2883 541 Si
2913 486 3109 543 missus
3138 496 3220 543 est
3259 488 3312 544 in
3340 506 3467 544 mun

1917 570 2067 636 dum,
2098 582 2155 625 ut
2182 574 2437 643 scriptum
2463 584 2565 642 est,
2598 576 2643 630 si
2671 576 2761 646 qui
2792 578 2938 633 misit
2961 580 3179 635 amisso
3199 592 3501 650 separatur,

1917 663 2185 729 quomodo
2211 663 2441 730 dicebat,
2480 664 2591 735 Ego
2629 666 2682 719 in
2712 665 2890 734 Patre,
2934 677 2981 722 et
3019 668 3178 723 Pater
3217 671 3271 724 in
3299 671 3414 725 me?
3439 686 3503 726 ac

1919 766 2104 807 rursus
2147 756 2415 822 quomodo
2443 755 2672 823 dicebat,
2706 755 2774 810 Et
2802 758 2888 825 qui
2914 760 3050 812 misit
3078 777 3157 815 me
3182 760 3357 827 Pater,
3394 778 3503 816 nte-

1917 860 2030 896 cum
2054 855 2125 897 est
2156 843 2331 915 (Joan.
2367 847 2453 900 14.
2488 848 2575 902 11.
2605 859 2651 901 et
2678 848 2729 903 8.
2763 848 2889 918 16)?
2921 850 3080 905 Vides
3116 862 3355 908 naturam
3388 870 3494 910 non

1918 936 2187 1003 separari:
2220 939 2518 992 oeconomia
2549 949 2724 993 autem
2751 940 2867 995 sive
2898 942 3193 998 incarnatio
3232 946 3503 1000 missionis

1918 1029 2150 1096 speciem
2196 1031 2449 1084 ostendit.
2494 1031 2631 1097 Quid
2670 1048 2798 1103 ergo
2831 1034 2932 1088 sibi
2960 1036 3072 1089 vult
3096 1036 3244 1104 illud,
3274 1038 3504 1092 Ascendo

1918 1120 1985 1171 at!
2032 1119 2239 1174 Patrem
2279 1140 2445 1175 meum
2475 1122 2654 1192 (Joan.
2686 1124 2777 1179 9.0.
2820 1124 2950 1197 i7)?
2975 1127 3029 1181 Si
3057 1142 3175 1181 cum
3210 1129 3322 1198 ipso
3348 1129 3505 1183 Pater

1918 1218 2019 1275 est,
2047 1224 2141 1263 cur
2157 1212 2427 1266 ascendit?
2456 1215 2711 1269 Ascettsio
2729 1215 2816 1269 illa
2836 1215 3118 1273 humanam
3140 1218 3338 1273 Christi
3359 1236 3503 1275 ceco-

1919 1302 2150 1355 nomiam
2192 1303 2593 1373 interpretatur,
2639 1309 2881 1376 corporis
2926 1312 3364 1380 assumptionem,
3397 1327 3502 1367 non

1919 1393 2306 1459 Separalioncm
2346 1410 2374 1447 a
2413 1395 2707 1451 divinitate.
2744 1398 2905 1453 Visne
2946 1399 3173 1465 discere,
3217 1417 3337 1455 eum
3368 1408 3506 1456 sicut

1918 1499 2038 1537 eum
2069 1486 2120 1537 in
2152 1495 2347 1540 terram
2375 1488 2537 1551 venit,
2561 1488 2723 1542 cados
2750 1504 2853 1544 non
2884 1490 3117 1561 reliquit,
3150 1508 3325 1563 neque
3346 1510 3375 1546 a
3400 1494 3501 1547 Pu-

1919 1582 1999 1627 tre
2025 1586 2298 1642 separatus
2327 1584 2431 1642 est,
2461 1578 2539 1632 sic
2568 1579 2751 1643 etiam,
2781 1593 2902 1634 cum
2934 1582 2985 1634 itt
3012 1583 3171 1636 cados
3200 1595 3505 1653 assumptus

1918 1674 2018 1724 est,
2053 1674 2247 1719 terram
2283 1682 2388 1720 non
2422 1668 2743 1737 reliquisse?
2766 1669 2865 1737 Qui
2905 1669 3041 1725 dixit
3068 1672 3342 1741 discipulis
3369 1675 3501 1739 suis,

1922 1755 1984 1809 lit
2013 1773 2123 1809 ecce
2148 1774 2236 1826 ego
2263 1758 2513 1811 vobiscum
2541 1777 2672 1825 sum,
2706 1760 2820 1826 sed,
2848 1764 3082 1825 ascendo,
3116 1764 3255 1819 unde
3282 1764 3507 1819 descen-

1917 1847 1992 1910 di,
2025 1849 2091 1900 ttd
2124 1848 2327 1902 Patrem
2353 1867 2557 1904 meum:
2586 1851 2724 1905 idem
2771 1852 2885 1921 ipse
2910 1852 2984 1907 ait
3012 1853 3139 1918 illis,
3189 1853 3255 1908 Et
3281 1870 3392 1908 ecce
3414 1872 3506 1925 ego

1918 1937 2167 1990 vobiscum
2192 1956 2299 1993 sum
2328 1941 2555 1994 omnibus
2581 1942 2755 1995 diebus
2776 1959 2932 2012 usque
2947 1943 3014 1996 ad
3030 1946 3506 2000 consummationem

1918 2032 2093 2084 sit-culi
2124 2032 2335 2103 (Mattlt.
2368 2034 2459 2089 9.8.
2487 2035 2602 2105 20).
2647 2036 2779 2090 Illud
2810 2037 2987 2105 igitur,
3024 2036 3091 2091 Ut
3129 2048 3433 2109 cognoscant
3461 2048 3506 2091 te

1918 2123 2080 2175 solum
2106 2139 2274 2176 verum
2302 2124 2485 2191 Deum,
2529 2137 2575 2179 et
2612 2143 2757 2195 quem
2786 2127 2968 2180 misisti
3007 2126 3184 2181 Jesum
3227 2128 3501 2194 Christum,

1919 2230 2135 2270 sensum
2165 2216 2325 2270 habet
2351 2217 2636 2287 duplicem,
2667 2218 3039 2295 duplicemque
3068 2219 3334 2288 gladium:
3359 2220 3502 2274 aliud

1918 2317 2103 2358 contra
2149 2307 2500 2361 idololatriatn
2529 2317 2816 2375 armatum,
2846 2309 2995 2363 aliud
3016 2319 3200 2365 contra
3226 2310 3501 2365 .Iudaicam

1920 2397 2346 2451 incredulitatem
2371 2408 2753 2468 comparatum.
2773 2399 2954 2454 Solum
2973 2402 3113 2454 enim
3140 2416 3321 2455 verum
3338 2402 3501 2454 Deum

1917 2485 2068 2549 dicit,
2099 2498 2153 2538 ttt
2178 2496 2381 2539 mortua
2413 2488 2548 2541 idola
2583 2490 2852 2553 traducat;
2880 2490 3101 2543 missum
3121 2499 3297 2545 autem
3320 2490 3502 2545 Jesum

1917 2578 2222 2643 Christum,
2257 2588 2314 2633 ut
2359 2580 2423 2632 iis
2466 2581 2556 2649 qui
2587 2581 3003 2637 incarnationem
3045 2594 3260 2653 negant,
3301 2598 3363 2638 os
3402 2588 3500 2638 ob-

1919 2680 2109 2723 struat.
2147 2670 2314 2724 Verba
2352 2671 2509 2741 igitur
2536 2673 2826 2726 secundum
2854 2689 3071 2728 sensum
3115 2676 3318 2744 accipe,
3348 2690 3412 2730 ac
3439 2693 3504 2731 tte

1922 2769 2139 2829 propter
2167 2762 2374 2816 literam
2408 2762 2674 2832 majestati
2706 2763 3083 2819 contumeliam
3114 2767 3326 2821 int'eras.

1991 2853 2041 2905 5.
2075 2852 2140 2905 Ut
2168 2862 2343 2906 autem
2374 2862 2620 2907 accurate
2645 2854 2838 2916 discas,
2870 2856 3176 2910 missionem
3209 2872 3238 2910 a
3265 2857 3375 2911 Deo
3400 2872 3504 2911 non

1922 2943 2269 2996 mutationem
2297 2958 2325 2996 a
2360 2944 2477 2997 loco
2508 2945 2558 2997 in
2582 2945 2754 2999 locum
2782 2946 3101 3015 significare,
3132 2947 3227 3001 sed
3258 2948 3503 3003 incarna-

1924 3033 2118 3087 tionem
2151 3032 2422 3088 declarare
2452 3052 2464 3087 :
2498 3034 2564 3088 de
2590 3034 2793 3089 Joanne
2829 3035 3062 3105 Baptista
3088 3078 3101 3101 ,
3135 3038 3222 3107 qtti
3263 3038 3329 3093 de
3363 3047 3505 3095 terra

1923 3134 2039 3178 erat
2079 3134 2133 3179 et
2176 3125 2227 3177 in
2273 3136 2411 3178 terra
2456 3135 2794 3194 apparuerat,
2840 3126 2913 3179 ait
2962 3126 3305 3198 Evangelium
3338 3147 3350 3182 :
3382 3129 3508 3183 Fuit

1923 3215 2071 3267 homo
2102 3215 2281 3268 missus
2306 3232 2336 3268 a
2360 3215 2466 3269 Deo
2488 3216 2665 3285 (Joan.
2692 3218 2741 3271 1.
2764 3217 2842 3287 ti).
2873 3216 3008 3271 Nunt
3033 3216 3265 3273 Joannes
3291 3219 3355 3274 de
3375 3221 3507 3275 caelo

1925 3308 2119 3360 missus
2147 3308 2262 3360 est?
2304 3323 2429 3360 num
2467 3308 2533 3361 de
2570 3308 2813 3376 supernis
2850 3308 3034 3362 venit?
3072 3309 3350 3374 Quomodo
3382 3326 3509 3381 ergo

1926 3395 2104 3449 venit?
2131 3397 2289 3464 Atqui
2313 3396 2473 3451 homo
2495 3401 2711 3462 missus,
2736 3412 2839 3451 non
2868 3412 2897 3450 a
2927 3397 3043 3452 loco
3069 3397 3120 3451 in
3148 3399 3321 3452 locum
3346 3408 3509 3452 trans-

1925 3488 2061 3542 latus
2084 3497 2184 3553 est,
2218 3489 2309 3543 sed
2340 3490 2412 3543 illi
2436 3489 2635 3560 aliquid
2658 3490 3133 3544 administrandum
3162 3492 3508 3547 commissum

1926 3582 2055 3647 fuit;
2085 3591 2138 3636 et
2170 3582 2309 3637 Deus
2336 3582 2562 3637 Verbum
2590 3624 2604 3649 ,
2636 3584 2724 3652 qui
2753 3582 2930 3638 omnia
2960 3583 3164 3652 implet,
3196 3584 3241 3639 si
3279 3584 3420 3639 dicat
3452 3598 3510 3639 se

1926 3674 2146 3728 missum
2177 3689 2319 3739 esse,
2351 3684 2593 3728 naturam
2625 3690 2774 3729 suam
2799 3676 3120 3729 contumelia
3151 3675 3345 3730 afficiet
3368 3717 3381 3740 ,
3412 3692 3508 3730 ne-

1925 3783 2031 3834 que
2064 3768 2134 3821 ita
2165 3767 2585 3822 incarnationem
2609 3783 2761 3822 suam
2786 3769 2899 3822 sive
2922 3769 3274 3822 oeconomiam
3306 3769 3509 3822 indica-

1927 3857 2040 3911 bit?
2073 3857 2201 3912 Vide
2228 3859 2397 3925 illum,
2423 3859 2605 3927 frater,
2630 3869 2682 3914 et
2702 3862 2879 3914 carnis
2902 3862 3255 3915 oeconomiam
3286 3860 3513 3928 implen-

1930 3957 2055 4013 tem,
2082 3957 2137 4002 et
2161 3948 2353 4002 dit-inse
2378 3951 2654 4018 potestatis
2676 3952 2987 4020 dignitatem
3017 3966 3121 4005 non
3151 3952 3421 4005 tollentem
3444 3953 3512 4006 de

1927 4039 2123 4092 medio.
2159 4039 2227 4092 Et
2253 4040 2584 4095 sacerdotale
2611 4056 2802 4095 munus
2825 4043 2902 4094 sic
2929 4041 3248 4106 declaratur,
3283 4042 3510 4095 Ascendo

1926 4132 1993 4183 ad
2021 4130 2227 4184 Patrem
2254 4150 2439 4197 meum,
2473 4142 2518 4186 et
2543 4134 2732 4203 rogabo
2762 4149 2894 4197 eum,
2926 4141 2972 4185 et
2996 4132 3323 4186 Paracletum
3354 4135 3513 4185 mittet

1927 4224 2062 4277 vobis
2092 4223 2340 4293 Spiritum
2374 4225 2595 4277 veritatis
2619 4224 2636 4293 (
2657 4222 2810 4277 Joan.
2840 4223 2929 4277 20.
2961 4225 3049 4277 17.
3075 4234 3120 4276 et
3152 4225 3236 4277 M.
3269 4222 3355 4277 16.
3386 4224 3509 4292 17).

1927 4315 1979 4369 Si
2009 4316 2250 4369 ascendis
2270 4331 2487 4368 sursum
2513 4358 2527 4381 ,
2558 4323 2612 4369 et
2642 4329 2819 4385 rogas,
2848 4324 2903 4369 et
2927 4329 3121 4385 rogans
3147 4314 3419 4383 impetras,
3452 4330 3515 4368 ac

1928 4416 2049 4475 post
2094 4407 2422 4476 rogationem
2463 4407 2628 4461 mittis
2665 4405 2919 4475 Spiritum
2948 4408 3108 4477 (nam
3140 4420 3289 4475 rogo,
3319 4407 3395 4460 ais
3417 4449 3430 4472 ,
3462 4418 3514 4461 et

1930 4501 2128 4568 mitto),
2161 4514 2255 4552 cur
2274 4508 2397 4553 ante
2424 4499 2792 4553 ascensionem
2822 4499 2993 4553 Patris
3013 4500 3384 4553 auctoritatem
3413 4498 3514 4551 tol-

1930 4592 2033 4647 lis?
2062 4594 2115 4647 Si
2144 4608 2247 4646 non
2276 4607 2398 4647 cum
2427 4592 2742 4647 auctoritate
2766 4591 3057 4645 secundum
3080 4591 3311 4644 divinam
3342 4589 3513 4659 digni-

1931 4696 2089 4740 tatem
2116 4688 2247 4754 agis,
2273 4685 2362 4740 sed
2394 4694 2670 4754 exspectas
2692 4685 2863 4738 donec
2883 4682 3189 4737 ascenderis
3208 4682 3273 4736 ad
3300 4682 3508 4736 Patrem

1930 4779 1982 4831 in
2012 4778 2221 4839 caelum,
2249 4788 2304 4829 ut
2332 4788 2523 4845 preces
2549 4773 3070 4843 supplicationesque
3098 4773 3289 4827 offeras
3310 4813 3325 4838 ,
3355 4782 3409 4827 et
3438 4774 3515 4827 sic

1929 4876 2198 4935 acceptam
2221 4866 2447 4934 Spiritus
2465 4864 2685 4934 gratiam
2716 4863 2770 4917 in
2797 4872 2964 4917 totum
2986 4864 3170 4919 orbem
3195 4864 3394 4929 mittas,
3418 4877 3513 4916 cur

1928 4967 2210 5026 antequam
2247 4956 2565 5010 ascenderes
2588 4996 2602 5020 ,
2635 4964 2919 5025 antequam
2958 4969 3177 5026 rogares
3197 4998 3211 5021 ,
3242 4956 3511 5025 pr0priam

1927 5048 2203 5102 ostendisti
2235 5047 2643 5101 auctoritatem?
2682 5062 2776 5101 cur
2814 5057 2938 5101 ante
2972 5049 3361 5113 ascensionem,
3389 5062 3509 5101 cum

1928 5139 2316 5192 resurrexisses
2342 5153 2408 5191 ex
2438 5139 2680 5201 mortuis,
2713 5136 2997 5192 insufﬂasti
3026 5138 3078 5191 in
3108 5137 3270 5192 facies
3298 5146 3513 5205 aposto-

1928 5228 2119 5294 lorum,
2153 5238 2206 5283 et
2248 5229 2463 5294 dixisti,
2496 5230 2720 5299 Accipite
2763 5229 3017 5299 Spiritum
3059 5239 3285 5283 sanctum
3330 5228 3507 5298 (Joau.

1928 5318 2012 5372 10.
2044 5318 2172 5387 22)?
2200 5320 2348 5386 Quod
2379 5322 2513 5389 petis
2541 5336 2570 5374 a
2598 5321 2775 5385 Patre,
2805 5321 2858 5375 id
2888 5320 3004 5387 das,
3033 5330 3316 5390 antequam
3348 5321 3416 5374 ab
3442 5336 3509 5375 eo

1926 5421 2096 5481 petas.
2128 5412 2269 5483 Ergo
2300 5414 2537 5475 simulas,
2566 5413 2687 5467 dum
2720 5412 2893 5482 petis:
2925 5412 3041 5466 Non
3067 5411 3279 5476 simulo,
3308 5411 3507 5480 inquit;

1927 5503 2069 5555 nulla
2099 5504 2239 5556 enim
2263 5504 2401 5572 apud
2428 5501 2701 5558 veritatem
2729 5503 3028 5567 simulatio;
3057 5501 3149 5555 sed
3174 5500 3316 5555 aliud
3338 5501 3511 5571 digni-

1929 5594 2019 5645 tati
2050 5596 2318 5659 convenit,
2352 5595 2493 5649 aliud
2525 5596 2855 5648 incarnatum
2879 5592 3053 5647 decet.
3101 5589 3211 5645 Cur
3251 5606 3379 5661 ergo
3422 5592 3506 5646 in-

1927 5682 2146 5737 sut'ﬂasti
2177 5686 2225 5738 in
2252 5686 2419 5741 facies
2445 5683 2847 5755 apostolorum?
2893 5682 2976 5737 Me
3003 5683 3301 5752 oportebat,
3335 5683 3510 5753 inquit

1928 5774 2197 5841 Servator,
2229 5786 2504 5847 postquam
2534 5792 2600 5833 ex
2628 5774 2850 5831 mortuis
2875 5787 3293 5841 resurrexeram,
3322 5775 3509 5846 primi-
