3984 6430
525 379 638 434 507

523 483 624 536 tias
649 480 769 534 vitae
809 475 1005 533 mundo
1029 475 1230 547 largiri.
1277 473 1409 541 Quia
1448 471 1590 528 enim
1629 469 1794 524 Adam
1837 465 2091 521 formatus

520 579 796 645 acceperat
838 569 1158 639 spiraculum
1195 567 1317 620 vitat
1360 563 1658 636 (lnspiravit
1700 561 1831 614 enim
1865 557 2001 610 Deus
2040 556 2092 607 in

523 666 701 734 [actem
729 663 910 717 Adami
929 702 943 726 ,
973 673 1019 715 et
1047 663 1209 732 factus
1237 668 1307 714 est
1336 660 1388 712 in
1415 657 1636 709 animam
1675 655 1913 707 viventem
1941 646 2090 720 [Gem

521 757 574 808 2.
603 754 658 828 7]
678 751 719 825 ),
751 752 802 806 id
831 751 972 821 quod
1003 744 1090 803 ille
1117 757 1391 817 acceptum
1421 744 1672 814 perdidit,
1701 742 1801 795 hoc
1827 754 1926 809 ego
1957 752 2094 806 pra:-

523 861 647 900 sens
671 859 884 901 revoco.
919 843 1148 910 Lapsum
1178 841 1342 908 erigo,
1373 844 1676 903 corruptum
1705 845 1924 892 renovo,
1953 842 2096 881 mor-

527 948 677 992 tuum
708 935 936 988 viviﬁeo.
982 933 1156 986 Testis
1183 940 1263 984 est
1293 926 1671 981 incarnationis
1709 920 1966 992 propheta
2012 916 2098 970 ille

525 1028 614 1094 qui
641 1039 810 1081 meam
845 1022 1254 1077 insufflationem
1275 1014 1597 1086 prmdicavit.
1624 1014 1690 1066 Et
1709 1011 1824 1080 quis
1844 1005 2097 1075 prOphcta

528 1113 872 1169 exclamando
895 1113 1030 1168 hanc
1051 1120 1284 1176 sanctam
1315 1105 1721 1161 insufﬂationem
1751 1096 2101 1169 praenuntiat?

531 1203 690 1269 Audi,
723 1203 909 1270 inquit,
940 1198 1252 1269 prOphctam
1281 1213 1345 1252 ex
1377 1196 1480 1249 illis
1499 1191 1780 1248 duodecim
1801 1188 1885 1242 cui
1909 1201 2099 1238 nomen

531 1289 1040 1349 Nahum,dicenlem
1058 1304 1072 1340 :
1091 1286 1330 1348 Celebre,
1347 1283 1512 1352 Iuda,
1536 1287 1662 1353 festa
1687 1289 1794 1344 tua,
1819 1277 1972 1330 redde
1997 1275 2102 1327 Deo

533 1392 646 1434 vota
671 1391 781 1436 tua.
820 1377 940 1431 Non
982 1377 1201 1444 amplius
1239 1376 1475 1447 adjicient
1515 1374 1680 1425 venire
1715 1370 1783 1422 ad
1815 1376 2104 1422 vetustatem

534 1471 788 1541 (Na/tum.
817 1471 868 1525 l.
902 1469 1011 1538 15).
1039 1466 1214 1522 Prima
1247 1467 1333 1518 illa
1363 1464 1717 1518 Consunmtata
1741 1469 1878 1524 sunt,
1903 1459 2102 1527 inquit;

537 1561 656 1615 Non
677 1561 889 1628 amplius
918 1557 1154 1628 adjicient
1183 1555 1348 1609 venire
1366 1555 1432 1606 ad
1454 1562 1758 1606 vetustatem.
1791 1551 1988 1604 Novam
2018 1549 2106 1604 illo

535 1652 758 1722 gratiam
800 1650 1108 1712 annuntiat,
1133 1647 1253 1716 quia
1285 1653 1462 1700 vetera
1488 1644 1759 1697 desierunt
1786 1659 1799 1693 :
1832 1657 1967 1694 nova
2005 1639 2108 1693 llo-

538 1753 677 1797 reut.
707 1741 910 1796 Celebra
940 1742 1067 1810 [cata
1089 1748 1192 1793 tua.
1221 1735 1327 1791 Cur
1355 1735 1502 1792 dicit.
1528 1732 1771 1787 σειρὸν·αέ
1793 1731 1925 1798 Quia
1954 1731 2003 1783 in
2028 1731 2106 1782 fe-

540 1843 623 1888 sto
654 1833 868 1888 Pascha:
899 1832 1215 1886 resurrectio
1246 1827 1418 1882 futura
1451 1835 1581 1881 erat.
1630 1823 1862 1886 Celebra,
1905 1821 2105 1891 inquit,

541 1926 699 1989 Juda,
731 1927 855 1993 festa
884 1933 988 1986 tua,
1017 1921 1170 1975 redde
1207 1921 1315 1975 Deo
1340 1929 1454 1974 vota
1483 1929 1588 1971 tua.
1623 1917 1744 1970 Non
1774 1915 1991 1985 amplius
2015 1913 2110 1964 ad-

534 2017 713 2086 jicient
737 2015 899 2066 venire
922 2013 988 2064 ad
1012 2019 1336 2070 vetustatem;
1377 2015 1716 2060 consummata
1740 2015 1891 2069 sunt,
1915 2003 2112 2056 sublata

543 2114 681 2170 sunt,
715 2104 764 2159 id
794 2113 901 2168 est,
926 2103 1092 2170 prima
1133 2101 1292 2154 ﬁnem
1336 2099 1548 2152 habent.
1593 2096 1700 2152 Cur
1741 2097 1905 2164 prima
1953 2095 2109 2146 linem

549 2194 780 2247 habent?
809 2192 1042 2244 Ascendit
1068 2191 1208 2252 enim
1237 2190 1298 2242 de
1325 2198 1458 2242 terra
1472 2189 1562 2257 qui
1581 2184 1841 2255 insuﬂavit
1862 2185 1912 2236 in
1937 2184 2113 2254 faciem

546 2295 704 2348 tuam,
737 2292 787 2337 et
809 2299 870 2336 ea:
897 2283 1032 2334 omni
1061 2281 1324 2352 omit-tione
1354 2280 1575 2335 liberavit
1600 2279 1617 2346 (
1640 2276 1783 2331 Nah.
1807 2276 1862 2329 2.
1887 2277 1910 2328 1
1937 2275 1978 2344 ).
2008 2274 2112 2328 Sed

547 2373 613 2426 ad
656 2388 767 2427 rem
812 2373 1000 2426 iterum
1041 2371 1342 2434 redeamus,
1385 2367 1622 2432 Celebra,
1649 2364 1823 2430 Juda,
1853 2365 1980 2433 festa
2005 2374 2112 2427 tua,

548 2465 701 2517 redde
729 2463 836 2516 Dco
870 2471 981 2514 vota
1020 2471 1127 2516 tua.
1170 2459 1294 2513 Non
1333 2459 1551 2526 amplius
1593 2457 1829 2525 adiicient
1864 2455 2028 2506 venire
2050 2453 2117 2504 ad

548 2565 854 2609 vetustatem.
885 2553 1136 2619 Quaenam
1165 2548 1336 2604 festa?
1365 2549 1454 2602 llla
1486 2547 1628 2602 enim
1652 2554 1828 2598 vetera
1861 2557 2116 2596 novorum

551 2646 829 2715 imaginem
859 2643 1113 2696 ferebant.
1130 2641 1302 2694 Prima
1329 2639 1443 2693 dies
1457 2639 1800 2708 Azymorum,
1822 2649 1940 2702 qua:
1965 2647 2118 2686 accu-

553 2749 666 2793 rate
686 2735 1078 2805 explorantihus
1097 2735 1268 2802 imago
1288 2730 1551 2800 passionis
1571 2741 1673 2784 esu
1698 2727 1826 2781 Post
1846 2725 1982 2778 hanc
2005 2723 2119 2777 dies

556 2830 914 2887 Pentecostes,
943 2839 1059 2892 qua:
1081 2823 1254 2891 imago
1274 2829 1329 2876 et
1348 2821 1461 2888 ipsa
1483 2819 1579 2871 fuit
1599 2817 1859 2870 adventus
1884 2813 2049 2868 sancti
2069 2823 2122 2866 et

553 2915 806 2970 adorandi
858 2913 1104 2981 Spiritus.
1152 2910 1368 2963 Festum
1421 2905 1936 2967 Tabernaculorum,
1981 2900 2120 2969 quod

557 3011 728 3077 imago
751 3003 1206 3059 tabernaculorum
1234 2999 1525 3056 caelestium
1552 3005 1684 3050 erat.
1719 2995 1850 3049 Hinc
1873 2992 2127 3046 Dominus

556 3098 924 3152 demonstrare
948 3094 1132 3147 volens
1153 3134 1168 3158 ,
1195 3088 1618 3160 quandoquidem
1662 3086 1750 3139 illa
1788 3082 2125 3138 tabernacula

559 3195 896 3255 tcmporauea
924 3192 1081 3244 sunt,
1121 3196 1240 3235 esse
1267 3180 1355 3235 illa
1385 3179 1598 3248 ﬁguram
1627 3176 1914 3228 futurorum
1949 3172 2125 3225 taber-

561 3277 888 3338 naculorum,
916 3272 1120 3326 dicebat
1141 3270 1388 3324 divitibus
1409 3268 1564 3335 hujus
1589 3264 1769 3319 mundi
1801 3280 1819 3316 τ
1843 3261 2014 3314 Facite
2037 3276 2126 3312 tto-

558 3367 632 3419 bis
657 3364 842 3417 amicos
867 3378 928 3415 ex
955 3375 1236 3413 mammona
1262 3357 1558 3426 iniquitatis,
1588 3363 1642 3406 ut
1669 3369 1782 3405 cum
1811 3349 2088 3419 defeceritis
2110 3390 2125 3413 ,

558 3457 802 3525 recipiant
824 3471 908 3507 vos
928 3455 978 3505 in
1003 3462 1190 3506 (eterna
1219 3449 1540 3503 tabernacula
1569 3445 1713 3514 (Luc.
1746 3443 1830 3497 16.
1859 3442 1939 3512 9).
1967 3441 2128 3494 Tem-

560 3556 791 3614 poranea
840 3540 998 3609 igitur
1044 3535 1382 3591 tabernacula
1423 3542 1742 3587 aeternorum
1771 3529 1931 3597 ﬁgura
1960 3526 2131 3579 taber-

562 3633 870 3687 naculorum
919 3638 1088 3683 erant.
1135 3627 1393 3693 Quoniam
1439 3638 1565 3691 ergo
1603 3620 1801 3675 Christi
1835 3616 2130 3674 oeconomia

564 3737 658 3777 seu
706 3719 995 3774 incarnatio
1038 3729 1244 3773 veteres
1291 3716 1484 3782 ﬁguras
1529 3710 1796 3779 implebat,
1836 3720 2132 3774 novamque

565 3813 707 3865 illam
747 3810 966 3878 gratiam
1008 3808 1286 3861 ﬂorentem
1333 3803 1620 3864 reddebat,
1669 3801 1831 3869 probe
1876 3797 2130 3868 propheta

565 3900 880 3971 praenuntiat
909 3899 1088 3952 dicens
1113 3896 1372 3958 :Celebra,
1395 3893 1424 3945 J
1435 3893 1552 3957 uda,
1577 3892 1704 3961 festa
1723 3901 1828 3953 tua,
1856 3890 2007 3941 redde
2027 3887 2132 3940 Deo

563 4001 677 4043 vota
702 3999 824 4050 tua;
863 3987 912 4039 id
951 3987 1212 4055 signiﬁcat
1242 3983 1389 4044 illud,
1417 3980 1536 4034 Non
1571 3981 1790 4048 amplius
1818 3979 2054 4048 atljicient
2081 3986 2133 4028 ut

565 4080 758 4136 veniant
799 4077 865 4129 ad
898 4085 1205 4129 vetustatem.
1233 4073 1502 4128 Renovata
1530 4078 1651 4123 sunt
1670 4070 1808 4123 enim
1835 4076 2012 4122 Vetera
2041 4082 2134 4135 per

563 4172 806 4243 gratiam,
831 4167 1183 4222 Consummnta
1208 4173 1342 4226 sunt,
1364 4161 1558 4215 sublata
1577 4169 1711 4214 sunt.
1735 4160 1970 4212 Ascendit
1989 4158 2131 4211 enim

564 4277 627 4314 ea:
651 4269 780 4311 terra
805 4257 888 4325 qui
908 4255 1118 4324 insuﬁlat
1160 4254 1214 4305 in
1239 4253 1419 4321 [aciem
1464 4260 1619 4312 tuam,
1643 4258 1688 4302 et
1715 4249 1799 4319 qui
1829 4259 1874 4300 te
1899 4263 1960 4300 ea:
1996 4263 2132 4302 ωηι-

567 4353 697 4405 nmis
722 4349 888 4416 eripit.
913 4346 1200 4400 AtNahum
1229 4343 1481 4412 prOpheta
1508 4341 1788 4394 Dominum
1816 4339 2037 4407 gratiam
2058 4338 2137 4390 iu-

567 4442 856 4510 spirantem
881 4437 974 4491 tibi
1001 4435 1142 4490 nude
1167 4433 1436 4496 exhibuit;
1470 4431 1630 4486 Isaias
1650 4437 1826 4483 autem
1855 4428 1958 4482 alio
1979 4427 2138 4482 modo

570 4548 691 4587 eum
717 4531 804 4599 qui
834 4545 898 4582 ex
921 4527 1144 4582 mortuis
1163 4525 1392 4581 surrexit
1415 4533 1469 4578 et
1495 4523 1746 4592 Spiritum
1767 4529 2008 4574 sanctum
2029 4521 2138 4574 suis

568 4622 837 4690 elargitur,
865 4617 1184 4688 praenuntiat
1215 4615 1297 4667 his
1325 4613 1503 4666 verbis
1531 4630 1543 4664 :
1578 4610 1890 4664 Recordatus
1924 4619 1995 4661 est
2029 4610 2137 4661 die-

569 4728 682 4765 rum
707 4719 1006 4763 teternorunt
1051 4707 1135 4775 qui
1190 4704 1360 4758 eduxit
1394 4705 1455 4756 de
1493 4712 1626 4756 terra
1663 4710 1911 4769 pastorem
1946 4700 2133 4752 ovium.

569 4803 638 4856 Et
661 4801 777 4854 loco
800 4798 959 4864 illius,
988 4796 1264 4865 Insufﬂavit
1285 4795 1336 4846 in
1360 4795 1539 4862 facient
1577 4809 1769 4856 eorum,
1796 4791 1971 4844 statim
2003 4789 2135 4842 sub-

567 4890 779 4958 juuxit:
809 4887 904 4952 Qui
933 4887 1099 4953 posuit
1123 4885 1177 4936 in
1203 4886 1270 4937 eis
1299 4883 1547 4950 Spiritum
1570 4891 1798 4934 sanctum
1828 4880 1846 4950 (
1878 4879 2003 4932 lsai.
2048 4880 2136 4934 65.

571 4981 632 5033 Η
662 4977 702 5048 ).
738 4976 923 5030 Divina
966 4974 1212 5043 dignitas,
1243 4972 1418 5026 divina
1446 4971 1782 5038 nuncupatio,
1813 4970 1952 5038 regia
1980 4969 2140 5037 maje-

569 5080 716 5132 stas,
763 5067 1072 5120 intemerata
1117 5064 1318 5134 gloria,
1361 5061 1908 5130 incomprehensibilis
1954 5061 2138 5126 virtus,

572 5160 661 5229 qui
689 5173 806 5212 cum
840 5156 992 5209 Patre
1015 5153 1439 5222 conglorilicatur
1459 5194 1472 5218 ,
1503 5167 1621 5205 cum
1649 5150 1782 5203 Filio
1807 5159 2022 5220 regnat,
2051 5151 2138 5218 qui

573 5257 824 5316 operatur
860 5245 1058 5310 omnia,
1101 5254 1153 5297 et
1193 5243 1367 5297 divina
1414 5255 1631 5295 munera
1673 5240 1892 5309 singulis
1931 5239 2137 5304 dividit,

574 5346 731 5407 prout
757 5337 890 5388 vult.
913 5334 1039 5390 Haec
1063 5334 1198 5388 bene
1220 5333 1345 5386 novi
1371 5331 1620 5386 Ecclesia:
1645 5329 1964 5383 domesticos
1986 5329 2142 5383 robo-

574 5444 716 5493 rare,
749 5427 1098 5495 mordereque
1124 5439 1186 5479 ac
1210 5424 1542 5491 disrumpere
1562 5421 1800 5474 inimicos
1822 5420 1958 5488 ejus,
1975 5421 2142 5473 maxi-

573 5534 765 5588 meque
811 5520 908 5586 pia:
948 5516 1220 5586 religionis
1257 5516 1452 5576 hostes,
1486 5515 1574 5583 qui
1602 5529 1724 5566 cum
1749 5513 1904 5565 Patre
1928 5520 1981 5565 et
2009 5511 2141 5564 Filio

574 5607 973 5677 congloriﬁeare
1007 5607 1262 5678 Spiritum
1310 5615 1549 5659 sanctum
1598 5611 1862 5659 recusant.
1904 5601 1949 5656 Ο
1979 5603 2142 5656 mise-

579 5699 745 5755 riam!
775 5699 850 5753 Ne
879 5712 939 5753 ea
967 5697 1178 5767 quidem
1205 5709 1322 5760 quae
1347 5693 1521 5748 sortiti
1548 5702 1668 5746 sunt
1697 5691 1815 5762 ipsi,
1841 5691 2019 5745 volunt
2051 5691 2143 5744 tri-

1956 346 2317 409 SEVERIANI

3667 341 3792 399 508

2201 460 2363 513 buere
2388 455 2605 525 Spiritui
2636 465 2840 510 sancto.
2871 453 3154 524 Apostolus
3183 460 3355 506 autem
3381 451 3448 506 de
3473 465 3533 506 se
3552 492 3566 514 ,
3597 449 3785 518 deque

2201 549 2281 603 sui
2308 549 2565 602 similibus
2595 547 2823 609 dicebat,
2855 545 2916 599 Si
2935 546 3286 613 compatimur,
3309 544 3456 595 etiam
3481 540 3777 611 congloriﬁ—

2202 641 2426 693 cabimur
2471 638 2657 709 (Rom.
2696 637 2748 691 8.
2780 636 2903 704 l7).
2952 635 3146 688 Paulus
3183 631 3606 698 conglorilicatur
3647 643 3776 684 cum

2206 729 2316 782 Deo
2335 770 2349 793 ,
2379 738 2431 781 et
2457 729 2679 796 Spiritus
2705 741 2811 779 non
2839 723 3299 793 congioriﬁcatur?
3324 721 3558 774 Mortalis
3585 732 3775 774 natura

2205 819 2256 870 in
2284 826 2482 870 tantam
2509 816 2881 870 sublimitatem
2908 814 3168 876 evehitur,
3203 820 3258 864 ut
3279 826 3397 864 cum
3425 811 3635 862 Christo
3653 813 3777 877 glo-

2206 906 2457 963 riﬁcetur,
2488 915 2542 958 et
2566 904 2866 957 adorandus
2893 902 3139 970 Spiritus,
3165 916 3262 954 nec
3285 900 3468 952 iisdem
3498 899 3777 951 nobiscum

2207 995 2512 1051 muneribus
2551 995 2791 1050 fruetur?
2834 995 2908 1048 De
2947 995 3132 1048 iisdem
3177 992 3478 1045 hominibus
3520 992 3592 1042 ait
3635 991 3778 1044 idem

2207 1085 2495 1154 apostolus.
2523 1083 2582 1138 Si
2612 1085 2944 1153 conipatimur
2963 1123 2976 1146 ,
3010 1093 3056 1134 et
3078 1083 3488 1150 conregnabimus
3519 1080 3538 1150 (
3555 1081 3606 1132 2.
3635 1079 3776 1134 Tim.

2207 1174 2260 1226 2.
2284 1172 2408 1241 12);
2440 1181 2493 1226 et
2512 1172 2737 1240 Spiritus
2757 1182 2969 1226 sanctus
2993 1188 3095 1226 non
3123 1171 3362 1239 regnabit
3385 1185 3504 1223 cum
3531 1171 3782 1223 Christo?

2209 1265 2252 1318 0
2276 1266 2532 1332 ingratum
2556 1267 2784 1316 animmu
2807 1266 2819 1316 l
2845 1281 2876 1316 ο
2899 1265 3153 1316 insaniam
3177 1261 3586 1316 intolerandam!
3610 1275 3786 1315 osen-

2213 1356 2426 1409 teutiam
2455 1355 2686 1421 impiam,
2701 1365 2752 1408 et
2772 1357 3030 1424 ingentem
3055 1353 3455 1420 blasphemiam,
3472 1352 3786 1419 plagamque

2212 1445 2587 1498 incnrabilem!
2640 1443 2746 1499 Nos
2799 1453 3167 1512 exspectamus
3215 1454 3626 1510 conregnaturos
3683 1458 3788 1495 nos

2212 1549 2358 1599 esse;
2380 1543 2432 1587 et
2451 1532 2702 1601 Spiritum
2723 1543 2956 1587 sanctum
2973 1535 3023 1587 in
3045 1533 3432 1587 serviordiucm
3451 1531 3788 1600 redigemusi

2285 1625 2336 1678 6.
2383 1625 2506 1679 Hzec
2552 1641 2709 1693 porro
2745 1627 2989 1683 dicimus.
3019 1625 3230 1690 fratres,
3258 1641 3361 1678 non
3390 1625 3530 1693 quod
3558 1625 3791 1692 Spiritus

2214 1724 2429 1768 sanctus
2458 1714 2527 1768 ita
2558 1715 2746 1769 debeat
2771 1731 2888 1770 cum
2919 1716 3128 1770 Christo
3154 1715 3561 1783 congloriﬁcari,
3595 1726 3649 1768 ut
3688 1730 3794 1769 nos

2215 1805 2710 1873 congloriﬁcamur,
2748 1806 2840 1860 sed
2873 1817 2928 1858 ut
2959 1807 3282 1874 impietatem
3323 1821 3507 1860 eorum
3541 1805 3793 1859 confute-

2219 1908 2356 1955 mus,
2384 1893 2472 1960 qui
2505 1910 2602 1947 nec
2632 1902 2832 1947 tantum
2863 1895 3074 1962 quidem
3104 1895 3198 1962 ipsi
3228 1895 3460 1947 tribuere
3484 1895 3790 1962 dignantur.

2219 1983 2480 2055 Propitius
2524 1985 2598 2039 sis
2645 1986 2827 2051 nobis,
2874 1986 3114 2050 Domine,
3142 1987 3278 2039 circa
3303 2001 3362 2040 ea
3391 2002 3507 2054 qua:
3534 1987 3790 2042 diximus.

2219 2074 2366 2129 Licet
2398 2079 2538 2128 enim
2571 2076 2851 2143 impiorum
2891 2077 3028 2130 dicta
3065 2076 3375 2143 simpliciter
3415 2085 3468 2129 et
3505 2077 3793 2130 verborum

2220 2174 2374 2218 tenus
2401 2173 2602 2218 tantum
2633 2177 2953 2233 repetamus,
2981 2175 3211 2219 attamen
3241 2181 3417 2228 nemo,
3448 2166 3659 2228 fratres,
3690 2183 3795 2234 pu-

2222 2262 2295 2306 tet
2337 2252 2460 2306 hiuc
2503 2255 2874 2308 contumeliam
2903 2254 3119 2325 Spiritui
3160 2265 3341 2308 sancto
3387 2253 3601 2318 inferri,
3650 2256 3797 2323 quod

2220 2359 2402 2398 eorum
2427 2346 2760 2400 contumelia:
2799 2355 3126 2414 repetantur.
3161 2347 3280 2399 Illas
3304 2348 3447 2400 enim
3478 2349 3528 2399 in
3561 2347 3798 2399 medium

2225 2433 2543 2501 proferimus
2567 2475 2581 2498 ,
2616 2450 2719 2487 non
2743 2445 2802 2487 ut
2826 2436 3078 2502 impietati
3101 2437 3471 2499 assentiamur,
3505 2437 3595 2488 sed
3627 2446 3687 2488 ut
3711 2453 3801 2490 cr-

2225 2534 2400 2574 rorem
2444 2521 2802 2588 traducamus,
2844 2533 2897 2578 et
2939 2524 3145 2591 pietatis
3184 2525 3429 2578 alumnos
3455 2541 3481 2577 a
3515 2541 3673 2592 prava
3711 2527 3798 2579 illa

2224 2611 2464 2664 doctrina
2503 2621 2820 2665 avertamus.
2866 2613 3068 2664 Etenim
3107 2613 3362 2680 apostoli,
3397 2615 3484 2682 qui
3513 2614 3798 2668 Dominum

2225 2701 2491 2760 amabant,
2537 2708 2593 2753 et
2637 2700 2752 2766 ejus
2797 2701 3124 2768 majestatem
3169 2701 3446 2765 viderant,
3493 2701 3800 2754 Judaeorum

2227 2789 2572 2843 Contumelias
2613 2789 2665 2841 in
2711 2789 2876 2842 sacris
2903 2788 3199 2857 Erangeliis
3241 2789 3435 2842 referre
3463 2805 3566 2842 non
3595 2791 3804 2844 duhita-

2228 2888 2368 2932 runt.
2402 2879 2578 2945 Itaque
2607 2879 2800 2946 scripla
2824 2880 2891 2932 ibi
2918 2890 3040 2933 sunt
3064 2895 3406 2948 qumcnmque
3437 2882 3552 2934 ausi
3579 2895 3702 2935 sunt
3728 2885 3801 2936 illi

2230 2967 2295 3021 de
2325 2967 2537 3022 Christo
2564 2969 2762 3030 dicere,
2786 2969 2924 3036 quod
2959 2981 3204 3037 peccator
3231 2979 3370 3023 esset
3389 3011 3403 3032 ,
3433 2971 3572 3037 quod
3604 2987 3668 3024 ex
3699 2973 3804 3023 Deo

2230 3075 2333 3112 non
2360 3071 2522 3125 esset,
2551 3060 2792 3128 quodque
2818 3074 2994 3113 coram
3023 3075 3088 3114 eo
3110 3063 3220 3112 ausi
3254 3064 3357 3113 sint
3384 3060 3585 3126 dicere,
3619 3061 3805 3115 Sama-

2230 3153 2423 3202 rilanus
2449 3166 2498 3203 es
2524 3160 2596 3212 tu,
2621 3160 2666 3202 et
2687 3150 2986 3203 dwmonium
3011 3150 3158 3204 habes
3186 3149 3360 3219 (Joan.
3386 3151 3436 3204 8.
3467 3151 3583 3219 48).
3612 3152 3804 3205 Verum

2233 3242 2499 3310 Scriptura
2552 3257 2655 3294 nou
2706 3243 2992 3310 scriptores
3030 3253 3260 3307 accusat,
3308 3242 3400 3296 sed
3441 3243 3802 3312 blasphemos.

2233 3331 2367 3383 Audi
2416 3329 2642 3398 Spiritus
2687 3330 2793 3382 vim
2844 3338 2894 3383 et
2936 3329 3242 3393 efﬁcaciam,
3285 3331 3406 3384 audi
3441 3334 3804 3399 apostolorum

2235 3422 2436 3484 laudes,
2483 3437 2666 3474 eorum
2715 3437 2938 3489 sequere
2986 3422 3303 3487 doctrinam,
3349 3433 3556 3478 sectare
3601 3438 3805 3493 patrum

2237 3513 2492 3584 vestigia;
2523 3529 2590 3570 ne
2619 3529 2683 3567 ex
2715 3514 3055 3582 profanorum
3088 3517 3318 3584 vestigiis
3356 3516 3407 3568 iu
3451 3533 3692 3571 errorem
3719 3519 3810 3573 de-

2236 3604 2483 3659 ducaris:
2516 3605 2827 3659 Trinitatem
2851 3606 3032 3672 adora,
3066 3606 3372 3661 Trinitatem
3402 3608 3666 3676 gloriﬁca,
3696 3611 3812 3663 Tri-

2238 3695 2453 3748 nitatem
2485 3696 2731 3767 prmdica.
2764 3695 2837 3748 lta
2856 3695 3089 3749 sentiunt
3113 3697 3400 3764 prophetae,
3427 3698 3496 3750 ita
3522 3699 3811 3765 praedicant

2237 3787 2480 3855 apostoli,
2512 3787 2579 3839 ita
2609 3787 2829 3840 credunt
2855 3795 3133 3858 martyres.
3166 3788 3299 3841 Audi
3332 3789 3552 3842 Paulum
3583 3790 3813 3844 Trini'a-

2241 3890 2343 3934 tem
2391 3880 2766 3948 prmdicantem
2796 3897 2807 3931 :
2841 3879 3123 3933 Divisiones
3169 3882 3444 3949 gratiarum
3481 3891 3634 3946 sunt,
3683 3883 3816 3936 idem

2239 3979 2404 4022 autem
2444 3969 2702 4037 Spiritus;
2749 3969 3013 4021 divisiones
3052 3970 3472 4022 ministrationum
3511 3979 3649 4031 sunt,
3684 3973 3815 4024 idem

2239 4070 2405 4114 autem
2433 4059 2712 4117 Dominus;
2738 4059 3001 4112 divisiones
3026 4059 3369 4124 operationum
3390 4068 3525 4120 sunt,
3547 4060 3680 4110 idem
3703 4076 3815 4113 vero

2241 4149 2398 4211 Deus,
2434 4149 2516 4216 qui
2560 4157 2795 4216 aperatur
2838 4147 3004 4199 omnia
3050 4148 3101 4198 in
3143 4147 3368 4198 omnibus
3401 4146 3472 4215 (1.
3499 4147 3618 4200 Cor.
3648 4149 3732 4202 12.
3762 4151 3820 4202 4-

2242 4239 2317 4307 6).
2364 4238 2472 4291 Cur
2512 4252 2615 4289 non
2666 4237 2847 4302 incipit
2875 4251 2902 4288 a
2934 4235 3126 4288 Patre?
3166 4251 3260 4288 cur
3300 4250 3404 4288 nou
3454 4237 3626 4301 primo
3671 4239 3817 4291 illum

2247 4329 2512 4397 praedicat,
2543 4327 2734 4380 deinde
2762 4325 2973 4388 Filium,
3006 4327 3216 4378 demum
3249 4325 3503 4392 Spiritum
3536 4331 3819 4379 sanctum?

2246 4421 2534 4474 lnvertisne
2576 4418 2852 4484 ordinem,
2886 4417 3079 4471 Paule?
3119 4425 3361 4470 mutasne
3403 4417 3640 4470 seriem?
3691 4417 3821 4470 Dum

2244 4512 2492 4565 Servatur
2532 4510 2601 4562 ita
2649 4507 2940 4570 tradiderit,
2974 4505 3038 4559 In
3067 4507 3266 4559 nomine
3291 4506 3483 4568 Patris,
3510 4516 3553 4558 et
3586 4505 3748 4570 Filii,
3777 4518 3821 4560 et

2247 4602 2468 4669 Spiritus
2494 4600 2653 4652 sancti
2683 4596 2894 4669 (Matth.
2923 4597 3012 4651 9.8.
3040 4595 3164 4665 l9),
3196 4605 3320 4650 tune
3347 4597 3509 4648 solvis
3542 4597 3821 4664 theologize

2247 4684 2455 4752 legem?
2501 4681 2692 4734 Verum
2733 4680 2871 4733 absit
2903 4695 2971 4733 ne
3007 4678 3128 4747 quid
3158 4679 3260 4732 tale
3288 4694 3532 4746 tanquam
3563 4678 3630 4732 de
3660 4679 3822 4731 Paulo

2247 4775 2557 4844 cogitemus.
2607 4771 2830 4826 Sanctus
2873 4771 3013 4824 enim
3059 4770 3146 4824 llle
3185 4779 3239 4823 et
3271 4770 3597 4825 admirabilis
3623 4785 3820 4839 pra-co,

2250 4864 2350 4918 hoc
2376 4862 2540 4932 probe
2567 4870 2818 4923 noverat,
2852 4875 2909 4912 se
2939 4859 3142 4914 etiamsi
3170 4859 3396 4925 Spiritus
3429 4861 3600 4926 primo
3632 4860 3822 4912 menti-

2249 4955 2408 5007 uisset
2433 4991 2448 5016 ,
2479 4950 2820 5004 nihilominus
2850 4949 3163 5017 theologiam
3193 4948 3409 5001 ill.esam
3442 4962 3657 5000 servare
3680 4989 3694 5010 ,
3728 4963 3822 5000 ue-

2247 5060 2351 5113 que
2377 5041 2714 5097 inconfusam
2758 5047 2996 5092 naturam
3036 5037 3353 5091 contumelia
3394 5036 3608 5090 afﬁcere
3653 5052 3824 5105 neque

2249 5135 2484 5189 dividere
2539 5129 2908 5185 indivisibilem
2959 5129 3288 5196 dignitatem.
3349 5125 3604 5193 Spiritutn
3656 5127 3828 5194 primo

2250 5233 2549 5287 memorat,
2600 5233 2658 5275 ut
2710 5220 2983 5283 ostendat,
3030 5219 3322 5287 Spiritum,
3374 5216 3475 5270 etsi
3527 5227 3826 5285 postremus

2250 5317 2545 5388 scribatur,
2602 5326 2706 5363 non
2755 5310 2876 5362 hinc
2926 5308 3170 5360 ultimum
3203 5315 3255 5359 et
3298 5320 3619 5374 poStremum
3665 5305 3822 5359 efﬁci.

2249 5409 2381 5475 Quia
2424 5406 2563 5459 enim
2607 5403 2678 5455 illi
2723 5415 2880 5469 prave
2932 5399 3346 5464 interpretantur
3386 5411 3490 5450 non
3536 5410 3827 5446 COllttltlttc-

2250 5507 2446 5559 rantes,
2478 5493 2569 5548 sed
2626 5489 2908 5563 posteriori
2954 5487 3140 5540 ordine
3185 5497 3523 5539 numerantes
3565 5494 3681 5552 post
3730 5485 3826 5536 Pa-

2251 5602 2382 5644 trem
2432 5587 2618 5640 Filium
2648 5626 2660 5645 ,
2715 5591 2833 5651 post
2877 5580 3065 5633 Filium
3104 5577 3354 5647 Spiritum
3391 5586 3631 5632 sanctum
3681 5576 3826 5642 (pri-

2251 5699 2367 5737 mus
2394 5680 2554 5744 enim,
2587 5683 2753 5742 aiunt,
2783 5673 2959 5739 Pater,
2989 5670 3249 5725 secundus
3281 5668 3468 5732 Filius,
3502 5667 3689 5722 tertius
3713 5664 3831 5742 Sy",-
