3984 6430
228 351 349 405 507

219 459 331 527 γάρ
363 457 534 526 Ἀδάμ
556 455 810 519 πλασθεὶς
832 456 1020 510 ἐλαϐεν
1040 458 1339 528 ἐμφύσημα
1355 460 1495 529 ζωῆς
1522 463 1796 530 (Ὲνεφύ-

217 560 382 611 σησε
407 545 515 612 γὰρ
551 546 583 597 ὁ
620 543 759 610 Θεὸς
793 547 881 610 είς
907 545 971 598 τὸ
993 547 1317 613 πρόσωπον
1335 548 1443 601 τοῦ
1478 549 1666 617 Ἀδὰμ,
1697 549 1794 603 καί

216 628 458 696 ἐγένετο
471 630 558 691 είς
573 627 784 695 ψυχὴν
805 627 1039 696 ζῶσαν),
1058 629 1085 681 6
1105 629 1284 682 λαϐὼν
1301 631 1503 692 ἐκεῖνος
1525 632 1793 697 ἀπώλεσε,

216 709 379 762 τοῦτο
422 709 612 778 παρὼν
671 709 1063 779 ἀνακαλοῦμαι.
1129 711 1356 780 Ἐγείρω
1403 713 1492 764 τὸν
1541 714 1794 776 πεσόντα,

215 791 552 854 ἀνακαινίζω
583 792 672 843 16v
702 791 1000 862 φθαρέντα,
1040 792 1286 855 ζωοποιῶ
1317 794 1408 847 τὸν
1431 795 1791 864 νεκρωθέντα.

216 875 506 943 Μαρτυρεῖ
535 891 634 941 μου
669 877 735 944 τῇ
772 875 1052 945 οἰκονομίᾳ
1081 877 1173 927 καὶ
1215 878 1242 929 6
1283 878 1562 945 προφήτης
1596 876 1797 944 βοήσας

219 972 324 1024 μου
369 956 470 1024 τὴν
508 955 834 1024 ἐμφύσησιν.
887 957 994 1008 Καὶ
1038 957 1124 1019 τίς
1161 959 1187 1009 6
1235 957 1478 1009 ἀναεοῶν
1512 960 1796 1028 προφήτης

215 1039 603 1103 προαναφωνεϊ
629 1036 723 1107 τὴν
761 1037 920 1105 ἁγίαν
957 1038 1158 1107 ταύτην
1192 1039 1535 1107 ἐμφύσησινς
1575 1041 1794 1101 Ἄκουε,

216 1117 372 1186 φησὶ,
423 1118 518 1168 τοῦ
567 1120 844 1189 προφήτου
890 1120 1138 1186 λέγοντος
1183 1123 1240 1172 ἐν
1281 1124 1390 1182 τοῖς
1442 1121 1792 1173 δυοκαίδεκα·

214 1199 413 1267 Ναοῦμ
428 1199 485 1251 δὲ
506 1199 676 1269 τούτῳ
695 1200 864 1268 ὄνομα
881 1219 893 1232 -
923 1201 1205 1269 Ἐόρταζε,
1231 1201 1450 1262 Ἰούδα,
1470 1202 1574 1267 τὰς
1588 1202 1796 1269 ἑορτάς

215 1298 354 1345 σου,
394 1282 621 1348 ἀπόδος
661 1281 739 1346 τῷ
781 1283 901 1347 Θεῷ
927 1286 1034 1350 τὰς
1063 1285 1247 1353 εὐχάς
1273 1301 1408 1338 σου.
1453 1287 1662 1338 Οὐκέτι
1709 1285 1792 1353 μὴ

217 1363 569 1431 προσθῶσιν
609 1365 808 1418 ἐλθεῖν
847 1368 995 1432 πρὸς
1036 1370 1400 1421 παλαίωσιν·
1444 1367 1796 1421 συντετέλε-

219 1462 358 1499 σται
392 1447 462 1498 τὰ
509 1447 721 1517 πρῶτα,
766 1449 958 1518 φησίν·
1005 1449 1200 1503 οὐκέτι
1235 1452 1305 1504 οὐ
1329 1451 1414 1519 μὴ
1450 1450 1798 1519 προσθῶσιν

219 1529 421 1582 ἐλθεῖν
446 1530 594 1596 πρὸς
624 1532 976 1584 παλαίωσιν.
1010 1531 1118 1599 Τὴν
1155 1534 1346 1602 καινὴν
1383 1535 1538 1602 χάριν
1570 1534 1797 1600 είιαγγε⁶

220 1611 447 1675 λίζεται,
481 1613 562 1663 ὅτι
600 1613 663 1664 τὰ
702 1613 903 1664 παλαιά
941 1613 1232 1675 πέπαυται,
1269 1615 1336 1667 τὰ
1383 1616 1478 1667 νέα
1522 1614 1793 1668 ἀνθοῦσιν.

230 1692 489 1759 Ὲόρταζε
517 1695 622 1759 τὰς
655 1685 864 1761 ἑορτάς
903 1710 1038 1748 σου.
1068 1696 1165 1748 Διά
1206 1697 1276 1755 τί,
1321 1697 1665 1764 Ἑόρτασον,
1690 1695 1798 1746 ὀνο-

224 1775 414 1842 μάζεις
460 1776 674 1845 Ἐπειδὴ
713 1780 769 1829 ἐν
815 1781 880 1846 τῇ
931 1778 1088 1847 ἑορτῇ
1136 1779 1229 1830 τοῦ
1273 1779 1462 1845 Πάσχα
1505 1777 1795 1835 ἀνάστασις

220 1857 450 1924 ἤμελλεν
498 1858 745 1926 ἀνθῆσαι.
811 1859 1103 1925 Ἐόρταζε,
1155 1859 1352 1928 φησὶν,
1417 1857 1631 1918 Ἰούδα,
1691 1858 1798 1920 τὰς

218 1937 426 2005 ἑορτάς
484 1955 621 2000 σου,
667 1938 892 2004 ἀπόδος
943 1938 1022 2003 τῷ
1083 1940 1202 2004 Θεῷ
1260 1941 1367 2006 τὰς
1431 1939 1616 2008 εὐχάς
1656 1954 1791 1991 σου.

221 2022 430 2074 Οὐκέτι
479 2022 566 2089 μὴ
623 2020 971 2089 προσθῶσιν
1024 2024 1221 2077 ἐλθεῖν
1277 2027 1364 2088 είς
1428 2025 1791 2076 παλαίωσιν·

215 2104 698 2161 συντετέλεσται.
730 2105 1004 2170 ἐξῆρται·
1035 2107 1296 2164 τουτέστι,
1329 2107 1395 2157 τά
1427 2105 1619 2173 πρῶτα
1646 2104 1796 2166 τέλος

215 2184 347 2254 ἔχει.
383 2185 496 2237 Καὶ
528 2185 614 2236 διά
656 2187 705 2238 τί
737 2188 885 2248 τέλος
917 2189 1028 2256 ἔχει
1070 2190 1136 2240 τα
1169 2189 1395 2258 πρῶτας
1447 2188 1643 2252 Ἀνέϐη
1689 2187 1795 2254 γὰρ

213 2267 280 2320 ἐκ
311 2266 423 2334 τῆς
460 2265 574 2334 τῆς
603 2271 633 2320 ὀ
657 2268 946 2335 ἐμφυσῶν
966 2273 1053 2335 εἰς
1086 2271 1150 2323 τὸ
1180 2272 1504 2337 πρόσωπόν
1534 2283 1670 2330 σου,
1699 2268 1794 2320 καί

213 2349 638 2417 ἐξαιρούμενός
659 2366 732 2401 σε
767 2353 835 2402 ἐκ
882 2352 1159 2418 θλίψεως.
1207 2351 1364 2404 Ἀλλά
1404 2353 1565 2404 πάλιν
1595 2353 1797 2402 ἐπανα-

213 2430 487 2500 λάϐωμεν.
536 2432 819 2498 Ἐόρταζε,
861 2433 1064 2497 Ἰούδα,
1106 2436 1210 2500 τὰς
1233 2434 1442 2502 ἑορτάς
1475 2449 1611 2495 σου,
1648 2434 1795 2486 ἀπό-

213 2512 316 2578 δος
351 2513 430 2578 τῷ
463 2513 582 2577 Θεῷ
606 2515 710 2578 τὰς
731 2514 913 2581 εὐχάς
938 2534 1073 2569 σου.
1106 2517 1312 2571 Οὐκέτι
1332 2517 1415 2585 μὴ
1449 2515 1798 2582 προσθῶσιν

212 2597 412 2649 ἐλθεῖν
459 2599 545 2660 είς
566 2597 923 2650 παλαίωσιν.
952 2599 1106 2660 Τίνες
1142 2601 1196 2652 al
1225 2599 1439 2668 ἐορταίς
1469 2597 1649 2650 Ἦσαν
1689 2599 1794 2667 γάρ

212 2679 416 2729 ἐκεῖναι
456 2679 510 2728 αἱ
558 2677 780 2730 παλαιαὶ
828 2679 935 2730 τῶν
985 2680 1118 2732 νέων
1162 2683 1422 2750 φέρουσαι
1463 2681 1562 2751 τὴν
1591 2680 1791 2732 εἰκόνα.

211 2759 410 2828 Πρώτη
447 2759 555 2811 τῶν
593 2760 841 2830 Ἀζύμων
876 2762 1076 2831 ἡμέρα,
1113 2762 1275 2814 είκὼν
1305 2759 1439 2814 οὖσα
1467 2762 1556 2813 τοῦ
1590 2761 1795 2822 πάθους

209 2844 322 2901 τοῖς
361 2841 602 2907 ἀκριϐῶς
647 2842 976 2904 ἐξετάζουσι.
1029 2846 1183 2896 Μετά
1226 2844 1428 2914 ταύτην
1474 2844 1651 2912 ἡμέρα
1696 2843 1794 2911 τῆς

212 2923 612 2992 Πεντηκοστῆς,
643 2926 802 2976 εἰκὼν
823 2923 958 2978 οὖσα
989 2928 1078 2978 ml
1106 2927 1245 2996 αὐτὴ
1275 2927 1373 2996 τῆς
1397 2927 1491 2978 τοῦ
1519 2927 1675 2993 ἁγίου
1699 2925 1794 2977 καὶ

211 3008 587 3076 προσκυνητοῦ
643 3009 954 3077 Πνεύματος
998 3012 1405 3078 ἐπιφοιτήσεως.
1465 3011 1524 3061 Ἦ
1575 3010 1632 3061 δὲ
1686 3009 1794 3060 τῶν

213 3091 606 3157 Σκηνοπηγίων
639 3091 800 3141 εἰκὼν
831 3093 922 3142 καὶ
950 3092 1086 3160 αὑτὴ
1113 3089 1179 3159 ἦν
1205 3091 1312 3143 τῶν
1336 3092 1548 3160 σκηνῶν
1575 3092 1682 3143 τῶν
1706 3091 1795 3142 ού-

209 3173 431 3238 ρανίων.
467 3172 686 3232 ’Τούτοις
719 3185 743 3211 α
775 3174 866 3224 καὶ
896 3175 922 3224 6
947 3173 1146 3242 Κύριος
1180 3173 1601 3243 ἐνδεικνύμενος,
1642 3176 1794 3224 ἐπει-

206 3254 386 3322 δήπερ
433 3254 635 3305 ἐκεῖναι
683 3250 822 3323 ἦσαν
864 3255 1207 3324 πρόσκαιροι,
1247 3255 1566 3324 βουλόμενος
1600 3253 1790 3318 δεῖξαι,

206 3338 290 3389 ὅτι
316 3339 372 3389 αἱ
397 3339 592 3405 σκηναὶ
614 3340 816 3389 ἐκεῖναι
841 3338 1010 3399 τύπος
1039 3341 1144 3390 είσὶ
1184 3339 1292 3390 τῶν
1319 3339 1622 3408 μελλουσῶν
1660 3353 1792 3407 σκη-

207 3421 337 3483 νῶν,
361 3420 510 3491 [520]
534 3421 686 3485 ἔλεγε
709 3421 842 3488 πρὸς
866 3422 989 3480 τοὺς
1012 3424 1066 3472 ἐν
1088 3421 1162 3486 τῷ
1187 3421 1375 3489 κόσμῳ
1399 3420 1753 3481 πλουτοῦντας
1774 3437 1788 3451 ·

205 3502 507 3569 Ποιήσατε
534 3500 673 3568 ὑμῖν
696 3502 912 3569 φίλους
955 3501 1022 3553 ὲκ
1061 3500 1167 3553 τοῦ
1197 3498 1492 3568 μαμμωνᾶ
1519 3499 1626 3566 τῆς
1660 3502 1790 3554 ἀδι-

206 3584 345 3648 κίας
366 3599 378 3611 ·
412 3584 489 3636 ἵν’
521 3583 664 3634 ὅταν
685 3582 1068 3654 ἐκλ[ε].σ’πητε,
1088 3583 1372 3645 δέξωνται
1398 3581 1552 3650 ὑμᾶς
1568 3585 1650 3647 είς
1685 3582 1791 3645 τὰς

205 3666 490 3729 αίωνίους
522 3663 779 3730 σκηνάς.
814 3667 878 3715 Al
905 3661 996 3716 οῦν
1038 3665 1364 3732 πρόσκαιροι
1394 3664 1589 3732 σκηναὶ
1620 3664 1790 3724 τύπος

201 3745 344 3818 ἦσαν
375 3747 486 3799 τῶν
516 3749 746 3800 αἰωνίων
779 3747 1013 3815 σκηνῶν.
1059 3748 1210 3801 Ἐπεὶ
1239 3744 1330 3799 οὖν
1365 3750 1396 3816 ἡ
1428 3747 1521 3798 τοῦ
1553 3746 1787 3817 Χριστοῦ

203 3830 490 3898 οίκινομία
523 3829 648 3890 τοὺς
705 3831 801 3898 μὲν
836 3829 1095 3891 παλαιοὺς
1139 3830 1340 3893 τύπους
1383 3831 1641 3898 ἐπλήρου,
1691 3830 1789 3898 τὴν

202 3914 262 3966 δέ
315 3913 444 3964 νέαν
491 3913 649 3980 χάριν
687 3911 933 3980 ἐξήνθει,
975 3912 1153 3974 καλῶς
1185 3915 1212 3964 6
1238 3913 1519 3981 προφήτης
1553 3929 1790 3981 προανα-

203 3998 377 4065 φωνεῖ
412 3994 585 4060 λέγων
607 4010 621 4023 ·
675 3991 957 4058 Ἐόρταζε,
1013 3993 1218 4055 Ἰούδα,
1263 3993 1370 4057 τὰς
1407 3994 1616 4060 ἑορτάς
1649 4011 1784 4057 σου,

200 4078 434 4142 ἀπόδος
472 4075 550 4139 τῷ
601 4074 720 4139 Θεῴ
760 4076 862 4139 τὰς
897 4075 1080 4143 εὐχάς
1128 4091 1277 4128 σου·
1328 4076 1580 4145 σημαίνει
1631 4076 1658 4114 1)
1704 4078 1784 4139 τὸ,

205 4160 420 4214 Οὐκέτι
449 4159 558 4227 γάρ
590 4158 675 4225 μὴ
705 4156 1050 4224 προσθῶσιν
1083 4158 1282 4210 ἐλθεῖν
1311 4161 1396 4222 είς
1425 4158 1782 4210 παλαίωσιν.

216 4241 688 4294 Ἀνακεκαίνισται
740 4241 846 4310 γὰρ
898 4241 965 4291 τὰ
1019 4241 1220 4293 παλαιὰ
1263 4239 1350 4292 διὰ
1401 4241 1498 4309 τῆς
1543 4241 1782 4309 χάριτος,

204 4325 696 4382 Συντετέλεσται.
727 4324 986 4392 ἐξῆρταιο
1032 4325 1228 4390 Ἀνέϐη
1271 4328 1378 4393 γὰρ
1420 4325 1488 4376 ἐκ
1535 4324 1642 4391 τῆς
1676 4322 1786 4391 γῆς

205 4412 237 4462 ό
269 4405 562 4475 ἐμφυσῶν
604 4409 688 4470 είς
726 4407 792 4458 τὸ
836 4407 1160 4472 πρόσωπόν
1189 4425 1324 4467 σου,
1372 4407 1469 4458 καί
1517 4407 1785 4474 ἐξαιρού-

199 4493 386 4559 μενός
420 4503 494 4540 σε
518 4489 583 4540 ἐκ
613 4490 890 4555 θλίψεως.
931 4489 1069 4540 Ἀλλ’
1098 4492 1126 4541 6
1157 4490 1253 4557 μὲν
1284 4491 1567 4559 προφήτης
1591 4491 1786 4559 Ναοῦμ

203 4572 426 4642 γυμνῶς
460 4587 540 4621 σοι
574 4572 880 4640 παρέστησε
910 4571 1000 4623 16v
1028 4573 1124 4641 τὴν
1161 4573 1320 4638 ἁγίαν
1353 4574 1510 4643 χάριν
1547 4574 1786 4642 ἐμπνεύ-

205 4671 376 4706 σαντα
403 4652 603 4721 Κύριον
624 4671 636 4683 ο
680 4654 907 4715 Ἡσαΐας
944 4654 999 4706 δὲ
1029 4656 1119 4706 καὶ
1155 4655 1313 4716 αὐτὸς
1336 4657 1506 4725 ἑτέρῳ
1533 4658 1717 4728 τρόπῳ
1759 4668 1779 4694 ο

203 4737 295 4789 16v
345 4737 410 4787 ἐκ
462 4735 670 4803 νεκρῶν
719 4736 1024 4788 ἀναστάντα
1075 4737 1168 4788 ml
1210 4737 1430 4806 Πνεῦμα
1479 4740 1630 4805 ἅγιον
1674 4743 1786 4802 τοῖς

204 4817 399 4873 ἐαυτοῦ
429 4817 780 4886 χαριζόμενον
813 4822 1187 4887 προαναφωνεῖ
1225 4819 1396 4888 λέγων
1417 4837 1430 4850 ·
1480 4821 1782 4889 Ἐμνήσθη

204 4900 442 4969 ἡμερῶν
462 4902 713 4953 αἰωνίων
738 4903 770 4952 o'
790 4901 1156 4966 ἀναϐιϐάσας
1171 4904 1237 4954 ἐκ
1273 4902 1380 4971 γῆς
1406 4907 1510 4957 τὸν
1534 4905 1786 4973 ποιμένα

203 4986 322 5037 τῶν
370 4984 695 5052 προϐάτων.
747 4985 858 5036 Καὶ
912 4985 1032 5038 ἀντὶ
1063 4986 1179 5050 τοῦ,
1234 4989 1644 5054 Ἐνεςςύσησεν
1696 4993 1784 5054 εἰς

205 5068 270 5120 τὸ
300 5071 625 5134 πρόσωπον
663 5070 870 5131 αὑτοῦ,
906 5069 1107 5132 εὐθέως
1127 5072 1402 5140 ἐπήγαγεν
1424 5088 1436 5100 ·
1478 5074 1538 5124 '0
1566 5075 1688 5137 θεὶς
1715 5074 1785 5124 ἐν

204 5149 408 5214 αὐτοῖς
430 5149 496 5201 τὸ
525 5149 763 5218 Πνεῦμα
782 5150 847 5202 τὸ
882 5151 1070 5219 ἅγιον.
1116 5153 1176 5204 ’Π
1210 5153 1362 5224 θεῖκὴ
1390 5156 1534 5220 ἀξία,
1567 5158 1600 5226 ἡ
1629 5155 1783 5226 eam;

204 5232 563 5302 προσηγορία,
593 5233 653 5284 16
685 5234 960 5300 βασιλικὸν
993 5235 1227 5304 ἀξίωμα,
1259 5239 1290 5305 ή
1338 5237 1602 5308 ἄχραντος
1635 5240 1781 5305 δόξα,

205 5316 299 5368 καὶ
332 5315 366 5384 ή
399 5314 780 5383 άκατάληπτος
813 5317 1039 5386 δύναμις
1071 5319 1130 5370 τὸ
1159 5318 1235 5387 τῷ
1265 5321 1438 5390 Πατρὶ
1473 5321 1785 5386 συνδοξαζό-

207 5415 387 5467 μενον,
412 5399 503 5450 καὶ
528 5397 638 5466 Υἱῴ
663 5399 1078 5466 συμϐασιλεύον,
1106 5404 1199 5454 καὶ
1220 5404 1474 5474 ἐνεργοῦν
1496 5405 1560 5457 τά
1586 5407 1781 5473 πάντα,

206 5483 298 5532 καὶ
327 5479 568 5551 διαιροῦν
600 5481 667 5532 τά
703 5482 818 5534 θεῖα
841 5485 1154 5554 χαρίσματα
1198 5487 1430 5556 ἑκάστῳ,
1456 5489 1633 5552 καθὼς
1664 5489 1786 5559 βού-

257 5603 288 5633 ‘
323 5603 440 5653 Haec
464 5606 620 5653 vitiata
646 5607 892 5658 videnlur.

265 5665 290 5703 ι)
317 5677 432 5729 ξιιινΣ
447 5669 569 5725 conj.
605 5671 823 5729 σήμαινε.

263 5729 286 5758 °
313 5727 384 5783 [La
413 5727 534 5791 Reg.
566 5727 772 5789 optimc.
795 5732 924 5782 Edil.
952 5747 1068 5784 vero
1091 5737 1136 5783 ἐν
1160 5737 1303 5799 ἑτέρῳ
1327 5738 1475 5798 τόπῳ.

1392 349 1480 406 DE
1522 349 1882 407 SERPENTE
1923 351 2228 408 IIOMIIJA.

3375 359 3489 415 508

1901 461 2069 515 λεται.
2093 463 2276 516 Ταῦτα
2306 459 2363 515 εὖ
2393 459 2509 516 οἶδα
2533 464 2612 515 ὅτι
2646 461 2885 530 στηρίξει
2919 459 3161 531 μὲντοὺς
3189 457 3349 522 ἰδίους
3371 457 3472 525 τῆς

1912 545 2256 610 Ἐκκλησίας,
2277 544 2458 597 δάκνει
2487 546 2543 597 δὲ
2569 545 2693 606 τοὺς
2721 543 2946 613 ἐχθροὺς
2975 542 3070 594 καὶ
3089 540 3468 610 διαρῤήγνυσι.

1902 635 2132 702 μάλιστα
2158 635 2284 696 τοὺς
2315 636 2537 705 ἐχθροὺς
2569 636 2666 704 τῆς
2690 635 2989 697 εὐσεϐείας,
3014 634 3140 694 τοὺς
3176 648 3472 700 παραιτου-

1902 717 2095 785 μένους
2141 719 2314 787 Πατρ“ι
2365 719 2457 770 καὶ
2499 718 2612 787 mp
2659 717 2993 780 συνδοξάζειν
3039 717 3098 768 16
3140 714 3359 783 Πνεῦμα
3410 714 3472 766 16

1898 798 2072 864 ἅγιον.
2106 801 2167 850 Ὢ
2198 799 2297 867 τῆς
2328 800 2662 868 ἀθλιότητοςί
2689 799 2820 852 Ούδέ
2838 792 2910 850 ὧν
2945 797 3151 865 ἔτυχον,
3183 794 3476 862 καταξιοῦν

1898 880 2138 931 ἐθέλουσι
2174 880 2233 932 16
2260 881 2480 948 Πνεῦμα
2509 881 2569 931 16
2592 881 2652 946 ἀγ
2667 898 2760 931 ιον.
2806 881 2863 932 '0
2894 879 2948 931 δέ
2991 877 3310 940 Ἀπόστολος
3345 877 3472 947 περὶ

1899 962 2091 1015 ἐαυτοῦ
2117 962 2336 1014 καὶτῶν
2361 965 2477 1015 κατ’
2500 962 2660 1015 αὑτὸν
2683 962 2884 1028 ἔλεγεν,
2918 965 2987 1016 Ei
3009 959 3468 1028 συμπάσχομεν.

1898 1044 1994 1097 καί
2026 1043 2662 1112 συνδοξασθησόμεθα.
2689 1043 2898 1107 Παῦλος
2926 1044 3298 1106 συνδοξάξεται
3330 1041 3470 1111 Θεῷ,

1899 1127 1989 1178 ml
2012 1126 2069 1177 16
2094 1126 2314 1195 Πνεῦμα
2354 1128 2415 1178 οὐ
2450 1124 2855 1190 συνδοξάςεταις
2901 1125 2963 1175 Ἡ
2993 1122 3158 1192 θνητὴ
3201 1122 3358 1190 φύσις
3384 1138 3473 1174 το-

1901 1209 2085 1259 σοῦτον
2114 1209 2387 1274 ἀνάγεται,
2433 1207 2506 1271 ὠς
2539 1208 2755 1276 Χριστῷ
2796 1206 3230 1270 συνδοξάζεσθαι,
3274 1206 3369 1257 καὶ
3411 1203 3471 1256 16

1898 1291 2266 1361 προσκυνητὸν
2290 1289 2510 1360 Πνεῦμα
2532 1290 2647 1342 οὐδὲ
2672 1290 2778 1341 τῶν
2805 1289 2982 1341 αὐτῶν
3006 1292 3036 1359 ή
3046 1292 3135 1359 μίν
3159 1288 3473 1348 κοινωνήσει

1900 1373 2414 1442 πλεονεκτημάτων;
2465 1375 2572 1425 Καὶ
2611 1372 2734 1441 περὶ
2779 1372 2874 1441 μὲν
2907 1373 3209 1443 ἀνθρώπων
3239 1369 3404 1440 φησὶν
3443 1371 3472 1422 6

1899 1455 2058 1517 αὐτὸς
2088 1455 2379 1516 ἀπόστολος
2400 1474 2413 1485 ·
2433 1458 2501 1506 El
2525 1454 2920 1523 ὑπομένομεν,
2943 1454 3039 1505 καί
3064 1450 3472 1520 συμϐασιλεύο

1898 1552 2086 1604 σομεν
2109 1553 2122 1566 ·
2158 1537 2219 1588 τὸ
2249 1537 2305 1589 δὲ
2329 1538 2549 1605 Πνεῦμα
2579 1537 2638 1588 16
2665 1537 2816 1604 ἅγιον
2842 1537 2902 1587 οὐ
2943 1532 3474 1604 συμὸασιλεύειΧρι-

1901 1620 2041 1688 στῶς
2070 1621 2132 1670 Ὢ
2160 1620 2256 1688 τῆς
2286 1620 2482 1688 πολλῆς
2517 1619 2935 1688 ἀγνωμοσύνηςί
2962 1616 3006 1670 ὣ
3027 1618 3122 1685 τῆς
3151 1614 3352 1682 πολλῆς
3381 1613 3476 1666 καὶ⁸

1898 1701 2170 1769 ἀφορήτου
2205 1703 2426 1770 μανίαςί
2462 1701 2506 1752 ὣ
2530 1700 2752 1769 γνώμης
2791 1701 2970 1763 ἀθέου,
3005 1701 3097 1751 καὶ
3130 1696 3473 1767 βλασφημίας

1899 1785 2154 1853 ἀμέτρου,
2200 1786 2294 1836 καὶ
2321 1784 2530 1854 πληγῆς
2565 1784 2821 1836 ἀνιάτουί
2867 1783 3054 1850 Ἡμεῖς
3089 1781 3473 1852 προσδοκῶμεν

1901 1865 2347 1935 συμϐασιλεύσαι,
2398 1866 2489 1919 ml
2538 1865 2596 1916 16
2642 1864 2864 1933 Πνεῦμα
2903 1864 2964 1916 16
3013 1864 3164 1930 ἅγιον
3198 1863 3254 1916 ἐν
3287 1860 3472 1914 δούλου

1897 1948 2047 2011 τάξει
2087 1948 2494 2017 κατατάττομεν
2514 1965 2526 2011 ;

1970 2038 2041 2095 ς’.
2072 2031 2255 2084 Ταῦτα
2285 2033 2340 2085 δέ
2367 2050 2565 2100 φαμεν,
2588 2031 2824 2097 ἀδελφοὶ,
2852 2030 2948 2098 οὐχ
2975 2031 3050 2090 ὠς
3080 2025 3474 2097 παραπλησίως

1898 2115 2027 2182 ἡμῖν
2048 2114 2349 2182 ὀφείλοντος
2375 2113 2466 2165 τοῦ
2497 2114 2649 2180 ἁγίου
2679 2112 2991 2180 Πνεύματος
3013 2111 3088 2180 τῷ
3118 2110 3333 2180 Χριστῷ
3357 2125 3476 2160 συν-

1896 2195 2230 2260 δοξάζεσθαι,
2272 2195 2406 2248 άλλά
2447 2196 2543 2265 τὴν
2572 2194 2821 2247 ἀσέϐειαν
2851 2193 3160 2262 ἐλέγχοντες
3199 2192 3305 2244 τῶν
3339 2189 3473 2259 μηδὲ

1896 2278 2145 2330 τοσοῦτον
2177 2279 2468 2346 ἀπονέμειν
2492 2278 2850 2347 ἀνεχομένων.
2889 2277 3074 2338 Ἷλεως
3093 2276 3147 2328 δὲ
3176 2277 3325 2345 ἡμῖν,
3356 2273 3472 2326 Κύ-

1900 2377 2000 2429 ριε,
2031 2360 2124 2411 ἐπὶ
2157 2363 2267 2421 τοῖς
2295 2360 2639 2428 λαλουμένοις
2663 2360 2798 2428 εἴης.
2841 2359 2960 2412 ’Ότι
2995 2359 3096 2411 κᾶν
3126 2359 3284 2427 μέχρι
3309 2356 3472 2424 ψιλῆς

1897 2442 1990 2494 καὶ
2031 2442 2344 2494 ἐπιπολαίου
2387 2441 2581 2506 λέξεως
2623 2443 2979 2511 δευτεροῦμεν
3003 2440 3072 2492 τά
3113 2439 3220 2492 τῶν
3261 2438 3472 2492 ἀσεϐῶν

1898 2526 2135 2593 ῥήματα,
2169 2524 2282 2576 ἀλλ’
2309 2525 2456 2593 ὅμως
2494 2525 2701 2594 μηδεὶς,
2737 2523 2976 2593 ἀδελφοὶ,
3018 2522 3292 2590 νομισάτω
3316 2520 3472 2591 ὓϐριν

1896 2604 2032 2658 εἶναι
2061 2606 2154 2658 τοῦ
2185 2608 2340 2674 άγέου
2374 2608 2683 2675 Πνεύματος
2723 2607 2785 2657 τὸ
2813 2603 3190 2675 δευτεροῦσθαι
3215 2603 3310 2665 τάς
3340 2601 3470 2672 παρ’

1896 2691 2117 2743 ἐκείνων
2142 2690 2348 2760 ὕϐρεις.
2377 2693 2612 2759 ’Ἂγομεν
2634 2691 2741 2760 γάρ
2763 2689 2930 2752 αὐτὰς
2955 2690 3033 2751 είς
3060 2688 3242 2758 μέσον,
3269 2686 3361 2739 καὶ
3384 2684 3469 2738 λέ-

1895 2787 2082 2840 γομεν,
2110 2774 2169 2824 ού
2205 2773 2660 2840 συνδιατιθέμενοι
2689 2775 2755 2841 τῇ
2788 2770 3030 2840 ἀσεὸείᾳ,
3061 2768 3197 2822 ἀλλά
3216 2767 3312 2838 τὴν
3337 2765 3469 2820 πλά-

1895 2872 1990 2924 νην
2013 2855 2160 2926 [521]
2195 2856 2615 2926 στηλιτεύοντες,
2638 2857 2730 2908 ml
2756 2855 2880 2916 τοὺς
2912 2852 3237 2922 συντρόφους
3257 2850 3353 2920 τῆς
3381 2849 3470 2902 εύ-

1896 2937 2109 3000 σεῆείας
2138 2937 2246 2990 τῶν
2279 2938 2528 3008 πονηρῶν
2561 2938 2844 3006 δογμάτων
2875 2933 3325 3003 ἀποτειχίζοντες.
3359 2931 3470 2985 Καὶ

1893 3019 1998 3089 γάρ
2028 3021 2073 3070 οἱ
2111 3019 2394 3070 ἀπόστολοι
2425 3019 2741 3085 ἀγαπῶντες
2769 3018 2860 3070 τὸν
2893 3018 3116 3085 Κύριον,
3142 3016 3234 3068 ml
3271 3015 3470 3077 ίδόντες

1892 3101 2054 3152 αὑτοῦ
2102 3102 2200 3169 τὴν
2244 3101 2419 3165 ἀξίαν,
2455 3102 2553 3152 οὑκ
2597 3101 2849 3169 ὤκνησαν
2887 3100 3106 3162 ἐντάξαι
3143 3101 3253 3160 τοῖς
3293 3097 3472 3166 ἀγίοις

1893 3181 2240 3248 Εύαγγελίοις
2275 3181 2372 3242 τὰς
2396 3181 2544 3248 παρὰ
2573 3180 2679 3231 τῶν
2718 3182 2983 3233 Ἰουδαίων
3016 3180 3222 3250 ὕϐρεις.
3259 3180 3469 3248 Γέγρα-

1895 3281 2025 3314 πται
2049 3263 2178 3328 γοῦν
2222 3265 2321 3314 ὅσα
2363 3266 2535 3315 εἰπεῖν
2579 3262 2882 3330 ἐτόλμησαν
2915 3264 3042 3331 περὶ
3085 3259 3341 3330 Χριστοῦ,
3376 3259 3470 3312 καὶ

1893 3343 1973 3395 ὅτι
2012 3346 2330 3412 ἁμαρτωλός
2365 3348 2499 3406 ἐστι,
2525 3345 2615 3395 καὶ
2652 3345 2733 3394 ὃτι
2762 3343 2855 3394 τοῦ
2890 3343 3024 3395 Θεοῦ
3053 3344 3151 3395 οὐκ
3183 3341 3316 3394 ἔστι.
3361 3341 3469 3393 Καὶ

1891 3427 1971 3487 είς
2006 3426 2290 3494 πρόσωπον
2324 3426 2487 3478 αὑτοῦ
2515 3426 2689 3492 λέγειν
2723 3426 2821 3477 ούκ
2861 3425 3147 3493 ὤκνησαν·
3184 3423 3468 3492 Σαμαρεί-

1890 3525 1998 3572 της
2035 3506 2091 3560 εἶ
2113 3508 2216 3569 σὺ,
2243 3509 2339 3560 καί
2379 3510 2688 3575 δαιμόνιον
2725 3510 2901 3574 ἔχεις.
2951 3507 3109 3559 Ἀλλὰ
3147 3507 3206 3559 16
3234 3507 3467 3577 γράμμα

1890 3589 1949 3640 οὐ
1985 3589 2093 3640 τῶν
2121 3588 2444 3656 γραψάντων
2475 3592 2784 3657 κατηγορεῖ,
2819 3587 2955 3640 ἀλλά
2998 3587 3106 3639 τῶν
3147 3587 3463 3656 βλασφημηο

1892 3671 2117 3722 σάντων.
2150 3672 2346 3722 Ἀκουε
2378 3670 2470 3722 τοῦ
2503 3671 2818 3738 Πνεύματος
2851 3671 2948 3737 τὴν
2973 3670 3272 3738 ἐνέργειαν,
3303 3670 3465 3722 άκουε

1887 3752 1996 3804 τῶν
2015 3752 2328 3804 ἀποστόλων
2359 3753 2457 3820 τὴν
2490 3753 2824 3821 δοξολογίαν·
2858 3753 3056 3821 στοίχει
3087 3755 3205 3813 ταῖς
3247 3750 3468 3803 ἐκείνων

1887 3834 2272 3897 διδασκαλίαις,
2297 3835 2428 3886 ἕπου
2454 3838 2564 3896 τοῖς
2590 3835 2792 3904 βήμασι
2821 3834 2932 3886 τῶν
2959 3835 3128 3901 ἁγίων
3147 3850 3162 3866 ·
3191 3835 3264 3904 μὴ
3291 3833 3467 3886 πλάνα

1892 3917 2085 3968 σαυτὸν
2119 3921 2229 3979 τοῖς
2259 3918 2426 3986 ἴχνεσι
2455 3917 2562 3970 τῶν
2593 3918 2831 3987 βεϐήλων
2855 3937 2868 3950 ·
2903 3920 2944 3969 Τ
2953 3918 3106 3987 ριάδα
3150 3916 3466 3987 προσκύνει,

1890 3999 2094 4068 Τριάδα
2122 3998 2332 4062 δόξαζε,
2355 3999 2558 4067 Τριάδα
2590 4003 2844 4069 κήρυττε.
2875 4001 3031 4052 Οὕτω
3056 3999 3311 4071 φρονοῦσι
3335 4016 3467 4069 προ-

1890 4081 2077 4148 φῆται,
2109 4080 2250 4133 οὕτω
2275 4082 2633 4151 κηρύττουσιν
2655 4083 2960 4142 ἀπόστολοι,
2991 4082 3129 4134 οὕτω
3153 4080 3462 4132 πιστεύουσι

1891 4164 2184 4232 μάρτυρες.
2219 4165 2414 4216 ’Ἄκουε
2446 4165 2657 4217 Παύλου
2698 4166 2794 4233 τὴν
2825 4165 3026 4233 Τριάδα
3072 4162 3422 4231 κηρύττοντος
3444 4177 3466 4196 ι

1887 4245 2211 4312 Διαιρέσεις
2240 4245 2634 4314 χαρισμάτων,
2662 4248 2725 4298 τὸ
2753 4247 2820 4298 δὲ
2841 4246 2986 4299 αὐτὸ
3017 4245 3285 4312 Πνεῦμα·
3323 4243 3469 4296 διαις

1878 4328 2082 4394 ρέσεις
2114 4328 2450 4389 διακονιῶν,
2479 4331 2510 4380 ό
2552 4328 2618 4380 δὲ
2649 4329 2830 4393 αὐτὸς
2864 4330 3076 4395 Κύριος
3099 4344 3112 4357 ·
3146 4327 3463 4393 διαιρέσεις

1884 4410 2316 4480 ἐνεργημάτων,
2347 4414 2378 4464 ὀ
2406 4411 2472 4463 δὲ
2495 4412 2676 4476 αὐτὸς
2711 4412 2851 4475 Θεὸς
2872 4411 3128 4478 ἐνεργῶν
3167 4408 3234 4461 τὰ
3266 4407 3466 4463 πάντα

1884 4493 1955 4544 ἐν
1987 4491 2155 4547 πᾶσι.
2186 4493 2342 4554 Τίνος
2371 4493 2554 4545 ἕνεκεν
2582 4496 2680 4545 οὐκ
2707 4495 2813 4546 ἀπὸ
2855 4494 3063 4564 Πατρὸς
3094 4492 3320 4561 ἄρχεται
3345 4507 3359 4555 ;
3398 4490 3462 4543 ού

1885 4577 2101 4645 πρῶτον
2135 4577 2339 4628 ἐκεῖνον
2361 4576 2640 4645 κηρύττει,
2673 4579 2763 4629 ml
2787 4579 2906 4629 τότε
2934 4577 3022 4628 τὸν
3054 4576 3202 4638 Υἰδν,
3225 4578 3318 4629 καὶ
3341 4577 3464 4645 μετ’

1884 4660 2045 4712 αὑτὸν
2092 4659 2151 4711 τὸ
2180 4661 2332 4726 ἆγιον
2375 4660 2633 4727 Πνεῦμα;
2678 4659 3044 4721 Μεταὸάλλεις
3071 4660 3166 4730 τὴν
3211 4659 3382 4722 τάξιν,
3414 4651 3463 4710 ὦ

1885 4741 2097 4805 Παῦλε;
2143 4741 2598 4810 μεταρῤυθμίζεις
2626 4741 2721 4809 τὴν
2754 4742 3070 4794 ἀκολουθίαν
3097 4759 3112 4807 ;
3139 4741 3242 4793 Τοῦ
3274 4739 3460 4809 Σωτῆ-

1886 4843 1977 4896 ρος
2004 4826 2464 4895 παραδεδωκότος,
2508 4826 2608 4879 Ἐν
2639 4827 2882 4891 ὀνόματι
2928 4825 3154 4891 Πατρὸς
3183 4825 3278 4878 καί
3325 4826 3457 4879 Υίοῦ

1885 4910 1981 4961 καί
2015 4910 2187 4977 ἁγίου
2215 4909 2577 4975 Πνεύματος,
2611 4910 2674 4960 σὺ
2705 4907 2847 4968 λύεις
2875 4909 2965 4960 τὸν
2992 4907 3188 4974 θεσμὸν
3223 4907 3320 4975 τῆς
3342 4906 3460 4960 θεο-

1884 4983 2069 5060 λογίας
2092 5011 2105 5058 ;
2152 4993 2311 5045 Ἀλλά
2337 4993 2443 5060 γὰρ
2477 4992 2550 5061 μὴ
2583 4993 2791 5058 γένοιτο
2815 4994 2960 5060 ἡμᾶς
2982 5008 3109 5043 ποτε
3133 4989 3305 5043 ταῦτα
3329 5007 3393 5043 πε
3404 4990 3460 5058 pl

1883 5075 2096 5127 Παύλου
2131 5075 2340 5142 νοῆσαι.
2394 5075 2452 5126 Ὀ
2481 5074 2587 5144 γάρ
2621 5075 2769 5141 ἀγιος
2794 5077 2995 5137 ἐκεῖνος
3025 5073 3116 5125 καὶ
3147 5071 3456 5141 θαυμαστὸς

1885 5157 2059 5227 κήρυξ
2109 5153 2247 5208 εἶδεν
2291 5157 2550 5225 ἀκριϐῶς,
2597 5158 2677 5209 ὅτι
2726 5158 2824 5210 κᾶν
2875 5156 3187 5225 Πνεύματος
3242 5153 3452 5224 πρῶτον

1887 5239 2121 5309 μνησθῇ,
2166 5239 2406 5308 ἄτρωτον
2442 5239 2699 5306 φυλάττει
2745 5239 2841 5309 τὴν
2886 5237 3184 5306 θεολογίαν,
3223 5236 3315 5290 κα)⁸
3357 5234 3455 5306 οὐχ

1885 5321 2090 5391 ὑϐρίζει
2113 5320 2209 5390 τὴν
2236 5321 2538 5389 ἀσύγχυτον
2560 5321 2740 5388 φύσιν,
2769 5322 2866 5372 οὐκ
2899 5319 3184 5392 ἑμμερίξει
3205 5319 3297 5388 τὴν
3319 5317 3456 5387 ἀμέ-

1885 5420 2064 5473 ριστον
2082 5402 2254 5465 ἀξίαν.
2282 5402 2592 5470 Πνεύματος
2625 5404 2898 5473 μέμνηται
2919 5404 3152 5473 πρῶτον,
3176 5402 3263 5454 ἵνα
3283 5401 3455 5471 δείξῃ,

1880 5486 1962 5538 ὃτι
2003 5488 2062 5537 16
2092 5486 2393 5537 τελευταῖον
2432 5485 2737 5554 γράφεσθαι
2781 5487 2840 5538 16
2884 5485 3128 5554 Πνεῦμα,
3164 5485 3224 5536 οὐ
3273 5482 3454 5536 τελευ-

1882 5569 2032 5619 ταῖον
2075 5567 2206 5621 αὐτὸ
2241 5569 2385 5617 ποιεῖ
2421 5567 2512 5619 καὶ
2555 5567 2798 5636 ἔσχατον.
2856 5567 3070 5636 Ἐπειδὴ
3107 5565 3216 5634 γὰρ
3257 5567 3454 5618 ἐκεῖνοι

1884 5648 2360 5719 παρερμηνεύουσι
2393 5649 2598 5710 κακῶς,
2622 5650 2681 5701 οὐ
2722 5649 3195 5719 συναριθμοῦντες,
3225 5646 3334 5700 ἀλλ’
3358 5646 3455 5698 ὑπο

1884 5731 2242 5805 ἀριθμοῦντες
2265 5732 2339 5803 τῷ
2354 5733 2524 5803 Πατρὶ
2538 5733 2625 5787 τὸν
2649 5734 2792 5801 Υἰὸν,
2816 5735 2907 5786 ml
2927 5733 3001 5806 τῷ
3019 5732 3134 5802 Υἱῴ
3157 5731 3216 5784 16
3233 5729 3456 5801 Πνεῦμα
