3984 6454
490 438 553 491 τὸ
587 439 741 503 ἀγιον
784 434 1027 506 (Πρῶτος
1062 435 1190 507 γὰρ,
1224 436 1409 506 φησὶν,
1449 438 1477 489 6
1516 437 1726 508 Πατὴρ,
1776 435 2022 510 δεύτερος
2046 444 2075 494 6

493 516 644 582 Υἱὸς,
682 517 862 589 τρίτον
898 517 962 569 τὸ
996 517 1219 587 Πνεῦμα
1255 518 1317 570 τὸ
1369 518 1546 585 ἅγιον,
1581 520 1642 571 ού
1677 520 1777 590 τὴν
1816 519 2076 573 εὔτακτον

489 599 593 667 τῆς
618 602 872 667 γνώσεως
912 600 1235 654 ἀκολουθίαν
1266 600 1509 664 νοοῦντες
1542 601 1644 668 τῆς
1690 604 2077 673 προσκυνητῆς

493 683 741 753 Τριάδος,
775 684 910 736 ἀλλά
939 684 1083 753 ψυχῇ
1115 684 1423 753 διαστρόφῳ
1456 683 1695 753 ὑϐρίζειν
1737 684 2077 754 ἐπιχειροῦν⁴

493 782 583 828 τες
605 765 702 836 τὴν
720 767 815 834 τῆς
844 766 1117 847 θεολργίας
1140 765 1533 835 καθαρότητα),
1559 766 1782 829 εἰκότως
1808 769 1836 819 6
1864 766 2075 830 Παῦλος

493 850 837 918 ἀντιστρέφει
869 850 975 901 τῶν
1023 849 1302 918 ὀνομάτων
1329 849 1427 919 τὴν
1460 848 1632 913 τάξιν.
1673 850 1757 902 ἵνα
1796 850 1945 923 δείξῃ
1975 854 2076 922 τῆς

494 931 750 997 ἀληθείας
789 933 886 999 τὴν
935 932 1183 1000 δύναμιν,
1218 934 1311 984 καὶ
1355 931 1491 1003 λύσῃ
1532 931 1641 984 τῶν
1690 934 1941 1003 πονηρῶν
1973 936 2075 1005 τὴν

498 1013 785 1082 ὑπόληψιν.
835 1014 974 1065 Ἀλλ’
1005 1009 1141 1076 οἶδα,
1182 1015 1369 1081 φησὶν,
1408 1014 1491 1066 ὅτι
1536 1013 1627 1066 τοῦ
1666 1014 1765 1083 μὲν
1807 1014 1939 1067 Υίοῦ
1981 1016 2077 1068 καὶ

496 1095 592 1148 τοῦ
623 1095 935 1164 Πνεύματος
969 1095 1304 1157 ἐπιπολαίως
1330 1095 1754 1165 ἐμνημόνευσεν,
1789 1098 1882 1150 ἐπὶ
1900 1098 1957 1151 δὲ
1985 1098 2075 1151 τὸν

496 1178 715 1249 Πατέρα
746 1176 934 1240 ἐλθὼν,
971 1179 1050 1240 εἰς
1085 1176 1215 1246 ὕψος
1240 1176 1336 1247 τὴν
1373 1178 1649 1245 θεολογίαν
1682 1179 1909 1249 ἤγαγεν.
1951 1180 2076 1233 Ἐπὶ

497 1260 596 1326 μὲν
633 1260 743 1330 γὰρ
770 1259 863 1312 τοῦ
904 1259 1043 1312 Πνεύ
1054 1276 1220 1329 ματος
1247 1256 1388 1319 εἷπε,
1421 1259 1496 1312 Τὸ
1521 1260 1590 1312 δὲ
1612 1260 1757 1313 αὐτὸ
1796 1261 2037 1329 Πνεῦμα
2058 1278 2071 1291 ·

497 1343 587 1396 ἐπὶ
610 1343 665 1396 δὲ
686 1342 779 1395 τοῦ
812 1342 959 1405 Υἰοῦ,
994 1343 1046 1394 '0
1077 1342 1144 1395 δὲ
1164 1342 1346 1408 αὐτὸς
1368 1343 1615 1411 Κύριος·
1654 1344 1733 1405 εἰς
1756 1342 1813 1395 δὲ
1843 1343 1933 1395 τὸν
1962 1344 2074 1396 Πα-

493 1426 625 1493 τέρα
658 1424 847 1487 ἐλθὼν,
872 1422 1024 1477 εἶπεν
1042 1438 1057 1451 ·
1109 1424 1161 1475 '0
1200 1423 1458 1492 ἐνεργῶν
1487 1426 1557 1477 τὰ
1586 1424 1782 1478 πάντα
1803 1424 1873 1477 ὲν
1901 1424 2070 1478 πᾶσι.

495 1511 560 1563 Τί
581 1508 710 1575 οῦν;
742 1510 892 1580 αὕτῷ
920 1510 980 1562 τὸ
1017 1510 1190 1580 ῥῆμα,
1214 1510 1275 1562 τὸ
1308 1510 1552 1579 ἐνεργεῖν
1580 1511 1648 1562 τὰ
1676 1510 1852 1562 πάντα
1881 1512 1937 1561 ἐν
1968 1511 2072 1561 πᾶ-

498 1608 604 1654 σιν,
652 1592 936 1645 αύθεντίαν
988 1590 1216 1660 μηνύει;
1265 1590 1394 1652 Ναὶ,
1446 1590 1600 1661 φησί.
1644 1592 1753 1643 Καὶ
1803 1589 2073 1661 ὑπεροχὴν

497 1674 940 1742 ὑπερϐάλλουσαν
993 1673 1287 1744 κηρύττει;
1334 1674 1461 1737 Ναὶ,
1508 1674 1658 1743 φησί.
1711 1673 1942 1743 Δέχομαι
1980 1690 2073 1725 σου

494 1757 592 1819 τὰς
617 1756 925 1825 ὁμολογίας,
961 1760 1055 1809 ἐὰν
1079 1757 1322 1828 ἐμμένῃς
1350 1757 1469 1817 ταῖς
1500 1755 1813 1825 συνθήκαις.
1846 1755 2075 1824 Ἵδωμεν

493 1840 672 1892 τοίνυν
691 1839 742 1890 τί
780 1839 1106 1909 σαφέστερον
1140 1839 1198 1892 τὸ
1230 1837 1423 1901 σκεῦος
1443 1838 1541 1906 τῆς
1571 1838 1820 1909 ἐκλογῆς,
1850 1839 1878 1889 6
1902 1839 2073 1891 Πνεύ-

497 1939 625 1991 ματι
679 1920 1090 1993 κυϐερνώμενος
1110 1920 1271 1989 ἁγίῳ,
1295 1938 1359 1972 πε
1370 1921 1422 1989 pl
1445 1921 1612 1991 αὐτῆς
1647 1920 1954 1974 ὑποτίθεται
1976 1921 2073 1989 τῆς

494 2005 792 2074 ζητήσεως.
869 2002 1137 2068 Ἐκιίστῳ
1198 2004 1425 2057 δίδοται
1481 2005 1519 2071 ή
1575 2003 1911 2072 φανέρωσις
1967 2002 2074 2057 τοῦ

492 2088 837 2154 Πνεύματος
867 2087 1014 2155 πρὸς
1042 2085 1192 2158 [5‘22]
1241 2087 1306 2139 τὸ
1334 2086 1664 2155 συμφέρον.
1712 2086 1794 2151 Τῷ
1817 2086 1934 2155 μὲν
1965 2087 2074 2155 γὰρ

492 2166 718 2220 δίδοται
736 2169 917 2237 λόγος
941 2172 1159 2236 σοφίας
1179 2170 1329 2221 κατά
1352 2167 1416 2220 τὸ
1439 2167 1585 2221 αὐτὸ
1608 2168 1848 2235 Πνεῦμα
1863 2183 1875 2197 ·
1897 2167 2074 2234 ἑτέρῳ

492 2249 561 2301 δὲ
598 2251 775 2319 ,λόγος
811 2249 1086 2318 γνώσεως
1112 2251 1180 2302 ἑν
1216 2247 1376 2314 αὐτῷ
1415 2248 1495 2314 τῷ
1522 2251 1815 2318 Πνεύματι
1838 2264 1850 2277 ·
1895 2249 2074 2318 ἑτέρῳ

491 2335 561 2387 δὲ
614 2338 950 2405 χαρίσματα
1001 2335 1257 2405 ἰαμάτων
1298 2342 1447 2389 κατὰ
1492 2335 1559 2388 τὸ
1609 2335 1755 2389 αὐτὸ
1796 2334 2066 2403 Πνεῦμα·

490 2418 669 2484 ἑτέρῳ
714 2421 1068 2487 προφητεία·
1108 2420 1274 2485 ἄλλῳ
1311 2419 1379 2471 δὲ
1415 2419 1695 2487 ἑρμηνεία
1742 2417 2067 2488 γλωσσῶν·

491 2497 660 2565 ἄλλῳ
680 2502 881 2566 πίστις
907 2519 921 2531 ·
949 2502 1116 2563 ἄλλῳ
1151 2502 1509 2569 χαρίσματα.
1546 2500 1738 2555 Ταῦτα
1757 2500 1825 2553 δὲ
1853 2501 2067 2556 πάντα·

492 2582 723 2653 πρόσεχε
762 2584 1024 2653 ἀκριϐῶς,
1060 2584 1220 2653 βλέπε
1269 2584 1463 2648 λέξεως
1510 2586 1824 2654 συμφωνίαν
1846 2586 1942 2638 καὶ
1978 2586 2069 2638 δυ-

492 2665 727 2733 νάμεως.
766 2666 824 2719 Ὀ
852 2666 939 2718 διὰ
980 2667 1085 2719 τῶν
1128 2666 1355 2735 πρώτων
1400 2667 1656 2737 εἰρηκὼς,
1698 2668 1759 2719 '0
1796 2668 1863 2719 δὲ
1891 2668 2073 2734 αὐτὸς

492 2745 635 2810 Θεὸς
667 2750 699 2800 ὀ
726 2746 981 2815 ἐνεργῶν
1012 2749 1083 2800 τὰ
1112 2749 1307 2802 πάντα
1338 2749 1407 2801 ἐν
1452 2749 1660 2815 πᾶσιν,
1696 2750 1865 2803 ἐλθὼν
1896 2753 1976 2814 εἰς
2009 2751 2069 2804 τὸ

490 2827 713 2898 Πνεῦμα
766 2830 972 2900 ταύτην
1014 2834 1378 2902 ἐπιμαρτυρεῖ
1409 2832 1487 2902 τῷ
1528 2834 1803 2903 Πνεύματι
1840 2834 1941 2904 τὴν
1977 2834 2072 2887 δύ-

489 2928 652 2981 ναμιν
676 2931 688 2943 ·
736 2914 922 2967 Ταῦτα
953 2914 1019 2966 δὲ
1055 2914 1269 2978 πάντα,
1305 2916 1488 2984 φησὶν,
1528 2916 1760 2985 ἐνεργεῖ
1786 2917 1852 2971 τὸ
1880 2917 1950 2971 ἐν
1972 2919 2070 2971 καί

488 2996 556 3048 τὸ
587 2996 730 3048 αὐτὸ
770 2997 1030 3065 Πνεῦμα,
1086 2996 1355 3060 διαιροῦν
1406 2998 1524 3064 ἰδία
1570 3000 1827 3064 ἑκάστῳ,
1878 2999 2072 3065 καθὼς

485 3079 794 3141 βούλεται.
847 3079 1033 3141 Οὕτως
1062 3081 1122 3131 οὐ
1166 3080 1412 3149 λύεταιή
1454 3081 1688 3150 ἁρμονία
1722 3086 1818 3152 τῆς
1863 3083 2071 3147 δοξολο-

490 3161 633 3226 γίας.
658 3162 783 3213 ὅταν
800 3179 849 3213 τι
871 3162 979 3214 τῶν
1000 3163 1280 3231 ὀνομάτων
1301 3162 1399 3230 τῆς
1421 3163 1579 3230 άγίας
1600 3165 1847 3233 Τριάδος,
1871 3168 1903 3236 ἢ
1930 3166 2073 3236 πρῶ-

490 3261 601 3301 τον,
638 3243 670 3313 ἢ
713 3244 982 3315 δεύτερον,
1017 3246 1048 3314 ἦ
1093 3246 1274 3314 τρίτον
1312 3244 1543 3314 τίθηται.
1582 3248 1655 3299 Τὸ
1684 3249 1790 3316 γάρ
1834 3249 2067 3319 πρῶτον,

492 3328 585 3379 καί¹
609 3327 856 3397 δεύτερον
892 3329 984 3380 καὶ
1016 3328 1216 3397 τρίτον,
1251 3328 1311 3380 οὑ
1348 3328 1561 3396 φύσεως
1605 3331 1857 3400 ἐμφαίνει
1885 3332 2071 3402 διαφο-

495 3412 614 3481 ρὰν,
649 3410 785 3462 ἀλλά
812 3410 1087 3477 θεολογίας
1126 3411 1242 3464 όδὺν
1286 3412 1609 3481 άσύγχυτον.
1645 3413 1811 3466 Πάλιν
1845 3417 1872 3467 6
1910 3417 2072 3480 αὐτὸς

490 3492 804 3555 ἀπόστολος,
829 3492 915 3545 ἵνα
939 3493 1085 3562 δείξῃ
1127 3495 1398 3563 πανταχοῦ
1429 3496 1736 3565 ἀδιαφόρως
1762 3498 1953 3549 ἑαυτὸν
1984 3516 2069 3550 κε-

491 3576 763 3644 χρημένον
794 3576 914 3636 ταῖς
955 3575 1061 3625 τῶν
1102 3574 1379 3644 ὀνομάτων
1409 3576 1646 3639 τάξεσιν,
1700 3578 1974 3639 εύτάκτατ
2012 3580 2067 3631 δὲ

490 3656 585 3707 καὶ
616 3655 871 3723 ἀσφαλῶς
914 3656 1206 3726 προσιόντα
1252 3656 1330 3726 τῷ
1366 3657 1494 3726 θείῳ
1546 3657 1878 3727 κηρύγματι,
1921 3660 2068 3727 λέγει

489 3736 728 3789 Θεσσαλο
827 3736 936 3789 ῗῦσι
978 3738 1202 3808 γράφων
1224 3752 1235 3764 ·
1268 3741 1460 3804 Αὺτίς
1493 3739 1556 3790 δέ
1595 3744 1625 3792 ό
1652 3742 1865 3807 Κύριος
1902 3742 2069 3809 ἡμῶν

500 3818 738 3884 Ἰησοῦς
772 3819 1045 3885 Χριστὸς,
1077 3820 1173 3873 καί
1215 3820 1359 3886 Θεὸς
1399 3824 1432 3874 ὀ
1456 3820 1658 3888 Πατὴρ
1689 3822 1876 3890 ήμῶν.
1910 3826 2067 3893 Πρῶ-

487 3920 598 3966 τον,
643 3903 839 3961 Παῦλε,
888 3903 977 3955 τὸν
1017 3904 1165 3969 Υίν,
1208 3905 1303 3957 καὶ
1336 3906 1456 3958 τότε
1489 3906 1577 3957 τὸν
1620 3907 1839 3975 Πατέρα
1868 3909 2067 3976 κηρύτ-

487 4005 601 4050 τεις
623 4004 637 4052 ;
668 3987 740 4040 T6
762 3985 870 4057 γάρ
894 3986 1130 4056 πρῶτον,
1156 3989 1342 4057 φησὶν,
1371 3991 1450 4051 εἰς
1471 3988 1620 4051 τάξιν
1648 3988 1898 4054 ἐξέϐαλες
1919 4006 1931 4019 ·
1958 3992 2068 4059 ἐγὼ

488 4070 704 4141 πρῶτον
724 4070 818 4122 καὶ
846 4068 1096 4138 δεύτερον
1127 4071 1220 4121 ἐὰν
1252 4070 1410 4131 εἴπω,
1446 4070 1542 4140 τὴν
1573 4070 1733 4138 φύσιν
1774 4073 2067 4142 ἀμέριστον

488 4152 883 4221 ὑπολαμϐάνω·
918 4152 1115 4222 μᾶλλον
1141 4152 1195 4205 δὲ
1217 4153 1314 4221 οὐχ
1344 4152 1731 4221 ὑπολαμϐάνω,
1754 4154 1867 4206 αλλ’
1892 4156 2068 4225 ἀσφα-

487 4234 591 4295 λῶς
618 4233 891 4302 κηρύττω.
927 4234 1017 4303 Μὴ
1053 4234 1230 4288 τοίνυν
1260 4234 1447 4305 ὕϐριζε
1480 4238 1547 4288 τά
1582 4235 1699 4287 θεῖα
1727 4236 1901 4304 λόγια,
1933 4238 2066 4306 μηδὲ

490 4316 812 4383 συκοφάντει
850 4315 919 4367 τά
965 4317 1191 4385 οὐράνια
1229 4316 1495 4385 δόγματα.
1544 4317 1832 4386 Εὑρίσκεις
1880 4320 2064 4373 εἰκόνα

486 4397 739 4468 τοιαύτην
783 4398 876 4449 καὶ
927 4398 984 4448 ἐν
1029 4401 1095 4466 τῇ
1142 4398 1370 4465 Παλαιᾷ.
1407 4399 1616 4467 Ὥσπερ
1668 4399 1776 4469 γὰρ
1830 4401 2062 4453 ἐνταῦθα

489 4480 697 4545 Παῦλος
726 4480 1029 4551 ἀρξάμενος
1058 4480 1165 4533 ἀπὺ
1192 4480 1287 4533 τοῦ
1314 4479 1647 4549 Πνεύματος,
1679 4476 1842 4551 ἦλθεν
1866 4485 1945 4545 εἰς
1972 4484 2063 4536 τὸν

488 4564 635 4628 Υίὸν,
669 4565 761 4617 καὶ
792 4563 901 4616 ἀπὸ
924 4563 1017 4616 τοῦ
1049 4563 1179 4617 Υίοῦ
1212 4564 1370 4617 πάλιν
1396 4566 1474 4626 εἰς
1498 4565 1587 4615 τὸν
1620 4566 1859 4636 Πατέρα,
1894 4569 1985 4620 καὶ
2004 4569 2064 4622 τὸ

486 4648 666 4718 τρίτον
696 4650 761 4717 τῇ
811 4646 963 4711 τάξει
996 4646 1104 4700 τῶν
1138 4646 1415 4716 ὀνομάτων
1468 4647 1686 4717 ἐποίησε
1727 4650 1961 4717 πρῶτον,
2001 4654 2061 4705 οὐ

485 4731 587 4801 τὴν
614 4729 705 4782 τοῦ
728 4729 1080 4800 κηρύγματος
1100 4728 1252 4793 τάξιν
1280 4729 1623 4798 μεταϐαλὼν,
1646 4730 1780 4783 ἀλλά
1803 4733 1899 4801 τὴν
1921 4734 2065 4787 ἀδιά-

488 4828 653 4882 φορον
678 4812 776 4881 τῆς
820 4812 1095 4879 θεολογίας
1136 4812 1335 4879 γνῶσιν
1372 4815 1680 4880 ἐμφαίνων·
1718 4812 1861 4865 οὕτω
1890 4816 1982 4867 καὶ
2006 4819 2063 4869 ἐν

484 4900 552 4965 τῇ
588 4895 798 4964 Παλαιᾷ
832 4894 925 4948 τὸν
962 4894 1122 4946 αὐτὸν
1157 4892 1323 4945 τύπον
1362 4894 1631 4964 εὑρήσεις,
1665 4894 1853 4965 ὥσπερ
1895 4898 1951 4949 ἐν
1984 4900 2059 4949 εἰ-

486 4978 622 5037 κόνι,
658 4976 1069 5045 προλάμποντα.
1094 4976 1188 5038 Τίς
1216 4977 1315 5028 οὐκ
1341 4971 1479 5028 οἶδεν
1506 4978 1681 5047 ἡμῶν,
1714 4977 1951 5045 ἀδελφοὶ,
1980 4980 2059 5032 ὅτι

483 5059 574 5111 τὸν
626 5059 874 5129 Ἀϐραὰμ
922 5060 1134 5129 πρῶτον
1174 5074 1354 5111 ταττει
1400 5061 1431 5127 ὴ
1482 5059 1693 5130 Γραφὴ,
1729 5060 1977 5131 δεύτερον
2005 5064 2060 5117 δὲ

483 5141 577 5193 τὸν
615 5140 818 5203 Ίσαάκ,
850 5141 942 5193 καὶ
962 5142 1144 5209 τρίτον
1166 5141 1256 5193 τὸν
1291 5140 1515 5202 Way/.036;
1558 5142 1698 5209 Ἐγὼ
1722 5143 1830 5213 γὰρ
1858 5148 1889 5196 o'
1919 5145 2060 5211 Θεὸς

498 5224 759 5291 Ἀϐραὰμ,
785 5223 881 5275 καὶ
918 5226 948 5275 d
975 5224 1118 5287 Θεὸς
1164 5224 1392 5288 Ἰσαὰκ,
1432 5224 1527 5276 καὶ
1568 5226 1599 5275 ό
1643 5225 1785 5289 Θεὸς
1835 5226 2055 5281 Ἰακώϐ.

486 5306 591 5360 Καὶ
623 5307 847 5369 εἰκότως
884 5309 916 5369 ὴ
949 5307 1138 5376 Γραφὴ
1186 5308 1441 5376 κηρύττει
1486 5306 1700 5377 πρῶτον
1740 5310 1829 5361 τὸν
1866 5313 2058 5381 γεννή-

487 5406 671 5448 σαντα.
703 5384 821 5443 εἶτα
864 5390 955 5441 τὸν
998 5388 1340 5458 γεννηθέντα,
1377 5389 1565 5441 ἔπειτα
1600 5390 1687 5442 τὸν
1726 5392 1785 5455 ἐξ
1825 5393 2054 5446 ἐκείνου.

498 5473 635 5525 Ἀλλ’
660 5475 833 5525 tua”
882 5476 906 5542 η
947 5472 1103 5540 φύσις
1138 5469 1205 5541 ἦν
1244 5473 1557 5543 ἀμέριστος,
1587 5474 1633 5524 εί
1665 5476 1757 5527 καὶ
1797 5478 1907 5537 τοῖς
1933 5478 2058 5546 χρό-

484 5573 595 5619 νοις
637 5556 943 5625 διετέμνετο
986 5557 1071 5609 διὰ
1112 5556 1209 5625 τὴν
1254 5557 1590 5619 ἀκολουθίαν,
1616 5559 1714 5611 οὐκ
1748 5559 1989 5630 ὤκνησεν
2028 5563 2057 5614 6

484 5638 618 5700 θεὸς
650 5639 970 5709 μεταϐαλεῖν
1014 5642 1110 5710 τὴν
1153 5638 1323 5703 τάξιν,
1354 5640 1438 5692 ἵνα
1474 5640 1569 5709 τὴν
1601 5642 1887 5710 ὁμολογίαν
1924 5644 2055 5697 ἀνα-

484 5720 652 5792 δείξῃ.
685 5723 844 5793 Λέγει
880 5723 986 5795 γάρ
1018 5726 1074 5777 ἐν
1111 5722 1189 5795 τῷ
1217 5722 1483 5793 Λευῖτικῴ
1511 5722 1673 5793 (λέγω
1701 5724 1807 5796 γὰρ
1838 5726 1931 5780 καὶ
1964 5727 2053 5780 τόν

1939 326 2308 386 SEVERIANI

2177 444 2362 507 τόπον,
2390 442 2476 497 ἴνα
2506 441 2581 513 μὴ
2602 441 3017 512 συκοφαντήσῃς
3037 441 3106 494 τά
3143 440 3435 512 λεγόμενα)
3458 456 3470 469 ·
3512 441 3653 495 Ἐὰν
3686 443 3759 495 δε

2178 524 2521 592 ἁμάρτωσιν
2538 527 2593 578 οί
2620 525 2737 581 υίοί
2774 524 3034 592 Ἰσραὴλ,
3065 522 3396 591 παραδώσω
3426 523 3648 589 αὐτοὺς
3668 526 3758 589 εἰς

2176 608 2351 673 ἔθνος
2382 608 2725 677 ἀλλότριον,
2756 608 2854 661 καὶ
2894 608 3288 676 πορεύσονται
3339 606 3481 669 ἐκεῖ,
3513 606 3612 660 καί
3648 610 3759 661 ,ια-

2177 692 2500 757 τρεύσουσι
2530 689 2685 757 θεοῖς
2710 689 2948 758 ἑτέροις.
2984 688 3319 760 Προμηνύων
3345 687 3441 758 τὴν
3470 688 3548 751 εἰς
3583 688 3757 740 Βαϐυ-

2177 770 2323 825 λῶνα
2347 772 2721 843 αἰχμαλωσίαν
2747 772 2900 842 φησί·
2932 772 3042 825 Kal
3073 771 3468 838 πορεύσονται
3488 770 3630 832 ἐκεῖ,
3654 771 3754 823 καί

2176 856 2581 922 λατρεύσουσι
2615 854 2771 919 θεοῖς
2804 854 3045 921 ἑτέροις.
3103 854 3239 906 Τότε
3282 852 3755 920 αἰσχυνθήσεται

2178 937 2216 1004 ἡ
2249 937 2462 1005 καρδιά
2484 937 2683 992 αὐτῶν
2705 939 2744 1005 η
2780 937 3175 1005 ἀπερίτμητος
3199 951 3212 965 ·
3236 935 3329 988 καὶ
3359 934 3498 1004 μετά
3525 933 3751 1004 βραχέα,

2179 1020 2289 1072 Kal
2320 1019 2753 1088 μνησθήσομαι
2780 1017 2891 1085 τῆς
2930 1017 3220 1085 διαθήκης
3265 1015 3477 1072 Ἰακὼϐ.
3508 1016 3606 1070 καί
3645 1014 3755 1083 τῆς

2176 1102 2467 1168 διαθήκης
2508 1102 2731 1168 Ἰσαάκ,
2756 1102 2854 1155 καί
2885 1099 2995 1168 τῆς
3022 1098 3311 1166 διαθήκης
3350 1097 3624 1166 Ἁϐραάμ.

2246 1184 2313 1246 ζ’.
2345 1183 2791 1255 Ἐπαναλήψομαι
2812 1182 2871 1235 τὸ
2896 1182 3045 1252 ῥῆμα
3062 1198 3075 1211 ·
3111 1182 3139 1232 6
3172 1180 3279 1251 γάρ
3305 1181 3495 1251 κρότος
3518 1180 3753 1249 ἐκάλυψε

2175 1265 2273 1337 τὴν
2304 1267 2575 1319 ὑπόθεσιν.
2616 1265 2785 1325 Ἐκεῖ,
2823 1265 3006 1335 φησὶν,
3033 1263 3504 1331 αἰσχυνθήσεται
3539 1264 3575 1330 η
3609 1279 3752 1330 καρ-

2175 1347 2274 1401 δία
2302 1348 2499 1402 αὐτῶν
2523 1350 2559 1415 ἡ
2587 1349 3000 1417 ἀπερίτμητος,
3029 1346 3127 1399 καί
3151 1345 3583 1415 ἐπιστρέψουσι
3605 1347 3756 1413 πρός

2169 1448 2267 1498 με,
2303 1430 2400 1484 καί
2450 1431 2689 1499 ἰάσομαι
2722 1430 2962 1495 αὐτούς.
3004 1428 3228 1482 Οὐδέπω
3269 1428 3485 1498 ἀπειλὴ,
3526 1429 3619 1481 καὶ
3654 1429 3755 1498 τὴν

2177 1514 2522 1584 καταλλαγὴν
2545 1513 2937 1581 ἐπαγγέλλεται
2962 1530 2975 1542 ·
3005 1509 3155 1583 [5:25]
3183 1510 3291 1564 Kal
3311 1510 3512 1575 ἀνάξω
3531 1511 3757 1575 αὐτοὺς

2175 1598 2262 1661 είς
2287 1596 2399 1661 τὴν
2427 1595 2544 1664 γῆν
2574 1595 2689 1649 τῶν
2729 1594 2998 1661 πατέρων
3024 1593 3241 1660 αὐτῶν,
3272 1594 3367 1647 καί
3397 1594 3755 1663 μνησθήσοσ-

2171 1694 2275 1746 μαι
2290 1676 2399 1743 τῆς
2414 1676 2701 1743 διαθήκης
2731 1676 2953 1737 Ἰακὼϐ,
2974 1675 3068 1728 καί
3090 1673 3200 1742 τῆς
3215 1675 3501 1743 διαθήκης
3532 1675 3752 1737 Ἰσαὰκ,

2176 1760 2273 1813 καί
2310 1759 2419 1826 τῆς
2451 1760 2740 1827 διαθήκης
2776 1758 3047 1827 Ἀϐραάμ.
3091 1758 3254 1828 Ὁρᾷς
3282 1759 3397 1821 πῶς
3430 1757 3755 1827 μεταϐάλλει

2174 1842 2271 1912 τὴν
2294 1842 2465 1906 τάξιν.
2502 1843 2587 1894 ἵνα
2618 1841 2765 1911 δείξῃ
2799 1840 2897 1911 τὴν
2928 1840 3246 1910 ὁμοτιμίαν;
3278 1841 3353 1893 Οὐ
3392 1840 3501 1909 γάρ
3532 1838 3758 1909 πρῶτον

2176 1923 2396 1992 ἐποίησε
2428 1924 2517 1975 τὸν
2564 1921 2754 1975 Ἰακὼϐ
2783 1925 2895 1985 τοῖς
2927 1922 3156 1991 χρόνοις,
3186 1920 3323 1973 ἀλλὰ
3358 1923 3425 1991 τῇ
3460 1920 3758 1992 ἀδιαφορία

2176 2008 2572 2076 κατεχρήσατο,
2600 2007 2686 2058 ἵνα
2715 2004 2862 2075 δείξῃ
2894 2017 2992 2075 τῇ]
3019 2004 3323 2074 ὁμοτιμίαν.
3374 2004 3510 2056 Ἀλλ’
3532 2004 3624 2055 ἐπὶ
3652 2005 3754 2074 μὲν

2174 2091 2281 2141 τῶν
2315 2088 2666 2159 πατριαρχῶν
2717 2088 2906 2157 χρόνος
2955 2085 3169 2157 μερίζει
3207 2086 3333 2149 τοὺς
3370 2087 3615 2155 καρποὺς
3642 2087 3756 2139 ἀπὸ

2173 2172 2273 2240 τῆς
2310 2173 2464 2242 ῥίζης
2485 2189 2496 2200 ·
2530 2171 2698 2241 θνητὴ
2728 2172 2836 2241 γὰρ
2865 2173 2897 2241 ἡ
2941 2171 3102 2239 φύσις
3143 2169 3235 2223 καὶ
3269 2170 3376 2221 τῶν
3405 2169 3617 2237 φύντων
3655 2168 3755 2221 καὶ

2173 2254 2280 2305 τῶν
2315 2255 2717 2323 γεγεννηκότων
2735 2270 2749 2284 ·
2774 2254 2869 2323 τῆς
2906 2256 2961 2306 δέ
2984 2254 3143 2320 ἁγίας
3168 2254 3261 2305 καὶ
3283 2251 3550 2304 ἀθανάτου
3580 2268 3755 2321 προσο

2174 2336 2409 2405 κυνητῆς
2445 2336 2672 2406 Τριάδος
2701 2336 2799 2406 τὴν
2843 2336 3002 2404 φύσιν
3028 2336 3088 2387 οὑ
3124 2336 3309 2404 τέμνει
3352 2334 3523 2401 λόγος.
3556 2332 3615 2384 οὔ
3649 2349 3752 2403 με·

2176 2418 2314 2490 ρίζει
2344 2420 2551 2490 χρόνος,
2584 2421 2642 2471 οὐ
2675 2418 2943 2471 διιστῶσιν
2969 2418 3161 2479 αἰῶνες
3183 2435 3196 2448 ·
3231 2417 3378 2469 οὐδὲν
3406 2415 3516 2486 γάρ
3544 2416 3752 2485 μεταξὺ

2176 2504 2383 2572 Πατρός
2411 2504 2502 2555 καὶ
2541 2503 2670 2555 Υίοῦ
2700 2504 2793 2554 καὶ
2820 2502 2974 2568 ἀγίου
3003 2500 3335 2571 Πνεύματος.
3373 2499 3609 2570 Ποιητὴς
3641 2499 3753 2551 τῶν

2174 2585 2381 2638 αἰώνων
2410 2589 2437 2639 6
2469 2588 2794 2657 Μονογενής.
2832 2588 3029 2638 Ἀκουε
3068 2583 3161 2636 τοῦ
3191 2583 3333 2636 θείου
3369 2583 3464 2635 καὶ
3503 2583 3751 2649 γενναίου

2174 2672 2408 2739 κήρυκος
2436 2664 2536 2722 ῶδέ
2579 2687 2629 2721 τι
2664 2670 2791 2738 περὶ
2820 2669 2916 2722 τοῦ
2956 2668 3169 2739 Πατρδς
3210 2667 3519 2738 εξρηκότος.
3558 2669 3754 2719 ηολυ,

2169 2750 2361 2821 μερῶς
2399 2753 2494 2804 καί
2558 2753 2949 2818 πολυτρόπως
2985 2749 3171 2803 πάλαι
3215 2754 3247 2803 ό
3280 2748 3422 2814 Θεὸς
3470 2749 3754 2812 λαλήσας

2172 2833 2296 2897 τοῖς
2342 2832 2638 2900 πατράσιν
2682 2834 2753 2885 ἐν
2800 2833 2922 2898 τοῖς
2965 2833 3314 2901 προφήταις,
3358 2832 3449 2884 ἐπ’
3476 2830 3753 2897 ἐσχάτων

2173 2915 2290 2971 τῶν
2321 2917 2556 2985 ἡμερῶν
2604 2918 2828 2970 τούτων
2871 2915 3176 2982 ἐλάλησεν
3219 2914 3363 2983 ἡμῖν
3389 2914 3457 2967 ἐν
3504 2912 3635 2976 Υίῷ,
3677 2912 3754 2966 ὃν

2172 3000 2349 3065 ἔθηκε
2370 3002 2749 3065 κληρονόμον
2767 2997 3026 3062 πάντων,
3054 2997 3127 3048 δι’
3152 2993 3221 3051 οὗ
3252 2995 3350 3047 καί
3371 2996 3509 3060 τοὺς
3529 2992 3754 3060 αἰῶνας

2171 3082 2476 3146 ἐποίησεν.
2504 3080 2670 3132 Οὐδὲν
2698 3080 2877 3131 τοίνυν
2904 3078 3102 3147 μεταξὺ
3129 3077 3339 3148 Πατρός
3370 3079 3464 3130 καὶ
3497 3076 3627 3129 Υἰοῦ
3656 3079 3753 3130 καὶ

2171 3163 2324 3228 άγίου
2360 3162 2703 3231 Πνεύματος·
2734 3161 2906 3224 οὐδεὶς
2948 3164 3136 3230 χρόνος
3163 3160 3195 3227 ἢ
3227 3160 3497 3229 διάστημα
3530 3159 3749 3228 χρόνου.

2171 3246 2283 3315 Πρὸ
2311 3245 2418 3297 τῶν
2444 3244 2653 3297 αἰώνων
2681 3244 2888 3314 Πατὴρ,
2928 3243 3031 3313 πρὸ
3069 3242 3175 3295 τῶν
3210 3241 3417 3296 αἰώνων
3459 3242 3585 3304 Υἱός
3605 3259 3617 3271 ·
3650 3244 3753 3294 αύ-

2170 3328 2258 3391 τὺς
2284 3328 2391 3398 γὰρ
2438 3328 2658 3397 ἐποίησε
2691 3328 2817 3389 τοὺς
2870 3326 3106 3388 αἰῶνας·
3137 3326 3243 3395 πρὸ
3286 3326 3390 3377 τῶν
3427 3323 3638 3377 αἰώνων
3686 3326 3751 3377 τὸ

2172 3413 2323 3478 ἆγιον
2360 3410 2604 3478 Πνεῦμα.
2651 3408 2897 3476 Οὐδαμοῦ
2946 3409 3187 3477 σχίζεται
3217 3410 3248 3475 ὴ
3284 3406 3463 3474 φύσις,
3506 3406 3747 3476 οὐδαμοῦ

2173 3492 2448 3562 μερίζεται
2480 3492 2779 3559 ήδύναμις.
2824 3491 3061 3560 Πρόσεχε
3095 3488 3335 3557 ἀκριϐῶς
3356 3504 3370 3518 ·
3402 3488 3675 3558 βασιλεύει
3719 3492 3750 3543 6

2170 3575 2378 3643 Πατὴρ,
2436 3573 2703 3641 βασιλεύει
2739 3575 2766 3625 6
2822 3573 2967 3635 Υἱὸς,
3007 3571 3277 3641 βασιλεύει
3314 3571 3372 3623 τὸ
3414 3569 3640 3639 Πνεῦμα
3686 3572 3749 3624 τὸ

2170 3658 2341 3724 ἅγιον.
2374 3654 2501 3708 Οἶδα
2521 3656 2694 3727 ταύτῃ
2719 3657 3060 3725 χρησάμενος
3086 3660 3151 3726 τῇ
3183 3654 3482 3718 ἀποδείξει·
3516 3654 3657 3706 ἀλλά
3681 3654 3751 3708 τὰ

2170 3740 2305 3794 αὑτά
2333 3739 2533 3807 λέγειν,
2551 3738 2709 3805 Ἐμοὶ
2737 3738 2847 3801 μὲν
2866 3740 2976 3791 οὐκ
3002 3737 3276 3804 ὀκνηρὸν,
3301 3737 3441 3805 ὑμῖν
3460 3736 3527 3789 δὲ
3552 3738 3751 3805 ἀσφα-

2168 3822 2295 3887 λές.
2321 3821 2599 3874 Βασιλεύει
2626 3821 2830 3889 Πατὴρ,
2877 3819 3017 3872 κατὰ
3044 3822 3123 3879 τὸ,
3170 3821 3221 3872 '0
3257 3819 3399 3883 Θεὸς
3432 3818 3600 3886 ἡμῶν
3625 3820 3749 3882 ,ϐα-

2169 3904 2379 3969 σιλεὺς
2408 3906 2487 3967 εἰς
2530 3905 2623 3956 ·ὸν
2663 3901 2863 3957 αἰῶνα.
2896 3902 3173 3954 Βασιλεύει
3220 3902 3377 3964 Υἱός·
3407 3899 3589 3955 Δώσει
3637 3902 3749 3973 γάρ

2168 3987 2327 4050 αὐτῷ
2354 3989 2563 4053 Κύριος
2588 3987 2697 4038 τὸν
2720 3989 2935 4051 θρόνοι·
2956 3985 3135 4037 Δαυῒδ
3160 3984 3261 4037 τοῦ
3286 3985 3507 4051 πατρὸς
3534 3984 3745 4049 αὐτοῦ,

2169 4069 2265 4121 καί
2296 4070 2658 4132 ,ϐασιλεύσει
2708 4067 2807 4120 ἐπὶ
2863 4067 2968 4120 τὸν
3015 4062 3183 4120 οἷκον
3223 4066 3422 4119 Ἰακὼϐ
3464 4068 3552 4131 εἰς
3603 4067 3748 4131 τοὺς

2166 4151 2403 4217 αἰῶνας.
2459 4150 2739 4203 Βασιλεύει
2766 4151 2826 4203 τὸ
2858 4148 3080 4219 Πνεῦμα
3108 4150 3166 4201 τὸ
3214 4150 3365 4215 ἆγιον
3389 4166 3402 4179 ·
3434 4150 3463 4200 ὁ
3503 4150 3601 4217 μὲν
3636 4151 3747 4221 γὰρ

2177 4235 2401 4298 Ἡσαΐας
2447 4228 2603 4285 εἶπε·
2652 4233 2762 4287 Καὶ
2796 4232 2903 4284 τὸν
2943 4229 3206 4295 βασιλέα
3250 4230 3469 4297 Κύριον
3501 4232 3753 4287 Σαϐαὼθ

2165 4312 2326 4369 εἶδον
2351 4316 2474 4380 τοῖς
2499 4314 2826 4384 ὀφθαλμοῖς
2862 4331 2981 4382 μου
3017 4313 3357 4381 καθήμενον
3394 4312 3492 4365 ἐπὶ
3525 4315 3745 4381 θρόνου

2164 4399 2406 4468 ὑψηλοῦ
2429 4400 2524 4452 καί
2552 4398 2907 4465 ἐπηρμένου.
2934 4396 3041 4449 Καὶ
3066 4391 3193 4449 εἷπε
3222 4398 3370 4463 πρός
3389 4413 3466 4464 με
3492 4412 3506 4427 ·
3532 4400 3746 4463 Πορευ-

2165 4482 2289 4547 θεὶς
2316 4481 2487 4533 εἰπὸν
2504 4479 2584 4545 τῷ
2603 4478 2729 4544 λαῷ
2757 4481 2960 4545 τούτῳ·
3000 4478 3169 4546 Ἀκοῇ
3197 4480 3519 4545 ἀκούσητε,
3547 4481 3645 4532 καί
3673 4482 3744 4533 οὐ

2158 4566 2244 4634 μὴ
2287 4563 2537 4631 συνῆτε,
2574 4565 2670 4616 καὶ
2713 4563 3053 4627 βλέποντες
3079 4562 3375 4629 βλέψητε,
3408 4562 3508 4614 καί
3556 4565 3629 4616 οὐ
3655 4562 3740 4631 μὴ

2165 4649 2348 4714 ἴδητε,
2385 4649 2477 4701 καὶ
2504 4648 2571 4700 τὰ
2612 4646 2759 4714 ἑξῆς·
2794 4649 2821 4699 6
2849 4646 2907 4699 δὲ
2946 4646 3265 4707 Ἀπόστολος
3303 4647 3383 4707 εἰς
3411 4646 3471 4697 τὸ
3517 4646 3743 4717 Πνεῦμα

2162 4732 2222 4784 τὸ
2254 4734 2408 4797 ἆγιον
2453 4729 2785 4798 ἐκλαμϐάνει
2831 4729 2929 4799 τὴν
2968 4728 3061 4780 τοῦ
3111 4728 3388 4797 προφήτου
3441 4728 3738 4797 θεολογίαν.

2176 4813 2414 4865 Ἑκείνου
2444 4812 2745 4881 εἰρηκότος,
2772 4811 2953 4864 Εἶδον
2978 4810 3084 4862 τὸν
3101 4807 3365 4873 βασιλέα
3390 4810 3608 4879 Κύριον
3633 4815 3744 4865 Σα-

2164 4898 2340 4959 ϐαὼθ,
2376 4897 2473 4948 καὶ
2517 4892 2645 4949 εἶπέ
2668 4913 2789 4964 μοι,
2822 4896 3160 4961 Πορεύθητι,
3210 4892 3307 4945 καί
3340 4892 3473 4945 εἰπὲ
3498 4893 3580 4958 τῷ
3614 4894 3739 4957 λαῷ

2162 4982 2369 5044 τούτῳ,
2415 4982 2442 5032 6
2480 4979 2689 5039 Παῦλος
2741 4976 2964 5045 βασιλέα
3010 4975 3212 5045 Κύριον
3264 4975 3489 5029 Σαϐαὼθ
3547 4979 3627 5038 εἰς
3678 4976 3737 5028 τὺ

2163 5064 2385 5133 Πνεῦμα
2408 5064 2468 5114 τὸ
2496 5062 2645 5129 ἆγιον
2674 5059 3048 5128 ἐκλαμϐάνων,
3075 5062 3130 5111 ἐν
3152 5062 3217 5130 τῇ
3252 5058 3438 5129 Ῥώμῃ
3461 5062 3577 5123 τοῖς
3611 5060 3738 5110 "Cu-

2161 5147 2328 5207 δαίοις
2375 5144 2750 5213 διαλεγόμενός
2803 5158 2969 5212 φησι·
3011 5141 3218 5206 Καλῶς
3265 5140 3330 5194 τὸ
3378 5141 3620 5210 Πνεῦμα
3668 5140 3735 5195 τὸ

2161 5230 2329 5298 ἅγιον
2364 5225 2492 5279 εἷπε
2515 5226 2661 5293 πρὸς
2686 5224 2827 5291 τοὺς
2857 5225 3114 5292 πατέρας
3145 5223 3315 5293 ἡμῶν
3333 5223 3429 5277 διὰ
3456 5224 3561 5278 τοῦ
3595 5239 3735 5291 προ-

2160 5312 2351 5381 φήτου
2401 5308 2638 5363 Ἡσαΐου
2672 5308 2888 5377 λέγον·
2926 5310 3262 5376 Πορωθείς,
3301 5306 3473 5361 εἰπὸν
3496 5306 3575 5371 τῷ
3606 5307 3734 5371 λαῷ

2159 5397 2371 5459 τούτῳ·
2406 5390 2571 5457 Ἀκοῇ
2616 5392 2939 5457 ἀκούσητε,
2984 5391 3081 5444 καί
3114 5392 3185 5444 οὺ
3214 5391 3298 5459 μὴ
3350 5389 3600 5455 συνῆτε,
3640 5391 3733 5443 καὶ

2157 5478 2224 5530 τὰ
2246 5476 2389 5544 ἑξῆς.
2419 5474 2639 5534 Ἡσαΐας
2660 5475 2832 5541 ἔλεγε,
2865 5475 2974 5528 Τὸν
2988 5474 3256 5539 ,βασιλέα
3286 5473 3529 5527 Σαϐαὼθ
3548 5471 3735 5533 εἶδον.

2159 5561 2254 5613 καὶ
2291 5555 2419 5611 εἷπε
2467 5559 2616 5624 πρός
2646 5574 2756 5625 με·
2793 5558 2982 5612 Εἰπὸν
3020 5557 3100 5623 τῷ
3127 5553 3255 5621 λαῷ
3296 5558 3515 5620 τούτῳ·
3568 5559 3663 5611 καὶ
3704 5562 3731 5612 6

2158 5641 2365 5703 Παῦλος
2393 5639 2564 5707 λέγων
2593 5636 2667 5710 τῷ
2699 5642 2836 5711 ἁγίῳ
2862 5640 3137 5711 Πνεύματι
3160 5638 3391 5708 ἀνέθηκε
3413 5640 3512 5709 τὴν
3545 5641 3732 5695 αὐθεν-

2158 5727 2295 5780 τίαν.
2330 5721 2534 5778 Οὐκοῦν
2571 5723 2818 5794 βασιλεὺς
2841 5725 2932 5778 καὶ
2954 5724 3153 5793 Κύριος
3173 5721 3398 5776 Σαϐαὼθ
3426 5723 3485 5777 τὸ
3509 5723 3730 5795 Πνεῦμα
