3984 6450
220 355 338 413 509

235 464 371 515 ritus
397 465 648 522 sanctus,
681 467 981 513 accuratam
1035 455 1175 508 illam
1221 453 1505 508 adoranda:
1546 452 1819 507 Trinitatis

233 553 432 606 seriem
461 551 782 620 ignorantes,
808 548 900 602 sed
930 557 1105 600 mente
1136 561 1383 615 perversa
1417 546 1696 613 theologia:
1726 561 1818 614 pu-

232 642 446 695 ritatem
491 639 811 693 contumelia
855 637 1071 693 afficere
1118 635 1425 709 conantes),
1468 636 1588 705 jure
1630 637 1823 689 Paulus

233 733 510 786 noluinum
541 730 781 783 ordinem
815 729 1047 792 invertit,
1074 737 1128 781 ut
1158 729 1392 781 veritatis
1421 729 1524 779 vim
1554 727 1819 794 Ostendat,

231 831 286 874 et
317 820 679 889 improborum
711 820 1017 888 opinionem
1050 817 1304 871 confutet.
1335 820 1404 870 At
1433 818 1545 871 scio
1566 859 1580 880 ,
1609 818 1682 869 ait
1711 819 1821 870 ha:-

233 914 455 976 reticus,
485 927 606 965 eum
650 908 768 963 Filii
812 910 1023 978 quidem
1064 920 1117 964 et
1165 908 1391 977 Spiritus
1437 911 1602 962 sancti
1654 910 1828 962 obiter

234 1005 562 1057 mentionem
594 1003 802 1066 fecisse,
822 1001 913 1055 sed
941 1016 1058 1053 cum
1089 999 1153 1052 ad
1183 1001 1394 1053 Patrem
1428 1000 1679 1064 venisset,
1704 999 1828 1052 sub-

235 1094 502 1148 limiorem
525 1094 843 1162 theologiam
859 1092 1181 1146 adhibuisse.
1206 1092 1279 1145 De
1299 1091 1496 1159 Spiritu
1514 1092 1653 1144 enim
1672 1090 1825 1154 dixit,

235 1185 386 1238 Idem
407 1201 520 1238 vero
549 1184 806 1252 Spiritus;
838 1184 902 1237 de
934 1183 1086 1246 Filio,
1115 1182 1260 1235 Idem
1283 1199 1396 1235 vero
1428 1181 1674 1234 Dominus
1700 1179 1830 1233 :scd

235 1292 361 1330 cum
393 1276 456 1329 ad
484 1277 692 1329 Patrem
723 1277 974 1338 venisset,
1004 1276 1198 1343 adjecit
1225 1294 1235 1327 :
1269 1275 1365 1339 Qui
1390 1284 1625 1343 aperatur
1654 1275 1828 1326 omnia

236 1370 290 1421 in
317 1367 565 1422 omnibus.
595 1366 730 1434 Quid
754 1369 914 1436 ergo?
941 1366 1139 1420 illudne
1158 1367 1396 1428 verbum,
1417 1367 1626 1434 operari
1649 1367 1830 1419 omnia

240 1463 292 1514 in
325 1461 573 1514 omnibus
597 1500 612 1524 ,
641 1460 1008 1513 auctoritatem
1040 1457 1274 1511 iudicat?
1302 1457 1473 1510 Etiam
1498 1498 1512 1523 ,
1545 1457 1730 1526 inquit.
1771 1458 1834 1510 Et

240 1551 724 1618 supereminentem
748 1548 1115 1603 excellentiam
1142 1548 1425 1616 prindicat?
1452 1548 1611 1612 Sane,
1643 1548 1830 1616 inquit.

246 1642 310 1694 Et
337 1655 435 1709 ego
463 1655 671 1709 quoque
703 1647 844 1692 tuam
875 1638 1266 1692 confessionem
1295 1638 1516 1705 recipio,
1548 1639 1590 1690 si
1621 1639 1670 1690 in
1698 1653 1831 1690 con-

243 1731 536 1785 ditionibus
583 1745 917 1799 permaneas.
951 1729 1236 1783 Videamus
1265 1745 1390 1799 ergo
1421 1729 1544 1798 quid
1578 1745 1669 1783 vas
1706 1729 1833 1782 illud

245 1823 542 1882 electionis.
570 1822 658 1874 ille
687 1822 898 1890 inquam
930 1836 957 1873 a
988 1820 1186 1887 Spiritu
1217 1832 1403 1875 sancto
1432 1821 1620 1873 ductus
1646 1864 1659 1885 ,
1693 1823 1831 1875 circa

247 1914 380 1966 hanc
419 1915 769 1982 qumstionem
815 1922 1079 1980 suggerat.
1132 1910 1412 1980 Unicuique
1439 1913 1588 1962 datur
1617 1913 1833 1980 manife-

245 2007 392 2060 statio
443 2005 669 2071 Spiritus
708 2004 776 2056 ad
813 2005 1099 2056 utilitatem.
1141 2003 1242 2055 Alii
1270 2003 1469 2070 quidem
1493 2005 1644 2054 datur
1674 2019 1835 2055 sermo

243 2096 507 2163 sapientia:
527 2093 800 2147 secundum
829 2093 1053 2147 eumdem
1080 2093 1326 2162 Spiritum
1348 2110 1363 2155 ;
1390 2092 1480 2144 alii
1500 2110 1660 2144 sermo
1683 2093 1837 2145 scien-

246 2193 329 2245 tia:
365 2193 419 2244 in
461 2190 634 2243 eodem
675 2190 872 2259 Spiritu
901 2190 1033 2241 :alii
1075 2190 1236 2258 gratia
1277 2189 1550 2240 sanitatum
1581 2188 1632 2238 in
1663 2187 1836 2238 eodem

247 2285 485 2351 Spiritu;
525 2284 618 2336 alii
658 2283 956 2350 prophetia;
995 2281 1085 2332 alii
1129 2280 1472 2349 interpretatio
1514 2280 1835 2347 linguarum;

245 2378 334 2428 alii
380 2376 548 2442 ﬁdes;
587 2376 674 2427 alii
715 2373 848 2425 dona
881 2373 897 2441 (
929 2374 979 2425 I.
1009 2372 1126 2426 Cor.
1155 2372 1238 2425 I2.
1273 2371 1405 2425 7-10
1433 2374 1472 2438 ).
1526 2370 1646 2423 "me
1687 2387 1837 2438 porro

247 2468 418 2520 omnia
441 2483 459 2518 :
487 2466 701 2520 attende
728 2465 1026 2534 diligenter,
1057 2465 1175 2518 vide
1204 2464 1448 2516 dictionis
1481 2474 1532 2516 ct
1562 2464 1838 2530 potestatis

247 2556 677 2610 consonantiam.
709 2555 806 2621 Qui
840 2555 984 2622 prius
1014 2554 1246 2618 dixerat,
1285 2553 1430 2605 Idem
1460 2563 1626 2604 autent
1664 2551 1799 2603 Deus
1821 2593 1836 2617 ,

246 2649 330 2717 qui
353 2657 593 2716 operatur
619 2648 788 2699 omnia
814 2646 864 2697 in
893 2646 1138 2708 onmibus,
1168 2645 1251 2697 ubi
1284 2645 1348 2698 ad
1381 2644 1637 2712 Spiritum
1672 2643 1834 2705 venit,

247 2739 492 2792 eamdem
521 2737 618 2805 ipsi
647 2737 749 2790 vim
783 2737 956 2789 inesse
988 2735 1299 2788 testificatur
1328 2752 1341 2788 :
1377 2733 1501 2786 Ilcec
1530 2743 1698 2785 autem
1731 2749 1839 2785 om-

249 2832 355 2892 nia,
388 2828 578 2896 iuqttil,
603 2838 840 2894 operatur
883 2843 1010 2878 unus
1051 2836 1096 2878 et
1141 2827 1271 2878 idem
1311 2825 1570 2893 Spiritus,
1612 2822 1838 2874 dividens

247 2920 484 2989 singulis,
517 2929 662 2984 prout
689 2919 789 2969 vult
821 2915 996 2984 (Ibid.
1027 2934 1070 2968 v.
1099 2916 1208 2985 11).
1239 2915 1329 2969 Sic
1358 2931 1463 2967 non
1496 2913 1840 2967 labefactatur

250 3009 649 3078 glorificationis
676 3007 807 3061 ordo
835 3009 1125 3075 seriesque,
1160 3007 1374 3074 quando
1402 3004 1616 3073 aliquod
1648 3019 1839 3058 nomen

250 3114 317 3151 ex
347 3108 529 3151 sancta
558 3098 836 3156 Trinitate,
871 3107 962 3149 aut
998 3098 1248 3163 priimun,
1283 3107 1370 3149 aut
1409 3094 1721 3155 secundum,
1751 3102 1843 3146 aut

251 3191 466 3242 tertium
507 3188 738 3255 ponitur.
789 3187 919 3239 Illud
949 3188 1112 3248 enim,
1143 3186 1375 3253 primus,
1411 3184 1698 3245 secundus,
1731 3194 1839 3235 ter-

252 3283 377 3344 tius,
412 3295 520 3334 non
551 3277 747 3332 indicat
777 3286 979 3329 natura:
1019 3275 1369 3328 differentiam
1393 3315 1407 3337 ,
1437 3273 1531 3326 sed
1561 3273 1840 3338 theologia:

251 3373 392 3426 viam
425 3371 551 3424 nulli
591 3368 889 3424 confusioni
927 3365 1233 3420 obnoxiam.
1284 3365 1488 3417 llursus
1531 3362 1668 3415 idem
1713 3377 1841 3429 apo-

260 3466 459 3527 stolus,
495 3471 551 3514 ut
579 3460 820 3513 ostendat
850 3473 908 3511 se
931 3459 1202 3510 nominum
1235 3456 1421 3509 ordine
1451 3454 1644 3522 ubique
1673 3453 1841 3506 indis—

254 3553 574 3607 eriminatim
603 3551 698 3613 uti,
730 3559 911 3616 utpote
941 3550 1026 3616 qui
1065 3557 1210 3600 recto
1237 3547 1423 3599 ordine
1453 3555 1506 3598 et
1533 3553 1688 3598 caute
1712 3545 1844 3598 divi-

258 3661 378 3698 nam
407 3643 836 3713 prmdicationem
876 3640 1080 3702 adiret,
1114 3637 1676 3690 Thessalonicensibus
1714 3638 1846 3688 scri-

260 3737 393 3788 bens
418 3735 492 3786 ait
522 3751 534 3786 :
565 3732 684 3802 Ipse
711 3749 823 3784 vero
857 3730 1104 3783 Dominus
1140 3740 1306 3782 noster
1339 3728 1487 3781 Jesus
1514 3726 1770 3791 Christus,
1801 3736 1846 3779 et

259 3823 400 3877 Deus
420 3822 574 3874 Pater
591 3830 756 3874 noster
779 3820 850 3887 (2.
875 3819 1048 3872 Thess.
1071 3818 1248 3888 2.15).
1283 3819 1361 3871 Att
1387 3819 1635 3885 primum,
1661 3817 1843 3879 Paule,

261 3916 476 3978 Filium,
511 3923 799 3982 posteaque
830 3912 1038 3965 Patrem
1069 3911 1356 3979 pricdicas?
1388 3910 1462 3962 'I‘u
1493 3911 1742 3978 primum,
1765 3912 1846 3961 in-

261 4010 413 4077 quit,
448 4006 599 4074 quasi
642 4006 829 4058 ordine
867 4014 920 4057 et
955 4004 1207 4071 dignitate
1248 4002 1517 4070 expromis
1553 4019 1564 4052 :
1597 4017 1694 4070 ego
1725 4017 1846 4054 cum

263 4103 493 4170 primum
514 4108 566 4152 et
592 4098 881 4151 secundum
906 4097 1048 4153 dico.
1073 4106 1313 4147 naturam
1342 4094 1712 4147 indivisihilem
1736 4093 1850 4161 opi-

263 4209 390 4256 nor;
426 4192 532 4243 imo
561 4206 686 4242 vero
713 4204 817 4242 non
847 4189 1056 4256 Opinor,
1101 4187 1193 4241 sed
1238 4197 1547 4240 constanter
1589 4185 1841 4254 prtedico.

262 4284 338 4338 Ne
385 4283 542 4350 igitur
585 4281 777 4334 divinis
821 4281 1044 4349 eloquiis
1087 4279 1460 4332 contumeliam
1507 4277 1721 4337 inferas,
1753 4291 1850 4330 nec

261 4375 497 4427 ca-lestia
530 4372 774 4440 dogmata
805 4371 1162 4425 calumnieris.
1198 4371 1296 4422 l’ar
1327 4370 1632 4437 exemplum
1666 4369 1716 4420 in
1747 4367 1851 4420 Ve-

265 4466 363 4518 teri
413 4463 754 4516 Testamento
803 4462 1024 4528 reperis.
1069 4460 1528 4524 Quemadmodum
1577 4461 1716 4512 enim
1765 4458 1852 4512 hic

267 4554 464 4608 Paulus
503 4568 533 4606 a
575 4552 772 4620 Spiritu
815 4567 987 4616 orsus,
1014 4552 1154 4603 venit
1184 4551 1248 4602 ad
1282 4550 1494 4613 Filium,
1544 4559 1596 4602 et
1643 4565 1672 4602 a
1719 4550 1852 4603 Filio

268 4657 453 4696 rursus
483 4643 548 4695 ad
580 4643 788 4696 Patrem
811 4683 824 4707 ,
854 4651 905 4696 et
934 4641 1071 4709 quod
1116 4645 1385 4693 nominum
1416 4640 1603 4693 ordine
1641 4642 1851 4694 tertium

265 4742 402 4792 erat,
438 4733 663 4800 primum
695 4732 888 4795 effecit,
919 4749 1020 4784 non
1056 4742 1264 4784 mutans
1290 4731 1679 4798 praedicationis
1710 4733 1855 4785 ordi-

268 4841 413 4886 nem,
449 4821 543 4874 sed
571 4821 954 4876 indifferentem
990 4822 1264 4889 theologia:
1292 4822 1647 4889 cognitionem
1675 4831 1853 4876 osten-

271 4919 402 4969 dens
435 4916 554 4967 :-sic
590 4913 640 4966 in
675 4914 844 4967 Veteri
891 4916 1228 4969 Testamento
1256 4915 1493 4968 eamdem
1525 4914 1743 4980 ﬁguram
1775 4915 1854 4968 in-

274 5006 476 5068 venies,
501 5005 647 5070 quasi
677 5002 727 5053 in
757 5003 1002 5069 imagine,
1031 5005 1425 5071 pratluccntem.
1459 5003 1585 5067 Quis
1612 5013 1852 5055 nostrum

275 5099 502 5165 ignorat,
536 5094 743 5152 fratres.
776 5093 1102 5160 Seripturam
1137 5095 1306 5161 primo
1335 5095 1602 5146 Abraham
1633 5107 1850 5160 ponere,

272 5187 510 5240 secundo
557 5186 697 5238 Isaac
722 5226 734 5246 ,
781 5186 934 5236 tertio
973 5183 1167 5235 Jacob?
1201 5185 1352 5246 Nam,
1386 5184 1497 5254 Ego
1525 5184 1662 5236 Deus
1689 5185 1854 5235 Abra-

275 5280 412 5339 ham,
447 5275 585 5328 Deus
626 5274 774 5326 Isaac
797 5317 809 5338 ,
851 5274 986 5326 Deus
1024 5273 1183 5326 Jacob
1223 5274 1414 5338 (Exod.
1445 5275 1499 5328 5.
1529 5274 1618 5340 6).
1651 5275 1712 5326 Ει
1737 5273 1856 5341 jure

275 5368 548 5434 Scriptura
576 5365 743 5427 primo
776 5374 1066 5432 parentem.
1093 5367 1326 5417 secundo
1351 5368 1532 5423 lilium.
1561 5375 1740 5432 postea
1763 5379 1856 5417 ne-

277 5465 452 5525 potem
482 5455 721 5508 collocat.
757 5457 945 5507 \erum
976 5455 1092 5522 quia
1125 5467 1310 5506 natura
1343 5455 1674 5507 indivisihilis
1706 5466 1813 5508 erat
1839 5497 1853 5520 ,

275 5550 401 5601 licet
445 5556 682 5614 tempore
726 5554 779 5598 et
819 5546 957 5598 serie
998 5545 1427 5612 distingueretur,
1460 5561 1564 5598 non
1597 5545 1857 5598 dubitavit

277 5639 416 5693 licus
457 5638 697 5692 ordinem
743 5647 947 5691 mutare
993 5647 1052 5691 ut
1097 5636 1485 5692 confessionem
1528 5638 1852 5692 ostenderet.

278 5731 370 5786 Ait
407 5728 549 5782 enim
590 5729 640 5783 in
685 5729 921 5786 chitico
957 5733 1161 5803 (locum
1205 5735 1343 5789 enim
1390 5729 1585 5797 indico,
1615 5745 1680 5784 ue
1720 5729 1857 5786 dicta

1446 342 1535 396 DE
1572 338 1934 398 SEIlPENTE
1972 339 2272 396 IIOIIILIA.

3402 351 3516 408 510

1933 454 2301 525 calumnieris)
2336 474 2347 508 :
2383 455 2443 509 Si
2468 471 2581 510 vero
2612 458 2867 527 peccarint
2892 460 2989 528 filii
3017 459 3197 526 Israel,
3219 463 3416 515 tradam
3438 481 3522 517 eos

1928 549 1980 601 in
2007 559 2201 618 gentem
2226 553 2465 617 alienam,
2490 563 2532 605 et
2556 553 2676 606 illuc
2704 557 3101 623 proﬁciscentur,
3127 567 3173 610 et
3192 559 3403 611 servient
3424 558 3522 611 diis

1929 641 2123 693 alienis.
2145 641 2513 697 Pramuntians
2540 646 2897 713 captivitatem
2931 647 3302 718 Bahylouicam
3330 651 3422 715 ait,
3455 649 3520 702 Et

1929 730 2052 781 illuc
2078 732 2480 798 proﬁciscentur,
2523 744 2568 786 et
2601 738 2811 788 servient
2839 737 2935 789 diis
2961 739 3156 795 alienis.
3213 738 3355 792 Tunc
3398 757 3520 792 con-

1931 820 2168 888 fundetur
2205 838 2292 874 cor
2335 840 2505 876 eorum
2553 826 2976 883 incircumcisum.
2999 829 3063 881 Et
3092 829 3251 896 paulo
3283 840 3420 898 post,
3458 831 3520 882 It‘t

1931 911 2229 963 recordabar
2258 916 2538 967 testamenti
2561 913 2741 980 Iacob,
2780 929 2824 968 et
2847 919 3124 970 testamenti
3147 917 3320 984 Isaac,
3367 932 3412 974 et
3457 931 3522 972 tc-

1930 1004 2161 1054 stamenti
2183 1003 2438 1056 Abraham
2475 1005 2654 1076 (Leuit.
2687 1007 2778 1061 26.
2812 1008 3026 1077 40-42).

2005 1093 2056 1144 7.
2101 1092 2304 1146 Dictum
2349 1106 2585 1163 repetam
2638 1114 2650 1149 :
2699 1099 2912 1165 plausus
2955 1101 3094 1152 enim
3149 1110 3516 1169 argumentum

1933 1183 2253 1236 obscurat-it.
2283 1183 2422 1248 Illic,
2459 1185 2645 1254 inquit,
2676 1188 2869 1256 pudore
2895 1187 3213 1254 su/fundelur
3240 1206 3325 1241 cor
3351 1207 3521 1242 eorum

1932 1272 2359 1338 incircumcisum,
2412 1286 2454 1328 et
2505 1290 2811 1330 revertentur
2849 1281 2917 1331 ad
2947 1297 3041 1343 me,
3091 1291 3136 1332 et
3185 1282 3372 1333 sanabo
3417 1299 3523 1335 eos.

1935 1361 2178 1415 Nondum
2233 1366 2627 1432 comminatus,
2683 1371 3165 1423 reconciliationem
3220 1372 3520 1439 promittit:

1940 1452 2006 1504 Et
2034 1454 2270 1505 reducant
2317 1473 2398 1508 eos
2429 1457 2479 1508 in
2508 1467 2688 1509 terram
2722 1470 2922 1529 patrum
2962 1478 3188 1527 suorum,
3217 1472 3260 1515 et
3288 1463 3525 1516 recorda-

1937 1544 2025 1596 bor
2051 1546 2331 1597 testamenti
2356 1544 2536 1602 Jacob.
2567 1554 2616 1599 el
2645 1552 2923 1601 testamenti
2965 1550 3134 1614 Isaac,
3169 1562 3211 1603 et
3244 1555 3527 1606 testamenti

1937 1633 2214 1686 Abraham.
2250 1634 2406 1689 Vides
2434 1639 2699 1705 quomodo
2723 1649 2886 1692 mutet
2908 1640 3150 1693 ordinem
3179 1660 3190 1706 ;
3227 1654 3278 1694 ut
3302 1644 3524 1712 aequali-

1939 1732 2097 1776 tatem
2130 1725 2344 1778 hoztoris
2374 1729 2659 1780 ostendat?
2697 1728 2876 1798 Neque
2914 1731 3055 1783 enim
3092 1731 3346 1786 Iacobum
3389 1744 3526 1787 teni-

1940 1829 2066 1881 pore
2095 1816 2321 1882 primum
2363 1816 2506 1882 fecit,
2539 1820 2631 1872 sed
2665 1820 3118 1874 indiscrimioatim
3152 1825 3395 1892 loquutus
3421 1837 3523 1893 est,

1939 1915 1993 1956 ut
2027 1909 2302 1973 paritatetn
2338 1908 2554 1961 honoris
2576 1912 2901 1964 ostenderet.
2934 1913 3122 1965 Verum
3148 1917 3280 1982 apud
3305 1919 3526 1985 patriar-

1937 1997 2065 2048 chas
2107 2009 2312 2066 tempus
2358 1999 2633 2068 distinguit
2680 1999 2906 2054 fructum
2949 2017 2976 2053 a
3027 2003 3235 2068 radice;
3284 2007 3528 2060 mortalis

1939 2091 2132 2158 quippe
2177 2101 2363 2144 natura
2403 2103 2483 2145 est
2521 2104 2574 2146 et
2619 2104 2893 2162 parentum
2936 2107 2987 2148 et
3020 2106 3258 2149 natorum
3293 2112 3527 2154 :sanct:c

1941 2198 2066 2236 vero
2085 2183 2396 2238 immortalis
2415 2195 2466 2238 et
2487 2185 2769 2240 adoranda:
2789 2188 3060 2241 Trinitatis
3087 2200 3326 2243 naturam
3351 2207 3528 2246 sermo

1941 2291 2046 2328 non
2078 2275 2283 2341 dividit,
2329 2293 2433 2330 non
2467 2279 2739 2348 distinguit
2784 2290 3010 2348 tempus,
3056 2299 3157 2334 non
3202 2284 3392 2336 Sazcula
3435 2299 3526 2338 se-

1943 2378 2128 2436 ptl‘illll
2157 2386 2168 2420 :
2199 2369 2327 2423 nihil
2350 2371 2490 2423 enim
2520 2372 2800 2425 intercedit
2823 2374 2960 2426 inter
2987 2374 3217 2435 Patrem.
3240 2385 3291 2430 et
3314 2376 3525 2442 Filium,

1942 2469 1994 2511 et
2016 2459 2266 2526 Spiritum
2301 2470 2560 2514 sanctum.
2593 2463 2847 2515 Conditor
2871 2465 3182 2516 surculorum
3213 2475 3294 2518 est
3330 2466 3530 2536 Uuige-

1943 2552 2102 2602 nitus.
2139 2553 2276 2604 Audi
2322 2552 2555 2606 divinum
2587 2555 2734 2607 illum
2774 2572 3194 2625 generosumque
3227 2575 3529 2627 praeconem

1943 2641 2008 2695 de
2041 2643 2196 2696 Patre
2225 2645 2299 2696 sic
2328 2645 2628 2712 loquentem
2665 2664 2676 2697 :
2711 2647 3046 2717 Multifariam
3073 2651 3338 2720 multisque
3366 2654 3528 2706 modis

1943 2731 2062 2782 olim
2108 2731 2244 2784 Deus
2276 2734 2507 2802 loquutus
2549 2735 2773 2804 patribus
2821 2738 2871 2787 in
2917 2738 3210 2805 praphetis,
3265 2742 3530 2795 novissime

1943 2820 2114 2873 diebus
2138 2823 2246 2874 istis
2274 2823 2507 2890 loquutus
2547 2836 2615 2876 est
2651 2827 2790 2877 nobis
2817 2828 2866 2877 in
2899 2827 3053 2891 Filio,
3094 2845 3237 2896 quem
3278 2835 3531 2885 constituit

1943 2912 2176 2965 heredem
2207 2919 2566 2978 universormn,
2604 2934 2692 2983 per
2717 2935 2860 2986 quem
2899 2919 3014 2986 fecit
3056 2930 3100 2973 et
3130 2924 3313 2974 srecula
3345 2922 3415 2993 (II
3425 2924 3528 2980 cbr.

1945 3004 1998 3056 1.
2032 3005 2082 3057 1.
2113 3004 2190 3074 2).
2221 3004 2358 3057 Nihil
2391 3021 2516 3073 ergo
2549 3006 2685 3060 inter
2719 3009 2927 3062 Patrem
2963 3020 3015 3062 et
3054 3009 3240 3064 Filium
3283 3023 3334 3066 et
3361 3014 3532 3082 Spiri-

1947 3102 2054 3148 tum
2083 3105 2358 3160 sanctum;
2409 3099 2608 3151 nullum
2642 3108 2848 3167 tempus
2892 3108 2982 3154 aut
3025 3102 3357 3157 intervallum
3397 3115 3532 3160 tem-

1946 3188 2110 3255 poris.
2145 3189 2282 3241 Ante
2326 3190 2518 3241 saecula
2562 3190 2742 3254 Pater,
2775 3200 2898 3243 ante
2947 3193 3136 3245 saecula
3186 3193 3379 3258 Filius;
3423 3198 3533 3263 ipse

1946 3279 2086 3331 enim
2138 3279 2329 3332 saecula
2380 3279 2540 3345 fecit;
2595 3290 2717 3334 ante
2769 3283 2961 3334 sa‘cufa
3011 3284 3239 3351 Spiritus
3292 3297 3530 3344 sanctus.

1947 3369 2215 3437 Nu~quam
2268 3371 2525 3423 scinditur
2569 3382 2775 3433 natura,
2828 3389 3086 3442 nusquam
3136 3388 3533 3446 separaturpo-

1952 3471 2132 3513 testas.
2165 3461 2542 3516 Animadverte
2569 3461 2872 3530 diligenter.
2906 3463 3112 3532 Regnat
3147 3466 3320 3529 Pater,
3349 3479 3532 3537 regnat

1950 3550 2136 3614 Filius,
2162 3559 2348 3618 regnat
2368 3551 2595 3618 Spiritus
2619 3562 2851 3605 sanctus.
2878 3555 2999 3607 Scio
3022 3572 3105 3607 me
3127 3557 3234 3623 jam
3265 3558 3359 3611 hac
3384 3575 3534 3613 usum

1950 3653 2068 3692 esse
2097 3639 2585 3703 demonstratione;
2619 3656 2801 3692 verum
2835 3641 3019 3694 eadem
3054 3644 3162 3710 ipsa
3192 3645 3370 3700 dicere
3407 3649 3536 3701 Mihi

1950 3729 2146 3797 quidem
2167 3746 2431 3781 onerosum
2451 3746 2548 3781 non
2569 3740 2660 3794 est,
2690 3732 2823 3782 vobis
2849 3742 3014 3782 autent
3045 3742 3203 3785 tutum
3222 3733 3442 3804 (Philip.
3479 3739 3533 3792 5.

1952 3820 2026 3887 1).
2061 3819 2261 3886 Regnat
2295 3820 2466 3882 I‘ater,
2501 3820 2789 3872 secundum
2815 3822 2962 3885 illttd,
3001 3822 3131 3876 IJeus
3161 3842 3246 3877 rex
3289 3837 3455 3879 noster
3485 3829 3538 3880 in

1951 3912 2188 3964 steculum
2224 3909 2393 3979 (Psal.
2431 3913 2515 3964 73.
2553 3912 2660 3979 I2).
2719 3912 2920 3981 [legunt
2963 3913 3124 3966 Filius
3156 3933 3166 3966 :
3200 3932 3340 3978 nam,
3385 3916 3539 3971 Dabit

1952 4003 2028 4054 illi
2053 4001 2298 4053 Dominus
2328 4001 2508 4053 solium
2540 4000 2703 4053 David
2725 4004 2882 4070 patris
2903 4005 3029 4072 ejus,
3059 4015 3103 4056 et
3130 4008 3356 4074 regnabit
3386 4025 3538 4077 super

1955 4093 2158 4143 domum
2187 4090 2345 4143 Jacob
2364 4093 2414 4143 in
2438 4103 2678 4144 a'ternum
2714 4091 2861 4160 (Luc.
2899 4095 2942 4146 I.
2983 4092 3095 4163 52).
3145 4095 3343 4165 llegnat
3375 4097 3542 4166 Spiri-

1958 4192 2039 4233 tus
2068 4191 2322 4234 sanctus:
2352 4181 2510 4234 Isaias
2555 4183 2698 4234 enim
2742 4183 2900 4248 dixit,
2950 4182 3013 4234 Et
3055 4201 3218 4253 regem
3266 4187 3538 4242 Dominum

1957 4271 2183 4325 Sabaoth
2222 4272 2324 4323 vidi
2366 4272 2522 4325 oculis
2571 4274 2690 4326 meis
2731 4276 2976 4326 sedentem
3008 4278 3057 4327 in
3093 4278 3219 4329 solio
3262 4283 3455 4334 excelso
3493 4295 3547 4338 et

1956 4361 2165 4413 elevato.
2201 4361 2264 4412 Et
2295 4362 2420 4414 dixit
2452 4363 2519 4412 ad
2545 4379 2622 4413 me
2654 4379 2671 4414 .·
2716 4362 2848 4414 Vade
2875 4377 2917 4415 et
2944 4365 3023 4415 dic
3059 4366 3244 4434 populo
3272 4369 3406 4435 huic,
3435 4374 3541 4425 Au-

1957 4451 2065 4502 ditu
2094 4451 2327 4514 audietis,
2358 4463 2402 4500 et
2432 4467 2529 4501 non
2558 4451 2865 4519 intelligetis,
2889 4463 2933 4503 et
2956 4457 3173 4508 videntes
3201 4459 3445 4524 videbitis,
3490 4472 3539 4516 et

1957 4559 2057 4594 non
2095 4542 2420 4610 perspicietis,
2465 4550 2566 4594 etc.
2617 4539 2768 4610 (Isai.
2799 4542 2851 4596 6.
2884 4545 2930 4596 1.
2965 4544 3054 4612 9);
3094 4550 3374 4614 Apostolus
3415 4568 3542 4606 vero

1958 4635 2023 4688 dc
2054 4633 2254 4702 Spiritu
2279 4645 2462 4687 sancto
2492 4633 2763 4701 prophetas
2804 4635 3118 4705 theologiam
3163 4643 3410 4707 explicat.
3447 4645 3538 4697 Illo

1958 4725 2187 4790 dicente,
2223 4722 2338 4775 Vidi
2353 4739 2524 4795 regem
2565 4722 2841 4776 Dominum
2878 4725 3122 4793 Sabaoth,
3156 4737 3201 4780 et
3238 4731 3363 4783 dixit
3392 4735 3538 4803 mihi,

1969 4815 2126 4880 Vade,
2154 4825 2198 4867 et
2231 4815 2310 4866 die
2333 4812 2520 4882 populo
2547 4813 2681 4879 huic,
2708 4814 2902 4868 Paulus
2935 4832 3027 4884 per
3050 4833 3227 4886 regem
3256 4821 3538 4878 Dominum

1960 4907 2188 4962 Sabaoth
2206 4905 2457 4972 Spiritum
2487 4914 2728 4958 sanctum
2756 4906 3039 4975 accipiens,
3061 4923 3180 4962 cum
3205 4911 3385 4965 Romae
3406 4929 3542 4967 con-

1965 5010 2040 5053 tra
2059 4997 2269 5051 ,Ιυιιωοε
2296 4996 2609 5064 disputaret,
2638 4998 2730 5063 ait,
2764 4996 2900 5050 Bene
2931 4998 3156 5060 Spiritus
3182 5015 3384 5056 sanctus
3412 5007 3540 5058 dixit

1962 5089 2028 5140 ad
2055 5097 2218 5156 patres
2263 5097 2459 5139 nostros
2491 5105 2579 5155 per
2615 5087 2806 5140 Isaiam
2855 5092 3151 5159 praphetam
3189 5108 3206 5144 :
3243 5093 3411 5159 Vade,
3463 5098 3543 5149 dic

1963 5178 2147 5247 papula
2171 5179 2284 5230 huic
2305 5219 2320 5243 ,
2366 5178 2558 5231 Audita
2592 5181 2824 5241 audietis,
2868 5192 2912 5233 et
2962 5199 3060 5234 non
3093 5183 3376 5252 intelligetis
3406 5185 3539 5255 (Act.

1961 5272 2049 5324 28.
2081 5270 2194 5341 25),
2216 5283 2320 5324 etc.
2355 5270 2516 5324 Isaias
2545 5271 2695 5334 dixit,
2727 5271 2912 5342 Regem
2947 5273 3171 5327 Sabaoth
3202 5277 3299 5327 vidi
3337 5287 3380 5331 et
3412 5277 3541 5330 dixit

1963 5361 2106 5424 mihi,
2144 5359 2236 5412 Dic
2268 5363 2454 5430 populo
2495 5363 2652 5425 huic;
2688 5363 2981 5432 [’aulu3que
3016 5365 3285 5419 disserens
3321 5367 3541 5434 Spiritui

1965 5461 2148 5503 sancto
2196 5450 2333 5503 hanc
2367 5452 2731 5504 auctoritatem
2779 5453 3078 5523 adscripsit.
3131 5456 3265 5523 Ergo
3314 5456 3539 5524 Spiritus

1966 5552 2179 5593 sanctus
2207 5557 2299 5594 rex
2327 5551 2410 5595 est
2430 5551 2481 5594 et
2511 5542 2763 5595 Dominus
2791 5543 3048 5608 Sabaoth,
3073 5547 3159 5613 qui
3187 5547 3320 5599 dixit
3344 5547 3490 5602 Isaia:
3524 5569 3539 5605 :

1977 5632 2132 5697 Vade,
2161 5642 2205 5686 et
2230 5634 2310 5685 die
2335 5635 2522 5701 papula
2549 5633 2686 5700 huic,
2717 5633 2907 5686 Audita
2933 5635 3165 5702 audietis,
3201 5647 3243 5689 et
3267 5654 3364 5691 non
3388 5639 3542 5693 intel-

1970 5726 2150 5797 ligetis,
2185 5735 2227 5779 et
2257 5727 2471 5780 ridentes
2503 5729 2746 5798 videbitis,
2775 5741 2934 5785 etnon
2965 5731 3291 5801 perspicit-tis,
3324 5739 3425 5788 elc.
3451 5731 3540 5804 Et,
