3984 6426
467 371 581 429 511

476 486 660 544 Audioi
685 500 850 540 vocem
877 479 1080 536 Domini
1107 476 1337 541 dicentis,
1372 470 1530 536 Vade,
1571 469 1651 522 dic
1678 460 1864 536 populo
1893 459 2009 513 huic
2031 474 2051 525 ,'

480 577 733 633 Dominus
756 575 933 639 Pater,
957 570 1212 625 Dominus
1241 567 1443 628 Filius;
1474 576 1592 616 nam
1626 557 1767 612 Discit
1809 552 2054 608 Dominus

477 668 698 724 Domino
727 682 853 727 meo,
892 664 1024 719 Sede
1050 678 1080 714 a
1108 660 1296 714 dextris
1326 656 1445 710 meis
1483 651 1650 726 (Psal.
1691 647 1811 703 109.
1844 645 1920 712 1).
1951 643 2056 697 Do-

479 761 655 815 minus
693 757 919 825 Spiritus
949 763 1163 808 sanctus
1201 770 1212 805 :
1253 764 1371 806 nam
1407 746 1648 799 Dominus
1687 740 1912 810 Spiritus
1940 745 2053 790 est:

477 851 559 902 ubi
586 864 699 903 uero
728 846 951 915 Spiritus
990 843 1212 906 Domini,
1244 840 1311 892 ibi
1348 838 1547 891 libertas
1587 833 1663 905 (2.
1699 830 1814 885 Cor.
1842 829 1895 882 5.
1938 827 2051 896 17).

478 938 553 993 Ne
573 936 696 1008 quis
721 951 848 990 vero
873 943 1021 1005 putet
1049 933 1219 1001 majus
1246 945 1362 984 esse
1384 929 1610 997 primum
1643 936 1861 985 nomen,
1891 918 2051 981 Deus,

476 1028 769 1084 secundum
799 1039 946 1090 vero,
981 1023 1258 1078 Dominus.
1292 1020 1422 1074 Nam
1454 1019 1504 1070 in
1551 1023 1735 1069 natura
1772 1008 2054 1064 immortali

478 1132 530 1178 et
560 1119 815 1176 Dominus
842 1127 896 1173 et
928 1117 1088 1183 Deus,
1130 1115 1253 1169 licet
1281 1112 1477 1166 dictum
1510 1107 1635 1162 illud
1675 1121 1781 1159 non
1810 1101 2052 1158 eamdem

478 1214 582 1266 vim
628 1211 856 1275 habeat,
912 1205 1153 1263 eamdem
1201 1214 1377 1258 tamen
1422 1199 1731 1269 dignitatem
1778 1194 2052 1264 praedicat.

476 1301 609 1370 Quid
639 1299 823 1355 enim?
860 1298 917 1354 Si
958 1312 1172 1362 nomen,
1217 1296 1375 1352 Deus.
1421 1291 1646 1359 primum
1687 1294 1848 1348 esset,
1880 1283 1923 1337 si
1963 1298 2052 1337 se-

476 1393 728 1450 cundum.
762 1390 1033 1451 Dominus,
1055 1402 1183 1441 sane
1200 1386 1405 1455 Moyses
1422 1397 1524 1435 non
1543 1377 1779 1435 secundo
1803 1384 1861 1429 ut
1883 1375 2054 1444 primo

477 1497 602 1538 usus
631 1489 771 1536 esset
797 1483 1002 1545 dicens,
1031 1477 1279 1531 Dominus
1318 1473 1454 1526 Deus
1489 1481 1626 1534 tuus,
1654 1467 1900 1522 Dominus
1924 1480 2055 1518 unus

477 1583 548 1627 est
570 1571 744 1642 (Deut.
775 1570 825 1624 6.
856 1568 910 1639 4)
933 1585 946 1633 ;
971 1567 1294 1636 oportuisset
1323 1563 1486 1624 enim,
1531 1568 1576 1614 si
1606 1559 1672 1613 de
1697 1558 1870 1628 primo
1900 1570 2052 1610 men-

478 1664 675 1717 tionem
707 1662 880 1714 facere
928 1659 1201 1720 voluisset,
1255 1655 1485 1724 primum
1529 1651 1708 1704 dicere
1764 1648 1860 1712 sic,
1912 1647 2055 1700 Deus

476 1760 596 1806 tuus
621 1751 879 1806 Dominus
915 1762 1049 1801 unus
1076 1754 1158 1801 est
1185 1763 1198 1800 :
1227 1744 1321 1799 sed
1349 1754 1405 1797 ut
1442 1739 1748 1796 ostenderet
1777 1735 2054 1791 nominum

476 1842 907 1907 inditl‘erentiam,
950 1838 1203 1892 Dominus
1244 1835 1414 1905 primo
1459 1833 1614 1898 dixit,
1666 1838 1847 1899 postea
1901 1826 2054 1881 Deus.

475 1933 581 1988 Sed
609 1932 675 1986 ad
703 1930 1030 1999 propositum
1057 1930 1360 1982 redeamus.
1381 1923 1631 1978 Dominus
1655 1928 1820 1972 autem
1843 1925 1913 1970 est
1936 1915 2058 1985 Spi-

474 2023 618 2076 ritus.
654 2021 907 2075 Dominus
931 2034 1057 2088 ergo
1081 2018 1256 2080 Pater,
1291 2014 1546 2068 Dominus
1586 2011 1770 2072 Filius,
1806 2007 2057 2062 Dominus

476 2116 708 2183 Spiritus
729 2122 962 2167 sanctus.
996 2110 1191 2165 Verum
1221 2108 1413 2163 Paulus
1441 2106 1590 2166 dicit,
1619 2103 1762 2159 Unus
1788 2101 2052 2154 Dominus.

476 2206 530 2259 Si
562 2219 695 2260 unus
743 2204 1021 2267 Dominus,
1054 2199 1322 2270 quomodo
1364 2198 1618 2251 Dominus
1668 2203 1723 2249 et
1765 2190 2057 2246 Dominus?

478 2295 737 2349 Videlicet
760 2309 860 2346 una
884 2291 1193 2344 dominatio.
1217 2288 1417 2342 Eadem
1436 2288 1642 2339 ratione
1661 2293 1712 2338 et
1730 2298 1865 2336 unus
1895 2283 2056 2348 Deus,

477 2386 550 2438 ait
572 2384 767 2438 Paulus
800 2401 813 2436 :
846 2380 1008 2434 Nobis
1036 2388 1203 2432 autem
1227 2394 1356 2431 unus
1381 2375 1519 2428 Deus
1543 2374 1717 2437 Pater,
1747 2389 1808 2426 ea;
1831 2387 1929 2442 quo
1952 2387 2062 2422 om-

478 2476 584 2540 nia,
614 2483 658 2527 et
695 2489 824 2526 unus
870 2470 1113 2524 Dominus
1149 2468 1298 2522 Jesus
1325 2466 1573 2530 Christus,
1605 2480 1692 2533 per
1713 2479 1859 2533 quem
1893 2462 2060 2514 omnia

481 2565 562 2633 (1.
590 2563 710 2617 Cor.
751 2561 804 2616 8.
851 2560 930 2630 6).
975 2559 1136 2629 Ergo,
1188 2559 1262 2612 ait
1306 2557 1609 2619 haereticus,
1652 2553 1860 2607 Patrem
1891 2552 2059 2606 Deum

479 2654 630 2718 dixit,
660 2652 848 2706 Filium
879 2665 1006 2706 vero
1033 2648 1336 2703 Dominmn.
1371 2645 1658 2700 Videamus
1688 2659 1836 2716 ergo,
1874 2642 2059 2696 videa-

480 2760 618 2806 mus,
647 2742 855 2802 fratres,
887 2739 1182 2802 videamus,
1206 2751 1407 2806 quasso,
1449 2750 1574 2788 num
1608 2733 1754 2799 illud,
1786 2733 2059 2796 Dominus,

480 2833 773 2888 secundum
794 2832 861 2884 sit
888 2843 1081 2883 nomen
1111 2827 1304 2881 divina:
1328 2825 1618 2895 dignitatis,
1650 2833 1703 2878 et
1730 2836 1906 2878 annon
1937 2836 2064 2877 vero

481 2922 714 2992 primum
753 2920 959 2991 ipsique
1006 2932 1327 2988 congruens,
1367 2926 1528 2986 atque
1569 2915 1859 2986 Scriptum
1897 2929 2064 2970 sacrm

481 3012 788 3070 testimonio
818 3011 1026 3065 fultum.
1057 3009 1286 3064 Necesse
1311 3008 1452 3062 enim
1479 3015 1561 3062 est
1600 3016 1655 3062 ut
1684 3015 1738 3061 et
1764 3020 1860 3060 nos
1900 3020 2065 3059 accu-

483 3114 596 3160 rate
624 3104 922 3174 loquamur,
973 3110 1026 3156 et
1069 3115 1164 3154 vos
1207 3098 1446 3154 studiose
1487 3097 1732 3163 audiatis,
1781 3096 1962 3166 illique
1998 3111 2064 3152 ex

484 3192 1078 3248 veritateinstituantur.
1103 3189 1232 3257 Quis
1257 3203 1384 3257 ergo
1415 3187 1569 3241 nobis
1598 3201 1774 3241 sermo
1808 3187 2065 3240 testifica-

484 3283 646 3347 bitur,
679 3280 828 3344 illud,
863 3281 1144 3342 Dominus,
1169 3293 1361 3332 nomen
1387 3291 1506 3330 esse
1529 3278 1754 3344 primum
1782 3285 1838 3330 et
1859 3278 2067 3345 magni-

485 3373 841 3431 ﬁcentissima:
870 3371 1054 3442 gloriae
1096 3370 1389 3438 proprium.
1437 3367 1576 3422 Audi
1610 3366 1921 3435 pr0phetam
1959 3367 2065 3419 Da-

487 3465 658 3520 videm
709 3482 723 3519 :
769 3462 1157 3533 Confundantur
1198 3470 1244 3513 et
1294 3459 1652 3512 conturbantur
1716 3459 1769 3510 in
1827 3457 2066 3513 strculum

485 3555 655 3614 seaculi
669 3571 688 3618 ;
703 3563 749 3606 et
768 3538 1106 3614 reveresnttir,
1123 3559 1168 3602 et
1184 3557 1404 3618 pereant.
1432 3547 1496 3600 Et
1516 3556 1838 3614 cognoscant,
1853 3547 1970 3614 quia
1984 3561 2069 3598 no-

486 3663 599 3704 men
617 3645 704 3697 tibi
731 3642 978 3706 Dominus
1005 3639 1174 3710 (Psal.
1198 3639 1287 3692 82.
1314 3637 1398 3692 18.
1421 3637 1531 3704 19).
1561 3635 1708 3690 Solet
1732 3635 2068 3689 adversarius

486 3738 666 3792 dicere
696 3733 763 3788 dc
795 3733 1080 3787 Servatore
1109 3731 1284 3784 Verbo
1310 3747 1322 3782 :
1349 3729 1549 3782 Nomen
1569 3725 1766 3781 Christi
1791 3727 2066 3792 Dominus,

487 3843 681 3883 nomen
709 3827 880 3880 Patris
905 3825 1063 3879 Deus.
1093 3823 1297 3878 Rursus
1331 3821 1692 3875 definitionem
1719 3835 1926 3885 eorum,
1950 3834 2070 3888 quas

488 3918 756 3988 proposita
782 3928 925 3981 sunt,
960 3917 1185 3982 postulo.
1209 3915 1587 3969 [hereticorum
1611 3914 1785 3967 verbis
1808 3912 2069 3966 inhaeres?

489 4022 837 4079 permanesne
867 4008 921 4060 in
950 4004 1340 4060 conditionibus
1390 4004 1714 4072 propositis?
1756 4002 2070 4058 Inconstan-

488 4098 613 4154 tiam
627 4097 768 4152 enim
789 4104 928 4150 tuam
952 4105 1150 4150 metuo.
1164 4093 1385 4160 Quando
1402 4094 1699 4148 confutatus
1716 4109 1775 4147 es
1790 4110 1853 4148 ex
1877 4094 1975 4148 hac
1988 4095 2072 4148 de-

488 4196 781 4245 monstrata
815 4187 1057 4251 veritate,
1081 4186 1146 4239 ad
1175 4185 1315 4238 aliud
1344 4194 1699 4239 commentum
1720 4183 1959 4254 confugis
1983 4227 1996 4248 ,
2025 4187 2070 4240 si

490 4283 596 4337 illic
611 4279 961 4340 convinearis,
978 4276 1211 4331 declinas
1227 4276 1292 4330 ad
1309 4276 1446 4329 aliud
1475 4276 1828 4344 improbitatis
1844 4276 2071 4329 elemen-

493 4381 626 4434 tum,
663 4382 783 4423 cum
820 4376 1092 4436 Oporteret
1125 4365 1490 4435 splendentem
1515 4367 1966 4420 etilluminantem
1981 4381 2072 4421 ve-

492 4461 699 4518 ritatem
732 4473 836 4511 non
867 4457 1130 4525 effugere:
1151 4473 1254 4511 non
1286 4456 1427 4526 fugat
1452 4456 1593 4510 enim
1630 4473 1747 4510 cum
1795 4457 2024 4510 illustrat
2053 4474 2067 4511 :

489 4565 696 4614 verum,
723 4548 877 4617 Fugit
905 4549 1089 4618 impius
1105 4548 1298 4600 nemine
1324 4555 1642 4616 persequente
1664 4544 1844 4616 (Prov.
1877 4545 1966 4601 28.
1990 4545 2067 4614 1).

560 4641 612 4696 8.
637 4639 886 4694 Diuinitas
917 4637 1113 4692 Christo
1140 4637 1442 4692 vindicatur.
1473 4635 1920 4691 Pneumalomachi
1951 4639 2071 4690 red-

491 4739 794 4803 arguuntur.
819 4759 889 4770 -—
911 4729 1019 4782 Nos
1049 4735 1224 4782 autem
1246 4728 1311 4781 ad
1340 4728 1666 4796 propositum
1716 4738 2069 4782 revertamur.

491 4823 827 4894 Cognoscant,
869 4821 984 4888 quia
1014 4836 1194 4871 nomen
1220 4819 1305 4870 tibi
1335 4817 1598 4870 Dominus.
1631 4816 1685 4871 Si
1716 4818 1925 4872 Patrem
1956 4833 2070 4872 mc-

493 4924 685 4980 moret,
709 4915 853 4968 disce
884 4927 1074 4966 nomen
1116 4912 1288 4964 Patris
1314 4926 1430 4965 esse
1457 4910 1607 4978 illud,
1641 4909 1908 4963 Dominus.
1932 4911 1998 4964 Et
2026 4910 2070 4962 si

493 5007 664 5062 Patris
687 5020 880 5059 nomen
912 5011 993 5058 est
1015 5003 1286 5066 Dominus,
1317 5003 1390 5055 ait
1413 5001 1624 5065 Paulus,
1652 4999 1796 5055 Unus
1822 5000 2070 5054 Dominus

490 5098 640 5151 J'esus
682 5095 929 5150 Christus.
970 5093 1076 5148 Sed
1104 5093 1360 5149 Dominus
1390 5094 1565 5160 Pater,
1601 5093 1857 5147 Dominus
1886 5092 2068 5146 Filius.

495 5189 634 5258 Ergo
656 5195 714 5242 ut
741 5200 962 5239 consors
985 5195 1067 5239 est
1092 5185 1343 5249 nominis,
1363 5199 1582 5239 consors
1603 5193 1681 5238 est
1703 5193 1756 5238 et
1779 5182 2072 5252 dignitatis.

499 5279 688 5334 Verum
718 5277 933 5332 Judmus
963 5277 1142 5332 abnuit
1183 5277 1443 5341 conﬁteri,
1495 5276 1544 5330 id
1592 5277 1658 5330 de
1689 5277 1845 5330 Patre
1874 5275 2071 5330 dictum

489 5368 690 5432 fuisse,
737 5376 796 5420 ut
833 5366 997 5431 illud,
1032 5365 1316 5431 Dominus,
1366 5366 1499 5421 Filio
1543 5365 1872 5430 adscribens,
1919 5363 2066 5428 illud,

498 5459 664 5522 Deus,
707 5457 846 5511 Patri
875 5465 1093 5511 servet:
1119 5457 1481 5512 definitionem
1523 5457 1711 5524 probo,
1740 5455 2072 5510 conditiones

491 5548 715 5617 accipio.
744 5545 856 5603 Non
887 5546 1152 5616 distinguo
1185 5549 1452 5604 nominum
1483 5545 1769 5600 adoranda:
1795 5545 2072 5600 Trinitatis

490 5637 823 5710 dignitatem,
857 5645 916 5691 ut
945 5652 1087 5708 saepe
1117 5638 1246 5702 dixi,
1285 5639 1408 5708 quia
1441 5637 1678 5692 Ecclesia
1709 5635 2072 5691 indistinctam

491 5729 652 5789 habet
680 5727 899 5798 gloriam
928 5746 944 5785 :
974 5729 1068 5786 scd
1110 5729 1175 5786 ad
1206 5731 1474 5788 miseriam
1507 5738 1648 5784 tuam
1693 5745 1779 5786 me
1809 5729 2031 5785 demitto
2051 5769 2070 5797 ,

1893 334 2260 399 SEVERIANI

3641 342 3774 398 512

2161 467 2225 508 ac
2245 453 2386 520 dtco,
2420 452 2582 506 Detur
2606 449 2730 515 hoc,
2756 448 3090 522 Cognoscant,
3115 449 3232 517 quia
3254 464 3431 502 nomen
3453 447 3540 502 tibi
3565 453 3756 500 Dams-

2163 558 2295 608 nus;
2322 541 2449 612 quid
2489 543 2649 612 igitur
2678 539 2771 594 ﬁat
2797 539 2864 594 de
2893 540 2982 594 illo
3007 539 3170 593 verbo
3196 538 3336 608 quod
3368 540 3625 608 sequitur,
3662 536 3754 592 Tu

2158 634 2296 688 solus
2325 633 2612 687 Altissimus
2638 648 2788 701 super
2812 647 3009 684 onmem
3033 629 3264 684 terram?
3292 630 3429 699 Ergo
3448 629 3754 684 secundum

2161 722 2486 790 impietatem
2526 720 2930 788 doctrinamque
2957 729 3099 773 tuam
3122 761 3138 786 ,
3177 734 3285 773 non
3332 720 3560 789 amplius
3588 719 3755 773 Pater

2159 812 2263 866 erit
2291 810 2620 876 Altissimus,
2650 810 2773 879 quia
2797 808 2941 865 solus
2967 808 3134 864 Filius
3159 817 3243 862 est
3272 809 3595 863 Altissimus.
3621 809 3749 874 Hic,

2160 901 2350 955 fratres
2373 942 2387 966 ,
2417 917 2522 956 non
2553 901 2747 956 ﬂuctus
2784 902 2946 955 maris
2979 909 3140 966 sunt,
3174 909 3231 954 ut
3257 903 3374 970 quis
3402 904 3747 970 prmtocetur,

2159 991 2252 1047 sed
2295 993 2532 1046 caritatis
2579 993 2770 1047 ﬂuctus
2815 992 2904 1062 qui
2949 992 3300 1048 sanetilicent.
3334 995 3578 1048 Attamen
3619 1011 3746 1050 cum

2158 1082 2399 1138 Christus
2437 1083 2684 1152 loquatur
2722 1093 2776 1139 et
2820 1083 3157 1152 prtedicetur,
3197 1087 3428 1156 quietem
3465 1097 3580 1157 agat
3627 1088 3748 1144 haec

2158 1174 2403 1244 religiosa
2446 1176 2708 1230 navicula.
2753 1176 3055 1230 Absurdum
3099 1178 3239 1230 enim
3268 1186 3350 1231 est
3378 1193 3524 1232 mare
3567 1181 3747 1249 ipsum

2159 1264 2376 1334 vestigia
2411 1265 2615 1320 Domini
2652 1267 3034 1336 conSpicatum,
3064 1265 3176 1321 haec
3204 1267 3444 1334 audiens,
3474 1268 3624 1333 Tace,
3654 1270 3750 1323 ob-

2159 1363 2375 1407 mutesce
2398 1354 2588 1424 (Marc.
2621 1356 2676 1410 4.
2719 1355 2811 1424 59)
2832 1396 2847 1420 ,
2881 1356 3248 1410 auctoritatem
3275 1359 3554 1412 reveritum
3583 1375 3703 1413 esse
3724 1400 3746 1424 .

2159 1443 2456 1500 Ecclesium
2482 1461 2608 1500 vero
2648 1463 2754 1502 non
2783 1448 3151 1518 obtemperare
3180 1449 3405 1503 Domino
3435 1451 3591 1506 verba
3619 1452 3750 1508 vita

2160 1535 2418 1605 loquenti,
2448 1552 2507 1590 ac
2538 1535 2771 1591 divinam
2798 1553 2925 1593 vere
2957 1539 3178 1607 gratiam
3212 1539 3265 1594 in
3296 1539 3452 1594 labiis
3479 1540 3692 1596 babenti
3728 1559 3743 1595 :

2159 1641 2280 1679 nam
2310 1623 2511 1690 Di/fusa
2547 1637 2618 1679 est
2643 1627 2808 1696 gratia
2833 1629 2886 1680 in
2909 1628 3051 1682 (abiis
3074 1631 3171 1681 tuis
3198 1628 3368 1696 (Psal.
3395 1631 3487 1685 44.
3509 1631 3594 1700 ὅ).
3635 1631 3749 1686 Sed

2158 1714 2223 1768 ad
2248 1718 2574 1784 propositum
2599 1718 2905 1771 redeamus.
2938 1716 3272 1787 Cognoscant,
3300 1720 3420 1788 quia
3442 1735 3617 1773 nomen
3652 1720 3751 1775 tibi

2161 1809 2428 1864 Dominus.
2461 1811 2647 1866 Utrum
2679 1812 2758 1865 vis
2783 1809 2940 1881 elige,
2972 1824 3078 1864 non
3098 1811 3245 1880 quasi
3275 1825 3362 1865 res
3384 1811 3438 1864 in
3471 1820 3556 1865 tua
3588 1823 3749 1881 pote-

2161 1908 2299 1953 state
2322 1901 2390 1954 sit
2419 1901 2588 1968 posita
2622 1918 2635 1953 :
2669 1915 2842 1969 neque
2868 1900 3010 1954 enim
3038 1915 3158 1953 cum
3196 1900 3353 1955 Jesns
3381 1899 3524 1956 Nave
3551 1901 3614 1954 ad
3645 1917 3748 1969 po-

2163 1991 2340 2060 pulum
2363 1991 2598 2046 diceret:
2623 1990 2812 2062 Eligite
2836 1990 2972 2045 vobis
2997 1991 3147 2044 hodie
3165 1997 3250 2044 cui
3274 1993 3518 2060 serviatis,
3539 2009 3604 2044 an
3621 1993 3748 2056 diis,

2160 2099 2284 2150 quos
2303 2083 2562 2135 coluerunt
2581 2091 2747 2151 patres
2767 2083 2936 2148 vestri,
2963 2098 3029 2134 an
3045 2080 3264 2134 Domino
3287 2082 3392 2136 Deo
3411 2092 3580 2136 nostro
3602 2083 3656 2153 (J
3664 2099 3748 2137 os.

2160 2175 2251 2228 24.
2276 2174 2386 2244 15),
2411 2174 2531 2228 ideo
2561 2182 2879 2242 potestatem
2903 2173 3128 2243 eligendi
3153 2173 3459 2226 hominibus
3484 2173 3750 2226 concede-

2162 2265 2272 2329 bat,
2305 2262 2398 2317 sed
2421 2273 2478 2316 ut
2502 2264 2830 2327 ostenderet,
2862 2264 3112 2332 pietatem
3140 2262 3288 2331 sequi
3316 2261 3594 2316 arbitrium
3619 2261 3749 2316 dili-

2163 2355 2400 2423 gentium
2429 2352 2618 2408 Deum.
2642 2352 2773 2407 Item
2800 2354 2922 2408 alibi
2947 2369 2964 2408 :
3003 2352 3105 2408 Vos
3132 2362 3277 2408 testes
3301 2354 3417 2408 estis
3437 2363 3610 2408 contra
3634 2370 3748 2419 nos,

2163 2447 2298 2511 quod
2325 2459 2409 2497 vos
2440 2443 2711 2497 Dominum
2746 2444 3011 2514 elegeritis,
3047 2443 3116 2497 ad
3139 2444 3452 2498 serviendum
3475 2445 3551 2498 illi
3581 2443 3750 2516 (Ibid.

2164 2550 2211 2586 υ.
2238 2533 2351 2603 22).
2393 2533 2847 2598 Quemadmodum
2879 2535 3021 2589 enim
3047 2535 3116 2590 ibi
3143 2536 3289 2604 optio
3316 2535 3406 2590 Dei
3434 2537 3752 2606 dignitatem

2165 2639 2269 2678 non
2299 2625 2617 2678 contumelia
2643 2624 2842 2690 affecit,
2871 2625 2966 2680 sed
2992 2625 3217 2682 liberum
3237 2627 3511 2684 arbitrium
3536 2629 3750 2698 piorum

2166 2714 2436 2769 ostendit:
2470 2715 2547 2769 sic
2573 2716 2732 2768 etiam
2761 2731 2921 2782 nunc,
2957 2717 3002 2769 si
3025 2715 3194 2772 libero
3229 2716 3451 2772 arbitrio
3475 2718 3752 2787 Optionem

2165 2805 2364 2859 dedero
2384 2847 2398 2870 ,
2431 2821 2534 2860 non
2560 2807 2868 2876 dignitatem
2896 2809 3219 2863 contumelia
3259 2809 3454 2876 afficio,
3479 2811 3574 2865 sed
3599 2813 3750 2866 arbi-

2169 2896 2326 2949 trium
2355 2896 2594 2964 exploro.
2639 2897 2768 2951 illud
2791 2939 2804 2961 ,
2835 2897 3149 2969 Cognoscant
3177 2902 3296 2970 quia
3323 2917 3502 2955 nomen
3525 2903 3613 2956 tibi
3639 2902 3753 2958 Do-

2166 2988 2351 3050 minus,
2375 2985 2440 3040 de
2467 2986 2714 3054 Patrene,
2745 3001 2811 3040 an
2838 2989 2904 3042 de
2933 2988 3065 3043 Filio
3090 2988 3288 3043 dictum
3313 2991 3431 3045 est?
3456 2990 3588 3046 Nam
3611 2993 3655 3048 si
3680 2993 3754 3049 de

2167 3074 2346 3137 Patre,
2371 3077 2484 3130 etsi
2507 3092 2699 3130 nomen
2732 3077 2904 3131 Patris
2930 3079 3002 3132 sit
3027 3078 3304 3147 Dominus,
3323 3095 3517 3136 nomen
3539 3099 3758 3153 quoque

2168 3167 2286 3222 Filii
2331 3169 2583 3222 Dominus
2613 3186 2626 3222 :
2674 3168 2818 3223 Unus
2845 3171 2983 3223 enim
3026 3170 3273 3225 Dominus
3307 3170 3459 3226 Iesus
3486 3172 3756 3238 Christus,

2171 3274 2258 3324 per
2285 3275 2428 3328 quem
2469 3260 2636 3312 omnia
2669 3258 2743 3330 (1.
2772 3258 2888 3314 Cor.
2920 3259 2972 3312 8.
3005 3259 3059 3329 6)
3097 3276 3112 3322 ;
3139 3275 3267 3330 ergo
3303 3261 3759 3331 quemadmodum

2169 3347 2420 3417 dignitas,
2451 3350 2521 3402 ita
2545 3357 2598 3402 et
2630 3365 2821 3403 nomen
2844 3364 3129 3404 commune
3154 3357 3258 3404 est.
3289 3351 3483 3405 Verum
3515 3351 3636 3407 Filii
3663 3369 3764 3407 no-

2168 3455 2289 3494 men
2331 3440 2585 3494 Dominus
2621 3451 2704 3495 est
2745 3457 2760 3494 :
2806 3457 2932 3510 ergo
2977 3443 3123 3496 solus
3153 3441 3320 3496 Filius
3344 3451 3427 3496 est
3451 3443 3754 3499 Dominus:

2171 3547 2292 3585 nam
2332 3531 2410 3584 Tu
2440 3533 2577 3584 solus
2617 3531 2905 3584 Altissimus
2942 3548 3094 3600 super
3129 3547 3327 3585 omnem
3369 3543 3579 3585 terram.
3617 3533 3760 3601 Ergo

2171 3634 2291 3674 cum
2324 3636 2460 3674 unus
2490 3630 2544 3672 et
2569 3620 2718 3673 solus
2757 3620 3013 3673 Dominus
3042 3619 3112 3673 sit
3152 3619 3340 3687 Filius,
3368 3620 3526 3675 Pater
3550 3622 3762 3677 alienus

2173 3726 2203 3765 a
2232 3711 2597 3766 dominatione
2625 3711 2744 3765 est?
2773 3711 2943 3764 Absit.
2971 3710 3153 3779 Neque
3178 3712 3318 3765 enim
3346 3726 3466 3766 cum
3495 3710 3655 3766 Pater
3673 3726 3763 3766 so-

2173 3801 2256 3856 lus
2292 3801 2608 3871 praedicatur
2640 3801 2809 3866 Deus,
2856 3801 2975 3855 ideo
3004 3800 3170 3854 Filius
3197 3816 3228 3854 a
3258 3801 3541 3857 divinitate
3576 3803 3758 3871 priva-

2174 3903 2297 3949 tur:
2329 3910 2448 3947 nam
2515 3893 2578 3947 In
2607 3894 2855 3962 principio
2889 3903 2994 3947 erat
3031 3892 3244 3946 Verbum
3265 3935 3278 3958 ,
3321 3903 3366 3947 et
3415 3891 3629 3947 Verbum
3655 3902 3764 3948 erat

2174 3986 2312 4055 apud
2358 3983 2540 4049 Deum,
2572 3994 2618 4036 et
2654 3983 2789 4038 Deus
2827 3993 2934 4037 erat
2969 3983 3186 4037 Verbum
3222 3981 3399 4051 (Joan.
3425 3983 3473 4037 1.
3511 3983 3586 4053 1).
3619 3983 3762 4053 Ergo

2176 4094 2347 4150 neque
2375 4078 2494 4142 hoc,
2526 4076 2666 4130 Deus
2697 4075 2871 4142 Pater,
2905 4077 3099 4131 Filium
3123 4075 3353 4129 excludit
3385 4091 3412 4127 a
3441 4074 3719 4129 divinitate
3742 4091 3761 4130 ε

2177 4187 2299 4224 nam
2332 4169 2466 4225 Deus
2510 4179 2615 4224 erat
2663 4167 2919 4231 Verbum;
2963 4182 3136 4235 neque
3180 4182 3298 4220 cum
3340 4165 3503 4220 Filius
3541 4165 3756 4230 dicitur,

2179 4260 2224 4317 ἔ]
2230 4279 2322 4314 nus
2347 4262 2591 4314 Dominus
2607 4303 2621 4327 ,
2650 4261 2853 4315 alienus
2878 4259 3177 4314 ostenditur
3204 4258 3362 4313 Pater
3381 4274 3410 4312 a
3431 4258 3761 4312 dominatio-

2176 4367 2242 4406 ne
2267 4369 2280 4405 :
2312 4367 2434 4404 nam
2465 4351 2608 4404 Dixit
2636 4351 2879 4404 Dominus
2911 4350 3128 4404 Domino
3157 4365 3290 4414 meo,
3321 4348 3456 4404 Sede
3493 4364 3525 4400 a
3568 4349 3764 4403 dextris

2175 4446 2297 4497 meis
2322 4446 2341 4512 (
2363 4441 2510 4496 Psal.
2541 4442 2663 4497 109.
2709 4443 2796 4513 1).
2839 4443 3096 4497 Dominus
3120 4457 3248 4510 ergo
3275 4442 3453 4506 Pater,
3503 4441 3763 4496 Dominus

2177 4539 2362 4602 Filius,
2393 4535 2648 4589 Dominus
2677 4535 2903 4602 Spiritus
2923 4542 3139 4586 sanctus
3165 4546 3179 4584 :
3206 4531 3452 4586 Dominus
3477 4532 3611 4583 enim
3631 4530 3755 4602 Spi-

2177 4630 2303 4683 ritus
2334 4638 2405 4681 est
2440 4627 2536 4695 (2.
2567 4625 2684 4679 Cor.
2721 4625 2774 4678 3.
2805 4626 2868 4679 i7
2891 4626 2927 4689 ).
2959 4623 3065 4678 Sed
3098 4637 3306 4676 rursum
3347 4621 3632 4678 hmreticus
3669 4641 3762 4680 es-

2176 4731 2454 4792 asperatur
2470 4719 2856 4786 excitaturque,
2877 4731 2940 4771 ac
2962 4716 3243 4770 Dominum
3262 4713 3483 4768 audiens
3502 4713 3755 4784 Spiritum

2177 4825 2442 4876 sanctum,
2476 4809 2842 4878 disrumpitur.
2871 4807 3171 4874 Quomodo,
3206 4805 3402 4875 inquit,
3424 4805 3658 4875 Spiritus
3674 4816 3759 4861 est

2180 4905 2436 4959 Dominus
2467 4947 2477 4966 ,
2506 4903 2595 4971 qui
2623 4915 2717 4970 per
2745 4899 3057 4969 pr0pltetam
3097 4897 3352 4952 Davidem
3382 4897 3639 4966 loquens,
3673 4896 3762 4952 Fi-

2177 4996 2302 5048 lium
2334 4994 2570 5047 celebrat
2599 4991 2680 5046 his
2705 4989 2902 5055 verbis,
2933 4988 3076 5042 Dixit
3107 4987 3356 5041 Dominus
3374 4985 3596 5043 Domino
3616 4988 3763 5041 meo?

2179 5085 2384 5149 Viden',
2421 5084 2612 5152 inquit,
2645 5082 2900 5151 Spiritum
2930 5087 3172 5134 sanctum
3203 5093 3304 5148 per
3335 5079 3650 5148 prophetam
3679 5079 3760 5133 in.

2177 5190 2426 5250 quentem
2469 5177 2753 5230 Dominum
2791 5173 3032 5228 confiteri
3062 5187 3218 5227 suum
3249 5180 3304 5227 et
3325 5171 3538 5226 Patrem
3569 5181 3627 5226 et
3668 5170 3760 5227 Fi-

2178 5271 2305 5325 lium
2333 5271 2355 5322 ?
2400 5268 2534 5336 Quid
2566 5267 2743 5338 igitur,
2764 5266 2955 5319 fratres
2985 5263 3009 5317 ?
3042 5263 3121 5318 Ne
3146 5263 3416 5332 proposita
3435 5262 3599 5317 dictio
3620 5261 3760 5332 apud

2177 5361 2448 5417 auditores
2474 5361 2526 5414 in
2554 5359 2716 5414 dubio
2752 5367 2994 5412 versetur
3025 5398 3040 5423 ,
3075 5356 3128 5410 in
3174 5355 3341 5426 ipsam
3385 5355 3533 5411 vocis
3560 5355 3762 5426 disqui-

2177 5453 2426 5507 sitionem
2465 5450 2700 5514 veniam,
2725 5456 2892 5503 totum
2939 5445 3090 5500 vobis
3131 5444 3382 5500 dictionis
3410 5460 3627 5501 sensum
3668 5461 3761 5503 ex-

2177 5543 2312 5616 plica
2321 5541 2406 5594 bo.

2251 5631 2302 5687 9.
2336 5630 2589 5686 Servator
2635 5627 2942 5699 aliquando,
2995 5640 3116 5681 cum
3171 5625 3226 5680 in
3278 5623 3585 5682 Iudaeorum
3634 5640 3761 5696 syn-

2180 5739 2343 5799 agoga
2415 5725 2707 5794 disputaret
2752 5722 3156 5790 exploraretque
3202 5733 3358 5788 quam
3411 5717 3478 5771 de
3537 5732 3598 5773 se
3645 5719 3762 5789 opi-
