3984 6428
225 413 341 470 511

242 512 306 562 16
343 510 495 577 ἅγιον
524 507 585 561 16
616 507 835 580 ειρηκὺς
855 509 934 579 τῷ
961 508 1181 579 Ἡσαΐᾳ·
1214 510 1532 578 Πορευθείς
1560 513 1732 567 εἰπὸν
1752 510 1832 578 τῷ

241 592 375 657 ,1αῷ
398 594 604 658 τούτῳ,
649 591 820 660 Ἀκοῇ
852 593 1180 659 ἀκούσητε,
1211 595 1309 647 καί
1358 597 1430 648 οὺ
1460 597 1543 664 μὴ
1579 596 1830 664 συνῆτε,

241 675 344 728 καὶ
379 675 720 739 ,βλέποντες
744 675 1042 742 βλέψητε,
1074 675 1172 728 καὶ
1208 679 1281 729 οὐ
1308 675 1394 745 μὴ
1433 678 1615 745 ἴδητε,
1644 679 1736 732 κα)⁵
1764 679 1832 731 τὰ

241 758 390 828 ἐξῆς.
423 759 551 819 Καὶ,
589 760 856 811 Ἤκουσα
880 759 988 828 γάρ
1017 758 1225 826 φωνῆς
1267 762 1490 827 Κυρίου
1516 762 1826 831 λέγοντοςο

240 840 562 906 Πορευθείς
592 841 766 893 εἰπὸν
792 840 873 904 τῷ
903 841 1030 905 λαῷ
1061 843 1266 905 τούτῳ.
1306 843 1509 911 Κύριος
1553 847 1579 897 6
1618 843 1828 914 Πατὴρ,

240 923 453 994 Κύριος
499 924 528 974 6
565 923 724 984 Υίός’
758 919 906 975 Eius
948 923 1055 993 γὰρ
1088 926 1304 992 Κύριος
1342 925 1424 989 τῷ
1459 929 1653 995 Κυρίῳ
1685 942 1829 995 μου’

237 1005 443 1059 Κάθου
474 1007 540 1059 ἐκ
571 1005 786 1068 δεξιῶν
811 1023 951 1074 μου.
987 1006 1192 1076 Κύριον
1223 1009 1284 1060 16
1308 1008 1532 1078 Πνεῦμα
1553 1010 1612 1061 16
1642 1009 1826 1077 άγιον·

250 1089 306 1140 Ὀ
326 1088 436 1158 γὰρ
456 1091 670 1155 Κύριος
687 1088 751 1140 τὸ
765 1088 1004 1156 Πνεῦμά
1019 1090 1193 1142 ἐστιν
1211 1107 1224 1118 ’
1239 1091 1391 1145 ὅπου
1413 1093 1479 1144 δὲ
1508 1092 1570 1145 τὸ
1588 1092 1830 1160 Πνεῦμα

239 1168 394 1240 [εει]
423 1172 666 1237 Κυρίου,
711 1170 840 1223 ἐκεῖ
871 1173 1199 1239 ἐλευθερία.
1237 1176 1328 1244 Μή
1360 1192 1442 1238 τις
1483 1175 1696 1246 νομίζῃ,
1746 1178 1828 1229 ὅτι

241 1256 426 1322 μεῖζόν
462 1257 609 1307 ἐστιν
645 1256 814 1326 ὄνομα
849 1256 907 1308 τὸ
935 1257 1151 1326 πρῶτος
1185 1269 1242 1322 ι,
1284 1258 1449 1324 Θεὸς,
1477 1259 1728 1330 δεύτερον
1770 1259 1828 1312 δὲ

238 1338 411 1408 ὄνομα
427 1339 508 1402 16,
540 1341 768 1406 Κύριος.
802 1340 925 1392 Ἐπὶ
951 1339 1059 1410 γὰρ
1081 1341 1179 1409 τῆς
1203 1339 1473 1395 ἀθανάτου
1500 1342 1712 1412 φύσεως
1735 1344 1827 1396 καὶ

239 1423 458 1486 Κύριος
484 1420 577 1472 καὶ
619 1421 782 1486 Θεὸς,
817 1422 918 1475 κᾶν
961 1424 1034 1493 μὴ
1068 1423 1166 1494 τὴν
1207 1425 1376 1496 αὐτὴν
1405 1425 1632 1496 δύναμιν
1662 1427 1761 1499 ἔχῃ
1792 1428 1823 1496 ἡ

236 1501 403 1568 λέξις,
460 1502 596 1556 ἀλλά
642 1505 742 1574 τὴν
791 1505 960 1575 αὐτὴν
993 1505 1150 1570 ἀξίαν
1186 1509 1466 1579 κηρύττει.
1501 1511 1564 1562 Τί
1611 1512 1757 1581 γάρς
1799 1513 1827 1564 6

235 1585 369 1648 Θεὸς
398 1586 571 1655 ὄνομα
616 1586 864 1656 πρῶτον;
899 1590 945 1641 εί
979 1588 1232 1660 δεύτερον
1265 1591 1320 1642 δὲ
1355 1594 1433 1656 16,
1464 1594 1698 1660 Κύριος,
1726 1595 1826 1646 οὐκ

236 1668 302 1721 ἂν
331 1668 410 1737 τῷ
441 1669 678 1739 δευτέρῳ
707 1669 782 1731 ὡς
822 1669 1024 1742 πρώτῳ
1052 1673 1079 1724 ό
1129 1674 1372 1745 Μωῦσῆς
1415 1677 1702 1746 ἐχρήσατο,
1736 1678 1826 1730 λέ·

236 1765 368 1817 γων⁶
406 1753 623 1818 Κύριος
657 1755 689 1805 ό
720 1754 865 1817 Θεός
898 1768 1040 1819 σου,
1074 1756 1285 1822 Κύριος
1316 1752 1404 1820 εἷς
1422 1757 1625 1810 ἐστιν·
1659 1761 1825 1830 ἐχρῆν

235 1833 364 1902 γὰρ,
396 1835 446 1884 εί
489 1834 616 1903 ἄρα,
669 1834 763 1886 τοῦ
801 1835 1019 1905 πρώτου
1052 1838 1267 1906 πρῶτον
1321 1841 1722 1909 ἐπιμνησθέντα
1750 1844 1827 1894 εί-

235 1918 380 1968 πεῖνο
410 1915 471 1968 '0
505 1915 636 1979 Θεός
671 1934 764 1970 σου
799 1918 1004 1987 Κύριος
1031 1915 1112 1982 εἷς
1147 1921 1284 1974 ἐστι·
1327 1923 1442 1976 ἀλλ’
1471 1923 1556 1976 ἵνα
1582 1924 1732 1997 δείξῃ
1765 1925 1826 1978 16

233 1997 531 2071 ἀδιάφορον
559 2000 666 2054 τῶν
699 2001 1000 2071 ὀνομάτων,
1033 2005 1250 2071 Κύριος
1279 2002 1400 2058 εἷπε
1445 2008 1679 2078 πρῶτον,
1707 2005 1824 2062 εἶτα

235 2084 402 2148 Θεός.
447 2083 585 2135 Ἀλλ’
623 2085 703 2146 είς
733 2084 793 2137 τὸ
822 2087 1183 2155 προκείμενον
1212 2089 1616 2160 ἐπανέλθωμεν.
1663 2092 1724 2144 '0
1757 2093 1825 2145 δὲ

235 2167 452 2232 Κύριος
479 2166 546 2219 τὸ
581 2167 824 2234 Πνεῦμα
851 2169 1003 2222 ἐστι.
1041 2170 1242 2239 Κύριος
1274 2174 1452 2227 τοίνυν
1484 2175 1513 2227 6
1551 2175 1762 2246 Πατήρ,
1795 2176 1824 2228 6

233 2247 362 2310 Υἱὸς
411 2247 638 2318 Κύριος,
679 2249 882 2321 Κύριος
926 2252 986 2304 τὸ
1029 2253 1252 2323 Πνεῦμα
1291 2256 1352 2306 16
1400 2255 1575 2324 ἅγιον.
1621 2257 1758 2309 Ἀλλ’
1793 2258 1821 2309 6

233 2331 448 2396 Παῦλος
472 2331 641 2400 λέγει,
673 2328 778 2396 Εἷς
799 2335 1031 2402 Κύριος.
1068 2334 1176 2407 [El]
1206 2333 1286 2400 εἷς
1312 2338 1536 2409 Κύριος,
1563 2341 1681 2404 πῶς
1709 2342 1823 2395 Κύ-

235 2431 348 2494 ριος
371 2416 466 2468 καὶ
501 2416 733 2487 Κύριοςς
767 2417 1017 2488 Δηλονότι
1047 2421 1144 2489 μία
1171 2423 1202 2490 ή
1235 2424 1512 2494 κυριότης.
1547 2425 1702 2478 Οὕτω
1730 2427 1823 2480 καὶ

231 2493 313 2560 εἷς
346 2497 499 2562 Θεὸς,
539 2501 700 2568 φησὶν
724 2503 751 2552 6
776 2501 984 2566 Παῦλος
1005 2520 1017 2532 ·
1059 2504 1229 2572 Ἡμῖν
1255 2505 1322 2558 δε
1347 2493 1608 2574 εἶςΘεὸς
1647 2513 1680 2562 ό
1704 2513 1822 2562 Πα-

230 2581 363 2648 τὴρ,
404 2581 476 2646 ἐξ
535 2577 606 2637 οὗ
651 2583 722 2636 τὰ
773 2583 988 2647 πάντα,
1042 2587 1141 2640 καὶ
1178 2583 1265 2654 εἷς
1327 2591 1543 2658 Κύριος
1584 2594 1822 2660 Ἰησοῦς

229 2665 508 2730 Χριστὸς,
550 2665 623 2720 δι’
648 2661 720 2722 οὗ
754 2667 825 2721 τὰ
850 2668 1063 2722 πάντα.
1106 2673 1246 2742 ’Λρα
1274 2669 1383 2735 οῦν,
1421 2676 1573 2744 φησὶ,
1609 2676 1698 2728 τὸν
1724 2676 1822 2746 μὲν

230 2747 452 2817 Πατέρα
480 2749 612 2802 Θεὸν
644 2746 785 2814 εἷπε,
821 2753 911 2805 τὸν
940 2753 996 2805 δέ
1032 2753 1158 2805 Υίὸν
1195 2755 1416 2823 Κύριον.
1457 2758 1682 2828 Ἰδωμεν
1705 2757 1817 2825 οῦν,

232 2829 448 2898 ἴδωμεν,
491 2832 730 2901 ἀδελφοὶ.
769 2835 985 2904 ίδωμεν,
1019 2839 1343 2906 παρακαλῶ,
1371 2841 1417 2892 εἰ
1468 2841 1548 2904 16,
1584 2844 1817 2910 Κύριος,

227 2911 483 2997 δεύτερον
511 2914 684 2983 ὄνομά
722 2919 836 2971 ἐστι
883 2920 983 2988 τῆς
1017 2919 1202 2988 θεῖκῆς
1230 2922 1408 2986 ἀξίας,
1437 2925 1530 2977 καὶ
1567 2926 1665 2978 οὑκ
1690 2927 1822 2997 ἀλη-

231 2995 341 3078 θῶς
371 2997 465 3049 καὶ
497 2998 712 3066 πρῶτον
737 3001 828 3053 καὶ
850 3003 1087 3071 ἁρμόζον
1113 3005 1249 3066 ἐστὶ,
1277 3007 1370 3058 καὶ
1401 3009 1504 3062 ὑπὸ
1534 3010 1633 3078 τῆς
1661 2995 1819 3078 ἁγίας

230 3077 453 3149 Γραφῆς
491 3084 1004 3153 μεμαρτυρημένον.
1053 3087 1368 3155 Ἀναγκαῖον
1397 3091 1502 3160 γάρ
1529 3077 1819 3156 όντωςγκαὶ

227 3164 378 3230 ἡμᾶς
409 3165 584 3216 εἰπεῖν
626 3165 762 3234 μετὰ
804 3168 1056 3237 σπουδῆς,
1107 3171 1198 3222 καὶ
1246 3171 1390 3240 ὑμᾶς
1420 3175 1649 3228 ἀκοῦσαι
1683 3178 1817 3245 μετά

231 3245 563 3329 προθυμίας,
592 3250 686 3302 καὶ
711 3250 954 3314 ἐκείνους
989 3253 1339 3325 παιδευθῆναι
1367 3259 1508 3326 μετὰ
1540 3259 1814 3329 ἀληθείας.

230 3329 328 3390 Τίς
351 3325 443 3382 οῦν
467 3332 598 3400 ἡμῖν
628 3336 966 3405 μαρτυρήσει
990 3335 1166 3404 λόγος,
1191 3338 1270 3389 ὅτι
1293 3325 1376 3402 τὸ,
1394 3325 1637 3408 Κύριος,
1651 3343 1819 3412 ὄνομα

231 3413 326 3462 καὶ
352 3411 567 3483 πρῶτόν
597 3415 731 3474 ἐστι,
764 3417 858 3468 καὶ
879 3418 978 3486 τῆς
1001 3420 1454 3490 μεγαλοπρεποῦς
1482 3423 1638 3494 δόξης
1668 3411 1816 3490 ίδιον;

236 3494 434 3548 Ἀκουε
471 3496 563 3549 τοῦ
603 3500 883 3568 προφήτου
930 3501 1120 3552 Δαυΐδ*
1148 3505 1682 3572 Αίσχυνθήτωσαν,
1719 3511 1818 3563 καί

228 3578 705 3646 τηραχθήτωσαν
732 3584 816 3647 εἰς
843 3582 950 3635 τὸν
971 3582 1155 3635 αἰῶνα
1187 3585 1294 3638 τοῦ
1320 3586 1564 3654 αιῶνοςο
1594 3591 1689 3643 καί
1718 3593 1816 3645 ὲν-

229 3661 632 3723 τραπήτωσαν
660 3665 708 3726 ιι,
735 3665 834 3718 καί
856 3666 1314 3722 ἀπολέσθωσαν.
1341 3672 1448 3723 Καὶ
1474 3672 1814 3740 γνώτωσαν,

229 3740 317 3792 ὅτι
351 3742 540 3807 ὄνομὰ
576 3761 674 3797 σοι
701 3748 934 3812 Κύριος.
985 3748 1284 3817 Ἐνδέχεται
1309 3753 1399 3803 τὸν
1431 3755 1624 3824 ἐχθρὸν
1645 3759 1817 3810 εἰπεῖν

227 3825 360 3907 περὶ
412 3825 506 3878 τοῦ
557 3827 807 3898 Σωτῆρος
850 3829 1057 3897 Λόγου·
1092 3833 1260 3900 ὄνομα
1305 3833 1413 3903 γάρ
1447 3836 1539 3887 τοῦ
1581 3839 1815 3907 Χριστοῦ

228 3906 453 3976 Κύριος,
485 3909 656 3978 ὄνομα
676 3909 770 3963 τοῦ
803 3913 1016 3984 Πατρὸς
1049 3913 1197 3975 Θεός.
1229 3915 1397 3968 Πάλιν
1431 3918 1554 3987 ὅρον
1600 3906 1816 3972 ἀπαιτῶ

227 3989 340 4042 τῶν
371 3991 770 4060 προκειμένων.
805 3993 924 4046 Τῶν
955 3996 1247 4064 αἰρετικῶν
1277 4003 1508 4067 στοιχεῖς
1540 4001 1614 4068 τῷ
1637 4001 1812 4072 λόγῳ;

229 4071 493 4154 ἐμμένεις
515 4076 632 4135 ταῖς
664 4075 955 4145 συνθήκαις
976 4095 989 4138 ;
1009 4077 1178 4129 Φοὸοῦ
1188 4096 1283 4149 μαι
1299 4081 1405 4150 γάρ
1421 4098 1515 4134 σου
1536 4083 1596 4134 16
1609 4071 1812 4154 παλίμ-

229 4153 489 4238 ὗο[ν]λον.
516 4155 683 4208 Ὅταν
706 4157 984 4228 ἐλεγχθῇς,
1008 4159 1101 4212 καὶ
1125 4162 1186 4213 ἐκ
1206 4163 1411 4231 ταύτης
1441 4167 1540 4235 τῆς
1561 4153 1815 4238 ἀληθείας

225 4237 556 4307 προσφύγῃς
591 4239 752 4309 ἑτέρα
782 4240 1006 4313 θεωρίᾳ,
1041 4243 1142 4296 κᾶν
1176 4247 1290 4298 ἐκεῖ
1321 4248 1649 4320 συλληφθῇς,
1683 4251 1814 4318 φεύ-

224 4337 344 4384 γεις
369 4323 451 4384 είς
481 4323 666 4392 ἕτερον
697 4325 1091 4399 ἀγνωμοσύνης
1119 4335 1396 4399 στοιχεῖον,
1433 4333 1550 4386 δέον
1584 4336 1658 4405 μὴ
1687 4337 1816 4402 φεύ-

225 4421 344 4470 γειν
385 4406 641 4477 ἀλήθειαν
685 4408 1025 4476 λάμπουσαν,
1069 4415 1441 4480 φωτίζουσαν·
1478 4418 1576 4471 οὐκ
1604 4420 1812 4474 ἐλαύνει

227 4489 340 4556 γάρ
367 4488 706 4556 φωτίζουσα·
733 4492 867 4546 ἀλλά
889 4494 997 4564 γάρ
1022 4498 1227 4565 Φεύτει
1251 4501 1282 4551 ό
1305 4499 1530 4567 ἀσεϐὴς
1555 4503 1814 4570 μηδενὸς

225 4570 570 4636 διώκοντος.

299 4660 371 4721 η’.
406 4653 596 4722 Ἡμεῖς
616 4656 669 4709 δὲ
685 4657 763 4718 είς
779 4657 836 4710 16
851 4660 1208 4728 προκείμενον
1231 4662 1631 4733 ἐπανέλθωμεν.
1649 4670 1812 4722 Γνώ-

230 4750 454 4797 τωσαν,
475 4735 562 4789 ὅτι
583 4738 769 4806 ὄνομά
793 4758 887 4795 σοι
917 4743 1147 4809 Κύριος.
1173 4744 1232 4795 Et
1255 4745 1346 4797 τοῦ
1372 4747 1582 4816 Πατρὺς
1607 4753 1671 4820 μέ
1679 4771 1813 4822 μνη-

228 4837 343 4882 ται,
373 4819 570 4902 ούκοῦν
601 4823 737 4891 μάθε
765 4825 846 4878 ὅτι
877 4826 1044 4894 ὄνομα
1074 4827 1167 4879 τοῦ
1200 4831 1410 4900 Πατρὸς
1445 4819 1812 4902 Κύριοςξκαὶ

231 4901 410 4986 είᾲτοῦ
459 4895 668 4974 Πατρὸς
701 4907 869 4977 ὄνομα
902 4911 1102 4980 Κύριός
1150 4914 1285 4975 ἐστι,
1319 4895 1487 4983 φησὶν
1526 4895 1552 4968 6
1580 4895 1810 4986 Παῦλος,

229 4982 336 5051 Εἷς
371 4987 582 5053 Κύριος
627 4989 856 5058 Ἰησοῦς
888 4995 1160 5060 Χριστός.
1215 4982 1606 5068 ἈλλάΚύριος
1638 5004 1664 5053 6
1700 4982 1809 5057 Ha;

227 5070 355 5139 τὴρ,
390 5068 588 5139 Κύριος
629 5074 656 5124 6
687 5072 832 5136 Υἱός.
871 5077 1080 5129 Οὐκοῦν
1110 5079 1184 5139 ὡς
1216 5080 1466 5143 κοινωνὸς
1491 5081 1585 5134 τοῦ
1617 5085 1810 5154 ὀνόμα-

227 5171 340 5214 τος,
373 5154 620 5215 κοινωνὸς
646 5155 736 5206 καὶ
760 5157 858 5224 τῆς
886 5159 1059 5223 ἀξίας.
1107 5161 1243 5213 Ἀλλ’
1268 5165 1294 5214 6
1340 5164 1585 5228 Ἰουδαῖος
1612 5185 1808 5238 παραι-

225 5240 403 5288 τεῖται
431 5237 622 5297 εἰπεῖν,
654 5238 736 5290 ὅτι
767 5239 824 5290 ού
858 5243 986 5309 περὶ
1017 5242 1107 5294 τοῦ
1149 5245 1362 5314 Πατρὸς
1405 5243 1578 5312 εἶπεν,
1612 5237 1701 5303 ἵνα
1725 5253 1806 5316 16,

227 5321 481 5404 Κύριος,
512 5320 586 5390 τῷ
641 5321 752 5390 Υίῷ
806 5323 1080 5392 ἁρμόσας,
1124 5330 1338 5399 τηρήσῃ
1388 5330 1466 5400 τῷ
1519 5333 1692 5404 Πατρὶ
1727 5335 1805 5397 16,

233 5403 401 5466 Θεός.
420 5402 651 5486 Δέχομαι
671 5404 760 5456 16v
787 5406 908 5474 ὅρον
935 5410 1027 5459 καὶ
1052 5409 1150 5478 τὴν
1177 5411 1468 5480 συνθήκην.
1494 5411 1569 5467 Οὐ
1603 5402 1809 5486 μερίζω

229 5485 332 5550 τὴν
357 5485 515 5549 ἀξίαν
550 5485 655 5538 τῶν
679 5487 974 5558 ὀνομάτων,
1011 5490 1084 5552 ὡς
1116 5493 1375 5558 πολλάκις
1420 5496 1588 5567 ἔφθην
1618 5485 1804 5566 εἰπὼν,

295 5617 310 5638 ³
348 5618 444 5642 Ωιι-ν
489 5621 544 5642 ε,
589 5624 680 5642 ---

295 5618 310 5638 ⁸
348 5618 460 5668 Sav.
489 5621 558 5668 ἷσ.
586 5624 790 5682 πρῶτον.

292 5679 320 5719 Β
344 5679 503 5748 Vgrba
529 5685 608 5729 καὶ
651 5684 1013 5748 έντραπήτωσαν
1034 5697 1064 5734 e
1091 5685 1216 5736 Bibl.
1248 5692 1301 5736 et
1322 5689 1431 5737 Sav.
1470 5705 1805 5748 accesserum.

233 5738 346 5797 Ipse
380 5743 490 5812 δον,
522 5757 568 5791 ιη
597 5738 749 5812 nlarg'.
774 5738 944 5795 sciibit
967 5748 1308 5797 ἀπολέσθωσαν
1337 5763 1424 5812 pro
1448 5738 1549 5801 ν’έιὲζ
1565 5738 1694 5805 Ῑε-ςῖ.
1705 5738 1811 5807 '16-.-

230 5813 302 5849 εις
324 5806 598 5862 γνώτωσαν.
622 5804 754 5856 Em}.

1457 397 1544 456 DE
1585 397 1950 456 SEBPENTE
1991 397 2295 456 HOMILIA.

3406 388 3520 446 512

1939 512 2038 582 τῆς
2081 511 2463 581 προσκυνητῆς
2512 509 2760 581 Τριάδος,
2789 508 2871 563 δτι
2909 512 2942 580 ὴ
2990 509 3288 580 Ἐκκλησία
3331 511 3526 583 ἀμέρι-

1941 611 2064 647 στον
2089 593 2202 664 ἔχει
2232 593 2333 663 τὴν
2363 593 2522 659 δόξαν
2544 609 2555 620 ·
2588 592 2736 665 [525]
2760 597 2826 663 τῇ
2849 594 2905 646 δὲ
2938 596 3002 664 σῇ
3029 593 3374 666 ταλαιπωρίᾳ
3398 611 3529 660 συγ-

1937 676 2274 741 καταϐαίνω,
2335 677 2428 730 καὶ
2479 677 2640 745 λέγω·
2695 677 2959 741 Δεδόσθω,
3022 679 3383 738 Γνώτωσαν,
3439 677 3528 730 ὅτι

1938 758 2124 829 ὄνομά
2150 775 2248 813 σοι
2273 763 2486 829 Κύριος
2508 777 2520 790 ·
2557 761 2608 812 τί
2641 757 2735 813 οὖν
2771 763 2942 823 ποιεῖς
2968 761 3045 830 τῷ
3076 761 3402 830 ἐπαγομένῳ
3432 763 3529 830 ῥή-

1941 859 2090 909 ματι,
2125 842 2210 895 Σὺ
2247 844 2434 910 μόνος
2471 843 2772 910 ’Υψιστος
2826 843 2926 896 επὶ
2976 842 3184 897 πᾶσαν
3231 843 3344 910 τὴν
3375 841 3524 911 γῆν,

1940 926 2083 995 ’Λρα
2113 925 2254 978 κατά
2285 925 2381 995 τὴν
2411 925 2508 996 σὴν
2540 926 2815 990 ἀσέϐειαν,
2855 927 2947 978 καὶ
2973 927 3113 979 κατά
3144 928 3240 995 τὴν
3268 926 3525 979 διδασκα-

1928 1006 2076 1068 λίαν,
2101 1008 2199 1060 οὑκ
2231 1008 2309 1060 ἔτι
2342 1009 2531 1078 Πατὴρ
2552 1010 2579 1061 6
2601 1009 2887 1076 ⁸Υψιστος,
2919 1009 3052 1062 διότι
3082 1010 3240 1078 μόνος
3262 1009 3528 1078 ’Υψιστος

1934 1093 1963 1144 6
2014 1091 2159 1155 Υἱός.
2223 1093 2508 1153 Ἐνταῦθα,
2566 1094 2803 1162 ἀδελφοὶ,
2863 1095 2923 1146 οὐ
2975 1094 3196 1164 κύματα
3251 1093 3528 1161 θαλάσσης

1935 1173 2103 1236 ἐστὶν,
2155 1175 2242 1228 ἵνα
2299 1176 2595 1246 συμπνίξῃ,
2658 1176 2771 1228 ἀλλ’
2839 1176 3060 1247 ἀγάπης
3117 1176 3374 1246 κύματα,
3439 1175 3526 1227 ἴνα

1935 1255 2156 1327 ἁγιάσῃ.
2196 1258 2342 1326 Πλὴν
2375 1258 2611 1329 Χριστοῦ
2649 1257 3022 1329 φθεγγομένου
3054 1260 3148 1312 καλ⁵
3185 1257 3526 1329 κηρυττομέ-

1934 1355 2046 1401 νου,
2097 1339 2294 1409 ἡσυχία
2341 1342 2401 1393 τὸ
2459 1341 2665 1409 σκάφος
2716 1343 2874 1396 τοῦτο
2920 1343 2981 1396 τὸ
3021 1341 3266 1410 θεοφιλὲς
3322 1342 3522 1409 ἀγέτω.

1938 1424 2171 1474 ’Ἄτοπον
2213 1424 2324 1491 γάρ
2353 1423 2449 1494 τὴν
2485 1425 2584 1490 μὲν
2616 1424 2889 1480 θάλασσαν
2932 1426 3272 1494 θεασαμένην
3304 1425 3370 1477 τά
3403 1424 3522 1494 ῖχνη

1933 1503 2026 1557 τοῦ
2080 1505 2372 1567 Δεσπότου,
2427 1507 2518 1558 καὶ
2557 1509 2892 1570 ἀκούσασαν,
2933 1508 3148 1570 Σιώπα,
3191 1509 3524 1576 πεφίμωσο,

1933 1586 2243 1656 αἰδεσθῆναι
2271 1587 2368 1658 τὴν
2392 1589 2696 1652 αὑθεντίαν,
2727 1591 2824 1660 τὴν
2852 1592 2906 1643 δὲ
2950 1590 3274 1660 Ἐκκλησίαν
3303 1591 3376 1660 μὴ
3407 1606 3525 1641 πει-

1934 1667 2126 1739 σθῆναι
2151 1669 2227 1739 τῷ
2257 1670 2458 1740 ἑαυτῆς
2481 1673 2700 1743 νυμφίῳ
2721 1675 2786 1726 τά
2817 1674 3037 1743 ῥήματα
3058 1674 3156 1744 τῆς
3184 1673 3329 1742 ζωῆς
3355 1672 3522 1742 φθεγ-

1931 1751 2169 1822 γομένῳ,
2200 1753 2294 1805 καὶ
2322 1753 2470 1806 θείαν
2499 1755 2573 1817 ὡς
2602 1755 2816 1826 ἀληθῶς
2855 1759 3014 1826 χάριν
3043 1756 3134 1809 ἐπὶ
3168 1756 3276 1810 τῶν
3299 1756 3525 1826 χειλέων

1932 1833 2106 1903 ἔχοντι
2132 1851 2145 1865 ο
2194 1836 2483 1904 Ἐξεχύθη
2513 1837 2620 1906 γάρ
2648 1837 2818 1905 χάρις
2844 1838 2912 1890 ἐν
2943 1840 3177 1906 χείλεσι
3202 1854 3339 1894 σου.
3384 1837 3523 1891 ’Λλλ⁹

1931 1917 2024 1971 ἐπὶ
2074 1918 2132 1971 τὸ
2173 1920 2530 1989 προκείμενον
2580 1920 2985 1990 ἐπανέλθωμεν.
3037 1921 3394 1984 Γνώτωσαν,
3434 1921 3524 1974 ὅτι

1932 2000 2121 2069 ὄνομά
2145 2018 2243 2055 σοι
2271 2003 2504 2069 Κύριος.
2545 2004 2609 2055 Ὂ
2639 2002 2833 2065 θέλεις,
2857 2004 3120 2068 ἐπίλεξαι,
3150 2006 3247 2074 οὺχ
3270 2005 3344 2067 ὡς
3373 2006 3430 2056 ἐν
3455 2007 3522 2076 τῇ

1932 2085 1996 2152 σῇ
2028 2082 2246 2152 ἐξουσία
2278 2084 2376 2152 τῆς
2402 2084 2629 2153 ἐκλογῆς
2673 2085 2932 2155 κειμένης
2957 2103 2970 2116 ο
3002 2087 3122 2139 ούδέ
3153 2087 3260 2157 γὰρ
3287 2087 3374 2138 ὅτε
3419 2087 3524 2154 ἰη-

1933 2164 2058 2227 σοῦς
2095 2167 2123 2218 6
2167 2165 2259 2218 τοῦ
2295 2166 2450 2237 Ναυῆ
2497 2163 2617 2219 εἷπε
2663 2169 2799 2239 πρὸς
2846 2169 2936 2221 τὸν
2969 2169 3115 2233 λαὸν,
3163 2169 3522 2232 Ἐκλέξασθε

1929 2246 2073 2314 ὑμῖν
2100 2247 2249 2315 πρὸς
2270 2247 2383 2314 τὴν
2423 2249 2692 2318 σήμερον
2723 2251 2840 2303 τίνι
2881 2252 3276 2319 λατρεύσητε,
3320 2251 3358 2319 ἢ
3398 2251 3522 2316 τοῖς

1931 2328 2106 2394 θεοῖς,
2139 2324 2228 2395 οἷς
2261 2329 2637 2398 ἐλάτρευσαν
2678 2335 2732 2384 οὗ
2759 2333 3008 2402 πατέρες
3039 2332 3227 2403 ὑμῶν,
3258 2334 3295 2401 ἡ
3330 2335 3525 2402 Κυρίῳ

1929 2410 2008 2476 τῷ
2032 2409 2152 2476 Θεῷ
2187 2411 2376 2480 ἡμῶν,
2410 2413 2467 2464 ού
2499 2413 2715 2475 πάντως
2745 2415 2802 2466 ἐν
2823 2417 2886 2485 τῇ
2923 2415 3139 2486 ἐξουσία
3171 2415 3278 2468 τῶν
3312 2414 3523 2486 ἀνθρώ·

1929 2513 2046 2548 πων
2087 2495 2252 2548 ἔδωκε
2286 2496 2383 2566 τὴν
2419 2497 2665 2567 ἐκλογὴν,
2695 2498 2811 2550 ἀλλ’
2847 2499 2934 2551 ¹ίνα
2956 2499 3124 2570 δείξῃ,
3166 2501 3246 2552 ὅτι
3282 2502 3348 2570 τῇ
3384 2515 3520 2574 προ·

1928 2579 2138 2646 αιρέσει
2174 2578 2284 2630 τῶν
2313 2577 2650 2644 ἀγαπώντων
2683 2579 2772 2631 τὸν
2800 2579 2931 2631 Θεὸν
2974 2581 3260 2634 ἀκολουθεῖ
3287 2582 3320 2650 ὴ
3364 2580 3521 2633 εὐσέ-

1929 2659 2069 2712 ϐεια.
2107 2663 2215 2713 Καὶ
2253 2660 2485 2731 ἀλλαχοῦ
2535 2664 2562 2714 6
2610 2662 2800 2724 αὐτός’
2835 2661 3142 2731 Μάρτυρες
3176 2663 3342 2732 ὑμεῖς
3388 2662 3521 2716 καθ’

1927 2742 2179 2807 ἑαυτῶν,
2225 2743 2312 2796 ὅτι
2371 2743 2534 2811 ὑμεῖς
2575 2744 2940 2808 ἐξελέξασθε
2993 2745 3099 2798 τὸν
3135 2748 3374 2813 Κύριον,
3409 2749 3520 2800 λα·

1926 2826 2159 2892 τρεύειν
2185 2825 2362 2891 αὐτῷ.
2407 2828 2615 2894 Ὥσπερ
2659 2830 2834 2898 ἐκεῖή
2875 2828 3073 2898 ἐκλογὴ
3126 2828 3216 2882 τοῦ
3257 2828 3392 2882 Θεοῦ
3419 2831 3520 2900 τὴν

1927 2908 2082 2973 ἀξίαν
2128 2908 2224 2978 οὐχ
2268 2909 2509 2979 ὖόρισεν,
2551 2910 2684 2962 ἀλλά
2714 2909 2812 2978 τὴν
2860 2912 3176 2982 προαίρεσιν
3219 2910 3329 2963 τῶν
3363 2911 3520 2965 εὐσε-

1930 2990 2162 3044 ϐούντων
2191 2991 2387 3056 ἔδειξεν
2414 3009 2426 3023 ’
2456 2992 2596 3045 οὕτω
2621 2993 2714 3046 καὶ
2743 2993 2859 3055 νῦν,
2889 2994 2982 3046 ἐάν
3005 2993 3079 3046 δῶ
3107 2996 3169 3065 τῇ
3199 2995 3519 3066 προαιρέσει

1925 3075 2024 3145 τὴν
2053 3075 2301 3146 ἐκλογήν,
2334 3077 2392 3128 ού
2428 3076 2528 3146 τήν
2555 3077 2710 3142 ἀξίαν
2758 3077 2984 3147 ὑόρίζω,
3022 3076 3156 3132 ἀλλά
3195 3077 3292 3146 τὴν
3327 3077 3520 3148 προαί-

1931 3173 2078 3227 ρεσιν
2127 3158 2424 3225 δοκιμάζω.
2480 3158 2574 3221 Τὸ,
2617 3158 2976 3222 Γνώτωσαν,
3033 3160 3122 3212 ὅτι
3182 3159 3368 3218 ὄνοιιὰ
3417 3174 3518 3212 σοι

1926 3241 2161 3306 Κύριος,
2197 3237 2305 3310 ἆρα
2340 3241 2467 3311 περὶ
2503 3242 2715 3311 Πατρὸς
2743 3242 2980 3312 εἴρηται,
3015 3244 3046 3311 ἢ
3097 3244 3222 3312 περὶ
3260 3242 3422 3308 Υίοῦ;
3453 3243 3518 3295 El

1928 3322 2028 3390 μὲν
2051 3321 2158 3391 γὰρ
2192 3323 2313 3391 περὶ
2338 3324 2572 3393 Πατρός,
2597 3326 2692 3376 καὶ
2721 3327 2890 3394 ὄνομα
2921 3325 3014 3377 τοῦ
3043 3325 3256 3394 Πατρός
3288 3325 3515 3397 Κύριος.

1925 3401 2092 3471 ὄνομα
2139 3404 2232 3455 καὶ
2270 3404 2362 3457 τοῦ
2407 3405 2536 3458 Υίοῦ
2577 3405 2781 3477 Κύριος
2807 3422 2820 3435 ο
2856 3399 2958 3470 Εἷς
3003 3407 3111 3476 γὰρ
3149 3409 3362 3473 Κύριος
3413 3407 3518 3474 Ἰη-

1924 3484 2077 3550 σοῦς
2109 3487 2382 3553 Χριστὸς,
2420 3488 2496 3540 δι’
2550 3484 2621 3544 οὗ
2663 3488 2734 3542 τὰ
2781 3487 3005 3542 πάντα·
3041 3489 3148 3559 ἄρα
3192 3489 3250 3541 16
3301 3489 3517 3558 ἀξίωμα

1924 3565 2113 3636 ὥσπερ
2147 3568 2343 3632 κοινὸν,
2378 3572 2472 3623 καὶ
2505 3571 2564 3622 16
2592 3571 2762 3640 ὄνομα
2790 3583 2837 3623 ο.
2880 3571 3036 3624 ’Λλλά
3063 3571 3156 3624 τοῦ
3191 3571 3319 3624 Υίοῦ
3343 3571 3514 3641 ὄνομα

1930 3649 2010 3710 16,
2042 3650 2275 3716 Κύριος·
2313 3652 2474 3714 αὐτὸς
2503 3647 2594 3704 οὖν
2629 3653 2788 3721 μόνος
2814 3652 3016 3722 Κύριος
3038 3655 3066 3706 6
3101 3652 3223 3716 Υἱός
3249 3669 3262 3681 ·
3296 3653 3379 3707 Σὺ
3405 3652 3516 3724 γὰρ

1922 3726 1982 3783 εἷ
2001 3733 2188 3800 μόνος
2229 3734 2526 3801 ’Υψιστος
2551 3736 2647 3788 ἐπὶ
2688 3735 2894 3788 πᾶσαν
2927 3737 3039 3803 τὴν
3072 3736 3209 3806 γῆν.
3242 3739 3384 3808 Ἀρα
3418 3732 3513 3791 οῦν

1924 3816 2009 3867 ὅτε
2037 3811 2116 3878 εἷς
2149 3818 2241 3869 καὶ
2277 3819 2438 3885 μόνος
2468 3819 2670 3888 Κύριος
2710 3821 2737 3870 6
2766 3821 2912 3883 Υἱὸς,
2961 3819 3237 3891 ἀλλότριος
3271 3821 3368 3890 τῆς
3414 3838 3513 3873 κυ-

1925 3897 2172 3966 ριότητος
2197 3901 2224 3950 6
2249 3901 2468 3970 Πατήρ;
2503 3902 2584 3969 Μὴ
2611 3902 2839 3967 γένοιτο.
2871 3904 3003 3955 Οὐδὲ
3029 3903 3136 3974 γάρ
3159 3907 3185 3956 6
3209 3906 3397 3974 Πατὴρ
3421 3905 3511 3958 ὅτι

1922 3979 2249 4049 κηρύττεται
2283 3983 2442 4049 μόνος
2472 3979 2546 4046 εἷς
2579 3985 2606 4036 6
2645 3984 2796 4046 Θεὸς,
2836 3985 3155 4039 ἐκϐάλλεται
3193 3988 3221 4038 6
3257 3987 3386 4049 Υἱὸς
3413 3987 3512 4058 τῆς

1923 4060 2172 4140 θεότητος
2198 4081 2210 4094 ·
2264 4063 2366 4116 Ἐν
2397 4064 2554 4134 ἀρχῇ
2581 4065 2688 4136 γὰρ
2716 4063 2795 4135 ἦν
2825 4070 2857 4119 ό
2885 4068 3095 4137 Λόγος,
3129 4069 3227 4122 καὶ
3263 4072 3294 4126 ό
3321 4072 3512 4140 Λόγος

1920 4139 2000 4211 ἦν
2027 4147 2175 4211 πρὸς
2203 4147 2311 4199 τὸν
2341 4148 2511 4208 Θεὸν.
2544 4149 2639 4201 καὶ
2669 4151 2811 4214 Θεὸς
2836 4146 2912 4218 ἦν
2942 4154 2974 4204 o’
3008 4154 3216 4222 Λόγος.
3246 4155 3381 4205 Οὑτε
3411 4148 3505 4206 οὖν

1921 4229 1999 4289 τὸ,
2042 4230 2185 4295 Θεὸς
2215 4234 2245 4283 ό
2280 4232 2500 4300 Πατὴρ,
2537 4235 2785 4305 ἀφορίζει
2817 4235 2906 4287 τὸν
2941 4235 3068 4288 Υίὸν
3097 4238 3194 4307 τῆς
3222 4237 3473 4306 θεότητος
3493 4255 3507 4269 ·

1921 4313 2015 4364 καὶ
2043 4313 2150 4382 γὰρ
2183 4315 2326 4379 Θεὸς
2349 4319 2381 4368 ό
2407 4318 2598 4383 Λόγος
2620 4335 2632 4346 ·
2659 4317 2780 4370 οὔτε
2809 4319 2913 4388 μὴν
2944 4320 2972 4370 6
3007 4319 3150 4382 Υἱὸς,
3184 4320 3310 4373 ὅταν
3344 4319 3508 4390 λέγη-

1920 4412 2028 4456 ται,
2073 4392 2178 4460 Εἷς
2205 4398 2441 4463 Κύριος,
2471 4399 2747 4470 ἀλλότριον
2775 4402 3012 4454 δείκνυσι
3045 4404 3134 4455 τὸν
3167 4402 3386 4474 Πατέρα
3411 4404 3510 4474 τῆς

1921 4480 2255 4547 κυριότητος
2290 4477 2436 4534 Ehe
2470 4482 2576 4552 γὰρ
2608 4486 2638 4535 ό
2667 4484 2878 4550 Κύριος
2903 4483 2980 4548 τῷ
3007 4487 3199 4552 Κυρίῳ
3217 4503 3358 4554 μου·
3393 4486 3506 4540 Κά-

1922 4563 2027 4612 θου
2059 4562 2125 4612 ἐκ
2163 4560 2376 4624 δεξιῶν
2402 4581 2540 4628 μου.
2580 4564 2783 4632 Κύριος
2817 4561 2908 4617 οὖν
2936 4569 2962 4618 6
3006 4567 3215 4636 Πατὴρ,
3248 4567 3448 4639 Κύριος
3479 4571 3507 4623 6

1920 4641 2064 4703 Υἱὸς,
2101 4643 2303 4711 Κύριος
2332 4645 2390 4695 16
2426 4644 2647 4711 Πνεῦμα
2681 4646 2743 4696 16
2772 4645 2946 4713 ἀγιον·
2983 4649 3033 4699 '0
3063 4649 3169 4720 γάρ
3203 4651 3417 4717 Κύριος
3438 4652 3505 4704 τὸ

1920 4723 2162 4791 Πνεῦμά
2187 4725 2379 4779 ἐστιν.
2423 4727 2582 4779 Ἀλλά
2613 4728 2772 4780 πάλιν
2802 4731 2828 4781 6
2851 4730 3123 4800 αἱρετικὺς
3148 4733 3505 4804 παροξύνεται

1918 4807 2217 4875 ἀνακύψας,
2248 4811 2340 4861 καὶ
2374 4809 2580 4879 Κύριον
2613 4810 2850 4873 ἀκούσας
2877 4814 2937 4865 τὸ
2972 4814 3194 4883 Πνεῦμα
3223 4815 3282 4868 16
3326 4817 3502 4885 ἆγιον,

1917 4890 2325 4960 διαρῤήγνυται.
2363 4893 2472 4944 Καὶ
2504 4893 2638 4955 πῶς,
2693 4895 2848 4963 φησὶ,
2899 4895 2955 4946 16
3000 4897 3224 4967 Πνεῦμα
3276 4898 3499 4969 Κύριος,

1918 4973 2076 5026 όπότε
2106 4974 2191 5026 διὰ
2223 4975 2316 5026 τοῦ
2357 4979 2635 5045 προφήτου
2665 4977 2828 5030 Δαυῒδ
2867 4981 3231 5050 φθεγγόμενον
3279 4983 3505 5054 ἀνυμνεῐ

1916 5058 2004 5110 τὸν
2052 5058 2198 5118 Υἱὸν,
2235 5058 2412 5126 λέγον,
2450 5056 2635 5114 Εἶπεν
2664 5065 2695 5113 ό
2743 5063 2956 5128 Κύριος
2997 5061 3077 5127 τῷ
3111 5065 3302 5132 Κυρίῳ
3344 5085 3502 5136 μους

1930 5140 2110 5210 Ὁρᾷς,
2153 5142 2307 5209 φησι.
2334 5141 2393 5194 16
2424 5142 2648 5213 Πνεῦμα
2679 5144 2739 5196 16
2765 5144 2956 5196 λαλοῦν
2987 5145 3073 5198 διὰ
3095 5147 3186 5200 τοῦ
3222 5153 3498 5222 προφήτου

1915 5223 2193 5290 ὁμολογεῖν
2245 5225 2449 5294 Κύριον
2489 5226 2680 5278 ἐαυτοῦ
2727 5229 2820 5280 καὶ
2868 5229 2958 5281 τὸν
3005 5231 3225 5300 Πατέρα
3272 5235 3364 5286 καὶ
3409 5235 3500 5288 16v

1917 5306 2042 5357 Υἱόν
2069 5323 2082 5371 ;
2115 5307 2176 5358 Τί
2209 5303 2324 5375 οὖν,
2365 5309 2579 5374 ἀδελφοί
2605 5327 2618 5372 ;
2653 5311 2769 5362 Ἵνα
2804 5311 2877 5382 μὴ
2909 5311 3058 5384 [526]
3088 5315 3270 5367 πλεῖον
3297 5318 3328 5386 ἡ
3358 5317 3498 5382 λέξις

1918 5388 2342 5458 προσενεχθεῖσα
2367 5392 2665 5458 ἀμφίϐολος
2685 5393 2909 5462 γένηται
2935 5399 3046 5457 τοῖς
3069 5398 3381 5466 ἀκροαταῖς,
3411 5399 3498 5454 ἐπ’

1917 5470 2085 5539 αὐτὴν
2110 5472 2224 5539 ἥξω
2256 5473 2354 5541 τὴν
2391 5475 2633 5536 ἐξέτασιν
2656 5476 2749 5527 τοῦ
2790 5476 2968 5544 λόγου,
3003 5482 3182 5533 πᾶσαν
3213 5482 3338 5550 ὑμῖν
3363 5483 3495 5535 ἀνα-

1919 5552 2101 5617 πτύξω
2128 5554 2223 5621 τῆς
2259 5553 2455 5619 λέξεως
2482 5559 2577 5625 τὴν
2609 5557 2861 5628 θεωρίαν.

1988 5635 2050 5686 θ’.
2081 5636 2135 5686 '0
2149 5636 2339 5706 Σωτήρ
2355 5654 2482 5690 ποτε
2502 5643 2564 5708 τῇ
2597 5641 2859 5694 Ἰουδαίων
2877 5647 3163 5713 συναγωγῇ
3183 5646 3500 5715 προσδιαλε-

1917 5716 2164 5785 γόμενος,
2195 5718 2284 5769 καὶ
2326 5719 2630 5790 δοκιμάζων
2669 5725 2733 5791 ἣν
2769 5723 2946 5793 έχουσι
2991 5727 3119 5796 περὶ
3146 5728 3310 5780 αὑτοῦ
3341 5729 3498 5796 δόξαν

1983 5822 2004 5849 ε
2031 5820 2142 5867 Sav.
2171 5821 2218 5866 in
2247 5833 2398 5884 marg.
2426 5824 2551 5884 conj.
2577 5824 2760 5887 ἀξίωμα
2782 5826 2954 5887 κοινὸν,
2979 5828 3141 5892 ὥσπερ
3162 5847 3207 5880 κ.
3233 5848 3274 5878 τ.
3311 5832 3358 5883 ὁ.
