3984 6454
475 544 565 598 καὶ
590 539 856 610 ὑπόληψιν
881 539 928 591 οί
958 538 1161 600 πολλοὶ,
1187 537 1333 606 λέγει
1363 539 1494 608 πρὸς
1519 538 1713 603 αὐτούς
1737 555 1750 568 ·
1789 541 1927 595 Τίνα
1952 543 2053 596 λέ-

472 642 605 694 γετε
619 619 768 678 εἶναι
789 622 893 674 τὸν
916 622 1176 689 Χριστόν
1191 637 1208 682 ;
1224 620 1386 686 τίνος
1407 621 1577 674 ἐστὶν
1597 625 1629 675 ὁ
1651 624 1814 688 υίός;
1841 625 2059 692 Λέγου-

470 724 578 762 σιν
595 709 648 761 οι
666 704 1018 774 γραμματεῖς
1034 703 1129 756 καὶ
1154 705 1207 755 οί
1229 702 1554 767 Φαρισαῖοι·
1581 705 1689 757 Τοῦ
1706 706 1903 758 Δαυΐδ.
1925 702 2057 758 Εἶτα

474 790 674 859 Κύριος
701 786 989 848 ἀντιτιθεὶς
1018 785 1195 838 αὐτῶν
1219 788 1284 855 τῇ
1314 786 1555 855 ὑπονοίᾳ,
1593 786 1748 839 πάλιν
1777 789 2022 858 ἐπήγαγε
2041 804 2054 816 ·

469 873 581 925 Καὶ
622 870 746 935 πῶς
785 869 964 922 Δαυῒδ
1016 868 1084 920 ἐν
1123 869 1418 935 Πνεύματι
1456 867 1599 935 ἁγίῳ
1649 869 1826 922 καλεῖ
1867 870 2054 923 αὺτὸν

476 955 730 1021 Κύριον-ει
755 967 769 1016 ;
803 948 948 1003 Εἷπε
985 949 1092 1020 γὰρ
1121 953 1151 1002 ὀ
1173 951 1388 1015 Κύριος
1415 947 1490 1012 τῷ
1525 951 1716 1014 Κυρίῳ
1745 968 1864 1019 μου
1887 965 1902 979 ο
1942 950 2059 1004 Κά-

473 1039 581 1088 θου
621 1036 686 1088 ἐκ
722 1033 935 1097 δεξιῶν
968 1051 1105 1101 μου.
1153 1032 1224 1084 T6
1265 1032 1340 1093 δὲ,
1387 1033 1481 1083 Ὲν
1529 1035 1828 1101 Πνειτμίιτι
1889 1034 2056 1102 ἁγίῳ,

475 1118 835 1188 προσέθηκεν,
859 1118 954 1187 οὐχ
989 1116 1071 1168 ἵνα
1114 1115 1173 1168 τὸ
1205 1114 1425 1184 Πνεῦμα
1459 1113 1640 1168 δοῦλον
1671 1115 1930 1186 ἀποδείξῃ
1964 1114 2058 1167 τοῦ

474 1201 877 1270 κηρυττομένου
919 1198 1174 1267 Χριστοῦ,
1209 1198 1323 1250 ἀλλ’
1354 1197 1439 1250 ἵνα
1489 1198 1672 1266 σαφῶς
1702 1199 2055 1269 παραστήσῃ,

471 1285 550 1337 ὃτι
580 1286 606 1337 6
639 1285 921 1354 προφήτης
957 1284 1012 1334 ἐν
1044 1281 1321 1350 Πνεύματι
1361 1282 1499 1351 ἁγίῳ
1533 1283 1598 1334 τὰ
1632 1282 1894 1351 μέλλοντα.
1928 1299 2054 1350 προ-

471 1366 633 1437 ορῶν,
658 1367 686 1417 ὃ
717 1366 965 1435 ἤμελλεν,
1000 1365 1113 1416 υἱὸν
1158 1365 1298 1416 κατὰ
1339 1364 1538 1434 σάρκα.
1580 1364 1785 1433 Κύριον
1810 1365 2060 1433 ὁμολογεῖ

473 1451 610 1503 κατὰ
640 1450 912 1518 ἀλήθειαν.
961 1449 1032 1500 Οὐ
1079 1448 1186 1518 γὰρ
1236 1447 1363 1518 περὶ
1409 1447 1499 1498 τοῦ
1540 1447 1691 1513 ἁγίου
1741 1447 2058 1517 Πνεύματος

471 1534 752 1603 προέκειτο
784 1531 860 1601 τῷ
889 1531 1073 1600 Κυρίῳ
1102 1530 1530 1600 ἐξεταζομένῳ-δ,
1550 1531 1681 1582 ἀλλὰ
1708 1531 1834 1600 περὶ
1863 1529 2054 1583 αὐτοῦ·

469 1615 631 1667 Δαυῒδ
657 1615 769 1667 υίδν
797 1615 907 1684 ἔχει
934 1615 1020 1666 τὸν
1047 1613 1268 1682 Κύριον.
1295 1613 1325 1682 ἦ
1358 1614 1621 1683 δεσπότην
1644 1631 1656 1677 ;
1690 1615 1904 1683 Ἀμέλει
1931 1614 2060 1681 γοῦν

469 1699 631 1761 αὐτὸς
670 1701 697 1751 6
733 1697 933 1768 Κύριος
975 1696 1322 1768 προαναιρῶν
1356 1698 1454 1768 τὴν
1496 1697 1599 1749 τῶν
1634 1698 1927 1767 αἱρετικῶν
1964 1715 2058 1749 συ-

470 1782 786 1850 κοφαντίαν,
820 1782 912 1833 καὶ
952 1780 1237 1846 φυλάττων
1263 1780 1520 1850 ἀκέραιον
1563 1781 1655 1833 τοῦ
1699 1782 1855 1850 ἁγίου
1894 1781 2059 1833 Πνεύο

473 1882 639 1934 ματος
671 1865 730 1916 τὸ
764 1862 998 1932 ἀξίωμα,
1030 1865 1094 1931 τῇ
1131 1863 1394 1931 ἐπαγωγῇ
1443 1862 1556 1914 λύει
1590 1865 1687 1933 τήν
1713 1864 2061 1934 ἀμφισϐήτη-

471 1965 572 1999 σιν.
601 1948 663 1999 Τί
695 1943 786 1998 οῦν
818 1961 1018 2014 φησινς
1055 1945 1116 1997 El
1158 1941 1271 1998 οὖν
1299 1945 1479 1998 Δαυῒδ
1518 1946 1695 1999 καλεῖ
1719 1947 1906 1999 αὑτὸν
1947 1949 2062 2000 Κύ-

462 2046 616 2096 ριον,
657 2029 775 2094 πῶς
811 2030 935 2092 υἱὸς
959 2027 1144 2080 αὐτοῦ
1183 2026 1383 2088 ἐστιν;
1415 2027 1528 2080 Οὐκ
1559 2026 1729 2092 εἶπεν,
1765 2029 1829 2082 Εἰ
1864 2026 1955 2083 οὖν
2001 2030 2060 2082 τὸ

470 2112 695 2180 Πνεῦμα
738 2111 797 2162 τὸ
845 2111 998 2178 ὄιγιον
1041 2110 1196 2162 καλεῖ
1246 2111 1404 2162 αὑτὸν
1457 2110 1683 2182 Κύριον,
1721 2112 1858 2178 ἀλλ’,
1915 2116 1982 2166 El
2028 2115 2060 2166 ό

469 2195 650 2247 Δαυῒδ
692 2193 870 2246 καλεῖ
911 2192 1099 2246 αὐτὸν
1129 2193 1364 2260 Κύριον.
1400 2195 1499 2246 Διὰ
1538 2196 1589 2247 τί
1617 2191 1709 2247 οῦν
1753 2196 2060 2266 προσέθηκε

467 2278 550 2338 τὸ,
596 2279 691 2328 Ἐν
745 2276 1043 2345 Πνεύματι
1110 2276 1256 2342 ἁγίῳ
1319 2276 1496 2328 καλεῖ
1554 2277 1741 2330 αὐτὸν
1809 2280 2061 2344 Κύριον;

483 2361 696 2430 Ἐπειδὴ
750 2360 811 2412 τὸ
851 2362 1023 2411 εἰπεῖν
1058 2359 1187 2427 περὶ
1234 2358 1469 2427 Χριστοῦ
1527 2360 1631 2428 πρὸ
1674 2360 1772 2429 τῆς
1823 2360 2057 2430 Χριστοῦ

470 2443 771 2512 παρουσίας
813 2444 912 2494 οὐκ
941 2437 1006 2511 ἦν
1049 2440 1300 2509 σώματος
1342 2439 1658 2509 βλέποντος,
1707 2443 1842 2495 ἀλλὰ
1886 2442 2057 2494 Πνεύ-

472 2541 640 2594 ματος
698 2525 851 2592 ἁγίου
913 2521 1374 2594 προδεικνύοντος.
1425 2523 1559 2575 Οὐδέ
1625 2524 1732 2594 γάρ
1785 2525 1820 2578 ἃ.
1867 2525 2060 2577 ἕϐλεπε

467 2607 647 2671 Δαυῒδ,
689 2610 1014 2678 ἐκήρυττεν·
1068 2607 1182 2659 ἀλλ’
1222 2607 1255 2660 ἃ
1300 2607 1359 2658 τὸ
1395 2608 1617 2679 Πιεῦμα
1661 2610 1722 2660 τὸ
1764 2609 1917 2675 ἆγιον
1953 2610 2058 2661 ὑπ-

469 2691 679 2752 έϐαλλε,
711 2691 883 2744 ταῦτα
921 2689 1007 2742 διὰ
1040 2691 1138 2761 τῆς
1167 2692 1540 2760 πνευματικῆς
1575 2691 1831 2758 ἐκρούετο
1868 2692 2056 2762 λύρας.

466 2775 565 2826 Διά
598 2775 753 2827 τοῦτο
788 2773 866 2838 τὸ,
914 2776 1160 2840 Κύριος,
1199 2774 1530 2843 προσέθηκε·
1568 2772 1697 2838 Πῶς
1737 2774 1850 2827 οὖν
1880 2774 2062 2827 Δαυῒδ

464 2858 537 2910 ἐν
556 2858 851 2924 Πνεύματι
877 2857 1020 2924 ἁγίῳ
1050 2855 1222 2908 καλεῖ
1249 2857 1436 2907 αὑτὸν
1463 2858 1719 2923 Κύριον;
1743 2857 1861 2908 ’Ἱνα
1891 2857 1948 2909 δέ
1983 2857 2058 2928 μὴ

465 2940 566 3011 τὴν
607 2939 954 3009 βλασφημίαν
999 2940 1026 2989 6
1078 2938 1353 3006 αἰρετικδς
1406 2941 1484 3000 εἰς
1531 2938 1592 2990 τὸ
1629 2938 1783 3006 ἅγιον
1828 2938 2056 3008 Πνεῦμα

469 3021 694 3092 ἐλκύσῃ,
731 3024 976 3092 ἐπήγαγε
1027 3019 1208 3081 πάλιν,
1251 3019 1326 3082 ὼς
1375 3019 1619 3090 ἕφθημεν
1678 3022 1959 3085 εἰπόντες·
1992 3024 2060 3075 El

465 3101 582 3160 οὖν
617 3106 798 3159 Δαυῒδ
824 3106 1010 3157 αὑτὸν
1048 3103 1226 3156 καλεῖ
1250 3104 1489 3170 Κύριον,
1534 3102 1659 3167 πῶς
1704 3104 1834 3169 υίὸς
1872 3105 2058 3158 αὐτοῦ

466 3189 675 3253 ὲστιν;
706 3187 912 3240 Οὐκοῦν
939 3188 969 3237 6
1009 3185 1170 3238 Δαυῒδ
1209 3185 1368 3237 αὐτὸν
1400 3188 1455 3237 ἐν
1487 3185 1762 3256 Πνεύματι
1792 3187 1931 3256 ἁγίῳ
1963 3205 2060 3241 κα·

466 3271 549 3323 λεί
579 3273 669 3323 τὸν
709 3270 941 3340 Χριστὸν
999 3268 1224 3338 Κύριον.
1263 3266 1470 3320 Ἐκεῖνο
1523 3269 1578 3321 δὲ
1627 3271 2059 3339 προηγουμένως

470 3355 852 3424 σκοπήσωμεν,
885 3353 964 3404 ὅτι
1001 3353 1108 3414 πᾶς
1143 3353 1426 3421 προφήτης
1467 3351 1528 3402 ἐκ
1559 3351 1872 3421 Πνεύματος
1901 3353 2056 3420 ἁγίου

466 3436 617 3488 λαλεῖ
663 3436 729 3487 τὰ
779 3435 980 3486 εἰκότα.
1015 3435 1221 3495 Πάντες
1283 3434 1390 3502 γὰρ
1439 3433 1826 3503 ὁμολογοῦμεν,
1875 3435 1949 3496 ὡς
2002 3438 2058 3486 ἐν

468 3519 746 3588 Πνεύματι
804 3517 944 3586 ἁγίῳ
1001 3517 1268 3585 ἐλάλησαν
1302 3517 1350 3567 οἱ
1411 3515 1724 3585 προφῆται,
1772 3517 1846 3579 ὡς
1905 3518 1998 3569 καί
2031 3520 2058 3570 6

481 3600 802 3662 Ἀπόστολος
852 3601 1121 3669 μαρτυρεῖ
1154 3598 1326 3665 λέγων
1346 3613 1357 3623 ·
1389 3598 1597 3663 Καλῶς
1621 3597 1685 3650 τὸ
1714 3599 1956 3667 Πνεῦμα
1991 3600 2057 3653 τό

467 3683 640 3748 ἅγιον
670 3682 939 3748 ὲλὰλησε
975 3682 1121 3747 πρὸς
1156 3681 1296 3744 τοὺς
1329 3678 1588 3746 πατέρας
1637 3679 1799 3748 υμῶν
1829 3681 1926 3734 διὰ
1951 3683 2058 3734 τοῦ

467 3763 796 3832 προφήτου.
819 3766 926 3816 Καὶ
945 3763 1104 3815 πάλιν
1125 3762 1427 3823 καθολικῶς
1450 3765 1476 3813 6
1491 3761 1621 3822 Θεός
1645 3779 1657 3792 ·
1695 3763 1918 3831 Ἐλιχεῶ
1939 3765 2057 3818 ἀπὸ

466 3847 575 3901 τοῦ
609 3847 958 3915 Ιινεύματός
983 3861 1124 3912 μου.
1149 3845 1245 3896 ἐπὶ
1285 3841 1496 3897 πᾶσαν
1524 3844 1743 3911 σάρκα,
1777 3846 1873 3898 καὶ
1913 3862 2053 3913 προ-

467 3930 861 3999 φητεύσουσι.
894 3927 1004 3981 Καὶ
1037 3928 1305 3996 Μωῢσῆς·
1356 3928 1449 3992 Τίς
1498 3927 1676 3981 δώσει
1723 3928 1918 3980 πάντα
1951 3930 2058 3982 τὸν

466 4015 621 4068 λαὸν
637 4013 948 4082 προφήτας
964 4008 1136 4074 εἶναι,
1155 4012 1224 4064 ἐν
1245 4011 1324 4075 τῷ
1345 4011 1555 4067 δοῦναι
1576 4015 1795 4081 Κύριον
1807 4014 1871 4066 τὸ
1890 4014 2058 4082 ἅγιον

467 4098 711 4165 Πνεῦμα
756 4096 942 4149 αὑτοῦ
973 4096 1064 4148 ἐπ’
1095 4096 1348 4160 αὑτούς;
1391 4095 1653 4148 Ἐνταῦθα
1706 4097 2057 4168 προσέχωμεν

467 4180 731 4250 ἀκριϐῶς,
767 4179 884 4241 πῶς
913 4179 944 4247 ἡ
974 4178 1164 4246 θεότης
1191 4179 1465 4233 δείκνυται
1496 4179 1587 4232 τοῦ
1617 4181 1932 4249 Πνεύματος
1961 4181 2056 4234 τοῦ

467 4265 646 4330 ἁγίου,
673 4264 769 4331 οὐχ
800 4263 885 4328 ὑφ’
913 4262 1070 4331 ήμῶν
1103 4262 1402 4332 ὑψουμένη,
1429 4263 1542 4315 ἀλλ’
1580 4265 1684 4316 ὑπὸ
1715 4267 1813 4335 τῆς
1850 4267 2058 4328 οἰκείας

468 4347 622 4411 ἀξίας
652 4344 1050 4414 κηρυττομένη.
1101 4345 1207 4395 Καί
1246 4362 1334 4413 μοι
1372 4346 1564 4415 μικρὸν
1608 4348 1939 4418 ἐπιτρέψατε
1969 4349 2056 4401 διὰ

470 4429 713 4489 πεύσεως
737 4428 831 4480 καὶ
857 4427 1201 4496 ἀποκρίσεως
1228 4429 1561 4496 σχηματίσαι
1583 4429 1643 4480 τὸ
1668 4432 2051 4499 προκείμενον·

469 4515 589 4573 ταῖς
639 4511 746 4581 γὰρ
791 4509 1069 4572 τοιαύταις
1105 4509 1442 4562 ἀντιθέσεσιν
1485 4512 1868 4582 εὐμαρεστέρα
1917 4515 2054 4566 καθ-

471 4594 683 4646 ίσταται
711 4591 816 4643 τῶν
850 4591 1237 4662 ἀπορουμένων
1265 4594 1296 4661 ή
1329 4592 1498 4656 λύσις.
1539 4595 1932 4664 Ἐρωτήσωμεν
1957 4595 2058 4647 τοί-

469 4694 581 4731 νυν·
630 4674 1033 4745 Ὀμολογοῦσιν,
1057 4676 1136 4727 ὅτι
1175 4675 1234 4727 τὸ
1275 4675 1498 4744 Πνεῦμα
1527 4677 1586 4728 τὸ
1631 4677 1784 4744 ἆγιον
1830 4678 2056 4748 ὲλάλησε

471 4760 619 4830 [59.7]
651 4760 739 4811 διὰ
771 4759 877 4811 τῶν
905 4758 1217 4828 προφητῶν,
1248 4757 1279 4828 ἢ
1313 4759 1627 4812 ἀπειθοῦσιν
1657 4761 1735 4813 ἔτι
1767 4763 1859 4814 καὶ
1889 4763 2058 4832 ἀμφι-

470 4843 788 4906 ϐάλλουσιν;
820 4843 881 4894 Et
925 4843 1022 4911 μὲν
1073 4841 1507 4911 ἀμφιϐάλλουσι,
1550 4844 1609 4895 τὸ
1661 4845 2056 4916 προειρημένον

469 4926 890 4994 ὑπομνήσωμεν,
935 4925 1051 4986 πῶς
1099 4926 1259 4987 αὐτὸς
1302 4929 1568 4997 μαρτυρεῖ
1615 4925 1788 4994 λέγων
1821 4929 1850 4980 6
1882 4927 2052 4991 Θεός·

480 5006 699 5074 Ἔκχεῶ
763 5007 882 5060 ἀπὸ
938 5007 1042 5060 τοῦ
1107 5009 1452 5075 Πνεύματός
1502 5026 1622 5077 μου
1695 5010 1790 5062 ἐπὶ
1846 5010 2056 5066 πᾶσαν

468 5091 688 5157 σάρκα,
719 5089 817 5141 καὶ
856 5091 1372 5158 προφητεύσουσι.
1408 5091 1480 5142 Τὸ
1521 5090 1744 5162 Πνεῦμα
1781 5093 1889 5164 γάρ
1936 5095 2052 5146 ἐστι

467 5173 526 5224 τὸ
555 5171 808 5241 ἐνεργοῦν
831 5172 927 5241 τὴν
956 5173 1298 5243 προφητικὴν
1325 5173 1570 5243 δύναμιν.
1606 5176 1694 5236 Ὠς
1722 5177 1813 5228 καὶ
1843 5181 1870 5229 6
1900 5177 2053 5230 Μωῦο

471 5257 568 5327 σῆς
620 5255 799 5314 πάλιν,
833 5257 860 5307 ὁ
896 5257 1218 5323 θαυμάσιος,
1273 5259 1594 5328 βουλόμενος
1629 5260 1821 5326 δεῖξαι,
1871 5263 1950 5314 ὅτι
1989 5263 2051 5313 ὲκ

469 5341 782 5409 Πνεῦματος
829 5338 984 5403 ἁγίου
1027 5343 1332 5410 προφητεία
1366 5345 1702 5408 συνίσταται,
1745 5347 1843 5416 τὴν
1876 5347 2047 5414 μεγά-

468 5423 566 5492 λην
597 5423 807 5490 ἐκείνην
842 5422 934 5472 καὶ
966 5420 1275 5490 θαυμασίαν
1318 5425 1515 5495 έρῤηξε
1551 5430 1768 5497 φωνήν·
1803 5430 1912 5482 Καὶ
1959 5430 2050 5495 τίς

467 5506 645 5559 δώσει
691 5505 885 5558 πάντα
920 5504 1026 5556 τὸν
1059 5507 1209 5557 λαὸν
1260 5512 1477 5575 Κυρίου
1533 5513 1842 5581 ,προφήτας
1873 5511 2044 5576 εἶναι,

466 5590 534 5640 ἑν
567 5587 640 5652 τῷ
693 5587 900 5640 δοῦναι
931 5589 1143 5652 Κύριον
1179 5589 1244 5641 τὸ
1274 5594 1514 5661 Πνεῦμα
1546 5597 1731 5650 αὐτοῦ
1779 5596 1845 5648 τὸ
1877 5597 2048 5665 ἅγιον

465 5672 558 5722 ἐπ’
588 5673 836 5736 αὑτούς;
873 5673 935 5723 Εἰ
977 5672 1031 5724 δὲ
1073 5673 1421 5742 ὁμολογοῦσιν
1464 5679 1700 5748 ἀληθῶς,
1736 5679 1924 5751 ῶσπερ
1955 5683 2040 5735 καὶ

527 5782 543 5803 ⁸
638 5783 766 5831 Bibl.
793 5786 968 5846 supple
994 5787 1158 5846 λέγων.

528 5847 553 5882 ὶι
580 5844 688 5892 Suv.
719 5849 764 5893 in
788 5844 913 5894 uoils
935 5861 1020 5907 pro
1045 5844 1353 5909 ἐξεταζομένω
1379 5851 1502 5908 conj.
1533 5852 1754 5909 ἐξέτασις.

1925 419 2297 476 SEVERIANI

3645 439 3762 492 514

2167 544 2314 594 ἔστιν
2364 541 2598 611 ἀληθῶς,
2644 541 2724 592 ὅτι
2757 540 2814 592 τὸ
2848 538 3072 607 Πνεῦμα
3110 539 3169 590 τὸ
3204 538 3355 605 ἅγιον
3389 536 3647 608 ἐλάλησεν
3697 546 3756 594 ἐν

2162 628 2272 686 τοῖς
2302 627 2628 694 προφήταις,
2659 624 2821 676 ἄκουε
2849 622 2924 683 ὼς
2953 621 2980 671 ὁ
3013 622 3281 690 μακάριος
3316 623 3409 672 καὶ
3449 621 3756 690 θαυμάσιος

2163 708 2470 777 Ζαχαρίας,
2510 707 2538 757 ὁ
2572 705 2665 757 τοῦ
2719 704 3027 774 προδρόμου
3077 706 3289 770 πατὴρ,
3338 702 3471 754 Θεὸν
3505 703 3652 770 λέγει
3695 707 3758 756 τὸ

2165 789 2385 858 Πνεῦμα
2432 791 2490 842 τὸ
2541 790 2693 854 ἆγιον
2736 788 2796 840 τὸ
2843 787 2931 839 διὰ
2978 785 3086 837 τῶν
3135 786 3430 854 προφητῶν
3479 785 3754 858 λαλῆσαν·

2165 873 2510 938 Εὐλογητὸς
2569 874 2782 937 Κύριος
2812 873 2843 922 ό
2894 869 3029 932 Θεὸς
3069 867 3176 920 τοῦ
3211 866 3477 934 Ἰσραὴλ,
3527 869 3616 921 ὅτι
3652 871 3759 923 ἐπ’·

2162 954 2485 1020 εσκέψιιτο,
2522 954 2616 1005 καί
2649 953 2900 1016 ἐποίησε
2930 952 3233 1016 λύτρωσιν
3265 950 3343 1013 τῷ
3376 949 3504 1014 λαῷ
3532 953 3757 1004 αὐτοῦ·

2162 1037 2260 1088 καὶ
2312 1036 2506 1103 ἤγειρε
2539 1035 2716 1103 κέρας
2765 1033 3063 1101 σωτηρίας
3099 1032 3241 1099 ἡμῖν
3281 1035 3349 1085 ἐν
3382 1033 3527 1095 οἴκῳ
3575 1035 3758 1087 Δαυῒδ

2163 1121 2267 1173 τοῦ
2302 1121 2515 1184 παιδὸς
2551 1118 2766 1171 αὑτοῦ·
2803 1116 2995 1181 καθὼς
3019 1116 3292 1181 ἐλάλησε
3321 1115 3417 1169 διὰ
3457 1120 3758 1186 στόματος

2163 1203 2281 1255 τῶν
2314 1204 2516 1271 ἁγίων,
2564 1201 2681 1254 τῶν
2722 1201 2821 1254 ἀπ’
2849 1199 3066 1264 αἰῶνος
3100 1199 3423 1266 προφητῶν
3453 1202 3661 1256 αὑτοῦ.
3692 1203 3758 1254 Εἰ

2165 1287 2340 1338 τοίνυν
2382 1289 2410 1338 ό
2444 1287 2683 1355 λαλήσας
2713 1283 2799 1336 διὰ
2829 1284 3095 1351 στόματος
3127 1282 3236 1336 τῶν
3275 1283 3572 1350 προφητῶν
3602 1284 3756 1350 Θεὸς,

2163 1369 2389 1438 ἐλάλησε
2427 1369 2482 1421 δὲ
2525 1369 2585 1420 τὸ
2627 1365 2848 1436 Πνεῦμα
2877 1366 2939 1417 τὸ
2991 1367 3142 1432 ἆγιον
3186 1366 3243 1415 ἐν
3277 1367 3388 1425 τοῖς
3423 1368 3753 1434 προφήταις,

2163 1451 2237 1514 ῶς
2266 1469 2427 1521 φησιν
2447 1455 2473 1504 6
2497 1449 2656 1504 Δαυῒδ
2684 1453 2739 1502 ἐν
2765 1452 2829 1519 τῇ
2851 1447 3016 1518 βίϐλῳ
3036 1448 3143 1499 τῶν
3167 1446 3460 1501 Βασιλειῶν
3479 1464 3491 1476 ·
3513 1449 3758 1516 Πνεῦμα

2162 1535 2274 1603 γὰρ
2304 1536 2523 1599 Κυρίου
2554 1534 2861 1598 ἐλάλησεν
2890 1531 2960 1583 ἐν
2987 1531 3119 1598 ἐμοί
3137 1547 3151 1562 ·
3187 1530 3316 1592 Θεδς
3365 1530 3472 1600 ἄρα
3505 1531 3599 1582 καὶ
3641 1530 3756 1582 Κύο

2165 1635 2278 1689 ριος
2309 1618 2369 1669 τὸ
2403 1616 2624 1686 Πνεῦμα
2653 1615 2712 1667 τὸ
2740 1616 2892 1681 ἅγιον
2916 1613 2975 1665 τὸ
3001 1612 3090 1664 διὰ
3121 1612 3228 1664 τῶν
3263 1612 3558 1681 προφητῶν
3594 1612 3758 1680 φθεγ-

2165 1700 2412 1771 ξάμενον.
2440 1699 2585 1753 Λὰϐε
2608 1697 2663 1750 δέ
2698 1715 2786 1766 μοι
2818 1699 2962 1767 σαφῆ
2988 1696 3095 1748 τῶν
3125 1695 3434 1763 λεγομένων
3457 1695 3756 1761 ἀπόδειξιν.

2178 1785 2236 1835 '0
2269 1785 2409 1844 θεῖος
2447 1781 2768 1842 Ἀπόστολος
2801 1779 3120 1849 βουλόμενος
3149 1781 3212 1846 τῇ
3245 1781 3556 1848 προφητικῇ
3603 1782 3757 1849 φωνῇ

2162 1865 2331 1929 δείξαι
2361 1866 2420 1916 τὸ
2451 1862 2675 1933 Πνεῦμα
2701 1863 2762 1915 τὸ
2791 1863 2966 1929 ἅγιον,
2999 1863 3163 1930 φησὶν
3201 1863 3258 1912 ἐν
3285 1862 3351 1930 τῇ
3389 1859 3524 1929 πρὸς
3563 1862 3760 1932 Κοριν-

2164 1948 2308 2011 θίους
2363 1948 2671 2016 Ἐπιστολῇ·
2719 1945 2860 1998 Ἐὰν
2889 1943 3113 2008 πάντες
3145 1944 3586 2010 προφητεύητε,
3629 1946 3756 1996 εισ-

2161 2031 2307 2101 ἐλθῃ
2355 2030 2421 2084 δέ
2462 2048 2551 2093 τις
2591 2027 2844 2094 ἰδιώτης,
2887 2028 2924 2095 ἢ
2960 2026 3235 2091 ἄπιστος,
3281 2026 3593 2094 ἐλέγχεται
3637 2026 3757 2079 ὑπὸ

2163 2115 2423 2176 πάντων,
2454 2111 2837 2179 ἀνακρίνεται
2861 2109 2978 2164 ὑπὸ
3009 2107 3271 2170 πάντων,
3303 2108 3374 2160 τὰ
3392 2112 3625 2175 κρυπτὰ
3645 2106 3758 2174 τῆς

2164 2197 2414 2264 καρδίας
2446 2195 2629 2248 αὺτοῦ
2671 2194 2900 2261 φανερὰ
2933 2193 3189 2260 γίνεται·
3231 2191 3329 2244 καὶ
3359 2192 3512 2243 οὕτω
3550 2190 3758 2242 πεσὼν

2163 2281 2259 2333 ἐπὶ
2289 2281 2616 2347 πρόστυποι·
2642 2277 2827 2328 αὑτοῦ
2858 2274 3295 2340 προσκυνήσει,
3326 2271 3754 2339 ἀπαγγέλλων,

2163 2363 2250 2415 ὅτι
2284 2363 2464 2425 ὄντως
2502 2365 2533 2412 ό
2565 2359 2709 2424 Θεὸς
2755 2359 2823 2410 ἐν
2855 2356 2996 2423 ὑμῖν
3044 2356 3232 2408 ἐστιν.
3276 2355 3438 2425 Ὀρᾷς
3470 2356 3552 2407 ὅτι
3588 2354 3650 2406 τὸ
3695 2356 3758 2406 ἐν

2163 2448 2274 2507 τοῖς
2327 2443 2729 2514 προφητεύουσι
2779 2439 2999 2507 Πνεῦμα
3045 2437 3174 2489 Θεὸν
3218 2438 3512 2508 διαρρήδην
3559 2436 3754 2505 ἀνηγό-

2167 2544 2355 2597 ρευσεν
2381 2530 2408 2578 6
2443 2527 2541 2593 τῆς
2572 2523 2853 2584 εὐσεϐείας
2885 2521 3234 2585 διδάσκαλος;

2237 2617 2290 2662 ι’.
2325 2610 2388 2660 Τί
2419 2609 2596 2662 τοίνυν
2625 2606 2946 2675 σκανδαλίζῃ
2988 2605 3114 2673 περὶ
3146 2604 3245 2672 τὴν
3271 2601 3576 2654 εὐσέϐειαν.
3602 2602 3756 2671 alpe-

2163 2694 2311 2755 τικέ;
2351 2693 2402 2744 τί
2453 2691 2808 2758 συκοφαντεῖς
2843 2687 2937 2740 τοῦ
2985 2685 3300 2755 Πνεύματος
3343 2688 3440 2754 τὴν
3473 2685 3668 2748 ἀξίανς
3702 2683 3757 2735 τί

2164 2776 2522 2845 παραϐαίνεις
2553 2775 2652 2842 τῆς
2683 2772 2921 2834 πίστεως
2950 2771 3047 2840 τὴν
3086 2769 3413 2839 ὁμολογίαν;
3456 2766 3760 2833 Ἀνὰγνωθί

2164 2877 2257 2912 σου
2291 2860 2387 2921 τάς
2429 2857 2701 2924 συνθήκας
2744 2856 2838 2906 ἐπὶ
2882 2854 2988 2906 τῶν
3037 2852 3368 2920 μυστηρίων,
3406 2850 3525 2912 πῶς
3571 2845 3754 2911 εἶπας·

2163 2944 2428 2995 Πιστεύω
2457 2943 2542 3004 εἰς
2573 2936 2806 3004 Πατέρα
2834 2936 2932 2988 καὶ
2983 2935 3121 2988 Υίὸν
3153 2933 3252 2986 καὶ
3283 2933 3460 3000 ἅγιον
3489 2933 3756 3000 Πνεῦμα.

2167 3029 2232 3078 Ὃ
2256 3025 2603 3085 ἐπίστευσας,
2633 3019 3034 3081 ἀνεσκεύασας;
3063 3017 3090 3069 ὃ
3114 3015 3497 3086 ὡμολόγησας,
3534 3016 3760 3084 ἀνέτρεη

2160 3108 2306 3177 ψαςς
2348 3107 2374 3158 ὃ
2412 3105 2664 3174 καθαρῶς
2704 3103 3078 3169 διεσάφησας,
3128 3098 3288 3150 τοῦτο
3328 3097 3489 3149 πάλιν
3543 3099 3760 3160 ἀσεϐῶς

2162 3191 2463 3253 ἐοόλωσαςς
2511 3188 2765 3257 πολεμεῖς
2795 3187 2859 3254 τῇ
2899 3185 3129 3252 εἱρήνῃ;
3171 3181 3316 3251 μάχῃ
3353 3198 3445 3232 σου
3478 3183 3597 3243 ταῖς
3637 3197 3762 3232 συν-

2162 3274 2390 3343 θήκαις;
2428 3271 2728 3340 ἀπηρνήσω
2767 3269 2866 3336 τὴν
2914 3266 3130 3327 πίστινς
3174 3266 3266 3315 καὶ
3310 3262 3550 3329 εἰσάγεις
3588 3261 3760 3331 ζητή-

2165 3374 2302 3422 σεις;
2337 3354 2684 3410 Πιστεύοντι.
2733 3348 3084 3420 ὁμολογοῦντί
3123 3365 3203 3400 σοι
3250 3346 3524 3414 παρεδόθη
3555 3346 3616 3397 τὸ
3657 3346 3763 3396 δῶ-

2166 3457 2276 3508 ρον,
2316 3439 2409 3490 καὶ
2449 3437 2584 3505 μετὰ
2617 3435 2678 3487 τὸ
2712 3434 2882 3503 δῶρον
2929 3429 3231 3500 ἐξορίζεται
3279 3429 3485 3490 πίστις,
3521 3429 3616 3480 καί⁹
3649 3431 3761 3480 εἰσ-

2162 3525 2352 3590 άγεται
2383 3521 2648 3586 διάλεξις;
2681 3517 2773 3587 Μὴ
2805 3516 2992 3586 ὕϐριζε
3022 3514 3118 3584 τήν
3159 3512 3314 3576 ἀξῖαν
3353 3513 3448 3579 τῆς
3499 3512 3721 3580 χάριτος
3743 3529 3757 3542 ·

2166 3607 2240 3677 μὴ
2286 3605 2677 3675 παραχάραττε
2708 3602 2805 3662 τὰς
2841 3598 3113 3666 συνθήκας
3143 3597 3240 3664 τῆς
3275 3595 3511 3663 φοϐερᾶς
3543 3596 3760 3662 ἐκείνης

2162 3690 2256 3741 καὶ
2294 3685 2600 3757 φρικώδους
2659 3681 3072 3753 μυσταγωγίας.
3116 3678 3205 3730 Ἐν
3256 3678 3482 3745 ὀνόματι
3547 3677 3762 3746 Πατρὸς

2160 3770 2254 3823 καὶ
2275 3768 2404 3822 Υἱοῦ
2427 3768 2522 3820 καὶ
2547 3766 2704 3834 ἁγίου
2734 3763 2873 3817 Πνεύ
2884 3778 3050 3832 ματος
3071 3760 3431 3829 ὡμολόγησας
3455 3760 3756 3821 πιστεύειν,

2160 3850 2493 3920 ἐϐαπτίσθης
2527 3848 2728 3918 ὁμοίως
2767 3849 2846 3909 εἰς
2896 3844 3113 3915 Πατέρα
3148 3844 3240 3895 καὶ
3284 3843 3412 3893 Υἱὸν
3458 3843 3554 3893 καὶ
3602 3841 3757 3908 ἅγιον

2161 3935 2412 4005 Πνεῦμα·
2449 3936 2482 4005 ή
2529 3933 2751 3999 εὐλογία
2794 3930 2996 4000 ὁμοίως
3045 3931 3102 3980 ἐν
3144 3926 3368 3996 ὀνόματι
3406 3924 3620 3994 Πατρδς
3663 3925 3759 3978 καὶ

2161 4019 2293 4072 Υἱοῦ
2329 4019 2422 4071 καὶ
2471 4019 2628 4084 ἁγίου
2684 4016 3022 4084 Πνεύματος.
3067 4011 3229 4079 Ἡμῖν
3261 4009 3330 4060 τὰ
3394 4007 3545 4077 δῶρα
3604 4008 3759 4075 παρά

2160 4102 2259 4173 τῆς
2308 4103 2562 4172 χάριτος·
2612 4100 2706 4152 καὶ
2755 4098 2884 4167 παρ’
2926 4095 3076 4165 ὑμῶν
3111 4095 3143 4163 ή
3178 4090 3496 4161 βλασφημία
3547 4093 3615 4159 τῇ
3659 4090 3760 4173 χά-

2162 4172 2298 4257 ριτι;
2340 4184 2498 4254 Παρὰ
2530 4181 2623 4234 τοῦ
2674 4181 2833 4249 ἁγίου
2885 4178 3204 4246 Πνεύματος
3249 4177 3381 4245 ήμίν
3433 4172 3754 4257 ἐλευθερία·

2160 4255 2256 4320 καὶ
2289 4267 2416 4337 παρ’
2465 4265 2620 4335 ὑμῶν
2653 4262 2865 4315 δουλεία
2895 4261 2971 4330 τῷ
3022 4259 3336 4327 Ιινεύματι;
3375 4257 3438 4307 Ὢ
3480 4255 3580 4324 τῆς
3617 4257 3757 4308 ἁποο

2161 4352 2340 4414 νοίαςι
2373 4347 2417 4402 ὣ
2447 4350 2548 4420 τῆς
2585 4345 2976 4415 ἀγνωμοσύνης
3008 4348 3019 4396 !
3055 4345 3122 4395 “H
3158 4343 3254 4411 τὴν
3289 4342 3413 4392 νέαν
3439 4339 3759 4408 ἁπάρνησαι

2163 4433 2310 4506 [528]
2354 4434 2532 4502 χάριν,
2578 4431 2610 4500 ἢ
2647 4432 2743 4500 τὴν
2776 4428 3017 4481 Παλαιὰν
3067 4425 3360 4506 αίδέσθητι-
3387 4421 3688 4506 Διαθήκην,
3721 4420 3755 4488 ἦ

2160 4503 2433 4583 πανταχοῦ
2465 4514 2706 4582 παρίστα
2735 4512 2834 4580 τῆς
2869 4511 3030 4577 ἁγίας
3058 4507 3288 4578 Τριάδος
3313 4504 3410 4574 τὴν
3437 4503 3755 4572 ὀμοτιμίαν,

2159 4598 2233 4660 ὼς
2269 4595 2528 4657 πολλάκις
2567 4594 2657 4646 διὰ
2692 4593 2900 4645 πολλῶν
2933 4594 3060 4660 ὑμῖν
3109 4588 3401 4658 ἐγγράφων
3437 4585 3757 4656 μαρτυριῶν

2158 4679 2549 4747 ἀπεδείξαμεν·
2588 4671 2677 4738 αἷς
2712 4677 2807 4728 καὶ
2865 4676 3060 4745 ἑτέραν
3119 4671 3381 4742 βούλομαι
3433 4667 3756 4737 προσθεῖναι

2159 4763 2320 4816 πάλιν
2372 4759 2664 4824 ἀπόδειξιν.
2718 4755 3258 4828 Προαναπεφώνηται
3312 4751 3440 4820 γάρ,
3491 4749 3570 4812 ὡς
3625 4751 3755 4802 πολ-

2157 4847 2314 4909 λάκις
2359 4844 2529 4911 ἔφθην
2563 4841 2755 4902 εἰπὼν.
2787 4845 2846 4894 ὲν
2879 4844 2944 4911 τῇ
2996 4839 3208 4907 Παλαιᾷ
3242 4835 3311 4888 τὰ
3360 4835 3475 4886 νέα.
3524 4834 3590 4885 Τί
3627 4829 3752 4896 οῦν;

2158 4928 2491 4996 Προστάττει
2521 4927 2549 4977 6
2577 4925 2709 4986 Θεὸς
2734 4923 2811 4992 τῷ
2839 4924 3084 4983 Μωῦσετ,
3115 4920 3288 4986 λέγων
3309 4934 3321 4946 ·
3350 4916 3644 4982 Λάλησον
3675 4915 3756 4979 τῷ

2170 5012 2384 5079 Ἀαρὼν
2415 5011 2514 5063 καὶ
2555 5008 2678 5073 τοῖς
2711 5009 2862 5072 υἱοῖς
2899 5005 3113 5059 αὑτοῦ·
3151 5003 3349 5066 Οὕτως
3377 4998 3757 5066 εὐλογήσατε

2155 5094 2298 5159 τοὺς
2325 5093 2495 5157 υἱοὺς
2548 5089 2803 5158 Ἰσραήλ.
2833 5088 3073 5158 Πρόσεχε
3103 5085 3365 5155 ἀκριϐῶς.
3396 5083 3513 5135 Ἵνα
3556 5084 3630 5152 μή
3673 5099 3754 5144 τις

2154 5179 2342 5240 ἁπλῶς
2399 5173 2687 5228 ὑπολαϐὼν
2735 5171 2930 5242 νομίζῃ
2984 5169 3163 5233 καλῶς
3215 5169 3392 5236 ἔχειν,
3450 5163 3751 5235 προσέταξε

2152 5262 2232 5323 τὸ,
2271 5260 2488 5325 Οὕτως,
2536 5259 2622 5309 ἵνα
2660 5256 2848 5326 μηδεὶς
2889 5255 3030 5307 κατὰ
3059 5255 3158 5322 τὴν
3193 5253 3329 5305 ίδίαν
3371 5249 3622 5316 ἐξουσίαν
3653 5249 3752 5310 τὰς

2152 5343 2402 5409 εὐλογίας
2449 5341 2611 5412 φέρῃ,
2649 5339 2782 5391 ἁλλὰ
2824 5338 2963 5391 κατὰ
3000 5338 3093 5390 τὸν
3143 5337 3343 5389 κανόνα
3387 5334 3486 5402 τῆς
3525 5332 3566 5384 Γ
3571 5333 3751 5402 ραφῆς

2153 5428 2221 5480 τὰ
2260 5427 2436 5478 πάντα
2477 5426 2604 5492 ποιῇ
2674 5422 2858 5489 Λέγει,
2889 5420 3072 5484 Οὕτω,
3126 5421 3312 5490 φησὶν,
3345 5414 3746 5482 εὐλογήσατε.

2158 5511 2338 5573 Οὕτω,
2380 5507 2530 5571 πῶς;
2580 5506 2922 5574 Εὐλογήσει
2967 5519 3040 5557 σε
3077 5505 3314 5570 Κύριος,
3350 5499 3445 5551 καὶ
3487 5496 3751 5564 φυλάξει

2152 5612 2244 5647 σε.
2279 5594 2387 5645 Καὶ
2422 5591 2678 5661 πρόσεχε,
2713 5590 2828 5651 πῶς
2867 5587 3142 5658 πανταχοῦ
3171 5587 3268 5654 τὴν
3307 5581 3515 5651 Τριάδα
3553 5597 3747 5650 μυστιη

2152 5677 2262 5739 κῶς
2299 5675 2536 5741 εἰσάγει,
2582 5675 2648 5726 δι’
2687 5667 2753 5744 ἦς
2799 5675 2890 5726 καὶ
2941 5671 3178 5738 εὐλογίαι
3227 5663 3738 5738 τριπλασιάζονται.

2143 5757 2484 5827 Εὐλογήσει
2525 5773 2600 5810 σε
2647 5759 2884 5825 Κύριος,
2934 5755 3032 5808 καὶ
3065 5751 3322 5822 φυλάξει
3362 5766 3454 5803 σε.
3502 5750 3740 5816 Ἐπιςεαο

2154 5844 2249 5900 νεῖ
2273 5845 2486 5909 Κύριος
2517 5859 2581 5895 το
2608 5842 2933 5908 πρόσωπον
2965 5837 3149 5894 αὑτοῦ
3178 5836 3274 5889 ἐπί
3307 5833 3400 5900 σὲ,
3432 5832 3530 5888 καὶ
3569 5833 3737 5886 £6.10-
