3984 6404
154 390 271 445 513

172 509 391 562 nionem
437 517 557 579 pars
602 504 770 572 major
806 501 1045 563 haberet,
1096 498 1169 549 ait
1213 495 1344 549 illis:
1390 493 1549 556 Quem
1593 488 1761 542 dicitis

170 616 279 651 esse
322 596 612 650 Christum?
667 595 812 662 cujus
863 591 998 659 [ilius
1049 598 1117 641 est
1171 580 1402 655 (Matth.
1453 583 1542 636 22.
1598 580 1757 647 42)?

172 687 522 758 Respondent
547 686 734 740 scriba:
756 692 808 737 et
832 680 1105 742 Phariszei,
1134 674 1313 729 David.
1342 674 1475 726 llinc
1503 672 1758 725 Dominus

169 794 360 831 corum
397 774 771 829 contradicens
804 768 1039 837 Opinioni
1063 808 1077 829 ,
1112 780 1295 819 rursus
1323 763 1518 815 infert:
1550 777 1568 809 ε
1608 761 1755 823 Quo~

171 869 335 923 modo
376 864 545 920 David
597 866 647 916 in
685 862 885 932 Spiritu
924 869 1108 911 sancto
1138 864 1290 907 vocat
1329 867 1447 905 eum
1478 850 1756 902 Dominum

174 962 394 1021 dicens,
429 957 571 1010 Dixit
615 955 868 1007 Dominus
898 949 1122 1003 Domino
1152 960 1271 999 meo
1303 986 1315 1007 ,
1344 942 1470 996 sede
1500 957 1528 994 a
1555 940 1757 994 dextris

172 1054 309 1105 meis
355 1070 372 1101 ι
408 1052 424 1117 (
462 1049 598 1101 Ibid.
622 1063 668 1099 υ.
705 1047 795 1099 45.
830 1044 897 1097 44
922 1042 990 1111 )?
1038 1039 1169 1094 Illud
1217 1052 1373 1105 porro
1402 1077 1417 1100 ,
1450 1032 1516 1086 In
1560 1032 1759 1100 Spiritu

173 1151 348 1195 sancto
382 1181 393 1202 ,
426 1140 618 1207 adjecit
649 1178 663 1201 ,
705 1150 809 1188 non
840 1141 895 1185 ut
926 1132 1178 1199 Spiritum
1226 1141 1435 1180 servum
1464 1123 1761 1177 declararet

174 1231 398 1292 Christi,
430 1231 516 1298 qui
549 1224 936 1296 przedicabatur
962 1261 976 1285 ,
1009 1220 1101 1273 sed
1125 1226 1181 1271 ut
1205 1218 1377 1287 palam
1406 1215 1713 1268 ostenderet
1743 1254 1756 1276 ,

173 1322 491 1391 prophetam
517 1322 568 1371 in
593 1316 791 1382 Spiritu
818 1320 1004 1366 sancto
1037 1309 1209 1363 futura
1241 1305 1619 1375 pr:evidentem
1643 1343 1658 1367 ,
1694 1304 1754 1353 ii-

178 1414 306 1465 limn
334 1426 487 1463 suum
518 1407 808 1463 secundum
831 1416 1046 1457 carnem
1076 1400 1357 1452 Dominmn
1387 1393 1630 1449 conﬁteri
1670 1407 1758 1446 se-

176 1505 409 1559 cundum
440 1503 514 1556 rei
536 1501 835 1554 veritatem.
865 1496 1046 1563 Neque
1076 1492 1214 1546 enim
1242 1490 1307 1542 de
1330 1487 1527 1557 Spiritu
1555 1494 1758 1545 sancto,

177 1598 267 1663 qui
289 1596 451 1650 etiam
477 1593 730 1646 Dominus
766 1596 849 1642 est
882 1627 896 1649 ,
928 1584 1152 1653 quzestio
1182 1590 1295 1635 erat
1326 1620 1341 1645 ,
1387 1577 1477 1632 sed
1509 1577 1576 1630 de
1604 1577 1715 1644 ipso
1744 1590 1758 1629 :

177 1703 243 1740 an
275 1686 481 1740 scilicet
503 1681 666 1737 David
688 1680 849 1733 ﬁlium
878 1676 1096 1730 haberet
1120 1672 1425 1734 Dominum,
1455 1685 1519 1722 an
1548 1666 1763 1721 herum?

177 1777 316 1832 Sane
347 1775 602 1828 Dominus
643 1770 1019 1826 haereticorum
1062 1763 1467 1835 sycophantiam
1518 1761 1609 1815 diu
1638 1767 1763 1813 ante

177 1867 459 1922 confutans
490 1904 504 1929 ,
548 1863 882 1932 Spiritusqne
947 1857 1117 1913 sancti
1179 1854 1487 1924 dignitatem
1540 1852 1761 1905 illmsam

180 1973 507 2014 conservans
539 1998 552 2018 ,
584 1954 887 2023 objectione
936 1949 1354 2004 controversiam
1402 1945 1578 1997 solvit.
1624 1943 1759 2010 Quid

178 2067 304 2121 ergo
336 2052 410 2104 ait
435 2068 447 2105 :
484 2050 541 2103 Si
571 2064 688 2117 ergo
712 2044 878 2098 David
901 2051 1041 2095 vocat
1062 2056 1173 2092 eum
1200 2038 1487 2098 Dominum,
1510 2036 1759 2104 quomodo

180 2147 314 2213 ﬁlius
346 2146 453 2212 ejus
484 2141 600 2194 est?
648 2138 763 2191 Non
793 2136 926 2190 dixit
955 2176 971 2200 ,
1006 2132 1059 2187 Si
1110 2145 1238 2199 ergo
1267 2129 1497 2198 Spiritus
1547 2138 1762 2180 Sanctus

180 2245 331 2289 voeat
356 2249 478 2286 cum
512 2230 814 2291 Dominum,
846 2228 961 2287 sed,
996 2225 1057 2278 Si
1087 2223 1251 2275 David
1277 2230 1418 2273 vocat
1442 2236 1553 2271 eum
1588 2218 1761 2270 Domi-

179 2346 318 2381 num.
349 2327 457 2379 Cur
496 2341 620 2393 ergo
650 2321 853 2375 addidit
880 2317 1006 2371 illud
1038 2359 1050 2381 ,
1099 2316 1162 2368 In
1191 2314 1389 2382 Spiritu
1424 2320 1596 2365 sancto
1624 2318 1763 2361 vocat

181 2436 289 2472 eum
319 2415 638 2470 Dominum?
669 2412 929 2480 Quoniam
964 2408 1030 2462 de
1072 2407 1284 2462 Christo
1311 2412 1434 2456 ante
1476 2402 1759 2455 adventum

180 2510 374 2565 Christi
404 2509 582 2562 dicere
607 2522 710 2559 non
743 2513 855 2558 erat
887 2500 1126 2568 corporis
1154 2498 1407 2550 intuentis
1432 2536 1444 2556 ,
1476 2495 1567 2547 sed
1592 2494 1761 2560 Spiri-

181 2611 261 2653 tus
293 2599 462 2653 sancti
507 2592 991 2666 prarsigniﬁcantis.
1024 2590 1205 2657 Neque
1235 2587 1375 2639 enim
1401 2601 1519 2654 qme
1551 2585 1762 2635 vitlelml

181 2692 343 2747 David
373 2732 386 2753 ,
416 2688 734 2759 pra-dicabat
759 2703 775 2750 ;
805 2684 897 2738 sed
927 2698 1044 2751 qua:
1067 2681 1297 2749 Spiritus
1325 2686 1540 2731 sanctus
1566 2691 1761 2743 sugge-

179 2785 348 2846 rebat,
382 2784 494 2835 hxc
524 2796 614 2848 per
641 2777 970 2847 spiritualein
1004 2774 1170 2841 lyram
1194 2771 1451 2840 pulsabat.
1482 2768 1604 2820 Ideo
1637 2765 1759 2819 illud

178 2876 372 2942 adjecit
406 2913 420 2936 ,
457 2873 709 2924 Dominus
744 2909 757 2931 ,
809 2866 1072 2933 Quomodo
1099 2862 1259 2915 David
1287 2862 1338 2913 in
1370 2860 1564 2927 Spiritu
1590 2868 1763 2909 sancto

177 2976 318 3017 uocat
340 2980 453 3017 eum
485 2960 796 3015 Dominum?
824 2957 900 3011 Ne
924 2971 1048 3010 vero
1073 2953 1350 3007 luereticus
1378 2949 1761 3016 blasphemiam

179 3056 435 3110 adversus
452 3056 703 3124 Spiritum
735 3059 975 3105 sanctum
1000 3046 1195 3110 trahat,
1220 3042 1415 3111 adjecit
1441 3054 1675 3103 rursum,
1708 3048 1762 3090 ut

178 3150 433 3214 diximus,
460 3147 517 3201 Si
544 3161 660 3215 ergo
681 3143 844 3196 David
872 3148 1013 3193 vocat
1042 3152 1154 3190 eum
1182 3134 1475 3193 Dominum,
1510 3128 1757 3198 quomodo

181 3242 319 3309 [ilius
337 3243 448 3309 ejus
463 3249 534 3290 est
559 3237 583 3289 2’
616 3235 775 3304 Igitur
800 3231 960 3284 David
978 3226 1246 3281 Christum
1277 3224 1328 3276 in
1353 3222 1553 3289 Spiritu
1578 3228 1762 3273 sancto

180 3340 336 3384 vocat
362 3328 663 3381 Dominum.
700 3322 831 3376 Illud
861 3334 985 3372 vero
1007 3317 1338 3385 potissimum
1363 3312 1763 3369 consideremus

180 3436 395 3476 onmem
416 3416 727 3487 prophetam
746 3428 809 3467 ex
839 3410 1035 3478 Spiritu
1054 3414 1235 3460 sancto
1261 3446 1274 3466 ,
1296 3419 1412 3472 qua:
1445 3402 1763 3454 conveniant

180 3511 345 3580 loqui.
370 3507 569 3563 Omnes
599 3506 739 3559 enim
780 3500 1096 3556 conﬁtemur
1120 3537 1134 3558 ,
1163 3496 1450 3564 prOphetas
1481 3492 1533 3544 in
1564 3491 1761 3559 Spiritu

178 3611 364 3656 sancto
383 3600 630 3667 loquutus
651 3610 770 3651 esse
795 3636 809 3660 ,
840 3594 996 3662 idque
1018 3589 1301 3660 Apostolus
1337 3587 1647 3640 testiﬁcatur
1683 3584 1765 3636 di-

180 3708 333 3756 cens,
393 3709 410 3741 ι
447 3691 589 3742 Bene
613 3686 840 3755 Spiritus
868 3692 1084 3736 sanctus
1107 3682 1355 3748 loquutus
1386 3686 1467 3731 est
1496 3677 1559 3729 ad
1590 3685 1765 3744 patres

180 3794 391 3839 vestros
422 3798 517 3850 per
540 3778 850 3848 prophetam
887 3795 903 3826 ι
935 3775 1065 3844 (Act.
1100 3773 1187 3825 28.
1219 3771 1333 3839 25.)
1364 3771 1424 3823 Et
1456 3771 1643 3823 iterum
1676 3784 1767 3837 ge-

181 3879 405 3929 neratim
432 3873 573 3926 Deus
600 3871 674 3923 ait
704 3886 716 3923 :
753 3887 769 3919 ί
803 3866 1079 3921 Effundam
1117 3865 1184 3917 de
1214 3863 1409 3932 Spiritu
1451 3876 1569 3914 meo
1606 3875 1768 3928 super

180 3980 395 4019 omnem
425 3978 662 4021 carnem,
682 3971 738 4014 et
762 3957 1152 4028 prophetabunt
1189 3974 1206 4005 ι
1241 3956 1255 4021 (
1282 3953 1417 4006 Joet.
1448 3952 1501 4005 ‘2.
1532 3949 1653 4016 28).
1701 3952 1767 4004 Et

177 4057 410 4128 Moyses,
439 4072 455 4103 t
483 4054 611 4118 Quis
631 4051 1001 4105 dabitomnem
1037 4047 1284 4116 pepulum
1313 4044 1514 4096 Domini
1542 4043 1768 4110 prophe-

179 4159 260 4201 tas
291 4161 435 4209 esse,
458 4159 574 4197 cum
616 4142 817 4195 dederit
859 4139 1112 4193 Dominus
1140 4137 1389 4204 Spiritum
1422 4150 1571 4187 suum
1605 4149 1767 4200 super

188 4246 365 4309 ipsos»
388 4237 571 4308 (Num.
598 4238 680 4290 il.
707 4234 832 4303 29)?
863 4233 957 4287 Hic
973 4229 1616 4298 attendamnsdiligenter.
1637 4242 1769 4296 quo-

180 4331 573 4399 modoSpiritus
589 4326 754 4381 sancti
771 4325 1015 4379 divinitas
1032 4324 1550 4382 demonstretur,non
1569 4336 1596 4372 a
1617 4321 1768 4372 nobis

181 4428 434 4485 cxaltata,
452 4422 541 4475 sed
558 4438 585 4473 a
610 4421 819 4489 propria
838 4416 1088 4485 dignitate
1105 4415 1387 4469 celebrata.
1404 4412 1633 4481 Mihique
1648 4426 1767 4465 con-

181 4519 357 4571 cedite
382 4524 440 4567 ut
456 4512 863 4581 interrogatione
878 4520 930 4564 et
945 4507 1289 4578 responsione
1306 4520 1416 4560 rem
1440 4504 1764 4572 prepositam

183 4617 407 4661 tractem
437 4622 449 4659 :
482 4602 779 4671 lmjusmodi
811 4602 951 4653 enim
984 4600 1364 4668 quaestionibus
1395 4596 1600 4649 facilior
1642 4611 1767 4649 CH!-

184 4698 262 4750 dit
284 4696 565 4749 dubiorum
596 4692 807 4746 solutio.
838 4691 1229 4758 lnterrogemus
1261 4702 1386 4755 ergo
1407 4706 1419 4744 ;
1444 4686 1763 4738 Ρηιι-ιιιιιιηιρ

187 4789 447 4856 Spiritum
474 4794 714 4838 sanctum
742 4785 1018 4851 loquutum
1050 4796 1169 4835 esse
1200 4795 1291 4847 per
1335 4782 1620 4847 prophetas
1654 4820 1665 4837 ,
1698 4795 1761 4829 an

187 4886 384 4948 negant
406 4918 421 4941 ,
466 4877 549 4928 vel
580 4875 823 4928 dubitant
850 4875 873 4927 ?
899 4872 953 4927 Si
996 4872 1240 4925 dubitant
1270 4912 1285 4934 ,
1320 4884 1435 4937 quae
1476 4880 1600 4921 ante
1625 4870 1761 4919 dicta

186 4977 310 5023 sunt
348 4968 399 5019 in
432 4966 740 5018 memoriam
785 4976 1097 5017 revocemus
1126 5002 1139 5025 ,
1170 4959 1438 5029 quomodo
1484 4958 1593 5025 ipse
1630 4959 1764 5009 heus

188 5058 504 5113 testiﬁcatur
528 5056 711 5109 dicens
745 5096 759 5119 ,
808 5052 1082 5118 Effundam
1126 5052 1187 5104 de
1226 5052 1423 5118 Spiritu
1470 5065 1575 5100 meo
1615 5064 1764 5113 super

188 5164 385 5201 omnem
414 5161 613 5196 carnem
643 5181 676 5209 ,.
701 5154 745 5197 et
774 5144 1139 5211 prophetabunt
1169 5143 1192 5193 ?
1219 5141 1444 5209 Spiritus
1472 5140 1613 5192 enim
1645 5153 1765 5207 pro-

188 5238 454 5305 pheticam
502 5234 749 5287 virtutem
796 5234 1014 5287 excitat.
1068 5232 1156 5285 Sic
1203 5242 1251 5285 et
1308 5232 1393 5284 ille
1439 5229 1761 5282 admirabilis

188 5329 396 5400 Moyses
424 5368 437 5389 ,
490 5334 546 5379 ut
592 5325 836 5378 ostendat
880 5324 1209 5392 pr0phetiam
1252 5338 1315 5376 ex
1342 5322 1538 5389 Spiritu
1578 5331 1761 5373 sancte

190 5419 453 5486 proﬁcisci
482 5428 534 5471 et
560 5416 831 5481 constitui,
854 5416 903 5467 in
929 5417 1065 5468 hanc
1089 5430 1331 5483 magnam
1352 5414 1758 5480 mirabilemque

192 5511 363 5578 erupit
392 5523 574 5562 vocem
607 5525 621 5565 :
658 5526 675 5557 ‹
710 5508 773 5559 Et
808 5508 923 5575 quis
957 5505 1101 5559 dabit
1135 5520 1345 5558 omnem
1380 5504 1625 5572 populum
1658 5504 1762 5555 Do-

192 5599 319 5652 mini
350 5599 636 5668 prophetas
655 5612 773 5651 esse
794 5638 808 5659 ,
832 5612 951 5649 cum
982 5596 1187 5649 dederit
1224 5596 1477 5647 Dominus
1506 5596 1757 5662 Spiritum

193 5698 428 5743 sanctum
464 5704 615 5742 suum
643 5703 801 5757 super
823 5702 913 5740 eos
929 5688 951 5738 ’ἶ
982 5705 998 5731 ι
1034 5686 1087 5739 Si
1117 5696 1291 5738 autem
1323 5700 1446 5738 vere
1468 5686 1761 5739 conﬁtean-

194 5789 275 5835 tur
290 5781 341 5835 id
374 5781 513 5851 quod
541 5781 875 5836 verissimum
900 5787 1000 5845 est,
1032 5793 1218 5847 nempe
1241 5776 1492 5844 Spiritum
1524 5785 1761 5834 sanctum

1395 379 1480 431 DE
1520 373 1881 430 SERPENTE
1921 377 2217 435 HOMIIJA.

3327 394 3442 453 514

1868 490 2142 561 loquutum
2170 510 2291 551 esse
2322 503 2371 549 to
2399 496 2691 566 pmphetis,
2721 497 2842 552 audi
2869 508 2925 553 ut
2948 499 3134 555 beatus
3156 501 3243 558 ille
3267 505 3447 559 admi-

1866 584 2167 653 randusque
2197 585 2503 654 Zacharias,
2534 588 2885 645 Praecursoris
2903 600 3076 659 pater,
3111 592 3273 649 Deum
3302 596 3445 651 dicat

1867 673 2125 742 Spiritum
2151 686 2390 730 sanctum
2414 720 2426 742 ,
2452 680 2539 747 qui
2579 694 2674 746 per
2715 680 3003 748 prophetas
3045 682 3293 751 loquutus
3320 694 3402 739 est
3426 702 3443 742 ζ

1873 783 1890 815 ‹
1922 765 2239 820 Benedictus
2263 768 2515 821 Dominus
2545 770 2685 822 Deus
2711 768 2870 823 Israel
2899 812 2911 830 ,
2943 772 3062 839 quia
3092 772 3324 827 visitavit
3348 814 3361 837 ,
3392 784 3448 829 et

1868 858 1992 911 fecit
2014 858 2433 926 redemptionem
2458 860 2625 926 plebis
2653 874 2760 912 sua:
2801 876 2813 921 ;
2846 870 2898 912 et
2926 862 3099 914 erexit
3125 877 3289 915 cornu
3308 864 3449 917 salu-

1870 948 1935 1000 tis
1964 948 2120 1001 nobis
2146 948 2198 1000 in
2225 949 2383 1001 domo
2414 949 2578 1001 David
2608 950 2753 1017 pueri
2779 951 2857 1003 sui
2886 966 2899 1003 :
2927 951 3063 1004 sicut
3097 951 3345 1020 loquutus
3361 963 3444 1007 est

1867 1052 1962 1106 per
2001 1053 2062 1091 os
2103 1048 2408 1092 sanctorum
2445 1079 2458 1101 ,
2489 1038 2578 1107 qui
2612 1054 2639 1091 a
2675 1041 2871 1093 smculo
2910 1052 3032 1094 sunt
3066 1043 3444 1110 pr0phetarum

1868 1129 1984 1197 ejus
2012 1147 2031 1179 ι
2063 1128 2213 1200 (Luc.
2249 1131 2299 1187 1.
2331 1129 2543 1202 68-70).
2590 1130 2646 1184 Si
2675 1146 2799 1199 ergo
2823 1131 2958 1184 Deus
2986 1141 3087 1197 est,
3114 1133 3219 1196 ille,
3240 1135 3327 1202 qui
3358 1150 3451 1203 per

1868 1232 1929 1272 os
1968 1219 2348 1287 prophetarum
2378 1221 2628 1290 loquutus
2651 1230 2734 1274 est
2761 1261 2776 1285 ,
2809 1230 2863 1274 et
2890 1222 3118 1288 Spiritus
3147 1233 3364 1278 sanctus
3398 1226 3448 1276 in

1870 1308 2143 1377 pr0phetis
2170 1309 2418 1378 loquutus
2448 1319 2560 1374 est,
2613 1319 2670 1362 ut
2694 1312 2767 1363 ait
2796 1311 2954 1363 David
3000 1312 3051 1364 in
3086 1312 3222 1366 libro
3251 1313 3452 1384 Regno-

1872 1413 1993 1451 rum
2034 1413 2048 1451 :
2084 1399 2309 1466 Spiritus
2339 1402 2466 1452 enim
2495 1400 2743 1453 Dominus
2773 1403 3008 1466 loquutus
3038 1412 3108 1455 est
3153 1404 3204 1455 in
3251 1420 3325 1457 me
3354 1404 3449 1472 (9..

1873 1488 2003 1557 Reg.
2050 1489 2138 1542 ‘23.
2169 1490 2204 1542 2
2229 1490 2247 1557 )
2274 1506 2288 1549 ;
2320 1505 2446 1559 ergo
2476 1500 2530 1544 et
2576 1490 2712 1544 Deus
2742 1503 2794 1544 et
2822 1492 3082 1547 Dominus
3114 1504 3195 1549 est
3222 1494 3450 1565 Spiritus

1871 1587 2085 1632 sanctus
2113 1579 2200 1647 qui
2231 1594 2326 1648 per
2356 1580 2645 1647 prophetas
2676 1582 2927 1649 loquutus
2955 1591 3055 1635 est.
3107 1583 3304 1637 Verum
3333 1586 3445 1639 cla.

1873 1684 1986 1723 ram
2010 1668 2168 1738 hujus
2200 1670 2277 1724 rei
2305 1669 2815 1724 demonstrationem
2844 1673 3047 1741 accipe.
3085 1675 3299 1728 Divinus
3327 1692 3447 1745 apo-

1872 1761 2038 1814 stolus
2056 1775 2151 1829 per
2167 1761 2527 1829 propheticam
2548 1776 2731 1814 vocem
2748 1762 2930 1816 volens
2946 1764 3197 1831 Spiritum
3216 1776 3453 1821 sanctum

1871 1851 2155 1905 ostendere
2183 1890 2198 1913 ,
2245 1852 2297 1904 in
2344 1851 2567 1919 epistola
2593 1852 2656 1905 ad
2680 1850 2984 1906 Corinthios
3007 1854 3079 1905 ait
3108 1869 3122 1906 :
3150 1871 3168 1904 ‹
3199 1855 3250 1906 Si
3274 1866 3450 1909 autem

1872 1957 2061 1997 omnes
2087 1942 2410 2013 prophetcnt
2440 1986 2454 2009 ,
2505 1946 2667 1997 intret
2694 1953 2871 1998 autem
2904 1946 3022 2012 quis
3061 1946 3290 2000 infidelis
3321 1988 3336 2012 ,
3375 1948 3455 2003 vel

1872 2033 2031 2087 ixliota
2055 2076 2068 2097 ,
2108 2036 2441 2086 convincitur
2470 2035 2536 2085 ab
2561 2034 2805 2087 omnibus
2837 2074 2852 2098 ,
2899 2034 3220 2101 dijmlicatur
3245 2038 3310 2090 ab
3341 2053 3452 2090 om-

1873 2125 2030 2178 nibus
2058 2141 2071 2188 ;
2101 2127 2306 2178 occulta
2336 2126 2513 2179 cordis
2543 2126 2658 2193 ejus
2691 2128 2966 2180 manifesta
3004 2127 3135 2181 ﬁunt
3161 2146 3172 2182 :
3198 2138 3251 2182 et
3278 2130 3344 2182 ita
3368 2145 3454 2183 ca-

1872 2214 2006 2269 dens
2038 2216 2090 2267 in
2131 2216 2322 2269 faciem
2368 2216 2658 2281 adorabit,
2715 2218 3066 2284 pronuntians
3094 2261 3107 2281 ,
3147 2220 3286 2287 quod
3329 2236 3455 2274 vere

1879 2307 2018 2360 Deus
2045 2307 2095 2359 in
2123 2307 2272 2361 vobis
2304 2308 2371 2360 sit
2407 2325 2425 2358 ›
2466 2310 2540 2376 (1.
2576 2307 2691 2360 Cor.
2729 2309 2811 2361 14.
2843 2307 2933 2360 24.
2957 2309 3069 2375 25).
3105 2308 3264 2363 Vides
3298 2310 3458 2378 pieta-

1875 2398 1940 2451 tis
1965 2398 2238 2452 doctorem
2266 2399 2409 2452 clare
2440 2399 2692 2464 indicare,
2724 2398 2976 2468 Spiritum
3010 2401 3061 2453 in
3087 2401 3452 2469 prophetanti-

1873 2487 1972 2540 bus
1993 2487 2291 2555 loquentem
2325 2489 2488 2540 Deum
2522 2503 2639 2542 esse
2668 2490 2689 2539 ?

1946 2577 2031 2630 l0.
2075 2578 2181 2631 Cur
2201 2593 2329 2645 ergo
2363 2620 2376 2643 ,
2412 2578 2662 2633 haeretice
2692 2622 2704 2644 ,
2739 2580 3114 2634 scandalizaris
3144 2582 3282 2635 circa
3318 2583 3455 2651 piam

1872 2665 2030 2719 ﬁdem
2063 2667 2085 2719 ?
2112 2682 2206 2720 cur
2232 2668 2574 2722 ealunmiaris
2618 2669 2845 2737 Spiritus
2884 2672 3054 2722 sancti
3098 2672 3406 2739 dignitatem
3434 2674 3455 2725 ?

1872 2774 1967 2813 cur
1996 2758 2119 2812 ﬁdei
2150 2760 2537 2815 confessionem
2568 2762 2992 2828 transgrederis?
3020 2763 3161 2827 Lege
3191 2773 3338 2829 pacta
3370 2775 3453 2817 tua

1874 2849 1926 2901 in
1954 2850 2222 2918 mysteriis
2250 2851 2440 2904 emissa
2464 2892 2478 2915 ,
2510 2852 2773 2919 quomodo
2799 2851 2999 2906 dixeris
3028 2894 3042 2916 ,
3079 2851 3237 2905 Credo
3265 2856 3315 2905 in
3348 2853 3451 2906 Pa-

1874 2949 2000 2992 trem
2028 2950 2073 2992 et
2105 2938 2297 2991 Filium
2327 2951 2373 2992 et
2400 2940 2649 3007 Spiritum
2667 2952 2912 2992 sanctum.
2953 2945 3028 2994 An
3054 2944 3191 3009 quod
3224 2943 3421 2997 credidi
3444 2976 3456 2986 ο

1873 3030 1939 3083 sti
1972 3069 1987 3093 ,
2030 3029 2313 3082 eliminasti
2344 3030 2367 3082 ?
2408 3029 2547 3099 quod
2593 3030 2867 3084 confessus
2906 3047 2982 3095 es,
3019 3035 3290 3086 avertisti?
3316 3036 3455 3104 quod

1876 3122 2047 3189 palam
2077 3121 2354 3175 declarasti
2392 3164 2406 3184 ,
2440 3122 2540 3176 hoc
2564 3124 2725 3192 impie
2764 3123 3089 3177 labefactasti
3120 3126 3141 3178 ?
3190 3126 3455 3181 bellumne

1874 3226 1995 3265 cum
2025 3227 2153 3280 pace
2179 3213 2319 3280 geris
2351 3213 2372 3264 ?
2411 3213 2753 3281 abnegastine
2805 3215 3004 3267 ﬁdem?
3043 3225 3096 3267 et
3139 3217 3458 3283 qua'stiOnes

1873 3317 2057 3357 moves
2082 3303 2106 3355 ‘i
2130 3303 2400 3366 Credenti,
2430 3303 2697 3358 conﬁtenti
2731 3305 2819 3357 tibi
2851 3304 3097 3357 traditum
3126 3315 3205 3359 est
3236 3306 3455 3369 donum,

1876 3401 1929 3446 et
1959 3401 2078 3461 post
2108 3394 2303 3446 donum
2343 3394 2474 3447 ﬁdes
2503 3394 2826 3455 eliminatur,
2856 3404 2908 3446 et
2938 3394 3203 3448 inducitur
3227 3397 3455 3465 disputa-

1877 3484 1993 3537 tio?
2031 3483 2109 3538 Ne
2155 3485 2477 3539 contumelia
2532 3484 2735 3538 afﬁcias
2774 3485 3084 3553 dignitatem
3135 3487 3354 3553 gratia}:
3391 3504 3457 3540 ne

1874 3574 2041 3629 violes
2070 3584 2221 3645 pacta
2245 3576 2535 3630 tremendae
2556 3576 2696 3629 illius
2725 3584 2777 3629 et
2804 3576 3082 3630 horrenda:
3101 3578 3409 3633 initiationis
3439 3621 3454 3644 ,

1876 3681 1996 3720 cum
2019 3666 2294 3722 confessus
2324 3682 2385 3722 es
2418 3678 2466 3721 te
2496 3668 2733 3732 credere,
2768 3668 2819 3721 in
2849 3668 3061 3721 nomine
3092 3669 3260 3722 Patris
3282 3681 3331 3721 et
3364 3671 3456 3723 Fi-

1876 3758 1929 3810 lii
1957 3768 2008 3811 et
2038 3758 2265 3825 Spiritus
2280 3759 2469 3819 sancti,
2503 3758 2795 3826 baptizatus
2816 3774 2873 3811 es
2896 3760 3141 3812 similiter
3166 3759 3219 3812 in
3246 3760 3455 3813 Patrem

1877 3857 1928 3900 et
1955 3847 2147 3900 Filium
2180 3856 2233 3900 et
2272 3848 2523 3916 Spiritum
2553 3858 2791 3901 sanctum
2829 3865 2842 3910 ;
2886 3849 3185 3903 benediCIio
3215 3851 3457 3904 similiter

1876 3938 1929 3992 in
1965 3940 2180 3993 nomine
2210 3940 2381 3993 Patris
2425 3950 2477 3993 et
2522 3940 2641 3994 Filii
2686 3948 2739 3994 et
2785 3940 3014 4009 Spiritus
3058 3942 3248 3994 sancti.
3296 3942 3459 3997 Nobis

1877 4029 2014 4083 dona
2043 4030 2223 4099 gratia:
2256 4071 2269 4093 ,
2299 4044 2325 4082 a
2360 4031 2509 4084 vobis
2539 4030 2863 4098 blasphemia
2913 4032 2961 4083 in
2994 4033 3214 4100 gratiam
3242 4033 3264 4084 ?
3294 4033 3457 4087 Nobis

1878 4118 2093 4172 libertas
2136 4134 2163 4171 a
2196 4119 2396 4187 Spiritu
2438 4129 2664 4182 sancto;
2712 4135 2741 4171 a
2779 4120 2928 4173 vobis
2972 4122 3201 4174 servitus
3243 4123 3459 4191 Spiritui

1877 4217 2061 4262 sancto
2080 4209 2396 4263 adscribitur
2421 4212 2442 4261 ‘t
2463 4209 2506 4263 Ο
2524 4210 2796 4263 stultitiam
2822 4211 2833 4263 !
2858 4226 2889 4264 o
2912 4212 3172 4280 ingratum
3200 4214 3457 4268 animum!

1878 4299 1980 4353 Aut
2023 4315 2217 4352 novam
2260 4315 2390 4368 nega
2422 4302 2645 4368 gratiam
2682 4342 2696 4365 ,
2727 4310 2818 4354 aut
2860 4302 3020 4356 Vetus
3056 4303 3459 4359 Testamentum

1878 4406 2159 4455 reverere,
2188 4393 2272 4446 vel
2322 4392 2515 4462 ubique
2561 4403 2733 4447 statue
2779 4394 3052 4449 Trinitatis
3101 4396 3457 4464 aequalitatem

1880 4484 2099 4538 honoris
2122 4526 2134 4547 ,
2164 4498 2321 4551 quam
2353 4499 2491 4552 smpe
2515 4484 2663 4537 vobis
2686 4500 2748 4538 ex
2779 4486 2959 4537 nmltis
2989 4484 3278 4553 Scriptura:
3304 4487 3455 4538 testi-

1879 4579 2072 4630 moniis
2125 4577 2461 4645 probavimus
2497 4594 2507 4629 :
2539 4576 2728 4644 quibus
2756 4576 2912 4629 aliam
2945 4575 3453 4631 demonstrationem

1879 4669 2168 4736 adjungere
2208 4670 2394 4734 placet.
2420 4664 2584 4729 Nova,
2618 4678 2675 4718 ut
2705 4682 2845 4734 saepe
2874 4666 3002 4730 dixi,
3034 4681 3176 4734 saepe
3202 4668 3251 4720 in
3280 4668 3455 4723 Veteri

1879 4761 2222 4813 Testamento
2250 4760 2599 4828 praenuntiata
2629 4768 2775 4811 sunt.
2806 4760 2939 4825 Quid
2977 4759 3133 4826 igitur
3160 4759 3182 4811 ΣΡ
3232 4760 3457 4828 Imperat

1880 4852 2021 4905 Deus
2051 4851 2213 4921 Moysi
2246 4851 2464 4904 dicens:
2494 4848 2721 4916 Loquere
2752 4852 2920 4902 Aaron
2952 4862 2997 4903 et
3045 4852 3163 4917 ﬁliis
3191 4854 3297 4922 ejus
3320 4895 3331 4916 ,
3368 4854 3455 4906 Sic

1879 4944 2145 4997 benedicite
2169 4944 2303 5010 ﬁlios
2335 4941 2497 4995 Israel
2524 4940 2711 5011 (Num.
2743 4942 2794 4994 6.
2827 4942 2939 5010 25).
2972 4943 3202 4997 Advorte
3232 4942 3457 5013 diligen-

1880 5046 1979 5089 ter.
2004 5035 2079 5088 Ne
2101 5035 2217 5103 quis
2244 5035 2537 5103 simplicius
2564 5034 2833 5102 accipiens
2866 5044 3073 5101 putaret
3101 5050 3211 5088 rem
3241 5052 3461 5105 quomo-

1877 5127 2233 5182 dolibctbene
2258 5142 2316 5181 se
2345 5127 2539 5179 habere
2568 5166 2582 5189 ,
2633 5124 2825 5191 adjecit
2862 5124 2987 5177 illud
3016 5166 3030 5188 ,
3078 5124 3166 5179 Sic
3191 5165 3205 5189 ,
3241 5142 3305 5179 ne
3333 5128 3452 5194 quis

1878 5222 2088 5290 propria
2116 5219 2425 5273 auctoritate
2452 5215 2848 5270 benedictiones
2897 5216 3215 5274 institueret.
3245 5218 3338 5269 scd
3367 5233 3447 5269 se-

1877 5312 2107 5365 eimdum
2139 5310 2424 5378 Scriptura:
2456 5310 2690 5377 regulam
2722 5310 2899 5361 omnia
2933 5308 3106 5361 facere
3132 5308 3306 5376 jubet.
3341 5310 3448 5373 Sic,

1878 5404 2071 5472 inquit,
2104 5403 2391 5455 benedicitc.
2429 5400 2537 5461 Sic,
2570 5399 2884 5468 quomodo?
2935 5399 3203 5451 Benedicet
3231 5401 3318 5451 tibi
3345 5398 3450 5451 Do-

1877 5497 2064 5559 minus,
2090 5503 2134 5546 et
2163 5493 2403 5545 custodiet
2427 5500 2470 5541 tc
2492 5489 2650 5558 (Ibid.
2680 5504 2727 5541 υ.
2761 5490 2879 5557 24).
2908 5489 3152 5551 Attende,
3188 5489 3453 5556 quomodo

1877 5585 2189 5639 Trinitatem
2222 5583 2413 5651 ubique
2443 5582 2665 5649 mystice
2689 5590 2969 5649 preponat,
2997 5596 3088 5647 per
3115 5593 3270 5647 quam
3300 5579 3457 5632 bene.

1876 5678 2133 5731 dictiones
2156 5674 2504 5744 triplicantur.
2540 5691 2557 5723 ‹
2594 5672 2876 5726 Bcnedicet
2902 5682 2951 5725 te
2982 5670 3253 5731 Dominus,
3288 5680 3341 5723 et
3362 5685 3453 5724 cu-

1879 5772 2076 5827 stodiet
2122 5778 2193 5827 te.
2234 5765 2489 5823 Ostendet
2535 5764 2789 5819 Dominus
2832 5763 3034 5817 vultum
3075 5776 3232 5832 super
3273 5771 3325 5815 te
3356 5804 3368 5828 ,
3402 5772 3454 5817 et
