3978 6438
509 483 792 543 benedicet
816 489 890 538 te.
908 478 1131 536 Attollet
1159 480 1412 535 Dominus
1435 478 1638 532 vultum
1661 493 1815 534 suum
1842 493 2002 548 super
2025 488 2097 544 te,

504 585 562 633 et
588 575 681 633 det
708 575 800 630 tibi
830 588 1014 644 pacem
1049 592 1069 626 ι
1105 571 1292 642 (Num.
1316 573 1370 628 6.
1397 572 1489 628 25.
1517 571 1588 626 26
1613 573 1651 641 ).
1689 570 1820 625 Vide
1853 581 2094 625 sanctam

508 666 827 722 Trinitatem
854 664 1058 719 diserte
1083 662 1427 718 celebratam.
1475 661 1542 715 Et
1570 676 1819 730 quaenam
1865 662 2036 732 gratia
2065 677 2094 716 a

501 756 705 827 Spiritu
734 761 921 811 sancto
948 768 1055 808 non
1088 752 1445 821 proﬁciscitur
1469 751 1492 803 τ
1517 761 1570 805 et
1597 738 1738 821 quod
1767 752 1964 806 donum
1989 765 2096 805 non

505 848 575 904 ab
603 847 693 903 illo
711 845 870 902 datur
899 843 923 897 τ
951 844 1093 914 quod
1121 843 1318 898 bonum
1349 843 1465 898 sine
1491 845 1607 912 ipso
1633 844 1656 897 ?
1705 843 1850 913 quod
1876 844 2094 898 caeleste

505 938 706 996 bonunt
738 939 858 994 sine
899 937 1134 1007 Spiritus
1165 938 1334 990 sancti
1364 951 1526 1004 opera
1555 935 1859 990 hominibus
1884 935 2099 990 contin-

505 1045 631 1102 gere
661 1029 876 1102 possit?
901 1029 1227 1085 Scrutamini
1254 1028 1577 1097 Scripturas,
1598 1035 1653 1081 et
1681 1027 1880 1083 videte.
1913 1026 2097 1096 Itaque

505 1122 791 1192 Scriptura
816 1135 968 1176 sacra
998 1135 1122 1174 cum
1155 1120 1384 1173 voluerit
1411 1119 1685 1189 quidpiam
1711 1158 1727 1183 ,
1756 1119 1898 1187 quod
1932 1133 2093 1187 supra

505 1221 753 1267 naturam
781 1213 976 1266 factum
1009 1212 1079 1265 sit
1104 1250 1119 1275 ,
1154 1211 1392 1265 indicare
1424 1221 1516 1264 aut
1535 1211 1839 1272 ostendere.
1863 1209 2095 1278 Spiritus

503 1303 808 1358 auctoritati
833 1301 1013 1356 omnia
1043 1300 1319 1359 adscribit.
1350 1300 1510 1356 Verbi
1532 1302 1721 1370 gratia,
1753 1301 2091 1366 Samsonem,

505 1394 775 1464 egregium
802 1393 949 1446 illum
978 1392 1293 1447 bellatorem
1315 1433 1330 1459 ,
1363 1406 1484 1446 cum
1521 1393 1731 1461 egregia
1762 1393 1848 1446 illa
1885 1407 1946 1446 ac
1976 1401 2092 1447 stu-

504 1485 676 1554 penda
720 1483 934 1540 fortiter
985 1495 1131 1555 gesta
1186 1485 1461 1554 Scriptura
1509 1485 1797 1550 describit,
1860 1484 2093 1554 Spiritus

501 1575 675 1629 sancti
701 1563 952 1630 ductu‘id
992 1575 1185 1630 fecisse
1214 1575 1512 1644 prtemittit.
1545 1573 1864 1642 Venerunt,
1899 1577 2088 1647 inquit,

498 1665 831 1735 Alienigena
857 1665 1009 1720 multi
1049 1674 1105 1720 et
1149 1666 1415 1720 innumeri
1445 1667 1497 1720 in
1525 1666 1842 1722 Samsonem
1878 1685 1893 1733 ;
1925 1668 2093 1723 solus-

501 1771 609 1828 que
638 1757 728 1812 ille
752 1766 870 1813 erat
899 1798 916 1824 ,
961 1772 1135 1827 neque
1165 1757 1218 1811 id
1249 1767 1452 1811 tantum
1475 1799 1490 1823 ,
1529 1757 1624 1812 sed
1672 1761 1833 1813 etiam
1875 1759 2086 1829 ligatus.

501 1851 632 1920 Qua:
663 1851 821 1921 igitur
839 1865 964 1920 spes
985 1850 1250 1905 libertatis
1267 1851 1485 1904 vincto?
1505 1865 1623 1920 quae
1645 1851 1831 1905 salutis
1855 1852 2091 1920 captivo?

502 1942 774 2015 quomodo
801 1957 938 1997 unus
962 1942 1143 1996 multis
1168 1942 1414 2011 superior
1433 1942 1536 1995 erit
1565 1942 1588 1994 2
1613 1940 1847 2011 Spiritus
1877 1942 2090 2001 Domini

502 2032 781 2089 descendit
820 2032 874 2086 in
907 2031 1219 2087 Samsonem
1264 2072 1281 2098 ,
1313 2040 1368 2087 et
1411 2033 1565 2086 irruit
1605 2032 1658 2086 in
1704 2034 2084 2104 Alienigenas,

502 2133 824 2193 repertath
860 2123 998 2176 asini
1033 2123 1246 2176 maxilla
1269 2163 1285 2188 ,
1318 2123 1464 2177 mille
1503 2126 1649 2176 viros
1691 2123 1982 2182 interfecit.
2011 2126 2090 2180 Ac

504 2214 628 2271 vide
645 2215 840 2271 divinae
866 2216 1159 2284 Scriptura:
1178 2215 1518 2284 sapientiam.
1538 2214 1667 2270 Cum
1692 2216 1983 2286 inexpertis
2011 2219 2091 2272 in-

500 2307 759 2363 credibile
787 2306 1079 2373 videretur,
1109 2307 1343 2361 vinctum
1365 2307 1575 2360 solutos
1594 2307 1808 2374 vicisse,
1831 2317 1888 2363 et
1913 2309 2087 2364 solum

501 2398 702 2454 mltos
728 2412 1034 2467 superasse,
1068 2397 1190 2452 ideo
1220 2397 1462 2465 apposite
1490 2399 1745 2466 pra-misit
1776 2418 1791 2453 :
1824 2399 1890 2452 Et
1914 2400 2088 2470 Spiri-

502 2499 584 2542 tus
621 2486 831 2542 Domini
858 2488 1058 2541 advenit
1097 2489 1150 2540 in
1198 2486 1497 2542 Samsonem
1539 2498 1587 2541 et
1629 2499 1832 2558 accepta
1877 2492 2087 2546 maxilla

500 2579 636 2634 asini
670 2620 685 2644 ,
709 2579 848 2633 mille
867 2580 999 2633 viros
1019 2579 1201 2633 occidit
1231 2578 1440 2648 (Judic.
1473 2580 1560 2633 l5.
1595 2581 1682 2635 ill.
1710 2579 1846 2652 45):
1879 2592 1936 2634 ttt
1963 2597 2086 2638 cum

501 2671 794 2728 secundum
825 2670 1112 2725 humanam
1131 2679 1373 2724 naturam
1399 2670 1450 2723 id
1473 2671 1780 2726 incredibile
1797 2673 2085 2737 videretur,

499 2777 597 2832 per
647 2761 877 2830 Spiritus
929 2759 1220 2831 potentiam
1281 2759 1608 2814 crederetur.
1683 2759 1865 2829 Itaque
1921 2762 2085 2830 probe

499 2852 709 2923 Moyses
733 2850 903 2906 dixit:
936 2850 1198 2916 Quomodo
1220 2859 1542 2919 persequetur
1567 2867 1698 2904 unus
1725 2852 1881 2917 mille,
1909 2862 1956 2906 et
1983 2853 2087 2906 duo

501 2941 748 3013 fugabunt
769 2942 937 2998 decem
964 2940 1144 3004 millia,
1175 2941 1273 2994 nisi
1297 2942 1416 3010 quia
1440 2941 1692 2994 Dominus
1711 2942 1924 2995 tradidit
1955 2958 2038 2996 eos
2068 2985 2082 3010 ,

496 3041 547 3088 et
571 3032 712 3088 Deus
731 3033 952 3086 vendidit
975 3033 1090 3086 illos
1120 3030 1296 3101 (Deut.
1325 3032 1416 3087 52.
1440 3032 1534 3101 30)
1563 3034 1586 3086 i
1618 3033 1757 3103 Lege
1785 3033 2085 3104 Scripturas

497 3132 554 3178 et
574 3124 626 3178 in
651 3123 873 3193 singulis
895 3122 1218 3176 facinoribus
1244 3121 1477 3192 Spiritus
1501 3125 1671 3179 sancti
1701 3124 1948 3179 virtutem
1983 3141 2084 3179 an—

498 3215 783 3284 tepositam
819 3212 1228 3268 animadvertes.
1287 3213 1562 3268 Venerunt
1615 3216 1942 3286 Alienigena:
1972 3257 1985 3281 ,
2031 3227 2087 3271 et

500 3303 732 3374 Spiritus
763 3303 969 3358 Domini
999 3303 1212 3358 advenit
1235 3305 1285 3358 in
1313 3303 1628 3361 Samsonem
1651 3305 1848 3378 (Judic.
1883 3309 1971 3362 14.
2002 3308 2082 3378 6).

501 3395 688 3450 lnsiliit
733 3395 816 3450 leo
854 3404 909 3449 et
940 3394 1226 3464 discerpsit
1268 3395 1477 3451 leonem
1511 3405 1566 3450 ut
1595 3397 1828 3452 bardum.
1865 3399 2084 3453 Vinctus

495 3495 578 3541 est
602 3486 788 3541 ferreis
816 3486 1040 3550 catenis,
1069 3495 1123 3540 et
1151 3501 1286 3540 uxor
1307 3487 1426 3556 ejus
1455 3487 1520 3541 ad
1551 3503 1672 3542 eum
1701 3529 1718 3554 ,
1779 3490 2086 3560 Alienigena

495 3579 554 3630 in
584 3576 901 3630 Santsouem.
928 3575 1034 3630 Sed
1071 3577 1258 3630 iterum
1290 3578 1563 3645 Scriptura
1597 3596 1610 3631 :
1637 3578 1706 3632 Et
1737 3579 1960 3650 Spiritus
1987 3580 2088 3635 Do-

505 3667 631 3722 mini
657 3667 790 3721 venit
830 3667 883 3719 in
914 3666 1218 3721 Samsonem
1242 3707 1257 3730 ,
1291 3677 1334 3719 et
1371 3668 1536 3720 soluta
1566 3679 1680 3721 sunt
1705 3670 1928 3736 vincula,
1958 3679 2014 3723 ut
2043 3672 2088 3724 si

498 3767 684 3829 stuppa
725 3760 903 3814 sentiat
929 3761 1096 3830 ignem
1123 3757 1285 3830 (Iud.
1321 3759 1406 3814 lii.
1439 3759 1470 3813 9
1494 3760 1533 3829 ).
1562 3759 1778 3814 Nullum
1802 3761 1918 3830 ejus
1945 3777 2082 3830 prte-

496 3850 700 3904 clarutn
727 3847 932 3903 facinus
954 3849 1174 3916 inducit,
1209 3865 1313 3902 non
1349 3851 1620 3918 praemissa
1649 3851 1876 3920 Spiritus
1907 3851 2085 3906 efﬁca-

499 3939 600 3993 cia.
634 3939 835 3993 Deinde
860 3955 980 3992 cum
1010 3940 1157 3993 omni
1187 3941 1384 3994 virtute
1414 3940 1640 3994 nudatus
1669 3950 1841 4007 esset,
1869 3942 2084 3997 attende

499 4033 702 4094 animo,
719 4032 841 4101 quid
873 4031 1013 4086 dicat
1041 4031 1336 4100 Scriptura,
1360 4048 1477 4102 qum
1506 4033 1699 4102 ubique
1715 4034 1940 4099 dixerat,
1963 4049 2083 4088 cum

497 4121 712 4194 aliquod
748 4122 950 4176 facinus
979 4123 1391 4193 aggrederetur,
1441 4133 1494 4178 et
1522 4123 1800 4187 vinceret,
1859 4123 2086 4192 Spiritus

491 4225 697 4268 sanctus
723 4216 851 4268 venit
876 4216 928 4267 in
959 4214 1283 4269 Samsonem.
1317 4215 1603 4284 Postquam
1636 4225 1796 4282 caput
1833 4214 1954 4282 ejus
1984 4214 2081 4269 de-

503 4318 714 4362 tonsum
742 4317 843 4369 est,
876 4307 1086 4374 prodito
1110 4307 1294 4376 gratiae
1326 4309 1545 4376 pignore
1566 4349 1579 4372 ,
1609 4309 1787 4362 statim
1821 4308 2035 4377 scripsit
2065 4343 2083 4374 ,

500 4396 572 4452 Et
603 4397 850 4452 Dominus
899 4398 1125 4451 discessit
1161 4414 1192 4449 a
1229 4397 1476 4451 Samsone
1507 4397 1652 4467 (Iud.
1687 4400 1772 4455 l6.
1801 4399 1918 4470 ‘20).
1947 4399 2082 4453 Cum

497 4488 826 4563 Alienigena:
881 4498 1179 4557 venerunt,
1210 4489 1436 4559 Spiritus
1481 4489 1686 4545 Domini
1736 4490 1988 4544 descendit
2032 4493 2084 4544 in

1947 353 2321 414 SEVERIANI

3684 390 3804 445 516

2207 480 2376 548 ipsum
2399 497 2418 534 :
2441 494 2558 535 cum
2583 489 2760 538 autem
2789 485 3027 551 recessit,
3061 485 3154 552 ait,
3187 485 3254 542 Et
3291 485 3538 542 Dominus
3564 486 3793 540 discessit

2205 569 2402 623 abillo.
2444 571 2512 625 Et
2549 571 2670 640 jure
2707 575 2924 644 quidem
2956 595 2969 630 :
2998 592 3119 630 nam
3156 575 3407 631 Dominus
3455 578 3676 648 Spiritus
3718 584 3794 631 est

2206 657 2225 729 (
2254 658 2308 712 2.
2337 658 2456 712 Cor.
2476 662 2530 715 5.
2562 662 2629 715 17
2655 663 2696 732 ).
2729 665 2838 720 Nec
2865 665 3037 720 solum
3080 667 3134 720 in
3163 666 3343 722 Veteri
3373 667 3715 722 Testamento
3735 667 3791 719 id

2203 752 2630 818 animadvertes,
2678 756 2772 809 sed
2821 758 2978 810 etiam
3009 757 3061 811 in
3092 759 3368 826 apostolis.
3400 757 3624 824 Quando
3670 773 3791 810 ma-

2202 856 2358 911 gnam
2381 844 2666 912 quamdam
2680 851 2734 898 et
2745 843 3146 913 praecellentem
3157 847 3412 905 virtutem
3428 850 3625 906 divina:
3641 851 3790 906 Lite-

2201 948 2275 986 rae
2297 934 2602 1001 pnedicant,
2634 937 2824 1004 ubique
2849 939 3079 1007 Spiritus
3095 943 3462 996 auctoritatem
3489 945 3788 1012 praemittit.

2202 1025 2407 1080 lnducit
2433 1042 2621 1081 rursus
2659 1029 2878 1083 Paulum
2905 1031 2958 1085 in
2991 1033 3170 1103 Cypro
3217 1037 3603 1089 exsecrandum
3637 1036 3790 1089 illum

2199 1114 2444 1186 Elymani
2490 1133 2704 1188 magum
2734 1122 2900 1175 verbo
2928 1125 3239 1191 punientem
3270 1167 3284 1191 ,
3313 1126 3452 1194 quod
3480 1135 3665 1180 contra
3694 1142 3790 1180 ve-

2199 1206 2410 1260 ritatem
2437 1218 2728 1278 pugnaret;
2758 1220 2813 1264 et
2834 1213 2954 1279 quia
2983 1228 3096 1267 rem
3128 1217 3442 1283 stupendum
3473 1228 3789 1269 narraturus

2198 1304 2336 1362 erat,
2367 1299 2552 1352 oculos
2580 1314 2770 1369 nempe
2795 1301 2957 1355 verbo
2985 1305 3296 1369 exstinctus,
3316 1306 3422 1359 ait:
3452 1307 3580 1359 Ecce
3607 1323 3790 1359 manus

2199 1383 2404 1438 Domini
2429 1387 2481 1440 in
2508 1397 2574 1453 te,
2599 1398 2646 1442 et
2670 1392 2768 1444 eris
2793 1407 2972 1454 caecus,
3003 1410 3102 1448 non
3132 1396 3301 1448 videns
3329 1397 3487 1459 solem
3515 1396 3534 1467 (
3553 1397 3662 1449 Act.
3694 1397 3786 1450 l5.

2199 1478 2259 1531 11
2292 1475 2334 1548 ).
2360 1479 2490 1534 Illud
2518 1490 2693 1538 autem
2716 1493 2769 1538 et
2795 1484 2942 1539 Pauli
2969 1496 3020 1541 et
3051 1489 3286 1542 omnium
3306 1491 3605 1544 mortalium
3633 1500 3788 1544 natu-

2196 1581 2312 1622 ram
2341 1572 2627 1639 superabat
2657 1614 2672 1636 ,
2707 1589 2900 1644 nempe
2939 1577 3125 1631 oculos
3161 1577 3462 1634 hominibus
3493 1580 3655 1635 verbo
3683 1596 3786 1634 ex-

2197 1660 2486 1731 stinguere.
2519 1663 2749 1720 Verbutn
2773 1668 2917 1722 enim
2944 1670 3174 1725 hominis
3203 1688 3306 1726 non
3330 1683 3500 1728 mutat
3517 1685 3784 1741 naturam,

2198 1765 2298 1806 nec
2318 1752 2502 1808 oculos
2529 1767 2784 1811 excreat.
2834 1758 2911 1813 Ne
2946 1761 3066 1827 quis
3091 1775 3221 1831 ergo
3249 1762 3479 1817 humana
3510 1765 3669 1820 verba
3697 1781 3787 1820 re-

2195 1842 2452 1910 spiciens,
2476 1845 2542 1900 de
2568 1861 2624 1900 re
2647 1847 3046 1918 obstupesceret
3067 1893 3082 1918 ,
3111 1861 3168 1908 et
3185 1856 3606 1910 commentitium
3629 1857 3787 1926 quid.

2194 1936 2319 1989 dam
2345 1937 2445 1991 dici
2471 1947 2703 2007 putaret,
2737 1943 3008 2009 praemittit
3036 1945 3226 1999 iterum
3252 1945 3524 2015 Scriptura
3550 1947 3786 2014 Spiritus

2195 2027 2364 2080 sancti
2412 2031 2808 2086 auctoritatem.
2859 2031 3043 2098 Tunc,
3091 2034 3279 2105 inquit,
3333 2036 3530 2090 Paulus
3575 2038 3783 2108 Spiritu
3852 2064 3854 2066 τ

2191 2127 2367 2170 sancto
2394 2120 2613 2187 repletus
2633 2123 2704 2175 ait
2720 2124 2797 2176 illi
2829 2123 2987 2194 (Ibid.
3014 2143 3061 2180 υ.
3091 2126 3171 2197 9).
3202 2127 3376 2183 llabcs
3397 2137 3452 2183 et
3480 2131 3638 2185 aliam
3669 2133 3777 2185 cir-

2190 2223 2254 2262 ca
2285 2210 2538 2278 Spiritum
2571 2223 2808 2268 sanctum
2838 2216 3342 2275 demonstrationem
3368 2221 3441 2273 :si
3473 2222 3592 2290 quis
3621 2221 3785 2277 homo

2193 2299 2340 2354 rudis
2381 2302 2603 2366 melius,
2636 2319 2793 2372 quam
2836 2304 3054 2361 facultas
3083 2307 3217 2362 ferat
3237 2350 3249 2371 ,
3279 2309 3526 2379 loquatur
3555 2328 3570 2364 :
3595 2325 3782 2364 verum

2195 2388 2331 2445 hanc
2356 2406 2540 2446 rursus
2567 2396 2932 2461 operationem
2961 2396 3228 2468 Scriptura
3261 2399 3480 2468 Spiritui
3503 2401 3780 2456 adscribit.

2193 2479 2434 2548 Exempli
2458 2482 2625 2550 gratia
2659 2523 2672 2548 ,
2703 2484 2894 2540 Petrus
2923 2496 2976 2540 et
2995 2486 3227 2543 Joannes
3246 2489 3296 2542 in
3328 2489 3634 2545 Judaaorum
3668 2494 3778 2547 fre-

2193 2572 2408 2638 quentia
2455 2573 2884 2629 concionantur:
2918 2576 2984 2629 Et
3029 2587 3146 2631 tunc
3175 2619 3191 2642 ,
3224 2581 3333 2644 ait,
3371 2580 3559 2635 Petrus
3603 2583 3782 2650 plenus

2194 2659 2394 2729 Spiritu
2422 2674 2597 2716 sancto
2623 2665 2751 2718 dixit
2777 2666 2845 2718 ad
2875 2669 3116 2737 papulum
3133 2686 3151 2721 :
3172 2669 3250 2721 An
3262 2671 3456 2739 justum
3474 2682 3546 2725 est
3575 2673 3626 2725 in
3653 2690 3779 2726 con-

2191 2761 2365 2819 spectu
2403 2750 2520 2818 Dei,
2549 2769 2634 2806 vos
2657 2756 2821 2821 potius
2840 2758 3033 2822 audire,
3065 2774 3215 2827 quam
3238 2757 3423 2825 Deum,
3454 2777 3539 2815 vos
3551 2763 3782 2833 judicats

2196 2840 2347 2912 (Act.
2373 2843 2426 2895 4.
2457 2843 2510 2897 8.
2541 2851 2588 2897 et
2619 2845 2741 2916 19).
2771 2846 2876 2900 Cur
2905 2863 3032 2917 ergo
3079 2849 3274 2904 dicitur
3302 2893 3316 2917 ,
3352 2849 3544 2905 Plenus
3579 2853 3780 2922 Spiritu

2192 2943 2364 2987 sancto
2385 2935 2411 2988 7
2438 2933 2574 3001 Quia
2604 2937 2872 2992 indoctum
2896 2940 3185 2994 excedebat
3215 2941 3332 2996 bsec
3361 2942 3610 3012 loquendi
3637 2939 3769 2997 tidu-

2188 3027 2270 3080 cia
2297 3066 2312 3088 ,
2344 3041 2411 3080 ne
2440 3027 2558 3096 quis
2590 3027 2908 3097 piscatorem
2931 3032 3220 3100 respiciens
3241 3073 3255 3098 ,
3279 3033 3507 3087 orationi
3553 3035 3624 3088 illi
3650 3049 3778 3087 san-

2191 3125 2291 3170 ctae
2311 3132 2430 3170 cum
2455 3117 2698 3172 libertate
2720 3119 2912 3173 habitae
2938 3121 3096 3174 fidem
3128 3137 3233 3175 non
3264 3121 3500 3185 haberet,
3523 3124 3778 3193 praemisit

2195 3206 2423 3276 Spiritus
2446 3208 2614 3261 sancti
2646 3209 2957 3278 sapientiam
2990 3252 3005 3274 ,
3036 3227 3102 3265 ne
3140 3213 3348 3267 mireris
3374 3213 3776 3268 abundantiam.

2193 3299 2347 3365 Quod
2376 3300 2420 3353 si
2451 3299 2660 3355 videtur
2684 3343 2698 3368 ,
2740 3303 2902 3355 alium
2941 3303 3343 3358 consideremus
3369 3345 3384 3369 ,
3418 3317 3474 3358 ut
3518 3307 3687 3374 magis
3715 3319 3779 3360 ac

2192 3391 2362 3460 magis
2405 3389 2544 3445 dicta
2587 3392 2989 3446 confirmentur.
3031 3393 3240 3448 Sanctis
3270 3397 3456 3449 cadum
3489 3396 3729 3464 aperitur
3760 3436 3776 3460 ,

2191 3483 2285 3538 sed
2333 3485 2448 3539 sine
2490 3484 2692 3553 Spiritu
2731 3495 2915 3539 sancto
2961 3503 3064 3540 non
3105 3489 3377 3556 aperitur;
3406 3504 3578 3557 ncque
3636 3490 3776 3543 enim

2191 3572 2361 3628 oculis
2415 3576 2656 3642 corporis
2702 3575 2890 3628 caalum
2938 3586 3178 3644 apertum
3225 3577 3469 3640 videtur,
3507 3577 3602 3632 sed
3649 3578 3778 3647 Spi-

2191 3663 2326 3717 ritus
2361 3666 2528 3718 sancti
2559 3667 2890 3734 operatione.
2933 3666 3073 3721 Vidit
3099 3667 3397 3738 Stephanus
3440 3671 3600 3724 czelos
3623 3686 3778 3739 aper-

2193 3762 2306 3819 tos;
2332 3770 2513 3809 verum
2541 3797 2554 3820 ,
2582 3767 2636 3809 ut
2668 3758 2740 3810 ait
2770 3757 3037 3827 Scriptura
3067 3801 3080 3823 ,
3111 3775 3228 3812 cum
3261 3770 3403 3814 esset
3432 3762 3623 3828 plenus
3652 3761 3774 3830 Spi-

2191 3847 2295 3901 ritu
2324 3856 2507 3901 sancto
2530 3847 2665 3921 (Act.
2699 3849 2751 3903 6.
2784 3847 2859 3920 5),
2893 3850 3041 3903 vidit.
3067 3850 3525 3919 Nusquamigitur,
3561 3850 3776 3915 fratres,

2189 3941 2377 3994 caelum
2409 3941 2532 3995 licet
2557 3951 2796 4010 apertum
2827 3941 3004 3996 videre
3027 3983 3041 4007 ,
3071 3942 3186 3996 sine
3213 3942 3409 4011 Spiritu
3434 3982 3450 4006 ,
3478 3958 3652 4009 neque
3678 3943 3778 3995 do-

2191 4035 2343 4089 cendi
2375 4037 2708 4090 autoritatem
2730 4050 2964 4101 sumere,
2996 4049 3096 4088 nec
3124 4035 3502 4088 miraculorum
3529 4035 3779 4087 virtutem

2191 4127 2446 4181 exhibere
2495 4127 2610 4180 sine
2632 4135 2815 4180 sancto
2832 4136 2885 4179 et
2904 4125 3175 4180 adorando
3191 4125 3409 4193 Spiritu.
3432 4122 3622 4178 Omnia
3646 4125 3780 4177 enim

2192 4227 2428 4287 operatur
2458 4234 2588 4272 unus
2616 4227 2660 4270 ct
2689 4219 2820 4270 idem
2839 4217 3084 4288 Spiritus,
3107 4217 3332 4269 dividens
3357 4216 3570 4286 singulis
3594 4256 3608 4280 ,
3631 4224 3783 4286 prout

2192 4310 2298 4362 vult
2321 4310 2396 4379 (Ι.
2418 4309 2534 4364 Cor.
2566 4310 2654 4364 12.
2681 4309 2771 4381 Η)
2797 4326 2810 4364 :
2833 4310 2916 4365 cui
2935 4310 3103 4379 gloria
3146 4310 3197 4364 in
3221 4309 3412 4364 saecula
3436 4310 3777 4364 saeculorum.

2193 4401 2387 4456 Amen.
