3978 6416
214 406 333 462 515

216 516 396 586 τήσει
451 528 546 567 σε.
589 514 821 581 Ἐπαρει
873 513 1088 581 Κύριος
1135 513 1202 566 τὸ
1253 514 1582 581 πρόσωπον
1627 512 1813 566 αὑτοῦ

215 598 318 651 ἐπὶ
346 595 443 655 σὲ,
466 597 564 647 καὶ
587 595 706 661 δῴη
736 611 832 649 σοι
856 596 1121 664 εἰρήνην.
1145 597 1285 663 Ὅρα
1305 596 1403 666 τὴν
1426 595 1587 662 ἁγίαν
1610 594 1814 664 Τριάδα

215 678 518 749 διαρρήδην
555 678 992 748 ἁνυμνουμένην.
1024 678 1158 730 Ποία
1194 679 1352 748 χάρις
1379 678 1479 730 οὑκ
1508 677 1615 730 ἀπὸ
1649 675 1814 728 Πνεύ-

221 778 393 831 ματος
443 760 637 828 ἀγίου;
690 764 841 814 ποῖον
893 762 1064 832 δῶρον
1111 763 1214 814 οὑκ
1263 761 1323 826 ἐξ
1364 762 1609 825 ἐκείνου,
1663 761 1816 812 ποῖον

216 845 425 913 ἀγαθὸν
470 844 599 898 ἀνευ
653 845 898 908 ἐκείνου;
934 845 984 898 τί
1032 844 1257 898 δύναται
1306 844 1400 897 καὶ
1446 842 1814 912 ὑπερκόσμιον

217 928 556 997 ἐπιφανῆναι
596 931 708 990 τοῖς
751 928 1060 998 ἀνθρώποις
1102 930 1228 983 ἄνευ
1273 927 1588 997 Πνεύματος
1619 927 1812 994 ἁγίους

231 1013 523 1082 Ἐρευνᾶτε
569 1013 668 1075 τὰς
702 1012 946 1082 Γραφὰς,
977 1013 1070 1065 καὶ
1105 1013 1439 1082 σκοπήσατε,
1475 1010 1571 1074 ὡς,
1616 1011 1743 1062 ὅταν
1781 1010 1815 1080 ἡ

218 1095 414 1162 Γραφὴ
467 1092 596 1165 θέλῃ
645 1094 882 1165 μηνῦσαί
917 1112 968 1147 τι
1014 1095 1048 1165 ἢ
1097 1094 1267 1160 δεῖξαι
1301 1093 1408 1146 ¹τῶν
1465 1093 1604 1163 ὑπὲρ
1655 1091 1816 1161 φύσιν

216 1175 690 1244 ἀποτελουμένων,
739 1179 806 1248 τῇ
851 1177 944 1229 τοῦ
973 1177 1292 1248 Πνεύματος
1331 1176 1586 1247 αὑθεντίᾳ
1618 1176 1678 1228 τὸ
1710 1177 1817 1228 πᾶν

215 1259 536 1329 ἐπιγράφει.
573 1256 717 1324 Οἷον,
753 1262 988 1332 Σαμψὼν
1019 1262 1110 1314 τὸν
1143 1265 1390 1330 γενναῖον
1436 1263 1643 1314 ἐκεῖνον
1693 1262 1815 1330 ἀρι-

219 1343 371 1408 στέα,
410 1345 499 1396 ὅτε
529 1345 599 1395 τὰ
644 1345 856 1414 μεγάλα
899 1346 1077 1398 ἐκεῖνα
1113 1346 1208 1398 καὶ
1259 1344 1538 1415 παράδοξα
1583 1343 1681 1413 τῆς
1726 1345 1818 1396 ἁν-

215 1427 402 1496 δρείας
437 1427 773 1479 ἐνεδείκνυτο
818 1429 1271 1498 στρατηγήματα,
1307 1431 1339 1499 ἡ
1376 1428 1565 1499 Γραφὴ
1611 1444 1816 1480 παντα-

215 1514 314 1581 χοῦ
362 1513 703 1574 δεικνύουσα,
733 1513 793 1566 τὸ
828 1514 1051 1584 Πνεῦμα
1080 1515 1140 1566 τὸ
1176 1515 1326 1582 ἅγιον
1351 1515 1461 1567 τῶν
1509 1531 1819 1586 στρατηγη·

220 1597 408 1663 μάτων
443 1596 792 1666 προέταττεν.
813 1592 1038 1660 τΗλθον,
1064 1615 1136 1667 φη
1148 1599 1248 1662 σίν,
1277 1599 1589 1666 ’Λλλόφυλοι
1612 1598 1702 1649 ἐπὶ
1727 1597 1816 1649 τὸν

217 1681 458 1752 Σαμψὼν
515 1683 732 1748 πολλοὶ,
784 1685 879 1736 καὶ
941 1685 1344 1755 ἀναρίθμητον
1402 1685 1497 1737 καὶ
1549 1683 1712 1753 μόνος
1748 1678 1816 1752 ἦν

216 1767 451 1829 ἐκεῖνος’
483 1767 576 1820 καὶ
606 1771 666 1820 οὑ
697 1767 854 1820 τοῦτο
887 1768 1067 1837 μόνον,
1095 1769 1230 1821 ἀλλά
1258 1769 1350 1822 καὶ
1382 1768 1684 1838 δεδεμένος.
1713 1768 1808 1830 Τίς

214 1845 308 1902 οὖν
335 1848 495 1912 λύσις
529 1849 606 1919 τῷ
654 1850 952 1920 δεδεμένῳ;
999 1851 1083 1914 τίς
1133 1852 1377 1923 σωτηρία
1418 1851 1495 1922 τῷ
1538 1852 1812 1922 ἀπειλημ-

219 1932 396 2001 μένῳς
453 1933 570 1995 πῶς
621 1929 702 1995 είς
759 1933 1098 2003 περιγίνεται
1145 1934 1250 1987 τῶν
1297 1935 1539 1999 πολλῶν;
1590 1935 1813 2004 Πνεῦμα

217 2014 421 2084 Κυρίου
468 2017 735 2084 κατῆλθεν
764 2017 855 2068 ἐπὶ
883 2016 1142 2087 Σαμψὼν,
1175 2019 1269 2070 καὶ
1302 2019 1541 2088 ἐφήλατο
1570 2020 1661 2071 ἐπὶ
1689 2019 1815 2080 τοὺς

230 2097 619 2166 Ἀλλοφύλους,
663 2102 755 2152 καὶ
799 2100 976 2171 εὑρὼν
1019 2102 1142 2154 ὄνου
1181 2102 1427 2169 σιαγόνα,
1475 2102 1681 2171 χιλίους
1718 2102 1812 2156 ἆν-

215 2185 350 2252 δρας
384 2185 763 2256 διεχειρίσατο.
790 2186 901 2238 Καὶ
933 2187 1035 2256 ὅρα
1066 2187 1164 2255 τῆς
1194 2187 1341 2249 θείας
1370 2187 1593 2256 Γραφῆς
1632 2186 1692 2238 τὸ
1726 2203 1815 2238 σο-

217 2268 337 2337 φόν.
379 2268 599 2339 Ἐπειδὴ
630 2271 742 2332 τοῖς
773 2269 1020 2339 ἀπείροις
1045 2271 1139 2323 τοῦ
1173 2271 1363 2341 ἀνδρὸς
1397 2272 1625 2324 ἄπιστον
1657 2266 1724 2341 ἦν
1755 2271 1815 2322 τὸ

220 2350 394 2420 ῥῆμα,
425 2351 506 2403 ὅτι
537 2353 564 2402 ό
602 2351 884 2420 δεδεμένος
913 2352 1163 2422 ἐνίκησεν
1192 2353 1318 2415 τοὺς
1344 2353 1690 2422 λελυμένους,
1720 2351 1816 2405 καὶ

218 2433 249 2484 ὀ
281 2431 439 2501 μόνος
474 2431 584 2484 τῶν
620 2432 830 2485 πολλῶν
878 2435 1248 2503 περιεγένετο,
1279 2436 1361 2488 διὸ
1397 2436 1661 2506 προέταξε
1715 2453 1815 2489 κα-

216 2514 354 2578 λῶς·
397 2515 508 2569 Καὶ
547 2517 792 2585 Πνεῦμα
827 2519 1045 2585 Κυρίου
1095 2519 1363 2588 ἐπῆλθεν
1394 2520 1493 2573 ἐπὶ
1527 2520 1811 2589 Σαμψὼν,

217 2597 318 2650 καί
355 2599 536 2651 ἔλαϐε
573 2602 830 2670 σιαγόνα
859 2601 1024 2666 ὄνου,
1063 2603 1162 2656 καί
1201 2603 1405 2656 ἀνεῖλε
1438 2605 1708 2672 καίους’
1745 2605 1810 2656 ἵν’

216 2681 345 2733 ὅταν
379 2682 656 2752 ἀπιστηθῇ
695 2683 783 2735 διὰ
818 2683 914 2753 τὴν
943 2684 1296 2756 ἀνθρωπίνην
1332 2687 1514 2753 φύσιν,
1546 2686 1810 2758 πιστευθῇ

215 2763 305 2816 διὰ
331 2763 430 2834 τὴν
464 2763 557 2816 τοῦ
591 2767 908 2836 Πνεύματος
941 2767 1189 2837 δύναμιν.
1219 2768 1427 2821 Οὐκοῦν
1455 2768 1634 2832 καλῶς
1660 2769 1812 2837 ἔλεγε

215 2845 483 2915 Μωῦσῆςο
515 2846 648 2913 Πῶς
673 2848 940 2912 διώξεται
969 2845 1056 2914 εἷς
1087 2852 1345 2918 χιλίους,
1378 2851 1473 2904 καὶ
1508 2851 1617 2904 δύο
1643 2868 1814 2919 μετα-

218 2928 548 2992 κινήσουσι
576 2931 890 2999 μυριάδας,
917 2934 970 2984 εὶ
995 2931 1082 2999 μὴ
1113 2931 1202 2985 ὅτι
1231 2934 1442 3000 Κύριος
1470 2933 1814 3000 παρέδωκεν

218 3012 466 3076 αὐτοὺς,
509 3013 607 3065 καὶ
641 3018 672 3068 ό
719 3015 863 3079 Θεὸς
917 3015 1174 3068 ἀπέδοτο
1221 3017 1477 3080 αὐτούς
1515 3016 1812 3083 ’Λνάγνωθι

221 3094 318 3158 τὰς
360 3095 399 3146 Γ
405 3095 612 3166 ραφὰς,
648 3099 742 3150 καὶ
790 3099 1044 3168 εὑρήσεις
1092 3101 1176 3166 ἐφ’
1209 3100 1443 3152 ἑκάστου
1498 3102 1810 3170 στρατηγή-

222 3196 393 3248 ματος
427 3181 878 3251 προτεταγμένην
912 3182 1006 3235 τοῦ
1035 3182 1171 3234 Πνεύ
1185 3199 1352 3252 ματος
1380 3182 1479 3252 τὴν
1506 3183 1810 3238 αὑθεντίαν.

216 3257 423 3315 Ἦλθον
454 3265 500 3315 οί
539 3264 871 3331 Ἀλλόφυλοι,
903 3267 997 3317 καὶ
1033 3265 1257 3335 Πνεῦμα
1299 3267 1503 3335 Κυρίου
1549 3268 1814 3336 κατῆλθεν

216 3348 314 3400 ἐπὶ
372 3347 633 3416 Σαμψών.
694 3348 899 3418 Ἐπήδα
955 3348 1122 3411 λέων,
1175 3349 1270 3402 καὶ
1333 3349 1659 3420 διεσπάραξε
1721 3351 1812 3404 τὸν

216 3429 410 3482 λέοντα
447 3430 523 3493 ὠς
565 3431 770 3501 ἔριφον.
827 3431 1010 3500 Ἐδέθη
1061 3432 1303 3502 σιδηραῖς
1341 3433 1592 3493 ἁλύσεσι,
1641 3433 1735 3486 καὶ
1776 3436 1808 3504 ή

217 3514 359 3583 γυνὴ
409 3517 547 3586 πρὸς
583 3515 776 3568 αὑτόν·
812 3517 1164 3585 Ἀλλόφυλοι
1199 3516 1297 3569 ἐπὶ
1336 3517 1615 3584 Σαμψών.
1652 3518 1810 3570 Ἀλλὰ

218 3596 385 3648 πάλιν
427 3598 459 3665 ἡ
510 3597 698 3668 Γραφή
723 3615 736 3629 ⁸
779 3600 887 3651 Καὶ
936 3599 1180 3667 Πνεῦμα
1229 3600 1448 3666 Κυρίου
1481 3595 1670 3668 ἦλθεν
1712 3601 1809 3654 ἐπὶ

220 3679 511 3746 Σαμψὼν,
543 3680 639 3731 καὶ
677 3681 921 3746 διελύθη
960 3682 1033 3734 τὰ
1073 3682 1288 3751 δεσμὰ,
1318 3683 1399 3747 ὠς
1428 3682 1574 3736 ὅταν
1614 3698 1809 3736 στυπ-

219 3763 363 3814 πίον
398 3761 712 3830 ὀσφρανθῇ
755 3764 963 3831 πυρός.
1006 3765 1251 3833 Οὑδαμοῦ
1285 3765 1542 3832 οὐδεμίαν
1589 3768 1806 3836 είσῆγεν

221 3841 376 3914 [529]
423 3845 724 3913 ἀριστείαν,
764 3846 837 3916 μὴ
889 3846 1165 3916 προτάξας
1196 3846 1290 3898 τοῦ
1349 3847 1660 3916 Πνεύματος
1710 3849 1807 3918 τὴν

219 3927 521 3997 ἐνέργειαν.
553 3923 684 3980 Εἶτα
708 3929 828 3981 ἐπεὶ
852 3927 1035 3980 λοιπὸν
1061 3929 1350 3999 ἐγυμνώθη
1380 3931 1477 3998 τῆς
1501 3930 1804 4000 δυνάμεως,

219 4010 458 4080 πρόσεχε
497 4011 774 4080 ἀκριϐῶς,
817 4012 871 4064 τί
918 4011 1300 4081 παραδέδωκεν
1336 4013 1369 4082 ὴ
1416 4012 1536 4064 θεία
1583 4013 1806 4083 Γραφὴ,

219 4092 497 4163 πανταχοῦ
546 4093 810 4160 λέγουσα,
845 4096 933 4147 ὅτε
980 4095 1328 4165 ἐστρατήγει,
1375 4097 1466 4148 καὶ
1512 4097 1694 4159 ἐνίκα,
1727 4097 1808 4148 ὅτι

219 4175 466 4244 Πνεῦμα
499 4177 719 4244 Κυρίου
759 4173 945 4244 ἦλθεν
972 4177 1070 4231 ἐπὶ
1099 4179 1380 4246 Σαμψών.
1413 4179 1543 4231 ’Ὀτε
1577 4178 1808 4250 ἐξυρᾶτο

217 4259 317 4328 τὴν
367 4259 629 4329 κεφαλὴν,
671 4259 949 4329 προδιδοὺς
1004 4261 1103 4331 τῆς
1158 4260 1378 4331 χάριτος
1427 4261 1488 4312 τὸ
1526 4261 1802 4331 ἐνέχυρον,

219 4341 417 4404 εὐθέως
450 4341 676 4411 ἔγραφε·
707 4341 817 4396 Καὶ
855 4344 1069 4410 Κύριος
1099 4344 1334 4410 ἀπέστη
1371 4344 1490 4397 ἀπὸ
1522 4346 1802 4411 Σαμψών.

221 4427 348 4480 Ὅτε
387 4427 436 4478 οἱ
471 4425 798 4494 Ἀλλόφυλοι,
831 4427 938 4480 Καὶ
971 4427 1218 4489 Πνεῦμα
1251 4428 1470 4484 Κυρίου
1506 4424 1808 4495 κατῆλθεν

548 5794 816 5854 ΡΑτῐιοι.
851 5795 967 5853 Gn.
1014 5791 1164 5852 LVI.

1464 398 1549 452 DE
1588 391 1952 452 SERPENTE
1996 396 2304 454 HOMILIA.

1919 513 2012 566 ἐπ’
2035 516 2222 568 αὐτόν
2241 531 2252 542 ·
2276 515 2362 567 ὅτε
2393 513 2674 583 ἀνεχώρει,
2702 514 2867 582 λέγει·
2902 517 3006 568 Καὶ
3037 517 3250 584 Κύριος
3275 519 3510 590 ἀπέστη

1918 598 2021 650 ἀπ’
2042 598 2248 650 αὑτοῦ.
2283 598 2392 649 Καὶ
2431 598 2685 660 εἰκότως·
2717 600 2745 650 ό
2775 599 2884 669 γὰρ
2920 601 3133 668 Κύριος
3162 602 3228 655 τὸ
3271 604 3512 673 Πνεῦμὰ

1918 676 2105 734 ἐστιν.
2151 683 2224 734 Ού
2277 682 2434 750 μόνον
2466 682 2522 734 δὲ
2557 683 2615 732 ἐν
2648 685 2712 752 τῇ
2765 684 2974 754 Ιῐαλαιᾷ
3007 684 3210 755 ταύτην
3261 687 3511 758 εὑρήσεις

1918 765 2016 833 τὴν
2047 764 2298 835 θεωρίαν,
2325 764 2460 816 ἀλλὰ
2491 767 2584 818 καὶ
2608 769 2664 817 ἐν
2694 769 2805 828 τοῖς
2836 767 3170 826 ἀποστόλοις.
3193 769 3361 821 Ὅταν
3389 772 3511 824 τινὰ

1923 847 2163 916 μεγάλην
2185 849 2278 900 καὶ
2307 847 2750 918 ὑπερϐάλλουσαν
2772 849 3000 918 δύναμιν
3028 852 3270 922 κηρύττῃ
3296 852 3364 904 τὰ
3391 853 3510 906 θεῖα

1919 929 2093 997 λόγια,
2129 932 2403 1001 πανταχοῦ
2432 931 2524 984 τοῦ
2558 933 2873 1000 Πνεύματος
2907 935 3005 1001 τὴν
3047 933 3336 988 αὑθεντίαν
3371 954 3510 1007 προ-

1918 1014 2123 1066 τάττει.
2166 1015 2390 1082 Είσάγει
2428 1015 2519 1067 τὸν
2554 1014 2764 1067 Παῦλον
2805 1017 2861 1066 ἐν
2904 1019 2968 1084 τῇ
3007 1016 3216 1087 Κύπρῳ
3249 1017 3393 1087 λόγῳ
3430 1037 3510 1072 τι-

1922 1096 2276 1168 μωρούμενον
2316 1098 2406 1150 τὸν
2443 1099 2714 1168 ἐπάρατον
2748 1100 2951 1150 ἐκεῖνον
2990 1100 3228 1169 Ἐλύμαν
3264 1101 3353 1154 τὸν
3403 1103 3509 1171 μά-

1919 1198 2046 1248 γον,
2099 1181 2190 1234 τὸν
2237 1182 2378 1234 κατὰ
2428 1182 2527 1250 τῆς
2580 1181 2836 1251 ἀληθείας
2903 1183 3361 1252 στρατευόμενον,
3415 1185 3509 1237 καὶ

1920 1263 2104 1334 ἐπειδὴ
2139 1264 2330 1335 ἔμελλε
2365 1268 2598 1335 πρᾶγμα
2630 1264 2935 1334 διηγεῖσθαι
2983 1264 3150 1328 ξένον,
3181 1267 3280 1336 ὅρα
3309 1267 3510 1334 ὀφθαλά

1924 1349 2057 1416 μοὺς
2091 1349 2234 1418 λόγῳ
2266 1347 2684 1418 σϐεννυμένους·
2723 1348 2880 1401 Ἰδοὺ
2908 1349 3034 1418 γὰρ,
3065 1351 3216 1420 φησὶ,
3248 1351 3374 1419 χεὶρ
3401 1355 3510 1405 Κυ-

1911 1433 2051 1500 ρίου
2103 1432 2200 1485 ἐπὶ
2256 1432 2351 1493 σὲ,
2388 1433 2483 1484 καὶ
2524 1433 2638 1500 ἔσῃ
2690 1433 2937 1501 τυφλὸς,
2985 1433 3070 1501 μὴ
3115 1435 3367 1498 βλέπων
3404 1437 3510 1488 τὸν

1921 1515 2123 1582 ἣλιον.
2169 1515 2339 1568 Τοῦτο
2372 1516 2427 1568 δὲ
2476 1515 2808 1588 ὑπερέϐαινε
2844 1517 2942 1586 τὴν
2985 1516 3197 1568 Παύλου
3232 1519 3326 1571 καὶ
3375 1518 3510 1571 πάνο

1919 1613 2027 1649 των
2063 1596 2365 1667 ἀνθρώπων
2409 1597 2589 1665 φύσιν,
2642 1597 2782 1666 λέγω
2819 1597 2882 1667 δὴ
2913 1597 2972 1650 τὸ
3006 1601 3269 1666 ἀφανίσαι
3310 1600 3510 1668 ὀφθαλ-

1924 1681 2059 1748 μοὺς
2087 1680 2231 1750 λόγῳ
2259 1679 2569 1751 ἀνθρώπου.
2597 1681 2766 1747 Λόγος
2800 1677 2892 1732 οῦν
2924 1680 3211 1750 ἀνθρώπου
3246 1682 3306 1733 οὑ
3344 1699 3510 1751 μετα-

1919 1761 2104 1816 ϐάλλει
2149 1763 2328 1831 φύσιν,
2367 1763 2488 1817 οὑτε
2532 1764 2721 1832 τυφλοί
2747 1762 2843 1833 τὴν
2871 1763 3011 1831 ὄψιν.
3042 1764 3155 1816 Ἵνα
3185 1759 3277 1817 οῦν
3321 1765 3393 1833 μή
3425 1782 3509 1828 τις

1916 1846 2227 1916 ἀποϐλέψας
2260 1851 2335 1912 εἰς
2369 1848 2438 1900 τά
2481 1847 2797 1917 ἀνθρώπινα
2840 1847 3080 1918 ῥήματα,
3123 1847 3338 1917 ξενισθῇ
3381 1849 3509 1920 περὶ

1915 1930 1984 1981 τὰ
2036 1932 2357 2002 πράγματα,
2403 1932 2496 1984 καὶ
2547 1933 2772 2002 νομίσας
2819 1931 3238 2000 πεπλανημένον
3272 1926 3508 1985 εἶναιτὸ

1919 2015 2092 2086 ῥῆμα,
2128 2015 2415 2083 προτάττει
2451 2016 2614 2069 πάλιν
2646 2019 2678 2086 ἡ
2712 2015 2899 2087 Γραφὴ
2934 2015 3026 2068 τοῦ
3060 2014 3378 2084 Πνεύματος
3409 2015 3507 2085 τὴν

1917 2097 2222 2150 αὑθεντίαν.
2264 2099 2399 2150 Τότε
2446 2097 2530 2168 δὴ.
2575 2100 2759 2169 φησιν,
2807 2102 2839 2152 ὀ
2875 2099 3115 2163 Παῦλος
3163 2099 3508 2164 Πνεύματος

1917 2179 2091 2247 ἁγίου
2127 2181 2424 2246 πλησθεὶς
2450 2177 2580 2235 εἶπε
2620 2181 2771 2249 πρὸς
2801 2183 3006 2236 αὐτόν.
3037 2183 3220 2250 Ἔχεις
3261 2181 3354 2233 καὶ
3392 2180 3509 2232 ἐτέ-

1920 2280 2022 2332 ραν
2050 2263 2326 2329 ἀπόδειξιν
2360 2264 2701 2335 Πνεύματοςο
2733 2265 2828 2318 ὲάν
2861 2265 2998 2333 ὑπὲρ
3027 2264 3256 2333 δύναμιν
3293 2263 3508 2334 ἰδιώτης

1917 2350 2126 2423 λαλήσῃ
2151 2367 2164 2380 ·
2196 2351 2332 2405 ἀλλὰ
2359 2353 2518 2404 πάλιν
2546 2354 2578 2422 ἡ
2606 2352 2798 2422 Γραφὴ
2827 2351 2905 2421 τῷ
2936 2351 3213 2421 Πνεύματι
3242 2351 3340 2420 τὴν
3365 2350 3508 2420 ἐνέρ-

1916 2453 2070 2504 γειαν
2102 2437 2416 2504 ἐπιγράφει.
2463 2430 2605 2499 Οἷον,
2636 2437 2940 2504 δημηγορεῖ
2968 2434 3168 2503 Πέτρος
3199 2434 3290 2486 καὶ
3323 2434 3506 2487 Ἰωάνο

1917 2535 2014 2587 νης
2053 2520 2111 2570 ἐν
2144 2517 2223 2588 τῷ
2267 2518 2460 2588 πλήθει
2495 2518 2601 2569 τῶν
2635 2516 2935 2570 Ἰουδαίων“
2972 2516 3082 2569 Καὶ
3123 2517 3276 2572 τότε.
3317 2515 3504 2585 φησὶν,

1917 2605 1950 2655 d
1990 2601 2213 2668 Πέτρος
2249 2600 2544 2666 πλησθεὶς
2588 2599 2931 2668 Πνεύματος
2975 2599 3147 2666 ἁγίου
3180 2595 3310 2652 εἶπε
3355 2599 3506 2665 πρὸς

1917 2683 2024 2736 τόν
2056 2685 2246 2737 λαόν·
2291 2686 2359 2736 El
2400 2682 2637 2736 δίκαιόν
2673 2683 2843 2735 ἐστιν
2884 2683 3141 2735 ἐνώπιον
3181 2682 3287 2736 τοῦ
3332 2681 3501 2744 Θεοῦ,

1915 2764 2083 2834 ὑμῶν
2114 2765 2360 2818 ἀκούειν
2393 2765 2655 2833 μᾶλλον,
2685 2767 2722 2832 ἢ
2753 2764 2858 2818 τοῦ
2900 2765 3070 2825 Θεοῦ,
3109 2764 3364 2831 κρίνατε.
3407 2764 3506 2814 Διὰ

1915 2849 1966 2900 τί
1987 2844 2101 2909 οὖν,
2123 2848 2426 2913 Πλησθεὶς
2449 2850 2791 2915 Πνεύματος
2819 2849 3020 2914 ἀγι¹ου;
3048 2847 3262 2916 Ἐπειδὴ
3291 2847 3507 2915 ἰδιώτην

1918 2930 2272 2994 ὑπερέϐαινεν
2317 2932 2350 2999 ἡ
2388 2931 2698 3000 παρρησία,
2732 2930 2816 2980 ἵνα
2857 2931 2929 2999 μή
2977 2947 3059 2992 τις
3091 2933 3169 2992 είς
3216 2930 3306 2981 τὸν
3352 2929 3504 2980 ἁλιέα

1917 3011 2264 3081 ἀποϐλέψας,
2317 3012 2593 3083 ἀπιστήσῃ
2643 3014 2710 3081 τῇ
2749 3012 3031 3081 παρρησία
3079 3011 3170 3062 τοῦ
3223 3011 3378 3076 λόγου
3409 3011 3502 3064 τοῦ

1917 3094 2092 3162 ἁγίου,
2132 3094 2398 3165 προέταξε
2429 3095 2521 3147 τοῦ
2573 3094 2728 3161 ἁγίου
2774 3093 3089 3162 Πνεύματος
3133 3094 3228 3164 τὴν
3288 3095 3500 3162 σοφίαν,

1916 3178 2002 3230 ἵνα
2046 3177 2119 3246 μὴ
2155 3177 2442 3248 θαυμάσῃς
2473 3178 2570 3245 τὴν
2596 3177 2879 3247 χορηγίαν.
2914 3178 3307 3248 Σκοπὴσωμεν,
3342 3179 3390 3229 εί
3420 3177 3504 3230 ὁο-

1915 3263 2020 3325 κεῖ,
2048 3263 2142 3314 καὶ
2170 3261 2377 3332 ἕτερον,
2413 3262 2498 3314 ἵνα
2523 3264 2616 3314 ἐπὶ
2642 3261 2821 3313 πλεῖον
2843 3263 2875 3330 ἡ
2908 3259 3194 3329 βεὸαίωσις
3221 3261 3502 3334 ἐπιλάμψῃ

1912 3351 2024 3411 τοῖς
2051 3351 2379 3418 εἰρημένοις.
2419 3349 2713 3416 Ἀνοίγεται
2734 3347 2961 3417 οὐρανὸς
2989 3348 3183 3414 ἁγίοις,
3213 3348 3346 3400 ἁλλὰ
3369 3349 3499 3401 ἀνευ

1914 3430 2228 3500 Πνεύματος
2254 3431 2348 3484 τοῦ
2386 3432 2542 3500 ἁγίου
2574 3431 2673 3483 οὑκ
2707 3430 3013 3498 άνοίγεται’
3047 3430 3107 3482 οὑ
3152 3430 3260 3500 γάρ
3301 3431 3500 3494 ὀφθαλ-

1917 3516 2037 3584 μοῖς
2085 3515 2287 3585 σαρκὸς
2333 3516 2524 3584 ὁρᾶται
2573 3513 2798 3585 οὐρανὸς
2833 3512 3205 3582 ἀνοιγόμενος,
3252 3512 3369 3567 ἀλλ’
3395 3513 3499 3565 ὑπὸ

1911 3599 2012 3668 τῆς
2054 3599 2146 3652 τοῦ
2187 3599 2342 3666 ἁγίου
2389 3597 2703 3668 Πνεύματος
2736 3597 3033 3668 ἐνεργείας.
3082 3591 3200 3650 Εἷδε
3230 3597 3498 3666 Στέφανος

1911 3683 2036 3746 τοὺς
2069 3683 2332 3752 οὐρανοὺς
2363 3683 2762 3752 ἀνεῳγμένους,
2807 3681 2942 3744 ἀλλ’,
2978 3680 3053 3743 ὡς
3082 3682 3116 3752 ἡ
3152 3681 3341 3750 Γραφή
3389 3697 3495 3749 φη-

1914 3783 2017 3830 σιν,
2062 3767 2321 3836 ὑπάρχων
2359 3766 2572 3836 πλήρης
2607 3764 2923 3833 Πνεύματος
2965 3764 3145 3831 ἁγίου,
3187 3759 3344 3816 εἶδεν.
3389 3765 3496 3815 υὺ-

1910 3848 2082 3917 δαμοῦ
2110 3849 2310 3908 τοίνυν,
2335 3850 2573 3917 ἀδελφοὶ.
2602 3849 2828 3918 οὑρανὸν
2857 3847 3002 3900 ἐστιν
3031 3848 3159 3900 ίδεῖν
3180 3847 3308 3900 ἄνευ
3336 3847 3497 3899 Πνεύι

1915 3948 2083 3999 ματος
2129 3931 2496 3999 ἀνοιγόμενον,
2541 3928 2662 3982 οὔτε
2696 3929 2980 3982 αὑθεντίαν
3015 3929 3360 3991 διδασκαλίας
3411 3933 3496 3981 tv-

1910 4014 2197 4079 δύσασθαι,
2219 4016 2280 4067 οὑ
2313 4014 2542 4084 δύναμιν
2573 4011 2866 4080 θαυμάτων
2889 4010 3220 4075 ἐνδείξασθαι
3249 4013 3374 4066 ἄνευ
3402 4012 3494 4065 τοῦ

1914 4098 2071 4165 ἁγίου
2133 4097 2228 4150 καὶ
2291 4094 2669 4168 προσκυνητοῦ
2729 4096 3066 4163 Πνεύματος.
3127 4094 3328 4149 Πάντα
3386 4095 3496 4164 γὰρ

1911 4181 2137 4249 ἐνεργεῖ
2174 4179 2243 4232 ἓν
2286 4179 2382 4232 καί
2438 4179 2506 4231 τὸ
2552 4177 2698 4232 αὐτὸ
2744 4178 3019 4246 Πνεῦμα,
3063 4176 3333 4245 διαιροῦν
3376 4178 3490 4244 ίδίςι

1913 4265 2168 4331 ἑκάστῳ,
2204 4265 2395 4332 καθὼς
2418 4265 2705 4329 ,βούλεται
2726 4280 2740 4294 ο
2785 4255 2830 4331 ᾧ
2873 4262 2906 4332 ἡ
2938 4261 3062 4330 δόξα
3093 4263 3172 4327 είς
3200 4264 3324 4327 τοὺς
3359 4263 3483 4316 αἰῶ-

1913 4366 2011 4412 νας
2058 4349 2167 4402 τῶν
2194 4349 2426 4405 αἰώνων.
2467 4350 2658 4420 Ἀμήν.

3074 5776 3154 5835 32
