3984 6470
510 448 626 508 517
1749 469 1852 521 8Ρῖ
1885 461 2018 524 NA.
2051 501 2118 511 —-

2177 470 2494 528 thNlTl‘M.
3633 484 3766 541 518

512 639 3750 692 mw

648 883 1031 944 'MONI'I‘UM
1077 885 1156 946 ΙΝ
1204 888 1652 949 EPISTOLAM
1698 890 2178 963 SEQUENTEM
2227 895 2337 955 AD
2386 897 2879 959 THEODORUM
2925 900 3588 972 MOPSUESTENUM,

1368 1072 1559 1153 Cujus
1601 1074 1861 1151 antiqua
1897 1075 2102 1134 versio
2137 1076 2368 1140 Latina
2407 1078 2504 1140 hic
2537 1081 2890 1159 profertur.

564 1273 712 1347 [530]
743 1274 916 1345 llujus
944 1277 1207 1347 epistolae,
1239 1296 1398 1348 quam
1430 1282 1614 1338 Graece
1644 1295 1695 1339 et
1739 1286 1928 1342 Latine
1971 1287 2220 1342 dedimus
2254 1286 2423 1341 Tomo
2470 1287 2651 1353 tertio,
2686 1303 2741 1356 p.
2773 1287 2897 1351 655,
2932 1287 3308 1356 interpretatio
3351 1298 3509 1344 vetus
3562 1289 3765 1346 Latina

493 1363 723 1419 habetur
749 1365 802 1419 in
836 1366 1203 1437 Manuscripto
1227 1371 1458 1437 quodam
1483 1371 1828 1430 Bibliotheca:
1864 1386 2062 1430 nostra:
2094 1374 2594 1446 Sangcrmanensis;
2629 1386 2684 1430 et
2711 1377 2762 1430 in
2789 1377 3029 1446 catalogo
3055 1377 3542 1448 Manuscriptorum
3573 1397 3766 1435 enun-

491 1454 759 1518 tiabatur;
799 1455 891 1510 sed
915 1455 1264 1527 Manuseripti
1294 1475 1555 1515 numerus
1588 1478 1873 1533 perperam
1911 1464 2122 1534 positus
2145 1480 2252 1520 non
2291 1480 2482 1534 parum
2513 1466 2712 1536 negotii
2748 1466 3056 1536 laborisque
3089 1470 3297 1531 attulit;
3359 1479 3579 1524 notatur
3603 1473 3766 1526 enim

488 1544 674 1599 Codex
696 1545 820 1610 727,
869 1546 925 1599 in
977 1563 1084 1616 quo
1115 1549 1280 1618 hujus
1308 1550 1548 1619 epistolae
1593 1569 1662 1608 ne
1705 1555 1995 1626 vestigium
2039 1555 2257 1625 quidem
2303 1557 2576 1622 occurrit;
2618 1557 2837 1611 demum
2874 1566 3055 1612 autem
3107 1559 3194 1612 illa
3224 1571 3346 1629 post
3374 1561 3593 1616 multam
3623 1579 3762 1632 per-

491 1636 840 1706 quisitionem
874 1638 928 1691 in
960 1637 1164 1694 Codice
1193 1641 1296 1696 326
1323 1654 1536 1712 reperta
1567 1645 1687 1700 fuit.

561 1724 709 1780 Illam
741 1737 921 1782 autem
963 1729 1053 1784 hic
1081 1731 1242 1786 edere
1279 1733 1455 1787 visum
1485 1744 1588 1799 est,
1633 1737 1760 1806 quia
1809 1739 1950 1794 circa
1997 1739 2138 1794 illam
2183 1738 2466 1809 epistolam
2507 1739 2627 1794 duae
2661 1740 3006 1795 difﬁcultates
3031 1751 3233 1794 exortae
3258 1741 3494 1805 fuerant,
3542 1753 3602 1796 ut
3628 1759 3761 1797 mo-

491 1815 709 1871 nuimus
740 1818 792 1871 in
818 1819 963 1874 notis
992 1819 1059 1875 ad
1093 1823 1362 1887 eamdem,
1423 1825 1620 1894 quibus
1646 1828 1918 1883 solvendis
1959 1829 2368 1884 difﬁcultatibus
2397 1845 2651 1900 magnum
2680 1830 2838 1884 affert
2871 1840 3205 1884 momentum
3239 1831 3355 1886 haec
3393 1841 3549 1885 vetus
3579 1832 3763 1886 inter-

491 1912 726 1978 pretatio
756 1910 969 1968 Latina.
1002 1912 1156 1970 Prior
1180 1926 1362 1971 autem
1393 1918 1684 1974 difﬁcultas
1715 1921 1842 1978 hinc
1876 1923 2050 1978 oritur
2079 1923 2223 1993 quod
2255 1923 2417 1993 hujus
2463 1923 2728 1991 epistolae,
2778 1939 2898 1992 quae
2924 1922 3062 1977 CXII
3091 1935 3428 1986 numeratur,
3472 1925 3656 1978 titulus
3693 1925 3756 1976 in

491 2002 746 2060 omnibus
776 2002 902 2058 Mss.
945 2015 1106 2075 atque
1155 2008 1326 2063 Editis
1367 2009 1446 2064 sic
1493 2011 1690 2067 habeat
1724 2031 1736 2067 :
1769 2014 2028 2086 Θεοδώρῳ
2085 2016 2388 2086 ὲπισκόπῳ,
2457 2015 2719 2069 Theodoro
2764 2015 3040 2082 episcopo;
3095 2013 3251 2081 cujus
3288 2023 3467 2067 autem
3513 2014 3760 2069 civitatis

491 2095 783 2166 episcopus
840 2109 985 2154 esset
1014 2116 1124 2154 non
1183 2104 1515 2159 enuntiatur.
1550 2104 1694 2161 Pene
1737 2117 1917 2163 tamen
1950 2127 2178 2166 concors
2205 2110 2539 2164 eruditorum
2589 2108 2775 2178 opinio
2831 2116 2967 2169 erat,
3017 2107 3162 2161 hunc
3216 2103 3560 2159 Theodorum
3625 2119 3759 2158 ess:

494 2185 958 2256 Mopsuestenum.
988 2192 1056 2246 At
1082 2192 1137 2247 in
1160 2193 1400 2251 Concilio
1425 2198 1489 2264 V,
1524 2199 1695 2255 Tomo
1721 2201 1762 2255 ’τ’
1794 2201 2028 2267 Labbaﬁ,
2084 2218 2137 2271 p.
2170 2203 2292 2265 490,
2345 2211 2594 2272 negatur,
2637 2215 2759 2254 eum
2793 2200 2879 2254 cui
2926 2200 3040 2253 haec
3083 2198 3313 2252 mittitur
3350 2197 3576 2266 epistola
3627 2212 3760 2250 esse

493 2281 840 2338 Theodorum
888 2284 1350 2356 Mopsuestenum.
1395 2292 1454 2346 In
1509 2293 1876 2365 Manuscripto
1923 2306 2103 2351 autem
2148 2307 2337 2351 nostro
2372 2295 2561 2350 titulus
2614 2304 2696 2349 est
2748 2293 3009 2348 :Joamiis
3056 2289 3626 2356 Constantinopolitani
3677 2291 3760 2340 ad

494 2371 820 2429 Theodorum
850 2375 1273 2446 Mopsuestenum
1297 2384 1610 2452 episcopum.
1639 2387 1777 2442 Hine
1801 2389 1982 2443 videas
2007 2388 2117 2458 jam
2149 2388 2342 2458 priscis
2368 2387 2471 2440 illis
2505 2387 2838 2455 temporibus
2871 2382 3217 2437 Theodorum
3254 2382 3403 2435 illum
3434 2381 3754 2449 episcOpmn

491 2481 592 2535 1)Γο
622 2465 1002 2537 Μορδυθδίθηο
1027 2471 1265 2526 habilum
1291 2475 1481 2538 {01558.
1514 2479 1566 2531 id
1598 2482 1739 2549 quod
1769 2484 1932 2536 etiam
1961 2484 2314 2538 conﬁrmatur
2343 2496 2408 2534 ex
2435 2482 2786 2534 annotatione
2817 2486 3096 2546 sequente.

564 2559 812 2615 Secunda
843 2561 1130 2618 dililcultas
1167 2578 1230 2618 ex
1255 2565 1495 2635 epistolae
1520 2571 1627 2626 ﬁne
1649 2574 1908 2643 exsurgit,
1941 2574 2033 2628 ubi
2063 2575 2140 2628 sic

2177 2573 2368 2644 legitur
2398 2572 2452 2625 in
2479 2571 2639 2625 Edito
2678 2580 2864 2624 nostro
2903 2588 2914 2623 :
2964 2569 3023 2620 οὐ
3055 2566 3163 2637 γὰρ
3195 2567 3292 2634 τὴν
3326 2565 3613 2634 τυχοῦσαν,
3650 2565 3753 2616 καὶ

487 2649 550 2702 ὲν
586 2651 789 2722 ἐρημίᾳ
837 2653 1170 2724 καθήμενοι,
1219 2661 1576 2730 καρπούμεοα
1633 2664 1730 2734 τὴν
1783 2665 2152 2735 παράκλησιν,
2206 2667 2334 2717 ὅταν
2387 2661 2641 2715 τοσοῦτον
2699 2663 2757 2713 ἐν
2804 2660 3001 2730 καρδίᾳ
3049 2658 3323 2728 θησαυρὸν
3367 2657 3461 2708 καὶ
3517 2654 3756 2707 πλοῦτον

488 2745 853 2817 ἀποκείμενον
883 2746 1095 2818 ἔχωμεν
1118 2751 1217 2820 τῆς
1240 2753 1605 2826 ἐγρηγορυίας
1629 2759 1722 2810 καὶ
1750 2760 2002 2826 γενναίας
2041 2776 2131 2811 σου

2177 2759 2335 2827 ιιυχῆς
2363 2758 2461 2826 τὴν
2493 2757 2713 2824 ἀγάπην
2749 2773 2760 2807 :
2796 2755 2834 2807 i.
2867 2770 2915 2808 e.
2947 2753 3124 2823 Neque
3165 2753 3323 2813 enim,
3375 2753 3429 2804 in
3478 2753 3574 2803 Itac
3632 2750 3758 2803 licet

493 2835 772 2892 solitudine
792 2839 970 2906 positi,
993 2840 1263 2909 vulgarem
1291 2847 1700 2914 consolationem
1723 2849 1978 2916 capimus,
2007 2863 2122 2900 cum
2161 2857 2368 2900 tantum
2403 2847 2458 2899 in
2487 2847 2638 2898 corde
2665 2845 2966 2897 thesaurum
2995 2851 3272 2910 tantasque
3301 2857 3420 2909 opes
3451 2840 3753 2893 reconditas

489 2929 759 2994 habemus,
802 2928 896 2982 hoe
931 2939 1027 2992 est,
1063 2932 1332 3000 vigilantis
1365 2953 1429 2988 ac
1463 2939 1698 3006 generosi
1743 2940 1908 2991 animi
1957 2941 2034 2991 tui
2064 2939 2364 2990 caritatem.

559 3015 717 3071 llunc
768 3031 929 3085 porro
959 3016 1136 3071 locum
1170 3020 1235 3074 ad
1264 3019 1555 3078 Frontonis
1598 3025 1779 3080 Duczei
1828 3037 1883 3081 ct
1930 3026 2110 3080 Savilii
2145 3025 2454 3080 Editionum
2509 3023 2668 3078 ﬁdem
2717 3022 3003 3077 edidimus.
3038 3020 3114 3074 Ex
3151 3030 3383 3089 quatuor
3412 3029 3592 3073 autem
3643 3018 3758 3071 bla-

492 3107 807 3177 nuscriptis,
838 3107 993 3176 queis
1024 3110 1104 3162 usi
1132 3122 1341 3178 sumus,
1379 3116 1591 3170 duobus
1619 3130 1816 3186 nempe
1847 3117 2141 3179 Vaticanis,
2178 3133 2288 3171 uno
2318 3117 2486 3187 Regio
2516 3128 2571 3170 et
2601 3132 2711 3170 uno
2740 3114 3092 3175 Coisliniano,
3137 3112 3336 3181 Regius
3362 3121 3414 3164 et
3459 3109 3761 3164 Vaticanus

490 3219 634 3259 unus
669 3205 890 3262 habent,
923 3201 980 3252 ὲν
1024 3205 1220 3274 καρδίᾳ
1267 3204 1561 3276 θησαυρόν,
1595 3217 1656 3262 ιιι
1683 3225 1873 3278 supra;
1908 3209 1997 3263 alii
2028 3217 2142 3262 aute

2177 3224 2209 3260 n
2237 3208 2364 3272 duo,
2399 3209 2456 3258 ὲν
2495 3206 2716 3274 Κιλικίᾳ
2763 3204 3054 3274 θησαυρόν.
3093 3202 3263 3266 Quam
3294 3202 3578 3255 lectionem
3618 3218 3759 3255 con-

492 3296 673 3350 ﬁrmat
729 3294 903 3349 Codex
959 3303 1145 3348 noster
1189 3295 1669 3366 Sangermanensis
1720 3301 1777 3354 in
1810 3315 1918 3369 quo
1966 3299 2179 3369 legitur,
2233 3298 2390 3351 talem
2432 3299 2487 3350 in
2543 3297 2726 3351 Cicilia
2771 3297 3094 3347 thesaurum.
3153 3291 3290 3346 Huic
3343 3292 3562 3347 lectioni
3613 3293 3762 3350 favet

495 3388 658 3444 etiam
704 3384 992 3439 Facundus
1036 3385 1442 3443 Hcrmianensis
1487 3390 1580 3444 lib.
1626 3392 1678 3454 7,
1718 3407 1837 3461 cap.
1877 3391 1929 3456 7,
1985 3407 2038 3459 p.
2091 3391 2228 3456 655,
2287 3389 2431 3444 Edit.
2483 3387 2778 3452 Sirmondi,
2817 3386 2946 3449 fol.;
2975 3385 3065 3454 qui
3123 3383 3409 3438 Facundos
3438 3399 3655 3454 quoque
3701 3389 3761 3440 ὲν

495 3473 718 3546 Κιλικῖᾳ
747 3476 964 3545 legerat.
1004 3475 1185 3545 Itaque
1236 3479 1375 3534 hanc
1408 3478 1695 3535 lectionem
1745 3482 1801 3535 ὲν
1855 3480 2099 3551 Κιλικίᾳ,
2133 3499 2142 3533 t

2177 3495 2295 3533 uam
2327 3479 2528 3533 ibidem
2564 3478 2619 3531 in
2656 3487 2784 3530 nota
2818 3491 3126 3545 germanam
3165 3490 3286 3527 esse
3319 3475 3758 3542 suspicabamur,

488 3565 601 3635 jam
632 3582 814 3621 veram
841 3584 962 3624 esse
991 3569 1424 3639 pronuntiamus,
1464 3573 1651 3637 sicque
1674 3584 1896 3639 prorsus
1921 3571 2206 3641 legentium
2237 3585 2357 3624 esse
2389 3583 2696 3624 censemus.
2726 3569 2782 3620 Si
2811 3583 2972 3636 porro
2996 3566 3314 3619 Theodorus
3348 3565 3436 3617 hic
3480 3565 3534 3617 in
3568 3565 3759 3618 Cilicia

494 3658 782 3727 episcopus
817 3660 997 3726 fuerit,
1042 3662 1186 3714 haud
1241 3662 1402 3715 dubie
1437 3661 1851 3730 Mepsucsteuus
1881 3663 2001 3727 erit,
2041 3663 2184 3732 quod
2232 3664 2396 3716 etiam
2432 3663 2485 3714 in
2520 3661 2676 3713 titulo
2706 3660 2880 3712 fertur
2929 3657 2983 3710 in
3030 3656 3394 3724 Manuscripto
3435 3656 3761 3725 Sangerma-

494 3754 674 3819 ncnsi,
710 3755 780 3807 ad
822 3755 1138 3810 Theodorum
1179 3756 1591 3824 Mopsucstenum
1623 3759 1941 3825 episcopum,
1993 3773 2114 3812 cum
2153 3757 2388 3825 alioquin
2420 3755 2629 3809 nullum
2652 3754 2816 3807 alium
2847 3755 2899 3806 in
2930 3752 3117 3806 Cilicia
3162 3752 3476 3819 episcopum
3519 3751 3757 3819 Chryso-

494 3849 656 3904 stomi
701 3851 935 3905 amicum
968 3851 1133 3906 fuisse
1160 3853 1411 3916 sciamus,
1445 3861 1805 3921 praeterquam
1840 3851 2186 3905 Theodorum
2223 3850 2685 3920 Mopsuestenum.

567 3943 696 3996 llaec
746 3942 925 4012 itaque
979 3943 1141 3998 lectio
1191 3960 1288 4013 pro
1319 3954 1522 3998 asserta
1547 3946 1657 4015 jam
1686 3953 1739 3998 et
1768 3944 2068 3998 indubitata
2102 3943 2287 3998 haberi
2318 3944 2498 3997 debet.
2541 3943 2726 4012 Neque
2761 3951 2939 3995 tamen
2992 3937 3350 3993 omittendum
3385 3946 3493 3998 est,
3525 3936 3578 3990 id
3614 3937 3759 4004 quod

493 4033 748 4090 observat
782 4031 1183 4095 Tillemontius,
1217 4032 1428 4086 etiamsi
1460 4036 1516 4085 ὲν
1550 4031 1748 4102 καρδίᾳ
1793 4032 2082 4102 legeretur,
2121 4031 2266 4086 hunc
2307 4042 2488 4086 tamen
2533 4031 2879 4085 Theodorum
2907 4044 3025 4082 esse
3059 4028 3500 4096 Mopsuestenum
3533 4028 3762 4079 omnino

491 4135 746 4194 Oportere
777 4143 789 4178 :
819 4140 944 4178 nam
999 4125 1134 4178 duos
1164 4124 1336 4177 solum
1369 4122 1682 4175 Theodoros
1723 4123 1993 4183 novimus,
2038 4119 2106 4173 ad
2134 4135 2270 4187 quos
2315 4120 2430 4173 haec
2455 4119 2680 4187 epistola
2731 4118 2894 4170 missa
2930 4115 3095 4169 fuisse
3132 4114 3389 4182 potuerit,
3419 4113 3758 4181 Mopsueste-

494 4230 626 4268 nunt
656 4229 852 4285 nempe
883 4214 938 4267 in
965 4213 1171 4274 Cilicia,
1205 4222 1260 4265 et
1295 4211 1570 4281 Tyaneum
1603 4212 1659 4262 in
1686 4209 2045 4279 Cappadocia.
2071 4207 2289 4277 Tyaneo
2319 4218 2498 4261 autem
2529 4207 2676 4260 nulla
2711 4207 2877 4260 fuisse
2905 4203 3302 4258 consuetudine
3335 4202 3558 4270 junctus
3605 4203 3760 4257 vidc-

496 4315 585 4360 ιω·
614 4304 1063 4376 Chrysostomus;
1096 4301 1368 4355 Theodori
1397 4296 1972 4366 autemidopsucsteni
2000 4313 2028 4350 a
2057 4311 2226 4366 puero
2256 4299 2462 4352 amicus
2487 4298 2687 4351 fuerat.

3184 4542 3724 4556 _,__.-_._._-._.-_———

1613 4551 1944 4561 ___.___——-———

1373 4555 1606 4562 _—__—

751 4555 999 4567 ————__.

1006 4556 1372 4567 __———————

521 4557 743 4572 ——

739 4663 820 4716 lt’a:
840 4662 1008 4715 codice
1035 4660 1086 4712 Μ
1096 4663 1133 4715 S
1143 4699 1155 4713 .
1182 4678 1322 4714 num.
1356 4661 1461 4716 526
1487 4661 1809 4715 Bibliothecte
1835 4663 1994 4715 sancti
2027 4661 2267 4715 Germani
2286 4680 2314 4712 α
2344 4659 2646 4729 Ρνηιίςνᾳιιὶ
2675 4678 2806 4715 nono
2834 4662 3017 4715 swculo
3038 4661 3315 4730 descriptus
3341 4665 3455 4730 fuit.

923 4796 1108 4862 Incipit
1135 4795 1389 4850 Johannis
1415 4794 1983 4864 Constantinopolitani
2014 4794 2078 4849 ad
2104 4795 2442 4850 Theodorum
2473 4794 2897 4865 Mopsuestenum
2923 4795 3268 4866 Episcopum.

568 4931 621 4989 Si
649 4937 790 4986 esset
818 4927 1025 4998 quidem
1050 4926 1229 4980 venire
1255 4925 1523 4994 possibile,
1554 4936 1798 4993 tuamque
1825 4941 2075 4980 reveren-

498 5025 622 5079 tiam
653 5022 1028 5088 caritatemque
1057 5017 1358 5084 complecti,
1393 5017 1441 5068 in
1471 5017 1578 5083 ipsa
1606 5015 1880 5083 jucundari
1903 5054 1917 5077 ,
1949 5031 2069 5068 eum

498 5117 660 5170 multa
705 5114 806 5166 hoc
853 5110 1128 5164 velocitate
1164 5119 1217 5161 et
1258 5107 1432 5160 studio
1460 5108 1788 5161 faceremus:
1823 5107 2067 5175 quoniam

498 5215 674 5258 autem
708 5203 806 5256 hoc
832 5201 982 5253 nobis
1008 5215 1111 5251 non
1140 5197 1364 5266 adjacet,
1397 5213 1536 5250 nunc
1565 5199 1730 5251 literis
1755 5198 1852 5250 hoc
1883 5197 2069 5265 imple-

497 5309 635 5348 mus.
662 5293 715 5346 Si
759 5291 898 5345 enim
945 5289 1009 5341 ad
1059 5289 1204 5357 ipsos
1251 5288 1381 5342 fines
1425 5287 1606 5341 mundi
1645 5287 1934 5347 ducamur.
1968 5299 2070 5340 tua:

495 5381 794 5440 dilectionis
822 5379 1173 5448 integritatem
1200 5387 1253 5431 et
1277 5379 1556 5440 fervorem,
1587 5387 1641 5432 et
1668 5380 1782 5430 sine
1809 5378 1931 5430 dolo
1961 5378 2068 5429 sin-

494 5475 768 5530 ceritatem
796 5469 1031 5524 oblivisci
1063 5483 1167 5521 non
1198 5481 1492 5534 possumus,
1520 5482 1635 5534 qua:
1664 5475 1745 5519 est
1771 5467 1981 5533 antiqua
2013 5475 2068 5518 et

494 5581 523 5617 a
564 5561 819 5632 principio
844 5601 857 5620 ,
885 5573 1146 5627 quamque
1179 5570 1317 5607 nunc
1349 5556 1672 5607 monstrasti.
1701 5555 1881 5624 Neque
1923 5556 2062 5606 enim

496 5667 590 5706 nos
618 5650 768 5705 latuit
796 5658 989 5717 quanta
1023 5662 1115 5714 pro
1145 5646 1294 5697 nobis
1321 5656 1374 5696 et
1413 5645 1585 5697 dicere
1624 5655 1676 5697 et
1716 5646 1884 5697 facere
1916 5643 2064 5697 festi-

495 5743 651 5808 ttasti,
674 5755 824 5796 meus
849 5738 960 5808 (sic)
985 5737 1384 5791 honoratissimo
1407 5746 1562 5804 atque
1589 5738 1936 5791 sanctissime.
1962 5737 2064 5791 Sed

2179 4926 2276 4980 etsi
2304 4925 2433 4980 nihil
2459 4927 2683 4996 amplius
2710 4928 2901 4981 factum
2929 4937 3010 4980 est
3030 4967 3043 4990 ,
3077 4928 3239 4980 Deum
3269 4937 3441 4983 tamen
3477 4929 3638 4985 habes
3662 4947 3756 5000 pro

2181 5023 2269 5069 tuo
2296 5016 2468 5069 studio
2493 5026 2546 5071 et
2570 5019 2841 5071 alacritate
2866 5017 3158 5071 debitorem
3181 5061 3195 5083 ,
3221 5019 3580 5090 integramque
3612 5038 3757 5075 mer-

2178 5107 2382 5160 cedem.
2409 5107 2512 5158 Nos
2540 5117 2711 5159 autem
2741 5123 2844 5160 non
2874 5107 3212 5175 quiescimus,
3244 5110 3472 5164 scientes
3505 5121 3606 5163 tua:
3636 5127 3743 5179 gra-

2178 5199 2305 5251 tiam
2346 5198 2638 5250 sanctitatis
2658 5237 2671 5260 ,
2700 5207 2753 5249 et
2781 5208 2922 5249 luant
2965 5201 3311 5252 reverentiam
3342 5204 3586 5254 omnibus
3620 5217 3754 5270 pra:-

2178 5287 2413 5340 dieantes
2435 5328 2447 5349 ,
2477 5297 2633 5355 atque
2676 5297 2954 5355 poscentes
2995 5290 3236 5343 eamdem
3280 5291 3619 5345 dilectionem
3650 5293 3747 5345 ﬁn-

2176 5387 2378 5430 rentem
2412 5392 2504 5444 per
2529 5378 2702 5430 omnia
2749 5379 3073 5433 conservari.
3103 5378 3214 5432 Non
3261 5381 3401 5434 enim
3445 5382 3495 5433 in
3539 5382 3756 5436 deserto

2175 5468 2423 5521 sedentes
2477 5465 2703 5520 fortuita:
2755 5470 3150 5524 intercessionis
3203 5472 3403 5524 fructus
3457 5471 3753 5536 habemus,

2174 5557 2382 5623 quando
2402 5557 2556 5609 talem
2577 5557 2626 5609 in
2643 5557 2821 5610 Cilicia
2843 5559 3141 5611 thesaurum
3162 5569 3212 5612 et
3235 5560 3530 5612 reconditas
3546 5561 3757 5616 lelIins

2178 5647 2534 5712 possidemus:
2557 5649 2667 5700 haec
2685 5658 2763 5702 est
2785 5651 2922 5703 enim
2949 5648 3098 5703 fortis
3121 5658 3172 5701 et
3196 5649 3413 5717 vigilans
3440 5651 3629 5702 animzc
3651 5662 3754 5704 tittc

2172 5738 2404 5791 dilectio.
2443 5737 2687 5806 Exltlicit.
