3978 6452
234 468 353 522 517
1477 466 1747 522 SPURIA.
1782 496 1849 505 —-
1886 459 2223 521 MONITUM.
3384 469 3500 527 518

863 731 3453 769 Μ

1491 1176 2203 1305 SPURIA.

1754 1499 1954 1513 ._—_

1645 1805 2022 1870 MONITUM

1154 2011 1233 2073 IN
1293 2012 1496 2073 DUAS
1562 2012 1955 2076 IIOMILIAS
2016 2011 2496 2087 SEQUENTES.

280 2244 430 2318 [532]
458 2246 629 2301 Hasce
664 2245 912 2301 homilias
945 2246 1187 2316 ejusdem
1224 2248 1461 2302 auctoris
1506 2261 1627 2302 esse
1654 2262 1763 2303 non
1804 2256 1889 2302 est
1920 2248 2063 2319 quod
2089 2247 2421 2314 dubitemus,
2455 2246 2527 2303 ita
2551 2247 2687 2317 style
2719 2255 2773 2303 et
2805 2245 3041 2303 dictione
3068 2245 3272 2301 similes
3298 2254 3426 2303 sunt
3457 2260 3473 2299 :

214 2369 269 2415 et
306 2361 542 2431 alioquin
576 2360 628 2413 in
665 2360 903 2414 secunda
933 2368 1308 2429 argumentum
1359 2362 1547 2431 primae
1600 2362 1667 2416 ab
1716 2362 1869 2416 initio
1902 2362 2265 2431 prosequitur.
2321 2360 2440 2414 Non
2482 2375 2601 2415 esse
2637 2369 2817 2414 autem
2860 2358 3254 2429 Chrysostomi,
3299 2358 3478 2427 quivis

213 2490 477 2535 emunctae
534 2480 678 2534 naris
734 2482 915 2535 statim
968 2482 1248 2550 percipiat.
1301 2479 1406 2535 Sed
1448 2480 1702 2535 libentius
1733 2481 1947 2535 credam
1983 2495 2101 2534 esse
2148 2480 2450 2549 cujuspiam
2492 2494 2558 2533 ex
2600 2477 2929 2549 presbyteris
2957 2475 3338 2540 Antioeltenis,
3381 2472 3474 2544 qui

209 2593 577 2665 Chrysostomi
612 2607 854 2667 tempore
884 2597 1106 2652 alternis
1132 2598 1344 2653 vicibus
1374 2614 1553 2652 coram
1586 2598 1840 2653 Flaviano
1879 2599 2132 2668 episeopo
2160 2597 2464 2654 Antiochiae
2509 2597 2990 2653 concionabantur.
3028 2594 3167 2652 Hinc
3197 2604 3282 2650 est
3329 2593 3474 2665 quod

212 2716 266 2769 in
290 2715 451 2771 ﬁnem
479 2718 665 2786 primae
696 2716 1061 2784 homiliaepmi
1095 2719 1273 2773 κοινοῦ
1308 2720 1531 2790 πατρὸς,
1566 2722 1854 2774 communis
1904 2722 2093 2789 patris,
2135 2722 2341 2776 mentio
2370 2720 2622 2786 habetur,
2663 2731 2918 2790 tanquam
2966 2718 3270 2790 praesentis.
3320 2716 3477 2784 Quod

212 2834 348 2890 forte
373 2837 633 2907 judicium
665 2839 950 2895 ferendum
979 2849 1061 2894 est
1107 2840 1172 2896 de
1208 2841 1326 2895 aliis
1355 2840 1602 2912 plurimis
1629 2841 1964 2897 orationibus
2018 2842 2071 2895 in
2098 2840 2251 2910 queis
2278 2840 2368 2895 ille
2410 2839 2715 2895 communis
2752 2847 2907 2909 pater
2947 2851 3186 2909 presens
3230 2848 3474 2890 comme-

212 2955 475 3003 moratur.
521 2948 671 3004 Hanc
723 2960 927 3015 autem,
962 2959 1017 3005 ut
1070 2962 1125 3004 et
1176 2951 1501 3007 innumeras
1519 2952 1649 3006 alias
1680 2950 2067 3022 Chrysrstomo
2117 2952 2420 3023 adscriptas
2447 2952 2769 3023 reperimus,
2806 2952 2919 3006 sive
2970 2948 3206 3006 librariis
3234 2958 3476 3019 quaestus

212 3072 373 3112 causa
404 3060 525 3115 illas
552 3071 661 3116 tam
687 3064 883 3118 celebri
916 3066 1135 3120 nomine
1166 3066 1599 3137 insignieutibus,
1637 3066 1689 3123 id
1742 3068 1886 3138 quod
1912 3068 2210 3139 saepissime
2254 3069 2469 3135 accidit,
2498 3069 2612 3123 sive
2652 3067 2775 3123 aliis
2805 3065 3161 3137 scriptoribus
3185 3064 3474 3120 temerario

213 3183 344 3225 ausu
369 3173 534 3229 foetus
566 3191 692 3231 suos
716 3185 865 3233 tanto
899 3178 1105 3234 doctori
1136 3178 1592 3247 adscribentibus,
1618 3187 1677 3235 ut
1719 3181 2037 3239 melioribus
2076 3149 2335 3252 auspiciis
2367 3182 2419 3238 in
2452 3180 2727 3252 publicum
2760 3179 3056 3251 prodirent.
3091 3178 3473 3249 lnterpretotio

212 3289 494 3361 utriusque
526 3292 796 3349 sermonis
824 3301 908 3349 est
943 3291 1230 3351 Frontonis
1259 3295 1459 3352 Ducaei.
