3984 6430
479 444 595 499 519

1960 413 2228 472 ερωιιλ.

3663 428 3818 485 520

467 666 687 713 ξιςηιιιο
736 667 797 710 IN
849 667 1060 717 ILL'UD,
1113 665 1284 707 νιυιτ
1329 665 1488 708 DEUS
1531 666 1774 708 CU'NCTA
1821 666 1963 718 ΟΠΞ
2007 667 2060 708 F1

2172 668 2319 722 an,
2377 669 2456 711 ET
2500 669 2657 713 ecce
2707 670 2909 714 VALDE
2953 672 3114 715 noua
3163 655 3341 734 (Gen.
3404 657 3462 718 1.
3509 656 3648 743 31);
3705 675 3790 718 ετ

869 774 948 813 DE
997 773 1096 825 EO,
1143 771 1313 823 QUOD
1361 769 1576 812 DIVINA
1628 769 1896 821 ELOQUIA
1941 770 2245 814 JUCUNDIS
2289 770 2647 825 QUIBUSQUE
2684 774 2885 818 REBUS
2929 776 3408 819 ANTECELLUNT.

1940 881 2256 940 eam

543 1002 594 1054 1.
623 998 848 1054 Pulchra
877 1012 1004 1051 sane
1035 1003 1157 1050 sunt
1186 995 1394 1064 pietatis
1414 1001 1569 1064 prata
1595 1033 1611 1058 ,
1641 1007 1760 1064 qua:
1787 1006 1892 1064 non
1919 1005 2059 1064 tem-

468 1071 694 1143 porariis
743 1068 1012 1143 coloribus
1067 1061 1295 1143 nitent,_
1330 1061 1438 1143 sed
1478 1063 1780 1143 c:clestil_i.us.
1821 1061 2061 1143 .floriltus

470 1132 785 1197 redundant.
820 1138 1003 1192 Flores
1031 1149 1208 1191 autem
1249 1133 1454 1203 pietatis
1484 1142 1641 1196 sunt,
1671 1133 1927 1203 divinitus
1976 1132 2060 1203 in-

468 1213 682 1280 spirata:
721 1208 1153 1280 conversationis
1175 1201 1396 1280 fructus.
1423 1203 1675 1280 Virtutes
1697 1205 1839 1280 enim
1866 1202 1932 1256 ad
1962 1201 2064 1256 ad-

469 1274 769 1338 mirabilem
811 1280 955 1332 illam
997 1289 1050 1332 et
1079 1276 1444 1346 primigeniam
1473 1274 1921 1346 pulchritudinem
1966 1287 2063 1346 nos

467 1353 767 1416 reducunt,
807 1364 926 1416 quae
968 1349 1034 1402 ad
1079 1343 1368 1416 imaginem
1417 1343 1488 1398 et’
1515 1345 1914 1416 similitudinem
1968 1343 2061 1416 Dei

467 1365 767 1416 reducunt,
846 1365 926 1402 uti:
968 1365 1034 1402 aa
1088 1365 1368 1416 Imaglnem
1417 1365 1470 1398 et
1515 1365 1914 1397 SllllllllUUlllelll
1968 1365 2058 1398 uel

467 1434 645 1478 creata
668 1365 950 1494 eratjijlazc
973 1419 1148 1494 itaque
1169 1415 1460 1494 secundum
1479 1415 1726 1494 virttnem
1749 1413 2058 1494 similitudo,

467 1509 662 1561 equum
702 1506 800 1560 pro
843 1484 1072 1561 homine
1095 1487 1346 1561 dici_nou
1395 1485 1539 1561 sinit.
1587 1484 1733 1538 lianc
1781 1484 1963 1561 utique
2012 1484 2057 1537 si

467 1554 751 1625 sectemur,
770 1576 873 1615 non
890 1560 1000 1629 jam
1017 1559 1189 1629 lupus,
1204 1557 1366 1629 draco
1379 1555 1461 1629 vel
1477 1554 2059 1629 serpensappellamur,

466 1635 532 1689 ad
566 1635 837 1688 brutorum
865 1624 1106 1683 naturam
1125 1628 1341 1696 dejecti,
1365 1626 1457 1681 sed
1482 1626 1654 1696 imago
1681 1624 1772 1678 Dei
1799 1624 2061 1696 stupenda

467 1713 626 1774 atque
655 1701 955 1774 veneranda
983 1715 1146 1774 ,tqua:
1175 1694 1540 1768 primigeniam
1587 1695 1732 1774 illam
1762 1694 2061 1762 pulchritu-

467 1764 645 1829 (linem
695 1773 878 1826 forma:
925 1764 1120 1824 retinet
1142 1764 1246 1833 [et
1267 1764 1482 1830 sumus,
1512 1774 1565 1820 et
1604 1764 1831 1819 dicimur
1854 1806 1869 1830 ,
1901 1773 2061 1834 atque

466 1845 604 1899 adeo
651 1843 938 1897 credimur.
974 1839 1166 1893 Factus
1205 1854 1264 1893 es
1306 1837 1554 1892 dominus
1594 1834 1921 1899 bestiarum;
1952 1836 2060 1890 noli

469 1929 746 1968 servorum
791 1924 968 1965 mores
1011 1909 1204 1963 imitari
1231 1927 1242 1962 :
1269 1923 1374 1962 non
1417 1907 1555 1976 quod
1588 1907 1724 1959 mala
1754 1905 2058 1976 sintﬂbruta

465 1985 713 2040 animalia
740 2000 754 2038 :
778 1981 908 2036 nihil
939 1981 1079 2034 enim
1109 1980 1233 2032 mali
1262 1993 1293 2032 a
1321 1975 1459 2031 bono
1485 1985 1723 2031 creatum
1751 1985 1852 2031 est.
1875 1975 2059 2045 Neque

465 2058 607 2110 enim
630 2055 896 2108 existimet
916 2051 1192 2120 quisquam
1219 2050 1270 2102 in
1302 2050 1412 2102 vitii
1435 2047 1554 2101 loco
1581 2046 1914 2120 reponendas
1935 2061 2057 2120 esse

464 2126 684 2189 bestias,
709 2124 846 2193 quod
878 2117 1144 2188 tamquam
1176 2121 1431 2193 imagines
1460 2117 1700 2186 quaidam
1731 2118 1978 2193 vitiorum
2004 2117 2057 2171 in

465 2188 701 2252 medium
727 2188 1066 2263 proferantur
1089 2231 1104 2252 ,
1127 2206 1246 2263 qua;
1271 2189 1323 2242 in
1352 2190 1416 2242 iis
1443 2196 1708 2263 regnant,
1740 2188 1829 2258 qui
1856 2201 1960 2241 non
1986 2201 2057 2241 ex

463 2257 775 2342 praescripto
797 2263 1006 2342 virtutis
1030 2257 1189 2342 vitam
1203 2259 1421 2342 degu'nt.
1448 2257 1578 2311 Nam
1603 2259 1647 2342 si
1674 2258 1743 2311 ita
1760 2257 1925 2342 esset,
1959 2270 2058 2342 cur

464 2329 699 2393 dixisset
715 2337 986 2402 Scriptura
1008 2373 1023 2396 ,
1054 2331 1288 2398 Viditque
1317 2329 1455 2383 Deus
1479 2337 1801 2402 cuncta__qu¢e
1832 2329 2019 2402 fecerat
2037 2368 2054 2393 ,

466 2419 517 2462 et
558 2425 667 2461 ecce
711 2398 1022 2473 bona-(Gen.
1066 2405 1116 2473 i.
1147 2402 1269 2473 51).
1303 2415 1475 2470 neque
1513 2398 1826 2473 simpliciter
1862 2399 2053 2473 Dona,

462 2479 561 2536 sed
587 2477 742 2530 Valde
755 2468 917 2530 bona?
931 2472 1154 2541 Quando
1174 2468 1331 2541 igitur
1346 2468 1433 2526 res
1458 2477 1651 2541 creatze
1673 2469 1724 2522 in
1756 2468 2058 2541 similitudi-
2073 2495 2086 2507 -

465 2565 590 2606 item
620 2549 836 2603 malitia:
861 2539 1244 2610 adducuntur]
1263 2558 1385 2596 nam
1415 2549 1470 2596 et
1513 2540 1597 2595 leo
1626 2540 1838 2610 tyranni
1880 2539 2055 2610 imago

465 2629 568 2680 est,
585 2627 638 2672 et
657 2630 876 2686 serpens
904 2615 1102 2686 versuti
1130 2609 1380 2676 hominis,
1403 2609 1847 2686 quiquemoribus
1867 2609 2057 2686 sitne-

466 2679 762 2758 quiSsimis,
785 2697 838 2740 et
863 2684 1104 2758 scorpius
1125 2683 1455 2758 percussoris
1480 2721 1494 2742 .
1520 2688 1574 2758 et
1601 2681 1759 2758 lupus
1782 2679 2052 2748 rapacis),

465 2750 846 2828 quomodo-res
870 2750 1061 2828 creant:
1085 2750 1246 2828 boum
1269 2752 1532 2828 dicen-tur,
1563 2750 1733 2819 inquit
1752 2763 1914 2828 ,ρυλε
1938 2758 2052 2828 tam

466 2819 650 2898 aperte
682 2837 947 2895 tamquam
979 2823 1349 2898 similitudines
1387 2821 1656 2898 vitiorum“
1680 2819 2054 2898 proferuntur}

471 2887 662 2954 verum
691 2887 869 2968 Operae
912 2896 1137 2965 pretium
1174 2903 1256 2968 est
1285 2893 1579 2960 intelligant
1606 2887 1844 2968 discendi
1871 2889 2053 2957 cupidi

468 2973 614 3033 inec,
645 2971 687 3023 si
719 2960 987 3038 spectetur
1014 2965 1226 3038 propria
1255 2978 1439 3038 eorum
1472 2969 1681 3038 natura,
1714 2960 1850 3013 mala
1880 2973 2052 3028 neque

466 3031 609 3104 esse,
644 3031 817 3108 neque
844 3037 948 3091 dici
968 3078 982 3100 ,
1011 3031 1248 3108 sedeam
1279 3033 1455 3103 potius
1479 3031 1840 3108 conditionem
1866 3038 1923 3108 e_t_
1947 3039 2057 3083 sta-

467 3120 579 3168 tum
595 3101 614 3176 ⁷,
641 3101 743 3180 qui'
769 3108 986 3164 rationis
1014 3101 1610 3180 e_xpertibti3__convenit
1655 3101 2010 3180 animantibus
2039 3114 2052 3150 :

467 3171 742 3252 postquam
770 3186 943 3252 autem
967 3171 1169 3252 ratione
1189 3173 1461 3252 przeditam
1481 3181 1721 3252 naturam
1739 3171 2053 3252 invaserint,

466 3242 702 3320 speciem
733 3251 848 3318 ejus
877 3247 1201 3320 contumelia
1222 3245 1458 3320 afficere,
1487 3252 1540 3298 et
1565 3242 1877 3320 rationalem
1907 3243 2058 3320 inge-

469 3310 728 3377 nuitatem
759 3310 1080 3375 obtusiorem
1113 3315 1355 3370 reddere.
1385 3312 1673 3382 Accepisti,
1705 3328 1737 3365 ο
1765 3310 1945 3375 homo,
1972 3310 2060 3365 ’di-

507 3394 719 3446 nitatem
753 3391 864 3444 heri
890 3406 904 3452 ;
933 3388 1038 3441 noli
1067 3386 1472 3455 ignominiosam
1499 3393 1551 3437 et
1575 3384 1744 3437 servis
1763 3396 2056 3455 congruam

507 3409 719 3446 nitatem
753 3409 864 3444 neri
890 3409 904 3452 ;
933 3409 1038 3441 nou
1067 3409 1472 3455 Ignuuuuwsam
1499 3409 1551 3437 cs
1575 3409 1744 3437 sunt:
1768 3409 2056 3452 congruam

466 3409 760 3520 bestiarum
789 3459 1147 3514 conditionem
1179 3456 1371 3508 sectari
1398 3472 1410 3506 :
1437 3456 1660 3522 teipsum
1689 3452 1830 3506 enim
1865 3452 2058 3520 probro

467 3533 638 3589 afficis
665 3573 678 3592 ,
710 3532 834 3584 dum
878 3527 1166 3581 bestiarum
1214 3524 1595 3576 immanitatem
1648 3522 1877 3592 imitaris
1905 3538 1917 3572 :
1949 3536 2055 3575 non

467 3604 619 3671 quasi
655 3590 806 3653 malle
836 3599 1083 3671 sint,Aaut
1113 3595 1354 3671 dicantur
1378 3593 1587 3671 bestiae,
1621 3591 1713 3645 sed
1742 3590 2059 3671 quod‘igno-

470 3661 697 3729 miniosa
727 3679 781 3723 et
806 3666 1013 3722 servilis
1044 3665 1217 3733 imago
1241 3663 1419 3716 liberis
1439 3678 1540 3715 non
1558 3661 2060 3733 conveniat.Qnem-

469 3742 756 3800 admodum
807 3738 947 3792 enim
999 3736 1042 3789 si
1093 3731 1171 3787 vir
1214 3733 1475 3803 quispiam
1519 3733 1737 3785 illustris
1766 3739 1835 3803 et_
1863 3731 2058 3803 nobilis

472 3813 658 3866 servili
688 3821 806 3878 toga
831 3809 900 3862 sit
927 3807 1142 3860 indutus
1162 3801 1521 3878 autamictus,
1543 3803 1737 3878 probro
1753 3801 1983 3878 afficitur
2008 3810 2062 3855 et

474 3872 769 3953 ignominia
809 3888 1020 3953 notatur
1044 3918 1058 3941 ,
1087 3890 1192 3929 non
1223 3874 1555 3953 quod_vesti_s
1595 3873 1681 3953 illa
1722 3872 1793 3953 s_i_t_
1816 3872 1934 3926 vilis
1971 3881 2063 3925 aut

472 3942 708 4014 sordida,
737 3950 830 4004 sed
862 3949 1002 4018 quod
1030 3942 1479 4018 servttmquidem
1501 3945 1707 4007 deceat,
1740 3942 1922 4018 libero
1934 3958 2061 3997 vero

473 4040 582 4080 non
613 4012 896 4077 conveniat
925 4037 939 4078 ;
967 4020 1037 4070 ita
1066 4018 1109 4069 si
1151 4012 1344 4084 scorpii
1377 4015 1590 4084 lupique
1624 4027 1803 4084 mores
1822 4012 2023 4084 induas
2045 4054 2058 4076 ,

475 4111 582 4149 non
636 4094 910 4146 brutorum
958 4098 1238 4142 accusatur
1278 4083 1517 4150 natura,
1560 4083 1655 4138 sed
1699 4083 1934 4138 conditio
1974 4091 2061 4136 tua

475 4166 673 4234 probro
697 4161 946 4234 afficitur,
964 4173 1080 4228 quae
1105 4157 1528 4234 dominisortem
1559 4168 1679 4208 cum
1708 4153 1973 4234 nactasit,
2000 4167 2063 4208 ea

477 4224 594 4304 quae
623 4240 745 4286 sunt
773 4224 1264 4304 servilia'sectatur.
1301 4226 1425 4304 Haec
1450 4239 1592 4304 a_mc
1614 4224 1917 4304 necessario
1945 4225 2061 4277 fue-

477 4294 602 4359 runt
629 4304 677 4356 in
711 4299 940 4354 medium
963 4298 1140 4360 allata,
1167 4312 1232 4349 ne
1255 4298 1372 4363 quis
1392 4310 1452 4348 ea
1471 4295 1604 4347 forte
1624 4310 1741 4362 qua:
1763 4294 1898 4345 dicta
1917 4301 2059 4357 sunt,

478 4375 544 4428 ad
575 4373 913 4432 ignominiam
941 4367 1214 4421 Creatoris
1240 4365 1512 4428 traducat,
1541 4364 1690 4432 quasi
1726 4363 1922 4432 malum
1967 4364 2063 4415 ali-

892 4440 1033 4514 Deus
1058 4457 1069 4491 :
1097 4453 1218 4514 vere
1257 4436 1396 4514 enim
1422 4415 1572 4514 bona
1611 4441 1733 4486 sunt
1761 4431 1980 4514 omnia,
2010 4441 2064 4486 et

479 4505 634 4568 valde
668 4513 802 4566 bona
822 4552 835 4574 ,
871 4512 912 4562 si
945 4509 1210 4576 propriam
1239 4505 1979 4576 conditionernconservent,
2007 4512 2063 4555 et

480 4600 633 4639 suam
666 4571 835 4651 legem
864 4571 1150 4634 sectentur.
1180 4579 1352 4645 Atque
1375 4585 1432 4629 ut
1457 4573 1735 4651 intelligas,
1764 4571 2058 4651 carissime,

484 4657 613 4708 nihil
643 4669 671 4706 a
707 4645 813 4705 lico
843 4651 965 4703 mali
1003 4657 1240 4703 creatum
1269 4661 1388 4701 esse
1417 4688 1429 4707 ,
1464 4645 1506 4698 si
1537 4655 1774 4696 naturam
1815 4650 2021 4710 spectes
2045 4682 2058 4704 ,

481 4726 660 4778 docuit
695 4738 793 4776 nos
827 4721 967 4774 Deus
994 4731 1047 4772 et
1079 4719 1375 4772 belluarum
1405 4713 1808 4771 similitudinem
1838 4727 2064 4779 usurpa-

482 4810 560 4847 re.
585 4794 870 4846 Admonuit
891 4791 1030 4843 enim
1061 4798 1115 4842 ut
1135 4787 1391 4857 quasdam
1411 4790 1561 4840 dotes
1585 4785 2064 4857 prterogativasque

483 4864 758 4916 brutarum
791 4860 1134 4913 animantium
1152 4854 1514 4918 imitaremur,
1540 4872 1605 4909 ne
1635 4863 1902 4920 tamquam
1927 4854 2063 4905 mala

484 4933 800 4985 damnemus
846 4941 898 4983 et
942 4929 1328 4984 calumnicmnr
1375 4942 1492 5001 qum
1539 4933 1714 4979 creata
1756 4931 1924 5001 sunt,
1957 4937 2062 4976 non

484 5003 777 5070 generatim
811 5015 995 5053 eorum
1025 5009 1266 5070 naturam
1295 5039 1309 5064 ,
1340 4997 1432 5050 sed
1459 5007 1806 5070 quiscumque
1831 4997 2064 5070 rationa-

481 5062 608 5127 iium
655 5070 942 5124 conditioni
998 5069 1264 5136 potuerint
1298 5062 1617 5120 convenire.
1668 5068 1859 5136 Annon
1909 5062 2066 5136 hodie

481 5140 892 5198 Proverbiorum
938 5131 1210 5192 auctorem
1243 5137 1431 5191 audisti
1481 5135 1778 5197 dicentem,
1821 5131 1959 5185 Vade
1997 5133 2066 5184 ad

507 5215 745 5267 'ormicam
769 5250 784 5272 ,
813 5211 982 5278 piger,
1019 5216 1065 5259 et
1107 5209 1347 5261 mniulare
1388 5207 1493 5259 vias
1534 5207 1643 5275 ejus
1674 5202 1854 5270 (Prov.
1887 5202 1938 5256 6.
1964 5203 2065 5326 6??

507 5285 597 5326 tinn
627 5279 1004 5326 animadvertis
1039 5291 1144 5326 auo
1182 5288 1334 5326 pacto
1363 5277 1629 5326 nronosita
1669 5273 1903 5326 formica!
1941 5272 1992 5325 di
2019 5273 2065 5325 i-

507 5220 745 5267 ormicam
769 5250 784 5272 ,
813 5224 982 5278 piger,
1019 5220 1065 5259 et
1107 5220 1347 5261 wniutare
1388 5222 1493 5259 vias
1534 5222 1643 5275 ejus
1674 5220 1854 5270 trrov.
1887 5220 1938 5256 υ.
1964 5220 1996 5256 o
2045 5220 2065 5256 r

482 5220 597 5339 μου
627 5279 1004 5335 animadvertis
1039 5291 1144 5344 quo
1182 5288 1334 5343 pacto
1363 5277 1630 5345 preposita
1669 5220 2067 5345 formicattdiiif

518 5355 660 5408 entia
690 5365 786 5405 nos
816 5349 880 5401 ad
915 5342 1194 5415 impigrum
1223 5342 1490 5416 quoddam
1516 5344 1749 5416 studium
1776 5342 2066 5416 erudierit_?

530 5438 672 5478 onne
701 5431 750 5475 te
775 5419 974 5472 diserte
994 5413 1280 5470 docuimus
1309 5432 1335 5468 a
1366 5417 1580 5470 formica
1608 5414 1933 5480 diligentiam
1956 5453 1970 5476 ,
2000 5413 2066 5468 ab

479 5511 580 5562 ape
611 5507 736 5552 vero
762 5488 1226 5562 artificiiamorem
1249 5489 1272 5538 Υ
1300 5486 1444 5562 Licet
1469 5489 1613 5540 enim
1640 5485 1811 5550 nobis,
1845 5485 1982 5562 licet,
2010 5492 2068 5537 ut

482 5554 603 5620 ante
625 5563 753 5624 di"i,
773 5571 826 5614 et
853 5559 1138 5613 bestiarum
1168 5557 1539 5624 prterogativas
1566 5565 1620 5610 et
1647 5554 1924 5610 commoda
1947 5569 2067 5622 qua:

481 5633 774 5689 conditioni
824 5638 1018 5683 nostra:
1047 5627 1399 5686 conveniunt,
1429 5626 1493 5678 ad
1533 5626 1843 5678 imitandum
1875 5625 2065 5678 decer-

485 5721 611 5774 pere
637 5722 650 5756 :
679 5699 1187 5774 verumtamen__ista
1228 5697 1293 5749 ad
1319 5694 1578 5774 pudorem
1610 5694 1772 5774 nobis
1801 5696 2064 5773 incutien-

479 5764 606 5828 dqu
642 5775 996 5842 probrumque
1023 5769 1288 5842 dicuntur.
1313 5764 1537 5842 Quando
1565 5764 1705 5818 enim
1741 5765 1906 5818 Deum
1947 5764 2066 5816 imi-

485 5848 582 5898 tari
613 5835 848 5906 noluisti,
884 5835 1090 5895 imitare
1124 5838 1416 5893 formicam.
1448 5835 1816 5904 Numquamne
1862 5844 2065 5905 patrem

2169 991 2344 1073 vidisti
2372 993 2458 1073 qui
2489 993 2742 1073 dilectum
2775 994 2940 1073 filinm
2962 995 3285 1073 objnrgaret,
3320 1009 3373 1052 et
3406 1009 3524 1066 post
3548 1001 3784 1073 multam

2171 1063 2574 1117 instructionem
2603 1063 2669 1118 ad
2698 1063 3044 1120 imitationem
3074 1063 3541 1123 famulorum'enm
3581 1072 3782 1124 tradu-

2169 1143 2336 1203 ceret,
2361 1143 2518 1202 atque
2542 1136 2654 1188 haec
2677 1136 2848 1203 palam
2873 1137 3112 1191 diceret:
3137 1139 3350 1192 lmitare
3369 1140 3557 1194 saltem
3589 1141 3780 1195 famu-

2169 1201 2276 1254 lum
2306 1244 2320 1266 ,
2348 1201 2604 1272 dignitate
2632 1201 2847 1273 quidem
2878 1207 3182 1262 inferiorem
3209 1250 3224 1272 ,
3257 1218 3310 1260 at
3339 1211 3560 1263 scientia
3591 1222 3782 1265 tamen

2170 1275 2634 1348 praestantiorem?
2663 1276 3025 1340 Quamobrem
3077 1277 3490 1348 benignissimus
3533 1282 3677 1335 Deus
3708 1283 3782 1336 ad

2167 1345 2562 1424 coarguendum
2615 1355 2889 1424 stuporem
2934 1345 3222 1424 nostrum,
3246 1349 3517 1404 formicam
3544 1352 3783 1424 profert

2175 1414 2226 1466 in
2266 1414 2498 1468 medium
2527 1431 2554 1486 a
2583 1429 2685 1486 qua
2728 1416 3049 1486 negligentia
3090 1428 3271 1472 nostra
3309 1414 3685 1484 convincitur,
3723 1433 3784 1477 et

2165 1498 2318 1560 apem
2347 1501 2465 1554 qua:
2495 1485 2758 1560 pigritiam
2788 1485 3392 1560 nos’traincondemnat.
3439 1493 3616 1560 Atque
3644 1493 3783 1547 hinc

2165 1555 2294 1634 satis
2319 1565 2563 1622 constat,
2593 1556 2721 1609 nihil
2745 1572 2773 1610 a
2803 1557 2912 1612 Deo
2935 1559 3135 1634 malum
3161 1560 3431 1634 conditum
3477 1555 3599 1616 esse
3622 1601 3637 1625 ,
3667 1564 3774 1632 qui

2167 1625 2261 1699 tibi
2301 1640 2518 1681 sensum
2563 1640 2630 1699 ac
2671 1638 2902 1699 mentem
2934 1628 3156 1692 indidit,
3185 1630 3338 1696 cujus
3365 1631 3414 1683 vi
3458 1634 3632 1699 possis
3661 1625 3777 1688 ista

2164 1693 2470 1775 discernere
2495 1738 2508 1758 ,
2537 1706 2596 1750 ut
2621 1698 2913 1775 belluar_um
2953 1699 3166 1768 quidem
3198 1693 3376 1775 mores
3399 1693 3636 1762 devites.
3672 1719 3783 1770 po-

2166 1768 2329 1821 tiores
2367 1779 2542 1822 autem
2583 1783 2767 1821 earum
2797 1768 2951 1823 dotes
2987 1778 3041 1823 et
3079 1772 3363 1824 commoda
3412 1768 3774 1828 consectcris.

2165 1833 2349 1890 Patest
2373 1839 2513 1891 enim
2546 1847 2598 1908 et
2631 1838 2713 1892 leo
2744 1839 2952 1892 virtutis
2982 1841 3153 1908 imago
3179 1856 3319 1906 es<e,
3340 1857 3458 1894 cum
3488 1858 3592 1895 non
3628 1851 3780 1896 uini-

2165 1921 2323 1978 quam
2357 1907 2670 1976 tyrannidis,
2702 1909 2793 1962 sed
2822 1910 2969 1978 quasi
2999 1907 3326 1965 fortitudinis
3356 1913 3581 1966 indicem
3611 1917 3775 1968 simi—

2164 1975 2612 2053 litudinemillam
2638 1975 2883 2053 accipis:
2914 1980 3053 2053 aliud
3084 1984 3277 2053 quippe
3305 1991 3388 2036 est
3417 1984 3678 2053 tyrannis.
3709 1995 3776 2040 vt

2161 2047 2307 2101 aliud
2347 2048 2874 2120 fortitudo.rldcirco
2927 2047 3227 2120 Scriptura
3260 2051 3370 2120 ipsa
3421 2047 3770 2110 Salvatorcm

2163 2120 2485 2192 annuntians
2508 2119 2835 2192 exoritttrum
2859 2135 2929 2192 ex,
2945 2119 3102 2192 Juda,
3129 2119 3338 2174 Catulus
3355 2123 3532 2189 leonis,
3559 2125 3768 2192 inquit.

2161 2185 2304 2240 Iuda
2327 2205 2344 2242 :
2365 2205 2429 2242 ea:
2452 2191 2676 2259 germine
2697 2232 2710 2255 ,
2742 2191 2819 2258 ﬁli
2861 2191 2930 2243 mi
2946 2231 2960 2255 ,
2985 2185 3252 2246 asccndisli
3273 2209 3292 2244 .·
3313 2185 3606 2247 recumbens
3634 2185 3771 2248 dor;

2160 2259 2344 2332 mivisti
2370 2259 2551 2332 uthleo.
2573 2270 2618 2313 et
2643 2262 2789 2332 quasi
2814 2263 3011 2314 catulus
3034 2261 3191 2315 leonis
3221 2261 3370 2332 (Gen.
3394 2265 3486 2318 49.
3520 2265 3595 2332 9).
3623 2264 3769 2320 Vide

2159 2329 2456 2404 cujusmodi
2481 2329 2886 2404 similitudinem
2914 2347 2982 2386 ex
3007 2333 3211 2404 iisquae
3231 2329 3434 2387 belluis
3461 2329 3640 2388 insunt
3659 2353 3768 2404 po-

2162 2399 2296 2478 tiora
2320 2443 2335 2465 ,
2363 2400 2576 2478 duxerit
2601 2415 2778 2478 sermo
2811 2401 3044 2457 divinus.
3074 2399 3220 2457 Licet
3248 2404 3407 2472 igitur
3430 2404 3640 2478 leonem
3653 2399 3768 2478 _'s:i-

2160 2471 2366 2549 pientcr
2386 2471 2578 2549 imitari
2604 2490 2616 2526 :
2636 2471 2827 2549 licetct
2836 2481 3140 2549 serpentem
3159 2471 3389 2549 quoque,
3418 2488 3522 2549 non
3539 2476 3764 2549 quidem

2161 2542 2213 2591 in
2234 2555 2438 2594 veneno
2455 2542 2740 2613 fundendo,
2757 2542 2849 2597 sed
2871 2545 3152 2613 insolertia
3173 2545 3188 2575 ¹
3203 2542 3591 2613 Comparanda:
3616 2548 3767 2602 sicut

2158 2618 2209 2686 ει
2235 2613 2489 2686 apostolis
2510 2612 2762 2686 Servator
2786 2613 2876 2673 ait,
2902 2611 3074 2667 Estote
3100 2611 3364 2682 prudentes
3381 2615 3510 2670 sicut
3529 2631 3765 2686 serpens.

2156 2679 2532 2755 Quamobrem,
2549 2685 2592 2734 si
2612 2683 2746 2736 mala
2770 2692 2913 2755 esset
2931 2679 3194 2750 creatura,
3220 2687 3499 2755 imaginem
3521 2679 3671 2740 etiam
3689 2691 3763 2742 ad

2157 2753 2273 2826 ejus
2292 2751 2636 2826 imitationem
2663 2748 3401 2826 iiOncoitortaretur,‘dicens,
3432 2756 3607 2810 Esfote
3631 2775 3761 2826 pru-

2158 2819 2327 2875 dentes
2351 2823 2477 2874 sicut
2504 2839 2707 2891 serpens
2720 2823 2948 2897 _(Matth.
2967 2824 3071 2897 _10.
3095 2825 3184 2897 ib’)
3214 2819 3464 2897 :imitare
3491 2819 3762 2897 serpentis

2159 2906 2263 2944 nou
2284 2908 2563 2958 venenum,
2590 2908 2692 2946 non
2718 2893 2871 2958 iram,
2887 2894 2978 2948 sed
3010 2894 3365 2963 prudentiam.
3381 2895 3512 2952 Nam
3531 2893 3762 2953 si'veuc-

2159 2977 2283 3014 num
2310 2963 2552 3025 imiteris,
2579 2964 2774 3016 clamat
2802 2965 2852 3017 in
2877 2974 2929 3018 te
2958 2965 3143 3029 David,
3176 2981 3435 3021 accusans
3453 2980 3504 3022 et
3526 2967 3713 3022 dicens
3740 2985 3755 3020 :

2161 3029 2442 3112 lfurorillis
2457 3035 2730 3112 secundum
2745 3033 3122 3112 similitudinem
3135 3040 3394 3112 serpenti“
3409 3037 3548 3091 Psat.
3670 3039 3755 3112 5);

2159 3105 2241 3180 sin
2266 3112 2440 3180 autem
2468 3105 2805 3180 prudentiam
2837 3106 2953 3180 ejus
2987 3105 3244 3172 imiteris,
3277 3109 3442 3180 factus
3471 3123 3530 3162 es
3553 3105 3758 3162 Christi

2159 3173 2482 3246 discipulus,
2510 3178 2598 3246 qui
2627 3173 2767 3230 diiit
2788 3216 2804 3240 ,
2834 3173 3010 3231 Estote
3050 3181 3321 3246 prudentes
3361 3179 3490 3232 sicut
3520 3194 3753 3245 serpens.

2160 3243 2293 3310 Quia
2321 3246 2462 3299 enim
2491 3243 2712 3314 serpens
2737 3249 2985 3302 omnibus
3011 3243 3368 3303 animantibus
3395 3257 3480 3302 est
3511 3243 3758 3317 pruden-

2161 3318 2264 3369 tior
2284 3355 2301 3381 ,
2334 3325 2389 3369 ut
2419 3319 2577 3385 paulo
2603 3328 2730 3387 ante
2758 3317 2951 3371 lectum
2980 3327 3096 3380 est,
3123 3318 3457 3386 prudentiam
3503 3319 3760 3387 Opposuit

2163 3388 2477 3452 prudentim,
2501 3404 2603 3440 non
2625 3397 2679 3440 ut
2704 3386 2883 3440 dolum
2911 3397 3127 3442 neCtere
3152 3387 3349 3450 discas,
3375 3388 3470 3442 sed
3493 3386 3552 3442 ut
3571 3390 3758 3442 dolum

2161 3456 2338 3508 discas
2361 3455 2653 3509 declinare.

2231 3526 2286 3578 2.
2312 3525 2575 3588 Quomodo
2595 3525 2829 3598 di/ferant
2849 3526 3102 3598 calliditas
3122 3536 3168 3581 et
3192 3527 3505 3598 malignitas;
3539 3531 3764 3598 pruden-

2165 3597 2234 3649 tia
2283 3598 2534 3666 quomodo
2586 3597 2890 3650 adhibenda.
2909 3628 2979 3640 ——
2998 3597 3118 3651 Vult
3144 3602 3286 3651 cnim
3316 3597 3577 3667 benignus
3618 3601 3762 3652 Deus

2165 3683 2264 3722 nos
2295 3683 2411 3721 esse
2437 3683 2539 3720 non
2565 3667 2845 3736 malignos,
2878 3669 2971 3722 sed
2998 3669 3219 3722 callidos
3247 3687 3259 3720 :
3286 3669 3429 3721 aliud
3463 3678 3642 3722 autem
3675 3680 3765 3722 est

2165 3738 2445 3802 calliditas,
2498 3738 2639 3790 aliud
2675 3738 2998 3807 malignitas.
3037 3739 3275 3792 Callidus
3305 3740 3484 3808 itaque
3517 3750 3600 3792 est
3649 3756 3760 3793 non

2165 3812 2229 3862 ad
2262 3808 2664 3877 excogitandam
2698 3809 2978 3874 malitiam,
3018 3809 3110 3863 sed
3138 3809 3203 3862 ad
3245 3810 3502 3862 malitiam
3555 3814 3765 3864 evitan-

2167 3880 2288 3933 dam
2325 3896 2337 3931 :
2372 3880 2517 3932 etuti
2547 3880 2685 3933 solet
2708 3879 2997 3932 calliditate
3038 3895 3142 3933 non
3185 3889 3242 3932 tit
3269 3881 3320 3932 in
3366 3879 3500 3933 alios
3531 3890 3764 3935 consuat

2167 3950 2338 4011 dolos,
2380 3951 2473 4002 sed
2517 3959 2572 4002 ut
2599 3964 2659 4002 ea
2690 3965 2806 4015 qua:
2850 3965 2878 4001 a
2923 3951 3130 4004 caneris
3176 3951 3227 4002 in
3260 3950 3424 4017 ipsius
3467 3953 3763 4017 perniciem

2167 4031 2414 4074 contexta
2441 4029 2561 4074 sunt
2588 4019 2800 4087 eﬂ‘ugiat
2838 4038 2849 4071 :
2883 4021 3146 4087 malignus
3187 4033 3362 4072 autem
3393 4029 3475 4071 est
3506 4020 3760 4083 sicarius,

2168 4092 2418 4158 deceptor
2441 4131 2456 4154 ,
2488 4090 2576 4158 qui
2619 4090 2736 4142 aliis
2767 4090 2903 4142 mala
2937 4091 3291 4142 machinatur.
3334 4087 3478 4140 Talis
3526 4092 3764 4154 prudens

2169 4160 2354 4220 Jacob,
2387 4161 2618 4227 prudens
2662 4167 2718 4211 ut
2746 4173 2968 4227 serpens
2991 4199 3004 4219 ,
3039 4173 3142 4211 ncii
3192 4173 3458 4212 venenum
3503 4172 3766 4227 spargens

2169 4241 2227 4285 nt
2270 4245 2515 4297 serpens.
2548 4229 2679 4282 Nam
2733 4245 2853 4281 cum
2888 4230 2938 4280 in
2977 4242 3257 4282 occursum
3306 4241 3766 4296 congressnmque

2167 4317 2289 4357 Cum
2322 4300 2482 4353 fratre
2513 4300 2653 4353 Esau
2693 4309 2945 4351 venturus
2993 4306 3166 4358 esset,
3215 4297 3431 4350 homine
3467 4299 3765 4353 sceleribus

2169 4381 2222 4425 et
2249 4369 2544 4439 parricidiis
2564 4379 2842 4436 cooperto,
2874 4369 3038 4439 Deum
3065 4369 3251 4420 orabat
3279 4369 3487 4439 dicens,
3525 4369 3762 4428 Domine,

2167 4437 2284 4494 erue
2307 4455 2384 4491 me
2403 4443 2465 4491 de
2491 4455 2643 4491 manu
2665 4441 2838 4507 fratris
2866 4440 2959 4490 mei
2983 4438 3135 4499 Esai‘t,
3159 4439 3274 4504 quia
3302 4437 3450 4489 valde
3469 4455 3583 4489 eum
3614 4441 3766 4490 timeo

2171 4511 2320 4583 (Gen.
2353 4511 2441 4563 5‘2.
2476 4510 2601 4583 il):
2630 4508 2901 4576 Deumque
2941 4509 3017 4562 sic
3041 4509 3373 4583 precabatur,
3425 4515 3766 4583 ntadveruis

2169 4577 2364 4635 malum
2408 4580 2705 4633 orationem
2736 4587 3052 4648 opponeret.
3105 4579 3327 4646 Quando
3350 4593 3476 4632 vero
3495 4577 3642 4632 fratri
3673 4593 3767 4632 oo-

2169 4652 2356 4714 currit,
2393 4651 2746 4711 humanitate,
2781 4651 2925 4703 cultu
2952 4657 3006 4703 et
3026 4649 3361 4703 observantia
3386 4648 3625 4701 furorem
3649 4651 3765 4717 ejus

2171 4721 2536 4784 mansuefccit,
2572 4730 2626 4774 et
2659 4721 2915 4774 malitiam
2946 4721 3211 4774 restinxit.
3245 4718 3382 4786 Quid
3414 4719 3558 4772 enim
3596 4721 3672 4772 ait
3696 4718 3764 4770 ad

2172 4793 2346 4846 Esne?
2375 4792 2462 4843 Sic
2490 4791 2588 4842 vidi
2626 4792 2802 4856 {aciem
2839 4801 3006 4854 tuam,
3030 4800 3081 4843 ut
3124 4791 3168 4844 si
3207 4791 3315 4859 quis
3345 4789 3533 4842 videret
3575 4792 3766 4842 vultum

2176 4863 2265 4914 Dei
2293 4861 2444 4932 (Gen.
2476 4863 2562 4915 55.
2591 4861 2700 4984 1οὲ.
2733 4865 2808 4915 Ac
2833 4864 2875 4914 si
2900 4862 3012 4914 liazc
3039 4861 3248 4927 quidem
3267 4859 3400 4912 dixit
3420 4861 3606 4920 Jacoh,
3626 4870 3764 4912 utea

2176 4936 2353 4984 fraude
2393 4935 2628 4984 vinceret
2678 4939 2904 4984 ratrem.
2935 4931 3072 4984 male
3103 4931 3413 4984 louuebatur
3440 4948 3453 4982 :
3477 4932 3558 4982 sin
3588 4940 3764 4982 autem

2172 4931 2353 4986 fraude
2393 4935 2628 4985 vinceret
2656 4931 2904 4995 fratrem,
2935 4931 3072 4984 male
3103 4931 3413 4995 loquebatur
3440 4948 3453 4982 :
3477 4932 3558 4982 sin
3588 4940 3765 4982 autem

2171 5005 2320 5066 tiiXll,
2353 5013 2401 5056 ul
2435 5013 2691 5055 terrorem
2713 5002 2989 5069 efl‘ugcret,
3030 5000 3319 5054 calliditate
3341 5009 3486 5053 recte
3514 5015 3640 5052 usus
3662 5008 3764 5052 est.

2171 5073 2345 5126 Estote
2359 5090 2475 5142 ergo
2507 5073 2772 5140 prudentes
2801 5081 2855 5142 ut
2870 5088 3072 5139 serpens
3091 5070 3428 5142 (MattltJDJ
3445 5070 3522 5136 6);
3545 5083 3647 5122 u0n
3673 5071 3768 5142 ira-

2171 5145 2352 5207 condi,
2373 5138 2474 5196 non
2494 5138 2754 5196 venenum
2773 5138 3117 5208 ejaculantes,
3139 5141 3230 5194 sed
3249 5140 3559 5209 prudentes,
3576 5149 3622 5190 et
3647 5138 3771 5190 sim-

2173 5213 2325 5281 plices
2344 5214 2472 5265 sicut
2489 5214 2748 5265 columine.
2777 5210 2955 5281 Potest
2971 5220 3150 5264 autem
3172 5211 3412 5264 columba
3429 5219 3483 5262 et
3500 5212 3566 5260 ad
3581 5209 3766 5261 vitium

2172 5280 2305 5336 etad
2329 5284 2576 5336 virtutem
2605 5280 3010 5350 significandam
3038 5281 3206 5349 accipi
3227 5295 3357 5349 :qua
3388 5293 3516 5350 vero
3537 5281 3766 5342 ratione,

2173 5355 2318 5405 audi.
2365 5352 2418 5406 Si
2440 5353 2514 5405 sis
2544 5348 2966 5405 ineonsideratus
2997 5348 3320 5420 minimeque
3368 5348 3662 5409 discretus,
3713 5360 3771 5400 et

2176 5426 2341 5497 solius
2369 5423 2589 5497 malitia:
2612 5421 2845 5497 peritus,
2867 5430 3084 5497 accusat
3114 5431 3165 5475 te
3189 5422 3460 5497 scriptum
3489 5427 3549 5496 ut
3573 5420 3771 5497 impru-

2173 5495 2406 5547 dentem.
2429 5487 2673 5559 Ephraiin
2695 5493 2858 5552 enim,
2878 5491 3066 5560 inquit,
3089 5491 3230 5556 quasi
3247 5488 3476 5560 columba
3495 5487 3769 5560 insipiens,

2172 5579 2284 5632 qua
2312 5579 2398 5616 cor
2426 5557 2526 5615 non
2548 5561 2694 5615 habet
2721 5563 2741 5632 (
2771 5560 2897 5615 Osee
2927 5557 2979 5614 7'.
3004 5563 3061 5615 il
3097 5565 3137 5630 ).
3163 5561 3216 5614 Si
3247 5572 3372 5626 ergo
3408 5557 3772 5625 insipientiam

2182 5778 2192 5788 .
2240 5721 2254 5748 '
2293 5725 2410 5788 “se:
2436 5717 2506 5764 sic
2528 5714 2698 5783 habet:
2715 5726 2811 5788 πονε
2833 5713 3028 5788 quidem
3046 5712 3100 5788 in
3116 5709 3597 5788 }‘?"_£?!.9_,f!‘_'"‘f’_"f‘9_z
3621 5723 3774 5788 {“fTH‘

2172 5778 2223 5890 tt:
2258 5771 2458 5836 malitia,
2485 5789 2635 5838 neque
2669 5776 2720 5826 in
2761 5771 3058 5839 plenitudine
3105 5771 3404 5832 acerbitatis,
3437 5771 3522 5821 sed
3551 5771 3599 5820 in
3623 5775 3773 5821 soter-

2215 5853 2264 5898 η,
2293 5850 2386 5888 etc.
