3978 6470
489 481 604 540 523

485 579 754 648 Scriptura
794 575 934 648 enim
977 587 1082 628 non
1105 572 1407 648 necessitati
1451 571 1928 648 transgressionem
1968 570 2067 624 ad-

487 641 722 717 scripsit,
755 646 848 717 sed
879 644 1047 698 libero
1068 643 1290 697 arbitrio
1314 644 1450 712 ejus,
1483 641 1829 717 qui__bonore_
1850 641 2070 717 alii-cius

488 710 748 782 fuerat,“
775 716 1029 769 honorem
1058 729 1162 766 non
1189 710 1514 782 agnoverati
1553 710 1719 782 Honio
1743 712 1960 782 quippe,
1989 711 2069 782 in-

482 790 619 858 quit,
645 779 756 840 cum
781 786 834 838 in
860 785 1049 837 honore
1065 779 1337 858 _es_set,iz_on
1364 781 1608 836 intellexit
1627 780 1807 858 .(f’sal.
1836 781 1923 835 48.
1956 779 2065 850 15).

483 851 775 928 A'gevero,
798 867 1005 928 rursus,
1034 853 1078 906 si
1119 854 1188 928 ita
1239 851 1461 914 videtur.
1492 852 1892 928 consideremus
1936 865 2068 928 quo-

486 919 646 984 modo
665 919 796 980 alios
821 924 981 978 etiam
1009 922 1264 991 quosdam
1298 931 1512 990 pr0pter
1539 922 1847 991 varietatem
1876 928 1930 991 et
1953 919 2066 974 cal-

485 1000 762 1058 liditatem,
788 990 1072 1062 multaeque
1108 993 1471 1062 simulationis
1497 990 1709 1059 plenam
1725 990 1897 1062 animi
1945 1004 2068 1057 pro-

483 1069 764 1124 fessionem
793 1104 810 1129 ,
869 1060 1051 1130 vulpes
1099 1060 1369 1129 Seriptura
1416 1063 1670 1115 nominet.
1724 1060 1796 1113 Ea
1836 1069 2068 1130 propter

485 1135 748 1193 llerodem
772 1134 951 1202 utique
966 1129 1172 1186 varium
1195 1132 1246 1185 in
1272 1132 1528 1195 consiliis,
1559 1141 1612 1185 et
1648 1131 1699 1183 in
1729 1129 2064 1202 cogitationi-

484 1209 585 1262 hus
613 1199 881 1269 astutum,—
901 1203 952 1255 in
993 1201 1263 1270 impietate
1294 1202 1580 1264 viventem,
1611 1215 1673 1253 ac
1712 1200 1920 1270 pietatis
1947 1199 2064 1270 velo

485 1285 824 1348 personatum
847 1314 861 1338 ,
912 1273 1154 1348 Salvaior
1207 1271 1432 1348 vulpem
1467 1271 1714 1348 appellat.
1743 1269 1874 1322 Cum
1900 1269 2062 1348 _enim

482 1339 822 1401 advenissent
853 1342 1110 1403 nonnulli,
1139 1350 1298 1409 atque
1337 1341 1434 1409 ipsi
1480 1340 1870 1394 renuntiaSseut
1899 1339 2058 1392 llero-

481 1419 603 1472 dem
627 1417 796 1485 ipsum
821 1413 998 1466 videre
1011 1411 1174 1485 _vel_le,
1208 1411 1642 1485 tum_s_aii_cta__illa
1674 1420 1725 1462 et
1750 1423 2058 1485 inagnavox

481 1478 812 1555 respondens
837 1485 911 1555 ait
939 1480 1163 1555 :hDicite
1191 1481 1327 1548 vulpi
1354 1481 1482 1555 isti,_
1503 1478 1672 1555 Hodie
1703 1487 1888 1555 egeras
1909 1479 2061 1555 gigna

480 1547 633 1627 facio,
666 1565 712 1608 et
755 1553 900 1605 tertia
942 1551 1023 1604 die
1062 1547 1382 1603 consummor
1425 1549 1578 1671 διας.
1611 1551 1696 1603 15.
1731 1549 1842 1616 52).
1897 1547 2061 1602 Dicite

480 1628 619 1671 nulni
646 1626 746 1671 isti-
780 1621 930 1671 nnasi
958 1621 1120 1671 dicat.
1148 1621 1339 1671 animae
1382 1634 1425 1670 at
1473 1634 1682 1671 onmem
1715 1617 2058 1671 calliditatem

479 1617 629 1696 vulpi
646 1626 746 1696 isti,
780 1621 1120 1696 qua_si_dieat,
1148 1621 1339 1696 animae
1359 1617 1446 1696 __ad
1473 1634 1682 1696 ompein
1715 1617 2058 1696 calliditatem

481 1687 655 1761 facite,
676 1687 843 1763 plena:
864 1691 1007 1755 dolo,
1026 1701 1079 1745 et
1099 1689 1244 1743 omni
1267 1688 1464 1763 malitia
1487 1699 1541 1742 et
1556 1688 1786 1763 fallacia.
1810 1687 2052 1763 Animad-

478 1759 692 1827 vertis,-
722 1762 905 1819 frater.
933 1775 1040 1830 quo
1086 1771 1239 1829 pacto
1289 1759 1508 1811 callidos
1552 1759 1823 1830 Scriptura
1874 1759 2057 1830 vulpes

477 1826 741 1905 appellet?
766 1826 1213 1905 Quotiescumque
1245 1830 1400 1898 igitur
1439 1844 1558 1882 cuiu
1599 1828 1868 1905 psalmista
1901 1826 2056 1882 dixe-

478 1898 575 1969 ris',
609 1902 895 1959 Introibunt
926 1903 978 1953 in
1008 1900 1250 1969 inferiora
1278 1910 1441 1969 terrae,
1473 1907 1638 1965 partes
1658 1898 1884 1969 vulpium
1912 1906 2056 1950 erunt

476 1967 647 2043 (Psal.
684 1973 773 2028 62.
807 1971 1022 2091 10.11),
1053 1967 1286 2038 ῐηιειιίεθ
1314 1968 1561 2047 aenigma,
1589 1983 1762 2047 neque
1782 1967 2053 2047 existimes

476 2048 722 2091 mniqma-
757 2041 895 2091 haud
939 2055 968 2091 a
996 2049 1093 2091 iter
1125 2054 1280 2091 unam
1314 2052 1409 2091 uer
1438 2038 1833 2091 intelligentiam
1863 2051 2050 2091 acc:ni.

476 2037 723 2115 ienigma,
757 2041 904 2115 haud
939 2037 1093 2115 aliter
1118 2037 1280 2115 quam
1314 2052 1409 2115 per
1438 2037 1833 2115 intelligentiam
1863 2038 2050 2115 accipi:

475 2116 542 2170 Et
568 2107 750 2169 r'ursus
783 2111 904 2164 alibi
936 2110 1088 2171 dicit,
1118 2107 1300 2162 Partes
1329 2108 1717 2178 hypocritarum
1747 2116 1921 2178 erunt.
1952 2107 2051 2172 Qui

476 2187 618 2240 enim
641 2183 917 2237 veritatem
945 2181 1205 2248 ignorant.
1233 2193 1336 2231 non
1367 2175 1487 2248 cum
1519 2175 1783 2248 fidelibus,
1804 2176 2048 2248 sedcura

475 2254 765 2326 hypocritis
806 2245 1007 2326 partem
1039 2248 1322 2326 accipiunt.
1368 2246 1518 2326 Unde
1547 2246 1870 2326 et_Sall.vator
1915 2245 2052 2326 hanc

473 2315 789 2378 sententiam
806 2315 1098 2388 obsignans
1119 2320 1190 2388 ait
1211 2317 1276 2371 de
1303 2330 1366 2388 eo
1390 2317 1478 2384 qui
1507 2315 1646 2388 male
1667 2315 2050 2388 dispensatoris

473 2407 698 2448 munere
724 2383 1076 2445 functus'erat
1101 2403 1114 2437 :
1148 2385 1365 2439 Intrabit
1395 2383 1629 2438 dominus
1658 2386 1784 2437 servi
1819 2383 1978 2447 illius,
2003 2393 2051 2436 et

471 2463 657 2516 dividet
707 2477 853 2518 eum.
914 2468 1199 2524 partemque
1247 2457 1355 2524 ejus
1406 2464 1554 2524 ponet
1603 2469 1714 2506 cum
1773 2454 2048 2524 hypocritis

473 2533 688 2600 (Matth.
721 2530 811 2583 24.
857 2523 967 2600 51).
1012 2523 1524 2600 Itaquehypocritas
1569 2524 1853 2600 appellavit
1901 2523 2044 2576 Scri-

473 2592 624 2681 ptura
655 2601 861 2681 vulpos.
892 2592 944 2648 In
975 2608 1080 2681 tam
1107 2592 1469 2681 mulias’ejrgo,
1496 2594 1704 2673 fratres,
1735 2592 2049 2681 (iiajectaiesi

472 2663 974 2736 imleeoras'liguras
1021 2675 1074 2719 et
1122 2663 1492 2717 similitudines
1536 2663 1709 2736 imago
1750 2663 1860 2724 Dei,
1889 2665 2049 2736 sic__ut

472 2759 577 2795 non
608 2741 723 2793 aliis
753 2731 1050 2791 nominibus
1073 2749 1286 2788 omnem
1322 2743 1583 2787 terrarum
1604 2733 1785 2785 orbem
1815 2731 2048 2800 appellet

473 2812 773 2879 Scriptura,
808 2805 1238 2879 priusquamista
1271 2802 1501 2870 cognitio
1533 2801 2043 2879 pietatisillucesce-

471 2870 774 2948 retfqnam
809 2870 1102 2948 brutorum,
1122 2874 1567 2948 inpientortim,_et
1594 2870 2046 2948 reptiliuni_atque

471 2939 780 3020 immanium
812 2939 1130 3020 bestiarum.
1165 2942 1451 3020 Enimvero
1494 2943 1664 3020 ipsum
1699 2939 2043 3020 coryphaiuin

468 3019 830 3088 apostolorum
874 3015 1110 3076 Petrum,
1153 3028 1285 3088 cum
1322 3010 1730 3088 benignissimus
1763 3010 1915 3088 _De_us
1945 3010 2042 3063 ad-

469 3077 688 3143 nionere
732 3086 909 3147 vellet,
941 3093 995 3136 ut
1035 3097 1102 3136 ex
1131 3077 1671 3148 alienigeiiis’omnes
1713 3077 2038 3144 admitteret,

467 3161 557 3226 qui
585 3172 641 3211 se
668 3155 935 3217 offerrent,
965 3151 1332 3226 admirabilem
1354 3151 1494 3202 illam
1521 3159 1569 3226 e_t
1601 3149 1904 3226 inusitatam
1932 3152 2042 3203 sin-

467 3219 662 3282 donem
718 3221 1152 3278 commonstravit
1205 3220 1302 3283 illi,
1355 3235 1472 3287 quae
1526 3219 1593 3273 de
1638 3219 1770 3272 cat-lo
1812 3229 2040 3288 quatuor

467 3299 630 3352 initiis
655 3293 1082 3355 submittebatur,
1106 3292 1154 3342 in
1184 3304 1284 3358 qua
1306 3299 1458 3342 erant
1477 3290 1651 3341 omnia
1674 3288 2035 3357 quadrupedia

467 3378 646 3429 terra},
669 3376 721 3417 et
762 3363 989 3415 volatilia
1029 3359 1166 3425 ca-li,
1198 3357 1252 3411 et
1287 3357 1472 3429 bestiae
1503 3358 1840 3429 etreptilia:
1872 3369 1927 3411 et
1963 3360 2039 3413 ait

467 3438 532 3489 ad
568 3425 712 3497 eum,
742 3433 926 3500 Surge,
955 3429 1135 3500 Petre,
1155 3427 1323 3480 occide
1359 3437 1404 3478 ct
1433 3425 1698 3500 manduca.
1730 3428 1818 3479 Ait
1858 3437 2034 3500 autem

467 3496 732 3573 apostolus
757 3520 770 3555 :
799 3496 957 3560 Alisit,
987 3497 1200 3573 Domine
1222 3513 1241 3573 _:
1268 3511 1540 3573 numquani
1558 3497 1711 3573 “enim
1739 3496 2037 3573 manducavi

465 3565 611 3629 oinne
638 3586 896 3626 commune
935 3579 980 3622 et
1006 3568 1317 3620 immundum
1355 3566 1486 3632 (Act.
1521 3565 1605 3619 11).
1635 3566 1720 3619 15.
1756 3566 2036 3635 14).Ιεηοο

465 3661 591 3699 talis
641 3644 780 3696 enim
830 3640 1054 3707 amigma
1096 3635 1455 3707 similitudinis
1500 3635 1707 3700 Petrus,
1741 3646 2033 3703 putatisque

463 3713 680 3768 sensilia
712 3725 828 3764 esse
864 3704 983 3778 qua:
1029 3704 1726 3778 videbat,manducaturum
1759 3719 1816 3778 se
1844 3716 2030 3778 _negat,

462 3774 900 3838 consuetudinem
938 3790 1158 3831 servans
1190 3775 1480 3838 Judaicam,
1514 3783 1567 3827 et
1592 3776 1693 3837 ait,
1735 3774 1896 3838 Absit,
1930 3777 2034 3827 Do-

465 3854 634 3907 mine:
665 3863 934 3917 numquam
962 3847 1104 3917 renim
1152 3843 1448 3917 manducavi
1491 3859 1634 3917 omne
1660 3859 1935 3917 commune
1987 3855 2033 3897 et

464 3911 807 3975 immundum:
825 3916 1076 3970 Dominus
1103 3925 1279 3969 autem
1309 3913 1373 3965 ad
1401 3928 1522 3966 eum
1562 3911 1715 3976 dixit,
1746 3912 1870 3977 Quae
1898 3912 2033 3968 Deus

462 3991 767 4062 puri/impii,
797 3999 850 4040 tu
878 3986 1162 4039 communia
1195 3983 1465 4062 ne_dia_;eris
1495 3981 1727 4062 (l_bid._v.
1759 3984 1870 4062 15).
1910 3984 2031 4039 Haec

462 4053 641 4129 itaque
663 4058 914 4129 Salvator
927 4071 1048 4129 cum
1072 4055 1312 4129 apostolo
1330 4053 1711 4129 dissere_ba_t__de
1735 4055 2033 4129 quadrupes-

460 4121 616 4184 dibus
645 4125 1020 4196 apparentibus
1050 4121 1312 4196 ctbestiis
1350 4137 1412 4196 ac
1455 4123 1789 4196 volatilibus;
1834 4121 2030 4178 Christi

461 4215 588 4252 vero
618 4192 888 4264 apostolus
938 4195 1124 4248 Petrus
1171 4195 1426 4247 intellexit
1465 4201 1671 4264 postea,
1703 4192 2029 4247 Salvatorem

462 4287 566 4321 non
594 4263 827 4321 volatilia
871 4276 920 4318 ct
951 4265 1152 4316 belluas
1186 4264 1509 4331 significasse
1542 4277 1634 4330 per
1664 4263 1903 4325 linteum,
1936 4263 2028 4316 sed

459 4347 642 4407 gentes
671 4350 880 4407 omnes.
907 4331 1374 4407 aitque_C:ir_nelio,
1398 4347 1518 4407 cum
1552 4333 1641 4407 illo
1681 4332 2024 4407 colloquens:

475 4401 570 4460 Vos
598 4406 732 4459 scitis
769 4404 1018 4472 quomodo
1056 4405 1396 4472 abominatum
1421 4403 1508 4472 _sit
1545 4402 1650 4452 viro
1683 4401 1866 4472 αμάαό
1907 4419 2027 4454 con-

458 4478 605 4551 jungi
630 4470 791 4528 alicui
819 4475 1149 4551 alienigena}:
1177 4471 1263 4523 sed
1282 4470 1672 4551 lmihiﬂostendit
1702 4470 1836 4549 Deus
1866 4473 2027 4551 uenii-

461 4539 577 4602 iieni
603 4559 912 4598 communem
951 4539 1038 4594 aut
1066 4541 1378 4594 innitundum
1405 4539 1568 4593 dicere
1593 4539 1841 4593 hominem
1889 4541 2024 4610 (Act.

529 4622 822 4739 Ῐιῗξέέιεεὶα
849 4682 991 4735 nulla
1019 4681 1267 4735 distinctio
1297 4680 1460 4733 divitis
1491 4689 1537 4732 et
1566 4680 1815 4749 pauperis.
1841 4710 1910 4718 —
1933 4681 2020 4734 Di-

461 4756 658 4820 dicisti,
692 4757 760 4807 ini
792 4755 982 4816 frater,
1015 4751 1276 4820 quomode
1303 4752 1446 4803 varie
1476 4749 1766 4803 bellnarum
1797 4751 2029 4818 appella-

459 4819 688 4879 tionibus
737 4823 990 4877 fuerimus
1028 4819 1374 4879 ignominiose
1416 4820 1620 4873 notati?
1664 4819 1865 4873 llursus
1906 4835 2025 4874 cum

456 4895 648 4963 legeris
671 4896 722 4947 in
756 4892 1007 4963 propheta
1045 4862 1380 4963 fsaia,_'l'u_nc
1406 4888 1554 4963 lupus
1575 4890 1729 4963 simul
1759 4905 1869 4963 cum
1897 4907 2027 4963 agno

455 4959 704 5034 priscetur,
741 4959 785 5014 et
807 4962 1030 5031 par-dalis
1048 4976 1165 5034 cum
1205 4959 1652 5034 hwdoiaccubabit,
1678 4971 1733 5034 _e_t
1762 4959 1837 5034 leo
1866 4969 1912 5034 ei
1939 4962 2027 5014 bos

456 5028 604 5086 simul
631 5028 919 5100 pascentur,
948 5040 993 5083 et
1015 5031 1162 5082 simul
1187 5028 1442 5081 comedent
1468 5030 1638 5096 paleas
1670 5028 1823 5097 (Isai.
1857 5032 1940 5083 11.
1972 5034 2022 5083 6.

456 5103 509 5157 7.
536 5113 578 5155 et
608 5104 694 5156 65.
723 5101 813 5170 25)
845 5119 855 5153 ;
888 5100 1118 5167 intellige
1147 5101 1366 5167 a-nigma
1387 5138 1400 5162 ,
1433 5108 1485 5151 et
1506 5102 1646 5152 clare
1678 5100 1888 5167 percipe
1913 5101 2026 5167 ejus

458 5173 856 5240 intelligentiam
877 5212 890 5233 ,
932 5172 1074 5238 quod
1114 5185 1218 5222 non
1251 5171 1867 5240 brutot'umranimalium
1895 5185 2025 5223 con-

461 5239 670 5295 ventuin
703 5243 981 5309 significat,
1019 5240 1112 5292 sed
1146 5240 1415 5291 hominum
1445 5239 1616 5306 potius
1655 5243 2025 5308 congregatio-

454 5325 594 5373 nem,
632 5308 887 5380 planeque
919 5308 1127 5374 pietatis
1157 5310 1579 5380 communiOnem
1606 5309 2021 5380 interpretatur,

448 5391 506 5436 et
535 5378 754 5434 salutem
784 5394 878 5448 per
901 5380 1123 5446 gratiam
1153 5379 1398 5431 omnibus
1430 5379 1735 5448 mortalibus
1766 5378 2022 5446 afl'ulgen-

455 5463 580 5503 tem.
611 5449 739 5502 Cum
770 5451 907 5500 enim
943 5465 990 5498 in
1025 5448 1243 5500 ecclesia
1274 5464 1555 5516 pauperem
1587 5447 1776 5501 videris
1798 5464 1916 5500 cum
1945 5449 2019 5501 αἱ.

452 5523 560 5573 vite
580 5523 869 5572 adstantem
897 5559 910 5580 ,
963 5533 1081 5569 cum
1123 5518 1429 5584 magistratu
1476 5520 1767 5585 privatum,
1813 5527 2011 5570 tenuen'

454 5606 570 5644 cum
603 5590 808 5652 illustri,
838 5601 1063 5653 eumque
1087 5587 1171 5653 qui
1197 5589 1425 5640 exterius
1450 5598 1762 5657 potestatem
1789 5599 2016 5653 veretur,

452 5661 727 5714 considera
756 5659 876 5727 quid
907 5657 1003 5710 sibi
1033 5659 1155 5708 Velit
1187 5657 1329 5720 illud;
1356 5657 1530 5725 Lupus
1555 5674 1663 5709 cum
1687 5675 1816 5726 tigno
1848 5675 2019 5726 pasce—

451 5741 550 5783 tur.
601 5730 803 5797 Lupum
837 5727 1080 5780 nimirmn
1109 5729 1332 5793 appellat
1374 5729 1584 5780 divitem
1609 5769 1622 5791 ,
1671 5744 1860 5793 agnum
1899 5742 2022 5782 \cro

452 5816 753 5871 paulierem.
783 5798 932 5853 Unde
955 5799 1202 5849 autemid
1230 5800 1480 5871 constat‘l
1498 5800 1755 5871 Quoniam
1782 5813 2020 5850 commu-

450 5868 647 5926 ‘iizcabit
683 5871 983 5937 iugulatum
1015 5885 1181 5938 agno,
1215 5884 1316 5936 quo
1362 5868 1518 5922 modo
1546 5869 1694 5923 dives
1736 5883 1854 5922 cum
1895 5885 2021 5938 pau-

1998 452 2265 512 SPURIA.

3652 473 3762 531 524

2175 586 2322 657 pere.
2373 571 2546 657 [itque
2579 573 2797 657 attende
2834 575 3135 657 diligenter.
3184 573 3752 657 Adsiititplerumquo

2175 640 2325 696 dives
2353 651 2408 697 et
2438 640 2638 712 pauper
2683 645 2736 699 in
2781 640 3007 700 ecclesia
3036 662 3048 699 :
3082 640 3483 713 comprehendit
3527 654 3578 698 te
3622 640 3748 701 hora

2174 713 2546 782 mysteriorum
2577 731 2590 767 :
2619 715 2903 782 expellitur
2933 716 3086 770 dives
3108 756 3123 780 ,
3165 725 3222 768 ut
3261 715 3479 769 minime
3518 715 3750 770 initiatus

2175 781 2462 851 mysteriis,
2495 781 2768 850 permanet
2788 796 2964 838 autem
2996 788 3129 838 intra
3149 784 3383 838 caelestia
3409 785 3748 840 tabernacula

2173 851 2452 924 adstatque
2482 868 2696 924 pauper
2737 871 2752 907 :
2802 869 2971 924 neque
3014 863 3190 908 tamen
3237 854 3541 922 indignatur
3566 855 3747 918 dives.

2212 919 2379 994 uippe:
2406 919 2508 990 qui
2537 924 2746 994 noverit
2789 937 2849 978 se
2887 919 2918 978 ξι
2956 923 3148 994 divinis
3202 919 3469 994 mysteriis
3496 925 3746 994 alienum.

2212 936 2368 988 uippe
2406 936 2494 990 qui
2537 936 2746 976 noverit
2789 937 2849 978 se
2888 939 2918 978 a
2956 936 3148 978 divinis
3202 936 3469 994 mysteriis
3496 936 3746 978 alienum.

2171 936 2492 1056 auinetiam,
2522 1007 2554 1043 ο
2581 991 2817 1046 divinum
2845 993 3180 1055 bentficium,
3211 1008 3316 1047 non
3349 992 3510 1048 modo
3533 993 3751 1060 equali-

2171 1067 2252 1112 tas
2281 1059 2497 1113 honoris
2522 1069 2604 1115 est
2629 1063 2679 1114 in
2708 1063 2951 1130 ecclesia,
2981 1079 3099 1131 qua:
3127 1078 3156 1116 a
3190 1063 3297 1117 Deo
3324 1075 3405 1118 est
3434 1059 3624 1132 gratia,
3652 1061 3746 1118 sed

2174 1136 2230 1202 et
2258 1143 2378 1202 cum
2411 1139 2649 1202 uterque
2670 1133 2943 1198 substitit,
2980 1132 3289 1202 plerumque
3325 1148 3526 1202 pauper
3555 1133 3746 1201 pietate

2169 1196 2384 1271 divitem
2431 1196 2698 1271 antecellit
2729 1219 2743 1255 :
2773 1196 2944 1271 neque
2982 1196 3270 1271 quidquam
3309 1196 3457 1255 diviti
3500 1196 3743 1256 contule-

2168 1277 2291 1341 t_'u_nt
2315 1270 2380 1321 ad
2397 1269 2650 1341 pietatem
2677 1286 2805 1339 opes
2828 1269 3060 1341 {neque
3085 1269 3370 1341 paupertas
3398 1272 3539 1324 fideli
3570 1271 3743 1326 fraudi

2167 1335 2286 1400 fuit,
2318 1335 2416 1392 sed
2439 1354 2559 1392 eum
2582 1335 2914 1395 cum—fiducia
2943 1335 3124 1394 coram
3151 1335 3335 1395 sancto
3360 1342 3544 1394 statuit
3570 1341 3742 1394 altari.

2236 1407 2289 1460 2.
2325 1408 2449 1462 llazc
2477 1419 2675 1477 autem,
2703 1409 3052 1474 dilectissimi,
3084 1411 3150 1465 de
3175 1411 3571 1464 catechumeuis
3600 1425 3630 1464 a
3656 1426 3744 1466 tne

2165 1475 2434 1550 dicuntur,
2465 1494 2569 1533 non
2597 1475 2965 1550 deiquibusvis
2989 1480 3274 1548 Opulentis.
3303 1480 3557 1544 Adverte,
3593 1496 3744 1550 qua:-

2165 1561 2247 1609 so,
2274 1549 2532 1620 animum,
2563 1550 2634 1603 mi
2666 1549 2845 1615 frater,
2876 1566 2938 1602 ac
2965 1550 3082 1604 vide
3107 1565 3221 1620 quo
3236 1560 3389 1620 pacto
3415 1564 3556 1619 sazpe
3571 1549 3747 1604 domi-

2165 1631 2264 1669 nus
2289 1619 2510 1672 excedat
2539 1636 2602 1674 ex
2631 1621 2878 1685 ecclesia,
2908 1629 2962 1674 et
2985 1618 3171 1674 servus
3197 1618 3369 1673 fidelis
3407 1618 3572 1673 sacris
3602 1623 3742 1673 assi-

2163 1686 2283 1758 deat
2301 1690 2566 1757 mysteriis
2591 1707 2603 1740 :
2625 1690 2926 1758 egrediatur
2944 1691 3178 1749 domina.
3199 1699 3252 1758 et
3276 1698 3492 1758 maneat
3510 1690 3697 1742 ancilla
3719 1705 3740 1746 :

2163 1753 2283 1829 Non
2320 1753 2461 1810 enim
2511 1753 2695 1826 accipit
2737 1759 2952 1811 hominis
2994 1760 3172 1829 faciem
3221 1757 3606 1829 Deus(Gal.72.
3640 1759 3738 1828 6).

2160 1825 2274 1879 Non
2301 1835 2381 1880 est
2413 1843 2539 1897 ergo
2567 1825 2881 1882 inEcclesia
2920 1825 3104 1882 servus
3133 1837 3188 1882 et
3225 1829 3358 1881 liber
3387 1825 3401 1891 ζ
3450 1828 3543 1881 sed
3589 1825 3739 1881 illuin

2160 1896 2598 1966 novitSci-iptura
2621 1914 2851 1962 servum,
2882 1898 2970 1966 qui
2996 1899 3234 1953 servituti
3268 1898 3468 1966 peccati
3498 1896 3743 1953 addictus

2159 1975 2259 2038 est.
2286 1965 2391 2038 Qui
2421 1965 2562 2038 enim
2587 2008 2599 2032 ,
2637 1969 2823 2038 inquit,
2861 1965 2982 2038 facit
3010 1965 3294 2036 peccatum,
3328 1984 3496 2020 servus
3523 1977 3595 2020 est
3624 1983 3741 2036 pec-

2158 2037 2258 2116 cati
2286 2035 2476 2118 (Joan.
2512 2037 2562 2092 8.
2595 2039 2662 2092 54
2682 2035 2725 2118 )ζ
2771 2035 2928 2118 illum
2976 2035 3135 2118 etiam
3177 2038 3399 2118 liberum
3454 2040 3692 2118 agnoscit
3719 2076 3736 2102 ,

2159 2106 2247 2177 qui
2291 2122 2318 2157 a
2357 2107 2532 2160 divina
2561 2105 2729 2177 gratia
2771 2108 2821 2160 in
2865 2107 3162 2177 libertatem
3200 2116 3438 2177 assertus
3467 2105 3568 2160 est.
3602 2105 3738 2160 Nam

2157 2173 2283 2246 Lex,
2315 2177 2502 2244 inquit,
2531 2173 2740 2246 spiritus
2761 2178 2873 2230 vita:
2898 2177 2950 2230 in
2974 2176 3099 2230 Jesu
3122 2176 3319 2229 Christo
3346 2177 3569 2228 liberavit
3603 2193 3681 2228 me
3706 2192 3739 2229 α

2157 2245 2274 2318 lege
2285 2247 2478 2318 peccati
2503 2246 2676 2318 (Rom.
2705 2248 2758 2301 8.
2785 2249 2866 2315 2).
2889 2247 3020 2318 Cum
3049 2247 3206 2318 igitur
3237 2247 3348 2318 haec
3375 2250 3547 2318 imago
3576 2248 3738 2299 variis

2155 2315 2328 2367 modis
2353 2356 2365 2374 .
2399 2327 2455 2368 ut
2477 2315 2600 2370 ante
2629 2317 2887 2380 diximus,
2923 2315 3174 2369 labefacta
3198 2326 3250 2370 et
3279 2315 3537 2369 dissoluta
3567 2326 3734 2378 esset,

2154 2386 2297 2436 venit
2326 2383 2585 2450 Salvator,
2618 2395 2671 2440 ot
2697 2387 2960 2454 propriam
2990 2387 3267 2454 imaginem
3299 2385 3646 2448 restauravit;
3677 2397 3735 2438 et

2153 2467 2307 2525 quam
2339 2454 2585 2509 diabolus
2613 2453 2918 2525 dissiparant,
2946 2470 3064 2509 eam
3094 2453 3272 2525 ipsam
3289 2455 3407 2508 tulit
3426 2455 3614 2522 Opilex
3638 2453 3738 2508 ho-

2154 2537 2249 2594 mo
2269 2521 2438 2576 factus
2459 2535 2661 2594 amator
2684 2521 2957 2579 hominum
2982 2565 2997 2590 ,
3037 2521 3139 2578 non
3164 2533 3219 2577 ut
3243 2521 3554 2594 dignitatem
3579 2539 3733 2578 suam

2152 2591 2412 2664 dedecore
2437 2593 2701 2664 afficeret,
2748 2599 2837 2648 sed
2868 2609 3015 2647 suam
3051 2609 3173 2663 erga
3214 2591 3323 2646 nos'
3350 2594 3732 2664 benignitatem

2152 2659 2560 2716 demonstraret.
2596 2663 2745 2719 Unde
2774 2665 2875 2718 hoc
2903 2659 3135 2718 divinuui
3162 2673 3214 2717 et
3237 2659 3550 2717 admirabile
3577 2664 3733 2717 indu-

2151 2742 2389 2803 mentum
2436 2733 2623 2786 beatus
2664 2733 2824 2788 David
2868 2737 3232 2803 pratuuntians
3269 2733 3443 2787 dixit:
3477 2732 3732 2803 Dominus

2149 2802 2374 2874 regnauit
2397 2842 2414 2874 ,
2463 2803 2692 2874 decorem
2733 2801 2939 2874 indutus
2976 2814 3047 2856 est
3069 2805 3086 2874 (
3108 2802 3252 2856 Psal.
3281 2804 3370 2858 92.
3406 2804 3467 2870 1)
3493 2804 3516 2854 ?
3544 2801 3731 2874 Neque

2149 2884 2275 2942 vero
2307 2871 2568 2925 Divinitati
2601 2873 2854 2942 principio
2881 2871 3085 2928 carenti
3120 2883 3172 2927 et
3210 2874 3543 2940 imorporeaz
3571 2873 3730 2926 datur

2149 2939 2515 3010 indumentum
2551 2939 2713 3010 (nihil
2740 2939 2880 2996 enim
2913 2953 2994 2997 est
3023 2943 3260 2995 ornatius
3307 2939 3414 2996 Deo
3454 2943 3730 3010 magisque

2148 3007 2398 3082 decorum
2426 3051 2441 3074 ,
2479 3007 2635 3080 quam
2665 3022 2721 3066 ut
2748 3013 2859 3081 ipse
2883 3012 3131 3082 decorem
3159 3010 3383 3082 induat)
3409 3051 3424 3075 ,
3463 3007 3590 3079 quin
3625 3007 3728 3066 hoc

2149 3079 2393 3133 humana:
2422 3090 2621 3134 natura:
2641 3079 2907 3135 convenit.
2937 3081 3146 3136 Etenim
3177 3098 3273 3134 nos
3297 3079 3544 3134 homines
3566 3097 3726 3134 mein-

2145 3147 2360 3203 brorum
2392 3150 2781 3205 deformitatem
2808 3152 3237 3205 vestimentorum
3263 3151 3458 3205 decore
3483 3153 3726 3220 contegi-

2145 3232 2264 3272 tnus
2301 3236 2314 3272 :
2343 3235 2523 3273 verum
2554 3234 2673 3273 cum
2717 3222 2856 3273 Deus
2895 3220 3116 3288 simplex
3157 3221 3259 3282 sit,
3292 3231 3344 3272 et
3371 3222 3486 3273 sine
3513 3220 3681 3289 figura
3704 3262 3723 3287 ,

2143 3290 2288 3358 solus
2311 3289 2509 3358 habens
2537 3291 3001 3358 immortalitatem,
3032 3291 3200 3343 lucem
3219 3290 3465 3343 habitans
3487 3290 3726 3344 inacces-

2143 3357 2348 3428 sibilem
2380 3361 2462 3427 (1.
2496 3357 2626 3411 Tim.
2653 3361 2705 3412 6.
2733 3361 2842 3427 16),
2871 3357 3194 3428 (ιυοϋεθυιθ
3219 3371 3356 3428 eget,
3387 3369 3480 3412 aut
3509 3376 3617 3425 quo
3645 3361 3725 3414 in-

2141 3426 2396 3482 damento
2420 3430 2678 3483 ornatur?
2722 3426 2870 3483 Unde
2888 3426 3232 3494 perSpiCnum
3257 3426 3355 3482 est
3403 3432 3720 3497 prophetam

2141 3499 2490 3566 appellavisse
2518 3497 2788 3563 decorem,
2819 3499 3058 3567 corporis
3079 3501 3517 3567 assuniptionem.
3550 3501 3721 3564 Quin-

2140 3569 2298 3620 etiam
2343 3578 2495 3620 vocat
2539 3567 2871 3632 decentiam,
2902 3569 3168 3636 propriam
3203 3583 3420 3621 carnem
3447 3607 3462 3632 ,
3513 3583 3619 3621 non
3652 3569 3722 3622 ob

2139 3637 2378 3706 corporis
2409 3646 2648 3689 naturam
2670 3676 2684 3701 ,
2718 3635 2812 3691 sed
2833 3637 2902 3690 ob
2923 3635 3170 3691 virtutum
3204 3637 3607 3706 perfectionem.
3640 3637 3721 3692 ld-

2138 3705 2281 3759 circo
2301 3707 2552 3760 decorum
2574 3721 2764 3776 corpus
2790 3705 3016 3772 Domini,
3045 3722 3150 3760 non
3172 3705 3311 3775 quod
3332 3721 3528 3776 corpus
3558 3705 3722 3762 fuerit

2137 3777 2329 3839 solum,
2362 3775 2455 3829 sed
2486 3776 2632 3839 Quod
2660 3774 2915 3846 pecc_atum
2942 3793 3040 3829 non
3066 3774 3259 3846 fecerit,
3289 3792 3446 3844 neque
3473 3774 3620 3828 dolus
3640 3779 3719 3829 in-

2139 3856 2309 3898 ventus
2337 3846 2401 3916 sit
2423 3846 2476 3898 in
2496 3861 2581 3898 ore
2599 3846 2726 3915 ejus.
2755 3844 3004 3899 Dominus
3029 3844 3274 3916 regnavit,
3302 3847 3531 3899 decorem
3560 3848 3718 3899 indu-

2138 3923 2217 3986 tus
2240 3927 2309 3986 est
2342 3913 2490 3984 (Isai.
2515 3913 2712 3986 55.9).
2746 3916 2833 3971 Sic
2862 3919 3020 3969 etiam
3045 3913 3118 3969 ait
3149 3915 3331 3981 Isaias,
3363 3916 3504 3985 quod
3526 3931 3718 3972 omnes

2139 3985 2382 4039 homines
2422 3985 2749 4054 induet,'et
2799 3985 3147 4040 circumdabit
3198 3987 3347 4054 quasi
3400 3997 3717 4041 ornamento

2135 4069 2345 4123 sponsa:
2376 4056 2392 4124 (
2410 4053 2532 4108 Isai.
2558 4055 2648 4109 49.
2679 4055 2801 4125 18).
2835 4055 3052 4108 lndutus
3077 4066 3147 4109 est
3176 4053 3423 4107 Dominus
3450 4056 3718 4123 fortitudi-

2137 4141 2267 4188 nem,
2296 4134 2341 4178 et
2368 4126 2629 4195 prtecinxit
2651 4140 2740 4195 se;
2763 4135 2836 4195 et,
2866 4125 3134 4195 Accingere
3161 4125 3329 4194 gladio
3357 4136 3440 4175 tuo
3459 4127 3610 4193 super
3639 4128 3715 4194 fe-

2135 4211 2246 4248 mur
2274 4194 2431 4260 tuum,
2461 4203 2632 4264 potens
2658 4194 2836 4264 (Psal.
2861 4194 2947 4249 92.
2981 4195 3035 4248 1.
3061 4203 3107 4246 et
3133 4196 3221 4248 44.
3251 4195 3318 4262 4)
3346 4233 3360 4258 ,
3400 4202 3456 4247 et
3484 4210 3602 4262 qua:
3633 4211 3719 4250 se-

2136 4275 2392 4336 quuntur.
2437 4273 2605 4332 Atque
2648 4268 2760 4336 haec
2790 4275 3056 4333 tamquam
3102 4265 3713 4336 armatumquempiam

2136 4334 2311 4403 regem
2338 4334 2604 4388 Christum
2636 4334 3003 4388 demonstrant
3022 4374 3035 4397 ,
3068 4349 3212 4387 arma
3241 4335 3482 4402 quadam
3516 4335 3717 4390 terreni

2135 4405 2373 4473 corporis
2404 4405 2641 4457 indutum
2674 4421 2686 4456 :
2719 4414 2772 4458 ct
2791 4405 2980 4458 merito
3012 4405 3227 4458 terreni.
3252 4403 3368 4456 Non
3399 4405 3542 4457 enim
3566 4404 3718 4458 simio

2135 4475 2256 4527 liter
2283 4485 2440 4542 atque
2469 4473 2710 4526 homines
2734 4487 2969 4526 armatur
2993 4513 3005 4536 ,
3033 4481 3087 4527 et
3109 4473 3253 4537 audi,
3286 4477 3575 4541 quomodo.
3606 4474 3717 4527 Nos

2135 4543 2375 4596 homines
2395 4557 2513 4597 cum
2533 4546 2839 4613 plerumque
2859 4557 3147 4611 artnamur,
3174 4548 3312 4613 quod
3336 4546 3605 4596 intirmum
3633 4553 3718 4599 est

2136 4622 2366 4665 tutamur
2395 4627 2459 4666 eo
2485 4612 2623 4682 quod
2651 4613 2788 4667 forte
2812 4613 2934 4666 est?
2978 4613 3071 4667 sed
3113 4612 3246 4667 Deus
3276 4613 3364 4681 qui
3396 4612 3548 4666 fortis
3592 4626 3713 4678 est,

2133 4692 2186 4756 et
2211 4683 2412 4756 validus
2435 4723 2448 4747 ,
2492 4693 2544 4756 et
2568 4692 2754 4756 potens
2777 4723 2791 4747 ,
2828 4692 3097 4756 terrenum
3119 4691 3174 4737 et
3197 4682 3482 4736 invalidum
3519 4697 3716 4756 corpus

2133 4752 2320 4814 induit,
2350 4767 2453 4805 non
2477 4753 2803 4806 dedecorans
2833 4753 3138 4822 dignitatem
3167 4768 3352 4818 suam,
3395 4767 3579 4806 verum
3611 4752 3715 4823 po-

2135 4823 2337 4875 testatis
2377 4837 2486 4876 sua:
2529 4823 2884 4891 praestantiam
2927 4837 3018 4891 per
3062 4823 3327 4876 inlirmuin
3376 4823 3711 4876 ostendens:

2133 4894 2268 4944 sicut
2295 4892 2427 4945 dixit
2465 4893 2658 4956 Paulo,
2707 4891 2793 4960 qui
2840 4893 3166 4960 supplicabat
3206 4893 3339 4960 ipsi:
3388 4892 3586 4961 Sufficit
3626 4894 3714 4946 tibi

2132 4963 2296 5032 gratia
2337 4977 2484 5032 mea:
2515 4979 2629 5014 nam
2671 4964 2824 5015 virtus
2869 4979 2978 5015 mea
3021 4963 3071 5013 in
3108 4963 3402 5030 infirmitate
3451 4962 3712 5029 perﬁcitur

2133 5036 2222 5101 (2.
2254 5033 2370 5084 (.‘or.
2396 5031 2481 5085 12.
2515 5033 2547 5085 9
2569 5031 2607 5102 )ο
2639 5032 2788 5086 Unde
2809 5046 2927 5085 cum
2952 5032 3143 5086 nobilis
3175 5033 3258 5085 hic
3289 5032 3564 5102 apostolus
3587 5048 3709 5100 pra:-

2133 5100 2276 5155 clare
2307 5100 2628 5170 percepisset
2667 5116 2727 5155 ea
2771 5117 2886 5169 quae
2917 5103 3014 5154 sibi
3041 5102 3177 5154 dicta
3206 5111 3358 5154 erant
3380 5141 3394 5166 ,
3423 5101 3488 5153 ad
3515 5100 3707 5155 Corin-

2133 5173 2272 5224 thios
2298 5173 2534 5224 scribens
2563 5172 2663 5231 ait,
2695 5172 2844 5240 Quod
2866 5171 3120 5237 inﬁrmum
3165 5181 3233 5223 est
3264 5171 3356 5223 Dei
3380 5211 3395 5235 ,
3430 5173 3613 5240 fortius
3642 5180 3704 5226 est

2135 5241 2431 5293 hominibus.
2467 5240 2697 5311 lndutus
2719 5249 2790 5292 est
2820 5239 3065 5292 Dominus
3093 5239 3438 5311 fortitudinem
3468 5243 3557 5310 (1.
3589 5243 3705 5294 Cor.

2136 5313 2180 5364 1.
2213 5312 2319 5380 25)
2351 5327 2362 5359 :
2399 5311 2497 5363 hoc
2527 5321 2636 5374 est,
2670 5309 3118 5378 dispensationem
3146 5312 3443 5365 elucentem
3471 5309 3568 5380 per
3592 5327 3706 5364 car-

2131 5396 2274 5434 nem.
2318 5380 2451 5447 Quid
2485 5385 2628 5433 enim
2653 5380 2739 5432 illa
2779 5381 3004 5447 pretiosa
3033 5390 3085 5432 et
3114 5391 3294 5433 sancta
3329 5395 3491 5434 carne
3525 5390 3708 5448 poten-

2133 5458 2234 5504 tius
2255 5451 2276 5500 ?
2303 5451 2425 5517 quid
2451 5462 2608 5518 μοι·το
2636 5449 2863 5502 fortius?
2902 5450 3108 5503 Etenim
3144 5467 3233 5517 per
3252 5465 3441 5519 corpus
3465 5453 3709 5517 corporis

2130 5529 2374 5587 expertes
2401 5530 2453 5573 et
2479 5523 2736 5585 malignos
2757 5520 3025 5572 dannones
3046 5521 3326 5573 debellavit
3350 5536 3363 5581 ;
3393 5529 3447 5573 et
3471 5535 3567 5588 per
3595 5535 3712 5575 cru-

2129 5605 2243 5642 cem
2277 5591 2341 5641 de
2368 5591 2685 5641 adversariis
2706 5591 3050 5656 potestatibus
3080 5591 3440 5656 triumphavit.
3474 5594 3710 5645 Attende

2130 5661 2426 5727 diligenter.
2457 5659 2696 5711 lndutum
2729 5669 2780 5712 et
2811 5661 3259 5714 circnmamictum
3291 5674 3410 5712 esse
3445 5662 3709 5728 significat

2129 5730 2583 5796 Cil'CUlllSCi’iplUtll
2611 5746 2747 5782 esse.
2773 5730 2902 5782 Cum
2936 5733 3090 5798 igitur
3115 5739 3290 5781 sancta
3326 5739 3378 5781 et
3416 5734 3708 5783 incircum-

2129 5799 2323 5865 scripta
2351 5809 2536 5852 natura
2565 5800 2828 5853 videretur
2856 5802 2907 5853 in
2934 5815 3154 5869 corpore
3180 5802 3564 5860 circumscribi,
3600 5816 3707 5854 non

2133 5871 2524 5940 Circumscripta
2563 5871 2775 5940 quidem
2807 5871 3094 5926 secundum
3126 5872 3391 5939 prOpriam
3418 5883 3664 5927 naturam
3688 5909 3704 5937 ,
