  <div class='ocr_page' id='page_1' title='image "/cluster/home/n/w/nwhite01/storage/ocr_20150623/56/ien.35556001660836/522.png"; bbox 0 0 3978 6416; ppageno 0'>
   <div class='ocr_carea' id='block_1_1' title="bbox 186 531 1781 623">
    <p class='ocr_par' dir='ltr' id='par_1_1' title="bbox 186 531 1781 623">
     <span class='ocr_line' id='line_1_1' title="bbox 186 531 1781 623; baseline -0.018 -13"><span class='ocrx_word' id='word_1_1' title='bbox 186 557 285 610; x_wconf 79' lang='lat' dir='ltr'><strong>sed</strong></span> <span class='ocrx_word' id='word_1_2' title='bbox 308 550 565 623; x_wconf 82' lang='lat' dir='ltr'><strong>ejusmodi</strong></span> <span class='ocrx_word' id='word_1_3' title='bbox 598 547 895 623; x_wconf 71' lang='lat' dir='ltr'><strong>existimata</strong></span> <span class='ocrx_word' id='word_1_4' title='bbox 923 557 1000 623; x_wconf 78' lang='lat' dir='ltr'><strong>ex_</strong></span> <span class='ocrx_word' id='word_1_5' title='bbox 1020 540 1226 623; x_wconf 75' lang='lat' dir='ltr'><strong>visione</strong></span> <span class='ocrx_word' id='word_1_6' title='bbox 1245 542 1534 623; x_wconf 76' lang='lat' dir='ltr'><strong>apparente</strong></span> <span class='ocrx_word' id='word_1_7' title='bbox 1553 548 1576 613; x_wconf 80' lang='lat'><strong>;_</strong></span> <span class='ocrx_word' id='word_1_8' title='bbox 1593 531 1781 623; x_wconf 70' lang='lat' dir='ltr'><strong>merito</strong></span> 
     </span>
    </p>
   </div>
   <div class='ocr_carea' id='block_1_2' title="bbox 185 604 1777 682">
    <p class='ocr_par' dir='ltr' id='par_1_2' title="bbox 185 604 1777 682">
     <span class='ocr_line' id='line_1_2' title="bbox 185 604 1777 682; baseline -0.017 -2"><span class='ocrx_word' id='word_1_9' title='bbox 185 604 322 680; x_wconf 85' lang='lat' dir='ltr'><strong>it</strong></span> <span class='ocrx_word' id='word_1_10' title='bbox 337 604 594 675; x_wconf 27' lang='lat' dir='ltr'><strong>i&#39;l‘mlutus</strong></span> <span class='ocrx_word' id='word_1_11' title='bbox 615 628 686 671; x_wconf 75' lang='lat' dir='ltr'><strong>est</strong></span> <span class='ocrx_word' id='word_1_12' title='bbox 703 614 958 682; x_wconf 79' lang='lat' dir='ltr'><strong>Dominus</strong></span> <span class='ocrx_word' id='word_1_13' title='bbox 973 604 1336 682; x_wconf 48' lang='lat' dir='ltr'><strong>fortitudinem,</strong></span> <span class='ocrx_word' id='word_1_14' title='bbox 1351 614 1404 682; x_wconf 64' lang='grc' dir='ltr'><strong>Δει</strong></span> <span class='ocrx_word' id='word_1_15' title='bbox 1426 604 1686 682; x_wconf 62' lang='grc' dir='ltr'><strong>ρςωείηίςξι</strong></span> <span class='ocrx_word' id='word_1_16' title='bbox 1707 617 1777 654; x_wconf 84' lang='lat' dir='ltr'><strong>se.</strong></span> 
     </span>
    </p>
   </div>
   <div class='ocr_carea' id='block_1_3' title="bbox 191 675 1777 756">
    <p class='ocr_par' dir='ltr' id='par_1_3' title="bbox 191 675 1777 756">
     <span class='ocr_line' id='line_1_3' title="bbox 191 675 1777 756; baseline -0.019 -7"><span class='ocrx_word' id='word_1_17' title='bbox 191 675 416 756; x_wconf 70' lang='lat' dir='ltr'><strong>quid</strong></span> <span class='ocrx_word' id='word_1_18' title='bbox 443 701 524 744; x_wconf 84' lang='lat' dir='ltr'><strong>est</strong></span> <span class='ocrx_word' id='word_1_19' title='bbox 552 686 692 756; x_wconf 91' lang='lat' dir='ltr'><strong>quod</strong></span> <span class='ocrx_word' id='word_1_20' title='bbox 723 699 842 738; x_wconf 86' lang='lat' dir='ltr'><strong>mox</strong></span> <span class='ocrx_word' id='word_1_21' title='bbox 877 675 1184 756; x_wconf 81' lang='lat' dir='ltr'><strong>inducitur?</strong></span> <span class='ocrx_word' id='word_1_22' title='bbox 1217 675 1777 756; x_wconf 39' lang='lat' dir='ltr'><strong>Etenimﬁérnmoit‘or-</strong></span> 
     </span>
    </p>
   </div>
   <div class='ocr_carea' id='block_1_4' title="bbox 188 740 1782 826">
    <p class='ocr_par' dir='ltr' id='par_1_4' title="bbox 188 740 1782 826">
     <span class='ocr_line' id='line_1_4' title="bbox 188 740 1782 826; baseline -0.021 -9"><span class='ocrx_word' id='word_1_23' title='bbox 188 740 522 822; x_wconf 43' lang='lat' dir='ltr'><strong>ELECIc&#39;r—nii,’</strong></span> <span class='ocrx_word' id='word_1_24' title='bbox 559 740 643 826; x_wconf 54' lang='lat' dir='ltr'><strong>qui</strong></span> <span class='ocrx_word' id='word_1_25' title='bbox 670 772 770 808; x_wconf 82' lang='lat' dir='ltr'><strong>non</strong></span> <span class='ocrx_word' id='word_1_26' title='bbox 806 750 1189 804; x_wconf 75' lang='lat' dir='ltr'><strong>commovebitur</strong></span> <span class='ocrx_word' id='word_1_27' title='bbox 1209 745 1378 826; x_wconf 54' lang='grc' dir='ltr'><strong>(ἕζεαι.</strong></span> <span class='ocrx_word' id='word_1_28' title='bbox 1410 743 1495 798; x_wconf 73' lang='grc'><strong>92.</strong></span> <span class='ocrx_word' id='word_1_29' title='bbox 1519 740 1782 826; x_wconf 33' lang='lat' dir='ltr'><strong>&#39;1).Q_uo-</strong></span> 
     </span>
    </p>
   </div>
   <div class='ocr_carea' id='block_1_5' title="bbox 189 810 1777 898">
    <p class='ocr_par' dir='ltr' id='par_1_5' title="bbox 189 810 1777 898">
     <span class='ocr_line' id='line_1_5' title="bbox 189 810 1777 898; baseline -0.017 -12"><span class='ocrx_word' id='word_1_30' title='bbox 189 810 792 898; x_wconf 34' lang='lat' dir='ltr'><strong>niamerg—o&#39;péceatnm</strong></span> <span class='ocrx_word' id='word_1_31' title='bbox 824 826 1166 898; x_wconf 53' lang='lat' dir='ltr'><strong>concusserat</strong></span> <span class='ocrx_word' id='word_1_32' title='bbox 1189 810 1424 898; x_wconf 76' lang='lat' dir='ltr'><strong>primum</strong></span> <span class='ocrx_word' id='word_1_33' title='bbox 1452 810 1777 898; x_wconf 42' lang='lat' dir='ltr'><strong>orbemJtei:</strong></span> 
     </span>
    </p>
   </div>
   <div class='ocr_carea' id='block_1_6' title="bbox 191 878 1777 962">
    <p class='ocr_par' dir='ltr' id='par_1_6' title="bbox 191 878 1777 962">
     <span class='ocr_line' id='line_1_6' title="bbox 191 878 1777 962; baseline -0.015 -8"><span class='ocrx_word' id='word_1_34' title='bbox 191 878 547 962; x_wconf 59' lang='lat' dir='ltr'><strong>Eiiiinj&#39;éuini</strong></span> <span class='ocrx_word' id='word_1_35' title='bbox 564 878 820 948; x_wconf 65' lang='lat' dir='ltr'><strong>venisset</strong></span> <span class='ocrx_word' id='word_1_36' title='bbox 840 891 1092 962; x_wconf 69' lang='lat' dir='ltr'><strong>Servator</strong></span> <span class='ocrx_word' id='word_1_37' title='bbox 1114 878 1226 940; x_wconf 82' lang='lat' dir='ltr'><strong>ﬁxit</strong></span> <span class='ocrx_word' id='word_1_38' title='bbox 1247 898 1483 962; x_wconf 83' lang='lat' dir='ltr'><strong>crucem,</strong></span> <span class='ocrx_word' id='word_1_39' title='bbox 1517 889 1570 934; x_wconf 89' lang='lat' dir='ltr'><strong>et</strong></span> <span class='ocrx_word' id='word_1_40' title='bbox 1592 878 1777 962; x_wconf 84' lang='lat' dir='ltr'><strong>orbem</strong></span> 
     </span>
    </p>
   </div>
   <div class='ocr_carea' id='block_1_7' title="bbox 191 953 1781 1032">
    <p class='ocr_par' dir='ltr' id='par_1_7' title="bbox 191 953 1781 1032">
     <span class='ocr_line' id='line_1_7' title="bbox 191 953 1781 1032; baseline -0.015 -8"><span class='ocrx_word' id='word_1_41' title='bbox 191 953 351 1024; x_wconf 64' lang='lat' dir='ltr'><strong>terra:</strong></span> <span class='ocrx_word' id='word_1_42' title='bbox 379 953 628 1020; x_wconf 78' lang='lat' dir='ltr'><strong>iirmavit.</strong></span> <span class='ocrx_word' id='word_1_43' title='bbox 680 962 756 1015; x_wconf 83' lang='lat' dir='ltr'><strong>Tu</strong></span> <span class='ocrx_word' id='word_1_44' title='bbox 794 978 844 1015; x_wconf 77' lang='lat' dir='ltr'><strong>es</strong></span> <span class='ocrx_word' id='word_1_45' title='bbox 877 959 1058 1012; x_wconf 83' lang='lat' dir='ltr'><strong>Petrus</strong></span> <span class='ocrx_word' id='word_1_46' title='bbox 1084 997 1097 1020; x_wconf 92' lang='lat'><strong>,</strong></span> <span class='ocrx_word' id='word_1_47' title='bbox 1142 966 1191 1008; x_wconf 83' lang='lat' dir='ltr'><strong>et</strong></span> <span class='ocrx_word' id='word_1_48' title='bbox 1223 969 1376 1032; x_wconf 66' lang='lat' dir='ltr'><strong>super</strong></span> <span class='ocrx_word' id='word_1_49' title='bbox 1421 953 1550 1032; x_wconf 76' lang='lat' dir='ltr'><strong>lianc</strong></span> <span class='ocrx_word' id='word_1_50' title='bbox 1588 958 1781 1018; x_wconf 78' lang='lat' dir='ltr'><strong>petram</strong></span> 
     </span>
    </p>
   </div>
   <div class='ocr_carea' id='block_1_8' title="bbox 191 1022 1782 1104">
    <p class='ocr_par' dir='ltr' id='par_1_8' title="bbox 191 1022 1782 1104">
     <span class='ocr_line' id='line_1_8' title="bbox 191 1022 1782 1104; baseline -0.016 -11"><span class='ocrx_word' id='word_1_51' title='bbox 191 1022 462 1104; x_wconf 54' lang='lat' dir='ltr'><strong>mdiﬁcabo</strong></span> <span class='ocrx_word' id='word_1_52' title='bbox 497 1033 990 1104; x_wconf 65' lang='lat' dir='ltr'><strong>Ecclesiammeam,</strong></span> <span class='ocrx_word' id='word_1_53' title='bbox 1022 1035 1256 1104; x_wconf 49' lang='lat' dir='ltr'><strong>estfortis</strong></span> <span class='ocrx_word' id='word_1_54' title='bbox 1281 1022 1437 1104; x_wconf 52' lang='lat' dir='ltr'><strong>inferi</strong></span> <span class='ocrx_word' id='word_1_55' title='bbox 1461 1035 1560 1104; x_wconf 71' lang='lat' dir='ltr'><strong>non</strong></span> <span class='ocrx_word' id='word_1_56' title='bbox 1589 1033 1782 1104; x_wconf 48' lang='lat' dir='ltr'><strong>prcipu-.-</strong></span> 
     </span>
    </p>
   </div>
   <div class='ocr_carea' id='block_1_9' title="bbox 189 1087 1778 1166">
    <p class='ocr_par' dir='ltr' id='par_1_9' title="bbox 189 1087 1778 1166">
     <span class='ocr_line' id='line_1_9' title="bbox 189 1087 1778 1166; baseline -0.013 -5"><span class='ocrx_word' id='word_1_57' title='bbox 189 1087 619 1162; x_wconf 42' lang='lat' dir='ltr'><strong>Libitinam</strong></span> <span class='ocrx_word' id='word_1_58' title='bbox 648 1117 757 1154; x_wconf 87' lang='lat' dir='ltr'><strong>eam</strong></span> <span class='ocrx_word' id='word_1_59' title='bbox 779 1101 795 1166; x_wconf 96' lang='lat'>(</span> <span class='ocrx_word' id='word_1_60' title='bbox 821 1087 1006 1152; x_wconf 74' lang='lat' dir='ltr'><strong>Manli.</strong></span> <span class='ocrx_word' id='word_1_61' title='bbox 1038 1087 1277 1166; x_wconf 50' lang='lat' dir='ltr'><strong>l6&#39;.l_8).</strong></span> <span class='ocrx_word' id='word_1_62' title='bbox 1313 1091 1378 1166; x_wconf 87' lang='lat' dir='ltr'><strong>Et</strong></span> <span class='ocrx_word' id='word_1_63' title='bbox 1402 1089 1594 1166; x_wconf 84' lang='lat' dir='ltr'><strong>Paulus</strong></span> <span class='ocrx_word' id='word_1_64' title='bbox 1627 1105 1636 1138; x_wconf 94' lang='lat'>:</span> <span class='ocrx_word' id='word_1_65' title='bbox 1671 1087 1778 1166; x_wconf 55' lang='lat' dir='ltr'><strong>Sed</strong></span> 
     </span>
    </p>
   </div>
   <div class='ocr_carea' id='block_1_10' title="bbox 190 1156 1778 1244">
    <p class='ocr_par' dir='ltr' id='par_1_10' title="bbox 190 1156 1778 1244">
     <span class='ocr_line' id='line_1_10' title="bbox 190 1156 1778 1244; baseline -0.015 -14"><span class='ocrx_word' id='word_1_66' title='bbox 190 1156 809 1244; x_wconf 45' lang='lat' dir='ltr'><strong>fundamentum</strong></span> <span class='ocrx_word' id='word_1_67' title='bbox 839 1168 934 1244; x_wconf 75' lang='lat' dir='ltr'><strong>Dei</strong></span> <span class='ocrx_word' id='word_1_68' title='bbox 956 1174 1087 1228; x_wconf 82' lang='lat' dir='ltr'><strong>stat,</strong></span> <span class='ocrx_word' id='word_1_69' title='bbox 1121 1156 1306 1244; x_wconf 66' lang='lat' dir='ltr'><strong>habens</strong></span> <span class='ocrx_word' id='word_1_70' title='bbox 1334 1160 1652 1244; x_wconf 62' lang='lat' dir='ltr'><strong>signaculum</strong></span> <span class='ocrx_word' id='word_1_71' title='bbox 1673 1156 1778 1244; x_wconf 45' lang='lat' dir='ltr'><strong>[hoc</strong></span> 
     </span>
    </p>
   </div>
   <div class='ocr_carea' id='block_1_11' title="bbox 190 1226 1778 1314">
    <p class='ocr_par' dir='ltr' id='par_1_11' title="bbox 190 1226 1778 1314">
     <span class='ocr_line' id='line_1_11' title="bbox 190 1226 1778 1314; baseline -0.017 -14"><span class='ocrx_word' id='word_1_72' title='bbox 190 1226 527 1314; x_wconf 36' lang='lat' dir='ltr'><strong>{infimi}.</strong></span> <span class='ocrx_word' id='word_1_73' title='bbox 561 1239 688 1314; x_wconf 78' lang='grc'><strong>19).</strong></span> <span class='ocrx_word' id='word_1_74' title='bbox 725 1241 838 1293; x_wconf 90' lang='lat' dir='ltr'><strong>Duo</strong></span> <span class='ocrx_word' id='word_1_75' title='bbox 865 1239 1042 1304; x_wconf 89' lang='lat' dir='ltr'><strong>itaque</strong></span> <span class='ocrx_word' id='word_1_76' title='bbox 1062 1226 1230 1314; x_wconf 51' lang='lat' dir='ltr'><strong>verba</strong></span> <span class='ocrx_word' id='word_1_77' title='bbox 1271 1226 1635 1314; x_wconf 63' lang='lat' dir='ltr'><strong>pronuntiavit</strong></span> <span class='ocrx_word' id='word_1_78' title='bbox 1655 1226 1778 1314; x_wconf 12' lang='lat' dir='ltr'><strong>Atlio-</strong></span> 
     </span>
    </p>
   </div>
   <div class='ocr_carea' id='block_1_12' title="bbox 192 1298 1773 1380">
    <p class='ocr_par' dir='ltr' id='par_1_12' title="bbox 192 1298 1773 1380">
     <span class='ocr_line' id='line_1_12' title="bbox 192 1298 1773 1380; baseline -0.015 -11"><span class='ocrx_word' id='word_1_79' title='bbox 192 1298 368 1369; x_wconf 65' lang='lat' dir='ltr'><strong>minus</strong></span> <span class='ocrx_word' id='word_1_80' title='bbox 396 1330 410 1365; x_wconf 89' lang='lat'>:</span> <span class='ocrx_word' id='word_1_81' title='bbox 438 1312 604 1380; x_wconf 86' lang='lat' dir='ltr'><strong>Super</strong></span> <span class='ocrx_word' id='word_1_82' title='bbox 627 1298 756 1362; x_wconf 74' lang='lat' dir='ltr'><strong>lianc</strong></span> <span class='ocrx_word' id='word_1_83' title='bbox 785 1298 1254 1380; x_wconf 54' lang='lat' dir='ltr'><strong>petrammdiﬁcabct</strong></span> <span class='ocrx_word' id='word_1_84' title='bbox 1279 1298 1556 1352; x_wconf 74' lang='lat' dir='ltr'><strong>Ecclesium</strong></span> <span class='ocrx_word' id='word_1_85' title='bbox 1592 1311 1773 1380; x_wconf 45' lang='lat' dir='ltr'><strong>mecm,</strong></span> 
     </span>
    </p>
   </div>
   <div class='ocr_carea' id='block_1_13' title="bbox 191 1364 1777 1452">
    <p class='ocr_par' dir='ltr' id='par_1_13' title="bbox 191 1364 1777 1452">
     <span class='ocr_line' id='line_1_13' title="bbox 191 1364 1777 1452; baseline -0.015 -14"><span class='ocrx_word' id='word_1_86' title='bbox 191 1364 618 1452; x_wconf 48' lang='lat' dir='ltr'><strong>pinetum</strong></span> <span class='ocrx_word' id='word_1_87' title='bbox 661 1396 766 1452; x_wconf 65' lang='lat' dir='ltr'><strong>non</strong></span> <span class='ocrx_word' id='word_1_88' title='bbox 787 1364 1147 1452; x_wconf 57' lang='lat' dir='ltr'><strong>&#39;prwvalebmtt</strong></span> <span class='ocrx_word' id='word_1_89' title='bbox 1186 1370 1424 1452; x_wconf 65' lang='lat' dir='ltr'><strong>adversus</strong></span> <span class='ocrx_word' id='word_1_90' title='bbox 1462 1383 1631 1452; x_wconf 26' lang='lat' dir='ltr'><strong>eam;</strong></span> <span class='ocrx_word' id='word_1_91' title='bbox 1658 1364 1777 1417; x_wconf 89' lang='lat' dir='ltr'><strong>Non</strong></span> 
     </span>
    </p>
   </div>
   <div class='ocr_carea' id='block_1_14' title="bbox 193 1434 1779 1518">
    <p class='ocr_par' dir='ltr' id='par_1_14' title="bbox 193 1434 1779 1518">
     <span class='ocr_line' id='line_1_14' title="bbox 193 1434 1779 1518; baseline -0.014 -11"><span class='ocrx_word' id='word_1_92' title='bbox 193 1434 426 1507; x_wconf 54' lang='lat' dir='ltr'><strong>inﬁget}:</strong></span> <span class='ocrx_word' id='word_1_93' title='bbox 446 1434 636 1518; x_wconf 69' lang='lat' dir='ltr'><strong>magno</strong></span> <span class='ocrx_word' id='word_1_94' title='bbox 657 1434 938 1501; x_wconf 79' lang='lat' dir='ltr'><strong>verborum</strong></span> <span class='ocrx_word' id='word_1_95' title='bbox 961 1442 1161 1496; x_wconf 92' lang='lat' dir='ltr'><strong>ambitu</strong></span> <span class='ocrx_word' id='word_1_96' title='bbox 1187 1456 1200 1502; x_wconf 92' lang='lat'>;</span> <span class='ocrx_word' id='word_1_97' title='bbox 1235 1453 1344 1518; x_wconf 77' lang='lat' dir='ltr'><strong>non</strong></span> <span class='ocrx_word' id='word_1_98' title='bbox 1367 1437 1502 1491; x_wconf 77' lang='lat' dir='ltr'><strong>dixit</strong></span> <span class='ocrx_word' id='word_1_99' title='bbox 1531 1454 1544 1489; x_wconf 91' lang='lat'><strong>:</strong></span> <span class='ocrx_word' id='word_1_100' title='bbox 1573 1434 1779 1518; x_wconf 78' lang='lat' dir='ltr'><strong>Firma-</strong></span> 
     </span>
    </p>
   </div>
   <div class='ocr_carea' id='block_1_15' title="bbox 192 1507 1777 1582">
    <p class='ocr_par' dir='ltr' id='par_1_15' title="bbox 192 1507 1777 1582">
     <span class='ocr_line' id='line_1_15' title="bbox 192 1507 1777 1582; baseline -0.014 -7"><span class='ocrx_word' id='word_1_101' title='bbox 192 1521 260 1574; x_wconf 87' lang='lat' dir='ltr'><strong>bo</strong></span> <span class='ocrx_word' id='word_1_102' title='bbox 291 1507 601 1582; x_wconf 75' lang='lat' dir='ltr'><strong>Ecclesiam,</strong></span> <span class='ocrx_word' id='word_1_103' title='bbox 628 1526 682 1571; x_wconf 89' lang='lat' dir='ltr'><strong>et</strong></span> <span class='ocrx_word' id='word_1_104' title='bbox 711 1530 808 1568; x_wconf 90' lang='lat' dir='ltr'><strong>nec</strong></span> <span class='ocrx_word' id='word_1_105' title='bbox 846 1527 1018 1582; x_wconf 85' lang='lat' dir='ltr'><strong>reges,</strong></span> <span class='ocrx_word' id='word_1_106' title='bbox 1053 1524 1152 1563; x_wconf 91' lang='lat' dir='ltr'><strong>nec</strong></span> <span class='ocrx_word' id='word_1_107' title='bbox 1180 1507 1464 1582; x_wconf 81' lang='lat' dir='ltr'><strong>principes,</strong></span> <span class='ocrx_word' id='word_1_108' title='bbox 1493 1518 1665 1572; x_wconf 91' lang='lat' dir='ltr'><strong>neque</strong></span> <span class='ocrx_word' id='word_1_109' title='bbox 1693 1512 1777 1571; x_wconf 87' lang='lat' dir='ltr'><strong>ty-</strong></span> 
     </span>
    </p>
   </div>
   <div class='ocr_carea' id='block_1_16' title="bbox 192 1578 1775 1658">
    <p class='ocr_par' dir='ltr' id='par_1_16' title="bbox 192 1578 1775 1658">
     <span class='ocr_line' id='line_1_16' title="bbox 192 1578 1775 1658; baseline -0.014 -14"><span class='ocrx_word' id='word_1_110' title='bbox 192 1591 343 1644; x_wconf 86' lang='lat' dir='ltr'><strong>ranni</strong></span> <span class='ocrx_word' id='word_1_111' title='bbox 373 1630 389 1652; x_wconf 90' lang='lat'><strong>,</strong></span> <span class='ocrx_word' id='word_1_112' title='bbox 423 1578 598 1658; x_wconf 80' lang='lat' dir='ltr'><strong>neque</strong></span> <span class='ocrx_word' id='word_1_113' title='bbox 619 1578 930 1644; x_wconf 57' lang='lat' dir='ltr'><strong>carniﬁces;</strong></span> <span class='ocrx_word' id='word_1_114' title='bbox 963 1595 1133 1658; x_wconf 81' lang='lat' dir='ltr'><strong>neque</strong></span> <span class='ocrx_word' id='word_1_115' title='bbox 1155 1578 1452 1658; x_wconf 69' lang='lat' dir='ltr'><strong>sapientes,</strong></span> <span class='ocrx_word' id='word_1_116' title='bbox 1485 1588 1656 1641; x_wconf 90' lang='lat' dir='ltr'><strong>neque</strong></span> <span class='ocrx_word' id='word_1_117' title='bbox 1683 1586 1775 1650; x_wconf 72' lang='lat' dir='ltr'><strong>ru-</strong></span> 
     </span>
    </p>
   </div>
   <div class='ocr_carea' id='block_1_17' title="bbox 192 1646 1777 1727">
    <p class='ocr_par' dir='ltr' id='par_1_17' title="bbox 192 1646 1777 1727">
     <span class='ocr_line' id='line_1_17' title="bbox 192 1646 1777 1727; baseline -0.011 -16"><span class='ocrx_word' id='word_1_118' title='bbox 192 1660 328 1724; x_wconf 77' lang='lat' dir='ltr'><strong>stici,</strong></span> <span class='ocrx_word' id='word_1_119' title='bbox 356 1646 530 1727; x_wconf 74' lang='lat' dir='ltr'><strong>neque</strong></span> <span class='ocrx_word' id='word_1_120' title='bbox 555 1665 797 1712; x_wconf 89' lang='lat' dir='ltr'><strong>oratores</strong></span> <span class='ocrx_word' id='word_1_121' title='bbox 831 1646 1154 1721; x_wconf 86' lang='lat' dir='ltr'><strong>superabunt</strong></span> <span class='ocrx_word' id='word_1_122' title='bbox 1185 1646 1477 1702; x_wconf 87' lang='lat' dir='ltr'><strong>Ecclesiam</strong></span> <span class='ocrx_word' id='word_1_123' title='bbox 1504 1661 1516 1697; x_wconf 88' lang='lat'><strong>:</strong></span> <span class='ocrx_word' id='word_1_124' title='bbox 1552 1657 1674 1696; x_wconf 89' lang='lat' dir='ltr'><strong>nam</strong></span> <span class='ocrx_word' id='word_1_125' title='bbox 1698 1646 1777 1694; x_wconf 90' lang='lat' dir='ltr'><strong>in-</strong></span> 
     </span>
    </p>
   </div>
   <div class='ocr_carea' id='block_1_18' title="bbox 465 1773 1376 1796">
    <p class='ocr_par' dir='ltr' id='par_1_18' title="bbox 465 1773 1376 1796">
     <span class='ocr_line' id='line_1_18' title="bbox 465 1773 1376 1796; baseline 0.007 -4"><span class='ocrx_word' id='word_1_126' title='bbox 465 1773 1376 1796; x_wconf 71' lang='lat'><strong>.____———-—————::—-——___</strong></span> 
     </span>
    </p>
   </div>
   <div class='ocr_carea' id='block_1_19' title="bbox 1444 415 2231 476">
    <p class='ocr_par' dir='ltr' id='par_1_19' title="bbox 1444 415 2231 476">
     <span class='ocr_line' id='line_1_19' title="bbox 1444 415 2231 476; baseline -0.009 0"><span class='ocrx_word' id='word_1_127' title='bbox 1444 420 1509 476; x_wconf 73' lang='lat' dir='ltr'><strong>IN</strong></span> <span class='ocrx_word' id='word_1_128' title='bbox 1546 417 1843 476; x_wconf 76' lang='lat' dir='ltr'><strong>GENESIM</strong></span> <span class='ocrx_word' id='word_1_129' title='bbox 1881 416 2109 474; x_wconf 80' lang='lat' dir='ltr'><strong>SERMO</strong></span> <span class='ocrx_word' id='word_1_130' title='bbox 2145 415 2231 472; x_wconf 88' lang='lat' dir='ltr'><strong>lll.</strong></span> 
     </span>
    </p>
   </div>
   <div class='ocr_carea' id='block_1_20' title="bbox 3343 431 3456 488">
    <p class='ocr_par' dir='ltr' id='par_1_20' title="bbox 3343 431 3456 488">
     <span class='ocr_line' id='line_1_20' title="bbox 3343 431 3456 488; baseline 0.018 -3"><span class='ocrx_word' id='word_1_131' title='bbox 3343 431 3456 488; x_wconf 88' lang='lat'><strong>526</strong></span> 
     </span>
    </p>
   </div>
   <div class='ocr_carea' id='block_1_21' title="bbox 1888 526 3462 598">
    <p class='ocr_par' dir='ltr' id='par_1_21' title="bbox 1888 526 3462 598">
     <span class='ocr_line' id='line_1_21' title="bbox 1888 526 3462 598; baseline -0.003 -15"><span class='ocrx_word' id='word_1_132' title='bbox 1888 533 2084 585; x_wconf 91' lang='lat' dir='ltr'><strong>victum</strong></span> <span class='ocrx_word' id='word_1_133' title='bbox 2123 536 2178 583; x_wconf 87' lang='lat' dir='ltr'><strong>et</strong></span> <span class='ocrx_word' id='word_1_134' title='bbox 2217 526 2624 596; x_wconf 82' lang='lat' dir='ltr'><strong>inexpugnabile</strong></span> <span class='ocrx_word' id='word_1_135' title='bbox 2651 536 2734 582; x_wconf 87' lang='lat' dir='ltr'><strong>est</strong></span> <span class='ocrx_word' id='word_1_136' title='bbox 2759 541 2982 598; x_wconf 82' lang='lat' dir='ltr'><strong>regnum</strong></span> <span class='ocrx_word' id='word_1_137' title='bbox 3008 527 3204 582; x_wconf 88' lang='lat' dir='ltr'><strong>Christi</strong></span> <span class='ocrx_word' id='word_1_138' title='bbox 3230 543 3246 592; x_wconf 74' lang='lat'><strong>&#39;,</strong></span> <span class='ocrx_word' id='word_1_139' title='bbox 3278 541 3462 598; x_wconf 84' lang='lat' dir='ltr'><strong>verum</strong></span> 
     </span>
    </p>
   </div>
   <div class='ocr_carea' id='block_1_22' title="bbox 1895 597 3462 666">
    <p class='ocr_par' dir='ltr' id='par_1_22' title="bbox 1895 597 3462 666">
     <span class='ocr_line' id='line_1_22' title="bbox 1895 597 3462 666; baseline -0.001 -15"><span class='ocrx_word' id='word_1_140' title='bbox 1895 618 1997 653; x_wconf 91' lang='lat' dir='ltr'><strong>uno</strong></span> <span class='ocrx_word' id='word_1_141' title='bbox 2029 601 2190 653; x_wconf 92' lang='lat' dir='ltr'><strong>verbo</strong></span> <span class='ocrx_word' id='word_1_142' title='bbox 2228 599 2330 651; x_wconf 87' lang='lat' dir='ltr'><strong>vim</strong></span> <span class='ocrx_word' id='word_1_143' title='bbox 2360 607 2414 651; x_wconf 89' lang='lat' dir='ltr'><strong>et</strong></span> <span class='ocrx_word' id='word_1_144' title='bbox 2442 599 2730 666; x_wconf 91' lang='lat' dir='ltr'><strong>potentiam</strong></span> <span class='ocrx_word' id='word_1_145' title='bbox 2763 597 3084 664; x_wconf 83' lang='lat' dir='ltr'><strong>declaravit,</strong></span> <span class='ocrx_word' id='word_1_146' title='bbox 3134 612 3197 651; x_wconf 91' lang='lat' dir='ltr'><strong>ac</strong></span> <span class='ocrx_word' id='word_1_147' title='bbox 3235 597 3462 664; x_wconf 82' lang='lat' dir='ltr'><strong>simplici</strong></span> 
     </span>
    </p>
   </div>
   <div class='ocr_carea' id='block_1_23' title="bbox 1885 666 3464 736">
    <p class='ocr_par' dir='ltr' id='par_1_23' title="bbox 1885 666 3464 736">
     <span class='ocr_line' id='line_1_23' title="bbox 1885 666 3464 736; baseline -0.006 -11"><span class='ocrx_word' id='word_1_148' title='bbox 1885 670 2118 725; x_wconf 80' lang='lat' dir='ltr'><strong>dictione</strong></span> <span class='ocrx_word' id='word_1_149' title='bbox 2159 668 2563 735; x_wconf 85' lang='lat' dir='ltr'><strong>promissionem</strong></span> <span class='ocrx_word' id='word_1_150' title='bbox 2594 667 2817 721; x_wconf 88' lang='lat' dir='ltr'><strong>munivit</strong></span> <span class='ocrx_word' id='word_1_151' title='bbox 2848 685 2862 720; x_wconf 92' lang='lat'><strong>:</strong></span> <span class='ocrx_word' id='word_1_152' title='bbox 2892 666 3061 735; x_wconf 81' lang='lat' dir='ltr'><strong>Super</strong></span> <span class='ocrx_word' id='word_1_153' title='bbox 3103 669 3232 719; x_wconf 78' lang='lat' dir='ltr'><strong>hanc</strong></span> <span class='ocrx_word' id='word_1_154' title='bbox 3275 677 3464 736; x_wconf 82' lang='lat' dir='ltr'><strong>petram</strong></span> 
     </span>
    </p>
   </div>
   <div class='ocr_carea' id='block_1_24' title="bbox 1885 737 3464 807">
    <p class='ocr_par' dir='ltr' id='par_1_24' title="bbox 1885 737 3464 807">
     <span class='ocr_line' id='line_1_24' title="bbox 1885 737 3464 807; baseline -0.003 -14"><span class='ocrx_word' id='word_1_155' title='bbox 1885 739 2148 807; x_wconf 64' lang='lat' dir='ltr'><strong>adiﬁcabo</strong></span> <span class='ocrx_word' id='word_1_156' title='bbox 2181 737 2458 790; x_wconf 76' lang='lat' dir='ltr'><strong>Ecclesium</strong></span> <span class='ocrx_word' id='word_1_157' title='bbox 2481 753 2670 800; x_wconf 86' lang='lat' dir='ltr'><strong>meam,</strong></span> <span class='ocrx_word' id='word_1_158' title='bbox 2702 746 2748 790; x_wconf 88' lang='lat' dir='ltr'><strong>et</strong></span> <span class='ocrx_word' id='word_1_159' title='bbox 2779 747 2936 805; x_wconf 66' lang='lat' dir='ltr'><strong>portae</strong></span> <span class='ocrx_word' id='word_1_160' title='bbox 2969 737 3117 806; x_wconf 79' lang='lat' dir='ltr'><strong>inferi</strong></span> <span class='ocrx_word' id='word_1_161' title='bbox 3146 752 3245 789; x_wconf 85' lang='lat' dir='ltr'><strong>non</strong></span> <span class='ocrx_word' id='word_1_162' title='bbox 3267 751 3464 807; x_wconf 61' lang='lat' dir='ltr'><strong>prunic-</strong></span> 
     </span>
    </p>
   </div>
   <div class='ocr_carea' id='block_1_25' title="bbox 1887 806 3463 873">
    <p class='ocr_par' dir='ltr' id='par_1_25' title="bbox 1887 806 3463 873">
     <span class='ocr_line' id='line_1_25' title="bbox 1887 806 3463 873; baseline -0.002 -11"><span class='ocrx_word' id='word_1_163' title='bbox 1887 806 2051 862; x_wconf 81' lang='lat' dir='ltr'><strong>lebunt</strong></span> <span class='ocrx_word' id='word_1_164' title='bbox 2082 809 2318 860; x_wconf 82' lang='lat' dir='ltr'><strong>adversus</strong></span> <span class='ocrx_word' id='word_1_165' title='bbox 2343 822 2472 858; x_wconf 87' lang='lat' dir='ltr'><strong>eam.</strong></span> <span class='ocrx_word' id='word_1_166' title='bbox 2500 807 2614 858; x_wconf 90' lang='lat' dir='ltr'><strong>Duo</strong></span> <span class='ocrx_word' id='word_1_167' title='bbox 2641 807 2800 860; x_wconf 87' lang='lat' dir='ltr'><strong>verba</strong></span> <span class='ocrx_word' id='word_1_168' title='bbox 2821 847 2837 873; x_wconf 91' lang='lat'><strong>,</strong></span> <span class='ocrx_word' id='word_1_169' title='bbox 2868 822 2972 860; x_wconf 92' lang='lat' dir='ltr'><strong>non</strong></span> <span class='ocrx_word' id='word_1_170' title='bbox 3018 807 3157 859; x_wconf 87' lang='lat' dir='ltr'><strong>nuda</strong></span> <span class='ocrx_word' id='word_1_171' title='bbox 3195 815 3250 860; x_wconf 88' lang='lat' dir='ltr'><strong>et</strong></span> <span class='ocrx_word' id='word_1_172' title='bbox 3289 806 3463 861; x_wconf 75' lang='lat' dir='ltr'><strong>tenuia</strong></span> 
     </span>
    </p>
   </div>
   <div class='ocr_carea' id='block_1_26' title="bbox 1886 874 3458 944">
    <p class='ocr_par' dir='ltr' id='par_1_26' title="bbox 1886 874 3458 944">
     <span class='ocr_line' id='line_1_26' title="bbox 1886 874 3458 944; baseline -0.003 -13"><span class='ocrx_word' id='word_1_173' title='bbox 1886 880 2068 942; x_wconf 90' lang='lat' dir='ltr'><strong>verba,</strong></span> <span class='ocrx_word' id='word_1_174' title='bbox 2094 876 2184 930; x_wconf 92' lang='lat' dir='ltr'><strong>sed</strong></span> <span class='ocrx_word' id='word_1_175' title='bbox 2216 877 2305 930; x_wconf 87' lang='lat' dir='ltr'><strong>Dei</strong></span> <span class='ocrx_word' id='word_1_176' title='bbox 2331 875 2514 929; x_wconf 86' lang='lat' dir='ltr'><strong>verba.</strong></span> <span class='ocrx_word' id='word_1_177' title='bbox 2539 875 2667 928; x_wconf 85' lang='lat' dir='ltr'><strong>Nam</strong></span> <span class='ocrx_word' id='word_1_178' title='bbox 2699 877 2788 944; x_wconf 92' lang='lat' dir='ltr'><strong>qui</strong></span> <span class='ocrx_word' id='word_1_179' title='bbox 2810 876 2974 929; x_wconf 88' lang='lat' dir='ltr'><strong>verbo</strong></span> <span class='ocrx_word' id='word_1_180' title='bbox 3001 874 3188 929; x_wconf 63' lang='lat' dir='ltr'><strong>caelum</strong></span> <span class='ocrx_word' id='word_1_181' title='bbox 3212 875 3458 938; x_wconf 85' lang='lat' dir='ltr'><strong>lirmavit,</strong></span> 
     </span>
    </p>
   </div>
   <div class='ocr_carea' id='block_1_27' title="bbox 1885 944 3450 1006">
    <p class='ocr_par' dir='ltr' id='par_1_27' title="bbox 1885 944 3450 1006">
     <span class='ocr_line' id='line_1_27' title="bbox 1885 944 3450 1006; baseline -0.003 -4"><span class='ocrx_word' id='word_1_182' title='bbox 1885 958 1938 1002; x_wconf 90' lang='lat' dir='ltr'><strong>et</strong></span> <span class='ocrx_word' id='word_1_183' title='bbox 1965 958 2154 1000; x_wconf 91' lang='lat' dir='ltr'><strong>terram</strong></span> <span class='ocrx_word' id='word_1_184' title='bbox 2177 945 2408 998; x_wconf 77' lang='lat' dir='ltr'><strong>fundavit</strong></span> <span class='ocrx_word' id='word_1_185' title='bbox 2439 946 2619 1006; x_wconf 72' lang='lat' dir='ltr'><strong>verbo,</strong></span> <span class='ocrx_word' id='word_1_186' title='bbox 2649 946 2802 998; x_wconf 88' lang='lat' dir='ltr'><strong>etiam</strong></span> <span class='ocrx_word' id='word_1_187' title='bbox 2837 945 3133 1000; x_wconf 86' lang='lat' dir='ltr'><strong>Ecclesiam</strong></span> <span class='ocrx_word' id='word_1_188' title='bbox 3153 944 3450 1005; x_wconf 65' lang='lat' dir='ltr'><strong>aediﬁcavit,</strong></span> 
     </span>
    </p>
   </div>
   <div class='ocr_carea' id='block_1_28' title="bbox 1885 1014 3458 1082">
    <p class='ocr_par' dir='ltr' id='par_1_28' title="bbox 1885 1014 3458 1082">
     <span class='ocr_line' id='line_1_28' title="bbox 1885 1014 3458 1082; baseline -0.004 -10"><span class='ocrx_word' id='word_1_189' title='bbox 1885 1028 1938 1072; x_wconf 89' lang='lat' dir='ltr'><strong>et</strong></span> <span class='ocrx_word' id='word_1_190' title='bbox 1966 1032 2118 1070; x_wconf 88' lang='lat' dir='ltr'><strong>muro</strong></span> <span class='ocrx_word' id='word_1_191' title='bbox 2139 1016 2323 1080; x_wconf 84' lang='lat' dir='ltr'><strong>cinxit,</strong></span> <span class='ocrx_word' id='word_1_192' title='bbox 2354 1023 2408 1069; x_wconf 88' lang='lat' dir='ltr'><strong>et</strong></span> <span class='ocrx_word' id='word_1_193' title='bbox 2430 1015 2657 1067; x_wconf 89' lang='lat' dir='ltr'><strong>lirmavit</strong></span> <span class='ocrx_word' id='word_1_194' title='bbox 2678 1015 2860 1069; x_wconf 91' lang='lat' dir='ltr'><strong>orbem</strong></span> <span class='ocrx_word' id='word_1_195' title='bbox 2884 1023 3060 1078; x_wconf 68' lang='lat' dir='ltr'><strong>terrm,</strong></span> <span class='ocrx_word' id='word_1_196' title='bbox 3085 1014 3173 1082; x_wconf 88' lang='lat' dir='ltr'><strong>qui</strong></span> <span class='ocrx_word' id='word_1_197' title='bbox 3194 1030 3298 1068; x_wconf 90' lang='lat' dir='ltr'><strong>non</strong></span> <span class='ocrx_word' id='word_1_198' title='bbox 3321 1028 3458 1082; x_wconf 51' lang='lat' dir='ltr'><strong>conp</strong></span> 
     </span>
    </p>
   </div>
   <div class='ocr_carea' id='block_1_29' title="bbox 1885 1081 3464 1151">
    <p class='ocr_par' dir='ltr' id='par_1_29' title="bbox 1885 1081 3464 1151">
     <span class='ocr_line' id='line_1_29' title="bbox 1885 1081 3464 1151; baseline -0.003 -11"><span class='ocrx_word' id='word_1_199' title='bbox 1885 1086 2203 1140; x_wconf 87' lang='lat' dir='ltr'><strong>movebitur.</strong></span> <span class='ocrx_word' id='word_1_200' title='bbox 2251 1083 2597 1137; x_wconf 87' lang='lat' dir='ltr'><strong>Procidamus</strong></span> <span class='ocrx_word' id='word_1_201' title='bbox 2629 1083 2830 1151; x_wconf 86' lang='lat' dir='ltr'><strong>itaque,</strong></span> <span class='ocrx_word' id='word_1_202' title='bbox 2859 1081 3187 1138; x_wconf 83' lang='lat' dir='ltr'><strong>dilectissimi</strong></span> <span class='ocrx_word' id='word_1_203' title='bbox 3214 1124 3227 1145; x_wconf 95' lang='lat'><strong>,</strong></span> <span class='ocrx_word' id='word_1_204' title='bbox 3277 1083 3346 1137; x_wconf 83' lang='lat' dir='ltr'><strong>illi</strong></span> <span class='ocrx_word' id='word_1_205' title='bbox 3375 1081 3464 1150; x_wconf 85' lang='lat' dir='ltr'><strong>qui</strong></span> 
     </span>
    </p>
   </div>
   <div class='ocr_carea' id='block_1_30' title="bbox 1885 1153 3465 1221">
    <p class='ocr_par' dir='ltr' id='par_1_30' title="bbox 1885 1153 3465 1221">
     <span class='ocr_line' id='line_1_30' title="bbox 1885 1153 3465 1221; baseline -0.004 -11"><span class='ocrx_word' id='word_1_206' title='bbox 1885 1157 2069 1210; x_wconf 86' lang='lat' dir='ltr'><strong>orbem</strong></span> <span class='ocrx_word' id='word_1_207' title='bbox 2100 1164 2254 1208; x_wconf 73' lang='lat' dir='ltr'><strong>terrae</strong></span> <span class='ocrx_word' id='word_1_208' title='bbox 2277 1153 2550 1217; x_wconf 88' lang='lat' dir='ltr'><strong>stabilivit,</strong></span> <span class='ocrx_word' id='word_1_209' title='bbox 2581 1163 2633 1206; x_wconf 91' lang='lat' dir='ltr'><strong>et</strong></span> <span class='ocrx_word' id='word_1_210' title='bbox 2666 1153 2953 1221; x_wconf 89' lang='lat' dir='ltr'><strong>ploremus,</strong></span> <span class='ocrx_word' id='word_1_211' title='bbox 2986 1163 3038 1206; x_wconf 89' lang='lat' dir='ltr'><strong>et</strong></span> <span class='ocrx_word' id='word_1_212' title='bbox 3060 1154 3125 1206; x_wconf 89' lang='lat' dir='ltr'><strong>ad</strong></span> <span class='ocrx_word' id='word_1_213' title='bbox 3157 1153 3465 1221; x_wconf 86' lang='lat' dir='ltr'><strong>misericor-</strong></span> 
     </span>
    </p>
   </div>
   <div class='ocr_carea' id='block_1_31' title="bbox 1884 1220 3463 1291">
    <p class='ocr_par' dir='ltr' id='par_1_31' title="bbox 1884 1220 3463 1291">
     <span class='ocr_line' id='line_1_31' title="bbox 1884 1220 3463 1291; baseline -0.004 -12"><span class='ocrx_word' id='word_1_214' title='bbox 1884 1227 2023 1279; x_wconf 89' lang='lat' dir='ltr'><strong>diam</strong></span> <span class='ocrx_word' id='word_1_215' title='bbox 2049 1224 2377 1284; x_wconf 75' lang='lat' dir='ltr'><strong>indui-amus,</strong></span> <span class='ocrx_word' id='word_1_216' title='bbox 2410 1231 2467 1275; x_wconf 91' lang='lat' dir='ltr'><strong>ut</strong></span> <span class='ocrx_word' id='word_1_217' title='bbox 2493 1238 2586 1290; x_wconf 90' lang='lat' dir='ltr'><strong>per</strong></span> <span class='ocrx_word' id='word_1_218' title='bbox 2613 1220 2778 1291; x_wconf 80' lang='lat' dir='ltr'><strong>ipsius</strong></span> <span class='ocrx_word' id='word_1_219' title='bbox 2805 1223 3176 1291; x_wconf 81' lang='lat' dir='ltr'><strong>benignitatem</strong></span> <span class='ocrx_word' id='word_1_220' title='bbox 3199 1233 3253 1277; x_wconf 90' lang='lat' dir='ltr'><strong>et</strong></span> <span class='ocrx_word' id='word_1_221' title='bbox 3279 1220 3463 1275; x_wconf 72' lang='lat' dir='ltr'><strong>ineﬂa-</strong></span> 
     </span>
    </p>
   </div>
   <div class='ocr_carea' id='block_1_32' title="bbox 1884 1292 3464 1362">
    <p class='ocr_par' dir='ltr' id='par_1_32' title="bbox 1884 1292 3464 1362">
     <span class='ocr_line' id='line_1_32' title="bbox 1884 1292 3464 1362; baseline -0.001 -14"><span class='ocrx_word' id='word_1_222' title='bbox 1884 1295 2044 1349; x_wconf 86' lang='lat' dir='ltr'><strong>bilem</strong></span> <span class='ocrx_word' id='word_1_223' title='bbox 2073 1295 2358 1362; x_wconf 90' lang='lat' dir='ltr'><strong>potentiam</strong></span> <span class='ocrx_word' id='word_1_224' title='bbox 2380 1292 2598 1346; x_wconf 89' lang='lat' dir='ltr'><strong>stabiles</strong></span> <span class='ocrx_word' id='word_1_225' title='bbox 2620 1301 2674 1344; x_wconf 89' lang='lat' dir='ltr'><strong>et</strong></span> <span class='ocrx_word' id='word_1_226' title='bbox 2703 1293 3163 1347; x_wconf 88' lang='lat' dir='ltr'><strong>incommutabiles</strong></span> <span class='ocrx_word' id='word_1_227' title='bbox 3194 1295 3247 1345; x_wconf 92' lang='lat' dir='ltr'><strong>in</strong></span> <span class='ocrx_word' id='word_1_228' title='bbox 3279 1293 3464 1362; x_wconf 78' lang='lat' dir='ltr'><strong>incon-</strong></span> 
     </span>
    </p>
   </div>
   <div class='ocr_carea' id='block_1_33' title="bbox 1883 1360 3461 1430">
    <p class='ocr_par' dir='ltr' id='par_1_33' title="bbox 1883 1360 3461 1430">
     <span class='ocr_line' id='line_1_33' title="bbox 1883 1360 3461 1430; baseline -0.004 -12"><span class='ocrx_word' id='word_1_229' title='bbox 1883 1380 2042 1420; x_wconf 91' lang='lat' dir='ltr'><strong>cusso</strong></span> <span class='ocrx_word' id='word_1_230' title='bbox 2069 1360 2122 1417; x_wconf 84' lang='lat' dir='ltr'><strong>et</strong></span> <span class='ocrx_word' id='word_1_231' title='bbox 2151 1363 2376 1416; x_wconf 81' lang='lat' dir='ltr'><strong>infracto</strong></span> <span class='ocrx_word' id='word_1_232' title='bbox 2402 1363 2744 1415; x_wconf 80' lang='lat' dir='ltr'><strong>fundamento</strong></span> <span class='ocrx_word' id='word_1_233' title='bbox 2774 1369 3166 1429; x_wconf 89' lang='lat' dir='ltr'><strong>permanentes,</strong></span> <span class='ocrx_word' id='word_1_234' title='bbox 3197 1362 3296 1430; x_wconf 84' lang='lat' dir='ltr'><strong>ipsi</strong></span> <span class='ocrx_word' id='word_1_235' title='bbox 3317 1360 3461 1429; x_wconf 79' lang='lat' dir='ltr'><strong>jngi-</strong></span> 
     </span>
    </p>
   </div>
   <div class='ocr_carea' id='block_1_34' title="bbox 1885 1429 3461 1502">
    <p class='ocr_par' dir='ltr' id='par_1_34' title="bbox 1885 1429 3461 1502">
     <span class='ocr_line' id='line_1_34' title="bbox 1885 1429 3461 1502; baseline -0.003 -16"><span class='ocrx_word' id='word_1_236' title='bbox 1885 1443 1965 1487; x_wconf 90' lang='lat' dir='ltr'><strong>ter</strong></span> <span class='ocrx_word' id='word_1_237' title='bbox 1994 1432 2216 1502; x_wconf 83' lang='lat' dir='ltr'><strong>gloriam</strong></span> <span class='ocrx_word' id='word_1_238' title='bbox 2247 1432 2553 1502; x_wconf 69' lang='lat' dir='ltr'><strong>offeramus,</strong></span> <span class='ocrx_word' id='word_1_239' title='bbox 2585 1440 2638 1484; x_wconf 88' lang='lat' dir='ltr'><strong>et</strong></span> <span class='ocrx_word' id='word_1_240' title='bbox 2667 1432 2951 1498; x_wconf 79' lang='lat' dir='ltr'><strong>gratiarum</strong></span> <span class='ocrx_word' id='word_1_241' title='bbox 2982 1429 3266 1494; x_wconf 87' lang='lat' dir='ltr'><strong>actionem,</strong></span> <span class='ocrx_word' id='word_1_242' title='bbox 3300 1429 3461 1502; x_wconf 88' lang='lat' dir='ltr'><strong>simul</strong></span> 
     </span>
    </p>
   </div>
   <div class='ocr_carea' id='block_1_35' title="bbox 1883 1501 3464 1569">
    <p class='ocr_par' dir='ltr' id='par_1_35' title="bbox 1883 1501 3464 1569">
     <span class='ocr_line' id='line_1_35' title="bbox 1883 1501 3464 1569; baseline -0.003 -12"><span class='ocrx_word' id='word_1_243' title='bbox 1883 1501 2015 1557; x_wconf 82' lang='lat' dir='ltr'><strong>cum</strong></span> <span class='ocrx_word' id='word_1_244' title='bbox 2039 1503 2194 1557; x_wconf 88' lang='lat' dir='ltr'><strong>Patre</strong></span> <span class='ocrx_word' id='word_1_245' title='bbox 2236 1511 2291 1556; x_wconf 88' lang='lat' dir='ltr'><strong>et</strong></span> <span class='ocrx_word' id='word_1_246' title='bbox 2329 1501 2526 1569; x_wconf 89' lang='lat' dir='ltr'><strong>Spiritu</strong></span> <span class='ocrx_word' id='word_1_247' title='bbox 2556 1509 2758 1567; x_wconf 87' lang='lat' dir='ltr'><strong>sancto,</strong></span> <span class='ocrx_word' id='word_1_248' title='bbox 2790 1516 2932 1555; x_wconf 91' lang='lat' dir='ltr'><strong>nunc</strong></span> <span class='ocrx_word' id='word_1_249' title='bbox 2959 1509 3014 1554; x_wconf 85' lang='lat' dir='ltr'><strong>et</strong></span> <span class='ocrx_word' id='word_1_250' title='bbox 3039 1514 3250 1568; x_wconf 83' lang='lat' dir='ltr'><strong>semper</strong></span> <span class='ocrx_word' id='word_1_251' title='bbox 3272 1539 3288 1563; x_wconf 89' lang='lat'><strong>,</strong></span> <span class='ocrx_word' id='word_1_252' title='bbox 3331 1507 3386 1553; x_wconf 90' lang='lat' dir='ltr'><strong>et</strong></span> <span class='ocrx_word' id='word_1_253' title='bbox 3412 1501 3464 1552; x_wconf 92' lang='lat' dir='ltr'><strong>in</strong></span> 
     </span>
    </p>
   </div>
   <div class='ocr_carea' id='block_1_36' title="bbox 1883 1572 2660 1628">
    <p class='ocr_par' dir='ltr' id='par_1_36' title="bbox 1883 1572 2660 1628">
     <span class='ocr_line' id='line_1_36' title="bbox 1883 1572 2660 1628; baseline -0.003 -2"><span class='ocrx_word' id='word_1_254' title='bbox 1883 1572 2076 1628; x_wconf 68' lang='lat' dir='ltr'><strong>sarcula</strong></span> <span class='ocrx_word' id='word_1_255' title='bbox 2106 1572 2441 1627; x_wconf 71' lang='lat' dir='ltr'><strong>saeculorum.</strong></span> <span class='ocrx_word' id='word_1_256' title='bbox 2470 1573 2660 1626; x_wconf 82' lang='lat' dir='ltr'><strong>Amen.</strong></span> 
     </span>
    </p>
   </div>
   <div class='ocr_carea' id='block_1_37' title="bbox 215 1777 2454 1820">
    <p class='ocr_par' dir='ltr' id='par_1_37' title="bbox 215 1777 2454 1820">
     <span class='ocr_line' id='line_1_37' title="bbox 215 1777 2454 1820; baseline -0.004 -2"><span class='ocrx_word' id='word_1_257' title='bbox 215 1777 2454 1820; x_wconf 53' lang='lat' dir='ltr'><strong>W-</strong></span> 
     </span>
    </p>
   </div>
   <div class='ocr_carea' id='block_1_38' title="bbox 1293 2000 2405 2084">
    <p class='ocr_par' dir='ltr' id='par_1_38' title="bbox 1293 2000 2405 2084">
     <span class='ocr_line' id='line_1_38' title="bbox 1293 2000 2405 2084; baseline -0.012 -10"><span class='ocrx_word' id='word_1_258' title='bbox 1293 2012 1373 2073; x_wconf 83' lang='lat' dir='ltr'><strong>IN</strong></span> <span class='ocrx_word' id='word_1_259' title='bbox 1431 2007 1910 2084; x_wconf 83' lang='lat' dir='ltr'><strong>SEQUENTEM</strong></span> <span class='ocrx_word' id='word_1_260' title='bbox 1970 2000 2405 2067; x_wconf 83' lang='lat' dir='ltr'><strong>HOMILIAM.</strong></span> 
     </span>
    </p>
   </div>
   <div class='ocr_carea' id='block_1_39' title="bbox 205 2222 3474 2316">
    <p class='ocr_par' dir='ltr' id='par_1_39' title="bbox 205 2222 3474 2316">
     <span class='ocr_line' id='line_1_39' title="bbox 205 2222 3474 2316; baseline -0.008 -13"><span class='ocrx_word' id='word_1_261' title='bbox 205 2249 409 2304; x_wconf 89' lang='lat' dir='ltr'><strong>nescio.</strong></span> <span class='ocrx_word' id='word_1_262' title='bbox 440 2246 609 2302; x_wconf 86' lang='lat' dir='ltr'><strong>Porro</strong></span> <span class='ocrx_word' id='word_1_263' title='bbox 639 2245 805 2316; x_wconf 85' lang='lat' dir='ltr'><strong>hujus</strong></span> <span class='ocrx_word' id='word_1_264' title='bbox 846 2241 1108 2299; x_wconf 88' lang='lat' dir='ltr'><strong>orationis</strong></span> <span class='ocrx_word' id='word_1_265' title='bbox 1130 2249 1242 2295; x_wconf 88' lang='lat' dir='ltr'><strong>tres</strong></span> <span class='ocrx_word' id='word_1_266' title='bbox 1269 2247 1398 2294; x_wconf 89' lang='lat' dir='ltr'><strong>sunt</strong></span> <span class='ocrx_word' id='word_1_267' title='bbox 1430 2246 1614 2307; x_wconf 90' lang='lat' dir='ltr'><strong>partes</strong></span> <span class='ocrx_word' id='word_1_268' title='bbox 1661 2254 1674 2290; x_wconf 89' lang='lat'><strong>:</strong></span> <span class='ocrx_word' id='word_1_269' title='bbox 1711 2236 1909 2305; x_wconf 89' lang='lat' dir='ltr'><strong>prima,</strong></span> <span class='ocrx_word' id='word_1_270' title='bbox 1942 2232 2255 2289; x_wconf 90' lang='lat' dir='ltr'><strong>eneomium</strong></span> <span class='ocrx_word' id='word_1_271' title='bbox 2304 2231 2532 2303; x_wconf 90' lang='lat' dir='ltr'><strong>jejunii;</strong></span> <span class='ocrx_word' id='word_1_272' title='bbox 2583 2228 2845 2294; x_wconf 89' lang='lat' dir='ltr'><strong>secunda,</strong></span> <span class='ocrx_word' id='word_1_273' title='bbox 2885 2225 3260 2298; x_wconf 84' lang='lat' dir='ltr'><strong>interpretatio</strong></span> <span class='ocrx_word' id='word_1_274' title='bbox 3287 2222 3474 2280; x_wconf 87' lang='lat' dir='ltr'><strong>brevis</strong></span> 
     </span>
    </p>
   </div>
   <div class='ocr_carea' id='block_1_40' title="bbox 205 2334 3473 2430">
    <p class='ocr_par' dir='ltr' id='par_1_40' title="bbox 205 2334 3473 2430">
     <span class='ocr_line' id='line_1_40' title="bbox 205 2334 3473 2430; baseline -0.009 -15"><span class='ocrx_word' id='word_1_275' title='bbox 205 2361 260 2415; x_wconf 91' lang='lat' dir='ltr'><strong>in</strong></span> <span class='ocrx_word' id='word_1_276' title='bbox 295 2363 396 2416; x_wconf 87' lang='lat' dir='ltr'><strong>tria</strong></span> <span class='ocrx_word' id='word_1_277' title='bbox 449 2359 631 2430; x_wconf 87' lang='lat' dir='ltr'><strong>priora</strong></span> <span class='ocrx_word' id='word_1_278' title='bbox 678 2358 856 2428; x_wconf 88' lang='lat' dir='ltr'><strong>capita</strong></span> <span class='ocrx_word' id='word_1_279' title='bbox 882 2356 1189 2418; x_wconf 90' lang='lat' dir='ltr'><strong>Geneseos;</strong></span> <span class='ocrx_word' id='word_1_280' title='bbox 1222 2351 1404 2415; x_wconf 90' lang='lat' dir='ltr'><strong>tertia,</strong></span> <span class='ocrx_word' id='word_1_281' title='bbox 1449 2349 1716 2404; x_wconf 88' lang='lat' dir='ltr'><strong>invectiva</strong></span> <span class='ocrx_word' id='word_1_282' title='bbox 1747 2349 1878 2404; x_wconf 68' lang='lat' dir='ltr'><strong>satis</strong></span> <span class='ocrx_word' id='word_1_283' title='bbox 1931 2347 2146 2420; x_wconf 81' lang='lat' dir='ltr'><strong>frigida,</strong></span> <span class='ocrx_word' id='word_1_284' title='bbox 2195 2343 2454 2400; x_wconf 88' lang='lat' dir='ltr'><strong>conviciis</strong></span> <span class='ocrx_word' id='word_1_285' title='bbox 2489 2357 2520 2397; x_wconf 90' lang='lat' dir='ltr'><strong>e</strong></span> <span class='ocrx_word' id='word_1_286' title='bbox 2552 2341 2711 2396; x_wconf 91' lang='lat' dir='ltr'><strong>trivio</strong></span> <span class='ocrx_word' id='word_1_287' title='bbox 2743 2340 2946 2410; x_wconf 89' lang='lat' dir='ltr'><strong>petitis,</strong></span> <span class='ocrx_word' id='word_1_288' title='bbox 2978 2347 3166 2393; x_wconf 89' lang='lat' dir='ltr'><strong>contra</strong></span> <span class='ocrx_word' id='word_1_289' title='bbox 3199 2334 3473 2405; x_wconf 88' lang='lat' dir='ltr'><strong>improbas</strong></span> 
     </span>
    </p>
   </div>
   <div class='ocr_carea' id='block_1_41' title="bbox 207 2444 3474 2541">
    <p class='ocr_par' dir='ltr' id='par_1_41' title="bbox 207 2444 3474 2541">
     <span class='ocr_line' id='line_1_41' title="bbox 207 2444 3474 2541; baseline -0.009 -12"><span class='ocrx_word' id='word_1_290' title='bbox 207 2475 486 2529; x_wconf 90' lang='lat' dir='ltr'><strong>mulieres.</strong></span> <span class='ocrx_word' id='word_1_291' title='bbox 523 2492 541 2525; x_wconf 75' lang='grc' dir='ltr'><strong><em>ι</em></strong></span> <span class='ocrx_word' id='word_1_292' title='bbox 579 2474 818 2528; x_wconf 87' lang='lat' dir='ltr'><strong>Duorum</strong></span> <span class='ocrx_word' id='word_1_293' title='bbox 849 2472 1341 2541; x_wconf 83' lang='lat' dir='ltr'><strong>Manuscriptorum</strong></span> <span class='ocrx_word' id='word_1_294' title='bbox 1372 2484 1477 2540; x_wconf 90' lang='lat' dir='ltr'><strong>ope</strong></span> <span class='ocrx_word' id='word_1_295' title='bbox 1505 2466 1808 2523; x_wconf 88' lang='lat' dir='ltr'><strong>orationem</strong></span> <span class='ocrx_word' id='word_1_296' title='bbox 1837 2471 2134 2530; x_wconf 86' lang='lat' dir='ltr'><strong>utcumque</strong></span> <span class='ocrx_word' id='word_1_297' title='bbox 2170 2458 2372 2515; x_wconf 87' lang='lat' dir='ltr'><strong>sarcire</strong></span> <span class='ocrx_word' id='word_1_298' title='bbox 2401 2456 2582 2512; x_wconf 88' lang='lat' dir='ltr'><strong>conati</strong></span> <span class='ocrx_word' id='word_1_299' title='bbox 2613 2470 2824 2512; x_wconf 90' lang='lat' dir='ltr'><strong>sumus.</strong></span> <span class='ocrx_word' id='word_1_300' title='bbox 2864 2453 3106 2518; x_wconf 85' lang='lat' dir='ltr'><strong>Quorum</strong></span> <span class='ocrx_word' id='word_1_301' title='bbox 3135 2463 3276 2503; x_wconf 91' lang='lat' dir='ltr'><strong>unus</strong></span> <span class='ocrx_word' id='word_1_302' title='bbox 3303 2444 3474 2500; x_wconf 83' lang='lat' dir='ltr'><strong>multa</strong></span> 
     </span>
    </p>
   </div>
   <div class='ocr_carea' id='block_1_42' title="bbox 205 2558 3471 2654">
    <p class='ocr_par' dir='ltr' id='par_1_42' title="bbox 205 2558 3471 2654">
     <span class='ocr_line' id='line_1_42' title="bbox 205 2558 3471 2654; baseline -0.009 -10"><span class='ocrx_word' id='word_1_303' title='bbox 205 2589 336 2644; x_wconf 83' lang='lat' dir='ltr'><strong>hinc</strong></span> <span class='ocrx_word' id='word_1_304' title='bbox 381 2588 510 2642; x_wconf 89' lang='lat' dir='ltr'><strong>inde</strong></span> <span class='ocrx_word' id='word_1_305' title='bbox 559 2585 926 2640; x_wconf 86' lang='lat' dir='ltr'><strong>additamenta</strong></span> <span class='ocrx_word' id='word_1_306' title='bbox 975 2582 1337 2654; x_wconf 80' lang='lat' dir='ltr'><strong>praeferebat;</strong></span> <span class='ocrx_word' id='word_1_307' title='bbox 1365 2582 1622 2635; x_wconf 88' lang='lat' dir='ltr'><strong>nimirum</strong></span> <span class='ocrx_word' id='word_1_308' title='bbox 1665 2576 1942 2640; x_wconf 88' lang='lat' dir='ltr'><strong>librarius,</strong></span> <span class='ocrx_word' id='word_1_309' title='bbox 1984 2574 2071 2629; x_wconf 84' lang='lat' dir='ltr'><strong>his</strong></span> <span class='ocrx_word' id='word_1_310' title='bbox 2105 2571 2415 2642; x_wconf 89' lang='lat' dir='ltr'><strong>conspectis</strong></span> <span class='ocrx_word' id='word_1_311' title='bbox 2452 2570 2631 2641; x_wconf 87' lang='lat' dir='ltr'><strong>nugis,</strong></span> <span class='ocrx_word' id='word_1_312' title='bbox 2655 2569 2785 2623; x_wconf 90' lang='lat' dir='ltr'><strong>alias</strong></span> <span class='ocrx_word' id='word_1_313' title='bbox 2809 2565 3039 2622; x_wconf 85' lang='lat' dir='ltr'><strong>subinde</strong></span> <span class='ocrx_word' id='word_1_314' title='bbox 3061 2578 3231 2634; x_wconf 88' lang='lat' dir='ltr'><strong>nugas</strong></span> <span class='ocrx_word' id='word_1_315' title='bbox 3253 2558 3471 2632; x_wconf 84' lang='lat' dir='ltr'><strong>adjecit.</strong></span> 
     </span>
    </p>
   </div>
   <div class='ocr_carea' id='block_1_43' title="bbox 204 2697 1586 2778">
    <p class='ocr_par' dir='ltr' id='par_1_43' title="bbox 204 2697 1586 2778">
     <span class='ocr_line' id='line_1_43' title="bbox 204 2697 1586 2778; baseline -0.012 -13"><span class='ocrx_word' id='word_1_316' title='bbox 204 2708 470 2778; x_wconf 82' lang='lat' dir='ltr'><strong>Quamvis</strong></span> <span class='ocrx_word' id='word_1_317' title='bbox 503 2705 769 2758; x_wconf 88' lang='lat' dir='ltr'><strong>insulsum</strong></span> <span class='ocrx_word' id='word_1_318' title='bbox 802 2717 939 2771; x_wconf 90' lang='lat' dir='ltr'><strong>opus</strong></span> <span class='ocrx_word' id='word_1_319' title='bbox 969 2699 1160 2756; x_wconf 88' lang='lat' dir='ltr'><strong>Latine</strong></span> <span class='ocrx_word' id='word_1_320' title='bbox 1193 2697 1586 2753; x_wconf 81' lang='lat' dir='ltr'><strong>convertimus.</strong></span> 
     </span>
    </p>
   </div>
   <div class='ocr_carea' id='block_1_44' title="bbox 196 2818 3469 2876">
    <p class='ocr_par' dir='ltr' id='par_1_44' title="bbox 196 2818 3469 2876">
     <span class='ocr_line' id='line_1_44' title="bbox 196 2818 3469 2876; baseline -0.003 -26"><span class='ocrx_word' id='word_1_321' title='bbox 196 2818 3469 2876; x_wconf 86' lang='lat'><strong>_______________________________________..</strong></span> 
     </span>
    </p>
   </div>
   <div class='ocr_carea' id='block_1_45' title="bbox 335 2900 3300 2997">
    <p class='ocr_par' dir='ltr' id='par_1_45' title="bbox 335 2900 3300 2997">
     <span class='ocr_line' id='line_1_45' title="bbox 335 2900 3300 2997; baseline -0.01 -5"><span class='ocrx_word' id='word_1_322' title='bbox 335 2951 397 2992; x_wconf 67' lang='grc' dir='ltr'><strong>ιη</strong></span> <span class='ocrx_word' id='word_1_323' title='bbox 441 2944 815 2991; x_wconf 72' lang='lat' dir='ltr'><strong>nnmcmou</strong></span> <span class='ocrx_word' id='word_1_324' title='bbox 858 2941 1125 2997; x_wconf 81' lang='lat' dir='ltr'><strong>JEJUNII,</strong></span> <span class='ocrx_word' id='word_1_325' title='bbox 1171 2939 1235 2981; x_wconf 79' lang='lat' dir='ltr'><strong>IN</strong></span> <span class='ocrx_word' id='word_1_326' title='bbox 1281 2934 1581 2980; x_wconf 77' lang='lat' dir='ltr'><strong>EXSILIUM</strong></span> <span class='ocrx_word' id='word_1_327' title='bbox 1626 2929 1852 2983; x_wconf 55' lang='lat' dir='ltr'><strong>main,</strong></span> <span class='ocrx_word' id='word_1_328' title='bbox 1899 2927 1979 2968; x_wconf 83' lang='lat' dir='ltr'><strong>ET</strong></span> <span class='ocrx_word' id='word_1_329' title='bbox 2021 2924 2104 2964; x_wconf 84' lang='lat' dir='ltr'><strong>DE</strong></span> <span class='ocrx_word' id='word_1_330' title='bbox 2148 2921 2445 2964; x_wconf 74' lang='lat' dir='ltr'><strong>IMPROBIS</strong></span> <span class='ocrx_word' id='word_1_331' title='bbox 2489 2920 2872 2963; x_wconf 77' lang='lat' dir='ltr'><strong>MULmntnUs</strong></span> <span class='ocrx_word' id='word_1_332' title='bbox 2918 2919 3142 2963; x_wconf 79' lang='lat' dir='ltr'><strong>CONCIO</strong></span> <span class='ocrx_word' id='word_1_333' title='bbox 3189 2900 3300 2983; x_wconf 88' lang='lat' dir='ltr'><strong>(a).</strong></span> 
     </span>
    </p>
   </div>
   <div class='ocr_carea' id='block_1_46' title="bbox 1513 3070 1932 3124">
    <p class='ocr_par' dir='ltr' id='par_1_46' title="bbox 1513 3070 1932 3124">
     <span class='ocr_line' id='line_1_46' title="bbox 1513 3070 1932 3124; baseline -0.01 0"><span class='ocrx_word' id='word_1_334' title='bbox 1513 3070 1932 3124; x_wconf 59' lang='lat' dir='ltr'><strong>—-——cemi:o&gt;</strong></span> 
     </span>
    </p>
   </div>
   <div class='ocr_carea' id='block_1_47' title="bbox 272 3190 1778 3268">
    <p class='ocr_par' dir='ltr' id='par_1_47' title="bbox 272 3190 1778 3268">
     <span class='ocr_line' id='line_1_47' title="bbox 272 3190 1778 3268; baseline -0.01 -12"><span class='ocrx_word' id='word_1_335' title='bbox 272 3205 321 3256; x_wconf 79' lang='grc' dir='ltr'><strong>ι.</strong></span> <span class='ocrx_word' id='word_1_336' title='bbox 353 3200 645 3268; x_wconf 82' lang='lat' dir='ltr'><strong>Apponitur</strong></span> <span class='ocrx_word' id='word_1_337' title='bbox 670 3197 843 3262; x_wconf 92' lang='lat' dir='ltr'><strong>nobis,</strong></span> <span class='ocrx_word' id='word_1_338' title='bbox 873 3197 1073 3259; x_wconf 76' lang='lat' dir='ltr'><strong>dilemi,</strong></span> <span class='ocrx_word' id='word_1_339' title='bbox 1099 3210 1280 3249; x_wconf 90' lang='lat' dir='ltr'><strong>mensa</strong></span> <span class='ocrx_word' id='word_1_340' title='bbox 1312 3194 1617 3268; x_wconf 42' lang='lat' dir='ltr'><strong>spiritualisj</strong></span> <span class='ocrx_word' id='word_1_341' title='bbox 1643 3190 1778 3268; x_wconf 76' lang='lat' dir='ltr'><strong>divi-</strong></span> 
     </span>
    </p>
   </div>
   <div class='ocr_carea' id='block_1_48' title="bbox 197 3262 1774 3338">
    <p class='ocr_par' dir='ltr' id='par_1_48' title="bbox 197 3262 1774 3338">
     <span class='ocr_line' id='line_1_48' title="bbox 197 3262 1774 3338; baseline -0.009 -11"><span class='ocrx_word' id='word_1_342' title='bbox 197 3273 282 3329; x_wconf 80' lang='lat' dir='ltr'><strong>nis</strong></span> <span class='ocrx_word' id='word_1_343' title='bbox 311 3262 598 3338; x_wconf 77' lang='lat' dir='ltr'><strong>Scripturis</strong></span> <span class='ocrx_word' id='word_1_344' title='bbox 627 3270 857 3328; x_wconf 80' lang='lat' dir='ltr'><strong>referta;</strong></span> <span class='ocrx_word' id='word_1_345' title='bbox 889 3269 1038 3330; x_wconf 89' lang='lat' dir='ltr'><strong>plena</strong></span> <span class='ocrx_word' id='word_1_346' title='bbox 1068 3267 1256 3338; x_wconf 76' lang='lat' dir='ltr'><strong>bonis,</strong></span> <span class='ocrx_word' id='word_1_347' title='bbox 1287 3280 1390 3318; x_wconf 93' lang='lat' dir='ltr'><strong>non</strong></span> <span class='ocrx_word' id='word_1_348' title='bbox 1415 3265 1546 3338; x_wconf 61' lang='lat' dir='ltr'><strong>cibis</strong></span> <span class='ocrx_word' id='word_1_349' title='bbox 1583 3262 1774 3338; x_wconf 80' lang='lat' dir='ltr'><strong>ﬂuxis;</strong></span> 
     </span>
    </p>
   </div>
   <div class='ocr_carea' id='block_1_49' title="bbox 195 3332 1776 3405">
    <p class='ocr_par' dir='ltr' id='par_1_49' title="bbox 195 3332 1776 3405">
     <span class='ocr_line' id='line_1_49' title="bbox 195 3332 1776 3405; baseline -0.009 -9"><span class='ocrx_word' id='word_1_350' title='bbox 195 3341 292 3397; x_wconf 80' lang='lat' dir='ltr'><strong>sed</strong></span> <span class='ocrx_word' id='word_1_351' title='bbox 326 3332 530 3395; x_wconf 76' lang='lat' dir='ltr'><strong>delicia:</strong></span> <span class='ocrx_word' id='word_1_352' title='bbox 571 3346 692 3391; x_wconf 93' lang='lat' dir='ltr'><strong>sunt</strong></span> <span class='ocrx_word' id='word_1_353' title='bbox 733 3352 850 3405; x_wconf 70' lang='lat' dir='ltr'><strong>qua:</strong></span> <span class='ocrx_word' id='word_1_354' title='bbox 894 3337 1131 3388; x_wconf 89' lang='lat' dir='ltr'><strong>veritatis</strong></span> <span class='ocrx_word' id='word_1_355' title='bbox 1179 3336 1425 3405; x_wconf 83' lang='lat' dir='ltr'><strong>dogmata</strong></span> <span class='ocrx_word' id='word_1_356' title='bbox 1461 3332 1776 3405; x_wconf 70' lang='lat' dir='ltr'><strong>effundunt:</strong></span> 
     </span>
    </p>
   </div>
   <div class='ocr_carea' id='block_1_50' title="bbox 196 3401 1780 3477">
    <p class='ocr_par' dir='ltr' id='par_1_50' title="bbox 196 3401 1780 3477">
     <span class='ocr_line' id='line_1_50' title="bbox 196 3401 1780 3477; baseline -0.007 -13"><span class='ocrx_word' id='word_1_357' title='bbox 196 3426 378 3465; x_wconf 86' lang='lat' dir='ltr'><strong>mensa</strong></span> <span class='ocrx_word' id='word_1_358' title='bbox 408 3425 527 3477; x_wconf 64' lang='lat' dir='ltr'><strong>qua:</strong></span> <span class='ocrx_word' id='word_1_359' title='bbox 555 3423 656 3460; x_wconf 90' lang='lat' dir='ltr'><strong>non</strong></span> <span class='ocrx_word' id='word_1_360' title='bbox 686 3401 1086 3477; x_wconf 83' lang='lat' dir='ltr'><strong>temporaneum</strong></span> <span class='ocrx_word' id='word_1_361' title='bbox 1120 3401 1306 3472; x_wconf 80' lang='lat' dir='ltr'><strong>panem</strong></span> <span class='ocrx_word' id='word_1_362' title='bbox 1334 3401 1632 3477; x_wconf 81' lang='lat' dir='ltr'><strong>oll&#39;ert,_sed</strong></span> <span class='ocrx_word' id='word_1_363' title='bbox 1662 3415 1780 3468; x_wconf 63' lang='lat' dir='ltr'><strong>quae</strong></span> 
     </span>
    </p>
   </div>
   <div class='ocr_carea' id='block_1_51' title="bbox 200 3473 1781 3539">
    <p class='ocr_par' dir='ltr' id='par_1_51' title="bbox 200 3473 1781 3539">
     <span class='ocr_line' id='line_1_51' title="bbox 200 3473 1781 3539; baseline -0.009 -5"><span class='ocrx_word' id='word_1_364' title='bbox 200 3483 344 3534; x_wconf 87' lang='lat' dir='ltr'><strong>lauto</strong></span> <span class='ocrx_word' id='word_1_365' title='bbox 376 3473 705 3531; x_wconf 75' lang='lat' dir='ltr'><strong>insensilium</strong></span> <span class='ocrx_word' id='word_1_366' title='bbox 733 3476 1110 3537; x_wconf 79' lang='lat' dir='ltr'><strong>cogitationum</strong></span> <span class='ocrx_word' id='word_1_367' title='bbox 1157 3481 1411 3539; x_wconf 83' lang='lat' dir='ltr'><strong>apparatu</strong></span> <span class='ocrx_word' id='word_1_368' title='bbox 1452 3473 1654 3522; x_wconf 89' lang='lat' dir='ltr'><strong>animas</strong></span> <span class='ocrx_word' id='word_1_369' title='bbox 1684 3485 1781 3539; x_wconf 42' lang='lat' dir='ltr'><strong>nu:</strong></span> 
     </span>
    </p>
   </div>
   <div class='ocr_carea' id='block_1_52' title="bbox 199 3537 1782 3614">
    <p class='ocr_par' dir='ltr' id='par_1_52' title="bbox 199 3537 1782 3614">
     <span class='ocr_line' id='line_1_52' title="bbox 199 3537 1782 3614; baseline -0.008 -10"><span class='ocrx_word' id='word_1_370' title='bbox 199 3552 292 3604; x_wconf 90' lang='lat' dir='ltr'><strong>trit</strong></span> <span class='ocrx_word' id='word_1_371' title='bbox 313 3567 325 3600; x_wconf 89' lang='lat'>:</span> <span class='ocrx_word' id='word_1_372' title='bbox 350 3550 531 3600; x_wconf 91' lang='lat' dir='ltr'><strong>vinum</strong></span> <span class='ocrx_word' id='word_1_373' title='bbox 566 3546 704 3614; x_wconf 90' lang='lat' dir='ltr'><strong>quod</strong></span> <span class='ocrx_word' id='word_1_374' title='bbox 736 3545 890 3596; x_wconf 83' lang='lat' dir='ltr'><strong>oll&#39;ert</strong></span> <span class='ocrx_word' id='word_1_375' title='bbox 910 3558 1014 3596; x_wconf 92' lang='lat' dir='ltr'><strong>non</strong></span> <span class='ocrx_word' id='word_1_376' title='bbox 1043 3537 1354 3595; x_wconf 80' lang='lat' dir='ltr'><strong>ebrietatem</strong></span> <span class='ocrx_word' id='word_1_377' title='bbox 1390 3549 1654 3607; x_wconf 86' lang='lat' dir='ltr'><strong>procurat,</strong></span> <span class='ocrx_word' id='word_1_378' title='bbox 1676 3537 1782 3614; x_wconf 78' lang='lat' dir='ltr'><strong>sed</strong></span> 
     </span>
    </p>
   </div>
   <div class='ocr_carea' id='block_1_53' title="bbox 206 3608 1783 3684">
    <p class='ocr_par' dir='ltr' id='par_1_53' title="bbox 206 3608 1783 3684">
     <span class='ocr_line' id='line_1_53' title="bbox 206 3608 1783 3684; baseline -0.01 -10"><span class='ocrx_word' id='word_1_379' title='bbox 206 3618 433 3684; x_wconf 85' lang='lat' dir='ltr'><strong>Spiritus</strong></span> <span class='ocrx_word' id='word_1_380' title='bbox 464 3608 600 3669; x_wconf 58' lang='lat' dir='ltr'><strong>aestu</strong></span> <span class='ocrx_word' id='word_1_381' title='bbox 626 3630 718 3668; x_wconf 91' lang='lat' dir='ltr'><strong>cor</strong></span> <span class='ocrx_word' id='word_1_382' title='bbox 750 3614 983 3684; x_wconf 88' lang='lat' dir='ltr'><strong>incendit</strong></span> <span class='ocrx_word' id='word_1_383' title='bbox 1027 3629 1038 3664; x_wconf 91' lang='lat'><strong>:</strong></span> <span class='ocrx_word' id='word_1_384' title='bbox 1089 3626 1192 3684; x_wconf 84' lang='lat' dir='ltr'><strong>non</strong></span> <span class='ocrx_word' id='word_1_385' title='bbox 1227 3625 1417 3665; x_wconf 89' lang='lat' dir='ltr'><strong>carnes</strong></span> <span class='ocrx_word' id='word_1_386' title='bbox 1457 3608 1783 3684; x_wconf 83' lang='lat' dir='ltr'><strong>corruptioni</strong></span> 
     </span>
    </p>
   </div>
   <div class='ocr_carea' id='block_1_54' title="bbox 203 3679 1784 3751">
    <p class='ocr_par' dir='ltr' id='par_1_54' title="bbox 203 3679 1784 3751">
     <span class='ocr_line' id='line_1_54' title="bbox 203 3679 1784 3751; baseline -0.006 -13"><span class='ocrx_word' id='word_1_387' title='bbox 203 3679 459 3742; x_wconf 80' lang='lat' dir='ltr'><strong>obnoxias</strong></span> <span class='ocrx_word' id='word_1_388' title='bbox 480 3685 652 3749; x_wconf 85' lang='lat' dir='ltr'><strong>all&#39;ert,</strong></span> <span class='ocrx_word' id='word_1_389' title='bbox 684 3684 776 3736; x_wconf 88' lang='lat' dir='ltr'><strong>sed</strong></span> <span class='ocrx_word' id='word_1_390' title='bbox 796 3682 1046 3751; x_wconf 86' lang='lat' dir='ltr'><strong>gaudium</strong></span> <span class='ocrx_word' id='word_1_391' title='bbox 1071 3682 1502 3748; x_wconf 83' lang='lat' dir='ltr'><strong>voluptatemque</strong></span> <span class='ocrx_word' id='word_1_392' title='bbox 1519 3679 1784 3751; x_wconf 55' lang='lat' dir='ltr'><strong>caglestem</strong></span> 
     </span>
    </p>
   </div>
   <div class='ocr_carea' id='block_1_55' title="bbox 202 3745 1785 3819">
    <p class='ocr_par' dir='ltr' id='par_1_55' title="bbox 202 3745 1785 3819">
     <span class='ocr_line' id='line_1_55' title="bbox 202 3745 1785 3819; baseline -0.008 -8"><span class='ocrx_word' id='word_1_393' title='bbox 202 3758 462 3819; x_wconf 86' lang='lat' dir='ltr'><strong>instillat;</strong></span> <span class='ocrx_word' id='word_1_394' title='bbox 509 3770 612 3808; x_wconf 92' lang='lat' dir='ltr'><strong>non</strong></span> <span class='ocrx_word' id='word_1_395' title='bbox 641 3745 879 3806; x_wconf 18' lang='lat' dir='ltr'><strong>tcilhara:</strong></span> <span class='ocrx_word' id='word_1_396' title='bbox 919 3761 972 3806; x_wconf 93' lang='lat' dir='ltr'><strong>ct</strong></span> <span class='ocrx_word' id='word_1_397' title='bbox 1020 3753 1160 3804; x_wconf 71' lang='lat' dir='ltr'><strong>tibire</strong></span> <span class='ocrx_word' id='word_1_398' title='bbox 1200 3745 1388 3803; x_wconf 85' lang='lat' dir='ltr'><strong>sonum</strong></span> <span class='ocrx_word' id='word_1_399' title='bbox 1419 3745 1658 3813; x_wconf 72' lang='lat' dir='ltr'><strong>emittit;</strong></span> <span class='ocrx_word' id='word_1_400' title='bbox 1691 3745 1785 3801; x_wconf 90' lang='lat' dir='ltr'><strong>sed</strong></span> 
     </span>
    </p>
   </div>
   <div class='ocr_carea' id='block_1_56' title="bbox 202 3820 1784 3896">
    <p class='ocr_par' dir='ltr' id='par_1_56' title="bbox 202 3820 1784 3896">
     <span class='ocr_line' id='line_1_56' title="bbox 202 3820 1784 3896; baseline -0.009 -15"><span class='ocrx_word' id='word_1_401' title='bbox 202 3829 529 3896; x_wconf 85' lang='lat' dir='ltr'><strong>psalmoset</strong></span> <span class='ocrx_word' id='word_1_402' title='bbox 556 3824 782 3896; x_wconf 79' lang='lat' dir='ltr'><strong>hymnos</strong></span> <span class='ocrx_word' id='word_1_403' title='bbox 815 3824 976 3896; x_wconf 85' lang='lat' dir='ltr'><strong>Deum</strong></span> <span class='ocrx_word' id='word_1_404' title='bbox 1019 3823 1344 3896; x_wconf 82' lang='lat' dir='ltr'><strong>oblectantes</strong></span> <span class='ocrx_word' id='word_1_405' title='bbox 1372 3820 1599 3896; x_wconf 82' lang='lat' dir='ltr'><strong>concinit</strong></span> <span class='ocrx_word' id='word_1_406' title='bbox 1621 3837 1651 3896; x_wconf 44' lang='grc' dir='ltr'><strong>ε</strong></span> <span class='ocrx_word' id='word_1_407' title='bbox 1682 3833 1784 3896; x_wconf 80' lang='lat' dir='ltr'><strong>non</strong></span> 
     </span>
    </p>
   </div>
   <div class='ocr_carea' id='block_1_57' title="bbox 203 3887 1785 3962">
    <p class='ocr_par' dir='ltr' id='par_1_57' title="bbox 203 3887 1785 3962">
     <span class='ocr_line' id='line_1_57' title="bbox 203 3887 1785 3962; baseline -0.006 -13"><span class='ocrx_word' id='word_1_408' title='bbox 203 3887 519 3950; x_wconf 77' lang='lat' dir='ltr'><strong>meretriciis</strong></span> <span class='ocrx_word' id='word_1_409' title='bbox 551 3887 791 3962; x_wconf 81' lang='lat' dir='ltr'><strong>tripudiis</strong></span> <span class='ocrx_word' id='word_1_410' title='bbox 818 3893 1090 3945; x_wconf 91' lang='lat' dir='ltr'><strong>oculorum</strong></span> <span class='ocrx_word' id='word_1_411' title='bbox 1120 3891 1394 3962; x_wconf 83' lang='lat' dir='ltr'><strong>sensilimn</strong></span> <span class='ocrx_word' id='word_1_412' title='bbox 1429 3890 1594 3962; x_wconf 79' lang='lat' dir='ltr'><strong>visum</strong></span> <span class='ocrx_word' id='word_1_413' title='bbox 1618 3887 1785 3962; x_wconf 82' lang='lat' dir='ltr'><strong>hebe-</strong></span> 
     </span>
    </p>
   </div>
   <div class='ocr_carea' id='block_1_58' title="bbox 203 3959 1785 4031">
    <p class='ocr_par' dir='ltr' id='par_1_58' title="bbox 203 3959 1785 4031">
     <span class='ocr_line' id='line_1_58' title="bbox 203 3959 1785 4031; baseline -0.006 -13"><span class='ocrx_word' id='word_1_414' title='bbox 203 3975 318 4031; x_wconf 88' lang='lat' dir='ltr'><strong>tat,</strong></span> <span class='ocrx_word' id='word_1_415' title='bbox 352 3965 445 4019; x_wconf 90' lang='lat' dir='ltr'><strong>sed</strong></span> <span class='ocrx_word' id='word_1_416' title='bbox 475 3959 657 4017; x_wconf 78' lang='lat' dir='ltr'><strong>oculos</strong></span> <span class='ocrx_word' id='word_1_417' title='bbox 688 3962 864 4015; x_wconf 88' lang='lat' dir='ltr'><strong>cordis</strong></span> <span class='ocrx_word' id='word_1_418' title='bbox 905 3962 967 4014; x_wconf 89' lang='lat' dir='ltr'><strong>ad</strong></span> <span class='ocrx_word' id='word_1_419' title='bbox 1009 3961 1330 4014; x_wconf 75' lang='lat' dir='ltr'><strong>desiderium</strong></span> <span class='ocrx_word' id='word_1_420' title='bbox 1360 3960 1504 4026; x_wconf 80' lang='lat' dir='ltr'><strong>regni</strong></span> <span class='ocrx_word' id='word_1_421' title='bbox 1537 3959 1785 4031; x_wconf 76' lang='lat' dir='ltr'><strong>cmlorum</strong></span> 
     </span>
    </p>
   </div>
   <div class='ocr_carea' id='block_1_59' title="bbox 203 4027 1788 4100">
    <p class='ocr_par' dir='ltr' id='par_1_59' title="bbox 203 4027 1788 4100">
     <span class='ocr_line' id='line_1_59' title="bbox 203 4027 1788 4100; baseline -0.005 -12"><span class='ocrx_word' id='word_1_422' title='bbox 203 4027 389 4091; x_wconf 82' lang='lat' dir='ltr'><strong>incitat</strong></span> <span class='ocrx_word' id='word_1_423' title='bbox 419 4053 431 4086; x_wconf 89' lang='lat'>:</span> <span class='ocrx_word' id='word_1_424' title='bbox 459 4049 562 4086; x_wconf 88' lang='lat' dir='ltr'><strong>non</strong></span> <span class='ocrx_word' id='word_1_425' title='bbox 595 4034 878 4086; x_wconf 92' lang='lat' dir='ltr'><strong>mimorum</strong></span> <span class='ocrx_word' id='word_1_426' title='bbox 903 4041 957 4083; x_wconf 92' lang='lat' dir='ltr'><strong>et</strong></span> <span class='ocrx_word' id='word_1_427' title='bbox 983 4045 1263 4100; x_wconf 76' lang='lat' dir='ltr'><strong>pravorum</strong></span> <span class='ocrx_word' id='word_1_428' title='bbox 1295 4031 1565 4082; x_wconf 90' lang='lat' dir='ltr'><strong>hominum</strong></span> <span class='ocrx_word' id='word_1_429' title='bbox 1596 4027 1788 4081; x_wconf 87' lang='lat' dir='ltr'><strong>tumul-</strong></span> 
     </span>
    </p>
   </div>
   <div class='ocr_carea' id='block_1_60' title="bbox 205 4101 1788 4168">
    <p class='ocr_par' dir='ltr' id='par_1_60' title="bbox 205 4101 1788 4168">
     <span class='ocr_line' id='line_1_60' title="bbox 205 4101 1788 4168; baseline -0.006 -10"><span class='ocrx_word' id='word_1_430' title='bbox 205 4115 318 4158; x_wconf 92' lang='lat' dir='ltr'><strong>tum</strong></span> <span class='ocrx_word' id='word_1_431' title='bbox 349 4103 600 4168; x_wconf 82' lang='lat' dir='ltr'><strong>exhibet,</strong></span> <span class='ocrx_word' id='word_1_432' title='bbox 633 4101 724 4155; x_wconf 87' lang='lat' dir='ltr'><strong>sed</strong></span> <span class='ocrx_word' id='word_1_433' title='bbox 757 4101 1079 4168; x_wconf 83' lang='lat' dir='ltr'><strong>prepheticis</strong></span> <span class='ocrx_word' id='word_1_434' title='bbox 1111 4101 1245 4151; x_wconf 92' lang='lat' dir='ltr'><strong>tubis</strong></span> <span class='ocrx_word' id='word_1_435' title='bbox 1282 4114 1440 4152; x_wconf 89' lang='lat' dir='ltr'><strong>aures</strong></span> <span class='ocrx_word' id='word_1_436' title='bbox 1470 4102 1661 4168; x_wconf 88' lang='lat' dir='ltr'><strong>mentis</strong></span> <span class='ocrx_word' id='word_1_437' title='bbox 1689 4113 1788 4150; x_wconf 60' lang='lat' dir='ltr'><strong>nor</strong></span> 
     </span>
    </p>
   </div>
   <div class='ocr_carea' id='block_1_61' title="bbox 205 4167 1788 4231">
    <p class='ocr_par' dir='ltr' id='par_1_61' title="bbox 205 4167 1788 4231">
     <span class='ocr_line' id='line_1_61' title="bbox 205 4167 1788 4231; baseline -0.004 -5"><span class='ocrx_word' id='word_1_438' title='bbox 205 4183 329 4226; x_wconf 65' lang='lat' dir='ltr'><strong>straa</strong></span> <span class='ocrx_word' id='word_1_439' title='bbox 361 4172 425 4225; x_wconf 89' lang='lat' dir='ltr'><strong>ad</strong></span> <span class='ocrx_word' id='word_1_440' title='bbox 469 4167 769 4228; x_wconf 85' lang='lat' dir='ltr'><strong>doctrinam</strong></span> <span class='ocrx_word' id='word_1_441' title='bbox 809 4172 989 4224; x_wconf 82' lang='lat' dir='ltr'><strong>utilem</strong></span> <span class='ocrx_word' id='word_1_442' title='bbox 1031 4171 1276 4231; x_wconf 85' lang='lat' dir='ltr'><strong>deducit;</strong></span> <span class='ocrx_word' id='word_1_443' title='bbox 1321 4185 1426 4221; x_wconf 93' lang='lat' dir='ltr'><strong>non</strong></span> <span class='ocrx_word' id='word_1_444' title='bbox 1467 4167 1788 4221; x_wconf 83' lang='lat' dir='ltr'><strong>exteriorem</strong></span> 
     </span>
    </p>
   </div>
   <div class='ocr_carea' id='block_1_62' title="bbox 207 4237 1789 4307">
    <p class='ocr_par' dir='ltr' id='par_1_62' title="bbox 207 4237 1789 4307">
     <span class='ocr_line' id='line_1_62' title="bbox 207 4237 1789 4307; baseline -0.003 -12"><span class='ocrx_word' id='word_1_445' title='bbox 207 4243 477 4295; x_wconf 88' lang='lat' dir='ltr'><strong>hominem</strong></span> <span class='ocrx_word' id='word_1_446' title='bbox 524 4243 573 4294; x_wconf 89' lang='lat' dir='ltr'><strong>in</strong></span> <span class='ocrx_word' id='word_1_447' title='bbox 617 4241 963 4307; x_wconf 85' lang='lat' dir='ltr'><strong>jactantiam,</strong></span> <span class='ocrx_word' id='word_1_448' title='bbox 1004 4240 1054 4291; x_wconf 92' lang='lat' dir='ltr'><strong>in</strong></span> <span class='ocrx_word' id='word_1_449' title='bbox 1105 4240 1266 4292; x_wconf 91' lang='lat' dir='ltr'><strong>risum</strong></span> <span class='ocrx_word' id='word_1_450' title='bbox 1297 4248 1348 4291; x_wconf 87' lang='lat' dir='ltr'><strong>et</strong></span> <span class='ocrx_word' id='word_1_451' title='bbox 1379 4239 1428 4290; x_wconf 92' lang='lat' dir='ltr'><strong>in</strong></span> <span class='ocrx_word' id='word_1_452' title='bbox 1474 4237 1789 4291; x_wconf 87' lang='lat' dir='ltr'><strong>adulationis</strong></span> 
     </span>
    </p>
   </div>
   <div class='ocr_carea' id='block_1_63' title="bbox 207 4307 1790 4377">
    <p class='ocr_par' dir='ltr' id='par_1_63' title="bbox 207 4307 1790 4377">
     <span class='ocr_line' id='line_1_63' title="bbox 207 4307 1790 4377; baseline -0.006 -10"><span class='ocrx_word' id='word_1_453' title='bbox 207 4311 459 4367; x_wconf 77' lang='lat' dir='ltr'><strong>barathro</strong></span> <span class='ocrx_word' id='word_1_454' title='bbox 490 4310 724 4377; x_wconf 88' lang='lat' dir='ltr'><strong>conjicit,</strong></span> <span class='ocrx_word' id='word_1_455' title='bbox 757 4308 848 4362; x_wconf 91' lang='lat' dir='ltr'><strong>sed</strong></span> <span class='ocrx_word' id='word_1_456' title='bbox 881 4309 1183 4362; x_wconf 88' lang='lat' dir='ltr'><strong>interiorem</strong></span> <span class='ocrx_word' id='word_1_457' title='bbox 1216 4309 1279 4360; x_wconf 89' lang='lat' dir='ltr'><strong>ad</strong></span> <span class='ocrx_word' id='word_1_458' title='bbox 1311 4308 1501 4360; x_wconf 80' lang='lat' dir='ltr'><strong>divina:</strong></span> <span class='ocrx_word' id='word_1_459' title='bbox 1531 4307 1790 4377; x_wconf 86' lang='lat' dir='ltr'><strong>cognitio-</strong></span> 
     </span>
    </p>
   </div>
   <div class='ocr_carea' id='block_1_64' title="bbox 209 4376 1787 4443">
    <p class='ocr_par' dir='ltr' id='par_1_64' title="bbox 209 4376 1787 4443">
     <span class='ocr_line' id='line_1_64' title="bbox 209 4376 1787 4443; baseline -0.005 -8"><span class='ocrx_word' id='word_1_460' title='bbox 209 4384 290 4436; x_wconf 89' lang='lat' dir='ltr'><strong>nis</strong></span> <span class='ocrx_word' id='word_1_461' title='bbox 315 4394 552 4434; x_wconf 88' lang='lat' dir='ltr'><strong>amorem</strong></span> <span class='ocrx_word' id='word_1_462' title='bbox 583 4376 846 4443; x_wconf 81' lang='lat' dir='ltr'><strong>accendit,</strong></span> <span class='ocrx_word' id='word_1_463' title='bbox 874 4393 935 4430; x_wconf 91' lang='lat' dir='ltr'><strong>ac</strong></span> <span class='ocrx_word' id='word_1_464' title='bbox 966 4379 1299 4431; x_wconf 60' lang='lat' dir='ltr'><strong>saecularium</strong></span> <span class='ocrx_word' id='word_1_465' title='bbox 1327 4378 1564 4430; x_wconf 90' lang='lat' dir='ltr'><strong>omnium</strong></span> <span class='ocrx_word' id='word_1_466' title='bbox 1595 4376 1787 4428; x_wconf 89' lang='lat' dir='ltr'><strong>molem</strong></span> 
     </span>
    </p>
   </div>
   <div class='ocr_carea' id='block_1_65' title="bbox 207 4445 1791 4516">
    <p class='ocr_par' dir='ltr' id='par_1_65' title="bbox 207 4445 1791 4516">
     <span class='ocr_line' id='line_1_65' title="bbox 207 4445 1791 4516; baseline -0.006 -11"><span class='ocrx_word' id='word_1_467' title='bbox 207 4451 747 4516; x_wconf 79' lang='lat' dir='ltr'><strong>eummixtionemque</strong></span> <span class='ocrx_word' id='word_1_468' title='bbox 774 4449 1028 4515; x_wconf 88' lang='lat' dir='ltr'><strong>abnegat,</strong></span> <span class='ocrx_word' id='word_1_469' title='bbox 1058 4459 1216 4515; x_wconf 90' lang='lat' dir='ltr'><strong>atque</strong></span> <span class='ocrx_word' id='word_1_470' title='bbox 1247 4448 1310 4499; x_wconf 88' lang='lat' dir='ltr'><strong>ad</strong></span> <span class='ocrx_word' id='word_1_471' title='bbox 1343 4448 1507 4499; x_wconf 87' lang='lat' dir='ltr'><strong>solam</strong></span> <span class='ocrx_word' id='word_1_472' title='bbox 1543 4445 1791 4514; x_wconf 82' lang='lat' dir='ltr'><strong>perennis</strong></span> 
     </span>
    </p>
   </div>
   <div class='ocr_carea' id='block_1_66' title="bbox 209 4517 1791 4589">
    <p class='ocr_par' dir='ltr' id='par_1_66' title="bbox 209 4517 1791 4589">
     <span class='ocr_line' id='line_1_66' title="bbox 209 4517 1791 4589; baseline -0.007 -14"><span class='ocrx_word' id='word_1_473' title='bbox 209 4521 359 4589; x_wconf 83' lang='lat' dir='ltr'><strong>regni</strong></span> <span class='ocrx_word' id='word_1_474' title='bbox 388 4522 526 4572; x_wconf 87' lang='lat' dir='ltr'><strong>viam</strong></span> <span class='ocrx_word' id='word_1_475' title='bbox 554 4519 713 4571; x_wconf 89' lang='lat' dir='ltr'><strong>ducit.</strong></span> <span class='ocrx_word' id='word_1_476' title='bbox 746 4518 911 4570; x_wconf 89' lang='lat' dir='ltr'><strong>Porro</strong></span> <span class='ocrx_word' id='word_1_477' title='bbox 940 4518 990 4570; x_wconf 95' lang='lat' dir='ltr'><strong>in</strong></span> <span class='ocrx_word' id='word_1_478' title='bbox 1022 4518 1442 4589; x_wconf 26' lang='lat' dir='ltr'><strong>sensili‘mensa,</strong></span> <span class='ocrx_word' id='word_1_479' title='bbox 1476 4517 1518 4568; x_wconf 91' lang='lat' dir='ltr'><strong>si</strong></span> <span class='ocrx_word' id='word_1_480' title='bbox 1551 4517 1668 4589; x_wconf 83' lang='lat' dir='ltr'><strong>quis</strong></span> <span class='ocrx_word' id='word_1_481' title='bbox 1698 4529 1791 4565; x_wconf 82' lang='lat' dir='ltr'><strong>co-</strong></span> 
     </span>
    </p>
   </div>
   <div class='ocr_carea' id='block_1_67' title="bbox 213 4585 1793 4660">
    <p class='ocr_par' dir='ltr' id='par_1_67' title="bbox 213 4585 1793 4660">
     <span class='ocr_line' id='line_1_67' title="bbox 213 4585 1793 4660; baseline -0.004 -17"><span class='ocrx_word' id='word_1_482' title='bbox 213 4585 446 4660; x_wconf 76' lang='lat' dir='ltr'><strong>piosiore</strong></span> <span class='ocrx_word' id='word_1_483' title='bbox 469 4589 586 4660; x_wconf 81' lang='lat' dir='ltr'><strong>cibo</strong></span> <span class='ocrx_word' id='word_1_484' title='bbox 607 4602 726 4642; x_wconf 82' lang='lat' dir='ltr'><strong>sese</strong></span> <span class='ocrx_word' id='word_1_485' title='bbox 752 4589 972 4660; x_wconf 82' lang='lat' dir='ltr'><strong>repleat,</strong></span> <span class='ocrx_word' id='word_1_486' title='bbox 997 4594 1179 4660; x_wconf 76' lang='lat' dir='ltr'><strong>ventre</strong></span> <span class='ocrx_word' id='word_1_487' title='bbox 1200 4585 1362 4660; x_wconf 81' lang='lat' dir='ltr'><strong>dolet,</strong></span> <span class='ocrx_word' id='word_1_488' title='bbox 1390 4586 1793 4650; x_wconf 84' lang='lat' dir='ltr'><strong>convolutisque</strong></span> 
     </span>
    </p>
   </div>
   <div class='ocr_carea' id='block_1_68' title="bbox 218 4657 1793 4722">
    <p class='ocr_par' dir='ltr' id='par_1_68' title="bbox 218 4657 1793 4722">
     <span class='ocr_line' id='line_1_68' title="bbox 218 4657 1793 4722; baseline -0.003 -10"><span class='ocrx_word' id='word_1_489' title='bbox 218 4657 511 4714; x_wconf 75' lang='lat' dir='ltr'><strong>visceribus</strong></span> <span class='ocrx_word' id='word_1_490' title='bbox 539 4658 790 4710; x_wconf 89' lang='lat' dir='ltr'><strong>damnum</strong></span> <span class='ocrx_word' id='word_1_491' title='bbox 823 4657 919 4710; x_wconf 90' lang='lat' dir='ltr'><strong>sibi</strong></span> <span class='ocrx_word' id='word_1_492' title='bbox 951 4672 1054 4709; x_wconf 93' lang='lat' dir='ltr'><strong>non</strong></span> <span class='ocrx_word' id='word_1_493' title='bbox 1099 4657 1216 4708; x_wconf 88' lang='lat' dir='ltr'><strong>leve</strong></span> <span class='ocrx_word' id='word_1_494' title='bbox 1249 4657 1420 4722; x_wconf 87' lang='lat' dir='ltr'><strong>parit;</strong></span> <span class='ocrx_word' id='word_1_495' title='bbox 1454 4663 1637 4708; x_wconf 89' lang='lat' dir='ltr'><strong>contra</strong></span> <span class='ocrx_word' id='word_1_496' title='bbox 1669 4669 1793 4707; x_wconf 83' lang='lat' dir='ltr'><strong>vero</strong></span> 
     </span>
    </p>
   </div>
   <div class='ocr_carea' id='block_1_69' title="bbox 211 4725 1794 4798">
    <p class='ocr_par' dir='ltr' id='par_1_69' title="bbox 211 4725 1794 4798">
     <span class='ocr_line' id='line_1_69' title="bbox 211 4725 1794 4798; baseline -0.004 -15"><span class='ocrx_word' id='word_1_497' title='bbox 211 4730 263 4783; x_wconf 94' lang='lat' dir='ltr'><strong>in</strong></span> <span class='ocrx_word' id='word_1_498' title='bbox 295 4727 555 4798; x_wconf 84' lang='lat' dir='ltr'><strong>spirituali</strong></span> <span class='ocrx_word' id='word_1_499' title='bbox 575 4741 803 4798; x_wconf 88' lang='lat' dir='ltr'><strong>mensa;</strong></span> <span class='ocrx_word' id='word_1_500' title='bbox 837 4727 878 4779; x_wconf 90' lang='lat' dir='ltr'><strong>si</strong></span> <span class='ocrx_word' id='word_1_501' title='bbox 923 4734 973 4779; x_wconf 93' lang='lat' dir='ltr'><strong>te</strong></span> <span class='ocrx_word' id='word_1_502' title='bbox 1000 4725 1199 4798; x_wconf 71' lang='lat' dir='ltr'><strong>affatim</strong></span> <span class='ocrx_word' id='word_1_503' title='bbox 1235 4725 1561 4798; x_wconf 84' lang='lat' dir='ltr'><strong>ingurgites,</strong></span> <span class='ocrx_word' id='word_1_504' title='bbox 1595 4725 1794 4792; x_wconf 71' lang='lat' dir='ltr'><strong>poteris</strong></span> 
     </span>
    </p>
   </div>
   <div class='ocr_carea' id='block_1_70' title="bbox 214 4795 1795 4864">
    <p class='ocr_par' dir='ltr' id='par_1_70' title="bbox 214 4795 1795 4864">
     <span class='ocr_line' id='line_1_70' title="bbox 214 4795 1795 4864; baseline -0.004 -11"><span class='ocrx_word' id='word_1_505' title='bbox 214 4809 267 4854; x_wconf 90' lang='lat' dir='ltr'><strong>et</strong></span> <span class='ocrx_word' id='word_1_506' title='bbox 295 4795 458 4851; x_wconf 86' lang='lat' dir='ltr'><strong>vitam</strong></span> <span class='ocrx_word' id='word_1_507' title='bbox 485 4797 731 4864; x_wconf 80' lang='lat' dir='ltr'><strong>dirigere.</strong></span> <span class='ocrx_word' id='word_1_508' title='bbox 757 4806 810 4850; x_wconf 91' lang='lat' dir='ltr'><strong>et</strong></span> <span class='ocrx_word' id='word_1_509' title='bbox 839 4810 971 4864; x_wconf 90' lang='lat' dir='ltr'><strong>opus</strong></span> <span class='ocrx_word' id='word_1_510' title='bbox 999 4795 1108 4848; x_wconf 92' lang='lat' dir='ltr'><strong>Deo</strong></span> <span class='ocrx_word' id='word_1_511' title='bbox 1137 4795 1383 4862; x_wconf 89' lang='lat' dir='ltr'><strong>placitum</strong></span> <span class='ocrx_word' id='word_1_512' title='bbox 1417 4795 1674 4862; x_wconf 88' lang='lat' dir='ltr'><strong>perlicere</strong></span> <span class='ocrx_word' id='word_1_513' title='bbox 1703 4811 1714 4844; x_wconf 95' lang='lat'>:</span> <span class='ocrx_word' id='word_1_514' title='bbox 1741 4803 1795 4847; x_wconf 93' lang='lat' dir='ltr'><strong>et</strong></span> 
     </span>
    </p>
   </div>
   <div class='ocr_carea' id='block_1_71' title="bbox 212 4864 1792 4937">
    <p class='ocr_par' dir='ltr' id='par_1_71' title="bbox 212 4864 1792 4937">
     <span class='ocr_line' id='line_1_71' title="bbox 212 4864 1792 4937; baseline -0.003 -16"><span class='ocrx_word' id='word_1_515' title='bbox 212 4877 413 4937; x_wconf 87' lang='lat' dir='ltr'><strong>quanto</strong></span> <span class='ocrx_word' id='word_1_516' title='bbox 442 4867 607 4934; x_wconf 88' lang='lat' dir='ltr'><strong>magis</strong></span> <span class='ocrx_word' id='word_1_517' title='bbox 629 4866 912 4937; x_wconf 84' lang='lat' dir='ltr'><strong>deliciaris,</strong></span> <span class='ocrx_word' id='word_1_518' title='bbox 936 4865 1001 4917; x_wconf 90' lang='lat' dir='ltr'><strong>ad</strong></span> <span class='ocrx_word' id='word_1_519' title='bbox 1027 4874 1170 4916; x_wconf 89' lang='lat' dir='ltr'><strong>tanto</strong></span> <span class='ocrx_word' id='word_1_520' title='bbox 1194 4864 1446 4937; x_wconf 77' lang='lat' dir='ltr'><strong>majorem</strong></span> <span class='ocrx_word' id='word_1_521' title='bbox 1479 4873 1530 4917; x_wconf 88' lang='lat' dir='ltr'><strong>te</strong></span> <span class='ocrx_word' id='word_1_522' title='bbox 1558 4879 1792 4937; x_wconf 83' lang='lat' dir='ltr'><strong>amorem</strong></span> 
     </span>
    </p>
   </div>
   <div class='ocr_carea' id='block_1_72' title="bbox 214 4933 1796 5003">
    <p class='ocr_par' dir='ltr' id='par_1_72' title="bbox 214 4933 1796 5003">
     <span class='ocr_line' id='line_1_72' title="bbox 214 4933 1796 5003; baseline -0.003 -11"><span class='ocrx_word' id='word_1_523' title='bbox 214 4933 425 4992; x_wconf 78' lang='lat' dir='ltr'><strong>incitas.</strong></span> <span class='ocrx_word' id='word_1_524' title='bbox 460 4933 686 4989; x_wconf 84' lang='lat' dir='ltr'><strong>Rursum</strong></span> <span class='ocrx_word' id='word_1_525' title='bbox 731 4937 779 4988; x_wconf 91' lang='lat' dir='ltr'><strong>in</strong></span> <span class='ocrx_word' id='word_1_526' title='bbox 823 4936 995 5003; x_wconf 89' lang='lat' dir='ltr'><strong>priore</strong></span> <span class='ocrx_word' id='word_1_527' title='bbox 1027 4950 1205 4986; x_wconf 85' lang='lat' dir='ltr'><strong>mensa</strong></span> <span class='ocrx_word' id='word_1_528' title='bbox 1234 4934 1277 4987; x_wconf 90' lang='lat' dir='ltr'><strong>si</strong></span> <span class='ocrx_word' id='word_1_529' title='bbox 1311 4935 1693 5003; x_wconf 15' lang='lat' dir='ltr'><strong>vinumrusque</strong></span> <span class='ocrx_word' id='word_1_530' title='bbox 1729 4933 1796 4987; x_wconf 89' lang='lat' dir='ltr'><strong>ad</strong></span> 
     </span>
    </p>
   </div>
   <div class='ocr_carea' id='block_1_73' title="bbox 214 5002 1794 5074">
    <p class='ocr_par' dir='ltr' id='par_1_73' title="bbox 214 5002 1794 5074">
     <span class='ocr_line' id='line_1_73' title="bbox 214 5002 1794 5074; baseline -0.001 -16"><span class='ocrx_word' id='word_1_531' title='bbox 214 5009 485 5074; x_wconf 87' lang='lat' dir='ltr'><strong>crapulam</strong></span> <span class='ocrx_word' id='word_1_532' title='bbox 528 5005 766 5059; x_wconf 85' lang='lat' dir='ltr'><strong>hauseris</strong></span> <span class='ocrx_word' id='word_1_533' title='bbox 787 5046 801 5067; x_wconf 95' lang='lat'><strong>,</strong></span> <span class='ocrx_word' id='word_1_534' title='bbox 829 5002 900 5056; x_wconf 86' lang='lat' dir='ltr'><strong>et</strong></span> <span class='ocrx_word' id='word_1_535' title='bbox 931 5004 1150 5071; x_wconf 87' lang='lat' dir='ltr'><strong>pedibus</strong></span> <span class='ocrx_word' id='word_1_536' title='bbox 1182 5003 1456 5074; x_wconf 88' lang='lat' dir='ltr'><strong>incedendi</strong></span> <span class='ocrx_word' id='word_1_537' title='bbox 1491 5002 1794 5056; x_wconf 78' lang='lat' dir='ltr'><strong>facultatem</strong></span> 
     </span>
    </p>
   </div>
   <div class='ocr_carea' id='block_1_74' title="bbox 217 5073 1799 5141">
    <p class='ocr_par' dir='ltr' id='par_1_74' title="bbox 217 5073 1799 5141">
     <span class='ocr_line' id='line_1_74' title="bbox 217 5073 1799 5141; baseline -0.002 -13"><span class='ocrx_word' id='word_1_538' title='bbox 217 5073 383 5138; x_wconf 89' lang='lat' dir='ltr'><strong>tollis,</strong></span> <span class='ocrx_word' id='word_1_539' title='bbox 419 5087 473 5129; x_wconf 89' lang='lat' dir='ltr'><strong>et</strong></span> <span class='ocrx_word' id='word_1_540' title='bbox 501 5077 668 5127; x_wconf 88' lang='lat' dir='ltr'><strong>oculis</strong></span> <span class='ocrx_word' id='word_1_541' title='bbox 700 5089 803 5126; x_wconf 92' lang='lat' dir='ltr'><strong>non</strong></span> <span class='ocrx_word' id='word_1_542' title='bbox 833 5076 1175 5141; x_wconf 84' lang='lat' dir='ltr'><strong>congruentia</strong></span> <span class='ocrx_word' id='word_1_543' title='bbox 1199 5073 1367 5136; x_wconf 87' lang='lat' dir='ltr'><strong>vides,</strong></span> <span class='ocrx_word' id='word_1_544' title='bbox 1390 5083 1441 5126; x_wconf 88' lang='lat' dir='ltr'><strong>et</strong></span> <span class='ocrx_word' id='word_1_545' title='bbox 1467 5088 1527 5125; x_wconf 88' lang='lat' dir='ltr'><strong>ea</strong></span> <span class='ocrx_word' id='word_1_546' title='bbox 1556 5089 1672 5140; x_wconf 66' lang='lat' dir='ltr'><strong>quae</strong></span> <span class='ocrx_word' id='word_1_547' title='bbox 1705 5088 1799 5125; x_wconf 89' lang='lat' dir='ltr'><strong>no—</strong></span> 
     </span>
    </p>
   </div>
   <div class='ocr_carea' id='block_1_75' title="bbox 217 5143 1800 5214">
    <p class='ocr_par' dir='ltr' id='par_1_75' title="bbox 217 5143 1800 5214">
     <span class='ocr_line' id='line_1_75' title="bbox 217 5143 1800 5214; baseline -0.002 -15"><span class='ocrx_word' id='word_1_548' title='bbox 217 5147 278 5199; x_wconf 85' lang='lat' dir='ltr'><strong>lis</strong></span> <span class='ocrx_word' id='word_1_549' title='bbox 326 5149 499 5214; x_wconf 80' lang='lat' dir='ltr'><strong>lingua</strong></span> <span class='ocrx_word' id='word_1_550' title='bbox 552 5145 752 5212; x_wconf 80' lang='lat' dir='ltr'><strong>profers</strong></span> <span class='ocrx_word' id='word_1_551' title='bbox 800 5162 812 5197; x_wconf 95' lang='lat'>:</span> <span class='ocrx_word' id='word_1_552' title='bbox 855 5145 1072 5196; x_wconf 90' lang='lat' dir='ltr'><strong>crebros</strong></span> <span class='ocrx_word' id='word_1_553' title='bbox 1116 5152 1388 5214; x_wconf 27' lang='lat' dir='ltr'><strong>ructus‘ex</strong></span> <span class='ocrx_word' id='word_1_554' title='bbox 1436 5143 1800 5214; x_wconf 22' lang='lat' dir='ltr'><strong>iniohpectore</strong></span> 
     </span>
    </p>
   </div>
   <div class='ocr_carea' id='block_1_76' title="bbox 216 5210 1798 5279">
    <p class='ocr_par' dir='ltr' id='par_1_76' title="bbox 216 5210 1798 5279">
     <span class='ocr_line' id='line_1_76' title="bbox 216 5210 1798 5279; baseline -0.003 -11"><span class='ocrx_word' id='word_1_555' title='bbox 216 5210 437 5274; x_wconf 78' lang='lat' dir='ltr'><strong>emittis.</strong></span> <span class='ocrx_word' id='word_1_556' title='bbox 467 5210 649 5268; x_wconf 86' lang='lat' dir='ltr'><strong>amicis</strong></span> <span class='ocrx_word' id='word_1_557' title='bbox 680 5215 838 5265; x_wconf 91' lang='lat' dir='ltr'><strong>risum</strong></span> <span class='ocrx_word' id='word_1_558' title='bbox 882 5228 1055 5279; x_wconf 89' lang='lat' dir='ltr'><strong>paras,</strong></span> <span class='ocrx_word' id='word_1_559' title='bbox 1087 5213 1254 5264; x_wconf 76' lang='lat' dir='ltr'><strong>servis</strong></span> <span class='ocrx_word' id='word_1_560' title='bbox 1297 5210 1634 5278; x_wconf 87' lang='lat' dir='ltr'><strong>despicabilis</strong></span> <span class='ocrx_word' id='word_1_561' title='bbox 1672 5227 1798 5264; x_wconf 90' lang='lat' dir='ltr'><strong>eva-</strong></span> 
     </span>
    </p>
   </div>
   <div class='ocr_carea' id='block_1_77' title="bbox 217 5281 1803 5354">
    <p class='ocr_par' dir='ltr' id='par_1_77' title="bbox 217 5281 1803 5354">
     <span class='ocr_line' id='line_1_77' title="bbox 217 5281 1803 5354; baseline -0.003 -15"><span class='ocrx_word' id='word_1_562' title='bbox 217 5285 318 5351; x_wconf 86' lang='lat' dir='ltr'><strong>dis,</strong></span> <span class='ocrx_word' id='word_1_563' title='bbox 347 5295 528 5354; x_wconf 88' lang='lat' dir='ltr'><strong>utpote</strong></span> <span class='ocrx_word' id='word_1_564' title='bbox 554 5286 642 5352; x_wconf 85' lang='lat' dir='ltr'><strong>qui</strong></span> <span class='ocrx_word' id='word_1_565' title='bbox 669 5285 789 5335; x_wconf 84' lang='lat' dir='ltr'><strong>vino</strong></span> <span class='ocrx_word' id='word_1_566' title='bbox 815 5293 1047 5335; x_wconf 88' lang='lat' dir='ltr'><strong>mentem</strong></span> <span class='ocrx_word' id='word_1_567' title='bbox 1078 5281 1496 5335; x_wconf 82' lang='lat' dir='ltr'><strong>labefactaveris.</strong></span> <span class='ocrx_word' id='word_1_568' title='bbox 1531 5282 1595 5334; x_wconf 90' lang='lat' dir='ltr'><strong>At</strong></span> <span class='ocrx_word' id='word_1_569' title='bbox 1623 5283 1672 5334; x_wconf 89' lang='lat' dir='ltr'><strong>in</strong></span> <span class='ocrx_word' id='word_1_570' title='bbox 1703 5281 1803 5336; x_wconf 86' lang='lat' dir='ltr'><strong>hac</strong></span> 
     </span>
    </p>
   </div>
   <div class='ocr_carea' id='block_1_78' title="bbox 281 5491 1807 5558">
    <p class='ocr_par' dir='ltr' id='par_1_78' title="bbox 281 5491 1807 5558">
     <span class='ocr_line' id='line_1_78' title="bbox 281 5491 1807 5558; baseline 0.003 -16"><span class='ocrx_word' id='word_1_571' title='bbox 281 5493 354 5556; x_wconf 91' lang='lat' dir='ltr'><strong>(a)</strong></span> <span class='ocrx_word' id='word_1_572' title='bbox 390 5491 702 5558; x_wconf 86' lang='lat' dir='ltr'><strong>Collatacum</strong></span> <span class='ocrx_word' id='word_1_573' title='bbox 722 5495 1057 5558; x_wconf 27' lang='lat' dir='ltr'><strong>poddrltegiis</strong></span> <span class='ocrx_word' id='word_1_574' title='bbox 1094 5493 1227 5552; x_wconf 77' lang='lat' dir='ltr'><strong>I828,</strong></span> <span class='ocrx_word' id='word_1_575' title='bbox 1253 5502 1303 5558; x_wconf 85' lang='lat' dir='ltr'><strong>et</strong></span> <span class='ocrx_word' id='word_1_576' title='bbox 1341 5495 1485 5558; x_wconf 67' lang='lat' dir='ltr'><strong>2-i‘21,</strong></span> <span class='ocrx_word' id='word_1_577' title='bbox 1526 5499 1608 5558; x_wconf 86' lang='lat' dir='ltr'><strong>qui</strong></span> <span class='ocrx_word' id='word_1_578' title='bbox 1635 5500 1807 5548; x_wconf 91' lang='lat' dir='ltr'><strong>mirum</strong></span> 
     </span>
    </p>
   </div>
   <div class='ocr_carea' id='block_1_79' title="bbox 220 5555 1808 5615">
    <p class='ocr_par' dir='ltr' id='par_1_79' title="bbox 220 5555 1808 5615">
     <span class='ocr_line' id='line_1_79' title="bbox 220 5555 1808 5615; baseline 0.003 -11"><span class='ocrx_word' id='word_1_579' title='bbox 220 5555 456 5615; x_wconf 78' lang='lat' dir='ltr'><strong>quantum</strong></span> <span class='ocrx_word' id='word_1_580' title='bbox 483 5557 681 5603; x_wconf 80' lang='lat' dir='ltr'><strong>variant.</strong></span> <span class='ocrx_word' id='word_1_581' title='bbox 722 5555 893 5604; x_wconf 82' lang='lat' dir='ltr'><strong>lnsulsi</strong></span> <span class='ocrx_word' id='word_1_582' title='bbox 919 5558 1082 5614; x_wconf 85' lang='lat' dir='ltr'><strong>operis</strong></span> <span class='ocrx_word' id='word_1_583' title='bbox 1107 5569 1192 5604; x_wconf 86' lang='lat' dir='ltr'><strong>eas</strong></span> <span class='ocrx_word' id='word_1_584' title='bbox 1215 5557 1368 5604; x_wconf 88' lang='lat' dir='ltr'><strong>solum</strong></span> <span class='ocrx_word' id='word_1_585' title='bbox 1397 5555 1633 5607; x_wconf 71' lang='lat' dir='ltr'><strong>lectiones</strong></span> <span class='ocrx_word' id='word_1_586' title='bbox 1674 5569 1808 5609; x_wconf 92' lang='lat' dir='ltr'><strong>nota-</strong></span> 
     </span>
    </p>
   </div>
   <div class='ocr_carea' id='block_1_80' title="bbox 222 5616 1811 5679">
    <p class='ocr_par' dir='ltr' id='par_1_80' title="bbox 222 5616 1811 5679">
     <span class='ocr_line' id='line_1_80' title="bbox 222 5616 1811 5679; baseline 0.008 -19"><span class='ocrx_word' id='word_1_587' title='bbox 222 5621 379 5664; x_wconf 80' lang='lat' dir='ltr'><strong>vimus</strong></span> <span class='ocrx_word' id='word_1_588' title='bbox 396 5630 505 5677; x_wconf 77' lang='lat' dir='ltr'><strong>qnze</strong></span> <span class='ocrx_word' id='word_1_589' title='bbox 526 5617 714 5675; x_wconf 80' lang='lat' dir='ltr'><strong>majoris</strong></span> <span class='ocrx_word' id='word_1_590' title='bbox 735 5619 875 5679; x_wconf 73' lang='lat' dir='ltr'><strong>pretii</strong></span> <span class='ocrx_word' id='word_1_591' title='bbox 902 5616 1187 5665; x_wconf 83' lang='lat' dir='ltr'><strong>videbantur</strong></span> <span class='ocrx_word' id='word_1_592' title='bbox 1214 5631 1341 5667; x_wconf 82' lang='lat' dir='ltr'><strong>esse.</strong></span> <span class='ocrx_word' id='word_1_593' title='bbox 1367 5619 1522 5667; x_wconf 83' lang='lat' dir='ltr'><strong>Savilii</strong></span> <span class='ocrx_word' id='word_1_594' title='bbox 1549 5625 1715 5671; x_wconf 76' lang='lat' dir='ltr'><strong>textus</strong></span> <span class='ocrx_word' id='word_1_595' title='bbox 1735 5631 1811 5672; x_wconf 89' lang='lat' dir='ltr'><strong>est</strong></span> 
     </span>
    </p>
   </div>
   <div class='ocr_carea' id='block_1_81' title="bbox 220 5679 714 5727">
    <p class='ocr_par' dir='ltr' id='par_1_81' title="bbox 220 5679 714 5727">
     <span class='ocr_line' id='line_1_81' title="bbox 220 5679 714 5727; baseline 0 -1"><span class='ocrx_word' id='word_1_596' title='bbox 220 5679 476 5727; x_wconf 52' lang='lat' dir='ltr'><strong>admodum</strong></span> <span class='ocrx_word' id='word_1_597' title='bbox 502 5679 714 5726; x_wconf 81' lang='lat' dir='ltr'><strong>vitiatus.</strong></span> 
     </span>
    </p>
   </div>
   <div class='ocr_carea' id='block_1_82' title="bbox 1937 3080 2169 3097">
    <p class='ocr_par' dir='ltr' id='par_1_82' title="bbox 1937 3080 2169 3097">
     <span class='ocr_line' id='line_1_82' title="bbox 1937 3080 2169 3097; baseline -0.004 1"><span class='ocrx_word' id='word_1_598' title='bbox 1937 3080 2169 3097; x_wconf 73' lang='lat'><strong>—-———</strong></span> 
     </span>
    </p>
   </div>
   <div class='ocr_carea' id='block_1_83' title="bbox 1889 3177 3467 3248">
    <p class='ocr_par' dir='ltr' id='par_1_83' title="bbox 1889 3177 3467 3248">
     <span class='ocr_line' id='line_1_83' title="bbox 1889 3177 3467 3248; baseline -0.001 -14"><span class='ocrx_word' id='word_1_599' title='bbox 1889 3179 2124 3234; x_wconf 87' lang='lat' dir='ltr'><strong>secundo</strong></span> <span class='ocrx_word' id='word_1_600' title='bbox 2149 3178 2286 3232; x_wconf 85' lang='lat' dir='ltr'><strong>dicta</strong></span> <span class='ocrx_word' id='word_1_601' title='bbox 2320 3191 2524 3248; x_wconf 88' lang='lat' dir='ltr'><strong>mensa,</strong></span> <span class='ocrx_word' id='word_1_602' title='bbox 2553 3177 2594 3230; x_wconf 91' lang='lat' dir='ltr'><strong>si</strong></span> <span class='ocrx_word' id='word_1_603' title='bbox 2625 3177 2926 3244; x_wconf 80' lang='lat' dir='ltr'><strong>inexplebili</strong></span> <span class='ocrx_word' id='word_1_604' title='bbox 2956 3178 3144 3234; x_wconf 90' lang='lat' dir='ltr'><strong>haustu</strong></span> <span class='ocrx_word' id='word_1_605' title='bbox 3172 3179 3284 3248; x_wconf 84' lang='lat' dir='ltr'><strong>ejus</strong></span> <span class='ocrx_word' id='word_1_606' title='bbox 3310 3193 3467 3233; x_wconf 84' lang='lat' dir='ltr'><strong>sensa</strong></span> 
     </span>
    </p>
   </div>
   <div class='ocr_carea' id='block_1_84' title="bbox 1888 3247 3470 3318">
    <p class='ocr_par' dir='ltr' id='par_1_84' title="bbox 1888 3247 3470 3318">
     <span class='ocr_line' id='line_1_84' title="bbox 1888 3247 3470 3318; baseline -0.001 -14"><span class='ocrx_word' id='word_1_607' title='bbox 1888 3250 2110 3304; x_wconf 80' lang='lat' dir='ltr'><strong>traxeris</strong></span> <span class='ocrx_word' id='word_1_608' title='bbox 2130 3256 2292 3311; x_wconf 86' lang='lat' dir='ltr'><strong>,recta</strong></span> <span class='ocrx_word' id='word_1_609' title='bbox 2323 3247 2404 3299; x_wconf 87' lang='lat' dir='ltr'><strong>via</strong></span> <span class='ocrx_word' id='word_1_610' title='bbox 2439 3263 2622 3315; x_wconf 86' lang='lat' dir='ltr'><strong>perges</strong></span> <span class='ocrx_word' id='word_1_611' title='bbox 2657 3248 2720 3301; x_wconf 91' lang='lat' dir='ltr'><strong>ad</strong></span> <span class='ocrx_word' id='word_1_612' title='bbox 2750 3249 3015 3312; x_wconf 86' lang='lat' dir='ltr'><strong>mandata,</strong></span> <span class='ocrx_word' id='word_1_613' title='bbox 3043 3266 3161 3318; x_wconf 70' lang='lat' dir='ltr'><strong>quae</strong></span> <span class='ocrx_word' id='word_1_614' title='bbox 3191 3247 3220 3302; x_wconf 86' lang='lat' dir='ltr'><strong>a</strong></span> <span class='ocrx_word' id='word_1_615' title='bbox 3249 3249 3470 3303; x_wconf 91' lang='lat' dir='ltr'><strong>Domino</strong></span> 
     </span>
    </p>
   </div>
   <div class='ocr_carea' id='block_1_85' title="bbox 1890 3318 3470 3388">
    <p class='ocr_par' dir='ltr' id='par_1_85' title="bbox 1890 3318 3470 3388">
     <span class='ocr_line' id='line_1_85' title="bbox 1890 3318 3470 3388; baseline 0.001 -17"><span class='ocrx_word' id='word_1_616' title='bbox 1890 3319 2138 3387; x_wconf 87' lang='lat' dir='ltr'><strong>accepisti</strong></span> <span class='ocrx_word' id='word_1_617' title='bbox 2165 3335 2178 3381; x_wconf 89' lang='lat'><strong>;</strong></span> <span class='ocrx_word' id='word_1_618' title='bbox 2211 3318 2596 3388; x_wconf 82' lang='lat' dir='ltr'><strong>mentisoculis</strong></span> <span class='ocrx_word' id='word_1_619' title='bbox 2622 3332 2703 3374; x_wconf 85' lang='lat' dir='ltr'><strong>ea.</strong></span> <span class='ocrx_word' id='word_1_620' title='bbox 2728 3334 2844 3386; x_wconf 68' lang='lat' dir='ltr'><strong>qua;</strong></span> <span class='ocrx_word' id='word_1_621' title='bbox 2867 3321 3100 3373; x_wconf 70' lang='lat' dir='ltr'><strong>materia:</strong></span> <span class='ocrx_word' id='word_1_622' title='bbox 3127 3328 3252 3372; x_wconf 90' lang='lat' dir='ltr'><strong>sunt</strong></span> <span class='ocrx_word' id='word_1_623' title='bbox 3279 3335 3470 3388; x_wconf 76' lang='lat' dir='ltr'><strong>exper—</strong></span> 
     </span>
    </p>
   </div>
   <div class='ocr_carea' id='block_1_86' title="bbox 1889 3386 3470 3453">
    <p class='ocr_par' dir='ltr' id='par_1_86' title="bbox 1889 3386 3470 3453">
     <span class='ocr_line' id='line_1_86' title="bbox 1889 3386 3470 3453; baseline 0 -10"><span class='ocrx_word' id='word_1_624' title='bbox 1889 3391 1981 3451; x_wconf 88' lang='lat' dir='ltr'><strong>tia,</strong></span> <span class='ocrx_word' id='word_1_625' title='bbox 2012 3386 2491 3453; x_wconf 82' lang='lat' dir='ltr'><strong>contemplaberis;</strong></span> <span class='ocrx_word' id='word_1_626' title='bbox 2519 3402 2583 3440; x_wconf 81' lang='lat' dir='ltr'><strong>ex</strong></span> <span class='ocrx_word' id='word_1_627' title='bbox 2616 3388 2800 3442; x_wconf 90' lang='lat' dir='ltr'><strong>intimo</strong></span> <span class='ocrx_word' id='word_1_628' title='bbox 2828 3389 3002 3443; x_wconf 87' lang='lat' dir='ltr'><strong>cordis</strong></span> <span class='ocrx_word' id='word_1_629' title='bbox 3026 3390 3096 3442; x_wconf 93' lang='lat' dir='ltr'><strong>tui</strong></span> <span class='ocrx_word' id='word_1_630' title='bbox 3141 3389 3274 3442; x_wconf 87' lang='lat' dir='ltr'><strong>bona</strong></span> <span class='ocrx_word' id='word_1_631' title='bbox 3307 3386 3470 3443; x_wconf 79' lang='lat' dir='ltr'><strong>verba</strong></span> 
     </span>
    </p>
   </div>
   <div class='ocr_carea' id='block_1_87' title="bbox 1887 3457 3474 3524">
    <p class='ocr_par' dir='ltr' id='par_1_87' title="bbox 1887 3457 3474 3524">
     <span class='ocr_line' id='line_1_87' title="bbox 1887 3457 3474 3524; baseline 0 -12"><span class='ocrx_word' id='word_1_632' title='bbox 1887 3459 2176 3517; x_wconf 81' lang='lat' dir='ltr'><strong>cructahis,</strong></span> <span class='ocrx_word' id='word_1_633' title='bbox 2209 3457 2494 3508; x_wconf 89' lang='lat' dir='ltr'><strong>secundum</strong></span> <span class='ocrx_word' id='word_1_634' title='bbox 2523 3457 2793 3524; x_wconf 56' lang='lat' dir='ltr'><strong>propheta).</strong></span> <span class='ocrx_word' id='word_1_635' title='bbox 2823 3458 3019 3511; x_wconf 83' lang='lat' dir='ltr'><strong>dictum</strong></span> <span class='ocrx_word' id='word_1_636' title='bbox 3053 3477 3064 3511; x_wconf 91' lang='lat'>:</span> <span class='ocrx_word' id='word_1_637' title='bbox 3094 3457 3350 3511; x_wconf 78' lang='lat' dir='ltr'><strong>Eructavit</strong></span> <span class='ocrx_word' id='word_1_638' title='bbox 3386 3475 3474 3512; x_wconf 88' lang='lat' dir='ltr'><strong>cor</strong></span> 
     </span>
    </p>
   </div>
   <div class='ocr_carea' id='block_1_88' title="bbox 1889 3525 3470 3596">
    <p class='ocr_par' dir='ltr' id='par_1_88' title="bbox 1889 3525 3470 3596">
     <span class='ocr_line' id='line_1_88' title="bbox 1889 3525 3470 3596; baseline 0.001 -17"><span class='ocrx_word' id='word_1_639' title='bbox 1889 3545 2055 3581; x_wconf 85' lang='lat' dir='ltr'><strong>meum</strong></span> <span class='ocrx_word' id='word_1_640' title='bbox 2080 3527 2279 3596; x_wconf 81' lang='lat' dir='ltr'><strong>verbum</strong></span> <span class='ocrx_word' id='word_1_641' title='bbox 2304 3525 2688 3596; x_wconf 15' lang='lat' dir='ltr'><strong>ibonuthsal.</strong></span> <span class='ocrx_word' id='word_1_642' title='bbox 2713 3527 2801 3579; x_wconf 70' lang='grc'><strong>44.</strong></span> <span class='ocrx_word' id='word_1_643' title='bbox 2824 3527 2882 3596; x_wconf 74' lang='lat'><strong>2)</strong></span> <span class='ocrx_word' id='word_1_644' title='bbox 2908 3547 2922 3594; x_wconf 84' lang='lat'>;</span> <span class='ocrx_word' id='word_1_645' title='bbox 2951 3528 3134 3581; x_wconf 88' lang='lat' dir='ltr'><strong>amicis</strong></span> <span class='ocrx_word' id='word_1_646' title='bbox 3157 3538 3347 3581; x_wconf 86' lang='lat' dir='ltr'><strong>ornatu</strong></span> <span class='ocrx_word' id='word_1_647' title='bbox 3377 3531 3470 3581; x_wconf 87' lang='lat' dir='ltr'><strong>de-</strong></span> 
     </span>
    </p>
   </div>
   <div class='ocr_carea' id='block_1_89' title="bbox 1890 3595 3466 3661">
    <p class='ocr_par' dir='ltr' id='par_1_89' title="bbox 1890 3595 3466 3661">
     <span class='ocr_line' id='line_1_89' title="bbox 1890 3595 3466 3661; baseline 0.001 -11"><span class='ocrx_word' id='word_1_648' title='bbox 1890 3597 2033 3650; x_wconf 89' lang='lat' dir='ltr'><strong>centi</strong></span> <span class='ocrx_word' id='word_1_649' title='bbox 2063 3595 2258 3658; x_wconf 87' lang='lat' dir='ltr'><strong>aderis,</strong></span> <span class='ocrx_word' id='word_1_650' title='bbox 2287 3595 2694 3661; x_wconf 88' lang='lat' dir='ltr'><strong>domesticisque</strong></span> <span class='ocrx_word' id='word_1_651' title='bbox 2724 3596 2884 3656; x_wconf 88' lang='lat' dir='ltr'><strong>utilis,</strong></span> <span class='ocrx_word' id='word_1_652' title='bbox 2918 3598 3057 3650; x_wconf 91' lang='lat' dir='ltr'><strong>mitis</strong></span> <span class='ocrx_word' id='word_1_653' title='bbox 3077 3607 3131 3651; x_wconf 91' lang='lat' dir='ltr'><strong>et</strong></span> <span class='ocrx_word' id='word_1_654' title='bbox 3157 3606 3466 3652; x_wconf 90' lang='lat' dir='ltr'><strong>mansuetus</strong></span> 
     </span>
    </p>
   </div>
   <div class='ocr_carea' id='block_1_90' title="bbox 1889 3663 3470 3733">
    <p class='ocr_par' dir='ltr' id='par_1_90' title="bbox 1889 3663 3470 3733">
     <span class='ocr_line' id='line_1_90' title="bbox 1889 3663 3470 3733; baseline -0.002 -12"><span class='ocrx_word' id='word_1_655' title='bbox 1889 3665 2106 3721; x_wconf 85' lang='lat' dir='ltr'><strong>evades.</strong></span> <span class='ocrx_word' id='word_1_656' title='bbox 2139 3663 2423 3717; x_wconf 82' lang='lat' dir='ltr'><strong>Videamus</strong></span> <span class='ocrx_word' id='word_1_657' title='bbox 2452 3678 2577 3732; x_wconf 87' lang='lat' dir='ltr'><strong>ergo</strong></span> <span class='ocrx_word' id='word_1_658' title='bbox 2608 3679 2726 3731; x_wconf 64' lang='lat' dir='ltr'><strong>qua:</strong></span> <span class='ocrx_word' id='word_1_659' title='bbox 2746 3666 3032 3733; x_wconf 85' lang='lat' dir='ltr'><strong>spiritualis</strong></span> <span class='ocrx_word' id='word_1_660' title='bbox 3062 3681 3260 3720; x_wconf 70' lang='lat' dir='ltr'><strong>mensae</strong></span> <span class='ocrx_word' id='word_1_661' title='bbox 3287 3667 3431 3721; x_wconf 89' lang='lat' dir='ltr'><strong>lucra</strong></span> <span class='ocrx_word' id='word_1_662' title='bbox 3455 3685 3470 3731; x_wconf 87' lang='lat'><strong>;</strong></span> 
     </span>
    </p>
   </div>
   <div class='ocr_carea' id='block_1_91' title="bbox 1891 3734 3471 3802">
    <p class='ocr_par' dir='ltr' id='par_1_91' title="bbox 1891 3734 3471 3802">
     <span class='ocr_line' id='line_1_91' title="bbox 1891 3734 3471 3802; baseline -0.001 -13"><span class='ocrx_word' id='word_1_663' title='bbox 1891 3736 2004 3802; x_wconf 85' lang='lat' dir='ltr'><strong>ejus</strong></span> <span class='ocrx_word' id='word_1_664' title='bbox 2037 3734 2229 3788; x_wconf 92' lang='lat' dir='ltr'><strong>decora</strong></span> <span class='ocrx_word' id='word_1_665' title='bbox 2261 3747 2415 3786; x_wconf 92' lang='lat' dir='ltr'><strong>sensa</strong></span> <span class='ocrx_word' id='word_1_666' title='bbox 2447 3734 2808 3801; x_wconf 80' lang='lat' dir='ltr'><strong>explicemus;</strong></span> <span class='ocrx_word' id='word_1_667' title='bbox 2859 3744 3089 3789; x_wconf 92' lang='lat' dir='ltr'><strong>mustum</strong></span> <span class='ocrx_word' id='word_1_668' title='bbox 3131 3751 3196 3788; x_wconf 83' lang='lat' dir='ltr'><strong>ex</strong></span> <span class='ocrx_word' id='word_1_669' title='bbox 3236 3736 3322 3789; x_wconf 91' lang='lat' dir='ltr'><strong>illa</strong></span> <span class='ocrx_word' id='word_1_670' title='bbox 3355 3751 3471 3790; x_wconf 84' lang='lat' dir='ltr'><strong>ma-</strong></span> 
     </span>
    </p>
   </div>
   <div class='ocr_carea' id='block_1_92' title="bbox 1893 3803 3476 3870">
    <p class='ocr_par' dir='ltr' id='par_1_92' title="bbox 1893 3803 3476 3870">
     <span class='ocr_line' id='line_1_92' title="bbox 1893 3803 3476 3870; baseline 0.001 -13"><span class='ocrx_word' id='word_1_671' title='bbox 1893 3819 2028 3858; x_wconf 89' lang='lat' dir='ltr'><strong>nans</strong></span> <span class='ocrx_word' id='word_1_672' title='bbox 2055 3803 2120 3857; x_wconf 93' lang='lat' dir='ltr'><strong>ad</strong></span> <span class='ocrx_word' id='word_1_673' title='bbox 2151 3803 2446 3856; x_wconf 82' lang='lat' dir='ltr'><strong>satietatem</strong></span> <span class='ocrx_word' id='word_1_674' title='bbox 2484 3819 2649 3869; x_wconf 89' lang='lat' dir='ltr'><strong>usque</strong></span> <span class='ocrx_word' id='word_1_675' title='bbox 2675 3803 3002 3859; x_wconf 90' lang='lat' dir='ltr'><strong>hauriamus.</strong></span> <span class='ocrx_word' id='word_1_676' title='bbox 3040 3805 3330 3860; x_wconf 87' lang='lat' dir='ltr'><strong>Audiamus</strong></span> <span class='ocrx_word' id='word_1_677' title='bbox 3359 3807 3476 3870; x_wconf 87' lang='lat' dir='ltr'><strong>ejus</strong></span> 
     </span>
    </p>
   </div>
   <div class='ocr_carea' id='block_1_93' title="bbox 1893 3873 3474 3945">
    <p class='ocr_par' dir='ltr' id='par_1_93' title="bbox 1893 3873 3474 3945">
     <span class='ocr_line' id='line_1_93' title="bbox 1893 3873 3474 3945; baseline -0.001 -19"><span class='ocrx_word' id='word_1_678' title='bbox 1893 3874 2121 3944; x_wconf 84' lang='lat' dir='ltr'><strong>hymnos</strong></span> <span class='ocrx_word' id='word_1_679' title='bbox 2141 3875 2416 3945; x_wconf 79' lang='lat' dir='ltr'><strong>etcantica</strong></span> <span class='ocrx_word' id='word_1_680' title='bbox 2444 3890 2456 3945; x_wconf 69' lang='grc' dir='ltr'>ξ</span> <span class='ocrx_word' id='word_1_681' title='bbox 2487 3873 2643 3940; x_wconf 90' lang='lat' dir='ltr'><strong>hujus</strong></span> <span class='ocrx_word' id='word_1_682' title='bbox 2664 3873 2891 3945; x_wconf 84' lang='lat' dir='ltr'><strong>hymnus</strong></span> <span class='ocrx_word' id='word_1_683' title='bbox 2915 3876 3186 3929; x_wconf 64' lang='lat' dir='ltr'><strong>daemonas</strong></span> <span class='ocrx_word' id='word_1_684' title='bbox 3209 3875 3474 3945; x_wconf 83' lang='lat' dir='ltr'><strong>proﬂigat,</strong></span> 
     </span>
    </p>
   </div>
   <div class='ocr_carea' id='block_1_94' title="bbox 1895 3944 3473 4013">
    <p class='ocr_par' dir='ltr' id='par_1_94' title="bbox 1895 3944 3473 4013">
     <span class='ocr_line' id='line_1_94' title="bbox 1895 3944 3473 4013; baseline 0.003 -18"><span class='ocrx_word' id='word_1_685' title='bbox 1895 3945 2050 4013; x_wconf 75' lang='lat' dir='ltr'><strong>hujus</strong></span> <span class='ocrx_word' id='word_1_686' title='bbox 2073 3944 2270 3996; x_wconf 78' lang='lat' dir='ltr'><strong>cantica</strong></span> <span class='ocrx_word' id='word_1_687' title='bbox 2297 3944 2584 4011; x_wconf 87' lang='lat' dir='ltr'><strong>principem</strong></span> <span class='ocrx_word' id='word_1_688' title='bbox 2610 3944 2945 3998; x_wconf 80' lang='lat' dir='ltr'><strong>tenebrarum</strong></span> <span class='ocrx_word' id='word_1_689' title='bbox 2972 3946 3022 3997; x_wconf 92' lang='lat' dir='ltr'><strong>in</strong></span> <span class='ocrx_word' id='word_1_690' title='bbox 3049 3945 3221 4013; x_wconf 79' lang='lat' dir='ltr'><strong>fugam</strong></span> <span class='ocrx_word' id='word_1_691' title='bbox 3243 3944 3473 4000; x_wconf 88' lang='lat' dir='ltr'><strong>vertunt.</strong></span> 
     </span>
    </p>
   </div>
   <div class='ocr_carea' id='block_1_95' title="bbox 1892 4011 3480 4084">
    <p class='ocr_par' dir='ltr' id='par_1_95' title="bbox 1892 4011 3480 4084">
     <span class='ocr_line' id='line_1_95' title="bbox 1892 4011 3480 4084; baseline 0.001 -19"><span class='ocrx_word' id='word_1_692' title='bbox 1892 4011 2304 4084; x_wconf 63' lang='lat' dir='ltr'><strong>Buccinenmsin</strong></span> <span class='ocrx_word' id='word_1_693' title='bbox 2329 4013 2587 4084; x_wconf 78' lang='lat' dir='ltr'><strong>neomenia</strong></span> <span class='ocrx_word' id='word_1_694' title='bbox 2616 4014 2754 4084; x_wconf 64' lang='lat' dir='ltr'><strong>tuba,</strong></span> <span class='ocrx_word' id='word_1_695' title='bbox 2787 4017 2837 4066; x_wconf 87' lang='lat' dir='ltr'><strong>in</strong></span> <span class='ocrx_word' id='word_1_696' title='bbox 2869 4016 3055 4084; x_wconf 78' lang='lat' dir='ltr'><strong>insigni</strong></span> <span class='ocrx_word' id='word_1_697' title='bbox 3080 4011 3160 4066; x_wconf 73' lang='lat' dir='ltr'><strong>die</strong></span> <span class='ocrx_word' id='word_1_698' title='bbox 3185 4015 3480 4068; x_wconf 78' lang='lat' dir='ltr'><strong>solemnita-</strong></span> 
     </span>
    </p>
   </div>
   <div class='ocr_carea' id='block_1_96' title="bbox 1893 4080 3480 4161">
    <p class='ocr_par' dir='ltr' id='par_1_96' title="bbox 1893 4080 3480 4161">
     <span class='ocr_line' id='line_1_96' title="bbox 1893 4080 3480 4161; baseline 0.004 -27"><span class='ocrx_word' id='word_1_699' title='bbox 1893 4084 1957 4136; x_wconf 80' lang='lat' dir='ltr'><strong>tis</strong></span> <span class='ocrx_word' id='word_1_700' title='bbox 1998 4091 2188 4161; x_wconf 43' lang='lat' dir='ltr'><strong>nostra}.</strong></span> <span class='ocrx_word' id='word_1_701' title='bbox 2225 4080 2409 4161; x_wconf 74' lang='lat' dir='ltr'><strong>(Psal.</strong></span> <span class='ocrx_word' id='word_1_702' title='bbox 2439 4082 2524 4136; x_wconf 87' lang='lat'><strong>80.</strong></span> <span class='ocrx_word' id='word_1_703' title='bbox 2695 4080 3184 4161; x_wconf 32' lang='lat' dir='ltr'><strong>Jejunium&#39;p‘rodiit</strong></span> <span class='ocrx_word' id='word_1_704' title='bbox 3220 4086 3480 4161; x_wconf 71' lang='lat' dir='ltr'><strong>apostolis</strong></span> 
     </span>
    </p>
   </div>
   <div class='ocr_carea' id='block_1_97' title="bbox 1893 4151 3474 4223">
    <p class='ocr_par' dir='ltr' id='par_1_97' title="bbox 1893 4151 3474 4223">
     <span class='ocr_line' id='line_1_97' title="bbox 1893 4151 3474 4223; baseline 0.002 -18"><span class='ocrx_word' id='word_1_705' title='bbox 1893 4153 2141 4223; x_wconf 85' lang='lat' dir='ltr'><strong>amabile,</strong></span> <span class='ocrx_word' id='word_1_706' title='bbox 2171 4151 2428 4218; x_wconf 89' lang='lat' dir='ltr'><strong>jejunium</strong></span> <span class='ocrx_word' id='word_1_707' title='bbox 2460 4151 2654 4218; x_wconf 91' lang='lat' dir='ltr'><strong>prodiit</strong></span> <span class='ocrx_word' id='word_1_708' title='bbox 2684 4163 2972 4223; x_wconf 87' lang='lat' dir='ltr'><strong>martyrum</strong></span> <span class='ocrx_word' id='word_1_709' title='bbox 2995 4151 3184 4218; x_wconf 86' lang='lat' dir='ltr'><strong>decor,</strong></span> <span class='ocrx_word' id='word_1_710' title='bbox 3215 4151 3474 4223; x_wconf 73' lang='lat' dir='ltr'><strong>jejunium</strong></span> 
     </span>
    </p>
   </div>
   <div class='ocr_carea' id='block_1_98' title="bbox 1897 4222 3478 4292">
    <p class='ocr_par' dir='ltr' id='par_1_98' title="bbox 1897 4222 3478 4292">
     <span class='ocr_line' id='line_1_98' title="bbox 1897 4222 3478 4292; baseline 0.002 -17"><span class='ocrx_word' id='word_1_711' title='bbox 1897 4222 2089 4291; x_wconf 87' lang='lat' dir='ltr'><strong>prodiit</strong></span> <span class='ocrx_word' id='word_1_712' title='bbox 2110 4224 2501 4292; x_wconf 86' lang='lat' dir='ltr'><strong>monachorum</strong></span> <span class='ocrx_word' id='word_1_713' title='bbox 2515 4223 2714 4274; x_wconf 90' lang='lat' dir='ltr'><strong>socium</strong></span> <span class='ocrx_word' id='word_1_714' title='bbox 2741 4224 2780 4287; x_wconf 78' lang='grc' dir='ltr'><strong>ί,</strong></span> <span class='ocrx_word' id='word_1_715' title='bbox 2801 4222 3058 4292; x_wconf 71' lang='lat' dir='ltr'><strong>jejunium</strong></span> <span class='ocrx_word' id='word_1_716' title='bbox 3083 4222 3300 4292; x_wconf 88' lang='lat' dir='ltr'><strong>prodiit,</strong></span> <span class='ocrx_word' id='word_1_717' title='bbox 3325 4228 3478 4292; x_wconf 89' lang='lat' dir='ltr'><strong>cujus</strong></span> 
     </span>
    </p>
   </div>
   <div class='ocr_carea' id='block_1_99' title="bbox 1898 4291 3476 4359">
    <p class='ocr_par' dir='ltr' id='par_1_99' title="bbox 1898 4291 3476 4359">
     <span class='ocr_line' id='line_1_99' title="bbox 1898 4291 3476 4359; baseline 0.004 -17"><span class='ocrx_word' id='word_1_718' title='bbox 1898 4294 2151 4343; x_wconf 85' lang='lat' dir='ltr'><strong>Dominus</strong></span> <span class='ocrx_word' id='word_1_719' title='bbox 2181 4291 2230 4342; x_wconf 93' lang='lat' dir='ltr'><strong>in</strong></span> <span class='ocrx_word' id='word_1_720' title='bbox 2259 4305 2418 4342; x_wconf 89' lang='lat' dir='ltr'><strong>carne</strong></span> <span class='ocrx_word' id='word_1_721' title='bbox 2457 4291 2802 4344; x_wconf 86' lang='lat' dir='ltr'><strong>obambulans</strong></span> <span class='ocrx_word' id='word_1_722' title='bbox 2832 4291 2972 4359; x_wconf 88' lang='lat' dir='ltr'><strong>leges</strong></span> <span class='ocrx_word' id='word_1_723' title='bbox 2999 4291 3247 4346; x_wconf 86' lang='lat' dir='ltr'><strong>servavit.</strong></span> <span class='ocrx_word' id='word_1_724' title='bbox 3286 4295 3342 4348; x_wconf 83' lang='lat' dir='ltr'><strong>Si</strong></span> <span class='ocrx_word' id='word_1_725' title='bbox 3374 4291 3476 4358; x_wconf 84' lang='lat' dir='ltr'><strong>vis,</strong></span> 
     </span>
    </p>
   </div>
   <div class='ocr_carea' id='block_1_100' title="bbox 1894 4360 3479 4429">
    <p class='ocr_par' dir='ltr' id='par_1_100' title="bbox 1894 4360 3479 4429">
     <span class='ocr_line' id='line_1_100' title="bbox 1894 4360 3479 4429; baseline 0.003 -17"><span class='ocrx_word' id='word_1_726' title='bbox 1894 4360 2108 4421; x_wconf 88' lang='lat' dir='ltr'><strong>dilecte,</strong></span> <span class='ocrx_word' id='word_1_727' title='bbox 2133 4360 2246 4425; x_wconf 74' lang='lat' dir='ltr'><strong>ejus</strong></span> <span class='ocrx_word' id='word_1_728' title='bbox 2271 4361 2522 4429; x_wconf 78' lang='lat' dir='ltr'><strong>praeclara</strong></span> <span class='ocrx_word' id='word_1_729' title='bbox 2553 4371 2698 4428; x_wconf 89' lang='lat' dir='ltr'><strong>gesta</strong></span> <span class='ocrx_word' id='word_1_730' title='bbox 2725 4361 2867 4413; x_wconf 91' lang='lat' dir='ltr'><strong>audi.</strong></span> <span class='ocrx_word' id='word_1_731' title='bbox 2893 4361 3043 4426; x_wconf 80' lang='lat' dir='ltr'><strong>Quod</strong></span> <span class='ocrx_word' id='word_1_732' title='bbox 3072 4362 3331 4429; x_wconf 91' lang='lat' dir='ltr'><strong>jejunium</strong></span> <span class='ocrx_word' id='word_1_733' title='bbox 3358 4378 3479 4416; x_wconf 91' lang='lat' dir='ltr'><strong>cum</strong></span> 
     </span>
    </p>
   </div>
   <div class='ocr_carea' id='block_1_101' title="bbox 1897 4428 3480 4501">
    <p class='ocr_par' dir='ltr' id='par_1_101' title="bbox 1897 4428 3480 4501">
     <span class='ocr_line' id='line_1_101' title="bbox 1897 4428 3480 4501; baseline 0.001 -19"><span class='ocrx_word' id='word_1_734' title='bbox 1897 4445 2002 4501; x_wconf 87' lang='lat' dir='ltr'><strong>non</strong></span> <span class='ocrx_word' id='word_1_735' title='bbox 2033 4441 2302 4501; x_wconf 79' lang='lat' dir='ltr'><strong>servasset</strong></span> <span class='ocrx_word' id='word_1_736' title='bbox 2323 4428 2514 4501; x_wconf 70' lang='lat' dir='ltr'><strong>Adam,</strong></span> <span class='ocrx_word' id='word_1_737' title='bbox 2541 4445 2602 4480; x_wconf 78' lang='lat' dir='ltr'><strong>ex</strong></span> <span class='ocrx_word' id='word_1_738' title='bbox 2638 4431 2882 4497; x_wconf 86' lang='lat' dir='ltr'><strong>paradiso</strong></span> <span class='ocrx_word' id='word_1_739' title='bbox 2909 4428 3112 4498; x_wconf 85' lang='lat' dir='ltr'><strong>pulsus,</strong></span> <span class='ocrx_word' id='word_1_740' title='bbox 3144 4442 3337 4484; x_wconf 88' lang='lat' dir='ltr'><strong>terram</strong></span> <span class='ocrx_word' id='word_1_741' title='bbox 3372 4434 3480 4501; x_wconf 84' lang='lat' dir='ltr'><strong>spi-</strong></span> 
     </span>
    </p>
   </div>
   <div class='ocr_carea' id='block_1_102' title="bbox 1901 4497 3481 4569">
    <p class='ocr_par' dir='ltr' id='par_1_102' title="bbox 1901 4497 3481 4569">
     <span class='ocr_line' id='line_1_102' title="bbox 1901 4497 3481 4569; baseline 0.003 -20"><span class='ocrx_word' id='word_1_742' title='bbox 1901 4499 1982 4549; x_wconf 92' lang='lat' dir='ltr'><strong>nis</strong></span> <span class='ocrx_word' id='word_1_743' title='bbox 2011 4497 2234 4550; x_wconf 83' lang='lat' dir='ltr'><strong>obsitam</strong></span> <span class='ocrx_word' id='word_1_744' title='bbox 2277 4497 2453 4569; x_wconf 85' lang='lat' dir='ltr'><strong>colere</strong></span> <span class='ocrx_word' id='word_1_745' title='bbox 2499 4497 2675 4569; x_wconf 83' lang='lat' dir='ltr'><strong>jussus</strong></span> <span class='ocrx_word' id='word_1_746' title='bbox 2718 4509 2818 4554; x_wconf 91' lang='lat' dir='ltr'><strong>est.</strong></span> <span class='ocrx_word' id='word_1_747' title='bbox 2866 4497 3015 4567; x_wconf 87' lang='lat' dir='ltr'><strong>Quod</strong></span> <span class='ocrx_word' id='word_1_748' title='bbox 3055 4501 3314 4569; x_wconf 88' lang='lat' dir='ltr'><strong>jejunium</strong></span> <span class='ocrx_word' id='word_1_749' title='bbox 3360 4497 3481 4555; x_wconf 80' lang='lat' dir='ltr'><strong>eum</strong></span> 
     </span>
    </p>
   </div>
   <div class='ocr_carea' id='block_1_103' title="bbox 1898 4567 3480 4637">
    <p class='ocr_par' dir='ltr' id='par_1_103' title="bbox 1898 4567 3480 4637">
     <span class='ocr_line' id='line_1_103' title="bbox 1898 4567 3480 4637; baseline 0.003 -18"><span class='ocrx_word' id='word_1_750' title='bbox 1898 4582 2003 4637; x_wconf 89' lang='lat' dir='ltr'><strong>non</strong></span> <span class='ocrx_word' id='word_1_751' title='bbox 2031 4576 2334 4620; x_wconf 89' lang='lat' dir='ltr'><strong>servassent</strong></span> <span class='ocrx_word' id='word_1_752' title='bbox 2356 4567 2406 4629; x_wconf 90' lang='lat' dir='ltr'><strong>ii,</strong></span> <span class='ocrx_word' id='word_1_753' title='bbox 2435 4570 2519 4634; x_wconf 89' lang='lat' dir='ltr'><strong>qui</strong></span> <span class='ocrx_word' id='word_1_754' title='bbox 2561 4568 2674 4621; x_wconf 86' lang='lat' dir='ltr'><strong>Noe</strong></span> <span class='ocrx_word' id='word_1_755' title='bbox 2699 4578 2934 4637; x_wconf 89' lang='lat' dir='ltr'><strong>tempore</strong></span> <span class='ocrx_word' id='word_1_756' title='bbox 2959 4567 3219 4633; x_wconf 80' lang='lat' dir='ltr'><strong>vixerunt,</strong></span> <span class='ocrx_word' id='word_1_757' title='bbox 3245 4570 3480 4624; x_wconf 86' lang='lat' dir='ltr'><strong>divinam</strong></span> 
     </span>
    </p>
   </div>
   <div class='ocr_carea' id='block_1_104' title="bbox 1899 4636 3483 4709">
    <p class='ocr_par' dir='ltr' id='par_1_104' title="bbox 1899 4636 3483 4709">
     <span class='ocr_line' id='line_1_104' title="bbox 1899 4636 3483 4709; baseline 0.004 -20"><span class='ocrx_word' id='word_1_758' title='bbox 1899 4636 2323 4709; x_wconf 71' lang='lat' dir='ltr'><strong>indignationem</strong></span> <span class='ocrx_word' id='word_1_759' title='bbox 2367 4639 2567 4709; x_wconf 80' lang='lat' dir='ltr'><strong>experti</strong></span> <span class='ocrx_word' id='word_1_760' title='bbox 2619 4649 2778 4709; x_wconf 87' lang='lat' dir='ltr'><strong>sunt,</strong></span> <span class='ocrx_word' id='word_1_761' title='bbox 2815 4636 3118 4709; x_wconf 38' lang='lat' dir='ltr'><strong>&#39;diluviique</strong></span> <span class='ocrx_word' id='word_1_762' title='bbox 3163 4641 3483 4696; x_wconf 81' lang='lat' dir='ltr'><strong>universalis</strong></span> 
     </span>
    </p>
   </div>
   <div class='ocr_carea' id='block_1_105' title="bbox 1900 4706 3484 4775">
    <p class='ocr_par' dir='ltr' id='par_1_105' title="bbox 1900 4706 3484 4775">
     <span class='ocr_line' id='line_1_105' title="bbox 1900 4706 3484 4775; baseline 0.004 -17"><span class='ocrx_word' id='word_1_763' title='bbox 1900 4706 2186 4759; x_wconf 90' lang='lat' dir='ltr'><strong>vindictam</strong></span> <span class='ocrx_word' id='word_1_764' title='bbox 2212 4707 2504 4758; x_wconf 88' lang='lat' dir='ltr'><strong>subierunt.</strong></span> <span class='ocrx_word' id='word_1_765' title='bbox 2531 4707 2679 4774; x_wconf 85' lang='lat' dir='ltr'><strong>Quod</strong></span> <span class='ocrx_word' id='word_1_766' title='bbox 2700 4707 2957 4775; x_wconf 90' lang='lat' dir='ltr'><strong>jejunium</strong></span> <span class='ocrx_word' id='word_1_767' title='bbox 2980 4706 3098 4763; x_wconf 78' lang='lat' dir='ltr'><strong>eum</strong></span> <span class='ocrx_word' id='word_1_768' title='bbox 3126 4712 3329 4764; x_wconf 90' lang='lat' dir='ltr'><strong>tantillo</strong></span> <span class='ocrx_word' id='word_1_769' title='bbox 3357 4721 3484 4765; x_wconf 83' lang='lat' dir='ltr'><strong>tem-</strong></span> 
     </span>
    </p>
   </div>
   <div class='ocr_carea' id='block_1_106' title="bbox 1903 4776 3482 4848">
    <p class='ocr_par' dir='ltr' id='par_1_106' title="bbox 1903 4776 3482 4848">
     <span class='ocr_line' id='line_1_106' title="bbox 1903 4776 3482 4848; baseline 0.003 -20"><span class='ocrx_word' id='word_1_770' title='bbox 1903 4791 2029 4848; x_wconf 81' lang='lat' dir='ltr'><strong>pore</strong></span> <span class='ocrx_word' id='word_1_771' title='bbox 2058 4776 2376 4848; x_wconf 76' lang='lat' dir='ltr'><strong>neglexisset</strong></span> <span class='ocrx_word' id='word_1_772' title='bbox 2403 4776 2514 4848; x_wconf 81' lang='lat' dir='ltr'><strong>Noe</strong></span> <span class='ocrx_word' id='word_1_773' title='bbox 2535 4819 2548 4841; x_wconf 93' lang='lat'><strong>,</strong></span> <span class='ocrx_word' id='word_1_774' title='bbox 2577 4779 2724 4848; x_wconf 82' lang='lat' dir='ltr'><strong>quasi</strong></span> <span class='ocrx_word' id='word_1_775' title='bbox 2760 4780 2808 4830; x_wconf 93' lang='lat' dir='ltr'><strong>in</strong></span> <span class='ocrx_word' id='word_1_776' title='bbox 2841 4779 3107 4848; x_wconf 89' lang='lat' dir='ltr'><strong>triumpho</strong></span> <span class='ocrx_word' id='word_1_777' title='bbox 3133 4780 3323 4833; x_wconf 89' lang='lat' dir='ltr'><strong>ductus</strong></span> <span class='ocrx_word' id='word_1_778' title='bbox 3362 4782 3482 4834; x_wconf 91' lang='lat' dir='ltr'><strong>liliis</strong></span> 
     </span>
    </p>
   </div>
   <div class='ocr_carea' id='block_1_107' title="bbox 1900 4846 3484 4917">
    <p class='ocr_par' dir='ltr' id='par_1_107' title="bbox 1900 4846 3484 4917">
     <span class='ocr_line' id='line_1_107' title="bbox 1900 4846 3484 4917; baseline 0.004 -19"><span class='ocrx_word' id='word_1_779' title='bbox 1900 4846 2215 4917; x_wconf 66' lang='lat' dir='ltr'><strong>suis_nudus</strong></span> <span class='ocrx_word' id='word_1_780' title='bbox 2245 4847 2519 4913; x_wconf 70' lang='lat' dir='ltr'><strong>expositus</strong></span> <span class='ocrx_word' id='word_1_781' title='bbox 2545 4856 2643 4899; x_wconf 81' lang='lat' dir='ltr'><strong>est.</strong></span> <span class='ocrx_word' id='word_1_782' title='bbox 2674 4847 2824 4912; x_wconf 87' lang='lat' dir='ltr'><strong>Quod</strong></span> <span class='ocrx_word' id='word_1_783' title='bbox 2849 4846 3109 4917; x_wconf 80' lang='lat' dir='ltr'><strong>jejunium</strong></span> <span class='ocrx_word' id='word_1_784' title='bbox 3139 4866 3260 4904; x_wconf 90' lang='lat' dir='ltr'><strong>cum</strong></span> <span class='ocrx_word' id='word_1_785' title='bbox 3289 4852 3484 4905; x_wconf 81' lang='lat' dir='ltr'><strong>violas-</strong></span> 
     </span>
    </p>
   </div>
   <div class='ocr_carea' id='block_1_108' title="bbox 1901 4915 3483 4990">
    <p class='ocr_par' dir='ltr' id='par_1_108' title="bbox 1901 4915 3483 4990">
     <span class='ocr_line' id='line_1_108' title="bbox 1901 4915 3483 4990; baseline 0.005 -22"><span class='ocrx_word' id='word_1_786' title='bbox 1901 4923 1983 4968; x_wconf 90' lang='lat' dir='ltr'><strong>set</strong></span> <span class='ocrx_word' id='word_1_787' title='bbox 2015 4915 2155 4969; x_wconf 76' lang='lat' dir='ltr'><strong>Esau</strong></span> <span class='ocrx_word' id='word_1_788' title='bbox 2180 4954 2193 4978; x_wconf 93' lang='lat'><strong>,</strong></span> <span class='ocrx_word' id='word_1_789' title='bbox 2239 4917 2674 4990; x_wconf 60' lang='lat' dir='ltr'><strong>primogeniturm</strong></span> <span class='ocrx_word' id='word_1_790' title='bbox 2714 4915 2968 4972; x_wconf 85' lang='lat' dir='ltr'><strong>honorem</strong></span> <span class='ocrx_word' id='word_1_791' title='bbox 3013 4919 3223 4985; x_wconf 91' lang='lat' dir='ltr'><strong>amisit,</strong></span> <span class='ocrx_word' id='word_1_792' title='bbox 3266 4930 3423 4990; x_wconf 90' lang='lat' dir='ltr'><strong>atque</strong></span> <span class='ocrx_word' id='word_1_793' title='bbox 3451 4936 3483 4976; x_wconf 86' lang='lat' dir='ltr'><strong>a</strong></span> 
     </span>
    </p>
   </div>
   <div class='ocr_carea' id='block_1_109' title="bbox 1902 4986 3484 5057">
    <p class='ocr_par' dir='ltr' id='par_1_109' title="bbox 1902 4986 3484 5057">
     <span class='ocr_line' id='line_1_109' title="bbox 1902 4986 3484 5057; baseline 0.005 -22"><span class='ocrx_word' id='word_1_794' title='bbox 1902 4993 2122 5057; x_wconf 82' lang='lat' dir='ltr'><strong>paterna</strong></span> <span class='ocrx_word' id='word_1_795' title='bbox 2148 4986 2388 5057; x_wconf 83' lang='lat' dir='ltr'><strong>oratione</strong></span> <span class='ocrx_word' id='word_1_796' title='bbox 2416 4987 2886 5056; x_wconf 86' lang='lat' dir='ltr'><strong>benedictioneque</strong></span> <span class='ocrx_word' id='word_1_797' title='bbox 2906 4990 3108 5043; x_wconf 85' lang='lat' dir='ltr'><strong>alienus</strong></span> <span class='ocrx_word' id='word_1_798' title='bbox 3133 4990 3248 5045; x_wconf 78' lang='lat' dir='ltr'><strong>fuit.</strong></span> <span class='ocrx_word' id='word_1_799' title='bbox 3273 4986 3484 5057; x_wconf 84' lang='lat' dir='ltr'><strong>Jejunio</strong></span> 
     </span>
    </p>
   </div>
   <div class='ocr_carea' id='block_1_110' title="bbox 1905 5054 3485 5133">
    <p class='ocr_par' dir='ltr' id='par_1_110' title="bbox 1905 5054 3485 5133">
     <span class='ocr_line' id='line_1_110' title="bbox 1905 5054 3485 5133; baseline 0.005 -28"><span class='ocrx_word' id='word_1_800' title='bbox 1905 5054 2147 5133; x_wconf 79' lang='lat' dir='ltr'><strong>neglecto</strong></span> <span class='ocrx_word' id='word_1_801' title='bbox 2193 5054 2446 5133; x_wconf 64' lang='lat' dir='ltr'><strong>Israelita:</strong></span> <span class='ocrx_word' id='word_1_802' title='bbox 2469 5095 2484 5121; x_wconf 88' lang='lat'><strong>,</strong></span> <span class='ocrx_word' id='word_1_803' title='bbox 2511 5070 2544 5133; x_wconf 86' lang='lat' dir='ltr'><strong>_a</strong></span> <span class='ocrx_word' id='word_1_804' title='bbox 2575 5054 2873 5133; x_wconf 63' lang='lat' dir='ltr'><strong>caelestibus</strong></span> <span class='ocrx_word' id='word_1_805' title='bbox 2917 5059 3120 5133; x_wconf 78' lang='lat' dir='ltr'><strong>deliciis</strong></span> <span class='ocrx_word' id='word_1_806' title='bbox 3163 5069 3288 5133; x_wconf 85' lang='lat' dir='ltr'><strong>et_a</strong></span> <span class='ocrx_word' id='word_1_807' title='bbox 3317 5054 3485 5133; x_wconf 73' lang='lat' dir='ltr'><strong>gratia</strong></span> 
     </span>
    </p>
   </div>
   <div class='ocr_carea' id='block_1_111' title="bbox 1904 5123 3482 5205">
    <p class='ocr_par' dir='ltr' id='par_1_111' title="bbox 1904 5123 3482 5205">
     <span class='ocr_line' id='line_1_111' title="bbox 1904 5123 3482 5205; baseline 0.003 -29"><span class='ocrx_word' id='word_1_808' title='bbox 1904 5123 2085 5205; x_wconf 40' lang='lat' dir='ltr'><strong>divina.</strong></span> <span class='ocrx_word' id='word_1_809' title='bbox 2125 5123 2460 5202; x_wconf 53' lang='lat' dir='ltr'><strong>erciderunt.</strong></span> <span class='ocrx_word' id='word_1_810' title='bbox 2503 5125 2620 5205; x_wconf 54' lang='lat' dir='ltr'><strong>iam</strong></span> <span class='ocrx_word' id='word_1_811' title='bbox 2650 5127 2876 5205; x_wconf 84' lang='lat' dir='ltr'><strong>didicisti</strong></span> <span class='ocrx_word' id='word_1_812' title='bbox 2925 5129 3048 5205; x_wconf 79' lang='lat' dir='ltr'><strong>quid</strong></span> <span class='ocrx_word' id='word_1_813' title='bbox 3101 5130 3242 5198; x_wconf 82' lang='lat' dir='ltr'><strong>passi</strong></span> <span class='ocrx_word' id='word_1_814' title='bbox 3291 5123 3402 5205; x_wconf 73' lang='lat' dir='ltr'><strong>sint</strong></span> <span class='ocrx_word' id='word_1_815' title='bbox 3426 5131 3482 5195; x_wconf 89' lang='lat' dir='ltr'><strong>ii,</strong></span> 
     </span>
    </p>
   </div>
   <div class='ocr_carea' id='block_1_112' title="bbox 1905 5196 3488 5272">
    <p class='ocr_par' dir='ltr' id='par_1_112' title="bbox 1905 5196 3488 5272">
     <span class='ocr_line' id='line_1_112' title="bbox 1905 5196 3488 5272; baseline 0.006 -28"><span class='ocrx_word' id='word_1_816' title='bbox 1905 5196 1991 5261; x_wconf 90' lang='lat' dir='ltr'><strong>qui</strong></span> <span class='ocrx_word' id='word_1_817' title='bbox 2014 5196 2275 5272; x_wconf 82' lang='lat' dir='ltr'><strong>jejunium</strong></span> <span class='ocrx_word' id='word_1_818' title='bbox 2305 5210 2410 5246; x_wconf 92' lang='lat' dir='ltr'><strong>non</strong></span> <span class='ocrx_word' id='word_1_819' title='bbox 2441 5196 2757 5272; x_wconf 81' lang='lat' dir='ltr'><strong>coluerunt;</strong></span> <span class='ocrx_word' id='word_1_820' title='bbox 2788 5199 2894 5272; x_wconf 83' lang='lat' dir='ltr'><strong>jam</strong></span> <span class='ocrx_word' id='word_1_821' title='bbox 2935 5196 3079 5272; x_wconf 78' lang='lat' dir='ltr'><strong>disce</strong></span> <span class='ocrx_word' id='word_1_822' title='bbox 3103 5196 3361 5272; x_wconf 81' lang='lat' dir='ltr'><strong>quantum</strong></span> <span class='ocrx_word' id='word_1_823' title='bbox 3381 5201 3488 5272; x_wconf 83' lang='lat' dir='ltr'><strong>ho-</strong></span> 
     </span>
    </p>
   </div>
   <div class='ocr_carea' id='block_1_113' title="bbox 1908 5265 3485 5338">
    <p class='ocr_par' dir='ltr' id='par_1_113' title="bbox 1908 5265 3485 5338">
     <span class='ocr_line' id='line_1_113' title="bbox 1908 5265 3485 5338; baseline 0.006 -24"><span class='ocrx_word' id='word_1_824' title='bbox 1908 5266 2075 5326; x_wconf 90' lang='lat' dir='ltr'><strong>noris,</strong></span> <span class='ocrx_word' id='word_1_825' title='bbox 2099 5273 2353 5338; x_wconf 77' lang='lat' dir='ltr'><strong>quantum</strong></span> <span class='ocrx_word' id='word_1_826' title='bbox 2375 5265 2557 5338; x_wconf 65' lang='lat' dir='ltr'><strong>gratiae</strong></span> <span class='ocrx_word' id='word_1_827' title='bbox 2578 5269 2888 5338; x_wconf 85' lang='lat' dir='ltr'><strong>consequuti</strong></span> <span class='ocrx_word' id='word_1_828' title='bbox 2913 5269 3013 5320; x_wconf 89' lang='lat' dir='ltr'><strong>sint</strong></span> <span class='ocrx_word' id='word_1_829' title='bbox 3040 5270 3093 5331; x_wconf 88' lang='lat' dir='ltr'><strong>ii,</strong></span> <span class='ocrx_word' id='word_1_830' title='bbox 3117 5265 3206 5337; x_wconf 81' lang='lat' dir='ltr'><strong>qui</strong></span> <span class='ocrx_word' id='word_1_831' title='bbox 3224 5270 3485 5338; x_wconf 86' lang='lat' dir='ltr'><strong>jejunium</strong></span> 
     </span>
    </p>
   </div>
   <div class='ocr_carea' id='block_1_114' title="bbox 1907 5333 3491 5409">
    <p class='ocr_par' dir='ltr' id='par_1_114' title="bbox 1907 5333 3491 5409">
     <span class='ocr_line' id='line_1_114' title="bbox 1907 5333 3491 5409; baseline 0.007 -25"><span class='ocrx_word' id='word_1_832' title='bbox 1907 5341 2205 5385; x_wconf 86' lang='lat' dir='ltr'><strong>servarunt.</strong></span> <span class='ocrx_word' id='word_1_833' title='bbox 2244 5333 2437 5401; x_wconf 82' lang='lat' dir='ltr'><strong>Jejunii</strong></span> <span class='ocrx_word' id='word_1_834' title='bbox 2476 5337 2739 5390; x_wconf 90' lang='lat' dir='ltr'><strong>custodito</strong></span> <span class='ocrx_word' id='word_1_835' title='bbox 2762 5333 2937 5390; x_wconf 51' lang='lat' dir='ltr'><strong>&#39;l‘ructu</strong></span> <span class='ocrx_word' id='word_1_836' title='bbox 2966 5333 3173 5408; x_wconf 81' lang='lat' dir='ltr'><strong>Moyses</strong></span> <span class='ocrx_word' id='word_1_837' title='bbox 3202 5333 3369 5409; x_wconf 75' lang='lat' dir='ltr'><strong>legem</strong></span> <span class='ocrx_word' id='word_1_838' title='bbox 3401 5355 3491 5395; x_wconf 60' lang='lat' dir='ltr'><strong>ac.</strong></span> 
     </span>
    </p>
   </div>
   <div class='ocr_carea' id='block_1_115' title="bbox 1975 5444 3484 5517">
    <p class='ocr_par' dir='ltr' id='par_1_115' title="bbox 1975 5444 3484 5517">
     <span class='ocr_line' id='line_1_115' title="bbox 1975 5444 3484 5517; baseline 0.007 -26"><span class='ocrx_word' id='word_1_839' title='bbox 1975 5445 1992 5476; x_wconf 84' lang='grc'>¹</span> <span class='ocrx_word' id='word_1_840' title='bbox 2029 5444 2411 5517; x_wconf 57' lang='lat' dir='ltr'><strong>dpudsavilium</strong></span> <span class='ocrx_word' id='word_1_841' title='bbox 2444 5454 2552 5517; x_wconf 79' lang='lat' dir='ltr'><strong>post</strong></span> <span class='ocrx_word' id='word_1_842' title='bbox 2575 5449 2741 5506; x_wconf 75' lang='lat' dir='ltr'><strong>verba,</strong></span> <span class='ocrx_word' id='word_1_843' title='bbox 2759 5448 3072 5517; x_wconf 65' lang='lat' dir='ltr'><strong>solemnitatis</strong></span> <span class='ocrx_word' id='word_1_844' title='bbox 3089 5458 3286 5517; x_wconf 69' lang='lat' dir='ltr'><strong>nostraz,</strong></span> <span class='ocrx_word' id='word_1_845' title='bbox 3307 5453 3386 5502; x_wconf 92' lang='lat' dir='ltr'><strong>hic</strong></span> <span class='ocrx_word' id='word_1_846' title='bbox 3411 5453 3484 5517; x_wconf 78' lang='lat' dir='ltr'><strong>lo-</strong></span> 
     </span>
    </p>
   </div>
   <div class='ocr_carea' id='block_1_116' title="bbox 1911 5507 3490 5575">
    <p class='ocr_par' dir='ltr' id='par_1_116' title="bbox 1911 5507 3490 5575">
     <span class='ocr_line' id='line_1_116' title="bbox 1911 5507 3490 5575; baseline 0.008 -23"><span class='ocrx_word' id='word_1_847' title='bbox 1911 5509 2088 5575; x_wconf 81' lang='lat' dir='ltr'><strong>eus_sie</strong></span> <span class='ocrx_word' id='word_1_848' title='bbox 2113 5507 2316 5575; x_wconf 75' lang='lat' dir='ltr'><strong>habetur</strong></span> <span class='ocrx_word' id='word_1_849' title='bbox 2343 5521 2354 5553; x_wconf 91' lang='lat'>:</span> <span class='ocrx_word' id='word_1_850' title='bbox 2380 5507 2624 5575; x_wconf 70' lang='lat' dir='ltr'><strong>Jejunium</strong></span> <span class='ocrx_word' id='word_1_851' title='bbox 2648 5509 2824 5570; x_wconf 82' lang='lat' dir='ltr'><strong>prodiit</strong></span> <span class='ocrx_word' id='word_1_852' title='bbox 2867 5512 3143 5575; x_wconf 71' lang='lat' dir='ltr'><strong>angelorum</strong></span> <span class='ocrx_word' id='word_1_853' title='bbox 3187 5507 3398 5573; x_wconf 84' lang='lat' dir='ltr'><strong>socium;</strong></span> <span class='ocrx_word' id='word_1_854' title='bbox 3412 5515 3490 5575; x_wconf 85' lang='lat' dir='ltr'><strong>je-</strong></span> 
     </span>
    </p>
   </div>
   <div class='ocr_carea' id='block_1_117' title="bbox 1904 5567 3493 5637">
    <p class='ocr_par' dir='ltr' id='par_1_117' title="bbox 1904 5567 3493 5637">
     <span class='ocr_line' id='line_1_117' title="bbox 1904 5567 3493 5637; baseline 0.008 -23"><span class='ocrx_word' id='word_1_855' title='bbox 1904 5567 2099 5626; x_wconf 84' lang='lat' dir='ltr'><strong>junium</strong></span> <span class='ocrx_word' id='word_1_856' title='bbox 2117 5567 2658 5637; x_wconf 57' lang='lat' dir='ltr'><strong>prodiitprophetarum</strong></span> <span class='ocrx_word' id='word_1_857' title='bbox 2673 5578 2848 5637; x_wconf 34' lang='lat' dir='ltr'><strong>“mater</strong></span> <span class='ocrx_word' id='word_1_858' title='bbox 2864 5585 2882 5631; x_wconf 90' lang='lat'><strong><em>;</em></strong></span> <span class='ocrx_word' id='word_1_859' title='bbox 2897 5567 3137 5637; x_wconf 72' lang='lat' dir='ltr'><strong>jeimtium</strong></span> <span class='ocrx_word' id='word_1_860' title='bbox 3155 5575 3330 5637; x_wconf 70' lang='lat' dir='ltr'><strong>prodiit</strong></span> <span class='ocrx_word' id='word_1_861' title='bbox 3367 5567 3493 5637; x_wconf 66' lang='lat' dir='ltr'><strong>miu-</strong></span> 
     </span>
    </p>
   </div>
   <div class='ocr_carea' id='block_1_118' title="bbox 1916 5629 3492 5702">
    <p class='ocr_par' dir='ltr' id='par_1_118' title="bbox 1916 5629 3492 5702">
     <span class='ocr_line' id='line_1_118' title="bbox 1916 5629 3492 5702; baseline 0.008 -27"><span class='ocrx_word' id='word_1_862' title='bbox 1916 5629 2235 5702; x_wconf 31' lang='lat' dir='ltr'><strong>tyru‘m‘decor</strong></span> <span class='ocrx_word' id='word_1_863' title='bbox 2251 5641 2267 5686; x_wconf 86' lang='lat'><em>;</em></span> <span class='ocrx_word' id='word_1_864' title='bbox 2284 5629 2522 5702; x_wconf 67' lang='lat' dir='ltr'><strong>jcium&#39;um</strong></span> <span class='ocrx_word' id='word_1_865' title='bbox 2559 5629 2985 5702; x_wconf 65' lang='lat' dir='ltr'><strong>prodiittustorum</strong></span> <span class='ocrx_word' id='word_1_866' title='bbox 3001 5629 3216 5702; x_wconf 75' lang='lat' dir='ltr'><strong>gloriatio</strong></span> <span class='ocrx_word' id='word_1_867' title='bbox 3230 5635 3492 5702; x_wconf 66' lang='lat' dir='ltr'><strong>,‘jcjwium</strong></span> 
     </span>
    </p>
   </div>
   <div class='ocr_carea' id='block_1_119' title="bbox 1912 5689 3285 5754">
    <p class='ocr_par' dir='ltr' id='par_1_119' title="bbox 1912 5689 3285 5754">
     <span class='ocr_line' id='line_1_119' title="bbox 1912 5689 3285 5754; baseline 0.009 -16"><span class='ocrx_word' id='word_1_868' title='bbox 1912 5689 2093 5750; x_wconf 82' lang='lat' dir='ltr'><strong>prodiit</strong></span> <span class='ocrx_word' id='word_1_869' title='bbox 2117 5689 2455 5740; x_wconf 82' lang='lat' dir='ltr'><strong>monac/torum</strong></span> <span class='ocrx_word' id='word_1_870' title='bbox 2476 5691 2656 5742; x_wconf 76' lang='lat' dir='ltr'><strong>sarium</strong></span> <span class='ocrx_word' id='word_1_871' title='bbox 2668 5706 2686 5754; x_wconf 89' lang='lat'><em>;</em></span> <span class='ocrx_word' id='word_1_872' title='bbox 2708 5701 2757 5742; x_wconf 89' lang='lat' dir='ltr'><strong>et</strong></span> <span class='ocrx_word' id='word_1_873' title='bbox 2782 5703 2919 5744; x_wconf 68' lang='lat' dir='ltr'><strong>czetei</strong></span> <span class='ocrx_word' id='word_1_874' title='bbox 2933 5710 2958 5743; x_wconf 83' lang='lat' dir='ltr'><strong>a</strong></span> <span class='ocrx_word' id='word_1_875' title='bbox 2984 5689 3034 5744; x_wconf 82' lang='lat' dir='ltr'><strong>ut</strong></span> <span class='ocrx_word' id='word_1_876' title='bbox 3060 5698 3104 5746; x_wconf 90' lang='lat' dir='ltr'><strong>iu</strong></span> <span class='ocrx_word' id='word_1_877' title='bbox 3124 5689 3285 5751; x_wconf 72' lang='lat' dir='ltr'><strong>textu.</strong></span> 
     </span>
    </p>
   </div>
  </div>
