3978 6458
169 475 288 530 529

186 592 391 661 pientia
422 606 603 644 eorum
640 587 942 661 insipientia
984 588 1450 661 deprehensaest.
1481 589 1778 661 Qtneenim

190 655 288 715 sex
339 661 523 714 diebus
573 655 760 713 creata
799 655 1190 725 fuerant,'nou
1246 659 1554 713 dubitarunt
1601 659 1635 710 ii
1689 655 1778 724 qui

190 732 401 785 fabulas
445 730 510 783 de
549 729 761 782 conditu
809 728 988 781 mundi
1031 730 1316 782 commenti
1346 739 1489 792 sunt,
1537 743 1597 780 ea
1639 727 1781 780 dice-

191 817 253 854 re
278 817 344 854 ex
367 815 425 854 se
450 807 503 852 et
525 805 712 866 sponte
737 812 831 850 sua
863 799 994 850 facta
1019 813 1155 861 esse,
1181 798 1370 851 caelum
1417 812 1608 865 nempe
1627 838 1642 861 ,
1672 804 1781 850 ter-

189 885 331 929 ram,
352 869 540 932 solem,
574 868 747 921 lunam
771 867 1011 922 etOmnia
1034 883 1150 934 quae
1168 868 1266 920 sub
1278 876 1546 934 aspectum
1561 866 1776 919 cadunt.

192 939 250 992 Si
308 954 412 991 una
463 938 590 992 hora
633 937 889 1006 sapientia
938 937 1029 988 Dei
1063 938 1174 990 inec
1225 936 1452 1000 fecisset,
1485 952 1640 1006 quem
1674 952 1778 990 non

195 1007 544 1075 impudentia:
591 1006 867 1060 obtentum
905 1020 1174 1073 opponere
1221 1007 1551 1072 potuissent?
1582 1007 1778 1060 Verum

193 1079 334 1146 ipse,
360 1086 541 1144 utpote
561 1078 646 1144 qui
679 1077 792 1146 haec
823 1075 1114 1142 prmsciret,
1152 1075 1357 1146 iniquas
1383 1088 1778 1146 venenatasque

192 1144 384 1201 eorum
413 1147 613 1214 linguas
644 1145 930 1211 prohibuit,
964 1160 1081 1213 quze
1113 1153 1295 1198 contra
1325 1144 1582 1211 Opificem
1607 1146 1779 1213 erige-

195 1217 416 1280 bantur,
441 1225 495 1268 et
520 1223 813 1268 creaturam
857 1229 954 1282 pro
1003 1214 1253 1267 Creatore
1287 1215 1552 1267 colebant.
1578 1214 1775 1268 Verum

197 1286 264 1339 ad
325 1286 653 1353 pr0positum
709 1286 1413 1353 revertamur,gseriemque
1463 1284 1780 1338 narrationis

195 1351 440 1410 ulterius
460 1357 828 1422 producamus.
865 1369 883 1402 ι
914 1353 1053 1406 Dixit
1079 1351 1236 1422 Deus,
1267 1353 1383 1405 Fiat
1410 1354 1519 1416 lux,
1551 1363 1605 1407 et
1644 1353 1780 1407 facta

195 1434 282 1479 est
302 1425 394 1477 lux
427 1421 519 1477 :et
544 1423 752 1475 vocavit
776 1423 912 1475 Deus
943 1423 1111 1476 lucem
1140 1421 1300 1484 diem,
1325 1432 1378 1475 et
1407 1424 1649 1478 tenebras
1681 1438 1778 1476 no-

197 1505 340 1548 ctem
371 1510 385 1545 :
417 1503 469 1546 et
501 1491 630 1544 facta
662 1500 744 1544 est
788 1506 1028 1558 vespera,
1061 1501 1113 1544 et
1139 1492 1326 1545 factum
1361 1501 1443 1546 eet
1463 1508 1638 1555 mane,
1666 1494 1779 1546 d'es

198 1579 326 1617 una.
391 1561 452 1616 Et
508 1563 639 1614 dixit
685 1561 860 1613 Deus:
899 1560 1012 1613 Fiat
1059 1563 1446 1616 firmamentum
1499 1564 1549 1615 in
1606 1564 1781 1616 medio

199 1648 374 1702 aqum,
405 1641 457 1685 et
484 1634 555 1702 sit
576 1631 815 1684 dividens
847 1631 986 1684 inter
1019 1646 1209 1702 aquam
1239 1640 1306 1702 et__
1329 1648 1539 1701 aquam.
1593 1633 1658 1686 Et
1684 1649 1776 1685 vo-

200 1700 341 1757 cavit
366 1702 511 1773 (Deus
534 1701 1132 1773 firtnametttum__eailum
1171 1720 1188 1751 ι
1241 1700 1392 1767 (Gen.
1429 1705 1478 1756 1.
1505 1703 1646 1773 5-7).
1696 1704 1782 1756 Vi-

202 1771 379 1826 distin"
400 1786 532 1840 opus
557 1770 696 1839 quod
743 1770 1046 1823 mortalium
1093 1779 1300 1841 mentes
1356 1770 1616 1840 percellit,
1639 1773 1777 1841 quod

203 1843 404 1911 absque
439 1839 718 1911 eolumuis,
751 1841 947 1907 absque
971 1839 1206 1892 vectibus
1240 1842 1339 1894 hoc
1362 1839 1631 1907 ’opilicium
1654 1839 1781 1896 con-

202 1910 386 1965 Stituat
415 1925 576 1978 usque
607 1910 668 1961 ad
701 1911 1210 1962 consummationem
1241 1912 1457 1964 smculi?
1483 1911 1649 1975 Quam
1678 1914 1780 1964 tui—

205 1981 391 2034 rabilia
422 1990 544 2032 sunt
572 1994 730 2047 opera
758 1979 985 2049 Domini,
1014 1987 1067 2031 et
1092 1980 1209 2046 quis
1250 1982 1413 2047 possit
1468 1981 1781 2049 investigare

205 2051 288 2104 illa
307 2055 328 2102 ’ἐ
363 2069 378 2100 ι
408 2051 473 2103 Et
495 2049 621 2101 vidit
649 2049 805 2111 Deus,
833 2047 971 2113 quod
999 2049 1370 2102 essetbonum.
1405 2051 1465 2103 Et
1487 2047 1677 2104 factum
1700 2062 1782 2104 est

206 2135 428 2187 vespera
455 2161 470 2182 ,
495 2129 544 2172 et
575 2119 763 2171 factum
788 2130 866 2171 εει
899 2133 1053 2170 mane
1073 2159 1086 2178 ,
1112 2118 1223 2170 dies
1251 2121 1532 2172 secundus.
1561 2122 1623 2172 Et
1649 2120 1782 2174 dixit

205 2192 384 2243 Deus:
419 2190 780 2257 Congregetur
801 2201 932 2254 aqua
960 2204 1076 2255 qure
1107 2187 1204 2259 sub
1225 2189 1356 2241 caelo
1387 2199 1468 2243 est
1492 2192 1782 2259 incongre-

203 2260 473 2329 gatiouem
500 2272 678 2329 uuam,
704 2266 762 2329 et
786 2265 1038 2324 appareat
1063 2257 1207 2310 arida
1235 2276 1245 2309 :
1277 2268 1329 2311 et
1357 2257 1683 2328 congregata
1702 2270 1782 2314 est

203 2326 335 2398 aqua
384 2343 503 2409 qua:
541 2326 644 2409 .spb
672 2327 816 2380 caalis
865 2328 1510 2409 est.iu'congregationes
1559 2326 1698 2392 suas,
1729 2341 1783 2383 et

203 2395 446 2466 apparuit
478 2395 624 2449 arida
655 2413 667 2447 :
708 2404 761 2448 et
787 2398 992 2448 vocavit
1044 2396 1181 2449 Deus
1226 2397 1446 2459 aridam,
1483 2408 1700 2460 terram,
1730 2409 1784 2453 et

205 2468 647 2536 congregationes
670 2480 921 2536 aquarum
944 2467 1151 2518 vocavit
1168 2469 1347 2519 maria.
1369 2467 1433 2520 Et
1453 2467 1583 2521 dixit
1606 2468 1776 2521 Dens:

206 2534 486 2591 Gerinitict
521 2545 656 2588 terra
688 2534 904 2588 herbam
937 2535 1082 2599 foeni,
1108 2538 1457 2590 seminautetn
1485 2553 1664 2590 semen
1697 2554 1781 2590 se-

205 2607 440 2659 cundum
471 2620 636 2674 genus
658 2615 711 2656 et
741 2604 1030 2657 secundum
1057 2605 1476 2668 similitudinem,
1504 2619 1556 2658 et
1583 2608 1780 2674 lignum

205 2674 540 2746 fructiferutu
585 2673 777 2746 faciens
825 2674 1053 2746 fructum
1088 2693 1106 2725 ›
1163 2674 1310 2746 (Gen.
1346 2677 1396 2728 1.
1428 2676 1583 2743 8-H)
1613 2673 1782 2731 .'H:ec

205 2747 370 2799 verbo
398 2745 632 2811 jubetttis
654 2748 831 2796 statim
860 2743 1091 2796 exhibita
1123 2743 1278 2806 sunt,
1311 2747 1426 2799 sine
1454 2747 1605 2799 Obice
1626 2787 1639 2810 ,
1669 2750 1783 2800 sine

206 2813 702 2894 itnpcditttentolz‘Et
733 2817 959 2894 factafst
982 2823 1277 2894 gest-terque!
1303 2818 1493 2894 factum
1520 2826 1590 2868 est
1617 2833 1780 2879 mane,

206 2881 311 2937 dies
343 2885 519 2935 tertius
569 2881 804 2953 (GenJl.
841 2883 962 2953 15).
989 2884 1172 2936 Viden’
1199 2881 1527 2949 Seripturam
1547 2895 1780 2938 nostram

207 2953 418 3022 aperire
470 2951 698 3005 mentem
742 2953 806 3005 ad
844 2951 1193 3020 perfectiora?
1229 2953 1455 3007 Ubinam
1486 2965 1609 3008 sunt
1635 2955 1666 3006 ii
1697 2957 1785 3022 qui

205 3023 410 3085 dicunt,
443 3022 538 3074 ilic
570 3024 770 3075 fructus
813 3037 1046 3080 amarus,
1082 3022 1193 3075 lucc
1243 3024 1405 3076 herba
1443 3026 1661 3078 exitium
1694 3040 1785 3090 pa-

206 3093 296 3154 rit,
323 3093 437 3144 ha:c
478 3092 594 3144 avis
622 3093 895 3144 carnivora
931 3090 1054 3159 quid
1086 3093 1235 3145 nobis
1272 3094 1392 3146 boni
1447 3093 1638 3147 affert?
1670 3095 1785 3149 Alia

208 3164 446 3214 clamans
498 3171 721 3214 mortem
771 3164 1158 3224 comminatur;
1189 3163 1287 3215 alia
1316 3162 1611 3215 vociferans
1653 3163 1779 3224 hye-

208 3247 349 3285 mem
377 3233 666 3300 signiﬁcat;
700 3231 802 3284 alia
832 3232 1012 3284 volans
1033 3231 1387 3284 calamitatem
1418 3232 1634 3285 inducit.
1657 3231 1786 3287 illnl—

206 3311 291 3353 tos
328 3304 470 3354 enim
501 3302 674 3353 audivi
705 3301 826 3353 talia
857 3310 1133 3353 causantes
1163 3311 1214 3352 et
1240 3300 1560 3354 elTutientes.
1595 3305 1782 3354 Annon

205 3371 335 3424 illud
365 3381 447 3424 est
475 3370 615 3438 apud
662 3370 991 3424 Christianos
1042 3385 1235 3437 pravus
1284 3370 1573 3438 Scriptura:
1623 3374 1784 3425 usus?

207 3439 420 3494 Etenim
465 3457 581 3509 qua!
620 3441 755 3493 Deus
785 3455 904 3494 cum
938 3438 1098 3502 vidit,
1143 3439 1276 3492 bona
1316 3456 1434 3493 esse
1458 3441 1608 3504 dixit,
1639 3452 1691 3493 ttt
1719 3458 1786 3495 ne

205 3512 529 3564 contumelia
553 3511 772 3564 aflicias.
803 3529 820 3560 ι
854 3509 920 3562 Et
957 3509 1089 3562 dixit
1119 3509 1256 3562 Deus
1281 3529 1292 3562 :
1320 3510 1474 3563 Fiant
1506 3510 1785 3564 luminaria

206 3580 260 3632 iit
293 3581 625 3633 firmamento
643 3581 757 3632 caeli
788 3581 838 3633 in
864 3579 1300 3633 illuminationem
1323 3579 1448 3643 diei,
1467 3589 1518 3632 et
1547 3581 1594 3633 in
1619 3580 1784 3634 facem

207 3653 401 3704 noctis.
445 3651 509 3702 Et
537 3650 658 3702 fecit
692 3651 830 3702 Deus
853 3650 1109 3702 luminare
1135 3665 1381 3717 magnunt
1405 3669 1448 3712 ι,
1480 3665 1670 3718 nempe
1699 3666 1786 3704 so-

205 3719 336 3782 lem,
367 3736 383 3768 ι
407 3720 470 3770 ad
503 3721 830 3772 dominatum
855 3720 980 3781 dici,
1015 3729 1068 3771 et
1109 3718 1368 3772 luminare
1395 3721 1566 3773 minus
1592 3720 1655 3772 ad
1687 3721 1783 3773 do-

205 3790 462 3841 minatum
497 3790 684 3852 noctis,
718 3797 770 3840 et
796 3790 993 3840 stellas.
1028 3788 1089 3839 Et
1115 3790 1214 3856 sint
1240 3791 1289 3841 iu
1318 3791 1464 3856 signa
1494 3799 1545 3841 et
1576 3790 1625 3842 in
1652 3800 1786 3843 lem-

207 3874 361 3926 pora,
396 3868 450 3911 et
477 3859 661 3911 indies
691 3868 743 3911 et
775 3859 825 3911 iii
865 3871 1033 3909 annos
1065 3875 1081 3907 ι
1113 3855 1261 3926 (Gen.
1306 3860 1354 3911 l.
1383 3855 1598 3924 14-16).
1650 3859 1784 3924 Quid

208 3930 356 3998 prius
385 3928 694 3981 mirabimur
726 3944 822 3981 nos
877 3927 1152 3998 homines?
1208 3929 1406 3980 solisne
1453 3928 1782 3998 altitudinem

205 3997 546 4059 iuuoensam,
572 4013 636 4050 an
671 3997 1108 4066 magnitudinem,
1139 4013 1203 4049 an
1237 3997 1668 4051 vehementiam?
1701 4000 1782 4050 lu-

205 4083 396 4121 cemue
417 4068 530 4136 ejus
555 4069 668 4120 sine
697 4068 924 4121 termino
950 4078 1247 4132 extensum,
1271 4083 1337 4120 an
1361 4077 1549 4120 aestum
1569 4069 1783 4136 insupe-

204 4138 430 4192 rabilem
454 4144 474 4196 ?
495 4137 771 4204 Quomodo
801 4152 863 4190 ex
891 4151 990 4188 una
1016 4136 1228 4189 lucerna
1255 4144 1310 4190 et
1330 4153 1394 4190 ex
1417 4153 1519 4190 una
1546 4138 1782 4193 substan-

205 4208 278 4261 tia
305 4209 419 4261 ltaec
446 4208 620 4260 omnia
644 4207 918 4274 splendida
947 4206 1105 4268 fiunt;
1139 4208 1264 4258 dum
1287 4208 1397 4274 ipse
1419 4221 1630 4259 cursum
1657 4223 1786 4260 con-

206 4276 338 4342 ficit,
366 4286 587 4340 tantum,
635 4287 692 4330 ut
729 4287 960 4330 mentem
1016 4291 1228 4329 omnem
1279 4275 1694 4343 obstupefaciat;
1731 4287 1786 4331 ιιι

204 4363 313 4400 ιιιιο
343 4348 430 4400 die
456 4348 520 4399 ab
548 4358 664 4400 ortu
689 4345 751 4399 ad
795 4361 1040 4400 occasum
1083 4347 1394 4408 perveniens
1415 4385 1428 4408 ,
1461 4346 1659 4397 itttllttttt
1696 4361 1782 4399 re-

207 4418 410 4485 linquat
435 4418 629 4479 locum,
665 4417 750 4484 qtti
779 4432 837 4468 se
867 4415 1158 4467 abscondat
1185 4416 1408 4466 acalore
1441 4415 1640 4485 ipsius?
1663 4415 1785 4467 Ubi-

205 4484 330 4540 nam
361 4495 485 4539 sunt
514 4487 688 4538 Persa:
714 4487 800 4553 qui
824 4488 1005 4538 colunt
1025 4485 1169 4536 illum
1193 4485 1432 4553 utdeunt
1455 4525 1467 4544 ,
1504 4494 1557 4536 et
1583 4484 1782 4553 Opilice

206 4558 426 4619 relicto,
477 4556 686 4624 opilicio
731 4552 845 4621 ejus
897 4555 1152 4607 honorem
1183 4552 1469 4606 deferunt?
1494 4552 1681 4607 Nonne
1704 4556 1781 4608 sol

205 4627 320 4693 ipse
344 4641 630 4693 perennem
652 4627 1124 4693 quotidianumque
1145 4638 1358 4677 cursum
1390 4638 1544 4676 suum
1571 4625 1784 4678 conficit

205 4711 324 4747 cum
358 4697 546 4747 timore
589 4704 642 4747 ct
683 4695 944 4747 concinne
991 4694 1194 4753 ordine,
1249 4704 1302 4746 et
1347 4694 1505 4746 modo
1558 4695 1784 4747 nubibus

205 4766 502 4823 obvelatnr,
530 4765 687 4819 modo
717 4765 951 4833 spirante
984 4773 1072 4815 not
1141 4763 1271 4815 radii
1301 4763 1414 4830 ejus
1438 4764 1784 4817 minuuntur?

205 4836 301 4888 Hic
335 4843 418 4888 est
448 4834 526 4887 sol
559 4834 648 4886 ille
679 4844 874 4898 vester,
907 4834 990 4886 cui
1021 4848 1115 4885 vos
1147 4833 1369 4886 lidcntes
1403 4834 1604 4884 cultum
1635 4834 1784 4886 exhi-

205 4906 359 4958 betis.
393 4904 580 4956 Umnia
619 4905 706 4957 Dei
737 4918 896 4970 Opera
927 4901 1208 4955 admodum
1241 4901 1376 4954 bona
1399 4942 1412 4964 ,
1447 4904 1694 4954 terribilia
1732 4913 1784 4956 et

204 4973 496 5042 stupenda;
531 4973 622 5026 sed
651 4973 714 5024 ad
743 4973 1089 5025 ministerium
1115 4981 1350 5042 nostrum
1379 4980 1501 5042 sunt
1532 4974 1784 5024 constitu-

207 5040 414 5108 ta,’non
437 5044 502 5095 ad
525 5042 871 5095 dominatum.
902 5040 1178 5106 Quomodo
1205 5043 1362 5093 etiaut
1391 5041 1510 5092 luna
1535 5043 1582 5092 in
1617 5044 1781 5094 laet-nt

206 5113 547 5181 noctisjussu
579 5111 791 5178 Opilieis
815 5114 1062 5179 producta
1087 5119 1187 5175 est,
1214 5120 1266 5163 et
1299 5110 1454 5163 modo
1485 5112 1781 5181 incremen-

204 5197 337 5247 tum,
373 5180 529 5237 n’todo
559 5182 972 5234 imminutionem
997 5183 1208 5250 patitur,
1231 5180 1576 5248 etaliquando
1608 5182 1784 5247 Splen-

205 5258 340 5308 dens
372 5252 550 5305 radios
575 5252 703 5303 lucis
732 5253 940 5310 emittit,
970 5251 1126 5304 modo
1153 5265 1438 5304 senescens
1479 5265 1778 5302 mensuram

205 5327 320 5378 sine
349 5323 455 5376 ulla
484 5321 770 5373 mutatione
803 5330 996 5384 set-vat,
1028 5335 1146 5372 cum
1179 5320 1449 5372 stellarum
1479 5321 1781 5371 innumera-

206 5410 322 5447 rum
355 5392 536 5446 choris
556 5390 578 5440 ?
602 5389 794 5443 Verum
825 5391 1083 5442 sernmnis
1111 5391 1298 5442 seriem
1320 5401 1640 5456 repetamus.
1666 5407 1682 5437 ι
1718 5390 1780 5440 lit

209 5464 348 5517 facta
377 5470 461 5515 est
503 5474 750 5527 vespera,
787 5468 838 5510 et
868 5458 1058 5511 factum
1088 5469 1166 5510 est
1197 5475 1366 5517 mane,
1399 5459 1511 5510 dies
1542 5467 1775 5526 quartus.

211 5535 273 5588 Iit
298 5533 433 5585 dixit
477 5529 650 5582 Deus:
687 5528 982 5580 Producant
1023 5542 1170 5594 aqua:
1229 5530 1431 5594 reptilia
1488 5532 1778 5580 animarum

209 5603 499 5655 viventium
541 5597 829 5652 secundum
881 5611 1067 5664 genus,
1092 5607 1145 5648 et
1185 5597 1409 5649 volatilia
1457 5599 1679 5648 volantia
1730 5598 1778 5648 in

211 5674 542 5724 firmamento
558 5669 692 5722 czeli.
726 5667 790 5719 Et
817 5669 934 5719 fecit
958 5668 1089 5718 Deus
1119 5676 1233 5719 cete
1260 5667 1470 5734 grandia
1491 5687 1507 5717 ι
1545 5665 1689 5737 (Gen.
1731 5668 1775 5718 l.

212 5744 420 5810 19-21).
465 5737 836 5810 Animadverte
862 5737 1136 5810 diligenter
1155 5737 1349 5810 dictum
1372 5737 1774 5804 Umnipotentis.

209 5811 345 5875 Quot
382 5807 587 5878 genera
637 5809 854 5874 piscium
899 5807 948 5858 itt
986 5808 1114 5858 mari
1164 5807 1419 5868 exhibuit,
1446 5815 1498 5860 et
1524 5816 1774 5878 quantum

209 5877 524 5942 Volatiliutu,
548 5887 657 5934 tum
686 5879 1013 5945 exiguorum,
1034 5883 1143 5928 tum
1169 5890 1496 5945 magnorum,
1522 5877 1772 5947 papulutn

1429 471 1494 526 IN
1532 465 1827 526 GENESIM
1864 467 2089 529 SERMO
2130 475 2214 534 ili.

3355 500 3470 556 530

1888 602 1942 667 tu
1970 603 2092 642 aere
2139 593 2381 667 paravit;
2425 608 2485 646 ac
2515 594 2708 667 mirare
2756 595 3027 667 sapientize
3053 594 3167 664 ejus
3198 600 3464 667 magnitu-

1880 657 2084 734 dinem,
2118 657 2384 728 quomodo
2436 666 2609 716 omnia
2657 681 2770 734 uno
2810 657 2974 719 vet-bo
3030 657 3311 734 producta"
3339 669 3465 722 sint.

1890 743 1910 804 ι
1938 725 2002 780 Et
2025 725 2269 804 ﬁctaest
2297 747 2543 804 vespera,
2565 742 2616 785 et
2642 733 2838 787 factum
2864 746 2943 786 est
2969 725 3145 795 mane,
3174 735 3288 788 dies
3313 738 3468 804 quin-

1888 803 1989 848 tus.
2022 799 2087 850 Et
2126 799 2256 854 dixit
2297 799 2474 855 Deus:
2508 802 2710 856 Edueat
2757 813 2893 856 terra
2924 806 3154 856 animam
3199 799 3465 860 viventem

1885 867 2173 940 secundum
2219 885 2404 938 genus,
2439 872 2826 940 quadrupedes,
2873 874 3076 940 reptilia
3117 881 3170 926 et
3203 874 3341 927 feras
3369 915 3383 937 ,
3415 885 3468 928 et

1886 950 2042 1010 omne
2063 937 2357 1010 jumentnm
2389 937 2678 994 secundum
2710 956 2896 1010 genus,
2926 937 2979 995 et
3003 943 3286 996 secundum
3321 943 3468 995 simi-

1889 1003 2165 1079 litudinem
2203 1027 2220 1079 ι
2254 1009 2404 1072 (Gen.
2435 1011 2485 1066 1.
2512 1003 2748 1078 23.-25Ῑ.
2779 1011 2821 1064 Ο
2845 1003 3084 1078 magnam
3105 1013 3412 1079 sapientiam
3447 1015 3462 1065 l

1887 1087 1920 1154 ρ
1956 1075 2361 1154 inenarrabilcm
2388 1079 2673 1154 bonitatem
2705 1075 2720 1133 l
2752 1075 3199 1154 ()mniajjument'a
3230 1092 3283 1154 et
3321 1082 3457 1136 feras

1887 1145 1938 1196 in
1969 1145 2072 1198 ictu
2099 1149 2233 1200 oculi
2263 1148 2404 1214 fecit,
2437 1149 2663 1211 leonem,
2692 1163 2890 1208 ursum,
2919 1145 3223 1213 draconem,
3250 1151 3461 1214 bovem,

1887 1228 2100 1285 equum,
2131 1231 2182 1268 et
2211 1227 2469 1285 quotquot
2490 1218 2556 1271 ad
2586 1219 2934 1271 ministerium
2967 1220 3234 1271 hominum
3255 1221 3463 1272 deside-

1888 1282 2074 1356 rabilia
2108 1282 2532 1356 tttiliaque‘sunt.
2564 1288 2748 1341 Viden’
2776 1287 3045 1341 Creatoris
3093 1288 3463 1356 prudentiam?

1886 1351 2072 1407 Omnia
2103 1351 2336 1409 fecitsex
2362 1355 2568 1420 diebus,
2593 1357 2784 1423 lucem,
2817 1357 3026 1422 cadum,
3047 1351 3260 1421 terram,
3294 1374 3460 1420 mare,

1886 1423 2072 1494 solem.
2103 1425 2299 1488 lunam,
2326 1427 2524 1490 stellas,
2557 1437 2784 1489 montes,
2815 1427 2996 1489 colles,
3020 1426 3279 1494 planities,
3301 1429 3459 1491 feras,

1880 1491 2138 1564 iumenta,
2172 1497 2364 1562 pisces,
2399 1505 2544 1553 cete:
2574 1511 2690 1564 qua:
2745 1496 2798 1548 in
2842 1497 2993 1559 mari,
3022 1491 3143 1564 qua:
3191 1498 3241 1548 in
3290 1497 3457 1550 arida.

1886 1561 2060 1634 Quare
2110 1561 2366 1632 iuSignius
2395 1561 2672 1618 consilium
2726 1561 3072 1628 iuicns,cum
3118 1566 3274 1620 vellet
3332 1581 3464 1634 opus

1885 1633 2171 1685 niaximum
2201 1634 2453 1701 perlicere
2474 1635 2629 1688 Pater
2660 1634 2747 1688 ille
2774 1634 3052 1698 luminum,
3073 1636 3159 1703 qui
3187 1645 3262 1688 est
3293 1646 3347 1688 et
3370 1633 3460 1704 qui

1885 1711 2018 1774 erat,
2053 1705 2342 1774 menssine
2372 1705 2646 1774 principio,
2678 1704 2766 1774 qui
2787 1706 3046 1774 ingenitus
3071 1716 3152 1757 est
3177 1705 3240 1758 ad
3273 1705 3464 1773 Unige-

1887 1772 2050 1823 nitum
2085 1789 2097 1821 :
2127 1773 2215 1838 qtti
2239 1776 2417 1842 genuit
2444 1774 2508 1827 ad
2551 1772 2742 1828 Filium
2770 1772 2858 1842 qtti
2903 1789 2967 1827 ex
3010 1774 3124 1841 ipso
3154 1775 3268 1827 sine
3319 1772 3460 1827 fluxu

1885 1842 2091 1913 genitus
2115 1852 2214 1913 est,
2237 1841 2467 1913 verbum
2487 1858 2697 1913 nempe,
2716 1841 3024 1908 sapientiam
3051 1843 3460 1910 incomprehen-

1885 1910 2252 1982 sibiletu_,_Deo
2282 1912 2496 1982 dignum
2543 1923 2594 1966 et
2612 1910 2903 1982 'mysticunt
2948 1913 3224 1967 consilium
3257 1913 3460 1966 inducit

1889 1977 1968 2030 his
1995 1980 2169 2033 verbis
2199 1998 2210 2033 :
2235 2001 2251 2032 t
2282 1977 2559 2034 Faciamus
2577 1977 2842 2035 hominem
2865 1982 3152 2035 secundum
3177 1982 3459 2050 imaginem

1886 2057 2138 2120 nostram,
2195 2061 2246 2104 et
2297 2053 2583 2104 secundum
2632 2052 3026 2105 similitudinem
3059 2069 3071 2104 :
3103 2060 3155 2104 et
3201 2053 3462 2120 imperent

1886 2119 2115 2185 piscibus
2170 2123 2350 2183 maris,
2400 2131 2453 2174 et
2500 2122 2799 2174 volatilibus
2827 2122 2961 2182 caeli,
3009 2130 3062 2174 et
3103 2121 3378 2189 jumentis,
3410 2131 3465 2175 et

1888 2189 2150 2242 universas
2206 2199 2383 2260 terrm,
2433 2199 2485 2244 et
2531 2191 2774 2260 omnibus
2829 2191 3108 2258 reptilibus
3157 2191 3461 2260 repentibus

1887 2271 2046 2326 super
2065 2267 2278 2329 terram.
2314 2259 2379 2312 Et
2399 2260 2518 2312 fecit
2550 2261 2685 2313 Deus
2716 2259 3002 2321 hominem,
3035 2259 3301 2329 pulverem
3325 2262 3464 2314 acci-

1887 2329 2037 2448 giens
2071 2327 2139 2381 de
2184 2337 2324 2382 terra
2351 2347 2368 2379 ι
2402 2328 2550 2397 (Gen.
2583 2330 2751 2410 1.36.
2781 2329 2892 2399 2'7).
2951 2330 3014 2383 Et
3039 2327 3122 2411 λιιι
3159 2329 3464 2410 ostenderet

1931 2407 2139 2448 ῡιΓιῑιιιιι
2169 2409 2408 2448 SﬂllClUlll
2439 2416 2541 2448 non
2583 2399 2812 2448 alienum
2843 2417 2869 2448 ιι
2900 2408 3191 2448 creattone.
3227 2398 3463 2448 11181)πο-

1931 2397 2139 2468 piritttnt
2169 2409 2408 2451 sanetum
2439 2416 2541 2451 non
2583 2399 2812 2452 alienum
2843 2397 2869 2451 ιι
2900 2400 3191 2462 creatione,
3227 2398 3463 2468 Inspira-

1887 2466 1951 2537 t't't
1976 2467 2026 2518 in
2057 2468 2233 2535 faciem
2273 2470 2381 2536 ejus
2411 2470 2716 2533 spiraculum
2755 2470 2868 2522 vita:
2889 2509 2901 2532 ,
2932 2479 2977 2521 et
3019 2473 3180 2537 [nctus
3207 2480 3278 2522 est
3308 2466 3456 2521 homo

1886 2536 2184 2587 inaniinani
2237 2539 2475 2590 viventem
2527 2537 2675 2604 (Gen.
2730 2540 2783 2589 2.
2841 2536 3461 2600 7).Vidistin‘exitttimn

1888 2606 2152 2672 opillciutn
2185 2607 2468 2659 creationis
2499 2608 2622 2659 Dei?
2652 2608 2878 2661 vidistin’
2908 2623 3026 2661 eum
3057 2609 3464 2660 Constituentetn

1891 2676 2150 2727 Atlantutn
2183 2677 2232 2728 iit
2275 2687 2638 2730 creaturarum
2684 2679 2902 2745 regem?
2945 2677 3174 2728 vidistin’
3207 2677 3463 2729 honorem

1887 2756 2291 2812 exsuperantem
2337 2761 2456 2799 eum
2506 2748 2590 2814 qui
2635 2748 2747 2814 tjus
2803 2763 2962 2799 manu
2993 2757 3202 2799 creatus
3257 2746 3465 2798 fuerat?

1890 2815 2042 2868 Disce
2065 2817 2221 2869 etiam
2251 2816 2386 2869 dona
2421 2832 2534 2883 qua:
2568 2818 2662 2882 ipsi
2694 2818 2828 2869 Dens
2859 2826 2979 2884 post
3010 2818 3334 2869 creationem
3364 2816 3468 2868 lar-

1889 2884 2026 2951 gitus
2046 2895 2146 2937 est.
2178 2886 2281 2939 «Et
2324 2886 2576 2953 plantavit
2606 2887 2740 2938 Deus
2775 2885 3074 2954 paradisum
3102 2887 3178 2954 (in
3207 2885 3369 2938 Edem
3399 2885 3464 2938 ad

1889 2958 2106 3006 oriente.
2134 2971 2169 3017 κ,
2200 2965 2248 3008 et
2282 2957 2458 3023 posuit
2483 2956 2553 3008 ibi
2587 2953 2875 3017 hominem,
2905 2971 3058 3021 quem
3090 2953 3337 3010 formavit
3366 2971 3378 3006 :
3411 2961 3467 3008 et

1889 3023 2136 3092 produxit
2160 3039 2222 3075 ex
2257 3036 2391 3075 terra
2423 3039 2579 3076 omne
2601 3027 2793 3092 lignum
2825 3025 3098 3090 puli-hrum
3127 3035 3340 3092 aspectu
3368 3064 3380 3085 ,
3413 3031 3469 3074 et

1888 3091 2084 3144 bonum
2115 3093 2178 3143 ad
2209 3093 2616 3156 comedendum,
2641 3091 2693 3146 et
2726 3095 3056 3161 liguumvita:
3086 3095 3138 3144 in
3170 3091 3344 3145 medio
3373 3106 3469 3161 pa-

1889 3161 2070 3226 radisi,
2095 3171 2146 3214 et
2164 3161 2357 3230 ligttttnt
2388 3164 2620 3215 scientiae
2641 3163 2759 3215 boni
2785 3173 2836 3215 et
2863 3164 2983 3216 ntali
3011 3182 3028 3212 ι
3055 3162 3266 3230 (Gen.2.
3299 3161 3350 3214 8.
3385 3162 3465 3228 9).

1890 3230 2067 3298 Papze,
2103 3242 2356 3300 quantum
2389 3232 2526 3285 Deus
2571 3232 2722 3286 nobis
2755 3233 3006 3287 honorem
3039 3232 3220 3284 tribuit
3249 3232 3262 3283 l
3293 3246 3463 3299 papae,

1888 3309 2135 3367 quantam
2174 3301 2508 3354 clementiam
2537 3303 2715 3370 generi
2744 3302 3015 3355 hominum
3060 3301 3329 3355 exhibuit!
3365 3317 3463 3369 pa—

1888 3383 1990 3437 pae,
2016 3385 2171 3438 quam
2214 3370 2554 3424 ineliahilium
2579 3372 2832 3424 bonortnn
2867 3386 3085 3424 consors
3117 3373 3211 3423 fuit
3246 3370 3412 3422 Adam
3447 3371 3463 3423 ε

1890 3439 2002 3508 Non
2032 3441 2171 3491 enim
2200 3441 2326 3492 satis
2362 3441 2458 3493 fuit
2497 3440 2747 3493 ineffabili
2779 3442 2893 3507 ejus
2928 3441 3299 3508 providentia},
3327 3440 3466 3507 quod

1892 3506 2040 3561 illum
2073 3524 2135 3562 ex
2163 3509 2328 3562 nihilo
2355 3509 2660 3576 produxerit
2698 3527 2710 3563 :
2742 3506 2818 3562 ex,
2838 3506 3053 3578 pulvere
3096 3523 3273 3577 regem
3308 3506 3462 3562 natu-

1888 3593 1968 3647 ηιξ
1984 3579 2289 3641 constituit;
2324 3595 2387 3632 ex
2436 3587 2574 3632 terra
2607 3579 2749 3632 illum
2778 3581 2978 3647 angelis
3004 3579 3454 3632 honorabiliorem

1890 3646 2162 3710 exhibuit;
2193 3664 2257 3702 ex
2291 3649 2578 3701 inanimato
2625 3646 2908 3702 animatum
2938 3649 3278 3701 simulacrum
3311 3649 3464 3702 indu-

1889 3719 1984 3771 xit.
2033 3718 2201 3784 Quam
2232 3722 2475 3771 virtutem
2507 3718 2818 3771 exhibuerat
2845 3719 3034 3780 Adam,
3069 3727 3124 3770 ιιι
3155 3726 3300 3769 tanto
3329 3733 3468 3779 prat-

1890 3789 1998 3840 mio
2044 3789 2111 3841 ab
2140 3801 2204 3841 eo
2230 3788 2553 3841 donaretur?
2583 3804 2698 3850 quat
2722 3789 3032 3851 certamina,
3070 3802 3206 3856 quos
3244 3787 3493 3841 sudorcr

1891 3858 2166 3919 subierat,
2225 3870 2281 3909 ut
2333 3856 2629 3922 liujnsmodi
2685 3871 2908 3910 coronas
2959 3860 3027 3909 sit
3072 3858 3465 3924 consequutus?

1890 3942 2044 3992 quam
2071 3926 2291 3994 gloriam
2321 3927 2506 3993 Opilici
2538 3926 2736 3988 retulit,
2771 3937 2825 3977 ut
2857 3927 2926 3977 illi
2957 3927 3007 3977 itt
3037 3927 3210 3978 medio
3241 3927 3468 3991 paradisi

1892 3994 2246 4048 habitaculum
2280 3995 2666 4048 constitueret?
2693 3995 2832 4062 quod
2870 3995 3156 4063 gloriosum
3186 4009 3319 4062 Opus
3346 4009 3469 4063 per-

1892 4066 2033 4128 fecit,
2062 4075 2116 4117 ιιι.
2145 4069 2299 4117 vitam
2324 4065 2439 4117 sine
2463 4065 2639 4117 labore
2670 4064 2767 4116 sibi
2794 4067 3134 4132 procuraret“!
3159 4064 3325 4129 Quam
3361 4067 3467 4117 Deo

1888 4134 2134 4203 placitam
2161 4136 2469 4187 servitutem
2501 4134 2829 4196 exhibuerat,
2861 4134 3001 4202 quod
3034 4134 3136 4185 tale
3175 4137 3243 4185 sit
3267 4133 3465 4186 donum

1889 4202 2287 4270 consequutus?
2309 4207 2552 4256 Attamen
2586 4204 2673 4256 ille
2697 4204 2965 4256 hominum
2990 4217 3174 4255 amans
3197 4202 3464 4269 t-piliciunt

1891 4289 2041 4326 suum
2077 4283 2151 4325 tot
2178 4273 2329 4326 donis
2361 4274 2656 4335 exornavit,
2690 4273 2827 4326 unde
2875 4274 2939 4326 ad
2991 4273 3164 4336 majus
3219 4273 3467 4340 gaudium

1888 4343 2403 4410 exsultationemque
2421 4342 2559 4395 aliud
2579 4358 2785 4411 quoque
2814 4358 2946 4411 opus
2977 4342 3232 4395 exhibuit.
3259 4340 3462 4410 Injecit,

1891 4413 2080 4480 inquit,
2112 4414 2162 4464 in
2188 4413 2437 4464 Atlantum
2476 4411 2606 4465 Dens
2646 4414 2822 4464 mentis
2850 4422 3187 4475 excessum,et
3214 4411 3463 4472 dormivit,

1889 4495 1935 4535 et
1976 4483 2163 4546 accepit
2211 4499 2361 4533 unam
2394 4483 2456 4534 de
2501 4483 2648 4534 costis
2696 4484 2826 4550 ejns,
2857 4492 2902 4534 et
2928 4482 3160 4549 formavit
3212 4480 3469 4532 mulierem

1891 4552 2038 4622 (Gen.
2060 4551 2251 4620 2.21).
2290 4551 2424 4605 Vere
2457 4552 2711 4622 mirabilia
2747 4566 2904 4622 opera
2941 4550 3178 4622 Domini;
3206 4564 3330 4622 vere
3362 4551 3463 4601 itit-

1889 4618 2320 4690 pervestigabiles
2351 4622 2449 4673 via:
2479 4621 2624 4687 ejus;
2666 4636 2788 4673 vere
2841 4619 3208 4690 inenarrabilis
3260 4618 3469 4690 bonitas

1888 4687 2021 4760 ejus.
2067 4687 2180 4744 Non
2214 4691 2352 4743 enim
2397 4691 2524 4742 satis
2568 4691 2660 4742 fuit
2705 4691 2801 4758 ipsi
2831 4688 3110 4760 iAdamum
3144 4687 3210 4742 de
3257 4689 3469 4760 pulvere

1891 4759 2083 4814 factum
2111 4801 2125 4824 ,
2158 4770 2209 4812 et
2241 4759 2485 4827 paradiso
2511 4760 2794 4827 voluptatis
2822 4759 2920 4811 frui
2949 4761 3152 4824 jussttm
3201 4773 3340 4823 esse,
3370 4759 3468 4826 ipsi

1889 4847 2098 4899 quoque
2123 4829 2440 4897 adjutorittm
2472 4829 2612 4882 fecit.
2645 4829 2907 4894 Quantum
2932 4829 3178 4899 gaudium
3210 4829 3304 4880 fuit
3329 4829 3468 4880 Ada-

1890 4898 2146 4963 tno,’cum
2189 4909 2305 4967 post
2339 4914 2582 4953 somnum
2610 4901 2734 4952 vidit
2764 4900 2862 4952 sibi
2910 4898 3232 4950 assidentem
3279 4899 3466 4950 tnulie-

1889 4986 2000 5023 rem
2029 4974 2040 5022 !
2066 4979 2263 5038 quanta
2291 4969 2470 5021 ltetitia
2499 4970 2611 5037 ejns
2638 4969 2843 5021 animus
2872 4967 3056 5038 plenus
3084 4968 3195 5031 luit,
3231 4982 3349 5020 cum
3369 4969 3470 5021 sibi

1889 5037 2188 5092 consortem
2242 5039 2518 5091 mulierem
2552 5039 2708 5102 vidit,
2743 5047 2793 5089 et
2826 5037 3061 5089 morilnts
3109 5047 3162 5089 et
3204 5038 3465 5090 sententia

1889 5110 1986 5161 sibi
2015 5118 2395 5161 consonantem
2427 5116 2439 5166 ι
2473 5119 2662 5174 quanta
2686 5108 3066 5170 consolatione,
3097 5115 3292 5175 quanto
3341 5121 3466 5174 pro-

1890 5177 2082 5245 phetiae
2111 5193 2327 5230 munere
2352 5177 2595 5245 dignatus
2625 5190 2704 5228 est
2738 5177 2923 5238 Adam,
2952 5192 3068 5228 cum
3093 5177 3260 5229 oculis
3281 5190 3467 5242 corpo-

1888 5248 1962 5298 ris
1994 5246 2402 5314 videretrlivam
2450 5262 2541 5299 sua
2583 5246 2747 5298 forma
2786 5256 2840 5298 et
2868 5249 3029 5314 figura
3063 5245 3336 5313 praeditam
3367 5246 3466 5296 sibi

1889 5316 2184 5369 adstantem
2212 5313 2224 5367 l
2261 5318 2554 5383 tiapropter
2584 5318 2760 5368 animo
2813 5313 3086 5369 exsultans
3118 5316 3288 5384 palam
3318 5330 3468 5366 vere-

1888 5402 1988 5453 que
2015 5387 2348 5454 proplietavit
2377 5385 2458 5438 his
2481 5387 2654 5438 verbis
2680 5402 2691 5436 :
2729 5403 2745 5434 ι
2771 5385 2878 5438 lloc
2904 5401 3042 5438 nunc
3081 5402 3138 5436 os
3167 5400 3227 5437 ex
3261 5384 3468 5454 ossibus

1889 5457 2043 5518 meis,
2068 5453 2124 5508 et
2148 5470 2273 5507 caro
2321 5470 2382 5508 ex
2418 5471 2578 5507 carne
2610 5471 2746 5506 mea.
2780 5456 2901 5507 lla'c
2938 5455 3214 5506 vocabitur
3257 5453 3464 5512 mulier,

1888 5527 2007 5591 quia
2033 5540 2098 5578 ex
2126 5525 2341 5592 proprio
2374 5524 2486 5575 viro
2531 5533 2738 5593 sumpta
2770 5534 2844 5577 ecf
2881 5543 2897 5574 ι
2939 5523 3092 5592 (Gen.
3119 5523 3171 5574 2.
3220 5523 3329 5587 25).
3373 5521 3461 5571 Vi-

1887 5594 2064 5645 distin”
2085 5594 2393 5662 prophetam
2417 5595 2709 5646 clarissime
2734 5593 3105 5661 praedicentem
3129 5605 3188 5644 ea
3208 5605 3323 5662 qua:
3347 5601 3465 5662 post

1888 5663 2065 5715 futura
2087 5659 2282 5715 erant?
2330 5663 2563 5715 vidistiu’
2591 5659 2757 5715 Adam
2802 5663 3028 5729 Spiritus
3055 5660 3221 5711 sancti
3253 5659 3460 5726 partiet—

1889 5748 2031 5800 pem,
2065 5747 2163 5800 qua
2186 5731 2349 5800 gratia
2376 5732 2687 5801 dignatnm?
2714 5730 2939 5801 vidistin’
2968 5729 3215 5801 eximium
3244 5729 3459 5792 dictum,

1896 5802 2238 5924 post?ntultas
2261 5799 2625 5872 generationes
2655 5811 2708 5855 et
2735 5814 2897 5870 usque
2924 5799 2976 5852 in
3007 5799 3094 5852 lini
3125 5841 3146 5850 -
3189 5801 3464 5853 continua-

1896 5885 2007 5924 tum

1896 5885 2007 5927 tum
