3978 6458
519 461 629 517 531

585 552 639 605 3.
673 549 868 603 Verum
902 563 1005 601 non
1039 546 1157 599 tttlit
1196 542 1613 596 tortuosissimtts
1659 540 1747 594 ille
1790 540 1952 593 draco
1982 555 2095 590 tua-

512 635 669 687 gnam
701 617 998 683 hujusmodi
1023 616 1264 687 fiduciam
1291 622 1341 666 et
1364 612 1592 679 Spiritus
1612 611 1829 687 donum.
1861 609 2098 687 Naupo-

515 678 616 742 ‘t'ttit
657 678 825 743 oculis
865 686 1164 754 perspicere
1197 678 1467 754 honorem
1497 681 1825 754 gratiamque
1867 678 2093 754 opificii,

512 773 669 826 quam
699 759 766 810 ab
791 750 1333 826 Opitice'acc‘eperat:
1378 750 1470 804 sed
1501 767 1618 826 qua;
1643 750 1949 826 _n_teditat_u_s
1976 750 2095 801 fue-

513 819 629 892 rat,
666 828 774 881 tunc
807 819 1048 895 perfecit.
1081 819 1210 877 Nam
1242 830 1452 895 reperto
1482 819 2093 895 vafritieinequitiarqne

512 887 624 950 sine
656 887 1004 950 instrumento
1036 887 1321 960 serpente,
1355 891 1526 960 ipsum
1567 889 1779 942 malitiae
1812 903 1928 960 sua;
1949 887 2092 960 adju:

513 976 683 1020 torem
716 967 888 1018 effecit
916 982 928 1015 :
965 978 1061 1016 nec
1089 955 1246 1013 ausus
1289 955 1389 1014 est'
1414 959 1669 1012 Adamum
1716 956 1967 1024 aggredi,
2000 955 2092 1010 sed

513 1036 859 1090 infirmiorem
931 1034 1344 1098 debilioremque
1398 1038 1506 1082 tum
1553 1043 1712 1082 sensu
1768 1037 1878 1098 tum
1932 1041 2096 1098 opere

512 1106 733 1159 adortus
757 1115 858 1159 est.
881 1106 950 1156 At
974 1117 1129 1155 nemo
1149 1101 1236 1152 Dei
1255 1096 1579 1153 creationem
1608 1107 1811 1166 arguat.
1835 1096 2097 1163 Quemad-

513 1176 728 1228 modum
770 1175 909 1228 enim
956 1172 1217 1225 Atlamum
1265 1168 1387 1223 fecit
1441 1169 1612 1232 Deus,
1659 1168 1728 1222 ita
1756 1175 1811 1220 et
1841 1167 2001 1218 Evam
2032 1181 2098 1220 ex

516 1244 701 1298 eadem
750 1243 1157 1301 commixtione.
1207 1255 1270 1293 ex
1315 1237 1499 1292 eadem
1550 1252 1759 1300 massa,
1805 1235 2098 1304 eodemque

516 1314 724 1368 ordine.
749 1313 852 1367 Sed
879 1310 1165 1365 adversarii
1192 1308 1470 1361 consilium
1497 1317 1550 1360 et
1570 1321 1762 1372 corpus
1785 1315 1837 1359 et
1864 1319 2096 1359 mentem

522 1383 645 1438 Evze
675 1399 832 1452 prava
854 1382 1047 1436 effecit.
1080 1380 1208 1433 Nam
1238 1378 1325 1447 qui
1365 1393 1429 1430 ex
1473 1386 1613 1452 terra
1660 1386 1900 1430 terrenus
1920 1375 2097 1452 [actus

518 1444 865 1512 immortalis,
891 1467 1013 1505 cum
1040 1444 1282 1518 gratiam—7
1308 1448 1600 1518 accepisset
1628 1456 1684 1498 ut
1714 1460 1869 1518 manu
1914 1444 2097 1498 Omni-

519 1523 750 1591 potentis
782 1515 1099 1575 formaretur
1119 1560 1133 1580 ,
1179 1528 1231 1591 et
1251 1517 1433 1591 divina
1458 1516 1778 1591 dignatione
1809 1515 2095 1568 humanum

514 1586 707 1646 itomen
735 1592 952 1645 sortitus
982 1599 1152 1652 esset,
1177 1588 1263 1640 ttbi
1294 1586 1495 1640 audivit
1521 1587 1926 1653 appellationem
1950 1627 1964 1646 ,
1993 1601 2094 1652 qua

525 1663 707 1730 .lignus
738 1678 840 1714 non
867 1670 1011 1724 erat,
1043 1658 1158 1730 ejus
1183 1672 1344 1730 opere
1373 1668 1673 1723 assumpto,
1697 1655 2091 1730 addivinitatis

528 1724 820 1800 lignitatem
853 1739 1028 1783 mente
1054 1724 1352 1800 advolavit,
1383 1737 1433 1780 et
1475 1736 1656 1800 contra
1689 1724 1952 1800 Opilicent
1983 1725 2096 1776 eal-

519 1795 735 1855 cabemn
770 1802 931 1855 miser
972 1798 1219 1852 sustulit:
1263 1795 1528 1863 quomodo
1553 1807 1728 1848 autem
1757 1795 1896 1846 audi.
1926 1796 2096 1847 Acce-

516 1871 651 1924 dens
692 1870 914 1923 callidus
940 1883 1160 1936 serpens
1205 1865 1329 1934 quid
1359 1866 1432 1936 ait
1461 1864 1704 1918 mulieri?
1733 1863 1837 1918 Cur
1864 1866 2098 1936 prweepit

513 1941 649 1993 vobis
682 1939 814 1991 Deus
856 1956 916 1992 ne
943 1935 1262 1991 corttederetis
1304 1937 1366 1987 de
1407 1935 1574 2002 [ructu
1617 1936 1838 1987 scientia:
1883 1935 1997 1986 boni
2051 1941 2098 1986 et

517 2010 679 2062 mali?
707 2009 1030 2076 Quacumque
1051 2007 1131 2058 die
1150 2005 1461 2076 comederitis
1481 2021 1543 2057 ea:
1564 2021 1649 2069 eo,
1672 2005 1959 2070 aperientur
1979 2019 2099 2076 ocu-

517 2079 555 2132 li
585 2074 767 2140 vestri,
809 2089 858 2132 et
895 2074 1034 2132 eritis
1077 2077 1202 2128 sicut
1232 2075 1301 2127 dii
1328 2117 1342 2138 ,
1374 2075 1581 2128 scientes
1613 2076 1795 2126 bonum
1823 2084 1870 2123 et
1910 2074 2098 2125 malum

513 2148 677 2216 (Gen.
709 2151 847 2218 5.7L
891 2149 978 2218 5).
1031 2146 1224 2218 Vides.
1279 2145 1520 2218 auditor,
1572 2144 1769 2196 inimici
1817 2142 2089 2218 montani?

515 2212 663 2273 vides
691 2212 986 2272 seductoris
1015 2214 1368 2269 od‘endicula?
1422 2212 1576 2266 Vides
1618 2228 1774 2280 quam
1804 2212 2099 2281 versipellis

516 2288 624 2351 sit,
669 2289 857 2356 quibus
905 2286 1080 2340 verbis
1129 2285 1291 2338 Evam
1341 2283 1626 2356 inescarit?
1670 2282 1993 2356 Quacumque
2019 2282 2099 2334 die

515 2352 829 2412 comederitis
855 2358 918 2409 de
947 2357 1083 2425 ligno
1115 2356 1308 2425 vetito,
1354 2354 1641 2425 aperientur
1672 2352 1804 2425 oeuli
1839 2353 2018 2425 vestri,
2052 2360 2098 2404 et

517 2427 659 2481 eritis
683 2428 810 2480 sicut
834 2428 906 2478 dii
926 2468 940 2487 ,
967 2421 1174 2479 scientes
1199 2424 1383 2476 bonum
1407 2434 1451 2474 et
1475 2423 1680 2474 malum.
1711 2421 1754 2474 0
1783 2422 1976 2474 malum
2007 2435 2094 2473 se-

517 2497 755 2551 ductoris
780 2495 1092 2550 consilimn!
1122 2509 1155 2546 o
1181 2493 1450 2545 infamiam
1475 2532 1489 2555 ,
1518 2507 1673 2560 quam
1697 2491 1898 2560 dolosis
1923 2490 2099 2560 verbis

516 2565 729 2620 mulieri
760 2565 1098 2620 conciliavit!
1130 2578 1164 2617 ο
1189 2561 1408 2615 insidias
1431 2602 1446 2625 ,
1479 2559 1670 2630 quibus
1699 2561 1748 2613 in
1779 2559 2096 2630 profundum

517 2634 712 2689 inferni
748 2635 928 2702 dejieit
951 2649 1073 2687 eum
1094 2674 1109 2691 .
1138 2634 1224 2702 qui
1259 2647 1352 2699 per
1378 2631 1469 2702 Dei
1491 2629 1826 2702 clementiam
1857 2631 1913 2702 in
1933 2629 2098 2702 subli-

517 2719 606 2759 me
629 2699 889 2760 deduetus
930 2699 1285 2759 fueratt‘Non
1315 2701 1487 2754 nudus
1515 2700 1626 2752 adit
1672 2699 1834 2752 Evam
1883 2700 2099 2753 dolosus

520 2775 651 2838 ille.
695 2776 788 2828 sed
829 2775 1091 2843 serpentis
1135 2772 1315 2843 habitu
1361 2772 1634 2843 mulierem
1677 2769 2000 2836 alloquitur,
2043 2777 2100 2822 ut

519 2845 723 2898 iuescet
749 2860 864 2898 eam
884 2884 897 2906 ,
922 2840 995 2896 ’et
1023 2842 1176 2894 dictis
1204 2840 1313 2892 suis
1338 2840 1718 2906 obsequentem
1749 2847 1933 2904 paret;
1975 2849 2097 2890 nam

521 2913 568 2966 si
599 2928 693 2967 sua
724 2913 1038 2967 accessisset
1086 2909 1291 2972 forma,
1338 2909 1441 2961 Eva
1486 2909 1662 2960 statim
1705 2907 2015 2970 resiliisset,
2048 2917 2101 2960 ct

521 2983 591 3037 ad
605 2984 770 3036 virum
785 2999 935 3036 suum
956 2981 1260 3047 aufugisset.
1293 2978 1477 3031 Verum
1499 2977 1707 3047 indutus
1726 2977 1985 3047 serpentis
1999 2979 2102 3029 for-

527 3068 613 3106 ma
662 3055 956 3122 versipellis
1009 3045 1128 3112 ille,
1163 3048 1462 3122 hujusmodi
1505 3046 1680 3122 verbis
1725 3047 1866 3098 illam
1909 3045 2100 3122 affatus

524 3131 644 3176 est:
677 3115 947 3176 Accedens
975 3122 1037 3172 ad
1069 3115 1476 3187 euntingendum
1510 3117 1705 3184 lignum
1726 3154 1741 3178 ,
1784 3115 1923 3183 quod
1951 3117 2100 3187 vobis

524 3193 806 3246 comedere
829 3193 991 3244 vetuit
1016 3191 1180 3252 Deus,
1204 3186 1330 3240 illud
1354 3187 1586 3255 inspice;
1612 3187 1910 3254 speciosum
1933 3186 2100 3238 oculis

523 3261 630 3314 tuis
654 3261 874 3313 offertur
893 3299 908 3324 ,
938 3270 990 3312 et
1015 3259 1078 3310 ad
1107 3256 1490 3311 comedendum
1519 3257 1595 3307 ori
1626 3265 1714 3307 tuo
1741 3264 1946 3324 gratum
1978 3257 2098 3308 erit.

524 3329 641 3384 Jam
671 3323 1014 3384 formidabilis
1038 3343 1096 3381 es
1118 3328 1240 3380 feris
1269 3336 1322 3379 et
1352 3325 1652 3378 volatilibus
1673 3365 1687 3383 .
1718 3323 2103 3378 formidabilior

525 3400 654 3468 ipsis
681 3409 800 3468 post
824 3399 1159 3467 degustatum
1187 3396 1410 3468 fructum
1439 3394 1736 3468 videberis:
1762 3395 2017 3468 hactenus
2048 3403 2099 3448 te

522 3463 697 3523 forma
739 3463 966 3522 humaita
1009 3466 1384 3521 circumdatam
1425 3466 1790 3531 eonSpiciunt,
1826 3463 1934 3530 jam
1977 3480 2102 3518 vero

525 3549 644 3606 post
687 3539 1022 3607 degustatum
1063 3538 1285 3607 fructum
1326 3535 1500 3607 divina
1542 3534 1709 3607 forma
1742 3533 2015 3607 indueris,
2049 3545 2102 3587 et

523 3604 814 3678 cognoscES
838 3610 1104 3678 bonumet
1125 3606 1342 3678 malum.
1367 3605 1503 3678 Nihil
1527 3606 1622 3678 erit
1645 3604 1812 3657 oculis
1837 3604 2100 3678 occultum

526 3673 717 3730 vestris
739 3719 752 3741 ,
784 3678 911 3730 nihil
944 3676 1142 3728 auditui
1170 3685 1346 3728 vestro
1371 3674 1734 3726 absconditum
1761 3691 1774 3733 ;
1804 3673 1896 3725 sed
1926 3674 2100 3725 omnia

525 3748 749 3801 visibilia
796 3757 847 3800 et
893 3745 1172 3798 invisibilia
1214 3744 1362 3798 vobis
1393 3752 1549 3796 erunt
1577 3742 1852 3795 manifesta
1882 3751 1935 3796 et
1972 3756 2102 3794 con-

524 3819 726 3885 spicua.
780 3816 1095 3883 lllaqueatur
1138 3829 1264 3882 ergo
1295 3812 1603 3885 seductoris
1644 3812 1820 3885 verbis
1867 3811 2099 3885 mulier:

526 3882 804 3954 primoque
844 3886 1107 3950 serpentis
1140 3884 1394 3951 promissa
1424 3884 1473 3934 in
1506 3893 1720 3950 pectore
1743 3882 2022 3954 describit,
2051 3891 2106 3954 et

525 3951 1082 4011 contra-Conditorem
1111 3968 1261 4008 suum
1288 3957 1592 4006 calcaneum
1637 3951 1868 4006 extollit.
1902 3951 2102 4006 Deinde

525 4027 696 4079 virmn
724 4026 865 4086 adit,
897 4039 1126 4092 eumque
1152 4025 1232 4078 his
1279 4022 1453 4075 verbis
1501 4023 1618 4075 felle
1649 4021 1996 4075 amarioribus
2021 4021 2100 4075 al-

525 4095 759 4163 loquitur
787 4114 797 4146 :
828 4096 934 4149 Cur
964 4091 1115 4148 nobis
1159 4094 1408 4161 prmcepit
1443 4092 1580 4144 Deus
1610 4106 1676 4163 ne
1702 4091 2103 4163 comederemus

526 4162 721 4218 dehoc
751 4165 928 4233 ligno?
970 4167 1311 4228 Quacumque
1340 4163 1426 4214 die
1455 4162 1794 4216 comedemus
1814 4201 1828 4224 ,
1862 4162 2103 4233 aperienj-

527 4242 613 4289 tur
638 4235 773 4288 oculi
797 4232 988 4296 nostri,
1017 4243 1068 4285 et
1102 4246 1477 4299 cogitescemus
1507 4233 1702 4284 bonum
1735 4240 1786 4284 et
1813 4234 2026 4284 malum.
2060 4232 2103 4285 Ο

530 4304 816 4372 pessimum
850 4301 1166 4357 coosilium!
1200 4319 1231 4353 υ
1275 4301 1439 4372 verba
1483 4301 1604 4353 felle
1646 4301 1941 4372 amariora!
1987 4301 2102 4372 Non

536 4370 669 4426 vidit
697 4374 864 4426 oculis
893 4375 1002 4425 suis
1035 4372 1210 4424 lumen
1240 4370 1494 4432 veritatis,
1526 4386 1626 4421 non
1657 4371 1862 4434 excepit
1888 4371 2102 4423 auribus

528 4443 693 4510 ipsius
726 4445 847 4494 vine
876 4456 1212 4502 sermonem,
1247 4455 1348 4491 non
1380 4440 1606 4507 gustavit
1648 4452 1740 4510 ore
1769 4439 2102 4510 dulcedinem

529 4508 806 4567 clementis
853 4511 1096 4572 Domini,
1147 4526 1248 4562 non
1296 4511 1516 4577 Contigit
1547 4508 1788 4560 manibus
1835 4508 2104 4577 suisilucis

524 4583 759 4651 januam.
785 4586 921 4635 Ante
942 4580 1182 4650 cepulam
1205 4579 1375 4631 virum
1396 4576 1550 4651 suum
1570 4579 1675 4630 Deo
1695 4578 1923 4629 alicumn
1947 4576 2061 4628 fecit
2087 4592 2100 4636 ;

529 4648 650 4704 ante
693 4648 1135 4704 cohabitatioiiem
1190 4663 1363 4717 regem
1404 4648 1579 4717 effecit
1622 4661 1941 4716 pauperem;
1981 4655 2104 4699 ante

528 4730 826 4788 susceptain
877 4721 1076 4786 prolem
1121 4716 1706 4788 filiis'maledictionem
1762 4717 2100 4788 procuravit;

529 4785 811 4856 antequam
843 4785 976 4842 ﬁlios
1003 4788 1237 4854 filiasque
1267 4797 1472 4854 pareret
1493 4828 1504 4848 ,
1535 4787 1784 4841 exsilium
1818 4785 2102 4856 nepetibus

529 4854 747 4913 adduxit
772 4876 785 4921 ;
815 4871 1096 4926 antequam
1139 4872 1256 4910 cum
1287 4859 1401 4909 viro
1433 4857 1720 4926 habitaret,
1749 4869 1812 4907 ex
1857 4854 2101 4926 paradiso

529 4929 678 4983 illum
702 4925 1020 4982 deturbavit.
1050 4926 1094 4979 0
1125 4925 1444 4993 nequitiam!
1476 4942 1508 4977 o
1536 4926 1919 4993 insipientiam!
1951 4938 1982 4974 ο
2007 4925 2100 4977 fal-

530 4999 749 5052 laciam!
786 4998 970 5050 Verbis
1014 4997 1124 5049 suis
1157 4996 1206 5048 id
1255 5009 1380 5049 vero
1410 4995 1629 5060 suadet,
1680 4995 1750 5046 illi
1793 4995 2098 5060 decerptum

530 5067 756 5120 fructum
807 5066 996 5128 offert,
1043 5080 1269 5132 eumque
1313 5065 1366 5117 in
1409 5065 1723 5131 profundum
1773 5062 1965 5116 inferni
2008 5064 2099 5116 de-

528 5135 682 5207 ῇῇίεῇι,Δ
715 5138 801 5203 qui
853 5137 974 5189 feris
1027 5145 1080 5188 et
1131 5135 1432 5188 volatilibus
1485 5135 1723 5207 sublimis
1774 5132 2098 5207 videbatur:

529 5203 706 5272 dejicit
756 5214 984 5259 mentem
1013 5207 1246 5257 omnium
1273 5218 1390 5272 qua:
1420 5203 1517 5256 sub
1546 5203 1676 5255 ctelo
1706 5213 1826 5255 sunt
1855 5203 2100 5254 sinceris-

530 5271 764 5336 simam;
811 5274 1099 5342 exstinguit
1138 5271 1313 5326 lumen
1342 5273 1613 5327 oculorum
1661 5273 1823 5342 Deum
1863 5271 2101 5342 quotidie

529 5339 1038 5412 contemplantium':
1062 5357 1307 5412 pavorem
1327 5344 1491 5408 injicit
1517 5344 1567 5394 in
1593 5357 1714 5395 eum
1741 5339 2101 5412 qui_frequen-

530 5425 613 5467 ter
643 5409 808 5466 Deum
848 5409 1210 5479 alloquebatur
1240 5429 1253 5465 :
1288 5413 1528 5467 dissolvit
1570 5423 1757 5463 manus
1795 5409 1910 5462 illas
1936 5450 1950 5473 ,
1981 5425 2098 5476 qua:

531 5482 912 5537 benedixerant
938 5483 1122 5534 avibus
1157 5482 1270 5533 ca‘li
1297 5494 1349 5535 et
1377 5483 1558 5536 bestiis
1585 5492 1739 5533 terra!
1763 5520 1776 5541 ,
1813 5487 1969 5546 atque
1997 5480 2098 5532 illis

531 5553 741 5605 nomina
767 5551 1083 5604 indiderant.
1115 5551 1223 5603 Rex
1251 5550 1475 5604 eflicilur
1502 5565 1700 5618 pauper
1720 5591 1733 5612 ,
1764 5549 1910 5601 dives
1931 5588 1944 5605 .
1976 5562 2099 5616 ege-

533 5637 669 5683 nus;
709 5622 794 5687 qui
841 5623 1008 5674 amica
1051 5620 1434 5674 consuetmliue
1478 5620 1643 5673 Deum
1694 5619 2092 5687 alloquebatur,

533 5691 682 5757 quasi
712 5688 791 5743 fur
817 5692 915 5743 sub
942 5690 1133 5743 arbore
1163 5690 1491 5753 occultatur;
1517 5691 1758 5756 princeps
1781 5729 1794 5749 ,
1826 5688 2048 5740 famulus
2077 5730 2092 5754 ,

533 5773 694 5828 purus
718 5761 894 5819 corde,
927 5768 1066 5812 totus
1094 5757 1358 5828 sordidus,
1388 5759 1562 5812 animo
1591 5758 1916 5828 splendidus,
1951 5766 2096 5828 tene.-

537 5827 726 5883 brosus
752 5831 1102 5885 constituitur.
1118 5827 1300 5883 Videre
1317 5836 1430 5882 erat
1454 5842 1596 5894 eum,
1620 5828 1706 5896 qui
1739 5839 1791 5881 ut
1817 5827 1894 5881 sol
1920 5827 2096 5896 Splen-

2001 425 2267 482 SPURIA.

3671 445 3791 501 532

2209 537 2368 592 debat
2394 581 2410 605 ,
2442 539 2495 613 in
2527 540 2751 607 caligine
2791 552 3010 610 repente
3042 546 3269 612 positum
3295 562 3308 609 ;
3342 547 3428 613 qui
3460 547 3796 604 dmmonibus

2211 611 2515 661 tremendus
2542 622 2676 676 erat,
2711 615 2759 664 in
2793 611 3073 686 ludibrium
3109 618 3333 686 positum
3364 611 3379 681 ζ
3408 619 3497 686 qui
3529 619 3663 672 liber
3687 619 3796 673 for~

2209 689 2381 757 matus
2414 692 2525 757 erat
2548 693 2659 757 ,__ut
2691 697 2900 735 servum
2949 683 3316 757 a‘bscmidittun
3348 703 3360 749 ;
3393 683 3480 757 qui
3527 689 3796 757 gloriosus

2207 756 2262 800 et
2304 750 2628 826 honorabilis
2674 762 2826 815 erat,
2873 753 3252 826 uthiuglorium
3294 750 3671 824 sordidumque
3707 761 3789 826 ja-

2205 826 2431 896 centem.
2469 820 2821 896 Quapropter,
2859 820 3402 896 aitdito'resgbenevnli
3425 868 3438 890 ,
3464 820 3601 880 hanc
3628 820 3792 880 histo-

2206 890 2338 966 riam
2370 899 2669 966 repetentes
2695 932 2707 952 ,
2739 891 3012 966 videamus
3041 890 3326 966 Scriptum
3348 897 3601 966 abyssum
3627 939 3640 959 ,
3671 913 3795 951 nar-

2205 959 2425 1034 rationis
2470 960 2662 1034 seriem
2707 961 3038 1034 exhibentes.
3091 982 3109 1012 (
3147 959 3210 1034 Et
3253 964 3384 1017 vidit
3420 959 3612 1018 mulier
3651 968 3792 1034 quod

2206 1024 2401 1106 bonum
2430 1038 2571 1081 esset
2603 1029 2798 1106 lignum
2827 1032 2890 1084 ad
2918 1032 3303 1106 comedendum
3330 1075 3344 1096 ,
3375 1035 3596 1106 ct_qttod
3623 1024 3791 1090 oculis

2207 1094 2485 1175 placidum,
2511 1109 2563 1175 et
2584 1094 2882 1165 Speciosutn
2903 1101 2964 1175 ad
2991 1094 3406 1175 intelligendum.
3429 1094 3495 1157 Et
3523 1107 3796 1175 accipiens

2205 1165 2394 1240 mulier
2409 1166 2686 1240 defractu
2710 1209 2724 1228 ,
2755 1170 3006 1233 comedit,
3038 1182 3091 1226 et
3119 1165 3264 1225 dédit
3291 1174 3404 1225 viro
3434 1189 3529 1226 suo
3561 1194 3579 1224 ι
3619 1165 3790 1240 (Gen.

2203 1233 2255 1309 ξ.
2289 1235 2380 1309 (ξ).
2409 1236 2594 1309 Yiden’
2626 1241 2964 1305 voluptatem,
3000 1258 3115 1308 qua:
3145 1251 3367 1295 mortem
3401 1233 3685 1309 procurat?
3714 1247 3796 1297 vi-

2204 1302 2321 1384 dt'll:
2355 1307 2674 1375 voluptatem
2717 1302 2834 1376 qua)
2864 1310 2913 1362 in
2945 1302 3204 1364 infernum
3235 1302 3455 1384 dejicit?
3487 1314 3664 1384 vidcn‘
3690 1330 3792 1382 gn-

2203 1382 2483 1452 stationcm
2509 1417 2532 1452 ._
2566 1387 3009 1452 qumgustanlem
3041 1382 3340 1452 apparadiso
3369 1383 3598 1452 alienum
3632 1383 3793 1437 fat-it!

2203 1442 2369 1517 Nemo
2408 1442 2654 1499 cordatus
2692 1442 2888 1515 lignum
2927 1450 2974 1501 in
3003 1442 3211 1517 culpam
3272 1462 3462 1516 vocet,
3503 1451 3596 1505 sed
3638 1468 3794 1507 com-

2202 1516 2939 1594 edentem.Quemadmodum
2969 1516 3108 1594 enini
3138 1523 3177 1573 si
3206 1521 3321 1590 quis
3347 1537 3436 1594 rex
3467 1522 3618 1575 militi
3648 1537 3794 1591 prte-

2202 1589 2402 1664 cipiatI,
2445 1603 2510 1664 ne
2550 1602 2707 1653 quem
2745 1589 3041 1655 principum
3083 1589 3450 1664 intrareginm
3482 1589 3792 1646 cubiculum

2204 1654 2405 1733 ingredi
2449 1656 2625 1733 sinat,
2662 1654 3042 1733 aut__arcanttm
3092 1657 3187 1727 ipsi
3237 1654 3515 1733 revelatis,
3549 1671 3693 1715 vetet
3725 1677 3794 1716 ne

2202 1725 2475 1797 quisalius
2495 1725 2697 1797 ediscat
2720 1745 2732 1778 :
2758 1726 2845 1797 ille
2871 1742 2998 1781 vero
3023 1725 3268 1797 egressus
3296 1730 3343 1782 id
3374 1732 3642 1784 renuntiet
3669 1732 3794 1784 aliis

2206 1808 2308 1872 pro
2328 1794 2527 1857 lubito;
2559 1795 2643 1847 die
2675 1796 2830 1872 inihi,
2854 1811 2934 1872 an_
2963 1794 3075 1872 non
3103 1813 3292 1872 pinnas
3319 1799 3580 1872 dabitilie
3599 1841 3614 1865 ,
3645 1801 3794 1872 quod

2203 1866 2418 1935 regium‘
2453 1866 3072 1935 spreveritﬂimperium?
3103 1868 3329 1935 ldipsum
3372 1869 3420 1921 in
3462 1866 3677 1924 Adamo'
3716 1871 3797 1923 fa—

2203 1941 2366 2007 ctum.
2387 1931 2571 2007 Omnia
2593 1934 2688 2000 ipsi
2714 1931 2854 1988 Deus
2876 1934 3094 1989 dederat
3113 1937 3161 1990 in
3180 1931 3354 1991 cibum
3374 1949 3424 1991 et
3439 1941 3788 2007 voluptatem,

2203 2002 2442 2075 arbores,
2471 2002 2688 2075 fructus,
2709 2018 2893 2075 aquas,
2919 2006 3143 2072 paradisi
3167 2002 3792 2075 jucunditatcm,solcm,

2203 2069 2456 2145 lunamct
2481 2073 2667 2145 stellas
2682 2091 2698 2145 7:
2729 2069 2881 2126 unius
2909 2069 3033 2128 vero
3058 2069 3182 2145 ligni
3210 2077 3436 2131 fructum
3464 2069 3790 2133 servandum

2206 2141 2440 2201 tradidit,
2473 2141 2691 2216 dominii
2723 2141 3175 2216 argumentum'et
3206 2147 3486 2215 imaginem
3516 2149 3791 2216 praabetts,

2202 2220 2631 2284 princeptumque
2658 2213 2796 2284 dans
2816 2214 2881 2266 ad
2909 2213 3529 2284 obsequentianfOpificii
3555 2220 3661 2270 sui.
3695 2213 3794 2272 Ille

2203 2281 2589 2358 veronondum
2622 2282 2900 2358 in_tra__h:ec
2935 2281 3116 2358 gratiae
3146 2286 3304 2358 _do_na_
3320 2281 3617 2341 consistens
3641 2329 3656 2350 ,
3687 2303 3794 2342 nec

2203 2348 2914 2429 dignitatis__magnitttdinem
2940 2348 3003 2429 in
3029 2355 3194 2429 pretio
3218 2348 3653 2429 habensLneque
3680 2358 3791 2410 im-

2203 2420 2335 2492 perii
2365 2421 2445 2472 sui
2475 2420 3124 2492 libertatemcustodiens.
3160 2425 3394 2492 iniquum
3425 2420 3584 2479 illum'
3603 2436 3657 2480 et
3687 2427 3794 2479 ini-

2203 2489 2398 2574 micum
2426 2491 2664 2574 veritatis
2691 2491 2887 2572 audivit
2910 2502 3012 2574 .-ρξ’
3037 2489 3449 2574 ἰηοδερςιίιθηιίςξξ
3475 2512 3533 2549 se
3558 2496 3790 2560 dedidit.

2205 2556 2479 2639 factusque
2505 2568 2690 2639 est-ev
2710 2562 3014 2639 _immort_ali
3051 2556 3288 2639 mortalis
3312 2581 3326 2630 ;
3357 2566 3605 2639 princeps
3633 2556 3791 2639 para;

2202 2626 2480 2702 disi_ejus_
2505 2628 2828 2687 habitatione
2868 2632 3132 2699 privatus;
3161 2635 3248 2702 qui
3288 2626 3792 2690 veritatis'seinitas

2205 2698 2425 2775 terebat,
2452 2699 2750 2753 daemonum
2771 2698 3051 2775 ludibrium
3073 2698 3324 2775 effectus;
3348 2705 3433 2772 qui
3455 2706 3646 2772 plenus
3666 2705 3792 2773 Spi-

2203 2771 2305 2842 ritu
2333 2779 2516 2842 sancto
2543 2779 2673 2842 erat,
2706 2771 2979 2842 spiritibus
3006 2773 3247 2841 malignis
3264 2771 3526 2842 repletus;
3549 2775 3638 2841 qui
3665 2771 3793 2842 pro-

2204 2837 2397 2912 Βίιθιῖξιξ
2427 2838 2568 2912 εἰσιν)
2600 2838 2864 2912 fulgebat,
2896 2857 2960 2893 ne
2993 2842 3079 2912 sui
3103 2837 3337 2909 q'uidem'
3362 2844 3525 2912 ipsius
3564 2837 3788 2912 gnarus.

2205 2904 2473 2986 Completa
2500 2904 2728 2986 denique
2771 2904 3594 2986 illa_mortiferainobsequentia
3619 2955 3632 2976 ,
3663 2931 3788 2967 cum

2206 2974 2557 3055 advertissent
2587 2974 2753 3055 Adam
2782 2990 2832 3033 et
2853 2979 3061 3055 _Eva__se
3090 2981 3259 3055 nudos
3285 2974 3500 3055 esse:_ob
3523 2974 3788 3055 priet-ari-

2205 3047 2469 3098 cationem
2496 3065 2508 3098 :
2541 3047 2752 3114 quando
2781 3051 2919 3102 enim
2948 3048 3126 3103 divino
3156 3047 3565 3105 immortalitatis
3595 3056 3790 3106 vestitu

2204 3125 2500 3184 ornatuque
2536 3118 2713 3170 amicti
2745 3129 2930 3181 erant,
2975 3119 3263 3174 nuditatem
3308 3136 3454 3173 suam
3503 3137 3607 3173 non
3641 3123 3790 3175 vide-

2206 3183 2332 3237 bant
2359 3183 2524 3264 ..tmm
2563 3196 2737 3264 autem
2779 3188 3002 3242 accessit
3041 3191 3404 3264 praevaricatio
3429 3200 3531 3264 ,Act
3567 3193 3788 3245 inobse-

2205 3258 2435 3327 qttentize
2461 3270 2593 3327 opus
2620 3258 2907 3324 perfectum
2938 3267 3035 3322 est,
3069 3268 3192 3312 tunc
3219 3261 3601 3327 turpitudinem
3636 3277 3789 3314 suam

2207 3323 2468 3395 viderunt.
2504 3323 2700 3378 Deinde
2725 3327 3021 3392 Audierant,
3049 3329 3232 3395 inquit,
3258 3323 3420 3380 vocem
3451 3329 3659 3380 Domini
3680 3348 3790 3382 ant-

2208 3393 2423 3464 butantis
2452 3396 2504 3447 in
2534 3396 2774 3464 paradiso
2815 3399 2947 3449 circa
2988 3393 3242 3449 meridiem
3268 3438 3281 3459 ,
3313 3409 3356 3450 et
3387 3415 3439 3450 se
3468 3401 3791 3453 occultarum

2207 3462 2370 3538 Adam
2397 3473 2440 3516 et
2470 3462 2598 3516 uxor
2625 3468 2788 3538 ejusa
2818 3467 2945 3536 [acie
2979 3465 3178 3518 Domini
3207 3466 3299 3518 Dei
3327 3467 3474 3536 (Gen.
3505 3469 3559 3522 3.
3589 3469 3666 3538 8).
3704 3471 3792 3523 Fi-

2207 3532 2373 3604 ducire
2402 3548 2558 3586 causa
2591 3532 2922 3601 prrecisa'est
2951 3551 2966 3589 :
2993 3537 3136 3588 venit
3158 3532 3518 3604 prtcva'ricatio
3543 3580 3557 3600 ,
3584 3532 3639 3591 ei
3667 3556 3790 3594 sese

2207 3603 2475 3655 occultant
2505 3604 2570 3675 ab
2597 3604 2986 3672 Omnipotente.
3011 3603 3169 3658 Tales
3194 3617 3315 3660 sunt
3345 3607 3397 3671 ii,
3431 3609 3520 3675 qui
3555 3610 3791 3675 peccatis

2209 3683 2332 3743 sunt
2358 3674 2528 3725 onusti
2560 3681 2612 3726 ct
2642 3675 2834 3728 obruti.
2869 3675 2998 3727 Cum
3032 3677 3171 3729 enim
3201 3677 3316 3743 quis
3355 3674 3626 3731 seei-tatus
3655 3695 3793 3734 mae-

2207 3740 2664 3813 chatusvefuerit,
2695 3759 3043 3813 egressusque
3068 3761 3129 3799 ex
3163 3740 3452 3799 meretricis
3477 3748 3641 3812 janua
3665 3791 3679 3812 ,
3707 3752 3790 3802 in-

2209 3818 2412 3863 venerit
2441 3811 2623 3884 v_irumi
2644 3811 3021 3884 muliercmve,
3051 3816 3136 3883 qui
3169 3829 3446 3869 occursum
3478 3811 3792 3884 hujusmodi

2208 3890 2443 3954 narrent,
2469 3881 2512 3936 is
2542 3883 2626 3952 qui
2646 3894 2917 3952 peceatum
2941 3881 3435 3938 admisitexistimat
3459 3881 3791 3954 colloquium

2208 3951 2346 4003 circa
2372 3952 2540 4020 ipsum
2563 3951 2769 4005 versari
2795 3993 2810 4018 ,
2843 3962 2964 4006 tunc
2988 3955 3185 4021 pudore
3210 3957 3505 4023 roboreque
3533 3951 3789 4022 aflicitur,

2207 4031 2459 4092 urguente
2505 4023 2700 4088 peccati
2743 4024 3085 4077 conscientia.
3124 4024 3354 4091 ldipsum
3399 4027 3537 4092 passi
3577 4036 3702 4078 sunt
3731 4038 3787 4080 ιιι

2207 4091 2376 4144 Adam
2404 4100 2456 4145 et
2480 4092 2604 4145 Eva.
2637 4092 2768 4145 Nam
2798 4108 2939 4160 saspe
2969 4094 3074 4147 Deo
3105 4094 3153 4145 in
3184 4091 3427 4160 paradiso
3453 4095 3787 4155 ambulante.

2210 4176 2494 4229 numquam
2526 4162 2789 4231 pudefacti
2830 4165 2893 4215 ad
2929 4164 3042 4230 ejus
3082 4177 3359 4216 occursum
3402 4161 3610 4215 fuerant
3644 4181 3655 4214 :
3691 4167 3787 4218 sed

2208 4240 2320 4297 post
2366 4243 2636 4298 peceatum
2678 4240 2729 4284 et
2759 4232 3211 4298 inobsequentiam
3249 4245 3366 4284 sese
3396 4232 3731 4286 abscondunt
3759 4251 3787 4287 a

2207 4300 2339 4352 facie
2369 4300 2459 4353 Dei
2491 4310 2678 4354 cuncta
2710 4301 3244 4370 perspicientisthinc
3275 4316 3332 4354 se
3354 4301 3482 4354 lucri
3513 4304 3785 4370 quidpiam

2207 4380 2568 4440 reportaturus
2608 4379 2883 4438 sperantes
2916 4386 2928 4420 :
2968 4370 3059 4422 sed
3103 4368 3294 4424 frustra
3341 4372 3502 4424 cessit
3531 4368 3787 4440 ipsarum

2209 4438 2505 4505 prudentia.
2534 4439 2866 4507 QuaprOpter
2895 4441 3042 4506 quasi
3083 4441 3275 4492 nullam
3309 4438 3786 4495 haberent—defen-

2209 4507 2373 4560 sionis
2398 4523 2582 4580 ansam
2623 4519 2714 4580 aut
2756 4508 2997 4560 fiduciam
3038 4524 3158 4577 erga
3191 4511 3514 4580 occultorum
3547 4513 3790 4580 cognito-

2209 4590 2360 4641 rem,
2396 4578 2507 4644 ipse
2535 4578 2710 4631 cordis
2741 4586 2794 4630 et
2834 4592 3017 4630 renum
3063 4588 3323 4632 scrutator
3364 4579 3492 4633 dicit
3538 4578 3782 4632 Adamn:

2209 4645 2371 4719 Adam
2395 4687 2409 4709 ,
2441 4646 2791 4719 ιιιγὶῌςβγζϐρξηΣ
2825 4648 2875 4701 5.
2909 4647 3025 4719 9η
3067 4648 3389 4702 defensionis
3427 4663 3612 4703 ansam
3658 4651 3788 4719 ipsis

2208 4715 2448 4782 praebens
2479 4735 2491 4767 :
2525 4715 2618 4770 Ubi
2644 4733 2694 4768 es
2717 4716 2740 4768 ?
2764 4716 2878 4790 Jam
2911 4717 3136 4790 de_ligno
3162 4721 3434 4790 comedisti
3459 4760 3472 4782 ,
3503 4735 3602 4773 nec
3631 4715 3784 4790 opta-

2208 4794 2316 4838 tum
2348 4799 2406 4837 es
2433 4796 2748 4858 assequutus
2778 4804 2790 4836 :
2820 4787 2931 4858 jam
2972 4787 3024 4839 in
3065 4789 3553 4858 pnevaricationem
3605 4787 3785 4858 lapsus

2204 4870 2262 4909 es
2283 4896 2297 4920 ,
2330 4864 2382 4907 et
2407 4869 2432 4904 a
2468 4855 2740 4909 divinitate
2766 4856 3024 4910 excidisti.
3054 4858 3235 4917 Adam,
3265 4857 3346 4908 ubi
3367 4873 3416 4911 es
3440 4858 3464 4910 ?
3492 4858 3589 4913 Ille
3618 4855 3745 4914 vero
3771 4879 3782 4913 :

2215 4923 2392 4977 Vocem
2411 4933 2547 4976 tuam
2563 4926 3043 4978 audiviambulantis
3064 4927 3115 4978 in
3135 4927 3389 4992 paradiso,
3414 4938 3460 4980 et
3481 4930 3648 4994 timui,
3668 4932 3786 4991 quia

2203 4996 2368 5066 nudus
2397 5011 2545 5057 sum,
2578 5005 2623 5066 et
2653 5012 2730 5066 me
2756 4997 2998 5066 occultavi
3028 4995 3199 5066 (Ibid.
3232 5012 3276 5048 υ.
3310 4996 3431 5064 10).
3464 4998 3652 5052 Viden'
3683 5014 3778 5066 pu-

2203 5064 2386 5118 dorem
2425 5065 2672 5133 peccati?
2706 5065 2877 5118 viden’
2924 5065 3122 5130 peccati
3162 5066 3580 5133 turpitudinem?
3613 5064 3786 5121 viden’

2204 5134 2436 5203 tribunal
2474 5134 2607 5186 intra
2658 5134 2915 5203 Adamqu
2964 5138 3230 5203 positum,
3277 5135 3446 5203 ipsum
3489 5137 3739 5190 incusans
3766 5178 3781 5198 .

2203 5202 2342 5273 quod
2365 5202 2532 5273 a_Deo
2552 5217 2608 5254 se
2629 5201 3048 5273 abalienaverit?
3081 5201 3320 5273 Dixitque
3350 5206 3522 5258 Deus:
3554 5206 3677 5270 Quis
3699 5209 3783 5258 tibi

2202 5271 2439 5343 indicavit
2463 5311 2477 5332 ,
2506 5271 2638 5338 quod
2668 5271 2831 5343 nudus
2856 5287 2983 5325 esses
3004 5313 3017 5331 ,
3051 5274 3146 5325 nisi
3173 5271 3288 5342 quia
3313 5290 3374 5327 ex
3394 5276 3533 5343 ligno
3553 5315 3567 5338 ,
3599 5291 3664 5327 ex
3687 5293 3783 5342 quo

2202 5341 2309 5391 solo
2350 5355 2679 5406 pra'ceperam
2725 5341 2810 5392 tibi
2851 5357 2912 5392 ne
2940 5341 3216 5396 comederes
3241 5385 3255 5407 ,
3295 5359 3357 5396 ea:
3395 5341 3483 5396 illo
3524 5341 3785 5397 comi-diin

2205 5407 2379 5478 (Ibid.
2411 5424 2456 5461 υ.
2490 5411 2548 5463 Η
2583 5416 2634 5477 ρ
2658 5409 2904 5462 DimisiSti
2934 5425 3019 5464 me
3044 5411 3404 5475 Conditorem,
3433 5421 3485 5465 et
3515 5413 3580 5464 ad
3611 5415 3784 5468 inimi-

2203 5495 2322 5530 cum
2351 5478 2588 5532 defecisti
2622 5497 2633 5531 :
2665 5479 2922 5547 reliquisti
2965 5495 3048 5532 me
3076 5481 3379 5535 Creatorem
3406 5521 3421 5543 ,
3453 5493 3506 5534 et
3536 5496 3657 5535 cum
3694 5499 3751 5537 se

2204 5548 2420 5620 ductore
2446 5548 2780 5620 consensisti.
2806 5548 2912 5616 Ego
2936 5549 3023 5602 tibi
3049 5565 3401 5620 praeceperant
3423 5559 3482 5620 ut
3507 5566 3573 5604 ne
3594 5568 3658 5606 ex
3685 5554 3782 5607 hoc

2208 5618 2322 5669 solo
2351 5617 2657 5671 comederes
2677 5659 2691 5677 .
2719 5629 2773 5671 ct
2806 5629 2857 5670 tu
2885 5633 3002 5671 cum
3030 5617 3241 5674 diabolo
3270 5619 3547 5672 consilium
3578 5621 3780 5675 iniistt?

2207 5686 2498 5753 Respondit
2538 5687 2746 5740 Adam:
2789 5687 2994 5751 Mulier,
3043 5706 3192 5756 quam
3239 5690 3412 5740 dedisti
3463 5691 3626 5751 mihi,
3671 5695 3781 5757 ipsa

2206 5756 2326 5807 milii
2355 5757 2487 5809 dedit
2509 5757 2568 5808 de
2584 5758 2738 5825 ligno,
2767 5767 2812 5810 et
2839 5759 3028 5811 comedi
3051 5758 3201 5827 (Gen.
3226 5761 3274 5811 3.
3312 5758 3413 5818 l2).
3435 5759 3477 5812 0
3503 5756 3778 5815 obtentum

2210 5828 2416 5881 ratione
2440 5841 2656 5881 vacuum
2684 5827 2696 5879 !
2729 5845 2759 5884 ο
2786 5828 3145 5885 defensionem
3175 5829 3404 5898 loquenti
3436 5828 3498 5882 ad
3527 5830 3656 5886 uibil
3681 5833 3780 5885 uti-
