3978 6416
237 440 352 498 533

234 532 339 589 lem
364 532 379 583 ι
402 529 656 596 qdictum
684 540 921 579 amarum
937 524 1132 596 dicenti
1160 539 1263 576 non
1285 526 1548 579 salutare!
1580 524 1809 596 Uxorem

231 602 354 656 dedi
387 592 478 653 tibi
498 597 829 664 adjutricetn,
857 610 961 647 non
992 595 1170 646 lteram
1197 610 1210 656 ;
1243 606 1563 654 consortem,
1593 610 1695 646 non
1716 592 1811 645 do-

233 674 431 723 minam
458 685 471 731 ;
503 678 556 719 ttt
580 665 904 719 consentiret
928 703 942 722 ,
973 679 1076 714 non
1110 672 1163 714 ut
1199 664 1409 715 doceret
1438 682 1452 723 ;
1490 664 1765 730 conjugem
1791 701 1807 725 ,

233 756 339 793 non
359 741 733 806 imperantem;
756 733 1039 806 subditam,
1064 748 1164 783 non
1183 732 1542 806 sublimiorem
1565 749 1578 793 ;
1604 732 1694 784 tibi
1714 731 1807 783 ob-

231 802 545 876 sequentem
574 847 585 868 ,
620 820 744 876 uon_
756 811 807 876 te
834 802 1219 876 subjicieotem.
1248 802 1599 876 Quamobrem
1630 810 1810 876 utpote

231 870 326 943 qui
352 877 620 929 inimicum
648 872 877 925 audieris
899 911 914 935 ,
948 870 1177 943 mihique
1205 885 1308 923 non
1336 870 1805 943 obtemperaveris,

230 940 418 1013 accipe
443 943 854 1013 correptionem,
884 954 1039 1007 quam
1071 940 1315 991 diuturna
1341 940 1531 1013 sarcula
1564 955 1667 992 non
1693 954 1805 1013 mu—_

233 1006 459 1075 tabum,
504 1006 655 1080 cujus
694 1006 1145 1080 terminosnemo
1186 1008 1624 1075 transgredietur,
1666 1006 1807 1076 quod

232 1085 451 1153 pelagus
480 1078 584 1135 non
609 1080 862 1153 trajiciet
883 1078 1121 1153 quisquis
1162 1089 1432 1153 assumpto
1458 1092 1684 1153 corpore
1714 1091 1808 1129 ve-

233 1146 427 1207 itiet'in
461 1146 735 1205 mundum.
768 1147 920 1210 Vide,
949 1146 1115 1199 Adam
1140 1186 1154 1206 ,
1196 1163 1214 1195 ι
1246 1146 1377 1213 Quia
1406 1147 1595 1199 audisti
1624 1161 1807 1198 vocem

232 1224 415 1275 uxoris
443 1232 566 1286 tum,
598 1228 652 1273 et
680 1216 953 1271 comedisti
981 1216 1047 1269 de
1078 1217 1216 1286 ligno
1241 1216 1308 1268 de
1335 1231 1439 1280 quo
1462 1216 1575 1269 solo
1608 1229 1808 1286 pratce-

233 1307 417 1360 peram
449 1291 537 1360 tibi
554 1284 631 1342 ine
656 1286 982 1360 comederes,
1013 1285 1288 1360 maledicta
1313 1292 1454 1360 terra
1483 1287 1533 1360 in
1562 1284 1809 1360 operibus

233 1354 339 1413 tuis
364 1377 377 1413 :
410 1363 460 1413 in
486 1359 758 1412 doloribus
779 1354 1025 1408 comedes
1047 1355 1185 1406 illam
1210 1355 1452 1407 omnibus
1478 1354 1661 1407 diebus
1685 1354 1810 1407 vita:

234 1442 361 1483 tum.
393 1430 584 1498 Spinas
610 1436 663 1498 et
692 1425 911 1498 tribulos
949 1423 1265 1498 germinabit
1297 1424 1389 1477 tibi
1414 1435 1524 1498 ,_et
1563 1422 1810 1477 comedes

232 1494 593 1566 faenum'agri.
624 1497 677 1548 In
721 1495 911 1566 sudore
948 1494 1120 1566 vultus
1152 1495 1225 1546 ttti
1254 1495 1484 1546 vesceris
1514 1507 1650 1561 pane
1677 1501 1771 1566 tuo
1791 1531 1806 1557 ,

232 1569 407 1622 donec
437 1562 717 1620 revertaris
748 1565 797 1615 iu
826 1573 1040 1623 terram,
1067 1562 1135 1615 de
1163 1578 1261 1629 qua
1294 1572 1533 1628 sumplus
1560 1578 1616 1616 es
1646 1579 1658 1613 :
1688 1562 1807 1629 quia

233 1646 377 1691 terra
405 1653 464 1690 es
488 1677 502 1699 ,
551 1645 603 1688 et
649 1637 697 1687 iit
745 1644 936 1685 terram
968 1632 1135 1684 abibis
1159 1628 1189 1681 »⁷
1218 1633 1236 1699 (
1267 1631 1390 1684 Gen.
1421 1633 1473 1685 '5.
1508 1631 1668 1685 l7-l9
1696 1628 1734 1699 ).
1766 1628 1809 1683 Ο

232 1707 664 1760 maledictionem
691 1744 705 1767 ,
754 1717 871 1770 quae
916 1701 1205 1753 visibilibus
1232 1701 1659 1770 etiuvisibilibus
1703 1708 1809 1754 tre-

232 1791 439 1830 merent
482 1775 702 1827 incutit!
732 1768 1023 1833 o'dictum,
1060 1770 1198 1836 quod
1230 1769 1428 1822 infinita
1467 1768 1656 1823 smcnla
1705 1784 1807 1822 non

233 1846 517 1899 mutabunt
546 1844 558 1895 ι
590 1858 621 1892 o
648 1842 1036 1907 corruptionem
1062 1878 1075 1898 ,
1105 1852 1260 1906 quam
1289 1838 1468 1892 mundi
1495 1838 1810 1892 diuturnitas

231 1930 342 1968 non
372 1913 662 1981 antiquavit
690 1912 702 1963 ε
735 1924 768 1961 o
806 1910 1000 1981 dictum
1043 1907 1181 1974 quod
1225 1923 1374 1981 rcges
1413 1916 1467 1981 et
1508 1909 1806 1981 principes,

230 1982 432 2036 divites
457 1976 513 2034 et
539 1994 795 2050 pauperes
824 1978 1136 2050 horrescunt
1164 1986 1218 2031 et
1245 1979 1431 2050 timent
1459 1980 1470 2031 l
1511 1996 1529 2026 ι
1558 1978 1624 2050 Et
1650 1976 1809 2050 ejecit

234 2052 495 2105 Dominus
521 2046 685 2102 Adam
704 2060 756 2102 et
777 2062 992 2100 uxorem
1015 2046 1127 2113 ejus
1148 2062 1210 2099 ex
1243 2048 1484 2111 paradiso
1506 2046 1806 2114 voluptatis,

232 2130 293 2173 ut
320 2131 631 2188 operaretur
658 2131 868 2177 terram,
902 2116 966 2168 de
990 2130 1091 2188 q_ua
1118 2126 1359 2183 sumptus
1379 2126 1497 2188 est;
1528 2126 1579 2169 et
1609 2130 1809 2184 praece-

234 2193 311 2257 pit
345 2185 595 2241 Dominus
622 2188 984 2257 Cherubim_et
1011 2185 1312 2257 flammeum
1338 2186 1569 2257 gladium
1589 2226 1603 2250 ,
1637 2194 1693 2238 ut
1712 2200 1807 2257 eu-

231 2253 500 2313 stodircnt
544 2258 843 2325 paradisum
887 2255 1048 2307 Edent
1085 2272 1102 2304 ι
1151 2253 1317 2323 (Gen.
1347 2257 1398 2309 '5.
1428 2255 1530 2323 26)
1553 2294 1569 2319 ,
1608 2263 1661 2325 et
1694 2254 1810 2321 ejus

232 2330 438 2380 aditum
469 2324 792 2379 inaccessum
824 2334 1115 2383 servarent,
1150 2340 1216 2377 ne
1241 2325 1357 2392 quis
1388 2340 1546 2377 carne
1573 2324 1805 2389 indutus,

232 2411 288 2451 et
318 2399 560 2465 corporis
588 2396 723 2448 mole
751 2394 1125 2465 circumdatus,
1155 2407 1247 2459 per
1274 2394 1387 2465 ejus
1413 2395 1614 2465 ostium
1636 2402 1809 2445 trans-

235 2468 358 2520 iret.
380 2462 704 2518 Dotuiuicuut
725 2479 847 2515 vero
863 2462 1057 2514 dictum
1078 2471 1329 2514 :eterttunt
1347 2462 1526 2514 habuit
1541 2462 1806 2524 effectum,

234 2537 453 2603 lta‘cque
484 2536 739 2587 sententia
769 2542 988 2603 mortem
1019 2534 1067 2603 in
1094 2531 1343 2583 mundum
1371 2532 1604 2584 induxit:
1636 2546 1811 2598 reges-

230 2621 337 2674 que
366 2600 463 2670 ipsi
498 2605 631 2674 hanc
650 2616 841 2674 vocem
862 2600 1162 2661 formidant,
1195 2615 1255 2674 ac
1279 2603 1805 2668 principestremunt;

232 2671 425 2725 divites
456 2675 504 2725 in
534 2673 631 2725 hac
660 2671 843 2724 int-lusi
868 2672 1284 2735 suntseutentia,
1315 2684 1569 2739 pauperes
1593 2674 1691 2723 hoc
1710 2685 1808 2725 ceu

234 2743 475 2797 debitqu
506 2748 813 2809 exspectant
844 2756 855 2790 :
889 2748 1197 2806 exspectant
1227 2740 1404 2809 utique
1431 2741 1629 2793 obitum
1664 2754 1807 2809 mor-

236 2816 368 2864 tales
390 2827 574 2865 omnes
594 2808 613 2873 ,
641 2820 817 2877 utpote
846 2817 1040 2861 natura:
1062 2817 1352 2861 consortes.
1374 2808 1506 2874 Quid
1529 2810 1666 2877 euint
1692 2808 1812 2862 fecit

236 2884 406 2933 Adam
430 2890 575 2934 extra
604 2876 901 2947 paradisum
928 2878 1241 2929 οιιιιςιίιιιιιις
1265 2881 1287 2929 ‘!
1312 2878 1526 2930 Terram
1557 2876 1806 2943 fodiebat,

235 2966 356 3003 cum
391 2950 515 3003 ﬂetu
540 2950 877 3015 operabatur,
910 2961 1027 2997 cum
1055 2948 1273 3011 gemitu,
1296 2947 1494 3015 sudore
1528 2946 1767 3013 perfusus
1792 2988 1806 3010 ,

237 3034 399 3072 onera
430 3014 685 3085 bajulans,
716 3028 845 3067 cestu
877 3015 1003 3085 solis
1031 3014 1365 3076 intolerabili,
1397 3016 1669 3080 noctisque
1692 3017 1809 3083 gelu

238 3083 537 3155 frigoreqtie
562 3086 841 3155 cruciatus,
870 3083 1025 3155 flendi
1056 3086 1210 3137 linem
1236 3099 1337 3137 non
1366 3087 1610 3147 faciebat;
1636 3095 1809 3139 mente

239 3153 515 3211 revolvens
537 3153 828 3222 cujusmodi
853 3154 1115 3221 voluptate
1138 3155 1365 3220 privatus
1403 3163 1560 3216 esset,
1587 3156 1692 3206 imo
1722 3170 1811 3222 pe.

237 3238 387 3281 ctore
411 3228 637 3295 gemitus
666 3223 1189 3295 mttittehatporeque
1216 3225 1372 3295 verba
1401 3224 1584 3276 dolore
1607 3224 1766 3295 plena
1792 3241 1805 3277 :

239 3292 435 3363 apertis
464 3308 647 3348 versus
676 3292 1034 3363 Edetuoculis
1061 3303 1264 3363 ,_caput
1294 3294 1413 3345 hinc
1446 3304 1499 3345 et
1532 3294 1654 3363 inde
1692 3308 1807 3363 tuo-

238 3360 392 3431 veus,
420 3363 789 3419 miserabiliter
812 3360 1058 3431 ejulabat,
1092 3361 1336 3431 luctuque
1358 3375 1459 3413 non
1478 3362 1805 3431 consolabili,

241 3435 355 3491 tunc
383 3429 521 3489 voce
564 3449 745 3499 magna
780 3429 1081 3483 clam:tbat:
1118 3429 1228 3483 Heu
1272 3430 1479 3497 quantis
1520 3430 1671 3484 bonis
1706 3433 1809 3484 tuis

240 3506 435 3570 excidi,
461 3498 759 3557 felicissime
784 3500 1022 3568 paradise
1044 3502 1073 3570 ?_
1097 3500 1196 3570 heu
1223 3507 1417 3570 quanto
1445 3498 1634 3567 gaudio
1662 3514 1809 3553 meus

241 3568 548 3642 replebatur
573 3574 812 3642 animus,
843 3584 962 3642 cum
994 3568 1435 3642 pulchritudinem
1466 3578 1605 3620 tuam
1637 3570 1808 3642 reSpi-

240 3637 417 3698 cerem
441 3646 453 3695 l
487 3659 519 3696 ο
546 3650 737 3709 quanta
763 3639 969 3709 fruebar
995 3638 1344 3709 exsultatiOue
1376 3637 1512 3690 intra
1538 3646 1587 3691 te
1613 3640 1809 3691 consti-

242 3724 385 3765 tutus
413 3713 424 3763 !
452 3705 619 3777 Quam
666 3708 879 3760 lastabar
913 3722 976 3777 ett
1008 3706 1169 3759 odore
1200 3705 1387 3777 llortuu
1428 3714 1634 3759 tuorum
1662 3709 1674 3759 l
1704 3721 1808 3775 quo

242 3793 397 3847 pacto
428 3775 553 3832 mihi
596 3792 773 3830 mensa
808 3777 924 3847 sine
950 3775 1129 3828 labore
1158 3776 1437 3847 parabatur
1465 3778 1477 3828 !
1510 3790 1626 3847 quo
1657 3787 1808 3847 pacto

243 3844 367 3903 mihi
400 3859 573 3903 crater
606 3846 817 3914 perenni
851 3846 1051 3910 liquore
1082 3844 1362 3895 manabat!
1400 3844 1665 3910 quomodo
1693 3846 1806 3896 ani-

243 3936 384 3971 mum
430 3913 701 3971 recreabat
740 3916 1042 3992 angelorum
1081 3914 1448 3992 consortium“
1474 3914 1520 3992 tu
1542 3913 1806 3992 quomodo

240 3991 423 4041 oculos
448 3987 775 4040 illuminabat
799 3985 883 4034 lux
910 3981 1365 4049 splendidissima!
1390 3981 1602 4048 Opillcia
1631 3983 1806 4035 omnia

245 4069 511 4125 tamquam
551 4069 727 4122 regem
772 4067 856 4105 nte
898 4067 947 4103 tu
987 4052 1186 4125 honore
1233 4051 1512 4125 habebant.
1552 4050 1807 4125 Omnibus

242 4120 705 4180 feris'tremeudus
733 4135 877 4174 eram
911 4139 923 4173 :
955 4120 1160 4172 cunctis
1184 4120 1485 4173 volucribus
1510 4134 1605 4187 pro
1645 4120 1807 4173 lttbito

242 4195 564 4262 imperabant
597 4210 609 4243 :
639 4200 879 4262 creatura
906 4188 1078 4262 omuis
1121 4203 1205 4242 me
1233 4198 1493 4262 tamquam
1533 4188 1803 4262 dominum

242 4257 584 4331 respiciebat.
610 4261 699 4313 llis
727 4259 878 4312 bon'is
904 4257 1070 4310 excidi
1102 4272 1197 4331 per
1228 4258 1706 4331 pra:_varicatiouetn
1732 4274 1806 4331 ge

244 4325 513 4399 voluptate
556 4330 790 4397 dt‘jt‘Cltls
833 4341 951 4399 sum
986 4325 1134 4399 quasi
1174 4328 1527 4399 mancipium;
1556 4341 1585 4379 a
1615 4325 1805 4399 gaudio

245 4412 333 4454 tuo
362 4395 669 4453 deturbatus
705 4402 849 4463 quasi
883 4397 1191 4461 improbus;
1235 4410 1265 4448 e
1301 4395 1569 4447 domicilio
1597 4405 1685 4447 tuo
1714 4397 1805 4449 de-

240 4481 419 4523 trusus
446 4470 590 4537 quasi
619 4469 881 4537 fugitivus.
911 4464 1045 4537 Quid
1078 4466 1297 4537 primum
1325 4463 1549 4537 lugeam,
1572 4465 1704 4537 quid_
1719 4479 1803 4518 se-

239 4533 513 4591 conditui?
560 4533 688 4587 uutu
728 4534 1128 4600 pulchritudinis
1175 4544 1277 4585 tuae
1324 4533 1803 4599 privationem?an

240 4609 491 4673 gaudium
519 4619 747 4671 perenne
766 4644 778 4663 ,
814 4604 970 4653 vitam
996 4604 1136 4655 curis
1166 4616 1421 4673 vacuam,
1450 4602 1669 4673 gloriam
1701 4618 1803 4656 non

242 4670 436 4729 fluxam
459 4675 481 4725 ’ἰ
518 4670 893 4739 angelorumnc
930 4673 1249 4723 consortium
1290 4670 1582 4723 amissum?
1608 4687 1672 4723 an
1716 4686 1804 4723 ar-

241 4743 619 4812 cltaugelorum
658 4739 1295 4812 sublatumcolloquium?
1320 4742 1479 4812 regni
1517 4740 1761 4812 decorem
1785 4781 1800 4803 ,

241 4807 491 4865 arborum
513 4814 886 4868 atuteuitateut,
919 4809 1128 4860 luntiuts
1150 4810 1220 4860 ttti
1254 4807 1609 4874 splendorem,
1640 4809 1806 4876 fulgo-

242 4899 352 4935 rem
384 4895 662 4947 pereuuem
682 4882 703 4929 Ἰ
745 4879 1029 4929 nuditatem
1074 4892 1243 4947 meatu
1269 4917 1282 4938 ,
1303 4877 1651 4947 turpitudinis
1679 4878 1804 4929 reli-

239 4944 426 5018 quias,
464 4952 921 5018 exprobrationem
965 4945 1268 5018 angelorum
1300 4945 1321 4997 ἲ
1352 4944 1806 5018 ferat-tuurebel-

238 5014 460 5077 limwm,
485 5018 841 5085 jutueutorutn
874 5014 1365 5085 inobsequeutiam?
1399 5016 1488 5085 Dei
1519 5016 1801 5067 amicitiam

240 5084 531 5154 perditam.
574 5087 795 5150 Spiritus
842 5084 1152 5136 recessum?
1201 5084 1572 5136 beatitudinem
1596 5098 1805 5154 perpe-

240 5151 424 5209 t‘uant?
455 5158 567 5219 Quo
600 5156 778 5215 luctu,
819 5168 922 5219 quo
965 5153 1087 5205 lletu
1137 5154 1246 5204 haec
1283 5151 1611 5219 prosequar?
1648 5167 1805 5219 quam

241 5225 659 5277 ltomiliationem
704 5221 1093 5286 amplexabor"
1130 5236 1285 5287 quam
1328 5220 1634 5287 tragoediam
1680 5222 1808 5272 inci—

238 5298 378 5362 piant
406 5294 428 5344 ’ἰ
466 5307 621 5359 quem
663 5290 909 5357 ejulatum
955 5290 1229 5340 emittam?
1263 5304 1417 5357 quem
1447 5290 1681 5341 dolorem
1714 5305 1810 5362 se-

237 5359 378 5413 italu)
399 5404 413 5425 ,
446 5376 510 5411 au
543 5372 859 5430 praesentem
884 5397 897 5420 ,
925 5371 990 5430 an
1022 5367 1327 5430 sequentem
1349 5396 1363 5419 ,
1392 5371 1457 5409 an
1489 5373 1607 5430 eum
1640 5359 1725 5425 qui
1756 5359 1807 5410 in

238 5431 463 5484 inferis?
488 5426 562 5481 ati
581 5428 827 5481 sudorcnt
855 5426 1046 5487 vultus,
1074 5428 1340 5493 Spinarum
1373 5428 1625 5493 germina,
1655 5436 1807 5479 terra:

236 5498 694 5563 ittt'l‘upuliollelll?
734 5496 842 5547 Non
874 5496 982 5545 fero
1012 5494 1212 5546 doloris
1238 5496 1485 5561 reliquias
1506 5536 1520 5559 ,
1554 5512 1657 5547 non
1695 5494 1808 5547 fero

233 5581 491 5637 κιιιιιιιιιιιι
512 5607 527 5631 ,
570 5581 672 5618 non
720 5565 831 5617 fero
862 5566 1140 5629 voluptatis
1172 5574 1273 5615 tua:
1314 5573 1689 5631 Conspectum,
1720 5578 1808 5616 co-

307 5722 641 5830 "mCImLIIHtlS,
685 5722 917 5781 quomodo
961 5720 1279 5768 oblectabatur
1312 5719 1499 5769 animus
1532 5719 1809 5781 angelorum

307 5798 315 5829 :
401 5797 448 5830 ta
476 5815 488 5830 .

236 5797 395 5832 υεειυυ
401 5797 448 5831 ια
476 5797 488 5832 o‘

1438 410 1501 465 IN
1538 409 1831 465 CENESIM
1870 408 2099 466 SERMO
2138 409 2222 463 lll.

3375 433 3489 490 534

1916 538 2029 577 ram
2049 534 2097 576 te
2123 523 2454 577 constitutus.
2478 524 2769 578 Extraneus
2788 523 2876 579 tibi
2906 523 3274 593 domicilioque
3296 532 3386 577 tuo
3412 528 3488 578 fa-

1915 603 2032 663 ctus
2062 607 2176 645 sum
2202 636 2213 653 ,
2246 593 2551 663 alienusque
2579 610 2606 647 a
2637 596 2851 661 perenni
2882 610 2978 647 usu
3020 595 3092 647 tui
3115 636 3127 654 ,
3163 601 3369 663 propria
3397 609 3487 647 vo.

1916 662 2116 715 luntate
2144 678 2228 715 me
2257 662 2485 716 alienum
2515 679 2543 715 a
2577 665 2683 717 Deo
2721 665 2989 718 constitui.
3036 662 3269 718 Alienus
3291 662 3485 717 dehinc

1916 746 2009 784 ero
2050 746 2080 783 a
2122 740 2211 783 tuo
2246 742 2529 798 conspectu
2579 744 2631 785 ct
2669 735 3133 799 contemplatione.
3189 733 3299 787 Non
3352 734 3486 788 ultra

1916 799 2060 853 fruar
2083 802 2348 871 voluptate
2374 812 2492 862 tua;
2522 817 2623 853 non
2653 803 2786 856 ultra
2813 804 3134 856 beatitudine
3164 812 3247 855 tua
3278 805 3482 871 potiar;

1915 885 2020 922 non
2054 870 2187 922 ultra
2218 870 2359 922 fruar
2384 883 2597 937 aSpcctu
2629 881 2715 923 tuo
2742 888 2755 932 ;
2789 889 2889 925 non
2927 874 3060 924 ultra
3100 872 3259 926 radiis
3282 870 3389 926 tuis
3417 873 3482 925 il-

1916 938 2214 998 lustrabor;
2248 953 2350 991 non
2382 941 2514 991 ultra
2546 943 2594 991 iu
2631 950 2679 993 te
2711 940 2973 994 habitabo.
3005 941 3189 994 Omnia
3221 941 3346 995 milti
3380 941 3487 994 fru-

1915 1016 2021 1061 stra
2066 1022 2308 1071 cessere;
2350 1010 2525 1061 omnia
2574 1020 2629 1060 ut
2672 1012 2853 1062 umbra
2897 1014 3220 1063 transierunt
3247 1049 3261 1070 .
3309 1013 3485 1063 omnia

1916 1078 2061 1131 velut
2099 1079 2361 1130 somnium
2392 1080 2792 1144 prteterierunt,
2833 1083 3007 1132 omnia
3053 1081 3119 1132 ab
3148 1080 3312 1131 oculis
3353 1078 3483 1132 meis

1913 1147 2305 1207 abscesserunt,
2326 1148 2471 1213 quasi
2496 1164 2777 1215 numquam
2800 1151 3143 1202 exsdtissent.
3176 1148 3305 1201 Num
3335 1158 3485 1216 potes

1913 1216 2071 1285 etiam
2101 1225 2154 1267 ttt
2184 1216 2445 1285 Opificem
2487 1232 2673 1283 rogare
2698 1257 2712 1277 ,
2756 1226 2812 1269 ut
2850 1234 2917 1272 ne
2956 1219 3022 1270 ab
3063 1218 3360 1271 habitaculo
3395 1226 3485 1270 tuo

1914 1284 2199 1337 dctrudar?
2232 1286 2409 1339 Flecte
2434 1286 2651 1338 arbores
2680 1296 2817 1351 tnas,
2843 1298 2897 1341 et
2925 1288 3210 1355 procumbe
3238 1297 3358 1338 ante
3383 1287 3483 1338 tni-

1914 1363 2201 1407 suatorem
2237 1355 2405 1416 illum,
2439 1355 2610 1406 sonitu
2640 1354 2879 1409 foliorum
2911 1367 3116 1409 tuorum
3145 1355 3350 1408 fortiter
3376 1356 3484 1408 cla-

1916 1438 2019 1493 ma.
2054 1423 2410 1476 Felicissimus
2442 1424 2606 1475 factus
2628 1440 2686 1477 es
2712 1425 2859 1493 jussu
2892 1426 3117 1491 Domini,
3149 1440 3211 1478 ac
3240 1424 3483 1478 fiduciam

1915 1491 2079 1563 habes
2101 1532 2115 1551 ,
2140 1501 2320 1559 utpote
2347 1494 2533 1545 domus
2565 1494 2653 1547 Dei
2684 1491 2867 1548 nostri.
2903 1496 3099 1549 Attolle
3125 1495 3272 1563 quasi
3302 1495 3484 1547 oeulos

1915 1560 2178 1614 fructuum
2210 1572 2417 1631 tuorum
2445 1564 2674 1630 speciem
2712 1572 2764 1617 et
2802 1566 2948 1631 quasi
2974 1579 3032 1616 os
3060 1560 3312 1631 eloquens
3340 1565 3487 1629 plan-

1915 1638 2086 1683 tarum
2121 1641 2325 1684 tuarum
2356 1630 2593 1691 odorem,
2624 1642 2679 1685 ttt
2700 1630 2913 1699 apertus
2944 1630 3377 1687 maneas’atuanti
3412 1642 3479 1687 te.

1918 1700 2053 1771 Ecce
2093 1701 2198 1766 jam
2238 1715 2298 1771 os
2328 1715 2500 1771 meum
2532 1702 2805 1754 clamando
2832 1703 3167 1771 defatigatum
3205 1712 3320 1765 est;
3356 1715 3483 1756 ecce

1914 1768 2088 1835 lingua
2113 1785 2225 1822 mea
2250 1770 2496 1835 loquendi
2526 1772 2680 1823 linem
2710 1770 2867 1833 fecit;
2901 1768 3025 1826 ecce
3051 1773 3224 1824 fauces
3251 1786 3381 1823 mea:
3408 1771 3484 1824 si-

1916 1838 2077 1891 lentio
2106 1839 2437 1908 colligantur.
2473 1838 2542 1894 Ut
2571 1841 2712 1908 pravi
2743 1843 2946 1895 consilii
2973 1842 3272 1901 damnatus,
3306 1852 3360 1891 ιιι
3389 1840 3486 1893 mi-

1913 1922 2001 1961 ser
2022 1906 2265 1969 nudatus,
2296 1917 2353 1961 ut
2374 1906 2786 1976 impiusﬁejectus
2813 1924 2949 1974 sum,
2978 1918 3033 1963 ut
3060 1922 3297 1965 terrenus
3329 1918 3483 1962 teme

1914 1990 2030 2029 sum
2059 1977 2279 2029 ιτςιώιιιε
2303 2018 2317 2040 ,
2348 1993 2412 2030 ex
2440 1993 2538 2045 qua
2572 1979 2707 2030 exivi
2734 1995 2747 2041 ;
2781 1980 2831 2031 iu
2859 1995 2974 2031 eam
3003 1994 3065 2032 ex
3097 1994 3197 2045 qua
3226 1976 3484 2031 formatus

1913 2060 2031 2099 sum
2058 2046 2238 2109 redeo,
2268 2061 2364 2098 nec
2387 2048 2519 2098 ultra
2542 2049 2872 2114 contemplor
2892 2048 3097 2102 deCoris
3124 2049 3195 2099 tui
3229 2048 3481 2114 speciem.

1918 2114 2119 2186 Deinde
2148 2129 2436 2186 conversus
2466 2116 2529 2167 ad
2562 2117 2834 2186 mulierem
2858 2158 2872 2180 ,
2906 2118 3113 2186 probris
3138 2127 3215 2169 est
3247 2132 3400 2174 usus.
3428 2126 3485 2169 et

1914 2184 1965 2237 in
1994 2184 2343 2239 amaritudine
2369 2186 2558 2236 animae
2578 2185 2740 2239 dixit':
2761 2186 2864 2239 Cur
2884 2184 3008 2239 mihi
3034 2187 3479 2239 immortalitatem

1912 2253 2221 2319 decerpsisti
2253 2294 2268 2317 ,
2309 2255 2542 2307 mulier?
2579 2269 2673 2308 cur
2699 2257 2932 2308 omnium
2962 2256 3232 2309 dominum
3265 2254 3481 2308 effecisti

1912 2323 2211 2376 mendicum
2234 2324 2256 2377 ?
2285 2339 2381 2378 cur
2402 2339 2577 2392 regem
2606 2325 2785 2379 mundi
2812 2340 3019 2379 servum
3047 2324 3325 2379 exltibuisti
3344 2324 3367 2375 2
3388 2338 3485 2377 cur

1913 2392 2098 2446 oculos
2139 2408 2285 2446 meos
2323 2393 2521 2447 lumine
2559 2393 2791 2447 fruentes
2818 2394 3130 2448 exemeasti?
3156 2410 3249 2447 cur
3279 2409 3360 2445 me
3391 2408 3481 2445 ve-

1914 2462 2039 2514 stitu
2070 2463 2257 2515 exuisti
2284 2502 2298 2521 .
2330 2478 2483 2529 quem
2528 2477 2631 2515 non
2665 2464 2951 2517 texueras?
2998 2478 3091 2516 cur
3136 2462 3320 2515 honori
3363 2474 3482 2514 meo

1914 2531 2178 2585 invidlsti?
2200 2547 2293 2585 cur
2315 2532 2656 2600 archetypum
2679 2532 2921 2586 decorem
2952 2547 3126 2585 meum
3152 2530 3485 2585 obseurasdf

1914 2614 2009 2651 cur
2036 2601 2152 2654 vitre
2176 2601 2387 2654 nomine
2409 2603 2619 2658 donata.
2645 2616 2785 2655 mors
2812 2602 2936 2654 mihi
2965 2602 3137 2654 fuisti?
3163 2616 3257 2653 cur
3280 2614 3363 2653 me
3390 2615 3484 2651 an-

1913 2670 2282 2736 gelisalieuum
2302 2671 2495 2724 faciens
2510 2686 2631 2725 cum
2648 2671 2972 2725 daemonibus
2987 2672 3217 2724 habitare
3236 2668 3485 2735 coegisti?

1914 2754 2008 2791 cur
2030 2755 2112 2793 me
2130 2754 2290 2807 regno
2308 2742 2562 2807 privatunt
2587 2741 2636 2793 in
2660 2755 2919 2794 summam
2949 2748 3321 2809 paupertatem
3358 2737 3481 2793 red-

1982 2809 2091 2860 isti?
2114 2824 2208 2861 cur
2228 2824 2381 2861 aures
2402 2825 2546 2862 meas
2570 2809 2868 2878 frequenter
2886 2808 2974 2865 Dei
3006 2824 3187 2863 vocem
3212 2808 3485 2863 audientes

1914 2879 2172 2931 obturasti
2195 2918 2208 2936 ,
2237 2880 2369 2929 sicut
2396 2879 2537 2942 aspis
2565 2882 2743 2943 surda,
2774 2896 2891 2943 qum
2924 2896 3026 2933 non
3055 2879 3295 2932 exaudiet
3324 2892 3485 2932 voces

1916 2947 2226 3017 incantamis
2247 2945 2412 3017 (Psal.
2433 2950 2518 3001 57.
2541 2948 2633 3017 5)?
2656 2948 2764 3001 Non
2783 2945 2893 3003 fero
2908 2948 3338 3016 iucrepationem,
3363 2957 3485 3017 ante

1913 3016 2155 3080 copulam
2188 3016 2503 3069 solutionem
2534 3016 2781 3096 requiro;
2816 3028 3093 3096 antequam
3128 3016 3479 3094 habitaculum

1916 3094 2163 3155 statuam,
2197 3098 2462 3137 secessum
2491 3086 2747 3149 meditor;
2777 3098 2900 3140 ante
2927 3087 3169 3155 copulant
3194 3086 3483 3152 separatio-

1914 3167 2032 3206 nem
2062 3154 2277 3217 molior;
2306 3164 2428 3208 ante
2454 3156 2876 3223 conjunctionem
2901 3154 3005 3209 abs
3022 3165 3071 3209 te
3097 3155 3368 3209 discedere
3394 3170 3478 3206 me

1915 3223 2092 3291 pudet.
2137 3223 2374 3277 Abscede
2420 3239 2448 3276 a
2494 3240 2615 3289 me,
2660 3227 2866 3280 mulier.
2909 3224 3250 3290 Quantlouam
3284 3235 3476 3291 terram

1914 3290 2208 3358 operabor?
2234 3293 2443 3360 quando
2474 3296 2695 3349 tribulos
2732 3295 2990 3349 evellam?
3015 3298 3344 3362 quandonam
3372 3290 3478 3344 frti-

1913 3371 2146 3432 mentum
2164 3371 2367 3415 mature
2383 3363 2646 3416 demetam
2668 3363 3036 3432 iquandonatu
3056 3364 3144 3432 illo
3176 3365 3225 3415 in
3260 3362 3477 3432 farinam

1914 3430 2130 3501 reducto
2153 3470 2167 3493 ,
2198 3444 2385 3497 panem
2408 3432 2683 3501 eoquam?
2708 3430 3040 3501 quandonam
3078 3431 3191 3484 sine
3229 3430 3368 3484 curis
3392 3443 3476 3482 se-

1908 3498 2043 3570 dens
2065 3498 2208 3570 illum
2231 3498 2538 3554 comedam?
2555 3498 2888 3570 quandonam
2907 3502 3021 3555 sine
3037 3501 3217 3553 dolore
3232 3513 3474 3570 somnum

1910 3569 2157 3636 capiam?
2195 3569 2528 3635 quandonam
2560 3569 2624 3624 ex
2668 3570 2804 3625 foliis
2832 3571 2962 3625 licus
2988 3571 3212 3625 vestiar?
3241 3569 3478 3637 quando-

1912 3652 2032 3689 nam
2081 3638 2459 3705 turpitudinem
2500 3640 2675 3693 carnis
2716 3656 2847 3693 mea:
2883 3638 3114 3694 velabo?
3146 3640 3475 3707 quandonant

1910 3707 2101 3777 calceis
2133 3708 2290 3777 pedes
2318 3709 2563 3776 obtegam
2585 3750 2600 3773 ,
2644 3718 2697 3761 ut
2726 3724 2793 3763 ne
2821 3724 3021 3777 pungar
3054 3707 3478 3777 spinadivinitus

1912 3776 2197 3842 pullulaute
2218 3776 2240 3827 ?
2261 3778 2590 3843 quandonam
2616 3779 2787 3831 velum
2810 3776 3082 3841 consitam,
3102 3786 3159 3829 ιιι
3177 3776 3474 3844 abstergam

1910 3845 2158 3897 sudorem
2182 3883 2196 3904 ,
2234 3860 2387 3911 quem
2421 3848 2545 3897 milii
2572 3887 2587 3910 ,
2630 3848 2835 3909 mulier,
2864 3862 2926 3900 ex
2961 3846 3254 3913 insipientia
3288 3861 3475 3912 procu-

1910 3914 2074 3983 rasti?
2096 3913 2172 3966 'l‘u
2201 3914 2315 3967 sine
2342 3914 2522 3968 labore
2542 3914 2737 3983 degens
2761 3917 3112 3968 calamitatem
3143 3930 3244 3966 non
3276 3914 3479 3980 perSpi-

1910 3982 1986 4052 cis
2009 4000 2020 4034 :
2043 3983 2127 4052 ubi
2160 3996 2284 4035 vero
2314 3983 2560 4037 infantem
2590 3982 2779 4052 paries,
2809 3994 2931 4037 tunc
2957 3984 3229 4037 sententiae
3257 3985 3473 4052 damna-

1910 4051 1984 4102 tio
2021 4051 2111 4105 tibi
2137 4052 2420 4105 exorietur.
2454 4051 2796 4121 Cum’proles
2830 4068 2891 4107 ex
2935 4062 3086 4106 utero
3115 4063 3203 4106 tuo
3231 4051 3471 4121 egredie-

1911 4127 2015 4182 tur,
2033 4130 2154 4175 tunc
2174 4122 2453 4175 verborum
2478 4119 2710 4175 meorum
2730 4122 3091 4176 recordaberis
3110 4139 3123 4183 ;
3143 4136 3261 4173 eum
3277 4119 3473 4173 dolore

1909 4190 2248 4258 cruciaberis,
2274 4201 2395 4243 tunc
2420 4192 2693 4244 sententia:
2719 4192 2835 4245 lata:
2863 4201 3068 4258 tempus
3092 4191 3325 4258 orietur;
3353 4204 3471 4242 cum

1913 4266 1965 4327 te
1995 4257 2209 4312 dolores
2240 4269 2418 4327 partus
2445 4260 2857 4327 apprehendent,
2889 4257 3011 4313 tunc
3037 4260 3126 4313 Dei
3155 4257 3322 4312 maled
3347 4260 3477 4312 ctio-

1911 4326 1994 4378 nis
2029 4326 2411 4381 recordaberis.
2452 4326 2542 4382 llis
2570 4339 2622 4382 et
2664 4331 2921 4383 similibus
2951 4344 3169 4381 uxorem
3202 4329 3251 4379 in
3284 4327 3476 4379 amari.-

1911 4394 2105 4467 tudine
2131 4397 2319 4449 animze
2360 4398 2524 4451 Adam
2556 4398 2921 4467 alloquebatur
2952 4414 2964 4450 :
2997 4396 3277 4467 bisverbis
3311 4396 3471 4467 Evam

1910 4464 2143 4529 quotidie
2173 4467 2453 4533 increpans
2488 4467 2625 4520 nulla
2668 4464 2882 4519 mixtam
2920 4465 3281 4520 consolatione
3309 4464 3475 4516 canti-

1911 4534 2083 4613 leoam
2112 4537 2308 4613 tragice
2337 4537 2737 4613 emittebatpin
2786 4534 3080 4613 liujnsmodi
3119 4547 3469 4612 mrtunnartmt

1912 4604 2094 4671 pelago
2133 4603 2333 4671 primus
2370 4603 2529 4656 homo
2567 4605 2817 4656 divinitus
2861 4605 3148 4657 immissam
3190 4604 3471 4671 iratucunt

1909 4670 2075 4724 multo
2102 4670 2281 4725 labore
2307 4673 2621 4738 excipiebat.
2657 4673 2906 4737 Audistis,
2935 4687 2967 4725 o
2996 4672 3085 4724 filii
3112 4711 3126 4732 ,
3155 4670 3339 4724 Adami
3369 4671 3448 4722 for

1910 4741 2226 4798 mationem;
2258 4740 2426 4793 nostis
2446 4741 2750 4809 dignitatem
2782 4742 2876 4810 ipsi
2907 4741 3186 4801 collatam;
3216 4739 3471 4810 didicistis

1909 4810 2047 4861 dona
2074 4824 2103 4861 a
2136 4812 2240 4862 Deo
2270 4810 2365 4875 ipsi
2399 4808 2585 4863 Collata
2613 4828 2625 4873 ;
2656 4808 2861 4863 vidistis
2899 4810 3012 4877 ejus
3040 4808 3471 4877 transgressionis

1910 4878 2111 4931 exitum
2134 4895 2145 4940 ;
2170 4880 2283 4945 ejus
2307 4893 2407 4930 non
2427 4880 2801 4932 consolabilem
2826 4876 3130 4946 tragmdiam
3152 4876 3468 4932 dellevistis;

1909 4948 2111 4999 vidistis
2134 4963 2251 5000 eum
2272 4964 2300 5000 e
2322 4948 2534 5015 regione
2559 4949 2785 5015 paradisi
2813 4958 3053 5000 mtestum
3073 4960 3133 4997 ac
3156 4946 3438 5015 demissom
3454 4982 3466 4995 .

1911 5016 2166 5069 Fineutne
2196 5014 2669 5069 orandi’faciemus
2690 5057 2703 5080 ,
2742 5030 2809 5068 an
2842 5016 3169 5067 narrabimus
3197 5014 3472 5065 odiosissi-

1910 5100 2049 5136 mam
2096 5086 2235 5137 illam
2278 5084 2660 5149 hereditatem,
2705 5099 2861 5151 quam
2894 5085 2998 5135 Eva
3035 5084 3225 5136 futuris
3262 5081 3470 5151 reliquit

1911 5154 2335 5220 generationibus
2356 5154 2377 5204 ?
2402 5152 2626 5206 Necesse
2652 5150 2733 5204 est
2760 5166 3004 5205 sermone
3028 5154 3162 5204 ultra
3190 5150 3427 5220 progredi
3452 5190 3466 5210 ,

1913 5218 1968 5274 ut
1994 5223 2235 5274 omnibus
2259 5236 2563 5273 enarremus
2591 5220 2731 5273 illam
2763 5221 3143 5274 maledictionis
3171 5222 3370 5287 plagam
3392 5218 3473 5269 di-

1913 5292 2108 5342 vinitus
2139 5291 2423 5342 immissam
2451 5308 2462 5341 :
2495 5290 2757 5357 quomodo
2796 5291 2945 5342 nobis
2974 5291 3241 5343 damnatio
3264 5290 3471 5357 conspi-

1912 5373 2008 5412 cua
2044 5358 2311 5420 evaserit,
2360 5356 2719 5424 terminSque
2761 5372 2884 5411 suos
2926 5374 3089 5425 usque
3132 5360 3179 5409 in
3221 5356 3465 5425 saeculum

1913 5436 2225 5487 conservet,
2255 5437 2308 5478 et
2332 5442 2485 5494 quam
2514 5428 2683 5479 veraci
2710 5442 2802 5479 ore
2832 5428 2965 5480 Deus
2994 5424 3266 5494 protulerit
3294 5424 3417 5475 illttd
3452 5440 3467 5475 :

1915 5496 2260 5563 Multiplicans
2286 5496 2620 5562 multiplicabo
2646 5496 2839 5547 dolores
2868 5506 2974 5547 tuos
3004 5507 3047 5547 et
3077 5494 3306 5562 gemitum
3329 5502 3467 5544 tuum

1915 5564 2066 5633 (Gen.
2094 5565 2278 5633 5.716)
2309 5581 2321 5615 :
2352 5566 2501 5631 cujus
2524 5564 2647 5616 dicti
2678 5566 2972 5615 lirmitatem
3008 5566 3086 5616 Itis
3111 5562 3468 5633 generationi-

1918 5631 2013 5684 bus
2060 5631 2307 5685 declarat.
2352 5633 2797 5695 Quemadmodum
2838 5636 2974 5683 cnim
3022 5632 3203 5683 matris
3248 5631 3468 5682 formam

1914 5702 2016 5752 lilia
2049 5702 2223 5765 refert,
2252 5702 2360 5753 sive
2391 5716 2483 5769 per
2510 5703 2707 5762 oculos,
2736 5702 2845 5751 sive
2878 5715 2967 5766 per
2998 5701 3201 5759 faciem,
3233 5699 3341 5769 sive
3373 5712 3465 5769 per

1913 5779 2165 5821 staturam
2198 5788 2209 5818 :
2246 5771 2311 5821 ita
2341 5766 2403 5823 etv
2430 5786 2564 5825 nunc
2596 5784 2757 5837 usque
2800 5770 2845 5819 itt
2880 5770 3125 5819 smcnlum
3159 5766 3467 5825 universalis
