3978 6468
485 477 598 534 535

483 570 570 625 tlla
598 570 869 624 damnatio
896 569 1152 638 procedit,
1182 576 1237 621 et
1264 580 1510 621 mensura
1540 566 1653 634 ejus
1680 579 1847 634 usque
1879 565 1928 618 in
1956 580 2057 619 sa:-

483 640 658 694 culum
688 655 791 693 non
821 639 1260 696 commovebitur.

551 711 607 763 4.
663 710 854 763 Verum
907 717 1088 777 aperta
1136 705 1420 777 mentead
1471 704 1787 777 narrationis
1836 717 2058 777 examen

482 778 750 844 accedite,
795 787 849 832 et
889 773 1067 832 animo
1110 776 1370 844 perceptis
1409 775 1648 829 veritatis
1686 774 1942 842 eloquiis,
1975 773 2057 827 his

484 848 689 914 placide
717 863 871 901 aures
916 849 1178 902 adhibete.
1230 846 1344 899 Non
1375 847 1516 900 enim
1545 845 1612 898 de
1643 844 2056 914 temperantibus

483 913 535 971 et
563 917 695 985 frugi
726 918 1034 971 mulieribus
1075 917 1215 969 verbi
1262 917 1526 968 theatrum
1558 929 1756 985 purum
1777 913 2056 969 exhibebi-

487 1001 600 1039 mus
622 983 758 1052 ,ἰθύ
789 987 855 1040 de
897 986 1151 1054 improbis
1175 1027 1190 1049 ,
1236 986 1445 1038 lascivis
1475 994 1528 1038 et
1559 983 1790 1051 profanis
1813 996 2053 1054 agemus.

483 1057 650 1120 Quem
697 1071 876 1110 earum
930 1052 1169 1109 ordinem
1219 1056 1388 1107 oratio
1432 1052 1829 1122 prosequetur?
1881 1052 2054 1120 Virgi-

485 1141 699 1187 numnc,
728 1137 843 1192 qu:e
871 1126 1012 1180 viros
1052 1140 1154 1178 non
1193 1135 1317 1177 sunt
1345 1123 1610 1192 expertae?
1630 1139 1696 1176 an
1727 1137 1906 1176 earum
1938 1136 2057 1189 quae

487 1196 538 1247 in
586 1195 806 1262 nuptiali
853 1205 968 1248 toro
1018 1195 1195 1249 liberis
1225 1209 1440 1261 operam
1469 1194 1892 1262 dantesmatres
1933 1200 2057 1262 sunt

485 1261 722 1316 eiTecIaE?
746 1279 812 1316 an
841 1279 1022 1318 earum
1045 1305 1059 1327 ,
1094 1279 1212 1332 qua:
1244 1265 1294 1315 in
1327 1263 1581 1316 viduitate
1609 1261 1825 1321 relicta).
1863 1262 1952 1314 Dei
1991 1261 2055 1313 ti-

485 1349 631 1388 inore
664 1349 767 1385 non
799 1345 920 1387 sunt
953 1333 1191 1387 ornate?
1235 1333 1426 1385 Verum
1479 1347 1656 1402 opera:
1701 1332 1945 1402 pretium
1974 1341 2055 1402 est

486 1407 629 1470 prius
657 1403 724 1457 de
755 1405 920 1472 prima
948 1411 1104 1456 :etate
1132 1403 1415 1472 disserere,
1445 1411 1498 1456 et
1516 1400 1588 1455 ad
1615 1410 1836 1454 caeteros
1866 1400 2056 1454 deinde

483 1473 677 1540 gradus
722 1471 1061 1539 pertransire.
1109 1471 1769 1541 Agedum,juvencularum
1815 1471 2053 1541 ordinem

485 1539 536 1594 in
568 1541 800 1595 medium
827 1539 1196 1610 producamus,
1225 1557 1344 1608 qua:
1369 1539 1600 1609 virgines
1629 1555 1748 1593 esse
1778 1539 2052 1610 videntur,

483 1622 534 1663 et
562 1612 627 1664 de
653 1608 892 1665 castitate
917 1627 1010 1665 sua
1040 1612 1331 1680 gloriantur
1352 1652 1365 1674 ,
1397 1611 1569 1718 deque
1613 1611 1676 1662 iis
1702 1610 1859 1662 verba
1893 1608 2053 1661 facia-

485 1697 602 1718 ιιι-ιε
653 1681 784 1718 ΠηὶιΙ
829 1697 1009 1718 nul-num
1054 1695 1464 1718 nnlnmnntnrnln
1535 1679 1775 1718 I-Igltilnln
1837 1691 2012 1718 ηπιιιρς

485 1697 619 1733 mus.
653 1681 786 1746 Quid
829 1697 1009 1734 earum
1050 1679 1502 1734 commemorem?
1533 1679 1807 1743 Habitum,
1837 1691 2012 1731 mores
2038 1719 2050 1735 ,

483 1750 773 1827 solertiam,
794 1752 1056 1827 quomodo
1081 1752 1296 1827 iuvenes
1313 1750 1584 1827 illecebris
1595 1751 1704 1801 suis
1720 1750 1933 1827 capiant
1951 1747 2024 1827 (α)
2036 1789 2048 1810 ,

485 1819 534 1871 in
563 1833 742 1872 eormn
770 1834 911 1888 saepe
935 1821 1176 1875 cubicula
1217 1834 1275 1872 se
1313 1820 1628 1886 ingerentes.
1670 1828 1721 1870 et
1763 1833 1824 1871 ex
1867 1818 2052 1888 alioiin

482 1889 642 1941 alium
683 1887 860 1942 locum
899 1889 1294 1952 discurrentes,
1343 1889 1549 1940 incessu
1594 1890 1870 1956 strepitum
1896 1927 1908 1944 .
1943 1887 2050 1938 risu

486 1959 763 2011 tumultum
789 1959 1040 2021 edentes,
1069 1962 1250 2028 sicque
1275 1962 1328 2010 in
1356 1958 1562 2028 illorum
1588 1973 1746 2010 aures
1775 1971 1896 2028 sese
1925 1956 2020 2008 insi

485 2038 646 2079 nuaut
670 2068 685 2089 ,
723 2038 881 2096 atque
915 2045 978 2081 ex
1009 2026 1236 2083 fenestra
1279 2029 1331 2080 in
1381 2027 1663 2080 fenestram
1706 2026 2052 2096 procedentes

486 2112 777 2165 manusque
798 2095 1162 2165 expandeutes
1185 2139 1199 2163 ,
1233 2112 1402 2164 usque
1428 2099 1493 2149 ad
1527 2105 1708 2161 pectus
1735 2096 1851 2149 illas
1878 2095 2048 2161 impu-

483 2165 674 2220 denter
721 2167 1068 2234 protendunt;
1120 2169 1370 2220 satan'u-is
1421 2166 1634 2219 nutibus
1682 2180 1779 2219 ceu
1823 2165 1941 2218 telis
1979 2165 2051 2216 la-

483 2237 745 2288 scivorum
792 2238 976 2291 orulos
1021 2238 1282 2304 itnpetunt
1310 2253 1323 2288 :
1354 2251 1484 2289 auro
1524 2244 1708 2304 pectus
1757 2243 2048 2304 exornant,

483 2306 691 2356 annulis
737 2322 922 2360 manus
941 2346 954 2365 ,
1000 2301 1155 2360 aures
1183 2306 1454 2359 inauribus
1480 2301 1807 2374 gemmarum
1834 2314 1885 2357 et
1918 2301 2048 2374 hya-

481 2374 814 2437 cinthorum;
864 2377 1084 2428 naturali
1129 2376 1299 2428 vultus
1331 2373 1706 2443 pulchritudini
1751 2374 1926 2427 fucum
1952 2373 2049 2425 ad-

481 2444 630 2502 dunt,
660 2458 846 2497 cerusa
873 2453 928 2498 et
953 2446 1241 2498 vermiculo
1269 2460 1432 2512 genas
1461 2445 1668 2506 liniunt,
1699 2454 1754 2497 et
1782 2444 1921 2496 collo
1950 2443 2050 2512 ful-

479 2523 662 2583 gentes
693 2514 838 2566 velut
863 2523 1032 2568 statua
1065 2511 1365 2574 inanimata,
1395 2515 1617 2583 singulis
1638 2514 1802 2576 horis,
1831 2511 2049 2583 singulis

479 2582 666 2636 diebus
689 2583 962 2636 cincinnos
989 2585 1222 2652 plectunt
1247 2593 1299 2637 et
1325 2581 1578 2650 crispant,
1611 2599 1776 2649 usque
1805 2583 1870 2635 ad
1899 2581 2045 2652 fron-

481 2659 586 2705 tem
618 2652 818 2718 nitent,
848 2651 1128 2732 superctlia
1159 2655 1310 2732 nigro
1333 2654 1515 2732 colore
1541 2661 1864 2732 perupgunt;
1897 2651 2048 2732 make

479 2730 623 2775 certe
645 2724 1043 2776 consuetudinis
1066 2720 1331 2790 opusIAn
1373 2737 1475 2774 non
1505 2720 1726 2784 improbi
1755 2720 2048 2773 istiusmodi

478 2805 655 2843 mores
684 2791 838 2844 sunt?
865 2806 930 2845 an
959 2807 1063 2846 non
1093 2794 1204 2845 haec
1227 2791 1452 2846 absurda
1492 2804 1652 2857 opera
1679 2798 1824 2852 sunt,
1856 2803 2048 2855 resque

479 2857 726 2912 inutiles?
753 2875 929 2913 nonne
958 2874 1080 2928 spes
1110 2876 1289 2916 earum
1339 2860 1557 2915 insana?
1584 2860 1833 2927 Quosque
1874 2860 2045 2926 palam

479 2941 582 2981 nou
613 2939 830 2996 possunt
862 2931 1134 2996 inescare,
1183 2932 1233 2984 in
1274 2933 1370 2982 hos
1397 2930 1528 2981 clam
1555 2943 1710 2982 arcus
1743 2937 1798 2982 et
1838 2931 1939 2981 tela
1969 2929 2047 2981 iu-

477 2998 1180 3067 tendunt:quemadmodum
1205 3001 1307 3053 Eva
1335 2999 1590 3051 Adamum
1611 2998 1748 3050 clam
1769 2998 2042 3067 inescavit.

479 3067 663 3139 Audivi
712 3066 907 3139 quippe
959 3083 1140 3122 carum
1192 3070 1380 3122 multas
1422 3067 1752 3139 pergtabulte
1805 3066 2044 3120 foramen

474 3137 753 3204 dispicere,
781 3137 955 3192 et’eos
977 3140 1063 3205 qui
1096 3155 1188 3206 per
1214 3140 1414 3206 plateas
1446 3137 1714 3189 ambulant
1741 3139 2042 3206 explorare,

476 3219 665 3275 parvos
700 3217 752 3259 et
791 3222 1036 3275 magnos;
1083 3205 1136 3260 et
1175 3205 1328 3273 hujus
1371 3206 1756 3275 qiiitlcma'iatn
1787 3205 2041 3270 irridere,

475 3273 614 3344 illius
644 3273 898 3328 staturam
925 3277 1067 3344 parvi
1095 3276 1289 3339 facere,
1321 3277 1458 3328 illius
1487 3274 1738 3344 capillitio
1766 3275 1846 3326 vel
1880 3276 2044 3332 reati-

474 3343 548 3415 tui
576 3343 817 3415 illudere.
845 3359 908 3398 ac
930 3360 1049 3399 sese
1073 3346 1260 3398 mimos
1285 3354 1535 3415 prmstare
1560 3359 1664 3400 nou
1694 3343 1828 3415 frugi
1853 3350 2044 3401 mulie-

471 3413 649 3475 ribus;
678 3413 792 3467 dies
819 3416 982 3487 festos
1020 3415 1417 3487 dominicasque
1462 3414 1515 3470 in
1561 3419 1670 3470 otio
1715 3413 2040 3482 transigere,

473 3497 644 3557 neque
672 3497 700 3534 a
743 3485 1018 3552 torpedine
1047 3499 1295 3557 umquam
1335 3485 1556 3555 surgere
1581 3526 1594 3548 ,
1625 3487 1702 3557 vel
1735 3487 1799 3557 ad
1829 3488 2000 3539 cilnnn
2025 3527 2038 3557 ,

473 3552 554 3605 vel
580 3552 649 3623 ad
675 3561 875 3623 potum,
904 3559 985 3611 vel
1010 3557 1076 3610 ad
1106 3552 1347 3611 somnum
1375 3552 1473 3611 sibi
1499 3556 1884 3609 conciliandum
1908 3571 1920 3615 ;
1950 3556 2041 3608 sed

473 3621 833 3692 qu0tidianum
879 3628 1111 3679 laborem
1162 3637 1216 3680 et
1254 3642 1433 3679 curam
1475 3625 1630 3678 unius
1655 3626 1758 3677 dici
1791 3624 2044 3677 limitibus

472 3695 907 3748 circumscribere
933 3715 942 3746 :
971 3696 1112 3747 nulla
1142 3696 1279 3762 apud
1308 3704 1512 3763 patrem
1544 3703 1597 3746 et
1621 3704 1844 3763 matrem
1889 3708 2042 3746 reve-

474 3767 643 3815 rentia
663 3803 678 3827 ,
712 3765 857 3818 nullo
882 3765 1017 3832 apud
1046 3763 1233 3818 fratres
1259 3762 1458 3832 pudore
1481 3805 1496 3829 ,
1529 3763 1668 3814 nulla
1697 3762 1832 3829 apud
1855 3777 2044 3832 servos

474 3840 526 3883 et
550 3833 771 3886 ancillas
798 3830 1109 3888 verecundia
1138 3836 1210 3886 uti
1234 3830 1369 3898 {sed
1397 3834 1639 3885 omnibus
1665 3833 1818 3885 ludos
1843 3830 2039 3892 ficere,

475 3913 522 3952 et
551 3902 615 3954 ad
638 3904 811 3954 omnia
837 3906 951 3956 navi
982 3904 1222 3957 fluctibus
1247 3905 1456 3969 agitata:
1478 3902 1676 3955 similes
1696 3915 1832 3954 esse.
1859 3900 2044 3968 Respi-

475 3971 578 4023 cite
605 3972 849 4038 sepulcra
871 4016 884 4036 ,
931 3974 1048 4026 lilia!
1086 3973 1250 4038 Sion,
1283 3983 1337 4025 et
1377 3988 1540 4024 sacrae
1584 3971 1797 4038 piscinae
1827 3971 2000 4038 proles
2025 4012 2038 4033 ,

475 4049 528 4092 et
562 4045 990 4109 contemplamini
1034 4044 1310 4110 imaginem
1347 4043 1484 4094 illam
1506 4082 1520 4103 ,
1549 4057 1703 4108 quam
1734 4043 2037 4104 exornatis,

475 4124 679 4179 necnon
713 4113 918 4164 inanem
949 4115 1479 4179 intempestivumquc
1502 4120 1731 4164 vestrum
1761 4111 1959 4162 cultum
1989 4121 2042 4163 et

474 4178 734 4241 habitum,
766 4183 1030 4247 quomodo
1047 4184 1222 4234 omnia
1247 4178 1412 4249 pulvis
1433 4181 1556 4243 sint,
1580 4179 1845 4248 quomodo
1865 4180 2040 4232 omnia

475 4261 568 4314 per
585 4258 807 4300 mortem
825 4251 1206 4302 amarissimam
1224 4257 1566 4310 marcescant,
1585 4249 1848 4317 quomodo
1865 4250 2039 4301 omnia

474 4317 608 4368 cinis
628 4357 640 4379 ,
671 4319 936 4385 quomodo
961 4320 1135 4372 omnia
1164 4319 1352 4372 foetore
1379 4319 1552 4385 plena.
1583 4322 1650 4370 At
1678 4334 1744 4371 ne
1768 4318 1893 4369 mihi
1922 4333 2038 4371 mu-

475 4385 660 4455 lierum
691 4395 861 4441 canus
886 4387 1057 4440 dicam
1089 4388 1340 4455 impingat
1359 4428 1371 4449 ,
1401 4401 1464 4438 ac
1491 4388 1533 4438 si
1562 4388 1702 4453 ipsas
1725 4386 2037 4452 vituperem.

475 4453 589 4507 lam
613 4455 753 4509 enim
780 4466 902 4509 ante
928 4457 1127 4518 monui,
1156 4453 1240 4510 me
1260 4453 1363 4509 non
1385 4456 1450 4509 de
1471 4455 1814 4524 prudentibus
1835 4465 1894 4524 et
1910 4456 2040 4523 frugi

477 4525 785 4578 mulieribus
827 4526 983 4579 verba
1019 4526 1212 4590 facere,
1242 4525 1333 4578 sed
1364 4525 1431 4577 de
1463 4522 1656 4592 pravis,
1692 4522 2040 4589 imprudenti-

476 4592 574 4645 bus
613 4602 667 4647 et
702 4596 932 4649 vesanis.
978 4596 1108 4648 Nam
1149 4596 1339 4648 multas
1385 4594 1505 4645 novi
1550 4594 1798 4646 mulieres
1845 4600 2040 4714 tempes

476 4671 656 4714 rantes
681 4672 736 4714 et
762 4666 952 4714 nrobas
973 4706 987 4714 .
1017 4679 1237 4714 auarum
1268 4661 1803 4714 meminitAnostolus
1828 4662 1881 4714 in
1907 4663 1941 4714 li
1984 4678 2040 4714 ro

473 4671 736 4732 ranteset
762 4666 952 4730 probas
973 4706 987 4725 ,
1017 4679 1237 4732 quarum
1268 4661 1803 4732 meminitApostolus
1828 4662 1881 4714 in
1907 4661 2043 4716 libro

475 4731 614 4801 vita}.
648 4731 752 4786 Sed
782 4748 878 4801 age
907 4730 1129 4786 aliorum
1158 4733 1402 4786 ordinum
1447 4730 1654 4787 turbam
1681 4730 2037 4798 exploremus.

475 4799 604 4854 Tres
632 4799 834 4870 quippe
855 4802 1068 4856 ordines
1096 4817 1180 4855 me
1207 4810 1396 4855 vestrae
1435 4801 1837 4870 magnificentiae
1881 4801 2039 4853 exhi-

473 4870 705 4923 biturum
740 4871 1002 4940 pollicitus
1029 4887 1146 4926 sum
1173 4911 1186 4930 ,
1218 4872 1478 4938 virginum
1524 4885 1742 4938 nempe,
1772 4872 2042 4940 connubio

469 4939 808 5005 iunctarum,
853 4951 906 4995 et
951 4941 1250 4994 viduarum.
1281 4940 1411 5004 Quia
1438 4956 1566 4994 vero
1601 4941 1708 5008 jam
1753 4939 1820 4992 de
1864 4941 2043 4993 multis

475 5023 636 5080 pauca
669 5012 808 5063 circa
839 5012 1068 5080 virgines
1095 5021 1284 5080 vestrae
1313 5009 1516 5080 caritati
1543 5010 1804 5072 recettsui,
1839 5009 1946 5076 jam
1975 5011 2042 5064 de

475 5078 784 5132 mulieribus
825 5078 941 5148 quae
968 5081 1034 5133 de
1065 5079 1309 5148 conjugio
1335 5079 1623 5146 gloriantur
1649 5093 1894 5147 agamus;
1924 5094 2043 5146 qua:

473 5162 601 5199 sane
626 5149 752 5200 viris
773 5151 880 5201 suis
904 5151 1068 5201 instar
1089 5151 1286 5216 aspidis
1307 5158 1448 5200 sunt.
1473 5148 1611 5214 Quot
1631 5148 1770 5200 enim
1794 5149 2043 5201 mulieres

471 5217 575 5270 vidi
604 5233 723 5284 quzie
754 5219 862 5270 suis
893 5219 1204 5286 coniugibus
1234 5219 1562 5286 repentinam
1595 5225 1819 5269 mortem
1853 5232 2045 5285 procu-

471 5287 693 5338 rarunt?
720 5297 849 5354 quot
878 5288 1020 5349 novi,
1043 5285 1159 5355 qua:
1181 5304 1298 5341 cum
1325 5289 1450 5339 viris
1472 5285 1666 5339 inferre
1691 5297 1912 5338 mortem
1938 5302 2040 5339 non

472 5366 709 5425 possent,
743 5372 834 5409 eos
857 5371 951 5424 per
974 5357 1255 5424 nequitiam
1278 5374 1427 5409 suam
1453 5358 1503 5409 in
1525 5358 1721 5422 gemitu
1743 5366 1796 5408 et
1814 5365 2044 5425 tremore

471 5424 664 5493 degere
689 5435 906 5494 cogunt,
940 5441 1110 5493 neque
1139 5435 1336 5477 tantum
1370 5427 1498 5494 ipsis
1527 5425 1746 5477 honoris
1772 5424 2041 5489 exhibent,

470 5506 721 5562 quantum
750 5497 898 5549 bruta
923 5496 1204 5548 animalia?
1233 5498 1370 5547 Sane
1395 5497 1436 5547 si
1462 5497 1524 5548 sit
1548 5495 1717 5558 dives,
1747 5508 1868 5545 suas
1893 5503 2044 5546 nocte

473 5567 664 5633 dieque
687 5567 894 5633 jactans
920 5567 1150 5628 divitias,
1181 5565 1457 5634 conjugem
1490 5565 1541 5616 in
1567 5579 1697 5632 pace
1728 5565 1906 5616 vivere
1935 5578 2038 5616 non

531 5719 606 5781 (α)
642 5719 780 5768 Multa
798 5720 876 5768 hic
899 5687 1134 5768 adduntui'
1162 5717 1284 5781 apud
1294 5717 1438 5781 savii.
1457 5729 1564 5777 qua:
1588 5718 1636 5764 in
1659 5723 1738 5764 Ms.
1764 5725 1928 5781 nostro
1943 5729 2044 5781 non

467 5776 690 5840 exétant,
715 5793 922 5842 quchue
945 5782 1162 5830 consulto
1185 5776 1441 5838 mittimus,
1466 5776 1530 5826 ne
1553 5783 1623 5826 tot
1639 5790 1791 5839 nugas
1819 5776 2046 5837 multipli-

465 5854 649 5891 scmus.

1998 454 2234 512 SPURIA
2246 493 2260 508 .

3624 479 3735 536 536

2169 566 2312 619 sinit.
2347 565 2402 620 Si
2431 565 2501 619 sit
2530 565 2702 635 inops,
2733 583 2794 620 ex
2829 569 2945 621 loco
2977 568 3026 618 in
3057 567 3251 634 locum,
3284 582 3345 622 ex
3379 567 3615 624 domoin
3647 585 3733 625 uo-

2169 650 2311 707 munt
2335 636 2648 707 pervadens
2669 679 2683 700 ,
2732 640 2850 691 lites
2894 639 3090 690 excitat
3117 647 3168 691 et
3194 639 3362 706 jurgia
3387 678 3400 702 ,
3451 642 3736 707 turbasque

2165 705 2398 771 quatidie
2448 716 2655 768 movet;
2707 723 2808 759 non
2853 708 3048 773 patitur
3090 708 3260 760 virum
3290 705 3461 760 suum
3501 712 3585 762 vel
3618 705 3732 764 cum

2166 774 2340 827 vicino
2371 775 2449 827 vel
2477 790 2596 828 cum
2643 785 2767 828 noto
2797 790 2977 842 pacem
3012 776 3233 838 habere,
3266 777 3355 829 sed
3387 791 3572 831 omnes
3606 795 3732 832 con-

2167 844 2379 897 tumelia
2407 843 2588 906 afﬁcit,
2613 861 2733 898 cum
2767 846 3011 898 omnibus
3038 847 3224 913 litigat,
3256 847 3305 898 in
3332 860 3518 901 omnes
3550 850 3727 908 insilit.

2164 926 2350 983 omnes
2376 917 2687 979 conturbat;
2728 915 2793 967 ad
2835 915 3171 983 magistratus
3211 930 3269 967 sc
3309 926 3497 982 sponte
3527 920 3734 973 confert

2165 981 2530 1046 impudenter,
2576 985 2638 1037 ad
2675 981 2952 1038 tribunalia
2984 993 3037 1036 ut
3071 985 3190 1036 lzvsa
3217 981 3510 1050 comparet,
3541 987 3593 1039 in
3628 990 3734 1041 bal-

2164 1052 2277 1123 peis
2305 1053 2465 1107 verba
2510 1053 2817 1123 profundit,
2867 1054 2920 1106 in
2968 1055 3208 1106 ecclesiis
3253 1055 3510 1122 colloquia
3550 1059 3734 1112 mis-cet

2163 1120 2486 1193 importuna,
2511 1120 2567 1176 et
2592 1123 2704 1177 lucc
2731 1124 2898 1193 iutilia
2925 1123 3062 1176 fatur
3087 1140 3100 1174 :
3127 1123 3239 1191 Ego
3259 1123 3380 1177 vitae
3404 1120 3732 1193 fortunisque

2163 1191 2297 1244 meis
2338 1193 2698 1246 accessionem
2747 1192 2914 1256 facio,
2963 1207 3061 1256 ego
3089 1193 3292 1246 famulis
3316 1194 3589 1316 prdagogi
3619 1191 3734 1251 loco

2163 1272 2308 1316 sum.
2352 1277 2469 1316 quae
2513 1262 2577 1314 ad
2620 1263 2812 1316 victum
2859 1271 3289 1316 snectantcuro:
3337 1273 3508 1316 rustra
3539 1267 3732 1316 coniux

2162 1272 2308 1324 sum,
2352 1277 2469 1329 quae
2513 1262 2577 1314 ad
2620 1263 2812 1316 victum
2859 1271 3100 1330 spectant
3125 1262 3508 1318 curo:frustra
3539 1262 3732 1332 conjux

2162 1343 2311 1401 meus
2334 1332 2530 1401 primas
2553 1342 2716 1397 tenet,
2746 1332 2946 1385 nullum
2971 1333 3056 1385 ille
3079 1334 3343 1401 negotium
3365 1345 3542 1398 curat;
3566 1340 3735 1391 nescit

2165 1399 2288 1466 quid
2318 1399 2459 1453 domi
2490 1416 2669 1469 agam:
2703 1418 2863 1454 unum
2897 1403 3042 1454 novit
3070 1399 3278 1468 panem,
3304 1419 3460 1469 quem
3488 1421 3519 1457 e
3548 1421 3733 1461 mensa

2161 1470 2426 1540 comedit;
2457 1486 2523 1524 ne
2551 1473 2729 1525 vinum
2757 1471 2965 1540 quidem
2991 1474 3153 1528 novit.
3183 1472 3320 1540 quod
3348 1474 3530 1525 ebibit.
3555 1475 3600 1528 Ο
3623 1492 3732 1529 ma-

2161 1537 2404 1610 nifestam
2455 1537 2833 1609 impudentiam
2864 1546 2876 1593 !
2914 1542 3038 1594 .Iure
3086 1537 3276 1595 clamat
3317 1544 3573 1610 sapientia
3608 1570 3617 1596 .-
3654 1546 3736 1599 Nc

2159 1609 2390 1660 attendas
2423 1610 2663 1676 improbae
2698 1613 2893 1663 mulieri
2917 1626 2935 1663 :
2955 1610 3054 1662 mel
3090 1612 3221 1662 enim
3263 1609 3465 1676 pro/luit
3495 1631 3558 1665 ea:
3585 1615 3732 1669 labiis

2159 1677 2288 1750 eius,
2317 1679 2449 1746 quod
2476 1680 2543 1731 ad
2573 1690 2765 1747 tempus
2795 1681 2944 1732 dulce
2964 1682 3054 1732 erit
3076 1682 3267 1750 gutturi
3286 1691 3393 1742 tuo,
3419 1694 3592 1744 postea
3614 1700 3732 1738 vero

2160 1746 2278 1818 [cile
2304 1750 2527 1818 apiaria:
2553 1746 2787 1818 reperies,
2821 1760 2866 1802 et
2894 1746 3093 1803 acutqu
3115 1751 3286 1818 gladio
3314 1752 3522 1817 ancipiti
3542 1755 3558 1816 (
3574 1752 3726 1807 Prov.

2158 1815 2210 1868 5.
2240 1813 2395 1889 2.4).
2423 1819 2571 1883 Quod
2608 1813 2654 1872 si
2697 1813 2864 1872 literis
2898 1813 3334 1879 imbuta'fuerit,
3379 1813 3488 1887 jam
3527 1813 3729 1889 duplex

2160 1886 2325 1958 morbi
2352 1896 2402 1939 et
2434 1889 2782 1955 improbitatis
2807 1904 2975 1957 genus
3012 1899 3112 1941 est.
3160 1889 3290 1942 Nam
3317 1886 3442 1958 quot
3471 1886 3725 1947 mulieres

2159 1968 2257 2024 per
2287 1955 2465 2010 literas
2509 1959 2648 2011 viros
2675 1955 3161 2018 sutis‘occiderunt.
3191 1958 3314 2011 dum
3334 1955 3578 2021 'arcana,
3608 1979 3729 2024 «θυαε

2157 2023 2314 2076 ambo
2344 2026 2441 2078 soli
2488 2038 2773 2090 noverant,
2825 2043 2918 2095 per
2961 2029 3212 2095 epistolas
3254 2029 3368 2095 ejus
3400 2029 3450 2082 in
3481 2031 3722 2084 notitiam

2158 2105 2434 2164 venerunt,
2466 2106 2516 2148 et
2547 2097 2664 2149 inde
2693 2099 2765 2152 rei
2797 2108 3017 2151 eventus
3055 2098 3265 2152 accidit.
3297 2097 3436 2164 Quot
3457 2101 3580 2152 novi
3611 2116 3725 2152 mu-

2157 2160 2331 2234 lieres,
2363 2180 2479 2232 qua:
2502 2166 2754 2233 sigillatas
2781 2167 2995 2220 chartas
3022 2168 3086 2219 ad
3119 2160 3471 2234 nequissimos
3499 2170 3641 2220 viros
3667 2178 3724 2223 et

2157 2231 2393 2303 moechos
2420 2231 2828 2288 suos'miserunt
2853 2279 2866 2300 ,
2909 2251 2969 2288 ac
3000 2231 3279 2303 pral'lorigis
3319 2237 3565 2289 manibus
3593 2252 3725 2290 cono

2153 2299 2302 2368 juges
2333 2317 2457 2355 suos
2498 2304 2911 2358 interfecerunt?
2950 2299 3057 2357 llos
3097 2299 3542 2373 per-pharmaca,
3591 2307 3723 2360 alios

2156 2379 2314 2442 noctu
2341 2373 2689 2436 ambulantes,
2720 2375 2912 2427 multos
2934 2375 2984 2426 in
3006 2389 3187 2442 agrum
3210 2374 3581 2436 concedentes,
3611 2377 3726 2431 sive

2152 2439 2350 2511 gladio,
2376 2443 2487 2495 sive
2506 2443 2698 2511 lapide,
2722 2445 2833 2497 sive
2861 2443 3019 2506 fuste,
3042 2439 3166 2496 cum
3195 2447 3312 2511 quis
3341 2444 3422 2496 vel
3453 2455 3724 2511 tempora,

2155 2509 2237 2561 vel
2267 2520 2458 2578 caput,
2497 2509 2575 2563 vel
2623 2513 2838 2564 dorsum
2884 2515 3120 2574 cmdens,
3154 2509 3486 2578 repentinum
3515 2509 3722 2568 exitum

2151 2581 2345 2632 attulit.
2376 2581 2717 2645 impudenter
2745 2582 2846 2633 illa;
2867 2583 3120 2636 ecclesias
3142 2583 3337 2635 adeunt
3356 2583 3503 2650 quasi
3529 2584 3722 2638 orandi

2152 2661 2344 2706 causa,
2392 2661 2442 2701 et
2481 2650 2660 2716 jurant
2699 2666 2792 2718 per
2817 2666 3008 2716 corpus
3034 2654 3401 2704 intemeratum
3427 2654 3723 2718 etsangui-

2153 2731 2273 2769 nem
2302 2719 2419 2770 Filii
2453 2720 2562 2783 Dei,
2597 2721 2676 2773 vel
2707 2737 2798 2787 per
2824 2721 3040 2773 Matrem
3073 2721 3218 2786 ejus,
3252 2721 3331 2772 vel
3364 2735 3457 2786 per
3485 2721 3718 2788 aliquem

2151 2798 2484 2858 sanctorum;
2530 2791 2708 2842 multae
2749 2791 2905 2842 etiam
2951 2805 3048 2858 per
3082 2789 3344 2841 vivifit-um
3395 2790 3610 2858 lignum,
3656 2805 3720 2845 se

2153 2857 2347 2907 nefaria
2380 2873 2474 2910 sua
2502 2871 2616 2911 acta
2651 2875 2753 2912 non
2785 2857 3065 2911 violatur-as
3086 2899 3098 2917 ,
3145 2859 3236 2910 sed
3267 2868 3413 2925 pacta
3439 2857 3534 2910 sua
3563 2862 3717 2912 firma

2150 2937 2449 2979 set'v.ttttras
2477 2942 2612 2981 esse.
2655 2928 2704 2982 Ο
2737 2929 3027 2982 miserrima
3055 2928 3067 2979 ε
3100 2937 3222 2979 tunc
3253 2927 3580 2980 tremendum
3612 2929 3717 2980 Do-

2149 2995 2274 3069 mini
2320 3011 2510 3069 nomen
2563 2998 2612 3050 in
2666 2998 2913 3069 adulterii
2966 2999 3037 3050 tui
3085 2996 3400 3069 :uljutoriqm
3451 2999 3718 3069 usurpas?

2151 3063 2319 3115 Stulta
2348 3076 2398 3117 et
2426 3067 2629 3140 insana,
2665 3068 2928 3140 Virginem
2959 3081 3010 3122 et
3041 3063 3315 3135 Deiparam
3336 3066 3716 3140 Mariaminte-

2149 3142 2428 3211 ruentam,
2451 3136 2934 3208 adiutricem'pravi
2959 3140 3162 3211 consilii
3189 3142 3259 3192 tui
3284 3141 3509 3211 statuis?
3533 3139 3577 3192 Ο
3603 3138 3720 3193 fera

2149 3204 2416 3268 immanis,
2447 3204 2682 3263 et’corre
2705 3204 2890 3264 carnes
2914 3209 3217 3268 comedens.
3252 3210 3560 3260 innoxiasne
3588 3223 3719 3261 san-

2149 3284 2353 3328 ctorum
2388 3277 2601 3341 domos,
2639 3280 2764 3332 furis
2795 3278 3066 3331 latibulum
3101 3280 3357 3343 sanguine
3383 3287 3716 3332 cruentatum

2149 3343 2347 3415 efficis?
2381 3347 2448 3397 At
2494 3349 2741 3415 templum
2790 3347 2995 3400 Domini
3039 3357 3275 3399 sanctum
3309 3358 3360 3399 et
3392 3361 3576 3412 purum
3606 3361 3716 3402 llOIl

2149 3414 2404 3484 fcedatur,
2448 3425 2500 3468 tu
2541 3414 2665 3470 vero
2696 3419 2744 3470 in
2777 3428 3012 3484 tempore
3046 3426 3343 3484 opportuno
3368 3416 3584 3468 insania:
3611 3426 3718 3471 ture

2149 3483 2371 3536 fructum
2425 3488 2751 3552 reportabis,
2802 3483 3094 3540 secundum
3143 3486 3438 3551 apostolum
3492 3485 3716 3538 Paulum

2147 3553 2460 3606 clamantem
2487 3572 2498 3606 :
2524 3556 2582 3608 Si
2606 3559 2716 3623 quis
2742 3555 2995 3608 violaverit
3036 3555 3273 3618 templum
3301 3553 3396 3605 Dei
3418 3594 3430 3616 ,
3461 3555 3718 3622 disperde!

2146 3623 2290 3673 illum
2321 3623 2489 3683 Dens;
2521 3626 2754 3690 templum
2778 3626 2906 3675 enim
2926 3623 3128 3674 Domini
3157 3633 3385 3673 structum
3405 3633 3474 3675 est
3497 3623 3710 3691 (|.Cor.

2147 3691 2197 3743 5.
2248 3693 2356 3758 17).
2393 3693 2558 3745 Vultis
2587 3705 2639 3746 et
2668 3694 2767 3744 alia
2797 3693 3033 3745 dicamus
3058 3693 3313 3744 adversus
3349 3693 3555 3746 illarum
3581 3707 3718 3745 con-

2147 3761 2300 3813 silia?
2347 3762 2467 3814 H;ec
2507 3764 2548 3813 si
2595 3764 2789 3814 vicinas
2823 3761 3011 3814 habeat
3051 3761 3270 3827 probas,
3315 3763 3548 3828 quotidie
3594 3761 3718 3818 illas

2146 3832 2410 3891 observat,
2441 3833 2490 3883 in
2517 3847 2606 3883 cas
2634 3832 2915 3894 invehitur,
2939 3839 2992 3883 et
3016 3832 3056 3882 si
3088 3845 3222 3898 quos
3250 3845 3314 3883 ex
3341 3833 3475 3883 uotis
3500 3840 3553 3883 et
3578 3846 3713 3884 con-

2146 3902 2446 3969 sanguineis
2476 3901 2660 3953 viderit
2695 3902 2742 3952 in
2778 3915 2956 3952 earum
2986 3901 3169 3953 domos
3196 3901 3434 3962 introire,
3465 3901 3590 3966 ipsis
3617 3917 3714 3956 sua

2147 3972 2266 4023 vitia
2294 3970 2612 4037 exprobrat,
2657 3979 2828 4022 scorta
2873 3982 2926 4023 et
2965 3969 3229 4021 mrenadas
3272 3970 3540 4036 appellans
3565 4009 3578 4028 ,
3609 3972 3712 4022 etsi

2147 4041 2248 4092 ilhc
2275 4041 2379 4092 sint
2410 4040 2605 4091 liberali
2656 4049 2707 4091 et
2747 4055 2969 4106 corpore
3008 4049 3059 4092 et
3084 4039 3278 4089 animo.
3315 4040 3366 4090 Si
3395 4038 3590 4089 liberos
3619 4037 3716 4088 ha-

2148 4110 2285 4171 beat,
2305 4109 2451 4177 quasi
2479 4108 2619 4161 feras
2641 4109 2757 4160 illos
2784 4109 3024 4174 respicit;
3055 4109 3094 4159 si
3126 4108 3345 4158 lamnlos
3368 4106 3445 4159 vel
3469 4107 3712 4177 ancillas.

2145 4180 2281 4232 nulla
2316 4175 2478 4231 utitur
2503 4179 2920 4237 mansuetudine,
2950 4178 3040 4229 sed
3069 4177 3332 4227 servitutis
3361 4177 3572 4228 nomine
3598 4175 3718 4229 illas

2145 4249 2371 4302 interdiu
2404 4248 2677 4308 verberat,
2724 4262 2817 4312 per
2849 4259 3053 4298 noctem
3097 4259 3220 4296 vero
3247 4245 3498 4310 operandi
3544 4245 3716 4296 inole-

2145 4319 2297 4370 stium
2323 4316 2497 4370 infert.
2525 4316 2645 4368 Non
2676 4311 2744 4367 est
2773 4318 2918 4366 timor
2951 4314 3043 4365 Dei
3068 4324 3182 4364 ante
3210 4314 3377 4365 oculos
3401 4314 3510 4381 ejus
3541 4311 3716 4376 (Paul.

2146 4388 2232 4440 55.
2268 4386 2341 4455 1).
2389 4383 2518 4455 Cum
2560 4397 2732 4437 autem
2761 4385 2923 4455 juxta
2953 4383 3212 4455 virttm‘iu
3258 4383 3393 4455 lecto
3423 4383 3716 4455 recumbit,

2146 4471 2249 4508 non
2287 4451 2383 4522 ipsi
2418 4454 2714 4507 facultatem
2743 4453 3036 4505 dormiendi
3081 4451 3363 4522 relinquit,
3411 4453 3500 4504 sed
3533 4452 3720 4505 incitat

2146 4521 2399 4577 adversus
2425 4524 2762 4583 domesticos,
2790 4522 3020 4574 incendit
3043 4521 3106 4573 ad
3138 4521 3255 4573 lites
3282 4521 3463 4573 vicinis
3494 4535 3716 4572 moven-

2147 4593 2259 4645 das.
2304 4594 2393 4645 llic
2420 4607 2605 4644 servus
2638 4608 2721 4644 me
2745 4592 2986 4658 tleSpieit,
3023 4592 3133 4642 luce
3161 4590 3346 4642 ancilla
3377 4589 3501 4642 mihi
3527 4590 3716 4652 illudit,

2149 4662 2234 4714 hic
2264 4662 2465 4714 vicinus
2511 4662 2635 4713 mihi
2685 4671 2937 4728 perpetuo
2979 4660 3298 4712 conviciatur
3345 4661 3393 4711 in
3437 4659 3718 4720 ecclesiis,

2147 4731 2282 4799 apud
2330 4731 2558 4794 amicos,
2608 4733 2656 4782 in
2707 4731 2965 4782 forozme
3006 4729 3286 4790 ulciscere;
3335 4728 3564 4799 alioquin
3612 4745 3720 4782 non

2147 4798 2343 4854 sedebo
2370 4802 2500 4852 ultra
2527 4812 2692 4853 tecum
2726 4799 2788 4852 ad
2821 4813 3076 4862 mensam,
3105 4813 3206 4850 non
3235 4798 3504 4850 comedam
3536 4812 3721 4850 coram

2150 4882 2199 4923 te
2231 4886 2437 4938 panem,
2471 4886 2572 4921 non
2602 4869 2855 4922 dormiam
2889 4879 3060 4921 tecum
3089 4886 3101 4918 :
3126 4869 3247 4938 quia
3277 4868 3472 4938 nullam
3502 4867 3602 4938 mei
3635 4882 3724 4918 ra-

2148 4936 2342 4994 tionem
2375 4939 2567 4991 habent
2599 4940 2683 4991 hic
2711 4948 2765 4992 et
2810 4938 2893 4990 illa
2915 4977 2929 5000 ,
2981 4938 3072 4989 sed
3119 4946 3176 4988 ut
3202 4937 3367 4988 lutmn
3400 4936 3721 5003 despiciunt.

2147 5009 2298 5075 Quod
2326 5010 2367 5062 si
2398 5017 2548 5076 putas
2573 5009 2622 5061 id
2653 5023 2737 5060 me
2761 5006 3107 5075 conjectando
3135 5005 3330 5068 dicere,
3359 5009 3561 5074 respice
3590 5005 3724 5056 mihi

2147 5079 2614 5148 Egyptiampqua:
2641 5079 2690 5148 in
2721 5077 3010 5148 Josephum
3043 5078 3255 5148 laqueos
3282 5080 3533 5148 tetendit,
3555 5083 3606 5126 et
3639 5076 3724 5123 vi-

2149 5144 2263 5200 runi
2289 5144 2444 5201 Suum
2475 5144 2649 5198 furore
2673 5147 2853 5213 iraque
2883 5145 3112 5197 incendit
3138 5163 3149 5196 :
3173 5144 3477 5212 justumque
3505 5144 3722 5193 demum

2148 5217 2389 5269 occidere
2419 5215 2767 5267 meditabatur
2791 5255 2802 5274 ,
2853 5214 2950 5265 nisi
2985 5215 3240 5266 insonmis
3268 5215 3352 5266 ille
3380 5213 3563 5266 oculos
3603 5226 3724 5262 eam

2149 5287 2542 5362 praevertisset,
2574 5285 2847 5362 ipsumque
2877 5293 3160 5362 servasset.
3196 5283 3422 5362 Respice
3466 5280 3724 5362 Herodia-

2149 5349 2267 5408 dcnt
2290 5394 2302 5413 .
2348 5369 2463 5421 quae
2490 5353 2742 5406 Joannem
2770 5349 3048 5404 interfecit.
3085 5349 3463 5405 Dicebat'enim
3497 5349 3727 5400 l’rodro—

2151 5438 2268 5476 mus
2298 5423 2486 5475 Herodi
2513 5441 2522 5473 :
2550 5423 2666 5473 Non
2714 5424 2823 5474 licet
2869 5423 2954 5473 tibi
2985 5424 3165 5474 habere
3191 5437 3394 5472 uxorem
3443 5421 3614 5487 fratris
3653 5421 3729 5469 tui

2153 5491 2380 5561 Philippi
2415 5491 2605 5558 (Μηιτ.
2640 5494 2692 5544 6.
2727 5491 2842 5559 l8);
2887 5493 2970 5543 illa
3000 5507 3124 5544 vero
3149 5492 3377 5542 vinctum
3405 5503 3526 5561 eum
3549 5529 3561 5549 ,
3590 5489 3729 5561 inter

2152 5557 2305 5613 natos
2336 5557 2615 5613 mulierum
2644 5557 2916 5625 majorem,
2950 5563 2999 5612 iii
3027 5561 3270 5612 convivio
3301 5557 3724 5609 recumbentium

2151 5633 2459 5692 amicorum,
2491 5642 2640 5696 caput
2672 5636 2785 5695 ejus
2811 5630 3033 5682 absridit
3057 5631 3134 5695 (θ)
3162 5638 3241 5681 :et
3269 5626 3405 5694 quod
3433 5640 3537 5676 non
3562 5627 3726 5693 potuit

2156 5701 2410 5753 llcrndias
2438 5695 2645 5753 vivente
2669 5700 2779 5752 \‘iro
2810 5700 3003 5761 facere,
3033 5715 3096 5751 ea
3125 5700 3299 5764 inique
3328 5704 3448 5765 post
3475 5697 3592 5762 ejus
3613 5695 3724 5747 obi-

2219 5831 2292 5890 (u)
2326 5838 2430 5879 Hart:
2453 5829 2706 5890 Evangelia
2729 5830 3062 5877 adversantur.
