3978 6438
257 394 377 453 537

262 516 377 576 tum
402 508 755 576 perpetravit.
779 498 916 576 Quid
937 507 1112 576 autnem
1148 499 1398 553 Dalidas?
1427 513 1603 552 nonne
1634 497 1846 576 specio—

259 569 533 628 sissimum
559 582 612 628 et
639 573 983 626 fortissimum
1014 570 1323 623 Samsonem
1354 584 1446 636 per
1471 569 1845 621 scortationem

259 645 560 699 detonderis
583 657 645 696 ac
670 643 926 697 vinciens.
959 640 1267 706 alienigenis
1290 639 1503 692 tradidit
1534 647 1587 692 et
1615 636 1849 691 occidit?

262 715 403 768 Ecce
428 716 536 782 jam
582 723 687 766 tres
728 712 832 782 fide
861 710 1048 777 dignos
1076 718 1238 763 testes
1269 708 1319 761 in
1363 708 1595 782 medium
1625 706 1841 782 adduxi.

266 790 348 839 Au
374 775 479 837 non
508 784 625 836 illos
650 798 713 835 ex
742 775 1014 847 Scriptura
1044 786 1243 831 tantum
1282 778 1511 845 protuli?
1537 777 1647 847 Sed
1670 775 1735 847 In
1763 792 1848 829 ore

260 858 480 907 duorum
518 853 593 906 vel
632 854 782 905 trium
813 846 1005 904 testium
1034 849 1183 902 stabit
1227 864 1371 901 omne
1409 848 1606 900 verbum
1630 846 1842 915 (Matth.

263 924 356 977 18.
397 924 516 993 16);
555 938 623 977 ne
668 923 874 990 longior
914 922 1037 993 sim.
1074 919 1409 993 Quapropter
1447 933 1550 993 nos
1593 917 1845 993 Dominus

264 994 429 1057 Deus,
460 986 523 1046 ex
552 986 1112 1056 errorefturpitudine
1142 997 1197 1042 et
1224 986 1509 1054 opprobrio
1542 986 1843 1054 hujusmodi

263 1056 514 1117 reductos
539 1104 553 1121 .
602 1070 960 1127 temperanter
986 1060 1181 1127 degere
1210 1056 1416 1111 curabit
1442 1075 1454 1109 :
1486 1070 1844 1127 vosquepura

260 1133 588 1187 conscientia
605 1126 728 1199 erga
751 1130 1022 1198 conjugcs,
1044 1126 1257 1199 liberos,
1282 1135 1537 1199 servosget
1553 1126 1841 1199 proximos,

263 1206 422 1257 mites
448 1195 748 1270 hilaresque
774 1195 966 1258 effecit,
1000 1198 1222 1270 ut_digni
1253 1197 1366 1270 sitis
1396 1198 1482 1264 qui
1510 1198 1659 1270 regni
1686 1195 1847 1248 caelo-

262 1288 384 1324 rum
406 1266 677 1326 consortes
698 1269 1019 1324 efficiamini.
1047 1268 1238 1321 Verum
1260 1267 1381 1334 quia
1406 1266 1612 1319 tertium
1635 1280 1844 1333 quoque

261 1342 544 1403 ordinem,
591 1355 782 1409 nempe
834 1339 1143 1401 viduarum,
1200 1352 1306 1409 me‘
1339 1344 1841 1409 repraesentaturum

263 1412 531 1479 pollicitus
572 1405 891 1473 somfillum
920 1422 1129 1476 quoque
1157 1405 1338 1473 paucis
1365 1422 1460 1475 pro
1486 1420 1633 1459 more
1664 1405 1841 1459 verbis

262 1482 562 1547 expediam.
598 1480 820 1533 Viduam
861 1480 1137 1531 mulierem
1172 1479 1325 1528 talem
1355 1486 1565 1547 oportet
1592 1489 1711 1547 esse
1753 1490 1841 1528 se-

260 1545 494 1603 cundum
526 1551 822 1617 apostolum
854 1549 1073 1601 Paulum
1118 1548 1191 1614 (1.
1226 1547 1357 1597 Tim.
1390 1547 1442 1598 5.
1471 1546 1559 1613 10)
1582 1562 1594 1595 :
1617 1545 1839 1617 filiorum

260 1620 535 1684 altricem,
564 1613 865 1673 sanctorum
894 1619 1074 1671 usibus
1099 1613 1434 1669 Communem
1465 1629 1681 1683 operam
1711 1613 1837 1665 dan-

262 1699 392 1754 tem,
428 1691 693 1757 h05pitum
725 1690 1018 1742 ministerio
1046 1696 1338 1747 vacantem,
1390 1700 1486 1737 nec
1516 1684 1705 1757 studiis
1737 1699 1835 1757 _co-

258 1754 573 1826 gitationuui
598 1774 809 1813 suarum
833 1757 1309 1823 seseingereutem.
1340 1757 1423 1807 Ait
1450 1755 1590 1807 enim
1618 1772 1629 1804 :
1659 1754 1838 1805 lnduta

263 1839 383 1896 post
425 1840 649 1883 mortem
679 1830 774 1881 viri
804 1829 1117 1881 vestimento
1145 1826 1411 1877 viduitatis
1437 1832 1796 1896 ,reomponcta
1822 1863 1835 1886 ,

260 1892 427 1969 sitque
458 1901 594 1967 apud
626 1914 811 1952 omnes
842 1898 1033 1950 talibus
1060 1896 1316 1969 exhibens
1345 1894 1598 1945 moribus.
1630 1892 1835 1969 luemu-

262 1964 429 2037 posita
457 1964 633 2023 autem
672 1969 827 2021 vidua
866 1967 1111 2020 immanis
1138 1973 1219 2017 est
1251 1964 1357 2037 fera
1380 1978 1625 2037 ._pcrque
1650 1964 1838 2014 domes

257 2033 564 2095 discurrens
585 2083 598 2105 ,
646 2039 895 2094 indecora
941 2037 1139 2104 profert
1178 2035 1373 2105 verba:
1402 2033 1555 2099 lnops
1596 2047 1709 2105 sum
1732 2071 1746 2095 ,
1774 2041 1842 2105 ‘et

256 2113 419 2164 domo
440 2102 665 2174 carens;
696 2108 891 2163 divitia:
912 2102 1037 2161 olim
1064 2106 1243 2158 multae
1270 2103 1395 2155 mihi
1419 2112 1569 2154 erant
1596 2102 1655 2174 iu
1676 2102 1835 2166 agris,

257 2183 536 2245 domibus,
584 2172 1016 2249 quadrupedibus
1044 2186 1105 2249 et
1149 2174 1506 2249 vestimentis,
1540 2172 1840 2249 conjnxque

256 2266 409 2303 meus
430 2241 560 2304 artis
581 2241 848 2305 stecular'is
870 2248 1165 2317 imperitus,
1187 2243 1639 2320 luncabsumpsit;
1663 2241 1837 2320 ampla

256 2322 384 2373 mihi
407 2322 506 2374 dos
530 2332 670 2384 erat;
704 2313 969 2391 dictisille
992 2320 1251 2391 meisguon
1275 2313 1695 2391 obsequeliatttr_§
1725 2313 1839 2391 ejus

254 2406 382 2442 vero
410 2392 629 2443 consilia
660 2382 743 2443 vel
776 2389 934 2443 invita
963 2388 1249 2457 sequebar;
1280 2384 1410 2439 nihil
1443 2383 1567 2457 mihi
1602 2382 1833 2447 reliquit.

252 2461 340 2513 Sic
366 2475 523 2527 quem
552 2460 814 2513 viventem
846 2460 981 2510 ulnis
1012 2452 1121 2510 suis
1150 2452 1633 2528 complectebaLur,
1685 2464 1832 2528 mor-

254 2518 401 2581 tuuni
435 2530 721 2596 triumphat
748 2528 883 2595 apud
910 2528 1109 2579 amicos
1135 2536 1187 2579 et
1212 2518 1653 2596 cognatos._Talis
1681 2518 1833 2569 vidua

251 2594 613 2667 circumspicit
644 2608 699 2650 ut
727 2594 1079 2651 concubinum
1094 2597 1215 2667 _sihi
1235 2595 1368 2647 clam
1398 2594 1639 2667 asciscat.
1662 2598 1833 2667 atque

249 2670 469 2722 obtentu
490 2660 681 2721 orandi
703 2666 1054 2734 curandaaque
1085 2665 1313 2729 famili:e,
1346 2665 1627 2716 multorum
1655 2660 1829 2734 fabula

249 2738 460 2793 evadit:
481 2739 788 2807 nefariaque
805 2730 1133 2806 perpetrans,
1148 2745 1458 2802 COllCt'pltllll
1478 2742 1625 2784 utero
1648 2730 1829 2783 ftetum

1335 384 1401 440 IN
1444 380 1779 439 ABRAIIAM
1819 379 1910 437 ΕΤ
1952 380 2147 438 ISAAC
2186 383 2440 440 SERMO.

3434 400 3549 458 5³8

1953 496 2090 551 clam
2119 497 2347 563 retinet;
2382 497 2551 551 nullas
2572 512 2676 552 non
2699 507 2877 552 movet
2897 498 3192 565 machinas,
3221 506 3275 555 ut
3296 497 3539 557 abortum

1956 566 2129 631 faciat,
2152 583 2246 621 seu
2272 566 2529 621 veneﬁcio
2552 583 2647 622 seu
2676 568 3033 636 improbarum
3062 569 3351 624 mulierum
3379 572 3539 626 mini-

1952 637 2135 691 sterio.
2168 638 2437 692 Timorem
2468 638 2641 691 omnia
2674 639 2995 705 speculantis
3030 640 3121 694 Dei
3154 640 3205 692 in
3245 640 3406 695 corde
3432 656 3537 696 non

1953 706 2112 761 habet
2136 726 2148 760 :
2176 723 2279 760 non
2304 708 2570 762 erubescit
2592 718 2890 776 peccatum,
2910 708 3002 763 sed
3021 710 3288 764 erubescit
3309 710 3535 765 fructum

1952 791 2041 849 exg
2065 793 2125 831 se
2166 777 2535 849 prodeuntem.
2569 778 2709 843 Quot
2743 778 2847 849 vidi
2892 777 3050 833 heros
3091 780 3536 849 nequissimarum

1956 846 2255 917 bujusmodi
2287 847 2565 901 mulierum
2598 848 2825 902 servos?
2865 858 2994 917 quot
3022 846 3218 903 liberos
3244 849 3383 904 filios
3411 867 3532 905 eum

1954 916 2144 971 timore
2188 926 2244 970 et
2284 917 2604 987 metniipsis
2650 918 2958 979 adstantes.
3001 933 3198 987 eosque
3234 934 3426 974 manus
3469 925 3535 976 ad

1952 997 2135 1054 pectus
2162 987 2349 1055 ligatas
2374 986 2631 1041 habentes
2662 988 2823 1041 velint
2858 989 3047 1051 nolint,
3077 986 3280 1043 etiamsi
3312 990 3385 1042 illi
3413 1006 3532 1046 cum

1950 1070 2112 1109 aureo
2141 1058 2354 1125 cingulo
2381 1066 2435 1109 et
2464 1058 2632 1111 serica
2666 1069 2812 1111 veste
2841 1058 3220 1111 ambularent?
3259 1060 3497 1115 Audistis
3517 1105 3531 1126 ,

1950 1140 1983 1178 0
2012 1127 2205 1179 Christi
2230 1136 2491 1190 amantes,
2519 1129 2919 1181 narrationem?
2950 1130 3117 1182 nostis
3140 1130 3215 1183 rei
3240 1146 3396 1195 quam
3420 1138 3530 1183 tra-

1949 1198 2213 1268 ctavimus
2268 1196 2629 1264 hypothesin?
2679 1197 3015 1251 Lascivarutn
3069 1200 3534 1268 insipientiumque

1950 1266 2230 1319 mulierum
2274 1276 2469 1333 tropa‘a
2507 1269 2774 1320 enarravi.
2820 1268 2930 1321 Hos
2961 1268 3063 1320 Eva
3102 1283 3278 1321 mores
3310 1266 3529 1324 docuit:

1952 1336 2072 1388 hinc
2086 1337 2201 1402 ejus
2215 1336 2529 1406 increpatio,
2549 1346 2605 1389 et
2624 1338 2724 1389 cibi
2751 1338 2894 1391 vetiti
2916 1337 3229 1405 degustatio.
3246 1337 3530 1406 Postquam

1950 1422 2077 1478 vero
2105 1405 2335 1478 defrugi
2362 1417 2413 1459 et
2442 1406 2839 1478 honorabilibus
2866 1408 3177 1478 mulieribus
3198 1408 3379 1476 paucis
3395 1405 3529 1478 ege-

1950 1476 2137 1546 rimus,
2170 1477 2331 1546 finem
2357 1476 2545 1529 orandi
2573 1477 2856 1546 faciemus.
2872 1477 3001 1530 Vide
3026 1477 3151 1529 inihi
3178 1479 3310 1546 frugi
3342 1476 3533 1531 mulie-

1948 1562 2059 1598 rem
2089 1545 2532 1613 Sarephthanam,
2562 1562 2679 1614 quae
2713 1545 3023 1613 prophetam
3056 1545 3530 1615 lleliam’tempore

1951 1616 2103 1667 famis
2136 1617 2284 1669 aluit.
2325 1615 2452 1668 Vide
2482 1616 2608 1668 mihi
2658 1616 3038 1669 Sunamitidcm
3066 1658 3081 1681 ,
3128 1633 3245 1685 quze
3275 1617 3525 1672 Efisamm

1950 1685 2183 1753 hospitio
2209 1686 2427 1750 recepit,
2460 1688 2543 1737 ubi
2581 1686 2668 1738 ille
2698 1701 2916 1753 puerum
2946 1687 3061 1749 ejus
3096 1687 3145 1738 in
3176 1687 3335 1739 vitam
3369 1702 3525 1742 revo-

1947 1758 2105 1807 cavit.
2146 1756 2275 1809 Vide
2316 1756 2441 1806 mihi
2488 1759 2725 1818 Annam,
2771 1771 2887 1822 qua:
2932 1757 3223 1809 sterilitatis
3258 1758 3525 1811 vinculum

1948 1826 2206 1885 diSsoli-it,
2246 1838 2291 1878 et
2329 1828 2627 1878 Samueletn
2660 1826 2891 1892 peperit,
2922 1841 3119 1893 perque
3148 1827 3441 1880 orationem
3474 1840 3529 1882 et

1948 1896 2371 1948 obsecrationem
2406 1908 2573 1947 tnater
2598 1909 2670 1946 est
2704 1896 2911 1947 effecta.
2952 1895 3081 1948 Vide
3107 1896 3233 1948 mihi
3260 1896 3443 1950 Saram
3473 1909 3527 1951 et

1950 1964 2273 2024 licheeram,
2315 1980 2602 2031 puramque
2636 1967 2776 2017 illam
2818 1977 2869 2017 et
2912 1966 3278 2018 intemeratum
3310 1967 3527 2021 cohabi-

1950 2035 2200 2087 tationem
2247 2052 2366 2087 cum
2417 2034 2746 2100 patriarchis.
2780 2035 2905 2087 Vide
2934 2035 3060 2087 mihi
3085 2036 3380 2089 Susannatn
3409 2053 3528 2101 qua:

1948 2119 2041 2170 per
2067 2108 2360 2157 castitatem
2395 2105 2601 2172 iniquos
2629 2108 2864 2156 seniores
2900 2115 3068 2157 morte
3109 2106 3393 2159 damnavit.
3422 2107 3527 2160 llas

1948 2175 2198 2227 tnnheres
2244 2176 2553 2236 imitamini,
2604 2175 2742 2226 illitts
2770 2175 2970 2227 Scilicet
2999 2176 3321 2241 puritatem,
3371 2177 3527 2244 hujus

1946 2247 2272 2306 orationem;
2329 2245 2482 2311 hujus
2526 2244 2957 2313 hospitalitatem,
3004 2246 3143 2297 illius
3188 2247 3522 2311 castitatem,

1946 2313 2195 2383 illiusque
2226 2315 2333 2367 Deo
2368 2316 2603 2381 placendi
2636 2314 2867 2367 studium
2893 2355 2908 2379 ,
2939 2324 2997 2367 ut
3023 2331 3242 2382 regnum
3271 2317 3523 2370 carlorum

1945 2385 2343 2452 consequamiui
2371 2385 2545 2450 :quod
2574 2399 2670 2436 nos
2700 2399 2886 2437 omnes
2922 2386 3175 2451 consequi
3218 2387 3523 2453 contingat,

1943 2455 2109 2519 gratia
2142 2464 2195 2505 et
2224 2454 2543 2520 benignitate
2573 2454 2778 2505 Domini
2809 2455 2977 2505 nostri
3006 2454 3129 2506 Jesu
3154 2454 3378 2517 Christi,
3409 2456 3527 2519 qui-

1940 2536 2061 2573 cum
2108 2523 2247 2575 Patri
2296 2524 2466 2574 honor
2504 2531 2558 2575 et
2600 2523 2803 2589 gloria,
2847 2537 2967 2576 cum
3013 2534 3197 2576 sancto
3223 2534 3277 2577 et
3314 2525 3525 2578 vivifico

1942 2590 2175 2658 Spiritu,
2210 2608 2349 2645 nunc
2391 2601 2445 2645 et
2482 2606 2726 2661 semper,
2775 2600 2829 2645 ct
2867 2594 2917 2645 in
2958 2593 3149 2646 saecula
3182 2594 3519 2648 smeulorum.

1940 2663 2133 2717 Amen.

247 2864 3514 2929 ψ

1478 3001 2341 3116 MONITUM

1338 3198 1439 3255 AD
1485 3192 1925 3253 SERMONEM
1969 3192 2007 3250 S
2021 3188 2446 3262 EQUENTEM
2460 3232 2474 3246 .

318 3348 429 3401 lloe
456 3346 616 3401 otiosi
657 3345 888 3398 hominis
928 3341 1241 3409 opusculum
1297 3350 1347 3390 ut
1390 3338 1625 3403 spurium
1656 3334 1819 3409 edidit

246 3421 497 3480 Savilius,
532 3421 670 3471 inter
690 3416 792 3469 alia
834 3407 994 3468 multa
1044 3428 1162 3480 qum
1206 3408 1573 3477 Chrysostomi
1609 3407 1824 3457 nomine

1931 3333 2089 3385 variis
2122 3331 2451 3398 temporibus
2480 3330 2673 3384 emissa
2709 3340 2855 3385 sunt.
2889 3331 2994 3385 Nos
3032 3329 3217 3386 Latine
3261 3331 3517 3398 interpre~

1936 3404 2048 3465 tati,
2078 3403 2376 3469 argumenti
2407 3403 2612 3455 ratione
2654 3401 2856 3466 habita,
2890 3418 2989 3457 suo
3018 3402 3206 3457 ordine
3252 3403 3517 3469 ponimus.

245 3534 3517 3564 _—___——-—-—-———-——————_—_—————'————I

1479 3634 1541 3675 IN
1588 3631 1894 3674 ABRAIIAM
1938 3630 2016 3672 ET
2060 3628 2261 3673 ISAAC.

1696 3764 2064 3820 KWBD

312 3906 523 3959 Justum
584 3899 941 3956 Abrahamqu
1001 3893 1138 3945 Deus
1197 3889 1444 3943 transfert
1488 3902 1525 3959 _a
1579 3887 1818 3952 cognatis

240 3957 454 4040 Sui—spet
481 3977 546 4027 ab
574 3971 821 4027 omnibus
851 3965 937 4040 qui
968 3962 1033 4016 ad
1062 3964 1231 4040 ipsum
1281 3957 1632 4040 pertinebant,
1672 3964 1814 4040 erat-

239 4031 423 4113 quc'in
476 4046 645 4097 aliena
672 4051 809 4094 terra
857 4031 907 4088 in
958 4031 1209 4113 terruit-nis
1256 4037 1813 4113 perseverans-spem

241 4099 611 4183 promissionis
636 4102 1181 4183 exspectans-Multi:
1223 4099 1561 4183 probatipttes
1590 4099 1814 4183 patriar:

237 4162 751 4240 gagg'gaﬁmtgniiai
771 4178 921 4245 queis
950 4174 1065 4239 ejus
1091 4162 1377 4223 secundum
1405 4166 1567 4219 Deum
1593 4162 1815 4244 firmitas

238 4254 628 4307 ostenderetur.
682 4249 897 4301 Multum
944 4249 1261 4295 transactum
1304 4246 1388 4312 est
1430 4245 1635 4300 tempus
1674 4251 1685 4284 :
1726 4250 1811 4312 ju-

238 4334 426 4376 ventus
457 4322 604 4387 quasi
650 4321 747 4373 flos
786 4318 997 4370 demum
1031 4308 1386 4387 marcescebat
1423 4324 1443 4387 ἐ
1486 4312 1731 4387 senectus
1760 4308 1809 4387 in

236 4373 421 4458 ianua.
448 4373 662 4451 Natura,
713 4397 769 4441 ut
800 4387 895 4454 ipsi
936 4380 1203 4452 proprium
1241 4373 1704 4458 .est_,__declittabat
1744 4373 1809 4426 ad

235 4447 441 4513 Benium
477 4447 714 4527 vergens.
750 4447 832 4510 Ob
864 4447 1193 4527 senectutem
1241 4449 1289 4499 in
1332 4447 1520 4527 illonet
1566 4447 1612 4493 in
1648 4458 1811 4495 uxore

234 4531 497 4581 exstincta
526 4516 641 4582 erat
667 4530 744 4579 vis
774 4537 826 4578 et
857 4524 1075 4575 facultas
1106 4516 1413 4592 procreandi
1443 4516 1672 4592 liberos:
1698 4528 1811 4591 am-

232 4598 421 4651 borum
453 4613 645 4665 corpus
674 4608 871 4649 natura:
902 4592 1149 4665 cedebat,
1174 4585 1534 4665 juventuteuin
1576 4583 1675 4661 illis
1698 4584 1805 4665 jam

231 4678 355 4719 ante
388 4654 720 4735 consumpta.
757 4667 823 4717 At
853 4677 973 4735 spes
1023 4662 1074 4711 in
1136 4660 1305 4735 nemo
1348 4657 1397 4705 in
1443 4654 1549 4733 illis
1577 4654 1803 4735 vigebat,

232 4754 330 4790 nec
358 4739 517 4791 modo
567 4724 669 4790 non
718 4724 1052 4789 senescebat.
1095 4728 1186 4779 sed
1239 4726 1409 4800 etiam.
1447 4724 1635 4800 invicta
1668 4731 1804 4773 erat.

232 4806 384 4861 Unde
415 4810 570 4860 etiam
607 4817 793 4875 prteter
819 4818 965 4875 Spem
996 4801 1228 4875 lsaacum
1258 4794 1456 4875 genuit,
1490 4794 1575 4857 qui
1608 4794 1656 4841 in
1689 4806 1805 4875 0m-

231 4878 387 4929 nibus
420 4866 1088 4945 typum'gerehat'Domiui.
1123 4866 1235 4918 Non
1262 4874 1461 4945 natura:
1502 4871 1800 4945 opttsierat,

228 4948 368 5011 quod
404 4930 555 5000 vulva
600 4930 837 5000 emortua
888 4941 1209 5007 conciperet,
1256 4944 1309 4986 et
1352 4946 1595 4982 mammae
1624 4930 1802 5011 arida:

229 5008 308 5067 lac
357 5018 657 5081 prmberent
697 5017 876 5069 lsaaco
911 5030 921 5063 :
956 5026 1059 5063 non
1107 5015 1306 5059 natura:
1347 5015 1477 5080 ρινιιδ
1528 5008 1801 5081 οτθῑ-βιηο

228 5079 651 5151 νιτοέοηεὶβρινρ
680 5086 933 5153 virginem
966 5082 1289 5153 Mariamuet
1318 5088 1431 5123 sine
1461 5079 1799 5153 corruptione

228 5168 413 5215 parere
433 5137 1179 5208 Ser'vatoremuuniversorum.
1202 5145 1385 5197 Saram
1425 5137 1799 5217 matremnfccit

230 5207 278 5273 in
306 5207 599 5285 senectute,
630 5233 681 5277 et
709 5224 918 5274 Mariam
958 5218 1188 5290 ostendit
1217 5223 1343 5290 post
1385 5219 1587 5290 partum
1625 5207 1797 5290 Virgia

231 5274 367 5345 uetn‘.
398 5274 706 5363 Angelusvin
742 5291 1081 5363 tabernaculo
1122 5274 1254 5363 dixit
1287 5274 1595 5363 patriarcha:
1620 5294 1642 5363 ἐ
1686 5274 1794 5355 Hoc

230 5377 444 5429 tempore
471 5347 562 5416 Em
600 5364 743 5417 Sara:
787 5364 919 5429 ﬁlius
966 5358 1112 5432 ((.'_en.
1170 5356 1254 5408 18.
1288 5347 1392 5432 :10)
1419 5347 1696 5432 inangelus
1725 5348 1790 5432 ‘in

227 5422 534 5487 Belltleltem
584 5435 757 5486 Maria:
787 5422 940 5483 Idixit
970 5422 982 5479 ξ
1018 5430 1149 5480 Ecce
1202 5425 1368 5491 pariet
1416 5422 1573 5471 unum
1627 5422 1789 5482 gratia

226 5504 394 5568 plena.
430 5504 564 5557 Risit
592 5505 718 5558 Sara
764 5502 1091 5554 sterilitatem
1136 5493 1447 5568 respiciens,
1498 5496 1789 5568 emortuam

228 5557 429 5625 vulvam
464 5557 706 5634 cernens,
749 5571 907 5625 verbo
939 5584 1039 5619 non
1083 5557 1671 5634 creilens:_Quontodo,
1715 5557 1791 5634 in:

228 5647 352 5711 quit,
382 5648 478 5697 hoc
504 5625 630 5707 erit,
657 5625 739 5695 uie
765 5652 827 5695 et'
848 5638 1145 5711 Ahraltamo
1186 5626 1694 5711 itit-Itilihusefiectis
1724 5625 1786 5676 ad

226 5704 421 5779 prolem
451 5704 791 5767 omittendam
811 5713 832 5763 2’
859 5706 1213 5779 lluhitahatct
1244 5704 1401 5755 Maria
1438 5704 1785 5779 \‘ifgm'lﬁ‘fcm

225 5768 533 5849 ieSjiicietts,
565 5785 713 5849 cujus
757 5780 1021 5849 signacula
1066 5776 1286 5829 infracta
1328 5771 1569 5826 servabat
1600 5785 1610 5819 :
1646 5768 1785 5832 Quo-

1932 3883 2084 3953 modo
2102 3882 2240 3953 enim
2276 3882 2397 3953 mihi
2408 3880 2519 3953 _hoc
2548 3881 2659 3953 erit,
2687 3895 2799 3945 qua:
2828 3880 2983 3930 virum
3004 3896 3099 3931 non
3131 3884 3338 3950 cognovi
3361 3882 3509 3953 (Luc.

1930 3955 1977 4006 1.
2007 3951 2133 4019 54)Ἱ
2165 3951 2454 4019 Promissio
2499 3948 2692 4019 quippe
2730 3958 2909 4019 contra
2964 3948 3203 4006 namraui
3250 3948 3376 4013 est;'
3414 3957 3509 4010 sed

1926 4024 2011 4089 qui
2034 4034 2225 4087 przeter
2253 4034 2400 4086 spem
2428 4018 2573 4071 Sat-te
2596 4018 2739 4070 dedit
2772 4018 3025 4091 lsaaeum,
3064 4020 3174 4085 ipse
3200 4038 3259 4073 et
3298 4022 3510 4091 Virgine

1924 4088 2212 4145 secundum
2266 4104 2480 4142 carnem
2542 4100 2695 4139 natus
2739 4098 2837 4141 est.
2894 4088 3021 4139 [ιπξιῆ
3078 4101 3229 4142 erant
3280 4088 3409 4143 Sara
3453 4106 3508 4149 et

1925 4162 2212 4224 Abraham,
2240 4170 2361 4211 nato
2391 4159 2591 4221 lsaaco,
2618 4159 3065 4225 quemadmodum
3098 4160 3305 4213 dixerat
3331 4162 3502 4219 Deus:

1926 4232 2028 4284 laeti
2048 4243 2197 4284 erant
2221 4230 2377 4282 Maria
2404 4239 2457 4282 et
2479 4228 2697 4297 JoSeplt,
2731 4237 2853 4281 nato
2879 4228 3025 4291 Jesu,
3056 4232 3501 4294 quemadmodum

1922 4302 2126 4355 dixerat
2168 4300 2399 4354 Gabriel.
2447 4300 2686 4367 Largiter
2717 4300 2999 4351 manabant
3034 4300 3183 4353 lactis
3233 4304 3403 4354 fontes
3436 4320 3502 4358 cx

1922 4375 2090 4424 vetula
2127 4371 2176 4423 iu
2208 4386 2269 4423 os
2308 4371 2503 4431 lsaaei;
2552 4372 2769 4437 largiter
2799 4369 3031 4421 fluebant
3076 4371 3235 4424 ubera
3275 4371 3500 4435 Virginis

1920 4442 1998 4493 lac
2025 4442 2314 4495 cmittcntia
2344 4442 2392 4492 iu
2424 4456 2544 4492 cum
2569 4442 2655 4508 qui
2701 4440 2954 4492 terminos
2998 4454 3186 4492 onmes
3226 4442 3333 4492 alit.
3370 4444 3497 4505 Quis

1919 4511 2137 4563 dixisset
2184 4510 2486 4563 Abrahamo
2522 4512 2830 4563 laetaturum
2878 4511 3062 4561 Saram
3109 4511 3271 4561 filium
3315 4513 3364 4562 in
3410 4527 3496 4565 se-

1918 4583 2165 4633 nectute?
2193 4581 2457 4633 clamabat
2496 4581 2691 4633 sterilis
2716 4596 2729 4631 :
2754 4580 2884 4644 Quis
2927 4580 3230 4631 hominibus
3280 4580 3491 4643 dixerit,

1917 4666 2001 4702 me
2047 4653 2301 4719 virginem
2353 4651 2562 4702 enixam
2612 4652 2688 4701 lac
2735 4650 3008 4716 praebere?
3057 4650 3264 4699 dicebat
3308 4650 3489 4702 Maria.

1914 4719 2024 4771 Non
2054 4733 2265 4788 propter
2292 4720 2523 4772 lsaacmn
2556 4721 2669 4772 risit
2694 4720 2841 4777 Sara,
2885 4720 2974 4769 scd
3010 4728 3223 4784 propter
3252 4734 3370 4771 cum
3404 4736 3489 4785 qm

1912 4805 1976 4841 ex
2002 4791 2157 4842 Maria
2187 4803 2341 4843 natus
2372 4802 2452 4842 est
2488 4808 2499 4838 :
2530 4804 2590 4841 ac
2630 4790 2763 4840 sicut
2802 4788 3034 4840 Joannes
3062 4789 3373 4852 cxsilicudo,
3414 4793 3486 4842 sic

1912 4859 2041 4913 Sara
2076 4860 2295 4913 ridendo
2321 4859 2567 4925 gaudium
2616 4858 2877 4909 indicavit.
2922 4858 3098 4909 Crevit
3122 4874 3270 4923 puer,
3302 4875 3365 4911 ac
3396 4876 3453 4912 se

1910 4932 2136 4981 eundum
2166 4929 2579 4982 adolescentium
2608 4935 2815 4978 :etatcm
2847 4927 3043 4979 floruit.
3092 4927 3265 4981 La~tus
3296 4944 3442 4983 erat.

1908 5001 2198 5063 Speciosus,
2234 4998 2393 5049 animi
2443 4998 2659 5049 virtutes
2699 4997 2961 5065 simulque
2990 5001 3227 5064 corporis
3261 5000 3480 5053 lttrlltalt‘.

1907 5068 2141 5132 quotidie
2171 5069 2458 5135 adaugens,
2514 5068 2687 5121 suavis
2719 5077 2827 5121 crat
2864 5070 3183 5133 parentibus.
3216 5072 3474 5137 Quotquo.

1908 5140 2040 5189 filios
2074 5138 2298 5200 habetis,
2336 5139 2472 5188 hunc
2504 5137 2805 5190 imitamini.
2839 5143 3102 5201 Quantum
3148 5141 3356 5191 lauatur
3388 5157 3447 5206 pa

1906 5216 1983 5258 ter
2012 5208 2172 5258 fititttn
2223 5208 2407 5259 videns
2443 5208 2743 5259 ludentem?
2790 5219 3041 5276 quantum
3094 5210 3284 5274 gaudet
3330 5220 3463 5276 Pilll'l

1902 5276 2084 5328 videns
2119 5278 2278 5329 filium
2302 5278 2609 5343 juveniliter
2653 5280 2938 5344 agentem?
2969 5288 3019 5329 et
3049 5290 3297 5343 quantum
3347 5296 3442 5341 gau

1901 5347 1987 5396 det
2019 5347 2201 5399 videns
2228 5349 2611 5412 proficientem,
2642 5360 2731 5400 aut
2755 5349 2892 5400 circa
2929 5350 3233 5415 disciplinas
3272 5350 3443 5397 studio

1898 5416 2051 5465 sum?
2082 5416 2181 5468 Sed
2214 5420 2423 5483 quando
2464 5418 2575 5471 hinc
2608 5418 2789 5471 videns
2830 5420 3091 5469 Abraham
3137 5421 3337 5468 l:l‘l.‘tllts
3366 5428 3459 5468 est.

1901 5486 2117 5536 trntatio
2143 5496 2196 5538 et
2234 5503 2466 5539 aerumna
2502 5490 2595 5555 ipsi
2642 5491 2815 5556 gravis
2867 5489 3103 5548 offertur,
3146 5497 3199 5536 ttt
3244 5488 3463 5538 tttztnif'e-

1897 5564 2032 5625 stum
2069 5560 2213 5607 fieret
2259 5572 2285 5607 a
2336 5574 2441 5625 qui;
2486 5560 2647 5625 magis
2697 5560 3040 5615 detineretur,
3088 5575 3149 5607 an
3187 5573 3211 5604 :i
3262 5568 3462 5609 natura:

1896 5624 2104 5689 affectu,
2139 5642 2202 5677 an
2235 5628 2299 5679 ab
2328 5624 2507 5680 amore
2535 5629 2643 5681 llei.
2682 5628 2842 5694 Hujus
2880 5628 3179 5678 tculatiouis
3227 5627 3461 5679 immani-

1897 5704 2053 5745 tatem
2086 5699 2207 5747 dum
2239 5712 2510 5757 recenseo,
2544 5698 2753 5758 fratres,
2789 5698 2976 5747 horreo
3002 5704 3054 5747 et
3094 5707 3281 5747 tremo.
3324 5696 3465 5754 fletis

1892 5766 2033 5817 cnim
2072 5782 2253 5819 rursus
2303 5768 2573 5821 oraculum
2633 5768 2863 5820 itmuittit
2920 5766 3241 5829 Abrahamo,
3300 5775 3461 5835 atque
