  <div class='ocr_page' id='page_1' title='image "/cluster/home/n/w/nwhite01/storage/ocr_20150623/56/ien.35556001660836/538.png"; bbox 0 0 3978 6440; ppageno 0'>
   <div class='ocr_carea' id='block_1_1' title="bbox 153 392 267 448">
    <p class='ocr_par' dir='ltr' id='par_1_1' title="bbox 153 392 267 448">
     <span class='ocr_line' id='line_1_1' title="bbox 153 392 267 448; baseline -0.018 0"><span class='ocrx_word' id='word_1_1' title='bbox 153 392 267 448; x_wconf 78' lang='grc'><strong>541</strong></span> 
     </span>
    </p>
   </div>
   <div class='ocr_carea' id='block_1_2' title="bbox 172 488 1762 558">
    <p class='ocr_par' dir='ltr' id='par_1_2' title="bbox 172 488 1762 558">
     <span class='ocr_line' id='line_1_2' title="bbox 172 488 1762 558; baseline -0.004 -10"><span class='ocrx_word' id='word_1_2' title='bbox 172 495 374 549; x_wconf 74' lang='lat' dir='ltr'><strong>ﬂexum</strong></span> <span class='ocrx_word' id='word_1_3' title='bbox 407 492 571 546; x_wconf 90' lang='lat' dir='ltr'><strong>ﬁlium</strong></span> <span class='ocrx_word' id='word_1_4' title='bbox 599 497 794 545; x_wconf 88' lang='lat' dir='ltr'><strong>stante.</strong></span> <span class='ocrx_word' id='word_1_5' title='bbox 826 488 1025 544; x_wconf 81' lang='lat' dir='ltr'><strong>Deinde</strong></span> <span class='ocrx_word' id='word_1_6' title='bbox 1046 489 1208 544; x_wconf 91' lang='lat' dir='ltr'><strong>altera</strong></span> <span class='ocrx_word' id='word_1_7' title='bbox 1233 505 1390 542; x_wconf 89' lang='lat' dir='ltr'><strong>manu</strong></span> <span class='ocrx_word' id='word_1_8' title='bbox 1421 504 1572 544; x_wconf 89' lang='lat' dir='ltr'><strong>coma</strong></span> <span class='ocrx_word' id='word_1_9' title='bbox 1613 488 1762 558; x_wconf 86' lang='lat' dir='ltr'><strong>pueri</strong></span> 
     </span>
    </p>
   </div>
   <div class='ocr_carea' id='block_1_3' title="bbox 171 558 1761 631">
    <p class='ocr_par' dir='ltr' id='par_1_3' title="bbox 171 558 1761 631">
     <span class='ocr_line' id='line_1_3' title="bbox 171 558 1761 631; baseline -0.003 -14"><span class='ocrx_word' id='word_1_10' title='bbox 171 565 239 618; x_wconf 84' lang='lat' dir='ltr'><strong>ad</strong></span> <span class='ocrx_word' id='word_1_11' title='bbox 265 580 321 617; x_wconf 85' lang='lat' dir='ltr'><strong>se</strong></span> <span class='ocrx_word' id='word_1_12' title='bbox 353 563 566 616; x_wconf 90' lang='lat' dir='ltr'><strong>reducta</strong></span> <span class='ocrx_word' id='word_1_13' title='bbox 589 561 809 631; x_wconf 89' lang='lat' dir='ltr'><strong>respicit</strong></span> <span class='ocrx_word' id='word_1_14' title='bbox 833 575 974 622; x_wconf 91' lang='lat' dir='ltr'><strong>eum,</strong></span> <span class='ocrx_word' id='word_1_15' title='bbox 1006 560 1253 628; x_wconf 87' lang='lat' dir='ltr'><strong>videtque</strong></span> <span class='ocrx_word' id='word_1_16' title='bbox 1284 558 1482 631; x_wconf 82' lang='lat' dir='ltr'><strong>faciem</strong></span> <span class='ocrx_word' id='word_1_17' title='bbox 1507 559 1669 612; x_wconf 86' lang='lat' dir='ltr'><strong>lsaaci</strong></span> <span class='ocrx_word' id='word_1_18' title='bbox 1701 574 1761 613; x_wconf 89' lang='lat' dir='ltr'><strong>se</strong></span> 
     </span>
    </p>
   </div>
   <div class='ocr_carea' id='block_1_4' title="bbox 175 630 1762 697">
    <p class='ocr_par' dir='ltr' id='par_1_4' title="bbox 175 630 1762 697">
     <span class='ocr_line' id='line_1_4' title="bbox 175 630 1762 697; baseline -0.003 -11"><span class='ocrx_word' id='word_1_19' title='bbox 175 632 551 686; x_wconf 85' lang='lat' dir='ltr'><strong>miserabiliter</strong></span> <span class='ocrx_word' id='word_1_20' title='bbox 573 630 846 694; x_wconf 88' lang='lat' dir='ltr'><strong>intuentis,</strong></span> <span class='ocrx_word' id='word_1_21' title='bbox 878 638 934 684; x_wconf 89' lang='lat' dir='ltr'><strong>et</strong></span> <span class='ocrx_word' id='word_1_22' title='bbox 959 631 1120 683; x_wconf 92' lang='lat' dir='ltr'><strong>ictum</strong></span> <span class='ocrx_word' id='word_1_23' title='bbox 1161 630 1516 697; x_wconf 74' lang='lat' dir='ltr'><strong>exspectantis</strong></span> <span class='ocrx_word' id='word_1_24' title='bbox 1551 647 1564 682; x_wconf 89' lang='lat'><strong>:</strong></span> <span class='ocrx_word' id='word_1_25' title='bbox 1591 643 1762 681; x_wconf 88' lang='lat' dir='ltr'><strong>arma-</strong></span> 
     </span>
    </p>
   </div>
   <div class='ocr_carea' id='block_1_5' title="bbox 177 699 1758 770">
    <p class='ocr_par' dir='ltr' id='par_1_5' title="bbox 177 699 1758 770">
     <span class='ocr_line' id='line_1_5' title="bbox 177 699 1758 770; baseline -0.004 -13"><span class='ocrx_word' id='word_1_26' title='bbox 177 713 283 757; x_wconf 89' lang='lat' dir='ltr'><strong>tam</strong></span> <span class='ocrx_word' id='word_1_27' title='bbox 313 701 485 770; x_wconf 85' lang='lat' dir='ltr'><strong>gladio</strong></span> <span class='ocrx_word' id='word_1_28' title='bbox 505 700 775 770; x_wconf 87' lang='lat' dir='ltr'><strong>dexteram</strong></span> <span class='ocrx_word' id='word_1_29' title='bbox 808 699 1029 770; x_wconf 89' lang='lat' dir='ltr'><strong>habens,</strong></span> <span class='ocrx_word' id='word_1_30' title='bbox 1062 699 1125 752; x_wconf 89' lang='lat' dir='ltr'><strong>ad</strong></span> <span class='ocrx_word' id='word_1_31' title='bbox 1156 714 1337 770; x_wconf 91' lang='lat' dir='ltr'><strong>necem</strong></span> <span class='ocrx_word' id='word_1_32' title='bbox 1371 715 1429 752; x_wconf 87' lang='lat' dir='ltr'><strong>se</strong></span> <span class='ocrx_word' id='word_1_33' title='bbox 1467 708 1758 770; x_wconf 74' lang='lat' dir='ltr'><strong>comparat,</strong></span> 
     </span>
    </p>
   </div>
   <div class='ocr_carea' id='block_1_6' title="bbox 178 768 1762 839">
    <p class='ocr_par' dir='ltr' id='par_1_6' title="bbox 178 768 1762 839">
     <span class='ocr_line' id='line_1_6' title="bbox 178 768 1762 839; baseline -0.004 -14"><span class='ocrx_word' id='word_1_34' title='bbox 178 768 370 839; x_wconf 81' lang='lat' dir='ltr'><strong>corpus</strong></span> <span class='ocrx_word' id='word_1_35' title='bbox 395 771 683 838; x_wconf 87' lang='lat' dir='ltr'><strong>contingit;</strong></span> <span class='ocrx_word' id='word_1_36' title='bbox 710 769 818 836; x_wconf 90' lang='lat' dir='ltr'><strong>jam</strong></span> <span class='ocrx_word' id='word_1_37' title='bbox 844 769 1000 838; x_wconf 81' lang='lat' dir='ltr'><strong>gladii</strong></span> <span class='ocrx_word' id='word_1_38' title='bbox 1028 770 1171 822; x_wconf 89' lang='lat' dir='ltr'><strong>acies</strong></span> <span class='ocrx_word' id='word_1_39' title='bbox 1194 769 1436 837; x_wconf 79' lang='lat' dir='ltr'><strong>jugulum</strong></span> <span class='ocrx_word' id='word_1_40' title='bbox 1464 768 1611 835; x_wconf 84' lang='lat' dir='ltr'><strong>petit,</strong></span> <span class='ocrx_word' id='word_1_41' title='bbox 1634 783 1762 821; x_wconf 89' lang='lat' dir='ltr'><strong>con-</strong></span> 
     </span>
    </p>
   </div>
   <div class='ocr_carea' id='block_1_7' title="bbox 177 839 1760 910">
    <p class='ocr_par' dir='ltr' id='par_1_7' title="bbox 177 839 1760 910">
     <span class='ocr_line' id='line_1_7' title="bbox 177 839 1760 910; baseline -0.003 -15"><span class='ocrx_word' id='word_1_42' title='bbox 177 853 254 896; x_wconf 90' lang='lat' dir='ltr'><strong>tra</strong></span> <span class='ocrx_word' id='word_1_43' title='bbox 287 841 499 910; x_wconf 89' lang='lat' dir='ltr'><strong>propria</strong></span> <span class='ocrx_word' id='word_1_44' title='bbox 540 842 740 893; x_wconf 83' lang='lat' dir='ltr'><strong>viscera</strong></span> <span class='ocrx_word' id='word_1_45' title='bbox 786 855 968 893; x_wconf 83' lang='lat' dir='ltr'><strong>ensem</strong></span> <span class='ocrx_word' id='word_1_46' title='bbox 1019 839 1341 910; x_wconf 78' lang='lat' dir='ltr'><strong>impnlsttrus</strong></span> <span class='ocrx_word' id='word_1_47' title='bbox 1387 848 1520 900; x_wconf 87' lang='lat' dir='ltr'><strong>erat,</strong></span> <span class='ocrx_word' id='word_1_48' title='bbox 1569 846 1690 910; x_wconf 89' lang='lat' dir='ltr'><strong>tunc</strong></span> <span class='ocrx_word' id='word_1_49' title='bbox 1733 853 1760 891; x_wconf 90' lang='lat' dir='ltr'><strong>a</strong></span> 
     </span>
    </p>
   </div>
   <div class='ocr_carea' id='block_1_8' title="bbox 178 909 1762 976">
    <p class='ocr_par' dir='ltr' id='par_1_8' title="bbox 178 909 1762 976">
     <span class='ocr_line' id='line_1_8' title="bbox 178 909 1762 976; baseline -0.002 -12"><span class='ocrx_word' id='word_1_50' title='bbox 178 909 303 964; x_wconf 33' lang='lat' dir='ltr'><strong>lteo’</strong></span> <span class='ocrx_word' id='word_1_51' title='bbox 337 926 436 962; x_wconf 79' lang='lat' dir='ltr'><strong>vox</strong></span> <span class='ocrx_word' id='word_1_52' title='bbox 480 910 758 964; x_wconf 80' lang='lat' dir='ltr'><strong>emittitur.</strong></span> <span class='ocrx_word' id='word_1_53' title='bbox 811 911 1043 962; x_wconf 88' lang='lat' dir='ltr'><strong>animum</strong></span> <span class='ocrx_word' id='word_1_54' title='bbox 1090 909 1378 968; x_wconf 82' lang='lat' dir='ltr'><strong>cohibens.</strong></span> <span class='ocrx_word' id='word_1_55' title='bbox 1417 921 1548 969; x_wconf 83' lang='lat' dir='ltr'><strong>opus</strong></span> <span class='ocrx_word' id='word_1_56' title='bbox 1590 909 1762 976; x_wconf 87' lang='lat' dir='ltr'><strong>impc-</strong></span> 
     </span>
    </p>
   </div>
   <div class='ocr_carea' id='block_1_9' title="bbox 179 979 1761 1046">
    <p class='ocr_par' dir='ltr' id='par_1_9' title="bbox 179 979 1761 1046">
     <span class='ocr_line' id='line_1_9' title="bbox 179 979 1761 1046; baseline -0.005 -10"><span class='ocrx_word' id='word_1_57' title='bbox 179 983 329 1036; x_wconf 85' lang='lat' dir='ltr'><strong>diens</strong></span> <span class='ocrx_word' id='word_1_58' title='bbox 359 981 672 1042; x_wconf 82' lang='lat' dir='ltr'><strong>:Abrahant,</strong></span> <span class='ocrx_word' id='word_1_59' title='bbox 706 980 980 1042; x_wconf 78' lang='lat' dir='ltr'><strong>Abraham,</strong></span> <span class='ocrx_word' id='word_1_60' title='bbox 1013 980 1198 1046; x_wconf 83' lang='lat' dir='ltr'><strong>inquit,</strong></span> <span class='ocrx_word' id='word_1_61' title='bbox 1232 996 1292 1030; x_wconf 90' lang='lat' dir='ltr'><strong>ue</strong></span> <span class='ocrx_word' id='word_1_62' title='bbox 1331 979 1531 1046; x_wconf 84' lang='lat' dir='ltr'><strong>injicias</strong></span> <span class='ocrx_word' id='word_1_63' title='bbox 1559 994 1761 1029; x_wconf 89' lang='lat' dir='ltr'><strong>manum</strong></span> 
     </span>
    </p>
   </div>
   <div class='ocr_carea' id='block_1_10' title="bbox 178 1047 1763 1118">
    <p class='ocr_par' dir='ltr' id='par_1_10' title="bbox 178 1047 1763 1118">
     <span class='ocr_line' id='line_1_10' title="bbox 178 1047 1763 1118; baseline -0.003 -14"><span class='ocrx_word' id='word_1_64' title='bbox 178 1064 320 1104; x_wconf 86' lang='lat' dir='ltr'><strong>tuam</strong></span> <span class='ocrx_word' id='word_1_65' title='bbox 351 1052 403 1103; x_wconf 84' lang='lat' dir='ltr'><strong>in</strong></span> <span class='ocrx_word' id='word_1_66' title='bbox 452 1048 706 1109; x_wconf 86' lang='lat' dir='ltr'><strong>lsaacum,</strong></span> <span class='ocrx_word' id='word_1_67' title='bbox 742 1065 910 1118; x_wconf 88' lang='lat' dir='ltr'><strong>neque</strong></span> <span class='ocrx_word' id='word_1_68' title='bbox 942 1050 1062 1100; x_wconf 89' lang='lat' dir='ltr'><strong>mali</strong></span> <span class='ocrx_word' id='word_1_69' title='bbox 1110 1048 1374 1116; x_wconf 82' lang='lat' dir='ltr'><strong>quidpiam</strong></span> <span class='ocrx_word' id='word_1_70' title='bbox 1435 1047 1598 1118; x_wconf 78' lang='lat' dir='ltr'><strong>facias</strong></span> <span class='ocrx_word' id='word_1_71' title='bbox 1654 1048 1763 1100; x_wconf 85' lang='lat' dir='ltr'><strong>lilio</strong></span> 
     </span>
    </p>
   </div>
   <div class='ocr_carea' id='block_1_11' title="bbox 178 1116 1761 1187">
    <p class='ocr_par' dir='ltr' id='par_1_11' title="bbox 178 1116 1761 1187">
     <span class='ocr_line' id='line_1_11' title="bbox 178 1116 1761 1187; baseline -0.004 -13"><span class='ocrx_word' id='word_1_72' title='bbox 178 1131 292 1174; x_wconf 89' lang='lat' dir='ltr'><strong>tuo.</strong></span> <span class='ocrx_word' id='word_1_73' title='bbox 347 1119 499 1173; x_wconf 75' lang='lat' dir='ltr'><strong>Num:</strong></span> <span class='ocrx_word' id='word_1_74' title='bbox 529 1120 657 1171; x_wconf 86' lang='lat' dir='ltr'><strong>enim</strong></span> <span class='ocrx_word' id='word_1_75' title='bbox 700 1116 1054 1187; x_wconf 25' lang='lat' dir='ltr'><strong>vere&#39;cognovi</strong></span> <span class='ocrx_word' id='word_1_76' title='bbox 1091 1119 1224 1186; x_wconf 80' lang='lat' dir='ltr'><strong>quod</strong></span> <span class='ocrx_word' id='word_1_77' title='bbox 1269 1120 1442 1170; x_wconf 82' lang='lat' dir='ltr'><strong>timeas</strong></span> <span class='ocrx_word' id='word_1_78' title='bbox 1485 1116 1662 1177; x_wconf 85' lang='lat' dir='ltr'><strong>Deum,</strong></span> <span class='ocrx_word' id='word_1_79' title='bbox 1717 1125 1761 1168; x_wconf 83' lang='lat' dir='ltr'><strong>et</strong></span> 
     </span>
    </p>
   </div>
   <div class='ocr_carea' id='block_1_12' title="bbox 176 1187 1762 1259">
    <p class='ocr_par' dir='ltr' id='par_1_12' title="bbox 176 1187 1762 1259">
     <span class='ocr_line' id='line_1_12' title="bbox 176 1187 1762 1259; baseline -0.003 -15"><span class='ocrx_word' id='word_1_80' title='bbox 176 1207 276 1244; x_wconf 86' lang='lat' dir='ltr'><strong>non</strong></span> <span class='ocrx_word' id='word_1_81' title='bbox 295 1190 559 1259; x_wconf 79' lang='lat' dir='ltr'><strong>pepercisti</strong></span> <span class='ocrx_word' id='word_1_82' title='bbox 579 1202 783 1256; x_wconf 82' lang='lat' dir='ltr'><strong>prapter</strong></span> <span class='ocrx_word' id='word_1_83' title='bbox 801 1205 877 1240; x_wconf 87' lang='lat' dir='ltr'><strong>me</strong></span> <span class='ocrx_word' id='word_1_84' title='bbox 900 1189 1079 1259; x_wconf 75' lang='lat' dir='ltr'><strong>dilecto</strong></span> <span class='ocrx_word' id='word_1_85' title='bbox 1107 1199 1190 1259; x_wconf 86' lang='lat' dir='ltr'><strong>tuo</strong></span> <span class='ocrx_word' id='word_1_86' title='bbox 1217 1187 1365 1256; x_wconf 81' lang='lat' dir='ltr'><strong>(Gen.</strong></span> <span class='ocrx_word' id='word_1_87' title='bbox 1391 1187 1601 1256; x_wconf 50' lang='grc' dir='ltr'><strong>(ἔτλη).</strong></span> <span class='ocrx_word' id='word_1_88' title='bbox 1625 1189 1762 1259; x_wconf 74' lang='lat' dir='ltr'><strong>Ecce</strong></span> 
     </span>
    </p>
   </div>
   <div class='ocr_carea' id='block_1_13' title="bbox 176 1256 1764 1329">
    <p class='ocr_par' dir='ltr' id='par_1_13' title="bbox 176 1256 1764 1329">
     <span class='ocr_line' id='line_1_13' title="bbox 176 1256 1764 1329; baseline -0.002 -17"><span class='ocrx_word' id='word_1_89' title='bbox 176 1256 318 1314; x_wconf 80' lang='lat' dir='ltr'><strong>aries</strong></span> <span class='ocrx_word' id='word_1_90' title='bbox 365 1256 608 1329; x_wconf 85' lang='lat' dir='ltr'><strong>alligatus</strong></span> <span class='ocrx_word' id='word_1_91' title='bbox 652 1268 733 1313; x_wconf 85' lang='lat' dir='ltr'><strong>est</strong></span> <span class='ocrx_word' id='word_1_92' title='bbox 781 1259 1006 1325; x_wconf 80' lang='lat' dir='ltr'><strong>virgulto</strong></span> <span class='ocrx_word' id='word_1_93' title='bbox 1045 1257 1214 1329; x_wconf 84' lang='lat' dir='ltr'><strong>Sabec</strong></span> <span class='ocrx_word' id='word_1_94' title='bbox 1258 1275 1270 1308; x_wconf 88' lang='lat'>:</span> <span class='ocrx_word' id='word_1_95' title='bbox 1319 1259 1498 1322; x_wconf 85' lang='lat' dir='ltr'><strong>accipe</strong></span> <span class='ocrx_word' id='word_1_96' title='bbox 1535 1268 1589 1309; x_wconf 87' lang='lat' dir='ltr'><strong>et</strong></span> <span class='ocrx_word' id='word_1_97' title='bbox 1631 1256 1764 1329; x_wconf 85' lang='lat' dir='ltr'><strong>oll&#39;er</strong></span> 
     </span>
    </p>
   </div>
   <div class='ocr_carea' id='block_1_14' title="bbox 178 1328 1762 1398">
    <p class='ocr_par' dir='ltr' id='par_1_14' title="bbox 178 1328 1762 1398">
     <span class='ocr_line' id='line_1_14' title="bbox 178 1328 1762 1398; baseline -0.005 -14"><span class='ocrx_word' id='word_1_98' title='bbox 178 1332 325 1384; x_wconf 89' lang='lat' dir='ltr'><strong>illum</strong></span> <span class='ocrx_word' id='word_1_99' title='bbox 356 1328 691 1398; x_wconf 38' lang='lat' dir='ltr'><strong>pro&#39;lsaaco,</strong></span> <span class='ocrx_word' id='word_1_100' title='bbox 733 1338 789 1380; x_wconf 89' lang='lat' dir='ltr'><strong>ut.</strong></span> <span class='ocrx_word' id='word_1_101' title='bbox 826 1328 1020 1380; x_wconf 88' lang='lat' dir='ltr'><strong>certior</strong></span> <span class='ocrx_word' id='word_1_102' title='bbox 1062 1328 1156 1380; x_wconf 91' lang='lat' dir='ltr'><strong>ﬁas</strong></span> <span class='ocrx_word' id='word_1_103' title='bbox 1207 1343 1292 1380; x_wconf 92' lang='lat' dir='ltr'><strong>me</strong></span> <span class='ocrx_word' id='word_1_104' title='bbox 1341 1338 1615 1392; x_wconf 89' lang='lat' dir='ltr'><strong>acceptum</strong></span> <span class='ocrx_word' id='word_1_105' title='bbox 1669 1328 1762 1398; x_wconf 75' lang='lat' dir='ltr'><strong>lia-</strong></span> 
     </span>
    </p>
   </div>
   <div class='ocr_carea' id='block_1_15' title="bbox 179 1397 1763 1466">
    <p class='ocr_par' dir='ltr' id='par_1_15' title="bbox 179 1397 1763 1466">
     <span class='ocr_line' id='line_1_15' title="bbox 179 1397 1763 1466; baseline -0.003 -13"><span class='ocrx_word' id='word_1_106' title='bbox 179 1397 365 1454; x_wconf 30' lang='lat' dir='ltr'><strong>buisse&#39;</strong></span> <span class='ocrx_word' id='word_1_107' title='bbox 391 1401 704 1454; x_wconf 85' lang='lat' dir='ltr'><strong>sacriﬁcium</strong></span> <span class='ocrx_word' id='word_1_108' title='bbox 737 1406 903 1459; x_wconf 77' lang='lat' dir='ltr'><strong>tuum,</strong></span> <span class='ocrx_word' id='word_1_109' title='bbox 937 1398 1252 1466; x_wconf 74' lang='lat' dir='ltr'><strong>fervensque</strong></span> <span class='ocrx_word' id='word_1_110' title='bbox 1286 1400 1631 1463; x_wconf 58' lang='lat' dir='ltr'><strong>[)I&#39;OthsiltIlll.</strong></span> <span class='ocrx_word' id='word_1_111' title='bbox 1669 1397 1763 1450; x_wconf 83' lang='lat' dir='ltr'><strong>Mi-</strong></span> 
     </span>
    </p>
   </div>
   <div class='ocr_carea' id='block_1_16' title="bbox 177 1467 1764 1537">
    <p class='ocr_par' dir='ltr' id='par_1_16' title="bbox 177 1467 1764 1537">
     <span class='ocr_line' id='line_1_16' title="bbox 177 1467 1764 1537; baseline -0.005 -13"><span class='ocrx_word' id='word_1_112' title='bbox 177 1473 276 1524; x_wconf 89' lang='lat' dir='ltr'><strong>rati</strong></span> <span class='ocrx_word' id='word_1_113' title='bbox 305 1481 429 1525; x_wconf 87' lang='lat' dir='ltr'><strong>sunt</strong></span> <span class='ocrx_word' id='word_1_114' title='bbox 448 1470 616 1537; x_wconf 79' lang='lat' dir='ltr'><strong>angeli</strong></span> <span class='ocrx_word' id='word_1_115' title='bbox 671 1468 1011 1535; x_wconf 82' lang='lat' dir='ltr'><strong>principatus,</strong></span> <span class='ocrx_word' id='word_1_116' title='bbox 1038 1476 1343 1535; x_wconf 84' lang='lat' dir='ltr'><strong>potestates,</strong></span> <span class='ocrx_word' id='word_1_117' title='bbox 1380 1468 1574 1529; x_wconf 85' lang='lat' dir='ltr'><strong>throni,</strong></span> <span class='ocrx_word' id='word_1_118' title='bbox 1594 1467 1764 1537; x_wconf 84' lang='lat' dir='ltr'><strong>domi-</strong></span> 
     </span>
    </p>
   </div>
   <div class='ocr_carea' id='block_1_17' title="bbox 179 1535 1758 1606">
    <p class='ocr_par' dir='ltr' id='par_1_17' title="bbox 179 1535 1758 1606">
     <span class='ocr_line' id='line_1_17' title="bbox 179 1535 1758 1606; baseline -0.003 -14"><span class='ocrx_word' id='word_1_119' title='bbox 179 1543 423 1594; x_wconf 85' lang='lat' dir='ltr'><strong>nationes</strong></span> <span class='ocrx_word' id='word_1_120' title='bbox 453 1535 1044 1600; x_wconf 75' lang='lat' dir='ltr'><strong>etbrnnesrxercitus;</strong></span> <span class='ocrx_word' id='word_1_121' title='bbox 1097 1539 1416 1606; x_wconf 86' lang='lat' dir='ltr'><strong>obstupuere</strong></span> <span class='ocrx_word' id='word_1_122' title='bbox 1469 1539 1604 1597; x_wconf 68' lang='lat' dir='ltr'><strong>Catii,</strong></span> <span class='ocrx_word' id='word_1_123' title='bbox 1656 1535 1758 1597; x_wconf 86' lang='lat' dir='ltr'><strong>sol,</strong></span> 
     </span>
    </p>
   </div>
   <div class='ocr_carea' id='block_1_18' title="bbox 179 1607 1758 1674">
    <p class='ocr_par' dir='ltr' id='par_1_18' title="bbox 179 1607 1758 1674">
     <span class='ocr_line' id='line_1_18' title="bbox 179 1607 1758 1674; baseline -0.004 -11"><span class='ocrx_word' id='word_1_124' title='bbox 179 1610 323 1674; x_wconf 85' lang='lat' dir='ltr'><strong>luna,</strong></span> <span class='ocrx_word' id='word_1_125' title='bbox 359 1610 630 1662; x_wconf 88' lang='lat' dir='ltr'><strong>stellarum</strong></span> <span class='ocrx_word' id='word_1_126' title='bbox 663 1607 872 1660; x_wconf 74' lang='lat' dir='ltr'><strong>chorea:</strong></span> <span class='ocrx_word' id='word_1_127' title='bbox 916 1609 964 1660; x_wconf 92' lang='lat' dir='ltr'><strong>in</strong></span> <span class='ocrx_word' id='word_1_128' title='bbox 1009 1619 1112 1660; x_wconf 88' lang='lat' dir='ltr'><strong>tam</strong></span> <span class='ocrx_word' id='word_1_129' title='bbox 1145 1608 1369 1660; x_wconf 82' lang='lat' dir='ltr'><strong>mirabili</strong></span> <span class='ocrx_word' id='word_1_130' title='bbox 1413 1608 1713 1674; x_wconf 86' lang='lat' dir='ltr'><strong>spectaculo</strong></span> <span class='ocrx_word' id='word_1_131' title='bbox 1747 1623 1758 1656; x_wconf 95' lang='lat'>:</span> 
     </span>
    </p>
   </div>
   <div class='ocr_carea' id='block_1_19' title="bbox 181 1674 1760 1734">
    <p class='ocr_par' dir='ltr' id='par_1_19' title="bbox 181 1674 1760 1734">
     <span class='ocr_line' id='line_1_19' title="bbox 181 1674 1760 1734; baseline -0.005 0"><span class='ocrx_word' id='word_1_132' title='bbox 181 1680 292 1734; x_wconf 90' lang='lat' dir='ltr'><strong>Deo</strong></span> <span class='ocrx_word' id='word_1_133' title='bbox 318 1690 493 1731; x_wconf 86' lang='lat' dir='ltr'><strong>autem</strong></span> <span class='ocrx_word' id='word_1_134' title='bbox 521 1678 649 1730; x_wconf 90' lang='lat' dir='ltr'><strong>satis</strong></span> <span class='ocrx_word' id='word_1_135' title='bbox 678 1678 770 1728; x_wconf 84' lang='lat' dir='ltr'><strong>fuit</strong></span> <span class='ocrx_word' id='word_1_136' title='bbox 795 1677 1036 1730; x_wconf 80' lang='lat' dir='ltr'><strong>voluntas</strong></span> <span class='ocrx_word' id='word_1_137' title='bbox 1061 1693 1181 1731; x_wconf 87' lang='lat' dir='ltr'><strong>vere</strong></span> <span class='ocrx_word' id='word_1_138' title='bbox 1209 1677 1496 1729; x_wconf 78' lang='lat' dir='ltr'><strong>ﬁdelissimi</strong></span> <span class='ocrx_word' id='word_1_139' title='bbox 1525 1674 1760 1730; x_wconf 80' lang='lat' dir='ltr'><strong>etsancti</strong></span> 
     </span>
    </p>
   </div>
   <div class='ocr_carea' id='block_1_20' title="bbox 178 1746 1762 1814">
    <p class='ocr_par' dir='ltr' id='par_1_20' title="bbox 178 1746 1762 1814">
     <span class='ocr_line' id='line_1_20' title="bbox 178 1746 1762 1814; baseline -0.004 -12"><span class='ocrx_word' id='word_1_140' title='bbox 178 1749 432 1810; x_wconf 72' lang='lat' dir='ltr'><strong>Abrahte,</strong></span> <span class='ocrx_word' id='word_1_141' title='bbox 455 1749 630 1814; x_wconf 81' lang='lat' dir='ltr'><strong>aitque</strong></span> <span class='ocrx_word' id='word_1_142' title='bbox 662 1747 734 1799; x_wconf 89' lang='lat' dir='ltr'><strong>illi</strong></span> <span class='ocrx_word' id='word_1_143' title='bbox 779 1764 792 1798; x_wconf 88' lang='lat'><strong>:</strong></span> <span class='ocrx_word' id='word_1_144' title='bbox 839 1746 1142 1800; x_wconf 74' lang='lat' dir='ltr'><strong>Benedii-eus</strong></span> <span class='ocrx_word' id='word_1_145' title='bbox 1182 1748 1488 1806; x_wconf 81' lang='lat' dir='ltr'><strong>benedicam,</strong></span> <span class='ocrx_word' id='word_1_146' title='bbox 1519 1758 1562 1799; x_wconf 89' lang='lat' dir='ltr'><strong>et</strong></span> <span class='ocrx_word' id='word_1_147' title='bbox 1593 1747 1762 1797; x_wconf 83' lang='lat' dir='ltr'><strong>multi-</strong></span> 
     </span>
    </p>
   </div>
   <div class='ocr_carea' id='block_1_21' title="bbox 181 1817 1760 1885">
    <p class='ocr_par' dir='ltr' id='par_1_21' title="bbox 181 1817 1760 1885">
     <span class='ocr_line' id='line_1_21' title="bbox 181 1817 1760 1885; baseline -0.003 -15"><span class='ocrx_word' id='word_1_148' title='bbox 181 1821 379 1885; x_wconf 84' lang='lat' dir='ltr'><strong>plicans</strong></span> <span class='ocrx_word' id='word_1_149' title='bbox 425 1817 765 1880; x_wconf 77' lang='lat' dir='ltr'><strong>multiplicabo</strong></span> <span class='ocrx_word' id='word_1_150' title='bbox 817 1834 979 1869; x_wconf 89' lang='lat' dir='ltr'><strong>semen</strong></span> <span class='ocrx_word' id='word_1_151' title='bbox 1027 1830 1167 1869; x_wconf 86' lang='lat' dir='ltr'><strong>tuum</strong></span> <span class='ocrx_word' id='word_1_152' title='bbox 1216 1833 1366 1884; x_wconf 88' lang='lat' dir='ltr'><strong>super</strong></span> <span class='ocrx_word' id='word_1_153' title='bbox 1412 1827 1596 1867; x_wconf 71' lang='lat' dir='ltr'><strong>terram</strong></span> <span class='ocrx_word' id='word_1_154' title='bbox 1634 1817 1760 1867; x_wconf 80' lang='lat' dir='ltr'><strong>sicut</strong></span> 
     </span>
    </p>
   </div>
   <div class='ocr_carea' id='block_1_22' title="bbox 178 1885 1756 1955">
    <p class='ocr_par' dir='ltr' id='par_1_22' title="bbox 178 1885 1756 1955">
     <span class='ocr_line' id='line_1_22' title="bbox 178 1885 1756 1955; baseline -0.003 -15"><span class='ocrx_word' id='word_1_155' title='bbox 178 1890 349 1941; x_wconf 79' lang='lat' dir='ltr'><strong>stellas</strong></span> <span class='ocrx_word' id='word_1_156' title='bbox 379 1889 508 1946; x_wconf 70' lang='lat' dir='ltr'><strong>ca&#39;li,</strong></span> <span class='ocrx_word' id='word_1_157' title='bbox 532 1888 646 1955; x_wconf 84' lang='lat' dir='ltr'><strong>quia</strong></span> <span class='ocrx_word' id='word_1_158' title='bbox 682 1887 903 1938; x_wconf 80' lang='lat' dir='ltr'><strong>obediisti</strong></span> <span class='ocrx_word' id='word_1_159' title='bbox 948 1889 1184 1939; x_wconf 81' lang='lat' dir='ltr'><strong>alacriter</strong></span> <span class='ocrx_word' id='word_1_160' title='bbox 1218 1887 1322 1938; x_wconf 82' lang='lat' dir='ltr'><strong>roci</strong></span> <span class='ocrx_word' id='word_1_161' title='bbox 1367 1902 1489 1936; x_wconf 81' lang='lat' dir='ltr'><strong>mea:</strong></span> <span class='ocrx_word' id='word_1_162' title='bbox 1517 1885 1677 1953; x_wconf 87' lang='lat' dir='ltr'><strong>(Ibid.</strong></span> <span class='ocrx_word' id='word_1_163' title='bbox 1711 1902 1756 1936; x_wconf 87' lang='grc' dir='ltr'><strong>υ.</strong></span> 
     </span>
    </p>
   </div>
   <div class='ocr_carea' id='block_1_23' title="bbox 181 1957 1759 2024">
    <p class='ocr_par' dir='ltr' id='par_1_23' title="bbox 181 1957 1759 2024">
     <span class='ocr_line' id='line_1_23' title="bbox 181 1957 1759 2024; baseline -0.002 -14"><span class='ocrx_word' id='word_1_164' title='bbox 181 1959 263 2010; x_wconf 75' lang='grc'><strong>17.</strong></span> <span class='ocrx_word' id='word_1_165' title='bbox 297 1960 409 2022; x_wconf 64' lang='grc'><strong>18),</strong></span> <span class='ocrx_word' id='word_1_166' title='bbox 437 1969 490 2010; x_wconf 86' lang='lat' dir='ltr'><strong>et</strong></span> <span class='ocrx_word' id='word_1_167' title='bbox 520 1957 776 2010; x_wconf 78' lang='lat' dir='ltr'><strong>les&#39;tinasti</strong></span> <span class='ocrx_word' id='word_1_168' title='bbox 821 1957 1040 2023; x_wconf 73' lang='lat' dir='ltr'><strong>implere</strong></span> <span class='ocrx_word' id='word_1_169' title='bbox 1071 1967 1390 2024; x_wconf 69' lang='lat' dir='ltr'><strong>prarccptinn</strong></span> <span class='ocrx_word' id='word_1_170' title='bbox 1426 1971 1619 2008; x_wconf 89' lang='lat' dir='ltr'><strong>meum.</strong></span> <span class='ocrx_word' id='word_1_171' title='bbox 1659 1957 1759 2007; x_wconf 88' lang='lat' dir='ltr'><strong>De-</strong></span> 
     </span>
    </p>
   </div>
   <div class='ocr_carea' id='block_1_24' title="bbox 178 2026 1759 2094">
    <p class='ocr_par' dir='ltr' id='par_1_24' title="bbox 178 2026 1759 2094">
     <span class='ocr_line' id='line_1_24' title="bbox 178 2026 1759 2094; baseline -0.002 -15"><span class='ocrx_word' id='word_1_172' title='bbox 178 2027 362 2094; x_wconf 89' lang='lat' dir='ltr'><strong>ditque</strong></span> <span class='ocrx_word' id='word_1_173' title='bbox 391 2027 527 2079; x_wconf 85' lang='lat' dir='ltr'><strong>Deus</strong></span> <span class='ocrx_word' id='word_1_174' title='bbox 549 2029 767 2079; x_wconf 91' lang='lat' dir='ltr'><strong>arietem</strong></span> <span class='ocrx_word' id='word_1_175' title='bbox 795 2026 861 2079; x_wconf 87' lang='lat' dir='ltr'><strong>de</strong></span> <span class='ocrx_word' id='word_1_176' title='bbox 895 2036 1040 2091; x_wconf 90' lang='lat' dir='ltr'><strong>petra</strong></span> <span class='ocrx_word' id='word_1_177' title='bbox 1072 2043 1165 2093; x_wconf 88' lang='lat' dir='ltr'><strong>pro</strong></span> <span class='ocrx_word' id='word_1_178' title='bbox 1197 2042 1358 2089; x_wconf 83' lang='lat' dir='ltr'><strong>puero</strong></span> <span class='ocrx_word' id='word_1_179' title='bbox 1389 2026 1453 2077; x_wconf 86' lang='lat' dir='ltr'><strong>ad</strong></span> <span class='ocrx_word' id='word_1_180' title='bbox 1486 2027 1759 2088; x_wconf 86' lang='lat' dir='ltr'><strong>perlicien-</strong></span> 
     </span>
    </p>
   </div>
   <div class='ocr_carea' id='block_1_25' title="bbox 177 2095 1760 2149">
    <p class='ocr_par' dir='ltr' id='par_1_25' title="bbox 177 2095 1760 2149">
     <span class='ocr_line' id='line_1_25' title="bbox 177 2095 1760 2149; baseline -0.002 -1"><span class='ocrx_word' id='word_1_181' title='bbox 177 2095 302 2148; x_wconf 88' lang='lat' dir='ltr'><strong>dum</strong></span> <span class='ocrx_word' id='word_1_182' title='bbox 327 2096 666 2149; x_wconf 73' lang='lat' dir='ltr'><strong>sacrificium.</strong></span> <span class='ocrx_word' id='word_1_183' title='bbox 699 2096 808 2149; x_wconf 87' lang='lat' dir='ltr'><strong>Non</strong></span> <span class='ocrx_word' id='word_1_184' title='bbox 839 2097 978 2148; x_wconf 91' lang='lat' dir='ltr'><strong>enim</strong></span> <span class='ocrx_word' id='word_1_185' title='bbox 1005 2097 1295 2149; x_wconf 76' lang='lat' dir='ltr'><strong>delectatur</strong></span> <span class='ocrx_word' id='word_1_186' title='bbox 1319 2096 1458 2147; x_wconf 80' lang='lat' dir='ltr'><strong>Deus</strong></span> <span class='ocrx_word' id='word_1_187' title='bbox 1485 2095 1534 2146; x_wconf 92' lang='lat' dir='ltr'><strong>in</strong></span> <span class='ocrx_word' id='word_1_188' title='bbox 1555 2103 1760 2146; x_wconf 86' lang='lat' dir='ltr'><strong>mortua</strong></span> 
     </span>
    </p>
   </div>
   <div class='ocr_carea' id='block_1_26' title="bbox 179 2165 1759 2232">
    <p class='ocr_par' dir='ltr' id='par_1_26' title="bbox 179 2165 1759 2232">
     <span class='ocr_line' id='line_1_26' title="bbox 179 2165 1759 2232; baseline -0.003 -15"><span class='ocrx_word' id='word_1_189' title='bbox 179 2165 392 2217; x_wconf 83' lang='lat' dir='ltr'><strong>victima</strong></span> <span class='ocrx_word' id='word_1_190' title='bbox 416 2180 509 2232; x_wconf 88' lang='lat' dir='ltr'><strong>per</strong></span> <span class='ocrx_word' id='word_1_191' title='bbox 534 2166 770 2218; x_wconf 82' lang='lat' dir='ltr'><strong>nidorem</strong></span> <span class='ocrx_word' id='word_1_192' title='bbox 799 2173 852 2218; x_wconf 90' lang='lat' dir='ltr'><strong>et</strong></span> <span class='ocrx_word' id='word_1_193' title='bbox 896 2165 1091 2217; x_wconf 76' lang='lat' dir='ltr'><strong>fumum</strong></span> <span class='ocrx_word' id='word_1_194' title='bbox 1139 2167 1234 2231; x_wconf 88' lang='lat' dir='ltr'><strong>ipsi</strong></span> <span class='ocrx_word' id='word_1_195' title='bbox 1278 2165 1492 2225; x_wconf 90' lang='lat' dir='ltr'><strong>oblata;</strong></span> <span class='ocrx_word' id='word_1_196' title='bbox 1524 2169 1617 2217; x_wconf 92' lang='lat' dir='ltr'><strong>sed</strong></span> <span class='ocrx_word' id='word_1_197' title='bbox 1663 2165 1759 2216; x_wconf 86' lang='lat' dir='ltr'><strong>bu-</strong></span> 
     </span>
    </p>
   </div>
   <div class='ocr_carea' id='block_1_27' title="bbox 178 2235 1755 2302">
    <p class='ocr_par' dir='ltr' id='par_1_27' title="bbox 178 2235 1755 2302">
     <span class='ocr_line' id='line_1_27' title="bbox 178 2235 1755 2302; baseline -0.001 -14"><span class='ocrx_word' id='word_1_198' title='bbox 178 2235 336 2288; x_wconf 87' lang='lat' dir='ltr'><strong>stiam</strong></span> <span class='ocrx_word' id='word_1_199' title='bbox 366 2235 652 2295; x_wconf 79' lang='lat' dir='ltr'><strong>viventem,</strong></span> <span class='ocrx_word' id='word_1_200' title='bbox 685 2245 942 2296; x_wconf 90' lang='lat' dir='ltr'><strong>sanctam,</strong></span> <span class='ocrx_word' id='word_1_201' title='bbox 991 2237 1550 2302; x_wconf 76' lang='lat' dir='ltr'><strong>beneplacentemque.</strong></span> <span class='ocrx_word' id='word_1_202' title='bbox 1596 2235 1755 2287; x_wconf 88' lang='lat' dir='ltr'><strong>ratio-</strong></span> 
     </span>
    </p>
   </div>
   <div class='ocr_carea' id='block_1_28' title="bbox 179 2304 1763 2373">
    <p class='ocr_par' dir='ltr' id='par_1_28' title="bbox 179 2304 1763 2373">
     <span class='ocr_line' id='line_1_28' title="bbox 179 2304 1763 2373; baseline -0.001 -15"><span class='ocrx_word' id='word_1_203' title='bbox 179 2307 410 2358; x_wconf 88' lang='lat' dir='ltr'><strong>nabilem</strong></span> <span class='ocrx_word' id='word_1_204' title='bbox 441 2306 638 2358; x_wconf 91' lang='lat' dir='ltr'><strong>cultum</strong></span> <span class='ocrx_word' id='word_1_205' title='bbox 667 2305 866 2373; x_wconf 78' lang='lat' dir='ltr'><strong>expetit</strong></span> <span class='ocrx_word' id='word_1_206' title='bbox 892 2320 919 2356; x_wconf 90' lang='lat' dir='ltr'><strong>a</strong></span> <span class='ocrx_word' id='word_1_207' title='bbox 945 2305 1117 2369; x_wconf 89' lang='lat' dir='ltr'><strong>nobis,</strong></span> <span class='ocrx_word' id='word_1_208' title='bbox 1151 2304 1593 2372; x_wconf 76' lang='lat' dir='ltr'><strong>queinznlmudum</strong></span> <span class='ocrx_word' id='word_1_209' title='bbox 1626 2307 1763 2372; x_wconf 83' lang='lat' dir='ltr'><strong>Apo-</strong></span> 
     </span>
    </p>
   </div>
   <div class='ocr_carea' id='block_1_29' title="bbox 178 2374 1761 2442">
    <p class='ocr_par' dir='ltr' id='par_1_29' title="bbox 178 2374 1761 2442">
     <span class='ocr_line' id='line_1_29' title="bbox 178 2374 1761 2442; baseline -0.001 -15"><span class='ocrx_word' id='word_1_210' title='bbox 178 2376 347 2427; x_wconf 86' lang='lat' dir='ltr'><strong>stolus</strong></span> <span class='ocrx_word' id='word_1_211' title='bbox 368 2374 604 2442; x_wconf 80' lang='lat' dir='ltr'><strong>pra-cipit</strong></span> <span class='ocrx_word' id='word_1_212' title='bbox 630 2376 895 2436; x_wconf 88' lang='lat' dir='ltr'><strong>omnibus,</strong></span> <span class='ocrx_word' id='word_1_213' title='bbox 921 2376 1083 2442; x_wconf 82' lang='lat' dir='ltr'><strong>probe</strong></span> <span class='ocrx_word' id='word_1_214' title='bbox 1105 2378 1280 2428; x_wconf 86' lang='lat' dir='ltr'><strong>sciens</strong></span> <span class='ocrx_word' id='word_1_215' title='bbox 1303 2377 1400 2426; x_wconf 89' lang='lat' dir='ltr'><strong>hoc</strong></span> <span class='ocrx_word' id='word_1_216' title='bbox 1427 2375 1532 2426; x_wconf 84' lang='lat' dir='ltr'><strong>Deo</strong></span> <span class='ocrx_word' id='word_1_217' title='bbox 1557 2374 1761 2439; x_wconf 82' lang='lat' dir='ltr'><strong>placere</strong></span> 
     </span>
    </p>
   </div>
   <div class='ocr_carea' id='block_1_30' title="bbox 181 2444 1758 2514">
    <p class='ocr_par' dir='ltr' id='par_1_30' title="bbox 181 2444 1758 2514">
     <span class='ocr_line' id='line_1_30' title="bbox 181 2444 1758 2514; baseline -0.001 -16"><span class='ocrx_word' id='word_1_218' title='bbox 181 2444 349 2514; x_wconf 78' lang='lat' dir='ltr'><strong>(Rom.</strong></span> <span class='ocrx_word' id='word_1_219' title='bbox 383 2444 468 2497; x_wconf 71' lang='grc'><strong>12.</strong></span> <span class='ocrx_word' id='word_1_220' title='bbox 499 2445 571 2506; x_wconf 83' lang='lat' dir='ltr'><strong>l).</strong></span> <span class='ocrx_word' id='word_1_221' title='bbox 597 2444 866 2514; x_wconf 85' lang='lat' dir='ltr'><strong>Nonenim</strong></span> <span class='ocrx_word' id='word_1_222' title='bbox 889 2444 1026 2512; x_wconf 86' lang='lat' dir='ltr'><strong>quod</strong></span> <span class='ocrx_word' id='word_1_223' title='bbox 1046 2444 1199 2497; x_wconf 83' lang='lat' dir='ltr'><strong>Vellet</strong></span> <span class='ocrx_word' id='word_1_224' title='bbox 1229 2445 1368 2497; x_wconf 90' lang='lat' dir='ltr'><strong>Deus</strong></span> <span class='ocrx_word' id='word_1_225' title='bbox 1400 2444 1758 2514; x_wconf 84' lang='lat' dir='ltr'><strong>Abrahamum</strong></span> 
     </span>
    </p>
   </div>
   <div class='ocr_carea' id='block_1_31' title="bbox 180 2513 1762 2582">
    <p class='ocr_par' dir='ltr' id='par_1_31' title="bbox 180 2513 1762 2582">
     <span class='ocr_line' id='line_1_31' title="bbox 180 2513 1762 2582; baseline -0.002 -14"><span class='ocrx_word' id='word_1_226' title='bbox 180 2513 270 2568; x_wconf 85' lang='lat' dir='ltr'><strong>lilii</strong></span> <span class='ocrx_word' id='word_1_227' title='bbox 300 2514 694 2569; x_wconf 84' lang='lat' dir='ltr'><strong>interfectorem</strong></span> <span class='ocrx_word' id='word_1_228' title='bbox 724 2513 967 2579; x_wconf 87' lang='lat' dir='ltr'><strong>reddere,</strong></span> <span class='ocrx_word' id='word_1_229' title='bbox 995 2515 1231 2582; x_wconf 73' lang='lat' dir='ltr'><strong>pra3cipit</strong></span> <span class='ocrx_word' id='word_1_230' title='bbox 1257 2517 1304 2568; x_wconf 93' lang='lat' dir='ltr'><strong>ei</strong></span> <span class='ocrx_word' id='word_1_231' title='bbox 1336 2515 1580 2575; x_wconf 12' lang='lat' dir='ltr'><strong>utltilium</strong></span> <span class='ocrx_word' id='word_1_232' title='bbox 1605 2513 1762 2565; x_wconf 68' lang='lat' dir='ltr'><strong>utier-</strong></span> 
     </span>
    </p>
   </div>
   <div class='ocr_carea' id='block_1_32' title="bbox 1228 375 2358 444">
    <p class='ocr_par' dir='ltr' id='par_1_32' title="bbox 1228 375 2358 444">
     <span class='ocr_line' id='line_1_32' title="bbox 1228 375 2358 444; baseline -0.005 -8"><span class='ocrx_word' id='word_1_233' title='bbox 1228 379 1508 435; x_wconf 67' lang='lat' dir='ltr'><strong>CONI&#39;RA</strong></span> <span class='ocrx_word' id='word_1_234' title='bbox 1546 377 1896 444; x_wconf 75' lang='lat' dir='ltr'><strong>TIIEATRA,</strong></span> <span class='ocrx_word' id='word_1_235' title='bbox 1927 375 2094 443; x_wconf 83' lang='lat' dir='ltr'><strong>ETC.,</strong></span> <span class='ocrx_word' id='word_1_236' title='bbox 2114 375 2358 434; x_wconf 79' lang='lat' dir='ltr'><strong>SERMO.</strong></span> 
     </span>
    </p>
   </div>
   <div class='ocr_carea' id='block_1_33' title="bbox 3350 370 3466 427">
    <p class='ocr_par' dir='ltr' id='par_1_33' title="bbox 3350 370 3466 427">
     <span class='ocr_line' id='line_1_33' title="bbox 3350 370 3466 427; baseline 0.017 -2"><span class='ocrx_word' id='word_1_237' title='bbox 3350 370 3466 427; x_wconf 79' lang='grc'><strong>542</strong></span> 
     </span>
    </p>
   </div>
   <div class='ocr_carea' id='block_1_34' title="bbox 1871 486 3445 561">
    <p class='ocr_par' dir='ltr' id='par_1_34' title="bbox 1871 486 3445 561">
     <span class='ocr_line' id='line_1_34' title="bbox 1871 486 3445 561; baseline 0.005 -24"><span class='ocrx_word' id='word_1_238' title='bbox 1871 497 1982 561; x_wconf 72' lang='lat' dir='ltr'><strong>rel;</strong></span> <span class='ocrx_word' id='word_1_239' title='bbox 2031 486 2124 541; x_wconf 88' lang='lat' dir='ltr'><strong>sed</strong></span> <span class='ocrx_word' id='word_1_240' title='bbox 2170 497 2226 561; x_wconf 77' lang='lat' dir='ltr'><strong>ut</strong></span> <span class='ocrx_word' id='word_1_241' title='bbox 2253 489 2502 544; x_wconf 85' lang='lat' dir='ltr'><strong>omnibus</strong></span> <span class='ocrx_word' id='word_1_242' title='bbox 2555 503 2659 561; x_wconf 73' lang='lat' dir='ltr'><strong>per</strong></span> <span class='ocrx_word' id='word_1_243' title='bbox 2693 488 2882 561; x_wconf 78' lang='lat' dir='ltr'><strong>orbem</strong></span> <span class='ocrx_word' id='word_1_244' title='bbox 2921 489 3251 556; x_wconf 73' lang='lat' dir='ltr'><strong>ostenderet,</strong></span> <span class='ocrx_word' id='word_1_245' title='bbox 3285 505 3445 561; x_wconf 82' lang='lat' dir='ltr'><strong>quam</strong></span> 
     </span>
    </p>
   </div>
   <div class='ocr_carea' id='block_1_35' title="bbox 1870 558 3449 630">
    <p class='ocr_par' dir='ltr' id='par_1_35' title="bbox 1870 558 3449 630">
     <span class='ocr_line' id='line_1_35' title="bbox 1870 558 3449 630; baseline 0.002 -19"><span class='ocrx_word' id='word_1_246' title='bbox 1870 558 2138 613; x_wconf 82' lang='lat' dir='ltr'><strong>ferventer</strong></span> <span class='ocrx_word' id='word_1_247' title='bbox 2169 559 2331 613; x_wconf 91' lang='lat' dir='ltr'><strong>Deum</strong></span> <span class='ocrx_word' id='word_1_248' title='bbox 2368 569 2575 614; x_wconf 91' lang='lat' dir='ltr'><strong>amaret</strong></span> <span class='ocrx_word' id='word_1_249' title='bbox 2599 559 2890 630; x_wconf 75' lang='lat' dir='ltr'><strong>Abraham,</strong></span> <span class='ocrx_word' id='word_1_250' title='bbox 2934 576 3056 614; x_wconf 89' lang='lat' dir='ltr'><strong>cum</strong></span> <span class='ocrx_word' id='word_1_251' title='bbox 3087 558 3449 630; x_wconf 47' lang='lat' dir='ltr'><strong>propter—eum</strong></span> 
     </span>
    </p>
   </div>
   <div class='ocr_carea' id='block_1_36' title="bbox 1871 629 3452 699">
    <p class='ocr_par' dir='ltr' id='par_1_36' title="bbox 1871 629 3452 699">
     <span class='ocr_line' id='line_1_36' title="bbox 1871 629 3452 699; baseline 0.002 -18"><span class='ocrx_word' id='word_1_252' title='bbox 1871 646 1974 682; x_wconf 89' lang='lat' dir='ltr'><strong>non</strong></span> <span class='ocrx_word' id='word_1_253' title='bbox 1999 631 2295 699; x_wconf 81' lang='lat' dir='ltr'><strong>pepercerit</strong></span> <span class='ocrx_word' id='word_1_254' title='bbox 2333 630 2533 693; x_wconf 88' lang='lat' dir='ltr'><strong>lsaaco,</strong></span> <span class='ocrx_word' id='word_1_255' title='bbox 2567 629 2774 699; x_wconf 84' lang='lat' dir='ltr'><strong>etiamsi</strong></span> <span class='ocrx_word' id='word_1_256' title='bbox 2825 629 3125 699; x_wconf 85' lang='lat' dir='ltr'><strong>unigenitus</strong></span> <span class='ocrx_word' id='word_1_257' title='bbox 3174 629 3305 699; x_wconf 85' lang='lat' dir='ltr'><strong>puer</strong></span> <span class='ocrx_word' id='word_1_258' title='bbox 3333 631 3452 698; x_wconf 87' lang='lat' dir='ltr'><strong>ejus</strong></span> 
     </span>
    </p>
   </div>
   <div class='ocr_carea' id='block_1_37' title="bbox 1867 698 3455 771">
    <p class='ocr_par' dir='ltr' id='par_1_37' title="bbox 1867 698 3455 771">
     <span class='ocr_line' id='line_1_37' title="bbox 1867 698 3455 771; baseline 0.001 -19"><span class='ocrx_word' id='word_1_259' title='bbox 1867 708 2030 771; x_wconf 87' lang='lat' dir='ltr'><strong>esset.</strong></span> <span class='ocrx_word' id='word_1_260' title='bbox 2063 698 2416 771; x_wconf 79' lang='lat' dir='ltr'><strong>Quamobrem</strong></span> <span class='ocrx_word' id='word_1_261' title='bbox 2452 700 2587 752; x_wconf 88' lang='lat' dir='ltr'><strong>Deus</strong></span> <span class='ocrx_word' id='word_1_262' title='bbox 2613 698 3003 771; x_wconf 72' lang='lat' dir='ltr'><strong>Aliraliatnout</strong></span> <span class='ocrx_word' id='word_1_263' title='bbox 3044 698 3217 755; x_wconf 87' lang='lat' dir='ltr'><strong>amico</strong></span> <span class='ocrx_word' id='word_1_264' title='bbox 3255 711 3455 771; x_wconf 71' lang='lat' dir='ltr'><strong>myste-</strong></span> 
     </span>
    </p>
   </div>
   <div class='ocr_carea' id='block_1_38' title="bbox 1868 768 3453 839">
    <p class='ocr_par' dir='ltr' id='par_1_38' title="bbox 1868 768 3453 839">
     <span class='ocr_line' id='line_1_38' title="bbox 1868 768 3453 839; baseline 0.001 -17"><span class='ocrx_word' id='word_1_265' title='bbox 1868 770 2004 839; x_wconf 88' lang='lat' dir='ltr'><strong>rium</strong></span> <span class='ocrx_word' id='word_1_266' title='bbox 2030 768 2265 822; x_wconf 78' lang='lat' dir='ltr'><strong>exhibuit</strong></span> <span class='ocrx_word' id='word_1_267' title='bbox 2293 785 2542 839; x_wconf 84' lang='lat' dir='ltr'><strong>magnum</strong></span> <span class='ocrx_word' id='word_1_268' title='bbox 2591 779 2643 822; x_wconf 89' lang='lat' dir='ltr'><strong>et</strong></span> <span class='ocrx_word' id='word_1_269' title='bbox 2684 770 2948 824; x_wconf 83' lang='lat' dir='ltr'><strong>mirabile.</strong></span> <span class='ocrx_word' id='word_1_270' title='bbox 2991 771 3092 824; x_wconf 90' lang='lat' dir='ltr'><strong>Per</strong></span> <span class='ocrx_word' id='word_1_271' title='bbox 3130 768 3453 824; x_wconf 81' lang='lat' dir='ltr'><strong>sacriﬁcium</strong></span> 
     </span>
    </p>
   </div>
   <div class='ocr_carea' id='block_1_39' title="bbox 1867 838 3450 910">
    <p class='ocr_par' dir='ltr' id='par_1_39' title="bbox 1867 838 3450 910">
     <span class='ocr_line' id='line_1_39' title="bbox 1867 838 3450 910; baseline 0.003 -22"><span class='ocrx_word' id='word_1_272' title='bbox 1867 838 2006 910; x_wconf 75' lang='lat' dir='ltr'><strong>enim</strong></span> <span class='ocrx_word' id='word_1_273' title='bbox 2038 840 2286 910; x_wconf 85' lang='lat' dir='ltr'><strong>sacerdos</strong></span> <span class='ocrx_word' id='word_1_274' title='bbox 2309 838 2482 910; x_wconf 73' lang='lat' dir='ltr'><strong>laetus</strong></span> <span class='ocrx_word' id='word_1_275' title='bbox 2511 839 2700 910; x_wconf 82' lang='lat' dir='ltr'><strong>est,in</strong></span> <span class='ocrx_word' id='word_1_276' title='bbox 2733 840 2898 906; x_wconf 84' lang='lat' dir='ltr'><strong>ﬁgura</strong></span> <span class='ocrx_word' id='word_1_277' title='bbox 2925 849 3106 894; x_wconf 91' lang='lat' dir='ltr'><strong>autem</strong></span> <span class='ocrx_word' id='word_1_278' title='bbox 3133 841 3450 910; x_wconf 86' lang='lat' dir='ltr'><strong>prOpbetam</strong></span> 
     </span>
    </p>
   </div>
   <div class='ocr_carea' id='block_1_40' title="bbox 1868 907 3451 978">
    <p class='ocr_par' dir='ltr' id='par_1_40' title="bbox 1868 907 3451 978">
     <span class='ocr_line' id='line_1_40' title="bbox 1868 907 3451 978; baseline 0.002 -19"><span class='ocrx_word' id='word_1_279' title='bbox 1868 907 2016 960; x_wconf 91' lang='lat' dir='ltr'><strong>illum</strong></span> <span class='ocrx_word' id='word_1_280' title='bbox 2047 908 2257 971; x_wconf 78' lang='lat' dir='ltr'><strong>elTecit;</strong></span> <span class='ocrx_word' id='word_1_281' title='bbox 2287 909 2572 978; x_wconf 87' lang='lat' dir='ltr'><strong>docuitque</strong></span> <span class='ocrx_word' id='word_1_282' title='bbox 2618 909 2766 962; x_wconf 90' lang='lat' dir='ltr'><strong>illum</strong></span> <span class='ocrx_word' id='word_1_283' title='bbox 2800 910 2935 963; x_wconf 88' lang='lat' dir='ltr'><strong>Deus</strong></span> <span class='ocrx_word' id='word_1_284' title='bbox 2973 907 3266 964; x_wconf 77' lang='lat' dir='ltr'><strong>altissimus</strong></span> <span class='ocrx_word' id='word_1_285' title='bbox 3293 909 3451 963; x_wconf 86' lang='lat' dir='ltr'><strong>datu-</strong></span> 
     </span>
    </p>
   </div>
   <div class='ocr_carea' id='block_1_41' title="bbox 1870 979 3452 1048">
    <p class='ocr_par' dir='ltr' id='par_1_41' title="bbox 1870 979 3452 1048">
     <span class='ocr_line' id='line_1_41' title="bbox 1870 979 3452 1048; baseline 0.002 -18"><span class='ocrx_word' id='word_1_286' title='bbox 1870 993 1985 1030; x_wconf 90' lang='lat' dir='ltr'><strong>rum</strong></span> <span class='ocrx_word' id='word_1_287' title='bbox 2021 992 2091 1048; x_wconf 83' lang='lat' dir='ltr'><strong>se</strong></span> <span class='ocrx_word' id='word_1_288' title='bbox 2138 993 2348 1046; x_wconf 88' lang='lat' dir='ltr'><strong>quoque</strong></span> <span class='ocrx_word' id='word_1_289' title='bbox 2386 995 2504 1032; x_wconf 85' lang='lat' dir='ltr'><strong>esse</strong></span> <span class='ocrx_word' id='word_1_290' title='bbox 2556 980 2880 1046; x_wconf 80' lang='lat' dir='ltr'><strong>unigenitum</strong></span> <span class='ocrx_word' id='word_1_291' title='bbox 2937 979 3128 1034; x_wconf 88' lang='lat' dir='ltr'><strong>Filium</strong></span> <span class='ocrx_word' id='word_1_292' title='bbox 3168 995 3320 1033; x_wconf 86' lang='lat' dir='ltr'><strong>suum</strong></span> <span class='ocrx_word' id='word_1_293' title='bbox 3356 995 3452 1048; x_wconf 88' lang='lat' dir='ltr'><strong>pro</strong></span> 
     </span>
    </p>
   </div>
   <div class='ocr_carea' id='block_1_42' title="bbox 1869 1046 3451 1118">
    <p class='ocr_par' dir='ltr' id='par_1_42' title="bbox 1869 1046 3451 1118">
     <span class='ocr_line' id='line_1_42' title="bbox 1869 1046 3451 1118; baseline 0.002 -19"><span class='ocrx_word' id='word_1_294' title='bbox 1869 1046 2086 1107; x_wconf 92' lang='lat' dir='ltr'><strong>mundo,</strong></span> <span class='ocrx_word' id='word_1_295' title='bbox 2143 1061 2195 1100; x_wconf 92' lang='grc' dir='ltr'><strong>ιιι</strong></span> <span class='ocrx_word' id='word_1_296' title='bbox 2232 1048 2371 1102; x_wconf 89' lang='lat' dir='ltr'><strong>Dens</strong></span> <span class='ocrx_word' id='word_1_297' title='bbox 2405 1050 2706 1103; x_wconf 87' lang='lat' dir='ltr'><strong>incarnatus</strong></span> <span class='ocrx_word' id='word_1_298' title='bbox 2733 1049 2800 1101; x_wconf 86' lang='lat' dir='ltr'><strong>ab</strong></span> <span class='ocrx_word' id='word_1_299' title='bbox 2846 1065 3028 1103; x_wconf 88' lang='lat' dir='ltr'><strong>errore</strong></span> <span class='ocrx_word' id='word_1_300' title='bbox 3061 1066 3227 1118; x_wconf 86' lang='lat' dir='ltr'><strong>genus</strong></span> <span class='ocrx_word' id='word_1_301' title='bbox 3272 1046 3451 1103; x_wconf 83' lang='lat' dir='ltr'><strong>homi-</strong></span> 
     </span>
    </p>
   </div>
   <div class='ocr_carea' id='block_1_43' title="bbox 1869 1119 3450 1186">
    <p class='ocr_par' dir='ltr' id='par_1_43' title="bbox 1869 1119 3450 1186">
     <span class='ocr_line' id='line_1_43' title="bbox 1869 1119 3450 1186; baseline 0.002 -17"><span class='ocrx_word' id='word_1_302' title='bbox 1869 1133 1994 1186; x_wconf 91' lang='lat' dir='ltr'><strong>num</strong></span> <span class='ocrx_word' id='word_1_303' title='bbox 2022 1127 2277 1171; x_wconf 83' lang='lat' dir='ltr'><strong>servaret.</strong></span> <span class='ocrx_word' id='word_1_304' title='bbox 2306 1119 2437 1171; x_wconf 91' lang='lat' dir='ltr'><strong>lllud</strong></span> <span class='ocrx_word' id='word_1_305' title='bbox 2465 1119 2605 1173; x_wconf 90' lang='lat' dir='ltr'><strong>enim</strong></span> <span class='ocrx_word' id='word_1_306' title='bbox 2628 1119 2960 1186; x_wconf 80' lang='lat' dir='ltr'><strong>significavit,</strong></span> <span class='ocrx_word' id='word_1_307' title='bbox 2991 1135 3111 1172; x_wconf 88' lang='lat' dir='ltr'><strong>cum</strong></span> <span class='ocrx_word' id='word_1_308' title='bbox 3147 1137 3241 1186; x_wconf 89' lang='lat' dir='ltr'><strong>pro</strong></span> <span class='ocrx_word' id='word_1_309' title='bbox 3271 1119 3450 1173; x_wconf 88' lang='lat' dir='ltr'><strong>lsaaco</strong></span> 
     </span>
    </p>
   </div>
   <div class='ocr_carea' id='block_1_44' title="bbox 1867 1185 3449 1252">
    <p class='ocr_par' dir='ltr' id='par_1_44' title="bbox 1867 1185 3449 1252">
     <span class='ocr_line' id='line_1_44' title="bbox 1867 1185 3449 1252; baseline 0.002 -14"><span class='ocrx_word' id='word_1_310' title='bbox 1867 1185 2012 1239; x_wconf 86' lang='lat' dir='ltr'><strong>dedit</strong></span> <span class='ocrx_word' id='word_1_311' title='bbox 2037 1203 2188 1240; x_wconf 88' lang='lat' dir='ltr'><strong>ovem</strong></span> <span class='ocrx_word' id='word_1_312' title='bbox 2219 1204 2281 1241; x_wconf 66' lang='lat' dir='ltr'><strong>ev</strong></span> <span class='ocrx_word' id='word_1_313' title='bbox 2314 1190 2482 1243; x_wconf 90' lang='lat' dir='ltr'><strong>Sabec</strong></span> <span class='ocrx_word' id='word_1_314' title='bbox 2504 1190 2567 1241; x_wconf 90' lang='lat' dir='ltr'><strong>ad</strong></span> <span class='ocrx_word' id='word_1_315' title='bbox 2598 1185 2936 1242; x_wconf 77' lang='lat' dir='ltr'><strong>Sacriﬁcium.</strong></span> <span class='ocrx_word' id='word_1_316' title='bbox 2972 1191 3100 1252; x_wconf 78' lang='lat' dir='ltr'><strong>Quia</strong></span> <span class='ocrx_word' id='word_1_317' title='bbox 3131 1185 3272 1242; x_wconf 87' lang='lat' dir='ltr'><strong>enim</strong></span> <span class='ocrx_word' id='word_1_318' title='bbox 3305 1190 3449 1243; x_wconf 78' lang='lat' dir='ltr'><strong>lutu-</strong></span> 
     </span>
    </p>
   </div>
   <div class='ocr_carea' id='block_1_45' title="bbox 1869 1258 3450 1327">
    <p class='ocr_par' dir='ltr' id='par_1_45' title="bbox 1869 1258 3450 1327">
     <span class='ocr_line' id='line_1_45' title="bbox 1869 1258 3450 1327; baseline 0.002 -19"><span class='ocrx_word' id='word_1_319' title='bbox 1869 1271 1988 1310; x_wconf 88' lang='lat' dir='ltr'><strong>rum</strong></span> <span class='ocrx_word' id='word_1_320' title='bbox 2014 1265 2127 1310; x_wconf 90' lang='lat' dir='ltr'><strong>erat</strong></span> <span class='ocrx_word' id='word_1_321' title='bbox 2158 1266 2211 1310; x_wconf 92' lang='lat' dir='ltr'><strong>ut</strong></span> <span class='ocrx_word' id='word_1_322' title='bbox 2239 1259 2494 1314; x_wconf 89' lang='lat' dir='ltr'><strong>increduli</strong></span> <span class='ocrx_word' id='word_1_323' title='bbox 2526 1259 2770 1312; x_wconf 81' lang='lat' dir='ltr'><strong>homines</strong></span> <span class='ocrx_word' id='word_1_324' title='bbox 2797 1268 2993 1311; x_wconf 63' lang='lat' dir='ltr'><strong>sancta:</strong></span> <span class='ocrx_word' id='word_1_325' title='bbox 3023 1258 3251 1327; x_wconf 84' lang='lat' dir='ltr'><strong>Virginis</strong></span> <span class='ocrx_word' id='word_1_326' title='bbox 3278 1259 3450 1327; x_wconf 88' lang='lat' dir='ltr'><strong>partui</strong></span> 
     </span>
    </p>
   </div>
   <div class='ocr_carea' id='block_1_46' title="bbox 1867 1327 3453 1397">
    <p class='ocr_par' dir='ltr' id='par_1_46' title="bbox 1867 1327 3453 1397">
     <span class='ocr_line' id='line_1_46' title="bbox 1867 1327 3453 1397; baseline 0.003 -19"><span class='ocrx_word' id='word_1_327' title='bbox 1867 1341 1973 1379; x_wconf 92' lang='lat' dir='ltr'><strong>non</strong></span> <span class='ocrx_word' id='word_1_328' title='bbox 2017 1327 2335 1390; x_wconf 85' lang='lat' dir='ltr'><strong>crederent.</strong></span> <span class='ocrx_word' id='word_1_329' title='bbox 2392 1329 2660 1397; x_wconf 88' lang='lat' dir='ltr'><strong>quomodo</strong></span> <span class='ocrx_word' id='word_1_330' title='bbox 2713 1329 2960 1384; x_wconf 89' lang='lat' dir='ltr'><strong>videlicet</strong></span> <span class='ocrx_word' id='word_1_331' title='bbox 3019 1331 3277 1394; x_wconf 86' lang='lat' dir='ltr'><strong>potuisset</strong></span> <span class='ocrx_word' id='word_1_332' title='bbox 3336 1330 3453 1382; x_wconf 89' lang='lat' dir='ltr'><strong>sine</strong></span> 
     </span>
    </p>
   </div>
   <div class='ocr_carea' id='block_1_47' title="bbox 1867 1398 3455 1467">
    <p class='ocr_par' dir='ltr' id='par_1_47' title="bbox 1867 1398 3455 1467">
     <span class='ocr_line' id='line_1_47' title="bbox 1867 1398 3455 1467; baseline 0.001 -19"><span class='ocrx_word' id='word_1_333' title='bbox 1867 1398 2150 1450; x_wconf 88' lang='lat' dir='ltr'><strong>concubitu</strong></span> <span class='ocrx_word' id='word_1_334' title='bbox 2181 1398 2275 1451; x_wconf 88' lang='lat' dir='ltr'><strong>viri</strong></span> <span class='ocrx_word' id='word_1_335' title='bbox 2309 1399 2470 1452; x_wconf 91' lang='lat' dir='ltr'><strong>ﬁlium</strong></span> <span class='ocrx_word' id='word_1_336' title='bbox 2500 1414 2704 1467; x_wconf 87' lang='lat' dir='ltr'><strong>parere.</strong></span> <span class='ocrx_word' id='word_1_337' title='bbox 2754 1400 2900 1464; x_wconf 84' lang='lat' dir='ltr'><strong>quasi</strong></span> <span class='ocrx_word' id='word_1_338' title='bbox 2958 1413 3042 1451; x_wconf 90' lang='lat' dir='ltr'><strong>res</strong></span> <span class='ocrx_word' id='word_1_339' title='bbox 3087 1398 3196 1451; x_wconf 88' lang='lat' dir='ltr'><strong>lieri</strong></span> <span class='ocrx_word' id='word_1_340' title='bbox 3225 1414 3326 1450; x_wconf 90' lang='lat' dir='ltr'><strong>non</strong></span> <span class='ocrx_word' id='word_1_341' title='bbox 3363 1413 3455 1464; x_wconf 83' lang='lat' dir='ltr'><strong>po-</strong></span> 
     </span>
    </p>
   </div>
   <div class='ocr_carea' id='block_1_48' title="bbox 1871 1467 3453 1536">
    <p class='ocr_par' dir='ltr' id='par_1_48' title="bbox 1871 1467 3453 1536">
     <span class='ocr_line' id='line_1_48' title="bbox 1871 1467 3453 1536; baseline 0.002 -18"><span class='ocrx_word' id='word_1_342' title='bbox 1871 1467 2074 1530; x_wconf 83' lang='lat' dir='ltr'><strong>tuisset,</strong></span> <span class='ocrx_word' id='word_1_343' title='bbox 2128 1468 2244 1520; x_wconf 87' lang='lat' dir='ltr'><strong>ideo</strong></span> <span class='ocrx_word' id='word_1_344' title='bbox 2288 1468 2354 1520; x_wconf 89' lang='lat' dir='ltr'><strong>de</strong></span> <span class='ocrx_word' id='word_1_345' title='bbox 2387 1480 2530 1536; x_wconf 88' lang='lat' dir='ltr'><strong>petra</strong></span> <span class='ocrx_word' id='word_1_346' title='bbox 2567 1467 2812 1530; x_wconf 77' lang='lat' dir='ltr'><strong>produxit</strong></span> <span class='ocrx_word' id='word_1_347' title='bbox 2864 1470 3105 1527; x_wconf 81' lang='lat' dir='ltr'><strong>arietem,</strong></span> <span class='ocrx_word' id='word_1_348' title='bbox 3141 1478 3195 1519; x_wconf 89' lang='lat' dir='ltr'><strong>ut</strong></span> <span class='ocrx_word' id='word_1_349' title='bbox 3229 1485 3320 1535; x_wconf 88' lang='lat' dir='ltr'><strong>per</strong></span> <span class='ocrx_word' id='word_1_350' title='bbox 3351 1467 3453 1521; x_wconf 86' lang='lat' dir='ltr'><strong>hoc</strong></span> 
     </span>
    </p>
   </div>
   <div class='ocr_carea' id='block_1_49' title="bbox 1869 1537 3450 1605">
    <p class='ocr_par' dir='ltr' id='par_1_49' title="bbox 1869 1537 3450 1605">
     <span class='ocr_line' id='line_1_49' title="bbox 1869 1537 3450 1605; baseline 0.001 -17"><span class='ocrx_word' id='word_1_351' title='bbox 1869 1537 1942 1588; x_wconf 91' lang='lat' dir='ltr'><strong>rei</strong></span> <span class='ocrx_word' id='word_1_352' title='bbox 1972 1537 2265 1590; x_wconf 85' lang='lat' dir='ltr'><strong>incredibili</strong></span> <span class='ocrx_word' id='word_1_353' title='bbox 2313 1539 2467 1590; x_wconf 86' lang='lat' dir='ltr'><strong>Iidem</strong></span> <span class='ocrx_word' id='word_1_354' title='bbox 2519 1539 2730 1604; x_wconf 78' lang='lat' dir='ltr'><strong>laceret,</strong></span> <span class='ocrx_word' id='word_1_355' title='bbox 2783 1554 2972 1605; x_wconf 80' lang='lat' dir='ltr'><strong>nempe</strong></span> <span class='ocrx_word' id='word_1_356' title='bbox 3025 1538 3295 1591; x_wconf 80' lang='lat' dir='ltr'><strong>voluntate</strong></span> <span class='ocrx_word' id='word_1_357' title='bbox 3335 1537 3450 1604; x_wconf 85' lang='lat' dir='ltr'><strong>ejus</strong></span> 
     </span>
    </p>
   </div>
   <div class='ocr_carea' id='block_1_50' title="bbox 1869 1605 3450 1677">
    <p class='ocr_par' dir='ltr' id='par_1_50' title="bbox 1869 1605 3450 1677">
     <span class='ocr_line' id='line_1_50' title="bbox 1869 1605 3450 1677; baseline 0.001 -21"><span class='ocrx_word' id='word_1_358' title='bbox 1869 1605 2156 1677; x_wconf 88' lang='lat' dir='ltr'><strong>divinitatis</strong></span> <span class='ocrx_word' id='word_1_359' title='bbox 2180 1623 2336 1659; x_wconf 82' lang='lat' dir='ltr'><strong>mune</strong></span> <span class='ocrx_word' id='word_1_360' title='bbox 2367 1608 2670 1661; x_wconf 88' lang='lat' dir='ltr'><strong>mandatum</strong></span> <span class='ocrx_word' id='word_1_361' title='bbox 2707 1620 2879 1660; x_wconf 77' lang='lat' dir='ltr'><strong>statim</strong></span> <span class='ocrx_word' id='word_1_362' title='bbox 2925 1608 3147 1677; x_wconf 83' lang='lat' dir='ltr'><strong>impleri.</strong></span> <span class='ocrx_word' id='word_1_363' title='bbox 3180 1607 3450 1677; x_wconf 81' lang='lat' dir='ltr'><strong>Quemad-</strong></span> 
     </span>
    </p>
   </div>
   <div class='ocr_carea' id='block_1_51' title="bbox 1870 1676 3451 1745">
    <p class='ocr_par' dir='ltr' id='par_1_51' title="bbox 1870 1676 3451 1745">
     <span class='ocr_line' id='line_1_51' title="bbox 1870 1676 3451 1745; baseline 0.002 -19"><span class='ocrx_word' id='word_1_364' title='bbox 1870 1676 2087 1729; x_wconf 92' lang='lat' dir='ltr'><strong>modum</strong></span> <span class='ocrx_word' id='word_1_365' title='bbox 2115 1690 2243 1745; x_wconf 85' lang='lat' dir='ltr'><strong>ergo</strong></span> <span class='ocrx_word' id='word_1_366' title='bbox 2267 1677 2338 1729; x_wconf 88' lang='lat' dir='ltr'><strong>ibi</strong></span> <span class='ocrx_word' id='word_1_367' title='bbox 2370 1678 2596 1731; x_wconf 83' lang='lat' dir='ltr'><strong>Verbum</strong></span> <span class='ocrx_word' id='word_1_368' title='bbox 2625 1678 2843 1730; x_wconf 83' lang='lat' dir='ltr'><strong>arietem</strong></span> <span class='ocrx_word' id='word_1_369' title='bbox 2877 1676 3112 1745; x_wconf 77' lang='lat' dir='ltr'><strong>protolit,</strong></span> <span class='ocrx_word' id='word_1_370' title='bbox 3138 1677 3215 1732; x_wconf 91' lang='lat' dir='ltr'><strong>sic</strong></span> <span class='ocrx_word' id='word_1_371' title='bbox 3243 1677 3292 1730; x_wconf 88' lang='lat' dir='ltr'><strong>in</strong></span> <span class='ocrx_word' id='word_1_372' title='bbox 3327 1676 3451 1730; x_wconf 61' lang='lat' dir='ltr'><strong>Viro</strong></span> 
     </span>
    </p>
   </div>
   <div class='ocr_carea' id='block_1_52' title="bbox 1866 1745 3451 1812">
    <p class='ocr_par' dir='ltr' id='par_1_52' title="bbox 1866 1745 3451 1812">
     <span class='ocr_line' id='line_1_52' title="bbox 1866 1745 3451 1812; baseline 0.003 -16"><span class='ocrx_word' id='word_1_373' title='bbox 1866 1745 1990 1812; x_wconf 88' lang='lat' dir='ltr'><strong>ginc</strong></span> <span class='ocrx_word' id='word_1_374' title='bbox 2017 1745 2244 1799; x_wconf 89' lang='lat' dir='ltr'><strong>Verbum</strong></span> <span class='ocrx_word' id='word_1_375' title='bbox 2268 1762 2391 1799; x_wconf 90' lang='lat' dir='ltr'><strong>caro</strong></span> <span class='ocrx_word' id='word_1_376' title='bbox 2409 1747 2604 1800; x_wconf 83' lang='lat' dir='ltr'><strong>factum</strong></span> <span class='ocrx_word' id='word_1_377' title='bbox 2625 1757 2722 1799; x_wconf 87' lang='lat' dir='ltr'><strong>est.</strong></span> <span class='ocrx_word' id='word_1_378' title='bbox 2744 1746 2818 1798; x_wconf 83' lang='lat' dir='ltr'><strong>Ae</strong></span> <span class='ocrx_word' id='word_1_379' title='bbox 2845 1747 3292 1812; x_wconf 84' lang='lat' dir='ltr'><strong>quemadmodum</strong></span> <span class='ocrx_word' id='word_1_380' title='bbox 3313 1747 3451 1800; x_wconf 85' lang='lat' dir='ltr'><strong>aries</strong></span> 
     </span>
    </p>
   </div>
   <div class='ocr_carea' id='block_1_53' title="bbox 1868 1815 3454 1884">
    <p class='ocr_par' dir='ltr' id='par_1_53' title="bbox 1868 1815 3454 1884">
     <span class='ocr_line' id='line_1_53' title="bbox 1868 1815 3454 1884; baseline 0.001 -17"><span class='ocrx_word' id='word_1_381' title='bbox 1868 1815 1918 1867; x_wconf 92' lang='lat' dir='ltr'><strong>in</strong></span> <span class='ocrx_word' id='word_1_382' title='bbox 1976 1815 2198 1884; x_wconf 87' lang='lat' dir='ltr'><strong>virgulto</strong></span> <span class='ocrx_word' id='word_1_383' title='bbox 2245 1818 2488 1884; x_wconf 85' lang='lat' dir='ltr'><strong>alligatus</strong></span> <span class='ocrx_word' id='word_1_384' title='bbox 2528 1826 2672 1874; x_wconf 78' lang='lat' dir='ltr'><strong>erat,</strong></span> <span class='ocrx_word' id='word_1_385' title='bbox 2720 1817 2794 1868; x_wconf 86' lang='lat' dir='ltr'><strong>sic</strong></span> <span class='ocrx_word' id='word_1_386' title='bbox 2841 1815 3153 1883; x_wconf 82' lang='lat' dir='ltr'><strong>Uuigcnitns</strong></span> <span class='ocrx_word' id='word_1_387' title='bbox 3197 1817 3246 1868; x_wconf 91' lang='lat' dir='ltr'><strong>iu</strong></span> <span class='ocrx_word' id='word_1_388' title='bbox 3294 1831 3454 1869; x_wconf 87' lang='lat' dir='ltr'><strong>cruce</strong></span> 
     </span>
    </p>
   </div>
   <div class='ocr_carea' id='block_1_54' title="bbox 1867 1884 3449 1940">
    <p class='ocr_par' dir='ltr' id='par_1_54' title="bbox 1867 1884 3449 1940">
     <span class='ocr_line' id='line_1_54' title="bbox 1867 1884 3449 1940; baseline 0 -4"><span class='ocrx_word' id='word_1_389' title='bbox 1867 1884 2056 1938; x_wconf 78' lang='lat' dir='ltr'><strong>afﬁxus</strong></span> <span class='ocrx_word' id='word_1_390' title='bbox 2085 1887 2196 1938; x_wconf 80' lang='lat' dir='ltr'><strong>fuit.</strong></span> <span class='ocrx_word' id='word_1_391' title='bbox 2229 1886 2348 1940; x_wconf 91' lang='lat' dir='ltr'><strong>Ideo</strong></span> <span class='ocrx_word' id='word_1_392' title='bbox 2390 1889 2580 1940; x_wconf 82' lang='lat' dir='ltr'><strong>clamat</strong></span> <span class='ocrx_word' id='word_1_393' title='bbox 2605 1887 2763 1940; x_wconf 73' lang='lat' dir='ltr'><strong>Isaias</strong></span> <span class='ocrx_word' id='word_1_394' title='bbox 2783 1885 2968 1938; x_wconf 73' lang='lat' dir='ltr'><strong>dicens</strong></span> <span class='ocrx_word' id='word_1_395' title='bbox 3001 1905 3012 1936; x_wconf 89' lang='lat'>:</span> <span class='ocrx_word' id='word_1_396' title='bbox 3045 1886 3187 1938; x_wconf 84' lang='lat' dir='ltr'><strong>Sicut</strong></span> <span class='ocrx_word' id='word_1_397' title='bbox 3217 1887 3320 1938; x_wconf 80' lang='lat' dir='ltr'><strong>ovis</strong></span> <span class='ocrx_word' id='word_1_398' title='bbox 3349 1885 3449 1936; x_wconf 85' lang='lat' dir='ltr'><strong>du-</strong></span> 
     </span>
    </p>
   </div>
   <div class='ocr_carea' id='block_1_55' title="bbox 1866 1956 3454 2024">
    <p class='ocr_par' dir='ltr' id='par_1_55' title="bbox 1866 1956 3454 2024">
     <span class='ocr_line' id='line_1_55' title="bbox 1866 1956 3454 2024; baseline 0.001 -18"><span class='ocrx_word' id='word_1_399' title='bbox 1866 1966 1974 2007; x_wconf 86' lang='lat' dir='ltr'><strong>ctus</strong></span> <span class='ocrx_word' id='word_1_400' title='bbox 2003 1966 2073 2008; x_wconf 85' lang='lat' dir='ltr'><strong>est</strong></span> <span class='ocrx_word' id='word_1_401' title='bbox 2095 1957 2163 2007; x_wconf 88' lang='lat' dir='ltr'><strong>ad</strong></span> <span class='ocrx_word' id='word_1_402' title='bbox 2189 1958 2485 2009; x_wconf 84' lang='lat' dir='ltr'><strong>occisionem</strong></span> <span class='ocrx_word' id='word_1_403' title='bbox 2513 1975 2618 2010; x_wconf 79' lang='lat' dir='ltr'><strong>sine</strong></span> <span class='ocrx_word' id='word_1_404' title='bbox 2645 1974 2756 2008; x_wconf 76' lang='lat' dir='ltr'><strong>race</strong></span> <span class='ocrx_word' id='word_1_405' title='bbox 2783 1956 2935 2024; x_wconf 83' lang='lat' dir='ltr'><strong>(lsai.</strong></span> <span class='ocrx_word' id='word_1_406' title='bbox 2965 1957 3051 2009; x_wconf 76' lang='grc'><strong>55.</strong></span> <span class='ocrx_word' id='word_1_407' title='bbox 3081 1957 3158 2020; x_wconf 85' lang='lat'><strong>7).</strong></span> <span class='ocrx_word' id='word_1_408' title='bbox 3189 1957 3454 2008; x_wconf 80' lang='lat' dir='ltr'><strong>Rursum-</strong></span> 
     </span>
    </p>
   </div>
   <div class='ocr_carea' id='block_1_56' title="bbox 1867 2025 3454 2088">
    <p class='ocr_par' dir='ltr' id='par_1_56' title="bbox 1867 2025 3454 2088">
     <span class='ocr_line' id='line_1_56' title="bbox 1867 2025 3454 2088; baseline 0.001 -13"><span class='ocrx_word' id='word_1_409' title='bbox 1867 2040 1969 2088; x_wconf 90' lang='lat' dir='ltr'><strong>que</strong></span> <span class='ocrx_word' id='word_1_410' title='bbox 2022 2026 2275 2079; x_wconf 87' lang='lat' dir='ltr'><strong>Dominus</strong></span> <span class='ocrx_word' id='word_1_411' title='bbox 2321 2026 2517 2078; x_wconf 69' lang='lat' dir='ltr'><strong>Judmis</strong></span> <span class='ocrx_word' id='word_1_412' title='bbox 2561 2028 2787 2087; x_wconf 66' lang='lat' dir='ltr'><strong>(lietfllal,</strong></span> <span class='ocrx_word' id='word_1_413' title='bbox 2843 2029 3093 2076; x_wconf 76' lang='lat' dir='ltr'><strong>Abraham</strong></span> <span class='ocrx_word' id='word_1_414' title='bbox 3138 2025 3454 2078; x_wconf 81' lang='lat' dir='ltr'><strong>desiderabat</strong></span> 
     </span>
    </p>
   </div>
   <div class='ocr_carea' id='block_1_57' title="bbox 1869 2095 3456 2165">
    <p class='ocr_par' dir='ltr' id='par_1_57' title="bbox 1869 2095 3456 2165">
     <span class='ocr_line' id='line_1_57' title="bbox 1869 2095 3456 2165; baseline 0.001 -19"><span class='ocrx_word' id='word_1_415' title='bbox 1869 2095 2033 2147; x_wconf 84' lang='lat' dir='ltr'><strong>videre</strong></span> <span class='ocrx_word' id='word_1_416' title='bbox 2058 2095 2186 2148; x_wconf 84' lang='lat' dir='ltr'><strong>diem</strong></span> <span class='ocrx_word' id='word_1_417' title='bbox 2211 2113 2395 2160; x_wconf 85' lang='lat' dir='ltr'><strong>meum,</strong></span> <span class='ocrx_word' id='word_1_418' title='bbox 2428 2109 2472 2148; x_wconf 85' lang='lat' dir='ltr'><strong>et</strong></span> <span class='ocrx_word' id='word_1_419' title='bbox 2493 2097 2633 2160; x_wconf 79' lang='lat' dir='ltr'><strong>vidit,</strong></span> <span class='ocrx_word' id='word_1_420' title='bbox 2659 2107 2702 2147; x_wconf 88' lang='lat' dir='ltr'><strong>et</strong></span> <span class='ocrx_word' id='word_1_421' title='bbox 2739 2097 2936 2165; x_wconf 81' lang='lat' dir='ltr'><strong>gavisus</strong></span> <span class='ocrx_word' id='word_1_422' title='bbox 2966 2107 3036 2148; x_wconf 83' lang='lat' dir='ltr'><strong>est</strong></span> <span class='ocrx_word' id='word_1_423' title='bbox 3066 2095 3238 2163; x_wconf 86' lang='lat' dir='ltr'><strong>(Joau.</strong></span> <span class='ocrx_word' id='word_1_424' title='bbox 3268 2095 3319 2149; x_wconf 90' lang='lat'><strong>8.</strong></span> <span class='ocrx_word' id='word_1_425' title='bbox 3341 2097 3456 2165; x_wconf 77' lang='lat'><strong>56),</strong></span> 
     </span>
    </p>
   </div>
   <div class='ocr_carea' id='block_1_58' title="bbox 1870 2164 3457 2233">
    <p class='ocr_par' dir='ltr' id='par_1_58' title="bbox 1870 2164 3457 2233">
     <span class='ocr_line' id='line_1_58' title="bbox 1870 2164 3457 2233; baseline 0 -16"><span class='ocrx_word' id='word_1_426' title='bbox 1870 2179 2061 2232; x_wconf 88' lang='lat' dir='ltr'><strong>nempe</strong></span> <span class='ocrx_word' id='word_1_427' title='bbox 2082 2166 2219 2218; x_wconf 89' lang='lat' dir='ltr'><strong>diem</strong></span> <span class='ocrx_word' id='word_1_428' title='bbox 2253 2167 2510 2233; x_wconf 71' lang='lat' dir='ltr'><strong>passionis</strong></span> <span class='ocrx_word' id='word_1_429' title='bbox 2556 2168 2604 2219; x_wconf 92' lang='lat' dir='ltr'><strong>in</strong></span> <span class='ocrx_word' id='word_1_430' title='bbox 2646 2169 2804 2233; x_wconf 87' lang='lat' dir='ltr'><strong>ﬁgura</strong></span> <span class='ocrx_word' id='word_1_431' title='bbox 2837 2164 3020 2226; x_wconf 86' lang='lat' dir='ltr'><strong>lsaaci,</strong></span> <span class='ocrx_word' id='word_1_432' title='bbox 3048 2168 3095 2218; x_wconf 91' lang='lat' dir='ltr'><strong>in</strong></span> <span class='ocrx_word' id='word_1_433' title='bbox 3123 2175 3302 2218; x_wconf 90' lang='lat' dir='ltr'><strong>monte</strong></span> <span class='ocrx_word' id='word_1_434' title='bbox 3329 2181 3457 2218; x_wconf 89' lang='lat' dir='ltr'><strong>sau-</strong></span> 
     </span>
    </p>
   </div>
   <div class='ocr_carea' id='block_1_59' title="bbox 1869 2235 3452 2304">
    <p class='ocr_par' dir='ltr' id='par_1_59' title="bbox 1869 2235 3452 2304">
     <span class='ocr_line' id='line_1_59' title="bbox 1869 2235 3452 2304; baseline 0 -16"><span class='ocrx_word' id='word_1_435' title='bbox 1869 2244 1975 2288; x_wconf 92' lang='lat' dir='ltr'><strong>cto.</strong></span> <span class='ocrx_word' id='word_1_436' title='bbox 2029 2235 2341 2288; x_wconf 87' lang='lat' dir='ltr'><strong>Benedictus</strong></span> <span class='ocrx_word' id='word_1_437' title='bbox 2387 2237 2542 2298; x_wconf 87' lang='lat' dir='ltr'><strong>Deus,</strong></span> <span class='ocrx_word' id='word_1_438' title='bbox 2569 2237 2656 2304; x_wconf 89' lang='lat' dir='ltr'><strong>qui</strong></span> <span class='ocrx_word' id='word_1_439' title='bbox 2701 2235 3051 2304; x_wconf 67' lang='lat' dir='ltr'><strong>pra-ﬁguravit</strong></span> <span class='ocrx_word' id='word_1_440' title='bbox 3083 2237 3234 2288; x_wconf 90' lang='lat' dir='ltr'><strong>nobis</strong></span> <span class='ocrx_word' id='word_1_441' title='bbox 3270 2235 3452 2288; x_wconf 88' lang='lat' dir='ltr'><strong>omnia</strong></span> 
     </span>
    </p>
   </div>
   <div class='ocr_carea' id='block_1_60' title="bbox 1867 2305 3452 2372">
    <p class='ocr_par' dir='ltr' id='par_1_60' title="bbox 1867 2305 3452 2372">
     <span class='ocr_line' id='line_1_60' title="bbox 1867 2305 3452 2372; baseline -0.001 -15"><span class='ocrx_word' id='word_1_442' title='bbox 1867 2305 1933 2357; x_wconf 89' lang='lat' dir='ltr'><strong>ad</strong></span> <span class='ocrx_word' id='word_1_443' title='bbox 1964 2305 2187 2358; x_wconf 90' lang='lat' dir='ltr'><strong>salutem</strong></span> <span class='ocrx_word' id='word_1_444' title='bbox 2218 2307 2266 2358; x_wconf 93' lang='lat' dir='ltr'><strong>in</strong></span> <span class='ocrx_word' id='word_1_445' title='bbox 2301 2307 2589 2372; x_wconf 70' lang='lat' dir='ltr'><strong>Scripturis</strong></span> <span class='ocrx_word' id='word_1_446' title='bbox 2617 2309 2828 2365; x_wconf 57' lang='lat' dir='ltr'><strong>sanctis.</strong></span> <span class='ocrx_word' id='word_1_447' title='bbox 2864 2316 2917 2359; x_wconf 91' lang='lat' dir='ltr'><strong>et</strong></span> <span class='ocrx_word' id='word_1_448' title='bbox 2944 2322 3060 2358; x_wconf 72' lang='grc' dir='ltr'>ιιινιι</span> <span class='ocrx_word' id='word_1_449' title='bbox 3093 2307 3319 2359; x_wconf 78' lang='lat' dir='ltr'><strong>venisset</strong></span> <span class='ocrx_word' id='word_1_450' title='bbox 3348 2306 3452 2356; x_wconf 93' lang='lat' dir='ltr'><strong>im-</strong></span> 
     </span>
    </p>
   </div>
   <div class='ocr_carea' id='block_1_61' title="bbox 1871 2373 3452 2443">
    <p class='ocr_par' dir='ltr' id='par_1_61' title="bbox 1871 2373 3452 2443">
     <span class='ocr_line' id='line_1_61' title="bbox 1871 2373 3452 2443; baseline 0.001 -18"><span class='ocrx_word' id='word_1_451' title='bbox 1871 2374 2029 2443; x_wconf 83' lang='lat' dir='ltr'><strong>plevit</strong></span> <span class='ocrx_word' id='word_1_452' title='bbox 2061 2375 2436 2443; x_wconf 86' lang='lat' dir='ltr'><strong>prophetarum</strong></span> <span class='ocrx_word' id='word_1_453' title='bbox 2461 2391 2754 2438; x_wconf 83' lang='lat' dir='ltr'><strong>sermones,</strong></span> <span class='ocrx_word' id='word_1_454' title='bbox 2787 2384 2840 2428; x_wconf 87' lang='lat' dir='ltr'><strong>et</strong></span> <span class='ocrx_word' id='word_1_455' title='bbox 2863 2376 3099 2429; x_wconf 70' lang='lat' dir='ltr'><strong>:ISthlltlll.</strong></span> <span class='ocrx_word' id='word_1_456' title='bbox 3130 2377 3178 2427; x_wconf 90' lang='lat' dir='ltr'><strong>in</strong></span> <span class='ocrx_word' id='word_1_457' title='bbox 3200 2375 3366 2442; x_wconf 82' lang='lat' dir='ltr'><strong>gloria</strong></span> <span class='ocrx_word' id='word_1_458' title='bbox 3386 2373 3452 2428; x_wconf 86' lang='lat' dir='ltr'><strong>ad</strong></span> 
     </span>
    </p>
   </div>
   <div class='ocr_carea' id='block_1_62' title="bbox 1869 2442 3458 2510">
    <p class='ocr_par' dir='ltr' id='par_1_62' title="bbox 1869 2442 3458 2510">
     <span class='ocr_line' id='line_1_62' title="bbox 1869 2442 3458 2510; baseline 0.001 -14"><span class='ocrx_word' id='word_1_459' title='bbox 1869 2442 2080 2497; x_wconf 83' lang='lat' dir='ltr'><strong>Patrem</strong></span> <span class='ocrx_word' id='word_1_460' title='bbox 2113 2442 2286 2510; x_wconf 86' lang='lat' dir='ltr'><strong>suum,</strong></span> <span class='ocrx_word' id='word_1_461' title='bbox 2318 2456 2372 2498; x_wconf 93' lang='lat' dir='ltr'><strong>nt</strong></span> <span class='ocrx_word' id='word_1_462' title='bbox 2399 2448 2448 2498; x_wconf 92' lang='lat' dir='ltr'><strong>iu</strong></span> <span class='ocrx_word' id='word_1_463' title='bbox 2492 2448 2637 2499; x_wconf 89' lang='lat' dir='ltr'><strong>omni</strong></span> <span class='ocrx_word' id='word_1_464' title='bbox 2669 2447 2784 2498; x_wconf 88' lang='lat' dir='ltr'><strong>loco</strong></span> <span class='ocrx_word' id='word_1_465' title='bbox 2829 2446 3114 2498; x_wconf 83' lang='lat' dir='ltr'><strong>adoremus</strong></span> <span class='ocrx_word' id='word_1_466' title='bbox 3157 2446 3364 2498; x_wconf 83' lang='lat' dir='ltr'><strong>l’atrem</strong></span> <span class='ocrx_word' id='word_1_467' title='bbox 3403 2452 3458 2499; x_wconf 87' lang='lat' dir='ltr'><strong>et</strong></span> 
     </span>
    </p>
   </div>
   <div class='ocr_carea' id='block_1_63' title="bbox 1871 2513 2983 2584">
    <p class='ocr_par' dir='ltr' id='par_1_63' title="bbox 1871 2513 2983 2584">
     <span class='ocr_line' id='line_1_63' title="bbox 1871 2513 2983 2584; baseline 0.002 -19"><span class='ocrx_word' id='word_1_468' title='bbox 1871 2513 2062 2566; x_wconf 83' lang='lat' dir='ltr'><strong>Filium</strong></span> <span class='ocrx_word' id='word_1_469' title='bbox 2091 2525 2143 2568; x_wconf 88' lang='lat' dir='ltr'><strong>et</strong></span> <span class='ocrx_word' id='word_1_470' title='bbox 2165 2518 2440 2584; x_wconf 77' lang='lat' dir='ltr'><strong>Spiritum,</strong></span> <span class='ocrx_word' id='word_1_471' title='bbox 2472 2517 2519 2567; x_wconf 92' lang='lat' dir='ltr'><strong>in</strong></span> <span class='ocrx_word' id='word_1_472' title='bbox 2545 2515 2760 2568; x_wconf 76' lang='lat' dir='ltr'><strong>sazcula.</strong></span> <span class='ocrx_word' id='word_1_473' title='bbox 2796 2519 2983 2569; x_wconf 80' lang='lat' dir='ltr'><strong>Amen.</strong></span> 
     </span>
    </p>
   </div>
   <div class='ocr_carea' id='block_1_64' title="bbox 2677 2650 3408 2662">
    <p class='ocr_par' dir='ltr' id='par_1_64' title="bbox 2677 2650 3408 2662">
     <span class='ocr_line' id='line_1_64' title="bbox 2677 2650 3408 2662; baseline -0.007 0"><span class='ocrx_word' id='word_1_474' title='bbox 2677 2654 2773 2662; x_wconf 61' lang='grc' dir='ltr'><strong>ν--ιν</strong></span> <span class='ocrx_word' id='word_1_475' title='bbox 2801 2650 3408 2662; x_wconf 28' lang='grc' dir='ltr'><strong>-ἢβ-Ῠ-γε</strong></span> 
     </span>
    </p>
   </div>
   <div class='ocr_carea' id='block_1_65' title="bbox 1364 2787 2236 2901">
    <p class='ocr_par' dir='ltr' id='par_1_65' title="bbox 1364 2787 2236 2901">
     <span class='ocr_line' id='line_1_65' title="bbox 1364 2787 2236 2901; baseline -0.01 1"><span class='ocrx_word' id='word_1_476' title='bbox 1364 2787 2236 2901; x_wconf 78' lang='lat' dir='ltr'><strong>MONITUM</strong></span> 
     </span>
    </p>
   </div>
   <div class='ocr_carea' id='block_1_66' title="bbox 1282 2975 2363 3055">
    <p class='ocr_par' dir='ltr' id='par_1_66' title="bbox 1282 2975 2363 3055">
     <span class='ocr_line' id='line_1_66' title="bbox 1282 2975 2363 3055; baseline -0.008 -12"><span class='ocrx_word' id='word_1_477' title='bbox 1282 2982 1361 3043; x_wconf 85' lang='lat' dir='ltr'><strong>IN</strong></span> <span class='ocrx_word' id='word_1_478' title='bbox 1407 2978 1887 3055; x_wconf 85' lang='lat' dir='ltr'><strong>SEQUENTEM</strong></span> <span class='ocrx_word' id='word_1_479' title='bbox 1929 2975 2363 3036; x_wconf 81' lang='lat' dir='ltr'><strong>HOMlLlAM.</strong></span> 
     </span>
    </p>
   </div>
   <div class='ocr_carea' id='block_1_67' title="bbox 247 3125 1761 3192">
    <p class='ocr_par' dir='ltr' id='par_1_67' title="bbox 247 3125 1761 3192">
     <span class='ocr_line' id='line_1_67' title="bbox 247 3125 1761 3192; baseline -0.008 -1"><span class='ocrx_word' id='word_1_480' title='bbox 247 3133 406 3192; x_wconf 77' lang='lat' dir='ltr'><strong>Circa</strong></span> <span class='ocrx_word' id='word_1_481' title='bbox 447 3130 584 3188; x_wconf 81' lang='lat' dir='ltr'><strong>hanc</strong></span> <span class='ocrx_word' id='word_1_482' title='bbox 613 3129 727 3185; x_wconf 85' lang='lat' dir='ltr'><strong>sive</strong></span> <span class='ocrx_word' id='word_1_483' title='bbox 778 3127 1047 3181; x_wconf 88' lang='lat' dir='ltr'><strong>homiliam</strong></span> <span class='ocrx_word' id='word_1_484' title='bbox 1072 3171 1084 3191; x_wconf 85' lang='lat'><strong>,</strong></span> <span class='ocrx_word' id='word_1_485' title='bbox 1117 3129 1229 3182; x_wconf 88' lang='lat' dir='ltr'><strong>sive</strong></span> <span class='ocrx_word' id='word_1_486' title='bbox 1269 3127 1564 3182; x_wconf 87' lang='lat' dir='ltr'><strong>orationem</strong></span> <span class='ocrx_word' id='word_1_487' title='bbox 1586 3168 1599 3188; x_wconf 92' lang='lat'><strong>,</strong></span> <span class='ocrx_word' id='word_1_488' title='bbox 1649 3125 1761 3179; x_wconf 75' lang='lat' dir='ltr'><strong>lucc</strong></span> 
     </span>
    </p>
   </div>
   <div class='ocr_carea' id='block_1_68' title="bbox 179 3197 1764 3266">
    <p class='ocr_par' dir='ltr' id='par_1_68' title="bbox 179 3197 1764 3266">
     <span class='ocr_line' id='line_1_68' title="bbox 179 3197 1764 3266; baseline -0.01 -5"><span class='ocrx_word' id='word_1_489' title='bbox 179 3215 329 3261; x_wconf 87' lang='lat' dir='ltr'><strong>notat</strong></span> <span class='ocrx_word' id='word_1_490' title='bbox 357 3202 625 3259; x_wconf 79' lang='lat' dir='ltr'><strong>Savilius:</strong></span> <span class='ocrx_word' id='word_1_491' title='bbox 659 3219 676 3250; x_wconf 84' lang='grc' dir='ltr'><strong>ι</strong></span> <span class='ocrx_word' id='word_1_492' title='bbox 719 3199 984 3254; x_wconf 87' lang='lat' dir='ltr'><strong>Orationis</strong></span> <span class='ocrx_word' id='word_1_493' title='bbox 1016 3198 1170 3266; x_wconf 88' lang='lat' dir='ltr'><strong>hujus</strong></span> <span class='ocrx_word' id='word_1_494' title='bbox 1200 3197 1562 3262; x_wconf 69' lang='lat' dir='ltr'><strong>pratlatioucm</strong></span> <span class='ocrx_word' id='word_1_495' title='bbox 1594 3197 1764 3266; x_wconf 34' lang='lat' dir='ltr'><strong>Chrys</strong></span> 
     </span>
    </p>
   </div>
   <div class='ocr_carea' id='block_1_69' title="bbox 179 3265 1762 3338">
    <p class='ocr_par' dir='ltr' id='par_1_69' title="bbox 179 3265 1762 3338">
     <span class='ocr_line' id='line_1_69' title="bbox 179 3265 1762 3338; baseline -0.008 -8"><span class='ocrx_word' id='word_1_496' title='bbox 179 3275 404 3331; x_wconf 83' lang='lat' dir='ltr'><strong>sostomi</strong></span> <span class='ocrx_word' id='word_1_497' title='bbox 445 3287 564 3326; x_wconf 82' lang='lat' dir='ltr'><strong>esse</strong></span> <span class='ocrx_word' id='word_1_498' title='bbox 593 3285 680 3324; x_wconf 87' lang='lat' dir='ltr'><strong>res</strong></span> <span class='ocrx_word' id='word_1_499' title='bbox 702 3271 812 3338; x_wconf 88' lang='lat' dir='ltr'><strong>ipsa</strong></span> <span class='ocrx_word' id='word_1_500' title='bbox 843 3269 986 3321; x_wconf 90' lang='lat' dir='ltr'><strong>dicit.</strong></span> <span class='ocrx_word' id='word_1_501' title='bbox 1022 3265 1116 3320; x_wconf 81' lang='lat' dir='ltr'><strong>Est</strong></span> <span class='ocrx_word' id='word_1_502' title='bbox 1159 3269 1302 3321; x_wconf 87' lang='lat' dir='ltr'><strong>enim</strong></span> <span class='ocrx_word' id='word_1_503' title='bbox 1332 3276 1540 3338; x_wconf 85' lang='lat' dir='ltr'><strong>sumpta</strong></span> <span class='ocrx_word' id='word_1_504' title='bbox 1568 3276 1676 3318; x_wconf 84' lang='lat' dir='ltr'><strong>tota</strong></span> <span class='ocrx_word' id='word_1_505' title='bbox 1699 3265 1762 3318; x_wconf 88' lang='lat' dir='ltr'><strong>ad</strong></span> 
     </span>
    </p>
   </div>
   <div class='ocr_carea' id='block_1_70' title="bbox 177 3336 1763 3403">
    <p class='ocr_par' dir='ltr' id='par_1_70' title="bbox 177 3336 1763 3403">
     <span class='ocr_line' id='line_1_70' title="bbox 177 3336 1763 3403; baseline -0.006 -8"><span class='ocrx_word' id='word_1_506' title='bbox 177 3345 402 3400; x_wconf 77' lang='lat' dir='ltr'><strong>verbum</strong></span> <span class='ocrx_word' id='word_1_507' title='bbox 431 3357 494 3395; x_wconf 62' lang='lat' dir='ltr'><strong>ex</strong></span> <span class='ocrx_word' id='word_1_508' title='bbox 520 3336 770 3394; x_wconf 82' lang='lat' dir='ltr'><strong>Oratione</strong></span> <span class='ocrx_word' id='word_1_509' title='bbox 802 3338 951 3392; x_wconf 86' lang='lat' dir='ltr'><strong>tertia</strong></span> <span class='ocrx_word' id='word_1_510' title='bbox 984 3339 1032 3390; x_wconf 89' lang='lat' dir='ltr'><strong>in</strong></span> <span class='ocrx_word' id='word_1_511' title='bbox 1065 3338 1310 3390; x_wconf 89' lang='lat' dir='ltr'><strong>Davidem</strong></span> <span class='ocrx_word' id='word_1_512' title='bbox 1345 3347 1397 3390; x_wconf 93' lang='lat' dir='ltr'><strong>et</strong></span> <span class='ocrx_word' id='word_1_513' title='bbox 1420 3336 1545 3389; x_wconf 77' lang='lat' dir='ltr'><strong>Saul</strong></span> <span class='ocrx_word' id='word_1_514' title='bbox 1567 3377 1581 3400; x_wconf 92' lang='lat'><strong>,</strong></span> <span class='ocrx_word' id='word_1_515' title='bbox 1606 3350 1763 3403; x_wconf 87' lang='lat' dir='ltr'><strong>quam</strong></span> 
     </span>
    </p>
   </div>
   <div class='ocr_carea' id='block_1_71' title="bbox 176 3406 1765 3482">
    <p class='ocr_par' dir='ltr' id='par_1_71' title="bbox 176 3406 1765 3482">
     <span class='ocr_line' id='line_1_71' title="bbox 176 3406 1765 3482; baseline -0.008 -14"><span class='ocrx_word' id='word_1_516' title='bbox 176 3415 298 3468; x_wconf 91' lang='lat' dir='ltr'><strong>vide</strong></span> <span class='ocrx_word' id='word_1_517' title='bbox 323 3429 378 3482; x_wconf 92' lang='lat' dir='ltr'><strong>p.</strong></span> <span class='ocrx_word' id='word_1_518' title='bbox 401 3411 671 3480; x_wconf 86' lang='lat' dir='ltr'><strong>89(Tomo</strong></span> <span class='ocrx_word' id='word_1_519' title='bbox 692 3409 903 3482; x_wconf 65' lang='lat' dir='ltr'><strong>bhujus</strong></span> <span class='ocrx_word' id='word_1_520' title='bbox 925 3408 1199 3470; x_wconf 64' lang='lat' dir='ltr'><strong>liditionis,</strong></span> <span class='ocrx_word' id='word_1_521' title='bbox 1224 3409 1330 3482; x_wconf 78' lang='lat' dir='ltr'><strong>col.</strong></span> <span class='ocrx_word' id='word_1_522' title='bbox 1355 3406 1622 3474; x_wconf 75' lang='lat' dir='ltr'><strong>69-5).lpsa</strong></span> <span class='ocrx_word' id='word_1_523' title='bbox 1641 3421 1765 3458; x_wconf 90' lang='lat' dir='ltr'><strong>vero</strong></span> 
     </span>
    </p>
   </div>
   <div class='ocr_carea' id='block_1_72' title="bbox 176 3481 1766 3552">
    <p class='ocr_par' dir='ltr' id='par_1_72' title="bbox 176 3481 1766 3552">
     <span class='ocr_line' id='line_1_72' title="bbox 176 3481 1766 3552; baseline -0.007 -13"><span class='ocrx_word' id='word_1_524' title='bbox 176 3481 352 3539; x_wconf 86' lang='lat' dir='ltr'><strong>oratio</strong></span> <span class='ocrx_word' id='word_1_525' title='bbox 381 3481 871 3552; x_wconf 80' lang='lat' dir='ltr'><strong>Clirysostominou</strong></span> <span class='ocrx_word' id='word_1_526' title='bbox 899 3488 998 3540; x_wconf 88' lang='lat' dir='ltr'><strong>est,</strong></span> <span class='ocrx_word' id='word_1_527' title='bbox 1023 3481 1264 3547; x_wconf 89' lang='lat' dir='ltr'><strong>quamvis</strong></span> <span class='ocrx_word' id='word_1_528' title='bbox 1305 3493 1397 3545; x_wconf 89' lang='lat' dir='ltr'><strong>per</strong></span> <span class='ocrx_word' id='word_1_529' title='bbox 1422 3491 1619 3552; x_wconf 79' lang='lat' dir='ltr'><strong>omnes</strong></span> <span class='ocrx_word' id='word_1_530' title='bbox 1633 3490 1766 3542; x_wconf 89' lang='lat' dir='ltr'><strong>pene</strong></span> 
     </span>
    </p>
   </div>
   <div class='ocr_carea' id='block_1_73' title="bbox 177 3546 1762 3618">
    <p class='ocr_par' dir='ltr' id='par_1_73' title="bbox 177 3546 1762 3618">
     <span class='ocr_line' id='line_1_73' title="bbox 177 3546 1762 3618; baseline -0.008 -10"><span class='ocrx_word' id='word_1_531' title='bbox 177 3546 531 3608; x_wconf 69' lang='lat' dir='ltr'><strong>bibliothecas</strong></span> <span class='ocrx_word' id='word_1_532' title='bbox 582 3552 682 3605; x_wconf 89' lang='lat' dir='ltr'><strong>sub</strong></span> <span class='ocrx_word' id='word_1_533' title='bbox 723 3550 838 3618; x_wconf 87' lang='lat' dir='ltr'><strong>ejus</strong></span> <span class='ocrx_word' id='word_1_534' title='bbox 879 3546 1092 3601; x_wconf 83' lang='lat' dir='ltr'><strong>nomine</strong></span> <span class='ocrx_word' id='word_1_535' title='bbox 1129 3551 1394 3614; x_wconf 68' lang='lat' dir='ltr'><strong>deserti-ta</strong></span> <span class='ocrx_word' id='word_1_536' title='bbox 1451 3546 1762 3618; x_wconf 83' lang='lat' dir='ltr'><strong>reperiatur.</strong></span> 
     </span>
    </p>
   </div>
   <div class='ocr_carea' id='block_1_74' title="bbox 178 3617 1769 3690">
    <p class='ocr_par' dir='ltr' id='par_1_74' title="bbox 178 3617 1769 3690">
     <span class='ocr_line' id='line_1_74' title="bbox 178 3617 1769 3690; baseline -0.006 -12"><span class='ocrx_word' id='word_1_537' title='bbox 178 3624 290 3678; x_wconf 84' lang='lat' dir='ltr'><strong>Nec</strong></span> <span class='ocrx_word' id='word_1_538' title='bbox 310 3624 455 3677; x_wconf 91' lang='lat' dir='ltr'><strong>enim</strong></span> <span class='ocrx_word' id='word_1_539' title='bbox 498 3622 668 3690; x_wconf 88' lang='lat' dir='ltr'><strong>stylus</strong></span> <span class='ocrx_word' id='word_1_540' title='bbox 711 3617 970 3674; x_wconf 88' lang='lat' dir='ltr'><strong>tumidum</strong></span> <span class='ocrx_word' id='word_1_541' title='bbox 1015 3619 1262 3690; x_wconf 79' lang='lat' dir='ltr'><strong>quiddam</strong></span> <span class='ocrx_word' id='word_1_542' title='bbox 1306 3627 1358 3670; x_wconf 89' lang='lat' dir='ltr'><strong>et</strong></span> <span class='ocrx_word' id='word_1_543' title='bbox 1401 3617 1644 3690; x_wconf 81' lang='lat' dir='ltr'><strong>inﬂatum</strong></span> <span class='ocrx_word' id='word_1_544' title='bbox 1675 3629 1769 3668; x_wconf 87' lang='lat' dir='ltr'><strong>so-</strong></span> 
     </span>
    </p>
   </div>
   <div class='ocr_carea' id='block_1_75' title="bbox 178 3687 1768 3757">
    <p class='ocr_par' dir='ltr' id='par_1_75' title="bbox 178 3687 1768 3757">
     <span class='ocr_line' id='line_1_75' title="bbox 178 3687 1768 3757; baseline -0.009 -10"><span class='ocrx_word' id='word_1_545' title='bbox 178 3709 336 3755; x_wconf 85' lang='lat' dir='ltr'><strong>nans,</strong></span> <span class='ocrx_word' id='word_1_546' title='bbox 370 3708 469 3745; x_wconf 90' lang='lat' dir='ltr'><strong>nec</strong></span> <span class='ocrx_word' id='word_1_547' title='bbox 495 3687 815 3745; x_wconf 77' lang='lat' dir='ltr'><strong>inventionis</strong></span> <span class='ocrx_word' id='word_1_548' title='bbox 862 3691 1028 3752; x_wconf 88' lang='lat' dir='ltr'><strong>ratio,</strong></span> <span class='ocrx_word' id='word_1_549' title='bbox 1081 3688 1265 3757; x_wconf 78' lang='lat' dir='ltr'><strong>frigida</strong></span> <span class='ocrx_word' id='word_1_550' title='bbox 1313 3689 1440 3741; x_wconf 89' lang='lat' dir='ltr'><strong>satis</strong></span> <span class='ocrx_word' id='word_1_551' title='bbox 1465 3696 1517 3740; x_wconf 91' lang='lat' dir='ltr'><strong>et</strong></span> <span class='ocrx_word' id='word_1_552' title='bbox 1547 3687 1722 3757; x_wconf 77' lang='lat' dir='ltr'><strong>inepta</strong></span> <span class='ocrx_word' id='word_1_553' title='bbox 1753 3725 1768 3747; x_wconf 89' lang='lat'><strong>,</strong></span> 
     </span>
    </p>
   </div>
   <div class='ocr_carea' id='block_1_76' title="bbox 176 3755 1772 3831">
    <p class='ocr_par' dir='ltr' id='par_1_76' title="bbox 176 3755 1772 3831">
     <span class='ocr_line' id='line_1_76' title="bbox 176 3755 1772 3831; baseline -0.006 -14"><span class='ocrx_word' id='word_1_554' title='bbox 176 3763 621 3831; x_wconf 81' lang='lat' dir='ltr'><strong>Clirysostomum</strong></span> <span class='ocrx_word' id='word_1_555' title='bbox 649 3759 865 3814; x_wconf 91' lang='lat' dir='ltr'><strong>omnino</strong></span> <span class='ocrx_word' id='word_1_556' title='bbox 895 3758 1076 3831; x_wconf 63' lang='lat' dir='ltr'><strong>refert.</strong></span> <span class='ocrx_word' id='word_1_557' title='bbox 1107 3755 1468 3831; x_wconf 59' lang='lat' dir='ltr'><strong>Longis-simus</strong></span> <span class='ocrx_word' id='word_1_558' title='bbox 1511 3757 1562 3809; x_wconf 91' lang='lat' dir='ltr'><strong>in</strong></span> <span class='ocrx_word' id='word_1_559' title='bbox 1598 3755 1772 3823; x_wconf 80' lang='lat' dir='ltr'><strong>perio-</strong></span> 
     </span>
    </p>
   </div>
   <div class='ocr_carea' id='block_1_77' title="bbox 176 3827 1766 3896">
    <p class='ocr_par' dir='ltr' id='par_1_77' title="bbox 176 3827 1766 3896">
     <span class='ocr_line' id='line_1_77' title="bbox 176 3827 1766 3896; baseline -0.004 -11"><span class='ocrx_word' id='word_1_560' title='bbox 176 3827 692 3895; x_wconf 43' lang='lat' dir='ltr'><strong>dia-audacissimus</strong></span> <span class='ocrx_word' id='word_1_561' title='bbox 716 3831 766 3884; x_wconf 90' lang='lat' dir='ltr'><strong>in</strong></span> <span class='ocrx_word' id='word_1_562' title='bbox 789 3829 1112 3896; x_wconf 82' lang='lat' dir='ltr'><strong>metaphoris</strong></span> <span class='ocrx_word' id='word_1_563' title='bbox 1138 3829 1290 3896; x_wconf 84' lang='lat' dir='ltr'><strong>(qua:</strong></span> <span class='ocrx_word' id='word_1_564' title='bbox 1311 3827 1507 3882; x_wconf 86' lang='lat' dir='ltr'><strong>debent</strong></span> <span class='ocrx_word' id='word_1_565' title='bbox 1537 3841 1655 3882; x_wconf 76' lang='lat' dir='ltr'><strong>esse</strong></span> <span class='ocrx_word' id='word_1_566' title='bbox 1677 3841 1766 3879; x_wconf 91' lang='lat' dir='ltr'><strong>ve-</strong></span> 
     </span>
    </p>
   </div>
   <div class='ocr_carea' id='block_1_78' title="bbox 178 3950 2757 3978">
    <p class='ocr_par' dir='ltr' id='par_1_78' title="bbox 178 3950 2757 3978">
     <span class='ocr_line' id='line_1_78' title="bbox 178 3950 2757 3978; baseline -0.003 -10"><span class='ocrx_word' id='word_1_567' title='bbox 178 3950 2757 3978; x_wconf 87' lang='lat'><strong>____________________________________</strong></span> 
     </span>
    </p>
   </div>
   <div class='ocr_carea' id='block_1_79' title="bbox 1872 3113 3459 3188">
    <p class='ocr_par' dir='ltr' id='par_1_79' title="bbox 1872 3113 3459 3188">
     <span class='ocr_line' id='line_1_79' title="bbox 1872 3113 3459 3188; baseline -0.005 -12"><span class='ocrx_word' id='word_1_568' title='bbox 1872 3121 2140 3188; x_wconf 71' lang='lat' dir='ltr'><strong>recundaa)</strong></span> <span class='ocrx_word' id='word_1_569' title='bbox 2169 3130 2283 3182; x_wconf 85' lang='lat' dir='ltr'><strong>est,</strong></span> <span class='ocrx_word' id='word_1_570' title='bbox 2331 3118 2566 3187; x_wconf 90' lang='lat' dir='ltr'><strong>quisquis</strong></span> <span class='ocrx_word' id='word_1_571' title='bbox 2611 3132 2731 3171; x_wconf 89' lang='lat' dir='ltr'><strong>eum</strong></span> <span class='ocrx_word' id='word_1_572' title='bbox 2774 3115 2990 3170; x_wconf 91' lang='lat' dir='ltr'><strong>habuit:</strong></span> <span class='ocrx_word' id='word_1_573' title='bbox 3026 3124 3079 3188; x_wconf 86' lang='lat' dir='ltr'><strong>et</strong></span> <span class='ocrx_word' id='word_1_574' title='bbox 3105 3113 3338 3169; x_wconf 87' lang='lat' dir='ltr'><strong>lmmano</strong></span> <span class='ocrx_word' id='word_1_575' title='bbox 3363 3129 3459 3168; x_wconf 84' lang='lat' dir='ltr'><strong>ca-</strong></span> 
     </span>
    </p>
   </div>
   <div class='ocr_carea' id='block_1_80' title="bbox 1873 3187 3460 3260">
    <p class='ocr_par' dir='ltr' id='par_1_80' title="bbox 1873 3187 3460 3260">
     <span class='ocr_line' id='line_1_80' title="bbox 1873 3187 3460 3260; baseline -0.003 -18"><span class='ocrx_word' id='word_1_576' title='bbox 1873 3193 1960 3260; x_wconf 84' lang='lat' dir='ltr'><strong>piti</strong></span> <span class='ocrx_word' id='word_1_577' title='bbox 1989 3187 2249 3244; x_wconf 85' lang='lat' dir='ltr'><strong>cervicem</strong></span> <span class='ocrx_word' id='word_1_578' title='bbox 2277 3205 2408 3257; x_wconf 89' lang='lat' dir='ltr'><strong>pene</strong></span> <span class='ocrx_word' id='word_1_579' title='bbox 2450 3188 2696 3257; x_wconf 88' lang='lat' dir='ltr'><strong>equinam</strong></span> <span class='ocrx_word' id='word_1_580' title='bbox 2734 3188 2905 3260; x_wconf 69' lang='lat' dir='ltr'><strong>junitit</strong></span> <span class='ocrx_word' id='word_1_581' title='bbox 2931 3227 2945 3251; x_wconf 92' lang='lat'><strong>,</strong></span> <span class='ocrx_word' id='word_1_582' title='bbox 2994 3187 3310 3256; x_wconf 90' lang='lat' dir='ltr'><strong>quicumque</strong></span> <span class='ocrx_word' id='word_1_583' title='bbox 3339 3201 3460 3260; x_wconf 82' lang='lat' dir='ltr'><strong>pro-</strong></span> 
     </span>
    </p>
   </div>
   <div class='ocr_carea' id='block_1_81' title="bbox 1870 3257 3459 3327">
    <p class='ocr_par' dir='ltr' id='par_1_81' title="bbox 1870 3257 3459 3327">
     <span class='ocr_line' id='line_1_81' title="bbox 1870 3257 3459 3327; baseline -0.004 -12"><span class='ocrx_word' id='word_1_584' title='bbox 1870 3257 2086 3316; x_wconf 72' lang='grc' dir='ltr'>ὰειιιὶιιιιι</span> <span class='ocrx_word' id='word_1_585' title='bbox 2109 3263 2207 3313; x_wconf 88' lang='lat' dir='ltr'><strong>hoc</strong></span> <span class='ocrx_word' id='word_1_586' title='bbox 2219 3261 2365 3327; x_wconf 89' lang='lat' dir='ltr'><strong>operi</strong></span> <span class='ocrx_word' id='word_1_587' title='bbox 2389 3274 2485 3311; x_wconf 93' lang='lat' dir='ltr'><strong>suo</strong></span> <span class='ocrx_word' id='word_1_588' title='bbox 2506 3259 2808 3325; x_wconf 73' lang='lat' dir='ltr'><strong>prthOStlit.</strong></span> <span class='ocrx_word' id='word_1_589' title='bbox 2836 3258 3012 3323; x_wconf 88' lang='lat' dir='ltr'><strong>Itaque</strong></span> <span class='ocrx_word' id='word_1_590' title='bbox 3039 3269 3240 3324; x_wconf 78' lang='lat' dir='ltr'><strong>paterat</strong></span> <span class='ocrx_word' id='word_1_591' title='bbox 3263 3257 3459 3327; x_wconf 87' lang='lat' dir='ltr'><strong>rectius</strong></span> 
     </span>
    </p>
   </div>
   <div class='ocr_carea' id='block_1_82' title="bbox 1873 3326 3460 3396">
    <p class='ocr_par' dir='ltr' id='par_1_82' title="bbox 1873 3326 3460 3396">
     <span class='ocr_line' id='line_1_82' title="bbox 1873 3326 3460 3396; baseline -0.003 -11"><span class='ocrx_word' id='word_1_592' title='bbox 1873 3334 2010 3386; x_wconf 90' lang='lat' dir='ltr'><strong>inter</strong></span> <span class='ocrx_word' id='word_1_593' title='bbox 2039 3332 2196 3383; x_wconf 88' lang='lat' dir='ltr'><strong>dubia</strong></span> <span class='ocrx_word' id='word_1_594' title='bbox 2233 3326 2402 3396; x_wconf 83' lang='lat' dir='ltr'><strong>rejici,</strong></span> <span class='ocrx_word' id='word_1_595' title='bbox 2447 3340 2535 3378; x_wconf 91' lang='lat' dir='ltr'><strong>aut</strong></span> <span class='ocrx_word' id='word_1_596' title='bbox 2581 3329 2737 3379; x_wconf 89' lang='lat' dir='ltr'><strong>etiam</strong></span> <span class='ocrx_word' id='word_1_597' title='bbox 2766 3328 2830 3379; x_wconf 90' lang='lat' dir='ltr'><strong>ad</strong></span> <span class='ocrx_word' id='word_1_598' title='bbox 2879 3328 3058 3394; x_wconf 86' lang='lat' dir='ltr'><strong>spuria</strong></span> <span class='ocrx_word' id='word_1_599' title='bbox 3097 3327 3329 3379; x_wconf 89' lang='lat' dir='ltr'><strong>detrudi.</strong></span> <span class='ocrx_word' id='word_1_600' title='bbox 3365 3326 3460 3381; x_wconf 86' lang='lat' dir='ltr'><strong>llic</strong></span> 
     </span>
    </p>
   </div>
   <div class='ocr_carea' id='block_1_83' title="bbox 1872 3398 3380 3472">
    <p class='ocr_par' dir='ltr' id='par_1_83' title="bbox 1872 3398 3380 3472">
     <span class='ocr_line' id='line_1_83' title="bbox 1872 3398 3380 3472; baseline -0.006 -16"><span class='ocrx_word' id='word_1_601' title='bbox 1872 3415 2228 3472; x_wconf 82' lang='lat' dir='ltr'><strong>pererrorem</strong></span> <span class='ocrx_word' id='word_1_602' title='bbox 2263 3401 2431 3472; x_wconf 72' lang='lat' dir='ltr'><strong>locum</strong></span> <span class='ocrx_word' id='word_1_603' title='bbox 2467 3399 2604 3472; x_wconf 74' lang='lat' dir='ltr'><strong>inter</strong></span> <span class='ocrx_word' id='word_1_604' title='bbox 2634 3399 2862 3465; x_wconf 83' lang='lat' dir='ltr'><strong>genuina</strong></span> <span class='ocrx_word' id='word_1_605' title='bbox 2891 3398 3187 3472; x_wconf 80' lang='lat' dir='ltr'><strong>occupavit,</strong></span> <span class='ocrx_word' id='word_1_606' title='bbox 3224 3413 3242 3446; x_wconf 72' lang='grc' dir='ltr'><strong>ι</strong></span> <span class='ocrx_word' id='word_1_607' title='bbox 3278 3406 3380 3472; x_wconf 87' lang='lat' dir='ltr'><strong>etc.</strong></span> 
     </span>
    </p>
   </div>
   <div class='ocr_carea' id='block_1_84' title="bbox 1945 3465 3448 3538">
    <p class='ocr_par' dir='ltr' id='par_1_84' title="bbox 1945 3465 3448 3538">
     <span class='ocr_line' id='line_1_84' title="bbox 1945 3465 3448 3538; baseline -0.005 -14"><span class='ocrx_word' id='word_1_608' title='bbox 1945 3471 2173 3538; x_wconf 83' lang='lat' dir='ltr'><strong>Nugacis</strong></span> <span class='ocrx_word' id='word_1_609' title='bbox 2198 3485 2328 3523; x_wconf 88' lang='lat' dir='ltr'><strong>sane</strong></span> <span class='ocrx_word' id='word_1_610' title='bbox 2350 3467 2576 3522; x_wconf 80' lang='lat' dir='ltr'><strong>Graculi</strong></span> <span class='ocrx_word' id='word_1_611' title='bbox 2608 3474 2966 3538; x_wconf 72' lang='lat' dir='ltr'><strong>Commeutnm</strong></span> <span class='ocrx_word' id='word_1_612' title='bbox 2993 3465 3101 3538; x_wconf 83' lang='lat' dir='ltr'><strong>hoc</strong></span> <span class='ocrx_word' id='word_1_613' title='bbox 3131 3466 3448 3538; x_wconf 78' lang='lat' dir='ltr'><strong>intenebris</strong></span> 
     </span>
    </p>
   </div>
   <div class='ocr_carea' id='block_1_85' title="bbox 1874 3535 3454 3610">
    <p class='ocr_par' dir='ltr' id='par_1_85' title="bbox 1874 3535 3454 3610">
     <span class='ocr_line' id='line_1_85' title="bbox 1874 3535 3454 3610; baseline -0.009 -12"><span class='ocrx_word' id='word_1_614' title='bbox 1874 3535 2236 3610; x_wconf 74' lang='lat' dir='ltr'><strong>reliquissem,</strong></span> <span class='ocrx_word' id='word_1_615' title='bbox 2272 3541 2371 3610; x_wconf 86' lang='lat' dir='ltr'><strong>nisi</strong></span> <span class='ocrx_word' id='word_1_616' title='bbox 2397 3539 2541 3610; x_wconf 84' lang='lat' dir='ltr'><strong>prior</strong></span> <span class='ocrx_word' id='word_1_617' title='bbox 2582 3537 2835 3610; x_wconf 76' lang='lat' dir='ltr'><strong>edidisset</strong></span> <span class='ocrx_word' id='word_1_618' title='bbox 2881 3535 3150 3610; x_wconf 81' lang='lat' dir='ltr'><strong>savilius._</strong></span> <span class='ocrx_word' id='word_1_619' title='bbox 3179 3535 3271 3586; x_wconf 92' lang='lat' dir='ltr'><strong>llic</strong></span> <span class='ocrx_word' id='word_1_620' title='bbox 3314 3536 3454 3610; x_wconf 64' lang='lat' dir='ltr'><strong>enim</strong></span> 
     </span>
    </p>
   </div>
   <div class='ocr_carea' id='block_1_86' title="bbox 1874 3602 3461 3680">
    <p class='ocr_par' dir='ltr' id='par_1_86' title="bbox 1874 3602 3461 3680">
     <span class='ocr_line' id='line_1_86' title="bbox 1874 3602 3461 3680; baseline -0.005 -14"><span class='ocrx_word' id='word_1_621' title='bbox 1874 3602 2134 3680; x_wconf 70' lang='lat' dir='ltr'><strong>scriptor,</strong></span> <span class='ocrx_word' id='word_1_622' title='bbox 2169 3602 2648 3674; x_wconf 48' lang='lat' dir='ltr'><strong>etiamsi&#39;aliquam</strong></span> <span class='ocrx_word' id='word_1_623' title='bbox 2677 3608 2993 3680; x_wconf 77' lang='lat' dir='ltr'><strong>eloquentia:</strong></span> <span class='ocrx_word' id='word_1_624' title='bbox 3041 3617 3092 3657; x_wconf 87' lang='lat' dir='ltr'><strong>et</strong></span> <span class='ocrx_word' id='word_1_625' title='bbox 3139 3602 3461 3680; x_wconf 63' lang='lat' dir='ltr'><strong>inientionis</strong></span> 
     </span>
    </p>
   </div>
   <div class='ocr_carea' id='block_1_87' title="bbox 1873 3675 3458 3751">
    <p class='ocr_par' dir='ltr' id='par_1_87' title="bbox 1873 3675 3458 3751">
     <span class='ocr_line' id='line_1_87' title="bbox 1873 3675 3458 3751; baseline -0.007 -14"><span class='ocrx_word' id='word_1_626' title='bbox 1873 3675 2104 3751; x_wconf 76' lang='lat' dir='ltr'><strong>speciem</strong></span> <span class='ocrx_word' id='word_1_627' title='bbox 2129 3690 2412 3746; x_wconf 85' lang='lat' dir='ltr'><strong>utcumque</strong></span> <span class='ocrx_word' id='word_1_628' title='bbox 2435 3682 2621 3751; x_wconf 81' lang='lat' dir='ltr'><strong>saltem</strong></span> <span class='ocrx_word' id='word_1_629' title='bbox 2647 3693 2752 3745; x_wconf 69' lang='lat' dir='ltr'><strong>pra:</strong></span> <span class='ocrx_word' id='word_1_630' title='bbox 2774 3692 2831 3729; x_wconf 91' lang='lat' dir='ltr'><strong>se</strong></span> <span class='ocrx_word' id='word_1_631' title='bbox 2854 3677 2985 3728; x_wconf 82' lang='lat' dir='ltr'><strong>ferat</strong></span> <span class='ocrx_word' id='word_1_632' title='bbox 3009 3715 3034 3751; x_wconf 80' lang='lat'><strong>,_</strong></span> <span class='ocrx_word' id='word_1_633' title='bbox 3050 3675 3458 3751; x_wconf 76' lang='lat' dir='ltr'><strong>pueriliamulta</strong></span> 
     </span>
    </p>
   </div>
   <div class='ocr_carea' id='block_1_88' title="bbox 1875 3745 3457 3816">
    <p class='ocr_par' dir='ltr' id='par_1_88' title="bbox 1875 3745 3457 3816">
     <span class='ocr_line' id='line_1_88' title="bbox 1875 3745 3457 3816; baseline -0.008 -10"><span class='ocrx_word' id='word_1_634' title='bbox 1875 3745 2132 3806; x_wconf 75' lang='lat' dir='ltr'><strong>admiscet</strong></span> <span class='ocrx_word' id='word_1_635' title='bbox 2172 3767 2184 3801; x_wconf 93' lang='lat'><strong>:</strong></span> <span class='ocrx_word' id='word_1_636' title='bbox 2241 3745 2486 3816; x_wconf 24' lang='lat' dir='ltr'><strong>ne’quid</strong></span> <span class='ocrx_word' id='word_1_637' title='bbox 2535 3758 2711 3800; x_wconf 86' lang='lat' dir='ltr'><strong>tamen</strong></span> <span class='ocrx_word' id='word_1_638' title='bbox 2771 3746 3176 3813; x_wconf 55' lang='lat' dir='ltr'><strong>prietermisisse</strong></span> <span class='ocrx_word' id='word_1_639' title='bbox 3238 3745 3457 3806; x_wconf 83' lang='lat' dir='ltr'><strong>\idear,</strong></span> 
     </span>
    </p>
   </div>
   <div class='ocr_carea' id='block_1_89' title="bbox 1875 3815 3234 3884">
    <p class='ocr_par' dir='ltr' id='par_1_89' title="bbox 1875 3815 3234 3884">
     <span class='ocr_line' id='line_1_89' title="bbox 1875 3815 3234 3884; baseline -0.011 -7"><span class='ocrx_word' id='word_1_640' title='bbox 1875 3839 1990 3878; x_wconf 90' lang='lat' dir='ltr'><strong>eam</strong></span> <span class='ocrx_word' id='word_1_641' title='bbox 2034 3821 2220 3874; x_wconf 83' lang='lat' dir='ltr'><strong>Latine</strong></span> <span class='ocrx_word' id='word_1_642' title='bbox 2247 3815 2556 3873; x_wconf 62' lang='lat' dir='ltr'><strong>translatam</strong></span> <span class='ocrx_word' id='word_1_643' title='bbox 2590 3819 2727 3870; x_wconf 92' lang='lat' dir='ltr'><strong>inter</strong></span> <span class='ocrx_word' id='word_1_644' title='bbox 2755 3818 2943 3884; x_wconf 78' lang='lat' dir='ltr'><strong>Spuria</strong></span> <span class='ocrx_word' id='word_1_645' title='bbox 2973 3815 3234 3882; x_wconf 74' lang='lat' dir='ltr'><strong>ablegari.</strong></span> 
     </span>
    </p>
   </div>
   <div class='ocr_carea' id='block_1_90' title="bbox 3236 3945 3458 3959">
    <p class='ocr_par' dir='ltr' id='par_1_90' title="bbox 3236 3945 3458 3959">
     <span class='ocr_line' id='line_1_90' title="bbox 3236 3945 3458 3959; baseline 0 -3"><span class='ocrx_word' id='word_1_646' title='bbox 3236 3945 3458 3959; x_wconf 44' lang='grc' dir='ltr'><strong>ρ--ή</strong></span> 
     </span>
    </p>
   </div>
   <div class='ocr_carea' id='block_1_91' title="bbox 181 4034 3455 4110">
    <p class='ocr_par' dir='ltr' id='par_1_91' title="bbox 181 4034 3455 4110">
     <span class='ocr_line' id='line_1_91' title="bbox 181 4034 3455 4110; baseline -0.007 -11"><span class='ocrx_word' id='word_1_647' title='bbox 181 4056 354 4110; x_wconf 82' lang='lat' dir='ltr'><strong>QUOD</strong></span> <span class='ocrx_word' id='word_1_648' title='bbox 400 4055 522 4096; x_wconf 77' lang='lat' dir='ltr'><strong>NON</strong></span> <span class='ocrx_word' id='word_1_649' title='bbox 566 4055 665 4097; x_wconf 86' lang='lat' dir='ltr'><strong>SIT</strong></span> <span class='ocrx_word' id='word_1_650' title='bbox 727 4053 1152 4095; x_wconf 74' lang='lat' dir='ltr'><strong>ACCEDENDUM</strong></span> <span class='ocrx_word' id='word_1_651' title='bbox 1197 4053 1280 4092; x_wconf 77' lang='lat' dir='ltr'><strong>AD</strong></span> <span class='ocrx_word' id='word_1_652' title='bbox 1323 4051 1657 4103; x_wconf 76' lang='lat' dir='ltr'><strong>THEATRA,</strong></span> <span class='ocrx_word' id='word_1_653' title='bbox 1715 4046 2012 4100; x_wconf 85' lang='lat' dir='ltr'><strong>QUODQUE</strong></span> <span class='ocrx_word' id='word_1_654' title='bbox 2056 4045 2122 4086; x_wconf 78' lang='lat' dir='ltr'><strong>ID</strong></span> <span class='ocrx_word' id='word_1_655' title='bbox 2176 4041 2376 4084; x_wconf 68' lang='grc' dir='ltr'><strong>ΡιΑΝΕ</strong></span> <span class='ocrx_word' id='word_1_656' title='bbox 2432 4037 2804 4081; x_wconf 70' lang='grc' dir='ltr'><strong>Αυυιτιειιοδ</strong></span> <span class='ocrx_word' id='word_1_657' title='bbox 2864 4035 3160 4076; x_wconf 74' lang='lat' dir='ltr'><strong>REDDERE</strong></span> <span class='ocrx_word' id='word_1_658' title='bbox 3220 4034 3455 4076; x_wconf 76' lang='lat' dir='ltr'><strong>SOLEAT</strong></span> 
     </span>
    </p>
   </div>
   <div class='ocr_carea' id='block_1_92' title="bbox 521 4136 3088 4208">
    <p class='ocr_par' dir='ltr' id='par_1_92' title="bbox 521 4136 3088 4208">
     <span class='ocr_line' id='line_1_92' title="bbox 521 4136 3088 4208; baseline -0.009 -10"><span class='ocrx_word' id='word_1_659' title='bbox 521 4153 977 4208; x_wconf 74' lang='lat' dir='ltr'><strong>SPECTATOBES,</strong></span> <span class='ocrx_word' id='word_1_660' title='bbox 1022 4152 1248 4203; x_wconf 76' lang='lat' dir='ltr'><strong>SITQUE</strong></span> <span class='ocrx_word' id='word_1_661' title='bbox 1292 4149 1751 4193; x_wconf 74' lang='lat' dir='ltr'><strong>DISSENSIONUM</strong></span> <span class='ocrx_word' id='word_1_662' title='bbox 1797 4146 1870 4190; x_wconf 79' lang='lat' dir='ltr'><strong>AC</strong></span> <span class='ocrx_word' id='word_1_663' title='bbox 1915 4145 2138 4186; x_wconf 82' lang='lat' dir='ltr'><strong>LITIUM</strong></span> <span class='ocrx_word' id='word_1_664' title='bbox 2182 4143 2419 4191; x_wconf 76' lang='lat' dir='ltr'><strong>CAUSA;</strong></span> <span class='ocrx_word' id='word_1_665' title='bbox 2467 4141 2544 4181; x_wconf 83' lang='grc' dir='ltr'><strong>ΕΤ</strong></span> <span class='ocrx_word' id='word_1_666' title='bbox 2588 4141 2670 4180; x_wconf 82' lang='lat' dir='ltr'><strong>DE</strong></span> <span class='ocrx_word' id='word_1_667' title='bbox 2715 4136 3088 4180; x_wconf 77' lang='lat' dir='ltr'><strong>ABBAUAMO.</strong></span> 
     </span>
    </p>
   </div>
   <div class='ocr_carea' id='block_1_93' title="bbox 255 4413 1766 4496">
    <p class='ocr_par' dir='ltr' id='par_1_93' title="bbox 255 4413 1766 4496">
     <span class='ocr_line' id='line_1_93' title="bbox 255 4413 1766 4496; baseline -0.017 -5"><span class='ocrx_word' id='word_1_668' title='bbox 255 4439 307 4491; x_wconf 77' lang='grc'><strong>1.</strong></span> <span class='ocrx_word' id='word_1_669' title='bbox 349 4433 536 4487; x_wconf 83' lang='lat' dir='ltr'><strong>Multos</strong></span> <span class='ocrx_word' id='word_1_670' title='bbox 561 4435 686 4496; x_wconf 88' lang='lat' dir='ltr'><strong>puto</strong></span> <span class='ocrx_word' id='word_1_671' title='bbox 712 4437 895 4496; x_wconf 86' lang='lat' dir='ltr'><strong>eorum</strong></span> <span class='ocrx_word' id='word_1_672' title='bbox 921 4461 933 4483; x_wconf 91' lang='lat'><strong>,</strong></span> <span class='ocrx_word' id='word_1_673' title='bbox 963 4419 1049 4496; x_wconf 84' lang='lat' dir='ltr'><strong>qui</strong></span> <span class='ocrx_word' id='word_1_674' title='bbox 1081 4432 1176 4470; x_wconf 88' lang='lat' dir='ltr'><strong>nos</strong></span> <span class='ocrx_word' id='word_1_675' title='bbox 1218 4428 1386 4481; x_wconf 89' lang='lat' dir='ltr'><strong>nuper</strong></span> <span class='ocrx_word' id='word_1_676' title='bbox 1412 4413 1766 4496; x_wconf 77' lang='lat' dir='ltr'><strong>deseruerunt</strong></span> 
     </span>
    </p>
   </div>
   <div class='ocr_carea' id='block_1_94' title="bbox 179 4485 1761 4566">
    <p class='ocr_par' dir='ltr' id='par_1_94' title="bbox 179 4485 1761 4566">
     <span class='ocr_line' id='line_1_94' title="bbox 179 4485 1761 4566; baseline -0.019 -3"><span class='ocrx_word' id='word_1_677' title='bbox 179 4516 238 4563; x_wconf 89' lang='lat' dir='ltr'><strong>et</strong></span> <span class='ocrx_word' id='word_1_678' title='bbox 259 4485 448 4559; x_wconf 81' lang='lat' dir='ltr'><strong>illa</strong></span> <span class='ocrx_word' id='word_1_679' title='bbox 479 4485 765 4566; x_wconf 73' lang='lat' dir='ltr'><strong>iniquitatis</strong></span> <span class='ocrx_word' id='word_1_680' title='bbox 812 4485 1198 4566; x_wconf 22' lang='grc' dir='ltr'>ιιιιξιιιιςιιιρίιιτει</span> <span class='ocrx_word' id='word_1_681' title='bbox 1245 4491 1625 4566; x_wconf 80' lang='lat' dir='ltr'><strong>accesserunt,</strong></span> <span class='ocrx_word' id='word_1_682' title='bbox 1664 4485 1761 4563; x_wconf 78' lang='lat' dir='ltr'><strong>ho-</strong></span> 
     </span>
    </p>
   </div>
   <div class='ocr_carea' id='block_1_95' title="bbox 178 4553 1764 4634">
    <p class='ocr_par' dir='ltr' id='par_1_95' title="bbox 178 4553 1764 4634">
     <span class='ocr_line' id='line_1_95' title="bbox 178 4553 1764 4634; baseline -0.016 -3"><span class='ocrx_word' id='word_1_683' title='bbox 178 4553 506 4632; x_wconf 37' lang='lat' dir='ltr'><strong>dieﬁadesse.</strong></span> <span class='ocrx_word' id='word_1_684' title='bbox 541 4553 898 4634; x_wconf 70' lang='lat' dir='ltr'><strong>Uptaremque</strong></span> <span class='ocrx_word' id='word_1_685' title='bbox 929 4560 1046 4612; x_wconf 83' lang='lat' dir='ltr'><strong>illus</strong></span> <span class='ocrx_word' id='word_1_686' title='bbox 1075 4558 1216 4610; x_wconf 85' lang='lat' dir='ltr'><strong>clare</strong></span> <span class='ocrx_word' id='word_1_687' title='bbox 1245 4569 1420 4616; x_wconf 75' lang='lat' dir='ltr'><strong>nosse,</strong></span> <span class='ocrx_word' id='word_1_688' title='bbox 1459 4563 1514 4605; x_wconf 94' lang='grc' dir='ltr'><strong>ιιι</strong></span> <span class='ocrx_word' id='word_1_689' title='bbox 1549 4568 1578 4605; x_wconf 89' lang='lat' dir='ltr'><strong>a</strong></span> <span class='ocrx_word' id='word_1_690' title='bbox 1599 4553 1764 4606; x_wconf 86' lang='lat' dir='ltr'><strong>sacris</strong></span> 
     </span>
    </p>
   </div>
   <div class='ocr_carea' id='block_1_96' title="bbox 179 4634 1764 4704">
    <p class='ocr_par' dir='ltr' id='par_1_96' title="bbox 179 4634 1764 4704">
     <span class='ocr_line' id='line_1_96' title="bbox 179 4634 1764 4704; baseline -0.025 -4"><span class='ocrx_word' id='word_1_691' title='bbox 179 4644 455 4702; x_wconf 86' lang='lat' dir='ltr'><strong>liminibus</strong></span> <span class='ocrx_word' id='word_1_692' title='bbox 494 4635 846 4704; x_wconf 62' lang='lat' dir='ltr'><strong>expelleretur,</strong></span> <span class='ocrx_word' id='word_1_693' title='bbox 899 4645 1002 4681; x_wconf 89' lang='lat' dir='ltr'><strong>non</strong></span> <span class='ocrx_word' id='word_1_694' title='bbox 1038 4637 1104 4704; x_wconf 81' lang='lat' dir='ltr'><strong>ut_</strong></span> <span class='ocrx_word' id='word_1_695' title='bbox 1136 4640 1346 4704; x_wconf 82' lang='lat' dir='ltr'><strong>semper</strong></span> <span class='ocrx_word' id='word_1_696' title='bbox 1387 4634 1534 4704; x_wconf 48' lang='lat' dir='ltr'><strong>citra</strong></span> <span class='ocrx_word' id='word_1_697' title='bbox 1580 4638 1764 4704; x_wconf 52' lang='lat' dir='ltr'><strong>inane-</strong></span> 
     </span>
    </p>
   </div>
   <div class='ocr_carea' id='block_1_97' title="bbox 181 4692 1765 4779">
    <p class='ocr_par' dir='ltr' id='par_1_97' title="bbox 181 4692 1765 4779">
     <span class='ocr_line' id='line_1_97' title="bbox 181 4692 1765 4779; baseline -0.015 -9"><span class='ocrx_word' id='word_1_698' title='bbox 479 4692 840 4779; x_wconf 11' lang='lat' dir='ltr'><strong>utieinendati.‘</strong></span> <span class='ocrx_word' id='word_1_699' title='bbox 869 4713 1052 4752; x_wconf 90' lang='lat' dir='ltr'><strong>rursus</strong></span> <span class='ocrx_word' id='word_1_700' title='bbox 1095 4697 1370 4779; x_wconf 69' lang='lat' dir='ltr'><strong>intrarent.</strong></span> <span class='ocrx_word' id='word_1_701' title='bbox 1417 4692 1765 4779; x_wconf 81' lang='lat' dir='ltr'><strong>Quandoqui-</strong></span> 
     </span>
    </p>
   </div>
   <div class='ocr_carea' id='block_1_98' title="bbox 179 4765 1764 4848">
    <p class='ocr_par' dir='ltr' id='par_1_98' title="bbox 179 4765 1764 4848">
     <span class='ocr_line' id='line_1_98' title="bbox 179 4765 1764 4848; baseline -0.027 -7"><span class='ocrx_word' id='word_1_702' title='bbox 179 4765 513 4848; x_wconf 68' lang='lat' dir='ltr'><strong>patres</strong></span> <span class='ocrx_word' id='word_1_703' title='bbox 541 4777 716 4842; x_wconf 87' lang='lat' dir='ltr'><strong>lapsos</strong></span> <span class='ocrx_word' id='word_1_704' title='bbox 767 4771 902 4848; x_wconf 78' lang='lat' dir='ltr'><strong>ﬁlios</strong></span> <span class='ocrx_word' id='word_1_705' title='bbox 942 4783 1084 4834; x_wconf 65' lang='lat' dir='ltr'><strong>smpe</strong></span> <span class='ocrx_word' id='word_1_706' title='bbox 1112 4781 1140 4848; x_wconf 80' lang='lat' dir='ltr'><strong>e</strong></span> <span class='ocrx_word' id='word_1_707' title='bbox 1171 4766 1331 4848; x_wconf 43' lang='lat' dir='ltr'><strong>do‘mo</strong></span> <span class='ocrx_word' id='word_1_708' title='bbox 1375 4765 1589 4848; x_wconf 52' lang='lat' dir='ltr'><strong>egigni”</strong></span> <span class='ocrx_word' id='word_1_709' title='bbox 1612 4803 1624 4825; x_wconf 61' lang='lat'><strong>,</strong></span> <span class='ocrx_word' id='word_1_710' title='bbox 1656 4773 1707 4815; x_wconf 77' lang='grc' dir='ltr'>ρι</span> 
     </span>
    </p>
   </div>
   <div class='ocr_carea' id='block_1_99' title="bbox 180 4833 1764 4908">
    <p class='ocr_par' dir='ltr' id='par_1_99' title="bbox 180 4833 1764 4908">
     <span class='ocr_line' id='line_1_99' title="bbox 180 4833 1764 4908; baseline -0.011 -5"><span class='ocrx_word' id='word_1_711' title='bbox 180 4833 366 4908; x_wconf 65' lang='grc' dir='ltr'><strong>ἔπ’έῆεῇ</strong></span> <span class='ocrx_word' id='word_1_712' title='bbox 394 4833 608 4905; x_wconf 65' lang='lat' dir='ltr'><strong>arcent,</strong></span> <span class='ocrx_word' id='word_1_713' title='bbox 639 4857 744 4894; x_wconf 88' lang='lat' dir='ltr'><strong>non</strong></span> <span class='ocrx_word' id='word_1_714' title='bbox 771 4841 921 4891; x_wconf 90' lang='lat' dir='ltr'><strong>utsic</strong></span> <span class='ocrx_word' id='word_1_715' title='bbox 951 4833 1205 4908; x_wconf 84' lang='lat' dir='ltr'><strong>perpetuo</strong></span> <span class='ocrx_word' id='word_1_716' title='bbox 1237 4835 1316 4886; x_wconf 91' lang='lat' dir='ltr'><strong>his</strong></span> <span class='ocrx_word' id='word_1_717' title='bbox 1344 4835 1641 4908; x_wconf 78' lang='lat' dir='ltr'><strong>privcntur,</strong></span> <span class='ocrx_word' id='word_1_718' title='bbox 1673 4833 1764 4885; x_wconf 90' lang='lat' dir='ltr'><strong>sed</strong></span> 
     </span>
    </p>
   </div>
   <div class='ocr_carea' id='block_1_100' title="bbox 181 4903 1764 4983">
    <p class='ocr_par' dir='ltr' id='par_1_100' title="bbox 181 4903 1764 4983">
     <span class='ocr_line' id='line_1_100' title="bbox 181 4903 1764 4983; baseline -0.015 -6"><span class='ocrx_word' id='word_1_719' title='bbox 181 4903 366 4978; x_wconf 60' lang='grc' dir='ltr'><strong>ὗῖιιέο</strong></span> <span class='ocrx_word' id='word_1_720' title='bbox 387 4903 728 4983; x_wconf 82' lang='lat' dir='ltr'><strong>castigatione</strong></span> <span class='ocrx_word' id='word_1_721' title='bbox 753 4911 816 4960; x_wconf 90' lang='lat' dir='ltr'><strong>ad</strong></span> <span class='ocrx_word' id='word_1_722' title='bbox 849 4903 1120 4983; x_wconf 77' lang='lat' dir='ltr'><strong>meliorem</strong></span> <span class='ocrx_word' id='word_1_723' title='bbox 1155 4905 1353 4983; x_wconf 75' lang='lat' dir='ltr'><strong>frugem</strong></span> <span class='ocrx_word' id='word_1_724' title='bbox 1381 4903 1612 4983; x_wconf 76' lang='lat' dir='ltr'><strong>redacti,</strong></span> <span class='ocrx_word' id='word_1_725' title='bbox 1645 4918 1764 4956; x_wconf 90' lang='lat' dir='ltr'><strong>cum</strong></span> 
     </span>
    </p>
   </div>
   <div class='ocr_carea' id='block_1_101' title="bbox 183 4974 1766 5063">
    <p class='ocr_par' dir='ltr' id='par_1_101' title="bbox 183 4974 1766 5063">
     <span class='ocr_line' id='line_1_101' title="bbox 183 4974 1766 5063; baseline -0.001 1"><span class='ocrx_word' id='word_1_726' title='bbox 183 4974 296 5063; x_wconf 62' lang='lat' dir='ltr'><strong>iniri</strong></span> <span class='ocrx_word' id='word_1_727' title='bbox 329 4974 855 5063; x_wconf 61' lang='grc' dir='ltr'><strong>αοεοτεῖιιοηοτςείιυε</strong></span> <span class='ocrx_word' id='word_1_728' title='bbox 883 4977 948 5063; x_wconf 51' lang='grc' dir='ltr'>φά</span> <span class='ocrx_word' id='word_1_729' title='bbox 984 4985 1274 5063; x_wconf 56' lang='grc' dir='ltr'><strong>νὲιιίξϊιὲνη.</strong></span> <span class='ocrx_word' id='word_1_730' title='bbox 1296 4974 1646 5063; x_wconf 50' lang='lat'><strong>&#39;10:&quot;?91‘3‘9&#39;1&#39;</strong></span> <span class='ocrx_word' id='word_1_731' title='bbox 1683 4987 1766 5063; x_wconf 73' lang='lat' dir='ltr'><strong>re:</strong></span> 
     </span>
    </p>
   </div>
   <div class='ocr_carea' id='block_1_102' title="bbox 181 5043 1764 5116">
    <p class='ocr_par' dir='ltr' id='par_1_102' title="bbox 181 5043 1764 5116">
     <span class='ocr_line' id='line_1_102' title="bbox 181 5043 1764 5116; baseline -0.013 -2"><span class='ocrx_word' id='word_1_732' title='bbox 181 5043 479 5116; x_wconf 53' lang='lat' dir='ltr'><strong>vertantur.</strong></span> <span class='ocrx_word' id='word_1_733' title='bbox 540 5054 650 5105; x_wconf 91' lang='lat' dir='ltr'><strong>lloc</strong></span> <span class='ocrx_word' id='word_1_734' title='bbox 693 5060 747 5103; x_wconf 87' lang='lat' dir='ltr'><strong>et</strong></span> <span class='ocrx_word' id='word_1_735' title='bbox 772 5043 1032 5116; x_wconf 65' lang='lat' dir='ltr'><strong>pastores</strong></span> <span class='ocrx_word' id='word_1_736' title='bbox 1066 5047 1280 5116; x_wconf 69' lang='lat' dir='ltr'><strong>iaciunt</strong></span> <span class='ocrx_word' id='word_1_737' title='bbox 1321 5061 1332 5093; x_wconf 91' lang='lat'><strong>:</strong></span> <span class='ocrx_word' id='word_1_738' title='bbox 1365 5044 1546 5116; x_wconf 81' lang='lat' dir='ltr'><strong>scabie</strong></span> <span class='ocrx_word' id='word_1_739' title='bbox 1581 5043 1764 5110; x_wconf 87' lang='lat' dir='ltr'><strong>plenas</strong></span> 
     </span>
    </p>
   </div>
   <div class='ocr_carea' id='block_1_103' title="bbox 179 5113 1765 5188">
    <p class='ocr_par' dir='ltr' id='par_1_103' title="bbox 179 5113 1765 5188">
     <span class='ocr_line' id='line_1_103' title="bbox 179 5113 1765 5188; baseline -0.02 -2"><span class='ocrx_word' id='word_1_740' title='bbox 179 5113 313 5185; x_wconf 65' lang='lat' dir='ltr'><strong>oves</strong></span> <span class='ocrx_word' id='word_1_741' title='bbox 343 5145 368 5180; x_wconf 91' lang='lat' dir='ltr'><strong>a</strong></span> <span class='ocrx_word' id='word_1_742' title='bbox 401 5125 545 5180; x_wconf 86' lang='lat' dir='ltr'><strong>sanis</strong></span> <span class='ocrx_word' id='word_1_743' title='bbox 572 5113 925 5188; x_wconf 79' lang='lat' dir='ltr'><strong>sequestram,</strong></span> <span class='ocrx_word' id='word_1_744' title='bbox 961 5127 1015 5167; x_wconf 93' lang='lat' dir='ltr'><strong>ut</strong></span> <span class='ocrx_word' id='word_1_745' title='bbox 1044 5115 1289 5188; x_wconf 85' lang='lat' dir='ltr'><strong>deposito</strong></span> <span class='ocrx_word' id='word_1_746' title='bbox 1320 5113 1504 5165; x_wconf 90' lang='lat' dir='ltr'><strong>morbo</strong></span> <span class='ocrx_word' id='word_1_747' title='bbox 1529 5152 1542 5175; x_wconf 93' lang='lat'><strong>,</strong></span> <span class='ocrx_word' id='word_1_748' title='bbox 1581 5127 1765 5164; x_wconf 81' lang='lat' dir='ltr'><strong>rursus</strong></span> 
     </span>
    </p>
   </div>
   <div class='ocr_carea' id='block_1_104' title="bbox 180 5186 1760 5254">
    <p class='ocr_par' dir='ltr' id='par_1_104' title="bbox 180 5186 1760 5254">
     <span class='ocr_line' id='line_1_104' title="bbox 180 5186 1760 5254; baseline -0.015 0"><span class='ocrx_word' id='word_1_749' title='bbox 180 5201 249 5254; x_wconf 89' lang='lat' dir='ltr'><strong>ad</strong></span> <span class='ocrx_word' id='word_1_750' title='bbox 303 5200 418 5251; x_wconf 90' lang='lat' dir='ltr'><strong>illas</strong></span> <span class='ocrx_word' id='word_1_751' title='bbox 462 5186 820 5248; x_wconf 84' lang='lat' dir='ltr'><strong>reducantur.</strong></span> <span class='ocrx_word' id='word_1_752' title='bbox 868 5203 931 5239; x_wconf 92' lang='lat' dir='ltr'><strong>ne</strong></span> <span class='ocrx_word' id='word_1_753' title='bbox 984 5188 1170 5237; x_wconf 88' lang='lat' dir='ltr'><strong>morbo</strong></span> <span class='ocrx_word' id='word_1_754' title='bbox 1227 5186 1527 5254; x_wconf 84' lang='lat' dir='ltr'><strong>laborantes</strong></span> <span class='ocrx_word' id='word_1_755' title='bbox 1595 5191 1760 5235; x_wconf 90' lang='lat' dir='ltr'><strong>totum</strong></span> 
     </span>
    </p>
   </div>
   <div class='ocr_carea' id='block_1_105' title="bbox 179 5253 1761 5340">
    <p class='ocr_par' dir='ltr' id='par_1_105' title="bbox 179 5253 1761 5340">
     <span class='ocr_line' id='line_1_105' title="bbox 179 5253 1761 5340; baseline -0.011 -20"><span class='ocrx_word' id='word_1_756' title='bbox 179 5253 395 5340; x_wconf 67' lang='lat' dir='ltr'><strong>gregem</strong></span> <span class='ocrx_word' id='word_1_757' title='bbox 427 5265 683 5340; x_wconf 79' lang='lat' dir='ltr'><strong>inﬁciant.</strong></span> <span class='ocrx_word' id='word_1_758' title='bbox 735 5257 936 5336; x_wconf 80' lang='lat' dir='ltr'><strong>Idcirco</strong></span> <span class='ocrx_word' id='word_1_759' title='bbox 987 5271 1082 5308; x_wconf 83' lang='lat' dir='ltr'><strong>nos</strong></span> <span class='ocrx_word' id='word_1_760' title='bbox 1107 5255 1367 5340; x_wconf 53' lang='lat' dir='ltr'><strong>vellemus</strong></span> <span class='ocrx_word' id='word_1_761' title='bbox 1415 5253 1531 5306; x_wconf 91' lang='lat' dir='ltr'><strong>illos</strong></span> <span class='ocrx_word' id='word_1_762' title='bbox 1560 5267 1717 5304; x_wconf 91' lang='lat' dir='ltr'><strong>nosse</strong></span> <span class='ocrx_word' id='word_1_763' title='bbox 1750 5269 1761 5303; x_wconf 92' lang='lat'>:</span> 
     </span>
    </p>
   </div>
   <div class='ocr_carea' id='block_1_106' title="bbox 180 5323 1764 5394">
    <p class='ocr_par' dir='ltr' id='par_1_106' title="bbox 180 5323 1764 5394">
     <span class='ocr_line' id='line_1_106' title="bbox 180 5323 1764 5394; baseline 0 -22"><span class='ocrx_word' id='word_1_764' title='bbox 180 5323 511 5393; x_wconf 52' lang='lat' dir='ltr'><strong>§c(i‘}:liall,si</strong></span> <span class='ocrx_word' id='word_1_765' title='bbox 542 5334 656 5383; x_wconf 66' lang='lat' dir='ltr'><strong>mos</strong></span> <span class='ocrx_word' id='word_1_766' title='bbox 687 5327 958 5394; x_wconf 78' lang='lat' dir='ltr'><strong>curpttl‘cis</strong></span> <span class='ocrx_word' id='word_1_767' title='bbox 1002 5325 1169 5377; x_wconf 85' lang='lat' dir='ltr'><strong>oculis</strong></span> <span class='ocrx_word' id='word_1_768' title='bbox 1205 5323 1510 5376; x_wconf 78' lang='lat' dir='ltr'><strong>discernere</strong></span> <span class='ocrx_word' id='word_1_769' title='bbox 1543 5339 1646 5374; x_wconf 90' lang='lat' dir='ltr'><strong>non</strong></span> <span class='ocrx_word' id='word_1_770' title='bbox 1677 5338 1764 5373; x_wconf 86' lang='lat' dir='ltr'><strong>va-</strong></span> 
     </span>
    </p>
   </div>
   <div class='ocr_carea' id='block_1_107' title="bbox 184 5396 1766 5470">
    <p class='ocr_par' dir='ltr' id='par_1_107' title="bbox 184 5396 1766 5470">
     <span class='ocr_line' id='line_1_107' title="bbox 184 5396 1766 5470; baseline -0.014 -7"><span class='ocrx_word' id='word_1_771' title='bbox 184 5412 420 5470; x_wconf 90' lang='lat' dir='ltr'><strong>leamus,</strong></span> <span class='ocrx_word' id='word_1_772' title='bbox 455 5419 631 5457; x_wconf 86' lang='lat' dir='ltr'><strong>sermo</strong></span> <span class='ocrx_word' id='word_1_773' title='bbox 669 5401 784 5451; x_wconf 89' lang='lat' dir='ltr'><strong>illos</strong></span> <span class='ocrx_word' id='word_1_774' title='bbox 817 5398 995 5470; x_wconf 81' lang='lat' dir='ltr'><strong>utique</strong></span> <span class='ocrx_word' id='word_1_775' title='bbox 1047 5396 1353 5470; x_wconf 70' lang='lat' dir='ltr'><strong>dignoscet,</strong></span> <span class='ocrx_word' id='word_1_776' title='bbox 1402 5403 1454 5444; x_wconf 89' lang='lat' dir='ltr'><strong>et</strong></span> <span class='ocrx_word' id='word_1_777' title='bbox 1482 5409 1663 5470; x_wconf 81' lang='lat' dir='ltr'><strong>eorum</strong></span> <span class='ocrx_word' id='word_1_778' title='bbox 1692 5402 1766 5442; x_wconf 91' lang='lat' dir='ltr'><strong>ta-</strong></span> 
     </span>
    </p>
   </div>
   <div class='ocr_carea' id='block_1_108' title="bbox 181 5462 1764 5533">
    <p class='ocr_par' dir='ltr' id='par_1_108' title="bbox 181 5462 1764 5533">
     <span class='ocr_line' id='line_1_108' title="bbox 181 5462 1764 5533; baseline -0.014 0"><span class='ocrx_word' id='word_1_779' title='bbox 181 5462 265 5533; x_wconf 82' lang='lat' dir='ltr'><strong>cta</strong></span> <span class='ocrx_word' id='word_1_780' title='bbox 297 5462 619 5531; x_wconf 80' lang='lat' dir='ltr'><strong>conscientia</strong></span> <span class='ocrx_word' id='word_1_781' title='bbox 656 5462 1029 5521; x_wconf 30' lang='lat' dir='ltr'><strong>suadebit&#39;illis</strong></span> <span class='ocrx_word' id='word_1_782' title='bbox 1064 5478 1115 5515; x_wconf 91' lang='lat' dir='ltr'><strong>tll</strong></span> <span class='ocrx_word' id='word_1_783' title='bbox 1149 5463 1525 5533; x_wconf 81' lang='lat' dir='ltr'><strong>egrediantur,</strong></span> <span class='ocrx_word' id='word_1_784' title='bbox 1567 5462 1764 5514; x_wconf 88' lang='lat' dir='ltr'><strong>docens</strong></span> 
     </span>
    </p>
   </div>
   <div class='ocr_carea' id='block_1_109' title="bbox 183 5532 1767 5603">
    <p class='ocr_par' dir='ltr' id='par_1_109' title="bbox 183 5532 1767 5603">
     <span class='ocr_line' id='line_1_109' title="bbox 183 5532 1767 5603; baseline -0.015 0"><span class='ocrx_word' id='word_1_785' title='bbox 183 5532 331 5603; x_wconf 87' lang='lat' dir='ltr'><strong>illum</strong></span> <span class='ocrx_word' id='word_1_786' title='bbox 362 5545 533 5598; x_wconf 86' lang='lat' dir='ltr'><strong>solum</strong></span> <span class='ocrx_word' id='word_1_787' title='bbox 582 5543 720 5592; x_wconf 90' lang='lat' dir='ltr'><strong>intus</strong></span> <span class='ocrx_word' id='word_1_788' title='bbox 764 5553 916 5596; x_wconf 79' lang='lat' dir='ltr'><strong>esse,</strong></span> <span class='ocrx_word' id='word_1_789' title='bbox 969 5536 1056 5602; x_wconf 90' lang='lat' dir='ltr'><strong>qui</strong></span> <span class='ocrx_word' id='word_1_790' title='bbox 1100 5535 1315 5600; x_wconf 87' lang='lat' dir='ltr'><strong>dignum</strong></span> <span class='ocrx_word' id='word_1_791' title='bbox 1363 5533 1462 5584; x_wconf 88' lang='lat' dir='ltr'><strong>hoc</strong></span> <span class='ocrx_word' id='word_1_792' title='bbox 1489 5532 1606 5603; x_wconf 83' lang='lat' dir='ltr'><strong>loco</strong></span> <span class='ocrx_word' id='word_1_793' title='bbox 1629 5533 1767 5599; x_wconf 89' lang='lat' dir='ltr'><strong>gerit</strong></span> 
     </span>
    </p>
   </div>
   <div class='ocr_carea' id='block_1_110' title="bbox 183 5602 1765 5675">
    <p class='ocr_par' dir='ltr' id='par_1_110' title="bbox 183 5602 1765 5675">
     <span class='ocr_line' id='line_1_110' title="bbox 183 5602 1765 5675; baseline -0.011 -4"><span class='ocrx_word' id='word_1_794' title='bbox 183 5602 455 5675; x_wconf 83' lang='lat' dir='ltr'><strong>animum;</strong></span> <span class='ocrx_word' id='word_1_795' title='bbox 501 5611 650 5664; x_wconf 88' lang='lat' dir='ltr'><strong>illum</strong></span> <span class='ocrx_word' id='word_1_796' title='bbox 683 5623 806 5659; x_wconf 90' lang='lat' dir='ltr'><strong>vero</strong></span> <span class='ocrx_word' id='word_1_797' title='bbox 855 5606 942 5674; x_wconf 88' lang='lat' dir='ltr'><strong>qui</strong></span> <span class='ocrx_word' id='word_1_798' title='bbox 990 5604 1252 5675; x_wconf 74' lang='lat' dir='ltr'><strong>corruptis</strong></span> <span class='ocrx_word' id='word_1_799' title='bbox 1282 5603 1516 5675; x_wconf 81' lang='lat' dir='ltr'><strong>moribus</strong></span> <span class='ocrx_word' id='word_1_800' title='bbox 1565 5602 1614 5653; x_wconf 92' lang='lat' dir='ltr'><strong>in</strong></span> <span class='ocrx_word' id='word_1_801' title='bbox 1666 5604 1765 5653; x_wconf 85' lang='lat' dir='ltr'><strong>hoc</strong></span> 
     </span>
    </p>
   </div>
   <div class='ocr_carea' id='block_1_111' title="bbox 184 5672 1762 5742">
    <p class='ocr_par' dir='ltr' id='par_1_111' title="bbox 184 5672 1762 5742">
     <span class='ocr_line' id='line_1_111' title="bbox 184 5672 1762 5742; baseline -0.014 0"><span class='ocrx_word' id='word_1_802' title='bbox 184 5699 324 5742; x_wconf 59' lang='lat' dir='ltr'><strong>cuitu</strong></span> <span class='ocrx_word' id='word_1_803' title='bbox 379 5672 620 5737; x_wconf 57' lang='lat' dir='ltr'><strong>Versatur</strong></span> <span class='ocrx_word' id='word_1_804' title='bbox 644 5720 657 5738; x_wconf 92' lang='lat'><strong>.</strong></span> <span class='ocrx_word' id='word_1_805' title='bbox 712 5672 915 5730; x_wconf 74' lang='lat' dir='ltr'><strong>etiamsi</strong></span> <span class='ocrx_word' id='word_1_806' title='bbox 949 5690 1141 5742; x_wconf 85' lang='lat' dir='ltr'><strong>corpus</strong></span> <span class='ocrx_word' id='word_1_807' title='bbox 1171 5672 1562 5734; x_wconf 71' lang='lat' dir='ltr'><strong>introduxerit,</strong></span> <span class='ocrx_word' id='word_1_808' title='bbox 1591 5682 1762 5722; x_wconf 88' lang='lat' dir='ltr'><strong>tamen</strong></span> 
     </span>
    </p>
   </div>
   <div class='ocr_carea' id='block_1_112' title="bbox 186 5742 1762 5826">
    <p class='ocr_par' dir='ltr' id='par_1_112' title="bbox 186 5742 1762 5826">
     <span class='ocr_line' id='line_1_112' title="bbox 186 5742 1762 5826; baseline -0.011 -15"><span class='ocrx_word' id='word_1_809' title='bbox 186 5756 468 5826; x_wconf 73' lang='lat' dir='ltr'><strong>expellitur</strong></span> <span class='ocrx_word' id='word_1_810' title='bbox 499 5761 553 5805; x_wconf 85' lang='lat' dir='ltr'><strong>et</strong></span> <span class='ocrx_word' id='word_1_811' title='bbox 579 5749 747 5816; x_wconf 82' lang='lat' dir='ltr'><strong>magis</strong></span> <span class='ocrx_word' id='word_1_812' title='bbox 794 5747 1134 5807; x_wconf 86' lang='lat' dir='ltr'><strong>eliminatur,</strong></span> <span class='ocrx_word' id='word_1_813' title='bbox 1186 5759 1341 5811; x_wconf 83' lang='lat' dir='ltr'><strong>quam</strong></span> <span class='ocrx_word' id='word_1_814' title='bbox 1378 5744 1412 5794; x_wconf 93' lang='lat' dir='ltr'><strong>ii</strong></span> <span class='ocrx_word' id='word_1_815' title='bbox 1444 5742 1531 5810; x_wconf 90' lang='lat' dir='ltr'><strong>qui</strong></span> <span class='ocrx_word' id='word_1_816' title='bbox 1562 5742 1762 5793; x_wconf 78' lang='lat' dir='ltr'><strong>exclusi</strong></span> 
     </span>
    </p>
   </div>
   <div class='ocr_carea' id='block_1_113' title="bbox 1763 4291 1870 4346">
    <p class='ocr_par' dir='ltr' id='par_1_113' title="bbox 1763 4291 1870 4346">
     <span class='ocr_line' id='line_1_113' title="bbox 1763 4291 1870 4346; baseline 0 -25"><span class='ocrx_word' id='word_1_817' title='bbox 1763 4291 1870 4346; x_wconf 54' lang='lat' dir='ltr'><strong>EE</strong></span> 
     </span>
    </p>
   </div>
   <div class='ocr_carea' id='block_1_114' title="bbox 1871 4308 2089 4320">
    <p class='ocr_par' dir='ltr' id='par_1_114' title="bbox 1871 4308 2089 4320">
     <span class='ocr_line' id='line_1_114' title="bbox 1871 4308 2089 4320; baseline -0.005 -1"><span class='ocrx_word' id='word_1_818' title='bbox 1871 4308 2089 4320; x_wconf 82' lang='lat'><strong>—-—</strong></span> 
     </span>
    </p>
   </div>
   <div class='ocr_carea' id='block_1_115' title="bbox 1870 4403 3462 4473">
    <p class='ocr_par' dir='ltr' id='par_1_115' title="bbox 1870 4403 3462 4473">
     <span class='ocr_line' id='line_1_115' title="bbox 1870 4403 3462 4473; baseline -0.012 -9"><span class='ocrx_word' id='word_1_819' title='bbox 1870 4417 2026 4473; x_wconf 88' lang='lat' dir='ltr'><strong>sunt,</strong></span> <span class='ocrx_word' id='word_1_820' title='bbox 2057 4421 2119 4460; x_wconf 87' lang='lat' dir='ltr'><strong>ac</strong></span> <span class='ocrx_word' id='word_1_821' title='bbox 2165 4403 2400 4457; x_wconf 91' lang='lat' dir='ltr'><strong>nondum</strong></span> <span class='ocrx_word' id='word_1_822' title='bbox 2435 4407 2722 4473; x_wconf 86' lang='lat' dir='ltr'><strong>potuerunt</strong></span> <span class='ocrx_word' id='word_1_823' title='bbox 2759 4410 2923 4473; x_wconf 73' lang='lat' dir='ltr'><strong>sacra:</strong></span> <span class='ocrx_word' id='word_1_824' title='bbox 2954 4410 3153 4473; x_wconf 74' lang='lat' dir='ltr'><strong>mensae</strong></span> <span class='ocrx_word' id='word_1_825' title='bbox 3183 4405 3462 4473; x_wconf 72' lang='lat' dir='ltr'><strong>consortes</strong></span> 
     </span>
    </p>
   </div>
   <div class='ocr_carea' id='block_1_116' title="bbox 1869 4466 3459 4540">
    <p class='ocr_par' dir='ltr' id='par_1_116' title="bbox 1869 4466 3459 4540">
     <span class='ocr_line' id='line_1_116' title="bbox 1869 4466 3459 4540; baseline -0.01 -6"><span class='ocrx_word' id='word_1_826' title='bbox 1869 4466 2024 4534; x_wconf 42' lang='lat' dir='ltr'><strong>esse;</strong></span> <span class='ocrx_word' id='word_1_827' title='bbox 2055 4477 2131 4531; x_wconf 89' lang='lat' dir='ltr'><strong>Illi</strong></span> <span class='ocrx_word' id='word_1_828' title='bbox 2164 4476 2302 4528; x_wconf 92' lang='lat' dir='ltr'><strong>enim</strong></span> <span class='ocrx_word' id='word_1_829' title='bbox 2336 4466 2752 4540; x_wconf 29' lang='lat' dir='ltr'><strong>qui—secundm):</strong></span> <span class='ocrx_word' id='word_1_830' title='bbox 2796 4467 3018 4540; x_wconf 53' lang='lat' dir='ltr'><strong>divinas</strong></span> <span class='ocrx_word' id='word_1_831' title='bbox 3059 4466 3201 4533; x_wconf 83' lang='lat' dir='ltr'><strong>leges</strong></span> <span class='ocrx_word' id='word_1_832' title='bbox 3251 4466 3459 4531; x_wconf 83' lang='lat' dir='ltr'><strong>expulsi</strong></span> 
     </span>
    </p>
   </div>
   <div class='ocr_carea' id='block_1_117' title="bbox 1871 4535 3453 4603">
    <p class='ocr_par' dir='ltr' id='par_1_117' title="bbox 1871 4535 3453 4603">
     <span class='ocr_line' id='line_1_117' title="bbox 1871 4535 3453 4603; baseline -0.011 0"><span class='ocrx_word' id='word_1_833' title='bbox 1871 4561 1991 4603; x_wconf 85' lang='lat' dir='ltr'><strong>sunt</strong></span> <span class='ocrx_word' id='word_1_834' title='bbox 2015 4559 2067 4602; x_wconf 86' lang='lat' dir='ltr'><strong>et</strong></span> <span class='ocrx_word' id='word_1_835' title='bbox 2094 4555 2238 4601; x_wconf 73' lang='lat' dir='ltr'><strong>extra</strong></span> <span class='ocrx_word' id='word_1_836' title='bbox 2272 4535 2484 4594; x_wconf 64' lang='lat' dir='ltr'><strong>[habent</strong></span> <span class='ocrx_word' id='word_1_837' title='bbox 2508 4580 2522 4603; x_wconf 89' lang='lat'><strong>,</strong></span> <span class='ocrx_word' id='word_1_838' title='bbox 2559 4538 2765 4591; x_wconf 87' lang='lat' dir='ltr'><strong>interim</strong></span> <span class='ocrx_word' id='word_1_839' title='bbox 2802 4551 2974 4590; x_wconf 85' lang='lat' dir='ltr'><strong>tamen</strong></span> <span class='ocrx_word' id='word_1_840' title='bbox 3009 4535 3141 4588; x_wconf 82' lang='lat' dir='ltr'><strong>bona</strong></span> <span class='ocrx_word' id='word_1_841' title='bbox 3171 4550 3264 4601; x_wconf 86' lang='lat' dir='ltr'><strong>spe</strong></span> <span class='ocrx_word' id='word_1_842' title='bbox 3292 4544 3453 4587; x_wconf 72' lang='lat' dir='ltr'><strong>sunt:</strong></span> 
     </span>
    </p>
   </div>
   <div class='ocr_carea' id='block_1_118' title="bbox 1870 4606 3451 4679">
    <p class='ocr_par' dir='ltr' id='par_1_118' title="bbox 1870 4606 3451 4679">
     <span class='ocr_line' id='line_1_118' title="bbox 1870 4606 3451 4679; baseline -0.01 -7"><span class='ocrx_word' id='word_1_843' title='bbox 1870 4622 1911 4672; x_wconf 92' lang='lat' dir='ltr'><strong>si</strong></span> <span class='ocrx_word' id='word_1_844' title='bbox 1945 4621 2084 4672; x_wconf 92' lang='lat' dir='ltr'><strong>enim</strong></span> <span class='ocrx_word' id='word_1_845' title='bbox 2136 4617 2297 4668; x_wconf 91' lang='lat' dir='ltr'><strong>velint</strong></span> <span class='ocrx_word' id='word_1_846' title='bbox 2341 4623 2551 4679; x_wconf 87' lang='lat' dir='ltr'><strong>peccata</strong></span> <span class='ocrx_word' id='word_1_847' title='bbox 2607 4610 2914 4675; x_wconf 73' lang='lat' dir='ltr'><strong>corrigere.</strong></span> <span class='ocrx_word' id='word_1_848' title='bbox 2949 4621 3039 4672; x_wconf 88' lang='lat' dir='ltr'><strong>per</strong></span> <span class='ocrx_word' id='word_1_849' title='bbox 3068 4606 3378 4679; x_wconf 69' lang='lat' dir='ltr'><strong>lita_-lesi_atn,</strong></span> <span class='ocrx_word' id='word_1_850' title='bbox 3423 4622 3451 4656; x_wconf 74' lang='grc' dir='ltr'><strong>ιι</strong></span> 
     </span>
    </p>
   </div>
   <div class='ocr_carea' id='block_1_119' title="bbox 1870 4676 3456 4758">
    <p class='ocr_par' dir='ltr' id='par_1_119' title="bbox 1870 4676 3456 4758">
     <span class='ocr_line' id='line_1_119' title="bbox 1870 4676 3456 4758; baseline -0.011 -16"><span class='ocrx_word' id='word_1_851' title='bbox 1870 4705 1971 4758; x_wconf 91' lang='lat' dir='ltr'><strong>qua</strong></span> <span class='ocrx_word' id='word_1_852' title='bbox 2003 4676 2646 4758; x_wconf 31' lang='lat' dir='ltr'><strong>exciderunt,’potuerunt</strong></span> <span class='ocrx_word' id='word_1_853' title='bbox 2675 4693 2793 4758; x_wconf 86' lang='lat' dir='ltr'><strong>cum</strong></span> <span class='ocrx_word' id='word_1_854' title='bbox 2827 4693 2960 4758; x_wconf 66' lang='lat' dir='ltr'><strong>puni</strong></span> <span class='ocrx_word' id='word_1_855' title='bbox 2985 4676 3310 4758; x_wconf 78' lang='lat' dir='ltr'><strong>conscientia</strong></span> <span class='ocrx_word' id='word_1_856' title='bbox 3336 4690 3456 4752; x_wconf 73' lang='lat' dir='ltr'><strong>rur-</strong></span> 
     </span>
    </p>
   </div>
   <div class='ocr_carea' id='block_1_120' title="bbox 1871 4744 3458 4820">
    <p class='ocr_par' dir='ltr' id='par_1_120' title="bbox 1871 4744 3458 4820">
     <span class='ocr_line' id='line_1_120' title="bbox 1871 4744 3458 4820; baseline -0.01 -8"><span class='ocrx_word' id='word_1_857' title='bbox 1871 4744 1985 4812; x_wconf 53' lang='lat' dir='ltr'><strong>s&#39;um</strong></span> <span class='ocrx_word' id='word_1_858' title='bbox 2021 4758 2214 4811; x_wconf 88' lang='lat' dir='ltr'><strong>redire.</strong></span> <span class='ocrx_word' id='word_1_859' title='bbox 2249 4744 2344 4820; x_wconf 82' lang='lat' dir='ltr'><strong>Qui</strong></span> <span class='ocrx_word' id='word_1_860' title='bbox 2366 4744 2551 4804; x_wconf 75' lang='lat' dir='ltr'><strong>autem</strong></span> <span class='ocrx_word' id='word_1_861' title='bbox 2581 4749 2899 4820; x_wconf 75' lang='lat' dir='ltr'><strong>semetipsos</strong></span> <span class='ocrx_word' id='word_1_862' title='bbox 2930 4746 3286 4820; x_wconf 80' lang='lat' dir='ltr'><strong>deturparuut</strong></span> <span class='ocrx_word' id='word_1_863' title='bbox 3309 4785 3324 4808; x_wconf 84' lang='lat'><strong>,</strong></span> <span class='ocrx_word' id='word_1_864' title='bbox 3349 4744 3458 4810; x_wconf 84' lang='lat' dir='ltr'><strong>jus-</strong></span> 
     </span>
    </p>
   </div>
   <div class='ocr_carea' id='block_1_121' title="bbox 1871 4815 3456 4896">
    <p class='ocr_par' dir='ltr' id='par_1_121' title="bbox 1871 4815 3456 4896">
     <span class='ocr_line' id='line_1_121' title="bbox 1871 4815 3456 4896; baseline -0.01 -15"><span class='ocrx_word' id='word_1_865' title='bbox 1871 4830 2024 4896; x_wconf 73' lang='lat' dir='ltr'><strong>sique</strong></span> <span class='ocrx_word' id='word_1_866' title='bbox 2053 4837 2176 4880; x_wconf 85' lang='lat' dir='ltr'><strong>sunt</strong></span> <span class='ocrx_word' id='word_1_867' title='bbox 2208 4815 2309 4877; x_wconf 73' lang='lat' dir='ltr'><strong>non</strong></span> <span class='ocrx_word' id='word_1_868' title='bbox 2346 4823 2489 4896; x_wconf 87' lang='lat' dir='ltr'><strong>prius</strong></span> <span class='ocrx_word' id='word_1_869' title='bbox 2511 4819 2768 4896; x_wconf 76' lang='lat' dir='ltr'><strong>accedere</strong></span> <span class='ocrx_word' id='word_1_870' title='bbox 2789 4857 2802 4881; x_wconf 90' lang='lat'><strong>,</strong></span> <span class='ocrx_word' id='word_1_871' title='bbox 2837 4815 3206 4896; x_wconf 53' lang='lat' dir='ltr'><strong>quatas-ordes</strong></span> <span class='ocrx_word' id='word_1_872' title='bbox 3232 4829 3297 4896; x_wconf 52' lang='grc' dir='ltr'><strong>οξ</strong></span> <span class='ocrx_word' id='word_1_873' title='bbox 3331 4827 3456 4880; x_wconf 56' lang='lat' dir='ltr'><strong>pec-</strong></span> 
     </span>
    </p>
   </div>
   <div class='ocr_carea' id='block_1_122' title="bbox 1870 4883 3457 4955">
    <p class='ocr_par' dir='ltr' id='par_1_122' title="bbox 1870 4883 3457 4955">
     <span class='ocr_line' id='line_1_122' title="bbox 1870 4883 3457 4955; baseline -0.009 -4"><span class='ocrx_word' id='word_1_874' title='bbox 1870 4883 2004 4952; x_wconf 77' lang='lat' dir='ltr'><strong>caiis</strong></span> <span class='ocrx_word' id='word_1_875' title='bbox 2047 4883 2358 4950; x_wconf 53' lang='lat' dir='ltr'><strong>contractas</strong></span> <span class='ocrx_word' id='word_1_876' title='bbox 2397 4889 2748 4955; x_wconf 86' lang='lat' dir='ltr'><strong>deposuerint</strong></span> <span class='ocrx_word' id='word_1_877' title='bbox 2798 4904 2810 4938; x_wconf 91' lang='lat'>:</span> <span class='ocrx_word' id='word_1_878' title='bbox 2856 4883 3057 4938; x_wconf 86' lang='lat' dir='ltr'><strong>deinde</strong></span> <span class='ocrx_word' id='word_1_879' title='bbox 3123 4883 3457 4951; x_wconf 87' lang='lat' dir='ltr'><strong>impudenter</strong></span> 
     </span>
    </p>
   </div>
   <div class='ocr_carea' id='block_1_123' title="bbox 1871 4955 3457 5037">
    <p class='ocr_par' dir='ltr' id='par_1_123' title="bbox 1871 4955 3457 5037">
     <span class='ocr_line' id='line_1_123' title="bbox 1871 4955 3457 5037; baseline -0.009 -17"><span class='ocrx_word' id='word_1_880' title='bbox 1871 4979 2086 5037; x_wconf 90' lang='lat' dir='ltr'><strong>agentes</strong></span> <span class='ocrx_word' id='word_1_881' title='bbox 2118 5007 2130 5028; x_wconf 88' lang='lat'><strong>,</strong></span> <span class='ocrx_word' id='word_1_882' title='bbox 2165 4964 2375 5031; x_wconf 80' lang='lat' dir='ltr'><strong>gravius</strong></span> <span class='ocrx_word' id='word_1_883' title='bbox 2401 4960 2620 5020; x_wconf 82' lang='lat' dir='ltr'><strong>vulnus,</strong></span> <span class='ocrx_word' id='word_1_884' title='bbox 2672 4957 2947 5024; x_wconf 76' lang='lat' dir='ltr'><strong>majus-pte</strong></span> <span class='ocrx_word' id='word_1_885' title='bbox 2998 4955 3148 5008; x_wconf 88' lang='lat' dir='ltr'><strong>ulcus</strong></span> <span class='ocrx_word' id='word_1_886' title='bbox 3197 4955 3457 5006; x_wconf 69' lang='lat' dir='ltr'><strong>el’lieiunt.</strong></span> 
     </span>
    </p>
   </div>
   <div class='ocr_carea' id='block_1_124' title="bbox 1872 5031 3458 5099">
    <p class='ocr_par' dir='ltr' id='par_1_124' title="bbox 1872 5031 3458 5099">
     <span class='ocr_line' id='line_1_124' title="bbox 1872 5031 3458 5099; baseline -0.009 -8"><span class='ocrx_word' id='word_1_887' title='bbox 1872 5031 1983 5091; x_wconf 74' lang='lat' dir='ltr'><strong>Non</strong></span> <span class='ocrx_word' id='word_1_888' title='bbox 2013 5039 2152 5090; x_wconf 88' lang='lat' dir='ltr'><strong>enim</strong></span> <span class='ocrx_word' id='word_1_889' title='bbox 2203 5039 2272 5085; x_wconf 88' lang='lat' dir='ltr'><strong>ita</strong></span> <span class='ocrx_word' id='word_1_890' title='bbox 2324 5045 2544 5099; x_wconf 88' lang='lat' dir='ltr'><strong>peccare</strong></span> <span class='ocrx_word' id='word_1_891' title='bbox 2569 5043 2729 5097; x_wconf 85' lang='lat' dir='ltr'><strong>grave</strong></span> <span class='ocrx_word' id='word_1_892' title='bbox 2769 5038 2848 5079; x_wconf 88' lang='lat' dir='ltr'><strong>cst</strong></span> <span class='ocrx_word' id='word_1_893' title='bbox 2877 5066 2890 5088; x_wconf 88' lang='lat'><strong>,</strong></span> <span class='ocrx_word' id='word_1_894' title='bbox 2926 5034 2982 5078; x_wconf 92' lang='lat' dir='ltr'><strong>ut</strong></span> <span class='ocrx_word' id='word_1_895' title='bbox 3015 5033 3149 5099; x_wconf 86' lang='lat' dir='ltr'><strong>post_</strong></span> <span class='ocrx_word' id='word_1_896' title='bbox 3183 5031 3458 5099; x_wconf 77' lang='lat' dir='ltr'><strong>peceatum</strong></span> 
     </span>
    </p>
   </div>
   <div class='ocr_carea' id='block_1_125' title="bbox 1873 5094 3458 5174">
    <p class='ocr_par' dir='ltr' id='par_1_125' title="bbox 1873 5094 3458 5174">
     <span class='ocr_line' id='line_1_125' title="bbox 1873 5094 3458 5174; baseline -0.011 -14"><span class='ocrx_word' id='word_1_897' title='bbox 1873 5109 2206 5174; x_wconf 79' lang='lat' dir='ltr'><strong>impudenter</strong></span> <span class='ocrx_word' id='word_1_898' title='bbox 2235 5094 2412 5164; x_wconf 62' lang='lat' dir='ltr'><strong>agere,</strong></span> <span class='ocrx_word' id='word_1_899' title='bbox 2439 5115 2535 5174; x_wconf 81' lang='lat' dir='ltr'><strong>nec</strong></span> <span class='ocrx_word' id='word_1_900' title='bbox 2561 5094 2932 5174; x_wconf 73' lang='lat' dir='ltr'><strong>obtemperare</strong></span> <span class='ocrx_word' id='word_1_901' title='bbox 2963 5094 3333 5174; x_wconf 83' lang='lat' dir='ltr'><strong>sacerdotibus</strong></span> <span class='ocrx_word' id='word_1_902' title='bbox 3359 5094 3458 5144; x_wconf 83' lang='lat' dir='ltr'><strong>lni-</strong></span> 
     </span>
    </p>
   </div>
   <div class='ocr_carea' id='block_1_126' title="bbox 1867 5166 3456 5244">
    <p class='ocr_par' dir='ltr' id='par_1_126' title="bbox 1867 5166 3456 5244">
     <span class='ocr_line' id='line_1_126' title="bbox 1867 5166 3456 5244; baseline -0.01 -15"><span class='ocrx_word' id='word_1_903' title='bbox 1867 5166 2100 5244; x_wconf 48' lang='lat' dir='ltr'><strong>jus&#39;modi</strong></span> <span class='ocrx_word' id='word_1_904' title='bbox 2155 5171 2712 5244; x_wconf 67' lang='lat' dir='ltr'><strong>pratccptadantibus.</strong></span> <span class='ocrx_word' id='word_1_905' title='bbox 2759 5170 2822 5219; x_wconf 75' lang='lat' dir='ltr'><strong>Et</strong></span> <span class='ocrx_word' id='word_1_906' title='bbox 2849 5166 2990 5233; x_wconf 89' lang='lat' dir='ltr'><strong>quod</strong></span> <span class='ocrx_word' id='word_1_907' title='bbox 3022 5175 3228 5244; x_wconf 68' lang='lat' dir='ltr'><strong>iantqu</strong></span> <span class='ocrx_word' id='word_1_908' title='bbox 3267 5180 3456 5242; x_wconf 79' lang='lat' dir='ltr'><strong>pecca-</strong></span> 
     </span>
    </p>
   </div>
   <div class='ocr_carea' id='block_1_127' title="bbox 1873 5234 3459 5308">
    <p class='ocr_par' dir='ltr' id='par_1_127' title="bbox 1873 5234 3459 5308">
     <span class='ocr_line' id='line_1_127' title="bbox 1873 5234 3459 5308; baseline -0.009 -8"><span class='ocrx_word' id='word_1_909' title='bbox 1873 5234 1981 5300; x_wconf 80' lang='grc' dir='ltr'>ἱιιιιι</span> <span class='ocrx_word' id='word_1_910' title='bbox 2028 5234 2394 5304; x_wconf 74' lang='lat' dir='ltr'><strong>admiserunt,</strong></span> <span class='ocrx_word' id='word_1_911' title='bbox 2431 5242 2670 5308; x_wconf 89' lang='lat' dir='ltr'><strong>inquies,</strong></span> <span class='ocrx_word' id='word_1_912' title='bbox 2725 5248 2782 5289; x_wconf 88' lang='grc' dir='ltr'><strong>ιιι</strong></span> <span class='ocrx_word' id='word_1_913' title='bbox 2826 5253 2854 5308; x_wconf 85' lang='lat' dir='ltr'><strong>a</strong></span> <span class='ocrx_word' id='word_1_914' title='bbox 2899 5236 3066 5289; x_wconf 88' lang='lat' dir='ltr'><strong>sacris</strong></span> <span class='ocrx_word' id='word_1_915' title='bbox 3115 5234 3260 5286; x_wconf 85' lang='lat' dir='ltr'><strong>hisce</strong></span> <span class='ocrx_word' id='word_1_916' title='bbox 3293 5237 3459 5308; x_wconf 86' lang='lat' dir='ltr'><strong>septis</strong></span> 
     </span>
    </p>
   </div>
   <div class='ocr_carea' id='block_1_128' title="bbox 1870 5306 3454 5385">
    <p class='ocr_par' dir='ltr' id='par_1_128' title="bbox 1870 5306 3454 5385">
     <span class='ocr_line' id='line_1_128' title="bbox 1870 5306 3454 5385; baseline -0.012 -14"><span class='ocrx_word' id='word_1_917' title='bbox 1870 5316 2192 5385; x_wconf 84' lang='lat' dir='ltr'><strong>ejiciantur?</strong></span> <span class='ocrx_word' id='word_1_918' title='bbox 2221 5311 2433 5385; x_wconf 63' lang='lat' dir='ltr'><strong>lit-quod</strong></span> <span class='ocrx_word' id='word_1_919' title='bbox 2460 5306 2666 5385; x_wconf 59' lang='lat' dir='ltr'><strong>quavras</strong></span> <span class='ocrx_word' id='word_1_920' title='bbox 2710 5307 2851 5385; x_wconf 77' lang='lat' dir='ltr'><strong>aliud</strong></span> <span class='ocrx_word' id='word_1_921' title='bbox 2899 5314 3170 5384; x_wconf 73' lang='lat' dir='ltr'><strong>peccatum</strong></span> <span class='ocrx_word' id='word_1_922' title='bbox 3205 5306 3415 5385; x_wconf 74' lang='lat' dir='ltr'><strong>gravius</strong></span> <span class='ocrx_word' id='word_1_923' title='bbox 3441 5345 3454 5366; x_wconf 90' lang='lat'><strong>,</strong></span> 
     </span>
    </p>
   </div>
   <div class='ocr_carea' id='block_1_129' title="bbox 1871 5375 3460 5454">
    <p class='ocr_par' dir='ltr' id='par_1_129' title="bbox 1871 5375 3460 5454">
     <span class='ocr_line' id='line_1_129' title="bbox 1871 5375 3460 5454; baseline -0.012 -14"><span class='ocrx_word' id='word_1_924' title='bbox 1871 5375 2026 5454; x_wconf 69' lang='lat' dir='ltr'><strong>quam</strong></span> <span class='ocrx_word' id='word_1_925' title='bbox 2056 5427 2068 5444; x_wconf 90' lang='lat'><strong>.</strong></span> <span class='ocrx_word' id='word_1_926' title='bbox 2099 5401 2218 5438; x_wconf 92' lang='lat' dir='ltr'><strong>cum</strong></span> <span class='ocrx_word' id='word_1_927' title='bbox 2249 5375 2322 5435; x_wconf 42' lang='lat' dir='ltr'><strong>se&#39;</strong></span> <span class='ocrx_word' id='word_1_928' title='bbox 2351 5375 2504 5450; x_wconf 82' lang='lat' dir='ltr'><strong>plane</strong></span> <span class='ocrx_word' id='word_1_929' title='bbox 2534 5379 2808 5454; x_wconf 78' lang='lat' dir='ltr'><strong>adulteros</strong></span> <span class='ocrx_word' id='word_1_930' title='bbox 2833 5377 3052 5428; x_wconf 73' lang='lat' dir='ltr'><strong>iecerint</strong></span> <span class='ocrx_word' id='word_1_931' title='bbox 3079 5415 3093 5436; x_wconf 87' lang='lat'><strong>,</strong></span> <span class='ocrx_word' id='word_1_932' title='bbox 3122 5375 3460 5454; x_wconf 50' lang='lat' dir='ltr'><strong>impatientes</strong></span> 
     </span>
    </p>
   </div>
   <div class='ocr_carea' id='block_1_130' title="bbox 1873 5443 3456 5524">
    <p class='ocr_par' dir='ltr' id='par_1_130' title="bbox 1873 5443 3456 5524">
     <span class='ocr_line' id='line_1_130' title="bbox 1873 5443 3456 5524; baseline -0.011 -15"><span class='ocrx_word' id='word_1_933' title='bbox 1873 5443 2141 5524; x_wconf 73' lang='lat' dir='ltr'><strong>tamquam</strong></span> <span class='ocrx_word' id='word_1_934' title='bbox 2175 5443 2385 5505; x_wconf 73' lang='lat' dir='ltr'><strong>rabidos</strong></span> <span class='ocrx_word' id='word_1_935' title='bbox 2412 5465 2571 5504; x_wconf 87' lang='lat' dir='ltr'><strong>canes</strong></span> <span class='ocrx_word' id='word_1_936' title='bbox 2602 5449 2667 5524; x_wconf 84' lang='lat' dir='ltr'><strong>ad</strong></span> <span class='ocrx_word' id='word_1_937' title='bbox 2698 5463 2901 5524; x_wconf 78' lang='lat' dir='ltr'><strong>sacram</strong></span> <span class='ocrx_word' id='word_1_938' title='bbox 2938 5461 3175 5497; x_wconf 85' lang='lat' dir='ltr'><strong>mensam</strong></span> <span class='ocrx_word' id='word_1_939' title='bbox 3210 5447 3409 5495; x_wconf 73' lang='lat' dir='ltr'><strong>irisilire</strong></span> <span class='ocrx_word' id='word_1_940' title='bbox 3435 5443 3456 5492; x_wconf 70' lang='grc' dir='ltr'><strong>’ἶ</strong></span> 
     </span>
    </p>
   </div>
   <div class='ocr_carea' id='block_1_131' title="bbox 1872 5517 3456 5580">
    <p class='ocr_par' dir='ltr' id='par_1_131' title="bbox 1872 5517 3456 5580">
     <span class='ocr_line' id='line_1_131' title="bbox 1872 5517 3456 5580; baseline -0.012 -1"><span class='ocrx_word' id='word_1_941' title='bbox 1872 5532 1947 5580; x_wconf 80' lang='lat' dir='ltr'><strong>Ac</strong></span> <span class='ocrx_word' id='word_1_942' title='bbox 1978 5517 2019 5579; x_wconf 81' lang='lat' dir='ltr'><strong>si</strong></span> <span class='ocrx_word' id='word_1_943' title='bbox 2055 5526 2134 5576; x_wconf 73' lang='lat' dir='ltr'><strong>vis</strong></span> <span class='ocrx_word' id='word_1_944' title='bbox 2162 5527 2371 5576; x_wconf 86' lang='lat' dir='ltr'><strong>discere</strong></span> <span class='ocrx_word' id='word_1_945' title='bbox 2400 5520 2643 5573; x_wconf 83' lang='lat' dir='ltr'><strong>adulterii</strong></span> <span class='ocrx_word' id='word_1_946' title='bbox 2676 5517 2888 5569; x_wconf 90' lang='lat' dir='ltr'><strong>modum</strong></span> <span class='ocrx_word' id='word_1_947' title='bbox 2916 5557 2929 5578; x_wconf 90' lang='lat'><strong>,</strong></span> <span class='ocrx_word' id='word_1_948' title='bbox 2967 5531 3070 5567; x_wconf 89' lang='lat' dir='ltr'><strong>non</strong></span> <span class='ocrx_word' id='word_1_949' title='bbox 3105 5529 3282 5565; x_wconf 87' lang='lat' dir='ltr'><strong>meum</strong></span> <span class='ocrx_word' id='word_1_950' title='bbox 3335 5529 3456 5579; x_wconf 84' lang='lat' dir='ltr'><strong>pro-</strong></span> 
     </span>
    </p>
   </div>
   <div class='ocr_carea' id='block_1_132' title="bbox 1874 5583 3461 5656">
    <p class='ocr_par' dir='ltr' id='par_1_132' title="bbox 1874 5583 3461 5656">
     <span class='ocr_line' id='line_1_132' title="bbox 1874 5583 3461 5656; baseline -0.011 -6"><span class='ocrx_word' id='word_1_951' title='bbox 1874 5601 2036 5650; x_wconf 79' lang='lat' dir='ltr'><strong>feram</strong></span> <span class='ocrx_word' id='word_1_952' title='bbox 2067 5607 2369 5647; x_wconf 84' lang='lat' dir='ltr'><strong>sermonem</strong></span> <span class='ocrx_word' id='word_1_953' title='bbox 2397 5633 2411 5654; x_wconf 91' lang='lat'><strong>,</strong></span> <span class='ocrx_word' id='word_1_954' title='bbox 2443 5591 2534 5643; x_wconf 90' lang='lat' dir='ltr'><strong>sed</strong></span> <span class='ocrx_word' id='word_1_955' title='bbox 2566 5589 2680 5656; x_wconf 84' lang='lat' dir='ltr'><strong>ejus</strong></span> <span class='ocrx_word' id='word_1_956' title='bbox 2708 5588 2795 5653; x_wconf 92' lang='lat' dir='ltr'><strong>qui</strong></span> <span class='ocrx_word' id='word_1_957' title='bbox 2828 5602 2924 5638; x_wconf 88' lang='lat' dir='ltr'><strong>nos</strong></span> <span class='ocrx_word' id='word_1_958' title='bbox 2953 5587 3017 5636; x_wconf 87' lang='lat' dir='ltr'><strong>de</strong></span> <span class='ocrx_word' id='word_1_959' title='bbox 3050 5595 3153 5636; x_wconf 85' lang='lat' dir='ltr'><strong>tcta</strong></span> <span class='ocrx_word' id='word_1_960' title='bbox 3186 5583 3461 5656; x_wconf 76' lang='lat' dir='ltr'><strong>vitajndi-</strong></span> 
     </span>
    </p>
   </div>
   <div class='ocr_carea' id='block_1_133' title="bbox 1871 5654 3451 5726">
    <p class='ocr_par' dir='ltr' id='par_1_133' title="bbox 1871 5654 3451 5726">
     <span class='ocr_line' id='line_1_133' title="bbox 1871 5654 3451 5726; baseline -0.011 -7"><span class='ocrx_word' id='word_1_961' title='bbox 1871 5679 2087 5720; x_wconf 88' lang='lat' dir='ltr'><strong>caturus</strong></span> <span class='ocrx_word' id='word_1_962' title='bbox 2105 5675 2205 5717; x_wconf 87' lang='lat' dir='ltr'><strong>est.</strong></span> <span class='ocrx_word' id='word_1_963' title='bbox 2239 5662 2335 5726; x_wconf 85' lang='lat' dir='ltr'><strong>Qui</strong></span> <span class='ocrx_word' id='word_1_964' title='bbox 2362 5654 2632 5726; x_wconf 75' lang='lat' dir='ltr'><strong>respexerit</strong></span> <span class='ocrx_word' id='word_1_965' title='bbox 2653 5699 2664 5718; x_wconf 87' lang='grc'><em>,</em></span> <span class='ocrx_word' id='word_1_966' title='bbox 2702 5657 2868 5723; x_wconf 87' lang='lat' dir='ltr'><strong>inquit</strong></span> <span class='ocrx_word' id='word_1_967' title='bbox 2889 5697 2902 5715; x_wconf 83' lang='lat'><strong>,</strong></span> <span class='ocrx_word' id='word_1_968' title='bbox 2933 5655 3192 5726; x_wconf 81' lang='lat' dir='ltr'><strong>mulierem</strong></span> <span class='ocrx_word' id='word_1_969' title='bbox 3235 5654 3300 5726; x_wconf 73' lang='lat' dir='ltr'><strong>iul</strong></span> <span class='ocrx_word' id='word_1_970' title='bbox 3329 5669 3451 5702; x_wconf 84' lang='lat' dir='ltr'><strong>con-</strong></span> 
     </span>
    </p>
   </div>
   <div class='ocr_carea' id='block_1_134' title="bbox 1870 5725 3459 5803">
    <p class='ocr_par' dir='ltr' id='par_1_134' title="bbox 1870 5725 3459 5803">
     <span class='ocr_line' id='line_1_134' title="bbox 1870 5725 3459 5803; baseline -0.008 -15"><span class='ocrx_word' id='word_1_971' title='bbox 1870 5736 2227 5803; x_wconf 75' lang='lat' dir='ltr'><strong>cupisrcudum</strong></span> <span class='ocrx_word' id='word_1_972' title='bbox 2255 5725 2364 5784; x_wconf 74' lang='lat' dir='ltr'><strong>eam</strong></span> <span class='ocrx_word' id='word_1_973' title='bbox 2389 5773 2404 5797; x_wconf 76' lang='lat'><strong>,</strong></span> <span class='ocrx_word' id='word_1_974' title='bbox 2430 5725 2537 5800; x_wconf 76' lang='lat' dir='ltr'><strong>jam</strong></span> <span class='ocrx_word' id='word_1_975' title='bbox 2565 5728 2838 5780; x_wconf 71' lang='lat' dir='ltr'><strong>intre/tatus</strong></span> <span class='ocrx_word' id='word_1_976' title='bbox 2865 5736 2935 5778; x_wconf 81' lang='lat' dir='ltr'><strong>est</strong></span> <span class='ocrx_word' id='word_1_977' title='bbox 2965 5742 3072 5776; x_wconf 87' lang='lat' dir='ltr'><strong>cum</strong></span> <span class='ocrx_word' id='word_1_978' title='bbox 3101 5725 3149 5775; x_wconf 89' lang='lat' dir='ltr'><strong>in</strong></span> <span class='ocrx_word' id='word_1_979' title='bbox 3179 5725 3330 5776; x_wconf 79' lang='lat' dir='ltr'><strong>corde</strong></span> <span class='ocrx_word' id='word_1_980' title='bbox 3367 5736 3459 5775; x_wconf 76' lang='lat' dir='ltr'><strong>suo</strong></span> 
     </span>
    </p>
   </div>
  </div>
