3978 6466
566 425 681 477 543

564 529 779 602 (illatlIi.
808 528 863 583 ὅ.
887 527 1005 598 28).
1051 526 1200 602 Quod
1233 525 1496 602 si_mul_ier
1518 538 1637 602 quze
1670 521 1803 575 forte
1825 522 1874 574 in
1908 520 2020 602 foro
2048 536 2140 601 oc—

566 593 762 661 currit,
821 593 1120 666 quoquovis
1176 597 1335 647 modo
1388 597 1458 647 sit
1504 594 1732 666 vestita,
1788 605 1847 666 se
1876 593 2139 666 curiosius

570 661 867 722 intuentem
899 661 1042 733 sa-pe
1068 666 1185 717 solo
1215 672 1502 731 conspectu
1529 663 1669 733 cepit
1703 679 1716 714 :
1746 661 1835 728 qui
1881 678 1983 733 non
2012 662 2138 712 sim-

569 739 810 803 plicitcr.
862 730 1224 789 nec-fortuito
1265 730 1429 793 casu,
1481 730 1574 803 sed
1622 739 1768 803 tanto
1816 730 2029 803 studio,
2081 740 2139 783 ιιι

567 800 731 873 ipsam
775 805 1070 858 Ecclesiam
1117 803 1449 873 despiciant,
1482 800 2130 873 ideo__illuc__ascendunt,

566 869 865 941 ibidemque
890 873 977 925 diu
1027 880 1278 934 manent,
1329 880 1380 923 et
1430 869 1714 941 infamibus
1749 869 2136 941 illis_nnilieri-

564 945 660 999 bus
681 937 836 996 deli'xi
868 952 990 995 sunt
1030 943 1214 1004 oculis,
1244 939 1511 1008 quomodo
1559 946 1806 1005 poterunt
1852 937 2027 989 dicere
2078 955 2137 991 se

566 1033 667 1065 non
698 1014 763 1065 ad
785 1007 1269 1079 concupiscentiam
1300 1011 1511 1079 vidisse,
1545 1009 1631 1079 ubi
1660 1007 1821 1079 verba
1862 1008 2052 1079 lasciva
2082 1018 2139 1061 et

563 1084 768 1136 cantica
797 1075 1115 1143 meretricia,
1144 1089 1198 1131 et
1227 1095 1321 1131 vox
1348 1078 1525 1130 multa:
1549 1076 1702 1145 plena
1730 1075 2031 1143 Voluptatis,
2083 1088 2139 1129 et

562 1154 835 1207 oculorum
878 1154 1157 1220 pigmenta,
1185 1158 1245 1220 et,
1264 1148 1492 1220 Itiiniata:
1520 1162 1687 1220 gente,
1715 1146 1876 1220 vestis
1895 1160 2139 1220 accurate

566 1215 889 1288 composita,
910 1215 1219 1288 habitusque
1237 1218 1504 1288 lenocinio
1524 1216 1726 1288 plenus,
1755 1215 1975 1281 aliteque
2003 1217 2138 1268 inul—

568 1306 631 1343 ta:
666 1285 921 1343 illecehrze
948 1290 1011 1339 ad
1033 1286 1315 1340 fallendmn
1334 1285 1851 1350 deinulcendnmque
1872 1295 2139 1351 Spectato-

563 1376 649 1414 res
672 1360 980 1427 Composin
1006 1376 1017 1408 :
1052 1358 1363 1427 ignaviaque
1380 1355 1539 1427 animi
1572 1354 1912 1415 intuentibus,
1948 1358 2137 1407 multa-

563 1447 665 1498 que
692 1425 898 1490 effusio,
923 1437 1079 1493 atque
1102 1425 1378 1498 velipsius
1404 1426 1524 1498 loci,
1561 1438 1783 1498 necnon
1807 1438 1989 1498 eorum
2017 1440 2135 1491 qua:

567 1492 729 1567 prius,
756 1514 871 1565 qn-e
899 1492 1076 1564 postea
1101 1496 1394 1567 recitantur
1412 1493 1476 1567 ad
1500 1492 1764 1567 lasciviam
1787 1495 1984 1567 suasio,
2005 1508 2134 1567 Canf

566 1560 1309 1621 tusdeninlcenstistularuin,
1365 1564 1607 1614 tibiarum
1635 1570 1689 1613 et
1709 1560 1986 1624 similium,
2041 1564 2131 1630 qui

564 1638 724 1688 animi
755 1637 912 1687 robur
937 1635 1147 1701 frangit,
1184 1633 1586 1699 scdentiumque
1610 1631 1768 1701 corda
1792 1632 2131 1701 meretricum

566 1706 769 1759 insidiis
799 1698 1088 1756 invadenda
1134 1711 1372 1769 apparat,
1424 1698 1686 1767 captoque
1707 1698 1879 1751 facilia
1937 1701 2129 1765 reddit,

565 1789 849 1841 earumque
871 1788 1029 1839 opera
1064 1787 1090 1821 a
1130 1773 1339 1824 Lhristo
1366 1774 1608 1837 separat?
1639 1770 1693 1841 Si
1721 1770 1860 1841 enim
1912 1771 2016 1833 hic,
2046 1772 2131 1823 ubi

569 1839 780 1911 psalmi,
802 1853 853 1895 et
877 1841 1165 1903 orationes,
1192 1840 1598 1911 divinorumque
1636 1839 1967 1911 eloquiorum
1998 1854 2128 1892 con-

564 1907 764 1974 ciones,
798 1913 883 1964 llci
916 1914 1071 1962 timor
1098 1920 1151 1961 et
1180 1914 1343 1976 pietas
1366 1910 1550 1971 multa,
1606 1923 1748 1974 smpe
1777 1907 1927 1973 quasi
1982 1911 2127 1975 quis-

565 1985 700 2051 piam
734 1982 813 2033 l'ur
854 1980 1095 2042 callidus,
1150 1978 1575 2051 concupiscentia
1605 1981 1743 2051 clam
1794 1976 2127 2051 ingreditur:

562 2046 827 2117 quomodo
854 2051 906 2111 ii,
937 2054 1023 2117 qui
1052 2051 1101 2100 in
1134 2050 1335 2101 theatro
1366 2048 1569 2107 sedent,
1621 2047 1707 2114 qui
1760 2046 1889 2117 nihil
1920 2050 2031 2099 sani
2056 2050 2134 2101 vi-

562 2071 827 2107 (ιιιιιιιυιιι)
854 2071 906 2111 II,
937 2071 1023 2117 (llll
1052 2071 1101 2100 III
1134 2071 1335 2101 lllCiHl'U
1366 2071 1569 2107 δΰυυιιι,
1621 2071 1707 2114 ψιι
1760 2071 1889 2098 ιιιιιιι
1920 2071 2031 2099 sum
2058 2071 2132 2101 VI-

562 2071 691 2176 dcnt
712 2122 793 2173 vel
816 2121 1049 2179 audiunt,
1074 2118 1167 2170 sed
1196 2118 1355 2170 multa
1406 2118 1749 2183 turpitudine,
1782 2116 1945 2168 multa
1977 2117 2132 2170 lasci-—

565 2193 643 2243 via
668 2191 825 2257 pleni,
857 2204 917 2241 ac
941 2204 1032 2255 per
1048 2188 1223 2241 omnia
1245 2184 1468 2248 0b50~5l,
1492 2202 1582 2251 per
1609 2199 1785 2246 aures,
1817 2199 1907 2250 per
1924 2188 2127 2257 oculos,

566 2254 769 2331 possint
796 2254 982 2311 malam
1014 2260 1151 2309 illam
1182 2257 1659 2331 concupiscentiam
1702 2254 1987 2331 superare?
2008 2272 2127 2331 cuni

567 2324 669 2383 iion
706 2332 1123 2397 possintauti-m,
1166 2326 1436 2397 quomodo
1466 2335 1710 2397 poterunt
1764 2327 1830 2397 at)
1885 2324 2127 2397 adulterii

561 2392 778 2452 crimine
807 2399 998 2450 innoxii
1031 2392 1288 2463 esse?'qui
1318 2411 1439 2447 vero
1463 2396 1526 2443 ab
1563 2393 1801 2444 adulterii
1827 2392 2047 2447 crimine
2069 2395 2128 2447 Ιπ-

565 2469 673 2523 beri
704 2484 806 2521 non
830 2476 973 2530 sunt,
1000 2467 1266 2535 quomodo
1292 2464 1667 2535 poteruntsine
1688 2465 1992 2529 poenitentia
2019 2465 2129 2518 hate

562 2550 741 2591 sancta
770 2539 945 2589 limina
978 2535 1197 2602 ingredi,
1232 2547 1283 2587 et
1324 2534 1474 2600 huius
1517 2536 1751 2598 prarclari
1780 2541 1949 2584 coetus
2003 2546 2131 2587 coii-

560 2619 731 2662 SOI'lt‘S
757 2607 912 2660 esse?
945 2608 1170 2674 Ideoque
1198 2604 1456 2656 admoneo
1478 2612 1530 2655 ct
1553 2616 1761 2674 precor,
1779 2614 1833 2653 ut
1853 2613 2126 2670 postquam

557 2678 888 2730 confessione
914 2684 967 2728 et
996 2672 1296 2743 pmiiileutia
1327 2674 1544 2739 aliisque
1573 2672 1820 2743 omnibus
1854 2684 2123 2743 peceatum

562 2747 857 2816 hujusmodi
875 2741 1174 2816 spectaculo
1194 2742 1813 2816 contractumahluerint,
1848 2744 1923 2792 sic
1948 2741 2125 2816 divina

562 2810 767 2884 cliiqnia
809 2814 1043 2866 audiant.
1094 2812 1381 2884 Noirenini
1416 2812 1531 2884 leve
1594 2819 1865 2884 peccatum
1907 2810 2122 2884 admisi-

558 2889 652 2938 stis
669 2880 679 2936 Ξ
700 2886 747 2937 id
765 2886 901 2952 quod
915 2882 1171 2950 exemplis
1184 2882 1321 2933 clare
1335 2880 1707 2952 ostenditur.Si
1723 2880 1839 2946 quis
1857 2881 1995 2930 enim
2014 2895 2126 2933 ser-

559 2971 651 3008 vus
673 2958 719 3007 in
738 2951 933 3015 arcam,
954 2952 1039 3004 ιιὺί
1060 2952 1172 3003 heri
1188 2952 1497 3002 vestimenta
1514 2951 1739 3015 pretiosa
1754 2959 1805 3000 et
1822 2954 2123 3017 aureajace-

559 3028 702 3087 bant,
736 3025 979 3077 servilem
1000 3031 1198 3074 vestem
1224 3021 1379 3073 sorde
1412 3021 1771 3085 pediculiSque
1799 3020 2005 3085 plenam
2035 3022 2125 3074 de-

555 3102 797 3164 poneret,
839 3108 927 3156 an,
972 3104 1172 3159 quaeso,
1212 3088 1585 3164 contumeliam
1609 3089 1745 3141 hanc
1773 3104 1924 3164 inquo
1950 3092 2125 3143 animo

557 3160 758 3219 ferres?
776 3164 907 3229 Quid
924 3176 1069 3224 vero,
1084 3164 1128 3214 si
1150 3161 1263 3229 quis
1284 3160 1334 3211 isi
1361 3174 1451 3211 vas
1471 3174 1707 3217 aureum,
1728 3160 1866 3226 quod
1887 3174 2123 3225 unguen-

556 3243 606 3288 ta
640 3244 891 3303 perpetuo
916 3233 1119 3303 habere
1139 3232 1353 3303 soleret,
1377 3240 1579 3282 stercus
1606 3229 1856 3303 clintum
1885 3229 2126 3303 infunde:

557 3299 656 3370 ret,
690 3299 862 3358 nonne
886 3318 1006 3355 eum
1035 3300 1124 3369 qui
1147 3300 1197 3354 id
1229 3308 1592 3370 perpetrasset_
1630 3299 1795 3367 plagis
1837 3301 2123 3353 onerares?

559 3367 763 3441 Ergone
791 3367 1108 3433 arcularum,
1136 3367 1425 3441 ,vasormn,
1465 3367 1707 3431 vestium,
1738 3378 2122 3441 unguentorum

561 3440 758 3496 tantam
786 3459 964 3496 curam
994 3440 1320 3503 habebimus,
1346 3440 1572 3491 animam
1605 3452 1731 3491 vero
1760 3448 1990 3491 nostrain
2022 3440 2125 3493 illis

557 3515 802 3565 omnibus
830 3513 1068 3565 viliorem
1095 3526 1212 3564 esse
1232 3507 1603 3562 censebimus?
1628 3516 1681 3558 et
1709 3509 1795 3559 ubi
1848 3509 2121 3574 spirituale

557 3591 874 3649 unguentum
920 3580 1169 3649 infusum
1198 3586 1298 3639 est,
1339 3578 2124 3649 diabolicasrpoinpasgimmit-

554 3646 749 3714 temus,
792 3650 1023 3702 satanica
1073 3648 1353 3715 colloquia,
1409 3655 1462 3700 et
1514 3648 1716 3715 cantica
1774 3646 2121 3700 fornicatione

554 3720 789 3774 referta?
837 3721 900 3773 Et
946 3714 1392 3785 ιιιιοιιιυιιιιυθιιε
1444 3716 1556 3767 haec
1604 3714 1757 3779 ferat,
1813 3715 1899 3767 die
1946 3715 2120 3769 mihi?

554 3796 878 3857 Quamquam
911 3803 1014 3841 nun
1040 3797 1241 3841 tantum
1292 3788 1361 3840 sit
1413 3786 1743 3857 intervallum
1797 3797 2119 3857 unguentum

557 3861 692 3912 inter
713 3855 766 3912 et
789 3859 977 3922 lutum,
995 3859 1411 3925 vestimentaque
1433 3855 1613 3925 lierilia
1634 3863 1686 3907 et
1701 3855 1931 3919 servilia,
1953 3871 2120 3924 quan-

557 3939 665 3982 tum
693 3929 826 3981 inter
842 3927 1168 3996 spiritualem
1190 3924 1409 3994 gratiam
1442 3934 1494 3996 et
1526 3924 1661 3996 hanc
1686 3926 1879 3996 malam
1934 3939 2121 3996 opera-

558 4009 772 4052 tionem.
800 3993 913 4050 Non
952 3998 1125 4061 times,
1155 3993 1404 4058 oilioino,
1454 3994 1577 4047 dum
1610 3993 1794 4046 iisdem
1825 3996 1993 4047 oculis
2046 3995 2122 4049 le-

554 4078 694 4121 ctum
732 4067 781 4118 in
828 4067 1098 4119 orchestra
1148 4065 1312 4128 vides,
1364 4065 1449 4117 ubi
1500 4063 1821 4116 exsecranda
1877 4064 2119 4118 adulterii

554 4136 851 4202 speetacula
884 4144 1347 4202 repraesentantur,
1371 4143 1425 4185 et
1452 4134 1587 4186 hanc
1615 4147 1822 4185 sacram
1856 4148 2115 4199 mensam,

559 4206 642 4256 tibi
672 4204 932 4257 horrenda
961 4204 1206 4273 mysteria
1236 4203 1729 4273 consummantur?
1755 4203 1879 4255 dum
1931 4205 2115 4259 iisdem

551 4274 763 4327 auribus
788 4271 1119 4327 meretricem
1148 4271 1297 4323 audis
1340 4273 1509 4337 turpia
1538 4272 1860 4341 loquentem,
1892 4283 1946 4326 et
1998 4290 2120 4341 pro-

554 4344 1191 4413 phetr-t-iApostolumqne
1238 4350 1288 4392 te
1333 4341 1585 4408 mysteria
1636 4340 1913 4413 docentem
1946 4340 2115 4396 :dum

550 4410 736 4466 eodem
767 4410 927 4467 corde
952 4411 1154 4465 letifera
1177 4414 1455 4477 ptiarinaea
1484 4418 1537 4461 et
1560 4410 1892 4462 tremendum
1944 4414 2115 4463 sacri-

556 4484 728 4535 licium
758 4482 994 4551 excipis?
1016 4484 1209 4551 Annon
1254 4480 1375 4532 hinc
1398 4480 1763 4551 familiarum
1785 4480 2110 4551 eversiones,

549 4547 932 4606 ecunubioruiu
984 4548 1365 4618 corruptiones,
1396 4548 1547 4610 bella,
1584 4549 1701 4600 lites
1732 4548 1803 4618 _in
1835 4547 2115 4602 domibus?

550 4621 679 4672 Cum
713 4623 851 4673 enim
883 4636 945 4674 ex
977 4622 1064 4673 illo
1101 4616 1403 4687 speetaculo
1433 4619 1697 4672 emollitus
1724 4616 1905 4678 fueris.
1956 4628 2115 4687 atque

548 4692 821 4743 remissior
842 4689 1030 4755 factus,
1054 4690 1299 4742 lascivior
1324 4690 1601 4755 omnisque
1629 4688 1968 4741 continentia:
2006 4690 2109 4741 iiii-

548 4762 730 4817 Inicus,
762 4774 1108 4827 reversusque
1140 4759 1331 4811 videris
1374 4773 1590 4810 uxorem
1639 4767 1833 4827 tuamt
1860 4758 2113 4825 ingratius

548 4832 698 4893 plane
722 4828 861 4879 illam
913 4826 1137 4892 videbis,
1186 4842 1531 4897 quaecumque
1574 4828 1785 4879 tandem
1811 4826 1990 4880 fuerit.
2031 4827 2115 4881 lii-

546 4912 735 4948 erasus
783 4898 924 4948 enim
974 4898 1399 4964 concupiscentia
1428 4898 1561 4964 ejus,
1601 4912 1758 4965 quam
1808 4900 1858 4948 in
1891 4899 2111 4952 theatris

544 4966 738 5026 ridisti,
771 4974 823 5018 et
848 4968 1051 5019 externi
1085 4968 1224 5020 illius
1244 4968 1538 5034 spectaculi
1591 4967 1852 5021 illecebris
1897 4976 2105 5036 captus,

546 5036 809 5103 pudicam,
836 5044 1096 5105 ornatam,
1123 5038 1386 5102 totiusque
1414 5038 1534 5089 vita:
1578 5046 1879 5091 consortem
1934 5037 2111 5105 despi-

542 5110 638 5168 ris,
667 5104 987 5157 contumelia
1017 5105 1202 5158 allicis.
1234 5106 1375 5158 mille
1404 5107 1612 5172 probris
1632 5120 1844 5169 oneras,
1874 5121 1995 5159 cum
2032 5104 2112 5159 ni-

544 5176 612 5228 hil
642 5188 855 5244 prorsus
898 5175 1285 5242 coarguendum
1321 5176 1536 5244 habeas,
1583 5176 1679 5229 sed
1725 5176 1918 5241 pudeat
1963 5185 2012 5228 te
2057 5185 2111 5229 et

542 5242 783 5297 morbum
803 5242 974 5308 fateri,
1002 5255 1055 5296 et
1080 5245 1265 5295 vulnus
1280 5242 1584 5305 ostendere,
1609 5245 1751 5312 quod
1778 5246 1901 5299 inde
1931 5261 2111 5299 rever-

538 5331 630 5368 sus
656 5314 893 5376 attulisti,
922 5316 1051 5367 alias
1074 5318 1239 5366 nectis
1264 5327 1471 5375 Causas,
1498 5315 1804 5366 occasiones
1830 5316 1937 5367 odii
1964 5331 2109 5382 qure-

540 5401 661 5435 reus
689 5384 965 5446 absurdos,
997 5394 1050 5435 et
1078 5398 1251 5435 omnia
1278 5398 1395 5449 qua:
1414 5383 1695 5436 domisunt
1713 5395 2061 5439 contemnens
2085 5404 2099 5438 :

539 5457 601 5503 ait
631 5453 772 5504 illam
802 5454 935 5506 hanc
966 5468 1120 5506 unam
1170 5454 1429 5520 impuram
1455 5454 1959 5521 concupiscentiam,
2005 5470 2106 5521 qua

538 5523 843 5575 vulneratus
869 5539 947 5585 es,
976 5526 1208 5576 animum
1235 5522 1439 5589 ailjicis,
1471 5533 1754 5591 menteque
1795 5524 2108 5578 circumfers

540 5593 773 5644 sonitum
806 5594 969 5656 vocis,
999 5595 1253 5655 habitmn,
1285 5602 1580 5657 aspectum,
1605 5604 1800 5658 motus,
1828 5596 2107 5662 omniaque

536 5662 833 5731 meretricia
857 5664 1158 5725 simulacra,
1186 5663 1314 5714 nihil
1332 5662 1472 5715 domi
1496 5677 1615 5714 cum
1637 5666 1907 5731 voluptate
1938 5666 2102 5718 vides.

536 5730 599 5785 Et
625 5744 722 5787 cur
754 5732 925 5785 dicam
957 5749 1176 5787 uxorem
1200 5744 1252 5786 et
1296 5732 1473 5785 aedes?
1497 5732 1667 5801 ipsam
1693 5730 1901 5802 queque
1935 5734 2101 5790 cccle-

2074 406 2334 462 SPURIA.

3710 432 3823 487 544

2248 523 2378 574 siam
2412 521 2744 589 iniucundius
2775 522 3041 588 respicies,
3091 520 3358 589 invitoque
3398 523 3576 575 animo
3632 526 3771 577 audii
3797 542 3814 575 ς

2246 592 2401 644 verba
2428 594 2493 644 de
2519 592 2779 645 castitate.
2806 592 2983 659 Neque
3008 592 3146 643 enim
3171 592 3283 643 hzec
3310 590 3398 645 tibi
3421 594 3685 655 doctrina,
3723 596 3813 648 sed

2244 665 2511 714 accusatio
2541 672 2714 723 erunt,
2766 672 2924 729 atque
2976 661 3026 712 in
3084 660 3507 731 desperationem
3561 665 3807 731 paulatim

2243 731 2530 794 detractus,
2555 742 2605 783 te
2629 730 2841 784 demum
2875 740 3041 782 totum
3069 730 3134 782 ab
3166 730 3264 782 hac
3300 730 3571 784 doctrina
3604 734 3813 786 ahsciii-

2242 800 2357 853 des.
2388 801 2587 854 Idcirco
2612 812 2741 868 rego
2768 816 2863 853 vos
2883 814 3089 861 omnes,
3147 810 3203 851 ut
3260 800 3467 867 fugiatis
3521 817 3684 867 prava
3724 804 3809 855 illa

2244 870 2570 923 theatrorum
2594 867 2914 937 spectacula,
2941 880 2994 922 et
3017 882 3110 921 eos
3134 869 3223 936 qui
3276 867 3355 923 his
3385 882 3570 923 vacant
3610 871 3814 925 abstra-

2245 940 2399 992 hatis.
2430 940 2609 1008 Neque
2636 940 2775 991 enim
2807 940 3064 991 recreatio
3103 949 3225 989 sunt
3273 939 3379 997 illa,
3429 940 3521 993 sed
3569 942 3810 1003 exitium,

2242 1007 2579 1075 supplicium,
2605 1010 2881 1076 pernicies.
2910 1008 3044 1074 Quid
3069 1007 3285 1076 prodest
3333 1010 3414 1060 illa
3472 1020 3811 1077 temporanea

2242 1079 2501 1147 voluptas,
2542 1078 2754 1147 quando
2782 1088 3068 1146 perpetuus
3116 1077 3241 1131 hinc
3269 1078 3421 1131 dolor
3472 1084 3679 1146 paritur
3710 1099 3722 1131 :
3752 1096 3812 1133 ac

2241 1146 2327 1200 die
2358 1146 2623 1216 noctuque
2651 1147 2973 1205 stimulatus.
3012 1163 3043 1200 a
3086 1149 3511 1215 concupiscentia
3562 1151 3812 1203 omnibus

2242 1217 2493 1271 molestus
2529 1226 2579 1271 et
2620 1218 2783 1271 durus
2830 1217 3044 1270 evadis?
3074 1218 3321 1286 Teipsum
3366 1233 3495 1286 ergo
3536 1220 3807 1281 examina,

2240 1286 2408 1353 qualis
2436 1303 2629 1353 nempe
2664 1289 2758 1348 sis,
2791 1302 2909 1339 cum
2958 1287 3025 1341 ab
3076 1286 3299 1340 ecclesia
3357 1286 3585 1350 recedis,
3638 1292 3811 1356 qualis

2238 1370 2358 1408 cum
2385 1371 2414 1407 a
2447 1357 2664 1409 theatris
2693 1366 2884 1422 :atqne
2912 1357 3186 1425 utriusque
3209 1356 3323 1410 dies
3368 1369 3550 1409 mutuo
3600 1359 3803 1421 confer,

2240 1426 2477 1493 nihilque
2506 1440 2641 1493 opus
2680 1425 2899 1479 habebis
2952 1441 3200 1479 sermone
3236 1435 3439 1480 nostro.
3482 1427 3624 1480 Salis
3668 1431 3806 1481 enim

2237 1496 2637 1565 eritiutriusque
2663 1496 3001 1562 comparatio,
3025 1504 3080 1548 ut
3105 1495 3415 1549 ostendatur
3434 1496 3557 1565 quid
3609 1502 3805 1565 magni,

2236 1564 2363 1631 quid
2393 1565 2630 1617 utilitatis
2657 1565 2777 1632 hinc
2801 1566 3036 1628 accedat,
3071 1573 3124 1617 et
3164 1574 3420 1631 quantum
3454 1564 3595 1620 inde
3640 1564 3805 1620 detri-

2237 1634 2578 1703 inenti.l|a‘c
2598 1635 2708 1701 jam
2738 1644 2929 1686 vestra:
2979 1633 3186 1685 caritati
3234 1634 3362 1698 dixi,
3417 1644 3471 1688 et
3516 1651 3804 1703 numquam

2238 1702 2395 1755 linem
2422 1702 2630 1756 dicendi
2660 1705 2869 1755 faciam.
2918 1703 3005 1756 Sic
3033 1704 3174 1755 enim
3202 1704 3570 1770 regrotantium
3619 1702 3806 1758 morbo

2236 1773 2586 1835 medebimur,
2613 1788 2705 1825 eos
2732 1782 2905 1824 autem
2923 1774 3009 1837 qui
3033 1773 3256 1825 sanitate
3269 1773 3498 1840 gaudent
3522 1777 3807 1827 continua-

2236 1840 2431 1894 bimus.
2461 1844 2703 1908 Utrisque
2738 1842 2876 1895 enim
2930 1842 3229 1906 hujusmodi
3273 1856 3450 1894 sermo
3499 1844 3643 1897 utilis
3673 1855 3803 1909 .cst;

2237 1912 2362 1975 illis,
2392 1922 2448 1963 ut
2468 1912 2773 1973 abscedant,
2796 1912 2895 1975 his,
2925 1928 2990 1963 ne
3015 1912 3271 1964 labantur.
3300 1910 3487 1965 Verum
3506 1914 3631 1979 quia
3656 1929 3808 1981 Opor—

2238 1989 2309 2033 tet
2339 1996 2432 2033 eos
2457 1983 2543 2048 qui
2573 1983 2863 2047 increpant,
2896 1981 2945 2032 id
2976 1981 3245 2033 moderate
3272 1981 3479 2042 facere;
3510 1983 3594 2035 hic
3622 1984 3806 2037 adma-

2235 2051 2485 2103 nitionem
2519 2051 2778 2111 linicmus,
2798 2058 2851 2101 et
2878 2065 2994 2116 qua:
3023 2062 3333 2117 supererant
3359 2067 3424 2103 ex
3481 2052 3804 2117 prmcedemi

2236 2130 2545 2187 argumento
2582 2120 2879 2175 reddemus.
2908 2128 3065 2185 atque
3090 2119 3154 2172 ad
3184 2121 3535 2187 patriarcham
3560 2134 3801 2177 nostrum

2237 2190 2497 2241 Abraham
2524 2188 2825 2241 reilihimus.
2863 2188 3067 2239 Etenim
3086 2189 3379 2255 pictoribus
3407 2204 3542 2253 mos,
3567 2206 3689 2243 cum
3714 2208 3799 2246 ac-

2232 2268 2470 2311 curatam
2521 2259 2701 2309 volunt
2730 2258 3016 2323 depingere
3060 2260 3373 2325 imaginem;
3418 2273 3539 2321 uno,
3598 2261 3804 2316 duobus

2234 2330 2465 2383 tribusve
2488 2328 2694 2391 diebus,
2725 2341 2816 2379 eos
2852 2342 2982 2393 quos
3008 2327 3292 2395 depingere
3315 2328 3493 2380 volunt
3523 2345 3703 2382 coram
3746 2348 3804 2387 se

2232 2400 2478 2451 sedentes
2504 2399 2846 2459 constituere,
2882 2407 2935 2446 ut
2965 2411 3029 2448 ex
3055 2396 3311 2462 frequenti
3346 2408 3560 2463 aspectu
3586 2416 3803 2453 aceura-

2233 2472 2335 2521 tius
2360 2470 2579 2520 formam
2605 2468 2919 2533 exprimant.
2963 2468 3090 2536 Quia
3120 2466 3277 2533 igitur
3308 2468 3458 2519 nobis
3480 2469 3587 2535 jam
3614 2486 3804 2536 [ιι-(ιρι).

2230 2538 2385 2589 situm
2416 2551 2515 2599 est,
2550 2552 2650 2589 non
2696 2550 2965 2607 corporea:
3006 2535 3185 2587 forma:
3232 2536 3443 2607 modum
3491 2535 3799 2607 depingere,

2230 2607 2325 2660 sed
2373 2608 2562 2659 aninne
2610 2605 3075 2673 pulchritudinem,
3122 2605 3499 2673 intelligibilein
3555 2605 3796 2671 fortnam,

2230 2676 2501 2729 ﬂorentem
2527 2677 2653 2743 justi
2688 2675 2951 2735 virtutem,
2984 2675 3096 2739 ejus
3122 2676 3601 2735 mansuetudinem,
3639 2680 3797 2731 animi

2230 2746 2639 2811 magnitudinem
2668 2785 2681 2804 ,
2716 2748 2931 2810 ejusque
2969 2752 3187 2796 crcteras
3215 2758 3402 2798 omnes
3431 2746 3687 2809 virtutes;
3720 2751 3800 2802 bis

2230 2815 2426 2867 diutius
2454 2830 2547 2881 par
2573 2826 2653 2867 est
2685 2813 2974 2875 immorari,
3006 2823 3055 2864 ut
3083 2812 3517 2882 perfrequeutem
3536 2819 3797 2874 sermonis

2228 2896 2566 2949 conspectuin
2599 2885 2665 2935 ab
2694 2881 3799 2949 archetypisimilitudincnonaberremus.

2230 2952 2284 3006 Si
2317 2954 2749 3018 cuimcorporcre
2781 2952 3029 3017 imagines
3076 2951 3271 3017 aliquid
3298 2952 3469 3006 solatii
3497 2954 3797 3009 videntibus

2228 3024 2473 3086 afferunt,
2507 3024 2671 3075 multo
2717 3023 2880 3087 magis
2931 3021 3119 3071 animae
3156 3020 3427 3085 imagines.
3480 3022 3598 3073 Illas
3643 3038 3799 3089 porro

2230 3108 2333 3145 non
2363 3094 2555 3160 ubique
2585 3093 2891 3156 conspicere
2920 3104 3229 3160 possumus;
3256 3103 3471 3142 necesse
3491 3091 3687 3159 quippe
3719 3103 3799 3146 est

2228 3175 2285 3216 ιιι
2314 3178 2418 3213 uno
2442 3159 2491 3213 in
2536 3162 2651 3213 loco
2678 3160 3105 3231 Constituantur,
3130 3159 3263 3231 hanc
3293 3174 3418 3231 vero
3463 3175 3798 3231 quocumque

2228 3232 2459 3284 Volueris
2498 3233 2835 3283 circumferre
2866 3239 3031 3294 potes.
3066 3227 3196 3279 Nam
3224 3229 3266 3278 si
3314 3228 3455 3281 illam
3510 3231 3557 3280 in
3608 3227 3798 3285 mentis

2230 3302 2479 3369 penuario
2552 3298 2829 3377 recondas,
2877 3296 3191 3378 uliieumqpc
3251 3296 3433 3378 fueris,
3495 3301 3798 3378 frequenter

2228 3365 2490 3437 respicere
2518 3368 2734 3437 poteris,
2768 3377 2825 3437 et
2844 3379 3090 3437 magnam
3115 3366 3243 3437 hinc
3265 3365 3465 3419 referre
3492 3365 3793 3424 utilitatem.

2228 3435 2776 3506 Ac‘quemailmodum
2818 3436 2872 3496 ii,
2897 3436 2985 3502 qui
3009 3435 3175 3487 oculis
3197 3436 3454 3507 laborant,
3484 3437 3526 3487 si
3551 3441 3797 3507 Spongias

2224 3518 2275 3562 et
2291 3508 2500 3561 cmrnlei
2519 3508 2709 3560 coloris
2733 3520 2931 3573 pannos
2960 3514 3190 3569 teneant,
3224 3514 3277 3557 et
3302 3505 3602 3573 frequenter
3632 3505 3796 3561 iu‘illa

2224 3578 2528 3645 respiciant,
2562 3576 2755 3645 aliquid
2778 3576 2951 3627 Solatii
2980 3589 3043 3645 ex
3076 3575 3373 3641 hnjusmodi
3406 3577 3587 3629 colore
3622 3580 3795 3644 perci-

2224 3644 2410 3714 piunt:
2447 3649 2511 3699 ita
2537 3656 2589 3698 et
2616 3655 2666 3697 tu
2698 3647 2741 3697 si
2786 3644 3096 3711 patriarchae
3128 3644 3359 3697 Abrahae
3404 3647 3687 3713 imaginem
3730 3648 3796 3702 ob

2225 3718 2407 3770 oculos
2443 3718 2708 3778 habueris,
2764 3730 2826 3767 ac
2878 3714 3183 3785 frequenter
3226 3716 3275 3767 in
3323 3730 3443 3785 eam
3476 3718 3794 3785 respexeris,

2224 3788 2429 3840 etiamsi
2462 3787 2755 3839 sexcenties
2786 3786 2881 3845 ira,
2913 3784 3025 3837 sive
3054 3786 3187 3837 alius
3237 3784 3407 3852 quivis
3445 3784 3637 3853 pravus
3668 3787 3796 3842 aﬂ'e-

2227 3868 2344 3909 ctus
2372 3857 2563 3909 mentis
2580 3857 2789 3908 oculum
2812 3855 3083 3919 agitaverit
3108 3862 3199 3907 aut
3226 3855 3532 3917 turbaverit,
3564 3856 3688 3909 illud
3714 3860 3794 3911 in-

2225 3938 2378 3980 tuens
2404 3927 2613 3979 virtutis
2665 3922 3290 4003 exemptam-perfectam
3329 3926 3558 4003 accipies
3598 3931 3795 4003 sanitas

2225 4007 2350 4057 tein,
2384 4011 2669 4062 puramque
2701 3994 3106 4063 philosophiam.
3149 3993 3389 4057 Demum,
3421 3993 3464 4047 si
3486 3994 3681 4063 placet,
3726 3997 3793 4049 ad

2224 4067 2549 4135 propositum
2577 4062 3239 4135 sermonemreducainus.

2292 4132 2345 4189 ἓξ
2379 4135 2571 4188 Beatus
2600 4134 2838 4201 Moyses,
2863 4132 3055 4185 dilecte
3076 4172 3089 4191 ,
3119 4132 3206 4198 qui
3257 4146 3352 4199 per
3380 4132 3462 4199 pia
3492 4148 3652 4201 opera
3684 4135 3792 4189 Deo

2224 4205 2498 4258 familiaris
2528 4204 2658 4265 fuit,
2689 4203 2776 4270 qui
2808 4217 2917 4270 prae
2957 4202 3202 4253 omnibus
3231 4201 3526 4268 prophetis.
3555 4204 3644 4268 qui
3676 4216 3794 4269 post

2226 4277 2371 4329 illum
2423 4274 2668 4337 fuerunt,
2700 4271 3054 4339 peculiaribus
3094 4271 3342 4338 dignatus
3396 4279 3479 4323 est
3524 4273 3791 4325 Creatoris

2220 4346 2521 4411 colloquiis.
2555 4353 2737 4409 utpote
2764 4356 2883 4394 cum
2918 4342 3053 4392 Deus
3081 4341 3247 4405 ipsum
3279 4355 3339 4391 os
3365 4341 3431 4392 ad
3454 4355 3517 4392 os
3545 4341 3789 4408 alloquu-

2221 4425 2305 4467 tus
2340 4416 2411 4466 sit
2455 4414 2504 4464 in
2544 4412 2755 4478 specie,
2797 4426 2901 4461 non
2951 4425 3049 4477 per
3091 4411 3368 4476 amigmata
3400 4449 3413 4469 ,
3470 4412 3560 4476 qui
3611 4412 3790 4463 divino

2220 4483 2360 4549 igne,
2391 4479 2717 4534 illuminandi
2749 4480 2939 4540 solum,
2972 4494 3073 4549 non
3105 4478 3289 4530 urcndi
3312 4478 3415 4530 vim
3449 4480 3694 4542 habente,
3722 4482 3789 4532 ad

2221 4548 2312 4604 Dei
2342 4550 2842 4615 contemplationem
2871 4548 3141 4599 inSIitutus
3169 4558 3249 4599 est
3270 4588 3284 4611 ,
3333 4550 3420 4616 qui
3454 4549 3635 4602 divino
3661 4566 3787 4603 con-

2217 4622 2337 4675 silio
2362 4622 2493 4673 deus
2539 4618 2828 4671 Pharaonis
2875 4616 3164 4684 appellatus
3208 4625 3323 4679 est,
3375 4627 3432 4673 et
3469 4622 3788 4671 veneranda:

2218 4690 2594 4757 appellationis
2644 4686 2913 4759 consortio
2932 4726 2975 4759 ,_
2999 4701 3106 4759 prie
3133 4686 3196 4738 iis
3231 4690 3481 4759 omnibus
3520 4692 3609 4759 qui
3658 4700 3786 4759 tunc

2215 4754 2387 4822 erant,
2432 4767 2650 4811 ornatus
2676 4765 2754 4811 est
2784 4795 2800 4820 ,
2828 4756 2916 4821 qui
2946 4754 3197 4809 divinitus
3244 4754 3598 4811 ἱηιιιιίδεςσιτιίιιι
3629 4758 3787 4826 [Egy-

2217 4830 2339 4896 ptiis
2365 4831 2632 4897 plagarum
2655 4827 2895 4897 minister
2918 4826 3337 4897 terribilissiinus
3366 4830 3685 4897 constitutus
3705 4840 3787 4879 est

2215 4894 2270 4953 et
2296 4894 2633 4967 Operairicisk
2657 4897 2749 4967 Dei
2794 4895 3004 4947 virtutis
3028 4894 3400 4967 velocissimus
3447 4896 3676 4949 famulus
3700 4900 3781 4949 vi-

2214 4983 2305 5023 sus
2334 4964 2444 5030 est,
2485 4967 2571 5034 qui
2603 4964 2829 5032 Spiritus
2873 4964 3047 5034 sancti
3090 4965 3304 5016 lucerna
3334 4966 3636 5018 illustratus
3662 4976 3737 5017 est
3766 5006 3780 5027 ,

2214 5032 2515 5092 secundum
2532 5034 2859 5103 spiritualein
2888 5032 3079 5085 mentis
3106 5034 3340 5095 oculum,
3366 5046 3421 5086 et
3442 5036 3782 5101 antiquorum

2214 5108 2591 5174 omnipotentis
2628 5103 2849 5174 _artilicis
2894 5116 3115 5169 operum
3166 5112 3465 5174 enarrator,
3493 5120 3617 5157 sero
3664 5106 3783 5157 licet

2213 5172 2458 5239 fuitfhic
2500 5176 2580 5225 vir
2626 5172 2810 5224 beatus
2840 5179 2958 5241 post
2982 5183 3280 5225 euarratam
3328 5173 3607 5241 pulchram
3640 5176 3781 5225 illam

2213 5258 2266 5299 et
2292 5248 2425 5300 bene
2452 5243 2747 5297 ordinatam
2792 5239 2977 5311 mundi
3004 5239 3353 5305 creationem,
3386 5244 3451 5295 ad
3486 5245 3779 5311 priscorum

2214 5316 2425 5371 illarum
2476 5313 2749 5381 hominum
2796 5310 3069 5381 historiam
3118 5314 3302 5377 venit,
3337 5310 3528 5380 partim
3583 5314 3781 5381 proho-

2212 5402 2327 5439 rinn
2352 5425 2367 5449 ,
2398 5385 2587 5454 partim
2632 5378 3027 5454 improborum,
3059 5388 3113 5433 et
3137 5378 3391 5433 bonorum
3420 5378 3631 5454 quidem
3662 5384 3781 5435 feli-

2212 5450 2481 5508 cissimum
2508 5451 2727 5510 exitum,
2761 5450 3023 5501 malorum
3052 5464 3176 5503 vero
3201 5450 3588 5504 exsecrandum
3622 5454 3779 5505 tinem

2211 5524 2531 5592 descripsit,
2562 5531 2618 5571 ut
2647 5519 2928 5592 exinundi
2967 5520 3237 5573 creatione
3281 5522 3423 5573 circa
3458 5522 3551 5573 Dei
3579 5522 3780 5575 cultum

2212 5590 2537 5653 erudiamur,
2566 5606 2630 5642 ex
2660 5590 2962 5658 priscorum
2991 5604 3114 5642 vero
3140 5592 3244 5642 vita
3268 5632 3280 5651 ,
3315 5592 3605 5657 nequitiam
3629 5606 3779 5643 aver-

2212 5667 2353 5723 sari,
2387 5665 2746 5727 virtutemque
2791 5660 2968 5713 colere
3014 5660 3297 5712 doceamur
3324 5701 3339 5723 ,
3386 5664 3573 5728 sicque
3627 5660 3779 5715 facile

2214 5733 2514 5803 religiosam
2566 5741 2621 5785 ct
2670 5734 2880 5786 beatam
2912 5732 3071 5784 vitam
3118 5728 3394 5783 ducamus.
3444 5731 3604 5784 Multa
3637 5744 3779 5787 certe
