3978 6476
183 499 288 557 549

205 598 466 671 quomodo
513 597 790 671 suasisset
816 593 1027 649 mulieri
1054 588 1292 671 allecto“
1320 585 1630 671 inebriath
1653 579 1776 671 “sed

207 653 640 731 title-renasisset.
679 667 942 734 Religiesa
982 664 1122 718 enim
1173 661 1361 734 mulier
1390 665 1522 718 erat,
1565 663 1619 709 et
1643 653 1783 734 ﬁlle-

209 723 387 793 l—issiini
415 723 515 791 viri
556 737 746 806 conjux
788 723 825 787 εν
842 745 1173 806 consequens
1200 730 1571 806 omninocrat
1603 733 1658 776 ιιι
1698 723 1782 776 illa

210 824 404 862 morem
435 821 630 876 gerens
658 796 821 859 lilium
852 796 1197 876 praemitteret
1222 796 1628 876 adrsacriﬁeium
1663 807 1784 876 pro-

209 862 478 931 cedentem
500 917 514 938 ,
567 862 909 942 amoremque
960 869 1352 942 vihobruerct,
1383 865 1543 942 quod
1563 864 1658 942 ita-
1678 862 1784 942 Deo

213 952 457 1013 placeret,
487 931 583 1000 sed
616 946 663 997 vi
697 931 945 1013 naturalis
974 939 1192 1013 affectus
1212 937 1310 1013 _vel
1341 931 1500 1013 invita
1534 933 1583 984 in
1629 931 1783 984 ﬁetns

211 1007 598 1083 prorumperet.
645 1016 785 1080 Quot
833 1010 1010 1083 fantttli
1058 1008 1174 1083 istic
1207 1007 1415 1073 juvenis
1453 1016 1634 1080 amore
1663 1014 1785 1051 cru-

213 1079 325 1136 ciati
368 1079 629 1138 fuissent?
668 1079 795 1151 quot
823 1080 1028 1151 ancilia:
1072 1079 1122 1129 in
1148 1083 1786 1151 partcmummroriscum

215 1153 336 1206 hera
371 1154 646 1205 venissent
665 1144 698 1203 ’ξ’
718 1161 845 1214 quot
873 1146 1182 1206 Chanantei,
1217 1144 1501 1214 familiares
1525 1148 1579 1193 et
1607 1144 1785 1201 vicini,

214 1223 346 1276 circa
377 1222 490 1273 lucc
521 1222 695 1274 mirati
722 1212 983 1273 fuissent?
1014 1217 1144 1269 llinc
1171 1213 1424 1287 tumultus
1452 1212 1673 1287 ingens;
1693 1222 1787 1286 ge-

217 1291 387 1355 mitus,
410 1289 588 1350 lletus,
610 1291 877 1358 lacrymze,
899 1301 959 1358 ac
975 1288 1018 1338 si
1042 1293 1280 1358 mortuus
1297 1281 1594 1358 elici-retur.
1620 1278 1789 1358 Dixis-

216 1369 291 1414 εει
319 1349 487 1413 mater
527 1349 633 1412 alto
659 1349 889 1411 clamore
921 1356 1142 1422 lugens:
1177 1354 1245 1405 Da
1272 1349 1436 1422 ⁸ιιιὶΙιί,
1482 1350 1572 1412 lili,
1616 1355 1790 1422 extre-

217 1444 353 1482 mum
399 1429 724 1497 amplexum.
772 1426 881 1493 Ege
921 1415 1220 1490 Sperabam,
1263 1419 1355 1497 ﬁli,
1404 1433 1543 1497 mea
1576 1427 1626 1469 te
1655 1415 1787 1468 ell'e-

219 1498 432 1552 rendam
463 1486 606 1561 esse,
647 1504 700 1549 et
741 1486 962 1547 mo'rtcoi
1002 1508 1171 1561 meam
1214 1490 1317 1543 tuis
1345 1486 1632 1541 ornandam
1673 1497 1791 1536 esse

219 1567 460 1637 lacrymis
495 1585 508 1619 :
545 1560 818 1637 quiavero
847 1561 1110 1618 Creatoris
1140 1560 1407 1637 decretum
1439 1571 1583 1624 spem
1617 1568 1785 1637 meam

219 1623 356 1698 vicit,
384 1623 617 1706 conique
661 1635 833 1706 lugeo,
874 1647 900 1683 a
933 1647 1038 1699 quo
1065 1644 1149 1706 me
1198 1623 1481 1706 lugendam
1507 1623 1790 1706 _sperabam

219 1720 352 1766 esse,
387 1707 492 1757 hoc
517 1698 686 1757 solum
718 1698 812 1756 ahs
843 1710 892 1756 te
919 1698 1148 1770 postulo,
1180 1708 1232 1751 ut
1263 1698 1463 1770 cum_iu
1507 1698 1677 1762 ignem
1698 1706 1792 1770 sa-

219 1763 395 1828 criﬁcii
439 1773 721 1836 ascendes,
752 1763 935 1825 Detun'
961 1785 1056 1839 pro
1085 1784 1170 1822 me
1199 1768 1450 1836 preceris,
1494 1773 1548 1816 ut
1585 1777 1649 1815 ex
1697 1763 1794 1839 hac

221 1842 322 1896 vita
352 1844 627 1896 discedam
656 1853 933 1909 antequam
976 1839 1223 1909 sacerdos
1251 1844 1547 1909 revertatur
1575 1847 1601 1883 a
1633 1845 1801 1909 sacri-

225 1912 357 1966 ﬁcio.
391 1912 674 1965 Desteram
704 1905 856 1980 enim
877 1909 1095 1980 patris,
1119 1906 1208 1980 ﬁlii
1252 1905 1799 1980 sanguincncruenta-

223 1991 346 2046 tam,
381 1980 565 2034 videre
594 1995 816 2049 nequeo.
849 1972 972 2049 lliec
1008 1977 1222 2049 quidem
1266 1985 1456 2049 mater.
1501 1972 1628 2037 Quis
1672 1983 1796 2022 vero

223 2043 426 2104 tulisset
451 2043 871 2104 Chananz'eorum
902 2047 964 2100 ad
1005 2043 1105 2098 hoc
1129 2043 1490 2116 spectaculum
1516 2052 1794 2116 accurren-

226 2121 348 2174 tium
389 2119 712 2186 opprobria?
755 2120 899 2171 Alius
929 2117 1081 2189 _enim
1127 2110 1261 2167 forte
1308 2113 1595 2189 dixlissnetnz.
1636 2110 1700 2172 0,
1721 2110 1792 2189 λιι

226 2205 378 2258 quem
418 2176 709 2240 thalamum
738 2189 898 2240 lilium
928 2186 1096 2258 bonus
1124 2178 1693 2258 p:i_ter__duci_t_?Alius,
1721 2176 1794 2229 Ex

228 2247 328 2326 .in
357 2259 482 2309 ovili
511 2259 644 2311 hanc
667 2257 932 2310 victimam
961 2247 1199 2322 profert?
1223 2253 1390 2326 Alius,
1416 2247 1797 2326 [’UlCl-ll'C-QCIIS

227 2319 336 2381 vult
365 2328 719 2393 multiplicare
747 2339 908 2392 genus
936 2319 1048 2391 ejus
1077 2326 1214 2376 sicut
1245 2321 1425 2393 srellas
1453 2319 1592 2393 caeli.
1625 2319 1794 2393 Atius,

230 2398 271 2452 0
307 2406 436 2465 quot
475 2385 630 2449 senes
673 2385 811 2448 hunc
852 2385 1111 2465 miserum
1138 2401 1202 2465 _ut
1246 2392 1410 2465 lilium
1444 2385 1800 2465 pl_orant_,__hic

231 2455 354 2520 vero
376 2481 540 2518 senex
566 2480 748 2517 amens
772 2479 834 2516 nc
856 2479 1004 2515 suum
1028 2461 1236 2530 quidem
1262 2461 1421 2513 lilium
1445 2455 1618 2530 plorat
1635 2455 1800 2530 l_ll:_ec

230 2537 511 2590 Chananzei
536 2550 548 2597 ;
581 2551 645 2588 ex
672 2535 839 2586 servis
865 2526 1197 2584 antem—alius
1221 2528 1611 2597 ingemiscenda
1639 2526 1799 2577 dixis~

230 2614 312 2658 set
343 2624 354 2657 :
387 2605 432 2658 0
462 2619 678 2671 puerum
725 2604 996 2663 miserum,
1025 2602 1114 2672 qui
1148 2601 1293 2652 tarde
1323 2598 1482 2657 venit,
1525 2597 1802 2672 etuimma-

231 2683 344 2727 ture
373 2664 645 2726 discessit!
679 2673 822 2725 Tuus
863 2686 989 2724 vero
1022 2664 1408 2731 inexspectatus
1452 2665 1642 2717 natalis
1688 2664 1801 2716 dics

237 2753 336 2800 est.
369 2745 731 2810 inexspectata
760 2742 917 2794 etiam
947 2755 1109 2793 mors.
1156 2737 1302 2792 Unus
1340 2739 1476 2810 inter
1514 2747 1697 2810 omnes
1736 2748 1801 2786 ex

232 2814 395 2865 sterili
429 2804 603 2890 vulva,
627 2813 773 2890 stilus
801 2812 936 2890 inter
956 2824 1140 2890 euntes
1164 2811 1358 2886 luctum
1375 2805 1449 2890 ad
1479 2804 1800 2884 sepulturam

231 2891 370 2933 tuam
404 2873 614 2933 audisti.
645 2879 689 2933 0
711 2881 915 2950 qualem
944 2879 1190 2950 dominus
1213 2876 1328 2950 ejus
1358 2877 1497 2928 delet
1523 2873 1801 2950 imaginem

233 2952 380 3003 νίιωι
432 2951 553 3002 llaec
582 2943 755 3016 itaque
785 2949 974 3016 singuli
1009 2966 1021 3000 ε
1069 2943 1434 2999 simulantem
1483 2958 1665 3016 omnes
1708 2943 1804 3016 do-

231 3035 372 3072 mum
401 3012 748 3081 revertentes,
777 3012 921 3090 quasi
961 3031 1066 3090 uno
1105 3031 1196 3070 ore
1225 3016 1480 3068 dixissent
1509 3035 1518 3067 :
1557 3013 1697 3065 Vade
1737 3012 1802 3090 de

234 3091 481 3156 reliquo,
530 3104 561 3138 ο
601 3104 794 3152 senex,
850 3087 948 3138 hoc
991 3087 1161 3137 solum
1217 3093 1388 3156 tecum
1433 3093 1717 3156 reputans;
1760 3087 1804 3134 si

233 3153 373 3211 hunc
408 3158 780 3221 itmnelaveris,
806 3158 961 3208 alium
988 3156 1148 3207 ﬁlium
1179 3170 1205 3206 a
1234 3155 1269 3208 S
1291 3170 1361 3205 .ra
1391 3169 1492 3204 non
1522 3153 1800 3218 suscipies.

236 3228 359 3280 ll:cc
388 3228 610 3293 sapienti
641 3225 913 3278 ratiocinio
941 3227 1229 3291 pra'vidcns
1254 3224 1536 3287 Abraham,
1567 3222 1648 3293 his
1675 3235 1801 3293 con-

234 3291 482 3351 sideralis
514 3298 694 3348 beatus
735 3295 842 3360 ille,
884 3295 1016 3347 intra
1052 3308 1108 3346 se
1141 3302 1456 3360 prtcceptum
1499 3291 1800 3351 occultavit,

234 3368 309 3419 sic
343 3367 580 3429 all‘ectus,
616 3380 677 3418 ac
720 3365 761 3418 si
808 3363 1086 3416 audivisset
1119 3377 1308 3415 arcana
1351 3363 1510 3413 verba
1552 3376 1668 3428 quze
1700 3375 1801 3411 non

235 3435 419 3489 liceret
452 3436 650 3487 honuni
683 3435 841 3501 loqui.
886 3434 928 3486 0
965 3435 1214 3485 thesauro
1257 3431 1564 3483 abscondite
1603 3429 1809 3501 divine-

236 3521 349 3558 rnm
386 3500 766 3572 prmeeptoruni
792 3507 803 3556 !
835 3519 867 3554 o
898 3503 1283 3570 receptaculum
1309 3500 1676 3572 arcanorum!
1724 3514 1808 3552 rc-

235 3570 574 3640 reptaculum
594 3588 860 3626 sacrorum
891 3573 978 3626 Dei
1007 3570 1319 3624 verberum!
1349 3570 1466 3622 tlmc
1497 3571 1583 3621 tibi
1613 3578 1808 3640 myste-

237 3639 311 3696 ria
344 3659 438 3710 per
466 3652 630 3695 totum
663 3643 841 3694 orbem
876 3641 1195 3710 pra-dicavit.
1232 3639 1582 3710 ldcortacitns
1612 3639 1808 3710 incedit

239 3708 387 3780 pater
409 3729 528 3764 cum
560 3712 757 3774 lsaaco,
786 3708 918 3764 duos
945 3712 1113 3763 solum
1139 3724 1316 3780 secum
1341 3709 1539 3760 ducens
1562 3708 1804 3780 famulos,

234 3777 322 3848 qui
358 3783 599 3834 sacrilicii
631 3784 846 3848 hujusce
877 3780 1083 3832 modum
1115 3779 1442 3844 ignorabant,
1478 3777 1809 3845 progreditur

235 3863 411 3902 autem
446 3852 601 3901 trium
631 3851 832 3902 dierum
867 3850 1070 3903 itinere.
1103 3849 1180 3901 Tu
1210 3863 1333 3900 vero
1360 3848 1502 3900 disce
1530 3848 1807 3916 probatum

241 3920 596 3986 progenitoris
634 3923 885 3977 animum.
923 3920 1077 3986 idque
1123 3919 1172 3970 in
1222 3926 1366 3970 tanto
1402 3917 1603 3969 itineris
1644 3917 1809 3986 inter-

239 3985 396 4041 vallo.
433 3988 609 4056 Neque
637 3989 775 4039 enim
811 3989 945 4040 Deus
972 3985 1065 4052 ipsi
1097 3990 1260 4039 altare
1289 4002 1449 4054 prope
1471 3985 1718 4056 ostendit,
1745 3999 1810 4039 ne

240 4060 360 4111 lidei
391 4055 583 4110 ardore
629 4058 879 4109 naturalis
908 4056 1124 4108 allectus
1153 4066 1516 4116 averteretur;
1547 4055 1637 4107 sed
1670 4064 1724 4107 ut
1755 4056 1805 4107 iit

242 4129 400 4195 longe
432 4127 637 4187 itinere,
674 4127 832 4179 ﬁlium
861 4126 947 4177 diu
974 4125 1302 4192 conSpicieus
1331 4124 1398 4175 ibi
1432 4138 1524 4190 pro
1554 4139 1698 4195 more
1725 4125 1809 4175 lu-

239 4193 384 4249 dicra
414 4206 675 4264 agentem,
707 4196 756 4247 in
787 4197 936 4248 ulnas
969 4209 1090 4247 suas
1129 4205 1507 4264 accurrentem,
1537 4193 1621 4264 rei
1653 4194 1809 4261 perli-

240 4263 804 4332 cicndmcogitatiene,
849 4267 988 4318 velut
1033 4278 1216 4316 aurum
1261 4264 1311 4314 in
1351 4263 1487 4330 igne,
1533 4263 1586 4314 in
1629 4277 1810 4316 amore

241 4351 382 4399 δερμα
425 4331 743 4386 exercitatus
778 4343 932 4401 atque
975 4334 1257 4402 probatus,
1308 4331 1811 4402 splendidiusobc-

240 4405 456 4456 dieutia:
496 4403 820 4471 propositum
852 4400 1170 4455 ostenderet.
1196 4401 1238 4454 0
1265 4403 1469 4471 quoties
1498 4402 1545 4452 in
1571 4400 1811 4453 triduano

242 4475 330 4524 illo
355 4488 454 4523 vni:
489 4470 768 4525 intervallo
811 4486 954 4537 pater
992 4473 1040 4523 in
1072 4473 1244 4538 seipse
1273 4470 1469 4522 ca'dem
1510 4470 1599 4521 lilii
1638 4480 1810 4522 mente

243 4543 512 4594 versavit?
539 4543 743 4608 quoties
773 4543 906 4592 intra
937 4555 995 4593 se
1023 4540 1109 4593 lilii
1134 4539 1356 4592 cadaver
1385 4553 1511 4607 rogo
1540 4539 1807 4606 imposuit,

243 4613 400 4662 toties
432 4613 480 4662 iu
508 4611 667 4662 Corde
689 4610 1010 4671 vulneratus,
1033 4610 1238 4678 quoties
1255 4610 1566 4660 sacrilicium
1593 4610 1642 4659 in
1666 4624 1810 4660 meno

243 4691 346 4729 ιι-ιιι
377 4679 692 4732 revocabat?
716 4678 906 4731 Malum
930 4681 1070 4732 enim
1092 4678 1233 4746 quod
1257 4679 1361 4745 jam
1387 4678 1606 4743 contigit
1636 4679 1809 4730 statim

245 4751 351 4798 lere
401 4751 448 4799 in
491 4749 807 4800 oblivionem
853 4751 1012 4810 venit,
1063 4747 1202 4814 quod
1251 4757 1422 4799 autem
1454 4755 1809 4814 exspectatur,

244 4820 401 4867 toties
441 4831 666 4869 tumrore
707 4819 886 4878 allicit,
930 4818 1133 4885 quoties
1165 4820 1422 4868 succurrit
1463 4818 1510 4867 in
1559 4828 1808 4869 mentem.

250 4887 400 4936 Videt
426 4886 637 4937 demtnn
664 4887 841 4952 procul
870 4889 1051 4939 beatus
1081 4887 1169 4938 ille
1193 4887 1432 4937 sacrilicii
1460 4886 1652 4946 locum,
1687 4886 1813 4938 incf-

247 4955 390 5004 l‘ahili
426 4956 648 5020 quadam
683 4970 807 5007 voce
839 4957 1117 5015 indicante,
1162 4956 1436 5021 solumque
1467 4954 1626 5004 ﬁlium
1667 4966 1814 5021 pater

247 5038 425 5074 secum
455 5026 695 5084 assumit,
731 5025 923 5077 relictis
953 5036 1069 5076 cum
1113 5024 1261 5076 asine
1289 5024 1454 5075 servis
1487 5041 1499 5074 :
1541 5023 1686 5075 Solus
1715 5024 1812 5077 de-

247 5107 388 5143 mum
431 5106 549 5143 cum
590 5094 702 5143 Solo
733 5093 872 5145 Isaac
913 5093 1258 5161 progreditur,
1290 5107 1389 5144 non
1425 5100 1476 5143 ut
1508 5101 1653 5157 pater
1692 5107 1810 5144 cum

251 5163 377 5221 lilio,
423 5161 513 5211 sed
558 5169 612 5211 ut
646 5163 890 5214 sacerdos
921 5178 1039 5214 cum
1082 5162 1271 5214 hostia.
1309 5166 1537 5214 lsaacum
1570 5163 1811 5213 sacrilicii

249 5230 400 5297 lignis
431 5239 645 5291 onerat,
677 5231 904 5297 gladium
936 5244 986 5284 et
1020 5233 1190 5298 ignem
1231 5234 1339 5297 ipse.
1377 5240 1563 5299 gestat.
1598 5231 1811 5282 Sarciua

248 5308 433 5350 onerat
456 5299 722 5364 juvenem,
757 5309 807 5350 ut
837 5316 899 5351 ex
931 5302 1108 5352 labere
1137 5316 1270 5368 puer
1297 5306 1541 5352 sudorem
1570 5301 1771 5351 emittat
1796 5315 1807 5348 :

250 5379 302 5419 ut
330 5369 416 5420 illo
450 5369 669 5418 naturali
702 5369 889 5420 balneo
916 5371 1146 5432 ablutus,
1180 5372 1408 5422 sanctior
1445 5369 1527 5419 ﬁat
1581 5371 1684 5420 Deo
1715 5368 1810 5418 he-

248 5439 367 5488 stia.
403 5437 675 5502 Postquam
721 5436 819 5487 huc
858 5454 1032 5489 sermo
1061 5442 1315 5504 pervenit,
1358 5449 1412 5490 ut
1443 5439 1543 5490 vidi
1572 5438 1810 5505 ﬁguram,

249 5507 522 5557 veritati-tn
547 5507 595 5557 in
620 5517 846 5558 mentem
872 5510 1130 5559 revocavi.
1165 5508 1356 5559 Videus
1378 5523 1514 5560 cnnn
1539 5523 1640 5573 quo
1663 5517 1814 5572 pacto

252 5576 396 5626 Isaac
436 5575 532 5626 sibi
574 5576 810 5627 sacrilicit
856 5577 989 5642 ligna
1036 5587 1222 5642 gestat,
1254 5575 1516 5629 Christum
1554 5578 1810 5642 glol‘tlico,

247 5643 336 5711 qui
369 5652 582 5712 propter
612 5645 878 5697 heminum
924 5645 1142 5696 salutem
1171 5662 1380 5698 crucem
1422 5660 1568 5697 suam
1607 5653 1815 5712 gestare

248 5713 432 5763 voluit.
467 5712 648 5765 'l'otius
688 5714 827 5765 enim
868 5713 1062 5764 Christi
1106 5717 1414 5767 ωροιιοιιιιω
1457 5715 1693 5766 umbram
1731 5715 1814 5767 hic

250 5792 704 5848 prmoccupantem
725 5783 889 5835 video.
921 5783 1064 5834 Sicut
1093 5784 1194 5835 ovis
1221 5785 1286 5835 ad
1314 5784 1608 5836 occisionem
1638 5783 1815 5836 ductus

246 5859 314 5902 at
365 5848 513 5920 (hat.
565 5851 650 5906 53.
701 5853 774 5922 7).
821 5851 1057 5905 Christus
1106 5869 1117 5904 :
1169 5853 1320 5920 hujus
1364 5862 1519 5924 typus
1558 5852 1700 5906 Isaac
1744 5854 1811 5907 ad

1266 469 1534 528 CONTRA
1578 463 1927 532 TllEATRA,
1969 460 2409 526 ETC..SER.\IO.

3357 465 3473 525 550

1888 580 2260 635 mactationem
2287 580 2478 633 ductus
2509 584 2608 631 est.
2634 574 2746 629 Prae
2768 571 2936 628 oculis
2959 579 3038 624 est
3069 571 3261 636 caedes,
3292 582 3465 643 neque

1888 651 2197 718 obsequium
2248 657 2404 718 negat
2455 647 2596 718 lsaa_c
2643 645 2847 718 parenti
2897 663 2908 697 :
2956 651 3113 718 typus
3163 645 3304 696 enim
3350 649 3467 696 erat

1888 713 2107 781 Christi,
2150 720 2248 785 Qui
2290 713 2504 772 o‘bedivit
2542 713 2686 769 Patri
2717 729 2869 781 usque
2906 713 2974 785 ad
3002 722 3226 785 mortem,
3255 721 3467 765 mor-mn

1889 800 2054 841 autem
2081 781 2243 841 malitis
2269 788 2521 857 (Philipp.
2551 787 2604 839 2.
2628 786 2712 857 _8).
2730 781 3076 857 _lsaac_si_mul
3101 781 3246 857 Illius
3274 790 3388 835 erat
3413 791 3466 835 et

1891 860 2116 912 victima.
2151 849 2405 912 Similiter
2434 849 2591 909 etiam
2618 849 2861 908 Christus
2894 853 3058 906 Filius
3100 849 3190 904 Dei
3222 859 3274 904 et
3303 866 3468 918 agnus

1890 930 1976 997 qui
2013 929 2145 981 tollit
2176 935 2444 997 peccatum
2483 925 2684 997 mundi.
2725 922 3050 997 Non__parcit
3089 921 3268 974 Isaace
3299 931 3462 997 pater,

1891 991 1983 1049 sed
2018 991 2186 1065 neque
2217 996 2353 1048 Deus
2377 995 2620 1065 Christo;
2656 1008 2787 1065 nam
2807 991 2940 1065 Filio
2971 1006 3191 1065 διιρλιοη
3222 993 3464 1065 ρςρρζιξίι,

1891 1067 1978 1118 sed
2018 1058 2114 1135 pro
2145 1066 2285 1119 nobis
2333 1064 2564 1135 omnibus
2605 1061 2995 1135 tradiditilluut
3036 1058 3220 1135 (Rom;
3255 1059 3307 1114 8.
3352 1060 3462 1130 52).

1891 1128 2089 1190 Triduo
2109 1145 2225 1203 post
2241 1134 2554 1189 sacriﬁcium
2580 1144 2747 1187 mater
2762 1131 2906 1184 videt
2930 1132 3185 1203 viventem
3200 1128 3467 1203 Isaacum;

1896 1215 2014 1273 post
2060 1199 2287 1259 triduum
2331 1205 2567 1258 Ecclesia
2623 1203 2987 1273 incorruptum
3032 1199 3174 1253 videt
3219 1201 3474 1273 Servate-

1893 1269 2026 1328 rem.
2064 1276 2185 1328 lla-c
2221 1277 2288 1329 de
2326 1274 2505 1342 ﬁguris
2545 1272 2765 1340 carptim
2809 1269 2948 1342 dicta
2985 1277 3160 1342 sunto.
3203 1269 3469 1325 Abraham

1895 1359 2021 1398 vero
2045 1346 2150 1413 jam
2184 1339 2419 1413 pervenit
2463 1343 2537 1413 ad
2571 1339 2744 1395 leonm
2785 1339 3047 1404 sacriﬁcii,
3085 1339 3472 1413 in_certamiue

1898 1408 2111 1467 domum
2155 1408 2492 1475 constitutus,
2527 1412 2579 1464 in
2619 1426 2724 1479 quo
2764 1419 2947 1463 natura
2989 1417 3042 1462 et
3085 1408 3329 1462 voluntas
3373 1427 3470 1478 pu-

1896 1493 2072 1550 gnant,
2107 1494 2392 1537 coronatur
2419 1492 2592 1535 autem
2621 1482 3060 1550 animusnatnrze
3094 1479 3280 1550 victor,
3313 1488 3470 1549 atque

1893 1547 2010 1620 jure
2045 1553 2133 1605 Dei
2162 1568 2312 1606 amor
2348 1553 2415 1606 de
2453 1567 2633 1604 amore
2667 1549 2757 1602 ﬁlii
2790 1549 3094 1620 triumphat.
3134 1547 3475 1620 Venitipa‘ter

1895 1616 2014 1674 cum
2045 1624 2169 1684 lilio,
2202 1624 2344 1675 solus
2372 1622 2620 1675 sacerdos
2645 1635 2762 1673 cum
2796 1619 2905 1671 sola
2938 1617 3130 1671 hostia.
3158 1616 3344 1670 Omnia
3374 1635 3465 1672 au-

1901 1702 2003 1742 lem
2049 1700 2200 1745 eiaint
2240 1692 2374 1746 ﬁlius
2421 1690 2587 1761 patri,
2635 1689 2907 1743 sacriﬁcus
2948 1687 3258 1752 ministerio,
3305 1688 3475 1746 hostia

1899 1761 2214 1814 sacerdotio.

1971 1830 2022 1883 6.
2068 1832 2173 1900 ligo
2204 1845 2328 1884 vero
2354 1829 2704 1900 adolescentis
2732 1828 2897 1882 miror
2927 1827 3283 1898 prudentiam,
3313 1844 3470 1898 quam

1902 1898 2210 1952 reverenter
2235 1902 2363 1966 patri
2392 1901 2531 1952 dicat
2562 1917 2574 1951 :
2609 1898 2780 1956 Pater.
2813 1914 2922 1968 ecce
2950 1901 3082 1968 ignis
3108 1909 3152 1950 et
3180 1900 3338 1968 ligna,
3370 1901 3478 1952 ubi-

1901 1985 2017 2021 nam
2050 1972 2153 2023 ovis
2185 1970 2331 2036 (Gen.
2362 1970 2450 2024 22.
2481 1968 2574 2039 7)?
2614 1968 2725 2023 Non
2767 1967 2951 2039 irridet
2977 1967 3354 2039 'rinunemorem
3383 1985 3476 2039 pa-

1906 2048 2039 2092 trem
2071 2056 2082 2092 :
2106 2040 2306 2093 sciebat
2335 2041 2472 2093 enim
2501 2037 2832 2092 Chananteos
2859 2038 2926 2091 ob
2955 2038 3117 2090 risum
3144 2037 3326 2092 Chami
3358 2037 3474 2094 scr-

1901 2108 2050 2160 vituli
2083 2124 2200 2161 esse
2241 2110 2510 2172 addictos;
2544 2108 2635 2161 scd
2678 2109 2985 2175 interrogat,
3024 2107 3282 2161 Ubinam?
3311 2109 3473 2163 inter-

1905 2180 2136 2245 rogantis
2179 2179 2356 2246 Specie
2401 2179 2604 2245 lapsum
2650 2178 2920 2230 memoriae
2962 2177 3253 2246 corrigens.
3297 2177 3475 2240 Pater.

1905 2247 2091 2315 inquit,
2123 2264 2230 2300 erce
2260 2250 2396 2317 ligna
2426 2258 2470 2301 et
2501 2249 2662 2317 ignis;
2691 2246 2940 2317 ovisubi?
2965 2247 3094 2313 Quis
3123 2262 3301 2301 sermo
3328 2248 3475 2302 sufﬁ-

1904 2318 2010 2368 ciat
2046 2318 2110 2370 ad
2140 2320 2234 2370 viri
2276 2316 2757 2388 magnanimitatem
2788 2316 3350 2388 declat-mulam?_Nen
3398 2320 3475 2372 la-

1904 2401 2112 2456 crymas
2145 2389 2214 2439 illi
2243 2385 2474 2441 excussit
2505 2388 2596 2439 lilii
2624 2401 2719 2440 vox
2751 2405 2762 2439 :
2794 2401 2894 2438 non
2927 2385 3143 2456 deﬂevit
3171 2386 3478 2442 adolescen-

1909 2455 2011 2507 tein
2035 2458 2327 2524 proximam
2347 2458 2442 2510 sibi
2465 2457 2660 2510 exilem
2686 2472 2787 2509 non
2812 2455 3145 2517 sentientem,
3172 2456 3265 2510 scd
3288 2459 3481 2512 mansit

1905 2539 2116 2591 semper
2140 2526 2497 2580 invulneratus
2523 2537 2574 2580 et
2605 2527 2994 2588 adamantinos,
3030 2528 3230 2593 paterni
3262 2527 3480 2583 affectus

1906 2596 2119 2647 oblitus.
2155 2595 2228 2648 llli
2260 2611 2384 2663 ergo
2417 2597 2635 2648 ﬁrmiter
2676 2596 2957 2662 respondet
2990 2612 3001 2647 :
3038 2594 3173 2647 Deus
3205 2598 3478 2663 providebit

1906 2664 1999 2716 sibi
2024 2680 2182 2728 ovem,
2218 2667 2292 2732 [ili
2321 2663 2477 2730 (Ibid.
2511 2683 2556 2717 v.
2586 2665 2667 2732 8).
2698 2665 2810 2717 Non
2847 2666 3161 2731 prmnuntiat
3183 2667 3358 2729 juveni
3387 2668 3477 2720 Dei

1907 2736 2047 2786 circa
2081 2736 2221 2786 illum
2245 2735 2590 2798 voluntatem,
2625 2751 2691 2786 ne
2720 2744 2903 2788 tenere
2926 2735 3105 2787 animo
3134 2735 3360 2799 seipsum
3384 2739 3478 2788 de-

1908 2804 2358 2870 ploransjuvenis,
2379 2806 2621 2872 Iacrymis
2643 2805 2863 2856 hostiam
2882 2805 3079 2856 maenla
3090 2815 3185 2857 ret.
3204 2806 3480 2871 Quomodo

1909 2874 2077 2944 vobis,
2111 2873 2318 2936 fratres,
2343 2890 2403 2926 ea
2431 2889 2548 2942 quae
2573 2883 2870 2944 sequuntur
2889 2874 3007 2944 sine,
3048 2873 3294 2944 lacrymis
3321 2892 3476 2929 enar-

1909 2942 2075 2996 rabo?
2105 2944 2180 3014 Ac
2209 2945 2250 2997 si
2285 2953 2430 3014 pater
2453 2941 2647 3014 essein,
2676 2941 2872 3010 aliquid
2908 2943 3078 3014 patior
3105 2941 3171 2996 in'
3199 2944 3275 3014 rei
3316 2957 3479 3014 gestat

1907 3013 2238 3066 recensione.
2273 3013 2349 3065 Ad
2381 3015 2543 3066 solius
2568 3013 2729 3073 enim,
2756 3021 2810 3064 ut
2834 3023 2975 3077 puto,
3002 3012 3228 3067 Abraha:
3250 3012 3479 3078 linguam

1913 3081 2225 3147 pertinebat,
2261 3083 2373 3135 sine
2403 3083 2643 3152 lacrymis
2667 3081 2778 3134 hrcc
2804 3097 3069 3143 enarrare,
3095 3092 3397 3152 tantamque
3427 3085 3478 3138 in

1910 3152 2084 3205 verbis
2125 3153 2371 3220 prtel'errc
2416 3152 2932 3219 magnanimitatem,
2983 3164 3231 3220 quantam
3286 3155 3374 3208 ille
3427 3155 3477 3208 in

1907 3235 2070 3287 Opere
2098 3222 2329 3274 ostendit
2357 3223 2675 3274 ﬁrmitatem.
2702 3221 2848 3286 Quod
2881 3222 3018 3274 enim
3049 3223 3098 3274 iu
3124 3221 3221 3274 hoc
3250 3223 3360 3276 viro
3384 3225 3479 3276 mi-

1912 3291 2076 3360 rabile
2097 3300 2150 3344 et
2173 3291 2560 3344 existimatione
2585 3291 2799 3360 dignum
2829 3300 2927 3354 cst,
2959 3289 3008 3343 id
3041 3291 3179 3358 quod
3212 3293 3299 3346 ille
3331 3295 3478 3347 torti-

1913 3369 1991 3412 ter
2018 3359 2160 3425 fecit,
2212 3375 2309 3413 nos
2339 3376 2585 3416 enarrare
2628 3362 2739 3413 sine
2783 3361 3135 3413 miserationis
3172 3377 3327 3416 sensu
3374 3380 3479 3418 non

1913 3444 2208 3497 possumus.
2241 3431 2486 3483 Attamen
2519 3431 2568 3482 id
2601 3428 2906 3482 tentandum
2939 3437 3053 3493 cst,
3087 3430 3290 3484 etiamsi
3322 3433 3387 3488 ad
3421 3435 3481 3486 il-

1916 3501 2017 3551 lius
2051 3500 2401 3565 progenitoris
2440 3502 2682 3552 virtutem
2712 3515 2816 3552 non
2849 3515 3012 3566 prope
3051 3502 3383 3566 accedamus,
3427 3513 3482 3557 ut

1909 3585 1976 3622 ex
2007 3570 2166 3621 divini
2196 3571 2393 3622 amoris
2423 3570 2534 3635 lege
2572 3568 2811 3622 allectum
2844 3570 2908 3620 ita
2942 3570 3210 3621 vincanms
3232 3612 3243 3631 ,
3278 3582 3330 3624 ut
3360 3587 3482 3635 pos-

1913 3639 2078 3691 simus
2125 3639 2368 3692 sacriﬁcii
2426 3640 2540 3706 ejus
2588 3653 2706 3692 esse
2755 3640 3053 3707 participes,
3103 3639 3227 3692 illud
3279 3639 3482 3697 scilicet

1911 3709 2230 3761 enat'rando.
2262 3711 2498 3762 Accenso
2526 3709 2683 3776 igitur
2710 3708 2984 3775 splendido
3016 3709 3064 3778 in
3094 3724 3180 3761 ara
3227 3709 3362 3778 igne,
3397 3715 3478 3764 vi-

1913 3780 2086 3830 etione
2122 3793 2267 3830 more
2297 3781 2360 3830 ad
2392 3779 2703 3848 sacrilicium
2743 3780 2953 3845 adaptat
2993 3777 3156 3831 ﬁlimn
3193 3777 3358 3848 pater,
3397 3782 3478 3835 ἀς-

1915 3848 2103 3918 lectum
2134 3848 2488 3915 unigenitum;
2535 3846 2725 3901 deinde
2747 3849 2970 3917 genibus
3009 3846 3373 3918 nixnm'quasi
3415 3853 3480 3903 ad

1914 3917 2275 3970 adorationem
2309 3927 2451 3970 retro
2471 3927 2524 3970 et
2551 3933 2576 3969 a
2612 3929 2756 3982 tergo
2787 3919 2984 3986 alligat,
3011 3917 3254 3971 aversum
3283 3923 3480 3974 consli-

1915 3995 2070 4040 tuens
2102 4002 2355 4054 puerum;
2387 3987 2577 4040 dcimle
2602 3989 2828 4057 pmprits
2864 3989 3158 4054 impositum
3192 3990 3412 4056 genibus
3450 4010 3478 4042 a

1917 4068 2080 4122 tergo,
2111 4073 2261 4109 coma
2294 4067 2500 4109 versum
2544 4071 2601 4109 se
2630 4058 2864 4120 reducta,
2907 4058 3182 4110 dexteram
3224 4062 3477 4125 extendit,

1913 4127 2172 4191 audetque
2198 4141 2425 4193 superne
2463 4127 2693 4193 gladium
2724 4128 2786 4180 ad
2823 4128 3060 4195 jugulum
3105 4128 3403 4182 admovere.
3437 4135 3480 4182 υ

1915 4195 2017 4243 vim
2060 4195 2218 4245 divini
2261 4195 2490 4247 amoris!
2521 4210 2553 4247 0
2593 4197 2862 4248 immotam
2895 4196 3053 4248 anitui
3088 4197 3474 4252 l'oi‘tittulinctn!

1918 4263 2105 4314 Filium
2137 4264 2363 4332 alligavit
2395 4264 2457 4316 ad
2485 4267 2873 4321 mactationem.
2908 4279 3004 4317 nec
3033 4267 3215 4317 soluta:
3243 4279 3359 4319 sunt
3391 4284 3480 4322 na-

1917 4341 2046 4384 tura:
2073 4347 2372 4400 compages.
2413 4333 2631 4386 Gladius
2672 4337 2720 4388 in
2769 4335 3008 4386 manihns
3048 4344 3146 4396 est,
3181 4350 3275 4387 nec
3304 4340 3480 4392 obtor-

1918 4402 2028 4468 pnit
2053 4403 2288 4455 dextera.
2335 4404 2463 4465 Quis
2508 4419 2616 4456 rein
2664 4419 2893 4472 pru'scns
2927 4404 3166 4457 tulisset?
3213 4406 3328 4472 quis
3374 4423 3477 4460 non

1915 4486 2134 4546 aversus
2175 4473 2553 4546 l'uisset?‘qnis
2597 4490 2695 4526 non
2749 4474 2965 4540 fugisset
2996 4474 3274 4527 miseratus
3314 4478 3479 4546 magis

1917 4555 2071 4605 quam
2101 4542 2211 4607 ipse
2239 4543 2420 4608 pater?
2454 4544 2573 4594 ldee
2611 4546 2820 4608 sapiens
2849 4557 3008 4593 senex
3047 4556 3228 4596 servos
3258 4560 3360 4597 non
3392 4542 3478 4600 se-

1917 4625 2035 4662 cum
2062 4612 2364 4677 assumpsit,
2394 4612 2482 4663 sed
2515 4614 2689 4678 procul
2722 4611 3218 4680 exspectarejussit,
3249 4630 3313 4667 ne
3334 4630 3478 4670 com-

1918 4680 2450 4732 miscrationeall'ccti
2479 4696 2600 4747 erga
2652 4683 2761 4734 heri
2804 4681 2963 4733 liliutn
3007 4681 3365 4748 jugulandum,
3398 4687 3480 4739 di-

1917 4749 2024 4800 vini
2054 4750 2250 4801 amoris
2289 4763 2420 4816 opus
2448 4751 2776 4816 impedirent.
2806 4751 2919 4816 Quo
2946 4766 3064 4817 erga
3097 4752 3276 4803 herum
3303 4755 3480 4809 animo

1920 4819 2118 4888 futuros
2140 4827 2290 4885 putas
2312 4834 2512 4888 serves,
2539 4820 2775 4872 videntes
2804 4821 2968 4884 ipsum
2998 4822 3065 4870 ita
3090 4820 3393 4888 simpliciter
3415 4826 3479 4878 ad

1919 4887 2115 4940 cwdeni
2146 4887 2325 4940 dilecti
2364 4889 2451 4939 lilii
2496 4891 2898 4955 properantem?
2934 4903 3066 4955 quos
3095 4887 3246 4957 putas
3277 4905 3480 4945 sermo-

1920 4971 2015 5028 nes
2047 4957 2314 5028 hahituros
2338 4957 2532 5028 luisse?
2559 4957 2601 5008 0
2621 4973 2829 5028 gravem
2860 4959 3145 5025 proculque
3169 4960 3477 5028 abigendam

1918 5027 2297 5099 calamitatem!
2331 5024 2498 5099 llerus
2541 5024 2717 5099 uoster
2761 5027 2892 5078 forte
2934 5024 3143 5099 insanit,
3183 5024 3278 5081 nec
3315 5046 3478 5099 agn".

1919 5096 2020 5145 scit
2046 5093 2292 5164 dilectum
2326 5096 2512 5156 lilium,
2542 5096 2632 5148 Sed
2659 5098 2798 5164 aliqu
2821 5112 2886 5147 nn
2920 5111 2977 5148 se
3004 5097 3266 5150 victimam
3300 5093 3478 5154 tein-re

1917 5170 2092 5236 putat,
2119 5162 2336 5213 vitulmn
2367 5172 2457 5236 aut
2486 5180 2655 5216 event.
2694 5162 3012 5218 Accedainus
3041 5179 3164 5233 ergo
3199 5167 3478 5236 diligenter

1917 5231 2162 5303 adeum;
2192 5246 2296 5303 res
2339 5234 2476 5284 enim
2519 5249 2717 5285 moram
2766 5250 2866 5286 non
2901 5231 3125 5300 patitur}
3167 5231 3478 5303 arrip'iatitus

1919 5301 2128 5352 interim
2155 5300 2403 5365 gladium,
2435 5305 2755 5355 retineamus
2779 5303 3072 5366 dexteram,
3102 5320 3167 5358 ne
3191 5300 3329 5360 hunc
3358 5309 3478 5363 hor-

1920 5377 2082 5420 tatum
2133 5371 2278 5437 plaga
2331 5382 2676 5438 prmoccupet.
2705 5375 2783 5424 An
2835 5374 2947 5425 sine
2977 5375 3208 5440 periculo
3245 5379 3478 5430 acceda-

1922 5440 2076 5490 mus?
2108 5441 2374 5510 quomodo
2424 5441 2589 5494 servis
2636 5451 2831 5508 parcet,
2862 5443 2947 5510 qui
2992 5443 3340 5499 dilectissimo
3371 5448 3478 5499 lilio

1920 5523 2022 5560 non
2053 5507 2246 5573 parcit?
2275 5509 2516 5561 Attamen
2550 5507 2919 5576 periclitemur.
2952 5512 3190 5566 Gloriosa
3219 5530 3356 5567 mors
3383 5532 3478 5568 no-

1919 5576 2001 5648 bis
2030 5578 2148 5635 erit,
2182 5579 2221 5627 si
2264 5579 2493 5641 accidat;
2526 5595 2643 5632 nam
2676 5595 2766 5646 pro
2799 5580 2927 5633 hero
2951 5582 3140 5648 juvene
3169 5584 3474 5638 moriemur.

1921 5646 2130 5723 Aliqqu
2162 5655 2316 5697 etiam
2366 5658 2557 5723 pra-ter
2582 5649 2828 5723 decu-rum
2859 5646 3210 5723 protei-alnus,
3241 5652 3479 5723 increpe-

1921 5729 2035 5765 tnus
2066 5714 2357 5776 furentem,
2389 5732 2510 5768 num
2536 5717 2666 5770 forte
2707 5718 2757 5770 in
2800 5714 3008 5771 sensum
3044 5720 3233 5773 veniat.
3270 5714 3477 5777 llonore

1919 5787 2106 5850 dignus
2149 5793 2226 5835 est
2275 5783 2465 5849 herus,
2496 5788 2585 5839 sed
2629 5801 2746 5839 cum
2788 5787 2955 5850 sapit;
2989 5792 3279 5843 reverentia
3330 5802 3475 5851 item.

1921 5853 2014 5909 Sed
2060 5868 2161 5905 non
2195 5854 2237 5907 si
2285 5869 2466 5908 necem
2492 5853 2750 5910 moliatur.
2786 5858 2837 5910 Si
2888 5855 3065 5912 furens
3114 5863 3480 5916 Contumeliam
