3978 6468
498 467 605 524 551

499 593 744 660 patiatur,
777 591 998 657 gratiam
1029 589 1243 642 habebit
1263 604 1380 642 cum
1407 591 1600 659 sapiet,
1628 599 1800 660 etnos
1826 597 1885 660 ut
1911 585 2070 641 bene—

498 658 624 714 ticos
651 662 1027 722 remunerabit,
1066 669 1120 712 ut
1149 669 1447 714 servatores
1471 658 1646 728 pueri.
1680 659 1802 713 Hmc
1830 658 2070 711 dicentes

498 731 676 784 statim
705 733 1082 792 accurrissent,
1116 738 1273 796 atque
1313 731 1484 796 primo
1515 729 1746 797 gladium
1771 744 1798 780 a
1829 728 2066 797 dextera,

501 801 731 853 Isaacum
776 815 805 852 a
857 809 1028 852 morte
1066 798 1453 864 abripuissent;
1495 796 1689 852 deinde
1733 796 2070 850 sermonibus

498 871 574 921 nsi
609 870 859 932 fuissent,
891 877 1002 921 tum
1025 869 1112 936 qui
1143 868 1310 934 ipsum
1350 869 1414 920 ad
1450 869 1868 935 resipiscentiam
1899 867 2070 920 redit-

496 949 696 1000 rerent,
725 949 830 990 tum
857 938 943 1006 qui
974 937 1085 990 heri
1115 939 1366 1003 impetum
1393 939 1443 990 in
1469 939 1674 1005 seipsos
1703 939 1875 1006 potius
1899 946 2071 988 trans-

497 1010 712 1064 ferrent.
734 1007 968 1061 dicentes
999 1025 1010 1059 :
1041 1007 1115 1060 Te
1137 1007 1199 1059 ad
1232 1016 1462 1061 mentem
1485 1022 1696 1071 revoca,
1721 1008 1875 1071 here;
1903 1006 2064 1057 tilium

499 1089 646 1131 tenes
691 1077 955 1140 manibus,
1001 1076 1284 1137 dilectum,
1331 1077 1527 1130 sterilis
1572 1088 1801 1144 partum,
1861 1075 2064 1130 tardum

499 1149 585 1202 Dei
611 1147 829 1210 donum,
859 1147 1228 1214 hospitalitatis
1250 1146 1500 1210 fructum,
1530 1146 1748 1200 vitulum
1784 1162 1879 1214 pro
1901 1145 2066 1197 vitulo

494 1219 694 1282 datum,
728 1228 943 1286 propter
965 1231 1118 1283 quem
1148 1217 1317 1286 solum
1350 1219 1522 1271 natale
1549 1216 1737 1270 festum
1764 1214 2063 1277 celebrasti,

493 1300 545 1342 et
573 1285 830 1342 salutares
872 1287 1146 1340 Allissimo
1182 1285 1379 1340 hostias
1411 1286 1646 1340 obtulisti
1667 1330 1680 1351 ,
1711 1302 1866 1353 quem
1896 1286 1945 1337 in
1973 1299 2066 1352 spe

492 1358 668 1412 aluisti
697 1367 753 1410 ut
782 1357 1024 1410 baculum
1054 1355 1360 1417 senectutis,
1395 1366 1612 1424 propter
1644 1373 1799 1420 quem
1827 1354 2067 1408 suaviter

495 1429 728 1491 vivebas,
754 1427 906 1494 cujus
927 1426 1119 1478 obnixe
1145 1427 1445 1492 precabaris
1473 1442 1576 1478 non
1608 1426 1788 1480 videre
1815 1435 2060 1486 mortem,

490 1499 580 1549 sed
613 1498 759 1551 illutn
792 1498 1088 1564 relinquere
1120 1496 1340 1563 optabas
1370 1495 1616 1550 heredem
1667 1506 1719 1549 et
1760 1497 1943 1548 herum
1973 1508 2066 1547 no-

490 1579 655 1619 strum
691 1585 703 1620 :
734 1567 871 1618 hune
905 1581 1059 1618 manu
1095 1575 1260 1618 tenes.
1296 1565 1430 1618 Vide
1460 1566 1606 1632 pueri
1634 1565 1878 1628 formam,
1914 1564 2060 1627 here,

491 1647 631 1688 tuam
664 1650 890 1704 agnosce
925 1636 1225 1703 imaginem.
1254 1634 1396 1687 Talis
1423 1637 1562 1688 enim
1595 1645 1648 1689 tu
1673 1649 1881 1703 quoque
1911 1649 2058 1695 cras,

490 1724 607 1758 cum
655 1706 864 1774 juvenis
894 1720 1060 1758 esses.
1107 1705 1268 1768 Isaac,
1307 1714 1358 1756 tu
1402 1719 1611 1774 quoque
1656 1707 1927 1772 alloquere
1975 1720 2065 1772 pa-

493 1788 645 1837 trem,
675 1785 730 1827 ut
758 1790 848 1841 per
887 1790 1069 1826 vocem
1115 1776 1312 1842 prolem
1343 1789 1489 1827 suam
1519 1784 1787 1844 agnoscat.
1819 1774 1912 1827 llic
1947 1783 2026 1826 est
2046 1816 2059 1838 ,

493 1850 638 1903 here.
684 1859 786 1897 non
830 1844 1024 1906 hostia,
1058 1844 1148 1896 sed
1174 1859 1267 1911 pro
1295 1859 1400 1912 quo
1445 1845 1685 1911 plurima:
1720 1845 1925 1906 hostiae,
1951 1845 2063 1910 plu-

491 1919 636 1968 rimm
667 1916 996 1982 precationes
1036 1913 1099 1965 ad
1133 1915 1317 1976 Ι)ριιιιι,
1348 1922 1404 1965 ιιι
1428 1914 1492 1967 ad
1522 1915 1614 1967 viri
1641 1924 1848 1967 a-tatem
1880 1929 2064 1980 perve-

493 1990 617 2050 niat,
647 1997 699 2036 ct
724 1986 874 2037 tali-tn
900 1985 1055 2036 ducat
1088 1984 1205 2034 vitae
1231 1995 1550 2045 consortem,
1576 1986 1745 2051 qualis
1772 1982 2059 2037 secundum

493 2059 736 2108 virtutem
769 2064 849 2106 est
875 2054 1030 2120 lmjus
1058 2063 1245 2118 mater,
1279 2064 1472 2120 przeter
1504 2054 1832 2108 sterilitatem
1861 2062 2057 2106 tamen.

490 2127 717 2196 tiptabas
747 2126 886 2177 enim
923 2124 1056 2196 ejns_
1077 2132 1313 2196 maturos
1340 2123 1520 2196 videre
1557 2123 1783 2196 fructus,
1810 2123 2062 2196 et_dej_iis

494 2192 656 2249 lactari
687 2210 914 2251 rursum,
946 2202 1000 2245 ut
1026 2192 1092 2245 dc
1123 2192 1348 2245 lactente
1369 2192 1546 2247 lsaaco
1565 2193 1932 2247 delectabat-is.
1957 2192 2061 2246 Sed

490 2285 520 2316 o
553 2267 792 2333 ingentes
822 2264 1164 2326 calamitates,
1190 2263 1240 2313 in
1262 2277 1396 2330 quos
1424 2263 1594 2331 ipsum
1616 2263 1732 2317 dies
1760 2261 2058 2316 deduxisti!

494 2351 585 2403 pro
609 2334 819 2388 coronis
845 2334 1074 2395 vincula,
1101 2346 1195 2399 pro
1219 2347 1382 2403 uxore
1405 2333 1629 2401 gladius.
1653 2336 1883 2401 Apparet
1904 2333 2056 2400 ignis,

491 2402 592 2458 non
649 2417 753 2471 quo
800 2403 917 2468 quis
969 2417 1190 2455 uxorem
1240 2402 1413 2463 ducat,
1458 2403 1552 2455 sed
1600 2418 1704 2471 quo
1755 2403 2056 2470 sepeliatur.

488 2476 652 2528 Adest
672 2473 902 2539 juvenis,
923 2486 1026 2524 non
1047 2471 1365 2539 nuptialibus
1382 2484 1684 2537 coronatus,
1709 2473 1799 2526 sed
1824 2473 1887 2525 ad
1915 2488 2058 2525 aram

489 2548 714 2603 vinctus,
745 2552 1060 2610 gestanSquc
1087 2556 1190 2594 non
1223 2549 1421 2594 vestem
1453 2543 1761 2610 nuptialem,
1789 2542 1882 2596 sed
1916 2542 2062 2594 habi-

489 2627 597 2668 tum
631 2613 926 2666 funebrem.
957 2611 1070 2664 Non
1114 2612 1265 2664 adest
1316 2613 1610 2678 pronubus,
1644 2613 1729 2680 qui
1780 2612 2062 2680 conjungat

489 2701 580 2739 eos
601 2685 687 2752 qui
709 2697 902 2750 genere
923 2681 1170 2748 disjuncti
1191 2692 1332 2744 sunt,
1360 2682 1450 2735 sed
1481 2682 1631 2735 adest
1659 2691 1823 2749 pater,
1852 2682 1940 2750 qui
1969 2697 2061 2748 per

492 2770 672 2808 necem
727 2752 810 2805 illa
861 2759 1092 2818 separat,
1135 2767 1252 2818 qua:
1299 2760 1485 2803 natura
1529 2755 1896 2818 conjunxerat.
1950 2753 2062 2805 lloc

489 2827 626 2878 circa
657 2824 788 2875 filios
819 2839 885 2876 ne
927 2821 1209 2875 Chananzei
1242 2821 1451 2886 quidem
1489 2831 1666 2889 patres
1693 2822 2056 2890 cogitaverint.

490 2896 713 2949 Tali-sne
739 2891 992 2945 hactenus
1021 2890 1292 2942 Altissimo
1314 2890 1571 2944 ofl‘erebas
1594 2890 1831 2943 hostias?
1859 2892 2059 2944 talesne

488 2965 772 3031 gratiarum
825 2963 1058 3014 actiones
1110 2974 1205 3031 pro
1258 2959 1371 3031 ejus
1428 2961 1824 3014 incolumitate?
1869 2967 2057 3014 Annon

489 3028 679 3087 arietes
707 3042 759 3085 et
789 3033 966 3083 hircos
996 3028 1284 3089 maelabas,
1316 3029 1466 3081 bruta
1493 3031 1796 3094 animantia,
1831 3046 1948 3084 cum
1978 3047 2061 3084 ra-

491 3103 758 3157 tionalium
806 3111 857 3154 et
883 3099 1264 3152 irrationalium
1314 3099 1589 3168 Dominum
1622 3100 1892 3168 plorares?
1921 3116 2059 3155 nunc

491 3189 614 3228 vero
647 3173 854 3224 victima
886 3170 1100 3238 qualis?
1126 3169 1169 3220 Ο
1198 3167 1526 3221 intoleranda
1559 3167 1728 3224 mala!
1763 3172 1960 3225 Similis
1980 3181 2061 3224 cst

489 3243 750 3297 sacerdoti
775 3242 1001 3302 victima,
1038 3246 1320 3309 cognatum
1347 3248 1426 3290 est
1453 3241 1523 3305 ei,
1553 3240 1644 3306 qui
1665 3241 1832 3293 Deum
1867 3243 2053 3309 placat,

493 3316 538 3367 id
569 3314 707 3381 quod
730 3311 792 3364 ad
835 3306 1144 3381 plaCantlutn
1171 3306 1485 3381 adhibetur;
1530 3325 1633 3363 non
1679 3326 1741 3363 ex
1788 3306 1932 3373 ovili,
1966 3312 2057 3365 sed

491 3402 552 3437 cx
587 3377 712 3449 ipsa
744 3377 1037 3434 sacerdotis
1061 3388 1247 3449 natura
1300 3377 1467 3449 hostia
1508 3381 1873 3447 proficiscitur.
1906 3382 2058 3434 Tales

494 3470 595 3505 non
623 3446 813 3519 accipit
838 3451 975 3502 Dens
1004 3448 1200 3501 hostias
1231 3465 1242 3498 :
1267 3446 1668 3520 clctnensenim
1695 3465 1814 3503 cum
1843 3451 1909 3504 sit
1934 3466 2057 3520 erga

495 3523 733 3574 homines
756 3562 769 3583 ,
799 3521 851 3573 in
896 3520 1117 3572 hostiam
1163 3532 1266 3569 non
1307 3519 1524 3586 suscipit
1549 3519 1836 3574 hominem.
1865 3521 1977 3588 Quo
2004 3519 2060 3576 te

496 3593 706 3645 nomine
738 3605 876 3642 nunc
916 3589 1318 3656 appellabimus,
1349 3589 1507 3641 here?
1533 3605 1595 3641 an
1631 3592 1958 3645 sacerdotem
1991 3592 2059 3644 ob

496 3664 741 3724 ho5tiam,
775 3676 838 3712 an
873 3659 961 3710 filii
1000 3659 1499 3730 interfectorcmrob
1537 3659 1734 3712 lilium?
1759 3661 2059 3730 Stupendus

499 3750 619 3783 vere
663 3740 744 3784 est
791 3730 1032 3781 sacrificii
1073 3728 1280 3788 modus,
1328 3729 1415 3795 qui
1460 3743 1558 3780 nec
1597 3730 1753 3783 verbo
1799 3728 2059 3798 explicari

495 3802 679 3870 possit.
710 3799 896 3852 Omnia
923 3801 1116 3865 quippe
1136 3798 1413 3870 sacriﬁcia,
1438 3813 1535 3870 pro
1556 3798 1722 3870 salute
1753 3802 2060 3867 persolvun-

497 3868 598 3932 iur,
632 3871 767 3922 filius
797 3882 924 3920 vero
958 3879 1076 3918 tuus
1107 3881 1199 3933 per
1226 3868 1541 3919 sacrificium
1581 3869 1734 3935 perit.
1763 3870 1896 3933 Quid
1933 3886 2057 3926 vero

494 3945 728 3994 dicemus
755 3939 806 3991 id
834 3936 972 4006 quod
997 3938 1103 4006 jam
1133 3936 1338 4004 agitur?
1367 3937 1587 4001 caadem,
1617 3953 1684 3990 an
1712 3940 2056 3995 sacrificium?

497 4010 935 4070 exsecrationem,
961 4023 1026 4058 an
1053 4005 1408 4059 oblationem?
1431 4009 1730 4061 incendium
1753 4049 1766 4073 ,
1815 4023 1880 4061 an
1913 4011 2060 4064 holo-

496 4091 734 4132 caustum
752 4079 774 4130 ?
793 4077 864 4130 lta
891 4078 1031 4131 enim
1058 4085 1240 4128 contra
1265 4077 1350 4144 jus
1370 4075 1574 4146 fasque,
1592 4082 1658 4129 ita
1681 4089 1860 4131 contra
1891 4081 2057 4148 legem

499 4161 578 4202 est
602 4150 648 4202 id
678 4149 816 4216 quod
840 4149 1029 4214 agitur,
1049 4156 1107 4199 ut
1134 4161 1200 4198 ne
1223 4162 1412 4200 nomen
1432 4148 1644 4215 quidem
1670 4149 1948 4202 oblationis
1967 4151 2062 4204 ha-

501 4223 637 4272 beat.
661 4218 704 4271 Ο
733 4218 904 4285 qualia
922 4232 1017 4270 nos
1039 4217 1244 4270 visuros
1266 4219 1628 4283 sperabamus,
1649 4228 1703 4270 et
1732 4219 1903 4286 qualia
1923 4237 2061 4273 nune

500 4289 735 4340 videmus
752 4289 768 4340 ι
785 4288 945 4353 Spera
955 4287 1138 4339 bamus
1157 4296 1300 4339 certe
1317 4301 1413 4340 nos
1431 4289 1599 4355 ipsum
1615 4289 1819 4340 visuros
1838 4290 1927 4342 tibi
1945 4291 2060 4344 sub-

500 4360 884 4411 ministrantem
912 4356 975 4407 ad
1007 4355 1281 4419 sacrificia,
1312 4371 1526 4423 operam
1554 4357 1765 4410 dantem
1791 4359 1856 4411 ad
1887 4375 2062 4415 sacer-

499 4430 625 4481 dotii
640 4430 842 4480 munia:
863 4434 1210 4487 nuncautem,
1227 4440 1259 4476 ο
1274 4427 1596 4479 intoleranda
1613 4429 1746 4479 mala
1767 4429 1895 4480 lnon
1913 4431 2062 4483 adest

502 4496 758 4551 sacerdoti
799 4497 1061 4548 victimam
1094 4505 1298 4559 tenens,
1332 4497 1423 4548 sed
1452 4496 1724 4564 ipsejacct
1760 4499 1964 4551 vinctus
1995 4500 2058 4551 ad

504 4568 796 4628 victimant;
823 4579 992 4632 neque
1029 4579 1212 4617 vocem
1269 4566 1460 4618 emittit
1489 4575 1542 4617 ut
1593 4582 1788 4633 agnus,
1821 4569 1912 4620 sed
1947 4570 2060 4621 sine

506 4652 632 4690 voce
662 4645 715 4688 et
754 4645 927 4689 mutus
953 4636 1113 4701 jacet,
1163 4649 1364 4702 ochue
1396 4636 1685 4703 simplicior
1719 4640 1887 4690 solam
1919 4639 2059 4691 videt

504 4710 811 4768 dexteram,
843 4720 998 4772 quam
1027 4719 1168 4770 saepe
1196 4711 1253 4755 ut
1279 4706 1624 4758 amantissimi
1659 4709 1818 4774 patris
1854 4710 2058 4761 oscula-

505 4790 585 4827 tus
611 4785 710 4834 est,
743 4776 980 4842 l'orthue
1011 4789 1155 4845 noue
1177 4775 1334 4845 etiam
1366 4817 1380 4838 ,
1413 4791 1532 4827 cum
1562 4776 1702 4829 videt
1743 4792 1858 4829 eam
1887 4778 2061 4845 gladio

505 4847 757 4897 munitam
802 4845 907 4896 vult
937 4844 1181 4896 osculari.
1213 4843 1357 4897 Multi
1390 4845 1479 4897 tibi
1508 4857 1627 4897 sunt
1654 4862 1842 4914 greges
1859 4843 2056 4911 ovium,

507 4918 651 4972 hcrc,
694 4915 856 4965 multa
890 4915 1044 4964 boum
1095 4924 1362 4984 armenta;
1395 4915 1457 4968 iis
1502 4916 1815 4969 sacrificium
1856 4920 2016 4984 imple
2043 4957 2056 4980 ,

505 4999 621 5050 quzc
645 4992 764 5033 sunt
793 4984 843 5034 in
873 4985 1111 5034 victimas
1135 4983 1404 5050 deputata,
1442 4999 1544 5036 non
1575 4985 1657 5046 iis,
1685 5002 1801 5051 qua:
1838 4983 2058 5040 ttec’im-

503 5054 708 5126 molari,
739 5067 835 5104 nec
862 5052 1067 5104 comedi
1100 5061 1333 5126 possunt.
1369 5053 1584 5126 Omnes,
1611 5058 1654 5108 si
1683 5057 1820 5119 libet,
1875 5072 2061 5126 greges

509 5123 717 5195 immola
743 5163 756 5183 ,
779 5136 896 5195 non
940 5123 1350 5195 conti-adicimus
1382 5142 1392 5177 :
1430 5125 1657 5195 legitima
1699 5123 1897 5195 quippe
1919 5123 2062 5180 esset

510 5193 810 5259 hnjusmodi
854 5190 907 5242 itt
939 5193 1212 5265 sacrificiis
1239 5192 1524 5246 offeretidis
1556 5190 1874 5260 liberalitas;
1919 5197 2058 5265 quod

504 5274 676 5313 autem
711 5260 1058 5332 ttuttcagitur,
1095 5261 1284 5332 bellum
1329 5265 1496 5331 magis
1523 5274 1624 5326 est,
1654 5281 1806 5332 quam
1861 5260 2062 5321 sacrili.

508 5335 645 5384 cium
673 5347 684 5393 ;
718 5329 1074 5405 obsid_io,_no_n
1098 5331 1312 5405 oblatio.
1360 5329 1448 5384 Illa
1480 5334 1618 5386 enim
1662 5329 1938 5400 precantes
1969 5353 2061 5405 pa-

512 5416 689 5456 timur.
716 5415 842 5471 qua).
868 5400 917 5450 in
945 5400 1081 5471 bello
1105 5416 1168 5449 ne
1201 5400 1492 5463 videamus,
1525 5419 1833 5471 precamur;
1865 5418 1915 5459 et
1948 5400 2061 5460 liarc

509 5477 557 5522 in
590 5469 861 5542 sacrificiis
890 5470 1378 5542 sustinermts,_qu:e
1413 5489 1476 5526 ne
1507 5469 1888 5537 sustineamus,
1937 5491 2060 5542 pre-

508 5557 594 5593 ces
619 5540 809 5591 oil'erre
832 5538 1261 5611 So_|emus._Quod
1308 5556 1443 5611 nunc
1470 5545 1661 5610 agitur,
1711 5545 1849 5596 bello
1883 5538 2060 5611 perni-

511 5612 708 5662 ciosius
739 5619 836 5661 est.
871 5608 1132 5661 Fortassis
1172 5610 1309 5660 enim
1343 5608 1544 5675 hostis,
1587 5615 1791 5679 juvenis
1838 5608 2059 5669 formam

512 5689 829 5753 :rtatcmque
862 5679 1161 5739 miseratus,
1198 5681 1605 5753 pepercissctci.
1642 5685 1918 5748 Quomodo
1950 5686 2059 5753 jam

509 5754 557 5800 in
593 5759 730 5800 terra
761 5749 1178 5820 (Ibananmorum
1229 5747 1550 5820 habitaturus
1579 5747 1898 5820 es,’quando
1925 5747 2061 5809 fera-

507 5836 618 5873 tum
647 5819 1009 5872 crudelitatem
1033 5817 1328 5886 superasti?
1357 5818 1514 5872 Forte
1538 5817 1723 5874 omnes
1745 5821 2059 5880 Chananato-

1996 453 2263 512 SPURIA.

3651 487 3764 542 552

2181 604 2296 670 rum
2323 589 2435 670 _filii
2469 592 2523 646 in
2572 601 2621 648 te
2663 594 2867 670 irruent
2892 597 3249 670 :_Occidamus
3278 642 3290 662 ,
3325 601 3573 669 inquient
3599 645 3614 670 ,
3663 607 3754 662 filii

2178 660 2607 740 interfectorem,
2631 679 2696 719 ne
2716 666 2798 740 _in
2820 667 2980 740 caedis
3008 660 3313 736 hujusmodi
3344 660 3653 740 exemplum
3682 660 3755 732 sit

2181 730 2414 811 patribus
2443 733 2656 811 nostris.
2712 736 2980 811 Exscinde
3009 730 3300 811 tu'quoque
3338 730 3658 811 hospitalem
3691 730 3754 798 il;

2179 798 2583 880 imponentium,
2611 798 3492 880 benignuntilludtabernaculum,
3527 814 3753 870 incende

2178 869 2389 940 ιιιιιίιυι
2419 869 2581 924 filium
2625 869 2924 929 incendisti.
2959 877 3145 932 Nullus
3174 879 3312 932 enim
3337 869 3509 934 viator
3531 891 3582 937 te
3602 869 3751 940 adire

2177 938 2409 1003 audebit,
2437 951 2623 1020 utpote
2669 955 2973 1020 suspectum
2995 987 3009 1010 ,
3039 949 3126 1020 qui
3182 964 3245 1020 ne
3274 949 3626 1020 filioquidem
3659 938 3751 1008 tuo

2180 1010 2496 1088 peperceris.
2524 1009 2799 1088 Quomodo
2828 1030 2955 1081 ergo
2981 1009 3173 1070 misera
3205 1017 3357 1081 Sara,
3387 1009 3510 1073 hera
3541 1032 3745 1087 nostra,

2175 1079 2366 1158 conjutt
2389 1089 2506 1158 .tna,
2540 1079 2693 1158 l:nj_us
2719 1079 2912 1146 mater,
2943 1095 2991 1139 te
3018 1087 3298 1154 respiciet,
3344 1079 3462 1156 quae
3488 1092 3650 1143 lilium
3679 1079 3746 1146 ex.

2176 1148 2438 1228 sacrificio
2481 1151 2798 1228 sanctiorem
2847 1148 3120 1208 venturuni
3173 1148 3560 1228 exspectabat?
3609 1162 3744 1228 Quid

2176 1226 2632 1297 putas.p-assnnram
2667 1221 2806 1297 illam
2841 1239 2982 1289 esse,
3009 1221 3346 1297 eunrorbum
3384 1227 3490 1282 lilio
3532 1221 3736 1297 patrem

2173 1289 2497 1354 conspiciet?
2525 1289 2711 1341 Annon
2740 1291 2789 1343 in
2814 1301 3004 1346 terram
3033 1294 3233 1347 decidet
3267 1310 3496 1351 mmrore
3522 1289 3693 1353 soluta
3719 1303 3744 1355 ?

2173 1360 2551 1436 annonistatim
2599 1359 2812 1436 delapsa
2852 1363 3290 1436 periclitabitur?
3328 1382 3503 1420 annon
3550 1371 3742 1436 perdes

2172 1440 2290 1504 cum
2323 1425 2432 1478 filio
2460 1425 3020 1504 uxorcnﬂQuoinodo
3060 1434 3217 1504 alium
3273 1435 3507 1490 lsaacum
3546 1425 3695 1493 seres
3720 1480 3737 1504 ,

2175 1495 2300 1548 here
2323 1505 2671 1575 nostenrhcum
2695 1495 3097 1575 superveniente
3116 1502 3261 1575 obitu
3289 1514 3424 1558 terra
3449 1507 3500 1560 in
3530 1495 3738 1575 petram

2171 1579 2324 1618 versa
2346 1566 2488 1618 erit?
2518 1565 2724 1620 Utinam
2761 1565 2916 1623 Sara}
2971 1573 3218 1642 sterilitas
3246 1565 3544 1642 numquam'
3561 1565 3735 1633 soluta

2170 1645 2332 1709 esset,
2360 1645 2418 1709 ut
2442 1645 2500 1709 tu
2522 1652 2693 1703 neque
2723 1648 2887 1704 pater,
2917 1655 3088 1709 neque
3118 1641 3210 1694 filii
3238 1641 3548 1698 interfector
3580 1663 3737 1701 voca.

2169 1706 2324 1780 reris.
2350 1705 2502 1780 Quod
2527 1722 2734 1780 Δίὲιθιιιιι⁸
2754 1709 2822 1780 ita
2858 1705 3069 1780 longum
3096 1712 3212 1773 erit,
3246 1723 3302 1764 ut
3333 1717 3497 1780 possit
3528 1717 3632 1770 tale
3664 1718 3737 1771 fa—

2169 1775 2318 1828 cinus
2381 1775 3109 1852 oblivionemdelerefNon
3179 1775 3349 1848 potuit
3404 1787 3733 1852 prieteritum

2172 1853 2380 1912 tempus
2423 1846 2694 1899 fratricidii
2725 1847 2902 1901 odium
2931 1849 3143 1913 delere;
3177 1846 3266 1904 sed
3296 1846 3453 1906 etiain
3490 1871 3630 1909 nunc
3659 1860 3736 1910 vi-

2171 1923 2440 1980 tupcratur
2464 1913 2622 1976 Cain,
2655 1926 2713 1993 ut
2737 1918 2824 1993 qui
2865 1929 3106 1993 naturam
3134 1936 3237 1972 non
3269 1926 3561 1988 agnoverit.
3592 1926 3733 1993 ejus-

2167 1999 2268 2051 que
2313 1998 2480 2052 genus
2523 1999 2616 2057 per
2646 1986 2897 2039 diluvium
2932 1988 3164 2055 funditus
3209 1986 3405 2057 periit,
3455 1986 3729 2051 fratricidii

2166 2068 2292 2132 vero
2322 2055 2576 2132 memoria
2625 2071 2690 2106 ne
2740 2066 2996 2132 tantarum
3047 2055 3257 2132 quidem
3288 2075 3543 2132 aquarum
3574 2068 3728 2132 capia

2166 2121 2335 2192 deleta
2384 2122 2498 2176 fuit.
2534 2123 2712 2192 Longe
2743 2135 2915 2179 autem
2949 2121 3180 2181 deterior
3212 2121 3478 2183 fratricida
3508 2142 3590 2185 est
3634 2121 3726 2189 filii

2168 2191 2475 2271 interfector
2498 2234 2511 2258 ,
2545 2203 2598 2247 et
2629 2191 2827 2271 tantum
2861 2207 3110 2271 quantum
3142 2206 3287 2265 pater
3316 2199 3474 2253 fratre
3505 2204 3728 2271 conjun-

2166 2263 2461 2336 ctior.r(;ur
2498 2278 2664 2336 ergo,
2718 2265 2881 2326 here,
2933 2263 3187 2336 religiosa:
3235 2277 3286 2321 et
3333 2271 3557 2324 mirabili
3603 2263 3726 2326 vita:

2166 2331 2432 2385 infamiam
2461 2332 2617 2408 affers
2657 2336 3004 2408 immortalem
3027 2331 3053 2399 ξ
3073 2353 3188 2404 quze
3211 2353 3307 2390 nec
3335 2349 3572 2408 tempore
3591 2381 3605 2404 ,
3631 2359 3727 2397 nec

2165 2403 2758 2475 aquarttnrexundantia
2787 2405 2950 2458 deleri
2983 2403 3183 2471 possit?
3206 2411 3314 2475 Age
3339 2403 3724 2470 denium,audi

2169 2487 2286 2535 nos,
2307 2483 2362 2548 et
2394 2473 2481 2526 lilii
2515 2473 2719 2548 vincula
2746 2476 2910 2538 solve,
2939 2477 3106 2548 abjicc
3139 2473 3389 2545 gladium,
3419 2481 3725 2548 exstingua-

2165 2543 2498 2615 musignem,
2530 2543 3287 2615 ipsantaramsubvertainus;
3341 2563 3406 2601 ne
3450 2543 3726 2615 vestigium

2165 2611 2376 2683 quidem
2407 2613 2455 2664 in
2485 2621 2621 2665 terra
2647 2613 2911 2682 relinquas
2932 2615 3253 2669 incredibilis
3280 2616 3545 2672 facinoris.
3573 2611 3725 2683 Quod

2166 2682 2208 2753 si
2238 2692 2364 2753 post
2384 2693 2579 2734 tantam
2608 2683 2951 2737 monitionem
2987 2700 3088 2737 non
3130 2687 3499 2753 obtemperas,
3530 2682 3725 2743 etma-

2166 2751 2308 2819 ligno
2338 2752 2562 2804 dientoni
2599 2754 2899 2827 titinistrare
2923 2756 3197 2827 contendis
3219 2796 3231 2815 .
3268 2751 3369 2810 hoc
3398 2758 3567 2810 solum
3604 2775 3727 2827 prc-

2164 2835 2374 2896 catnnr,_
2415 2835 2510 2896 nos
2554 2821 2779 2896 primum
2812 2824 3087 2896 interfice,
3124 2825 3343 2880 libenter
3385 2842 3566 2880 necem
3600 2821 3728 2896 pati-

2166 2905 2298 2963 mur.
2329 2889 2514 2963 Melius
2540 2894 2733 2963 quippe
2759 2894 2908 2945 nobis
2933 2903 3013 2946 est
3043 2894 3126 2947 hic
3149 2897 3358 2959 cadere,
3383 2912 3537 2963 quam
3564 2889 3728 2952 inter-

2165 2960 2379 3036 fecloris
2409 2963 2604 3036 proprii
2657 2962 2745 3014 filii
2779 2977 2960 3036 servos
3004 2968 3199 3036 Vocari.
3253 2960 3529 3032 Quomodo
3565 2969 3726 3036 igitur

2165 3032 2332 3082 servis
2365 3032 2483 3103 talia
2515 3032 2697 3103 insano
2731 3047 2876 3086 more
2913 3035 3247 3102 loquentibus
3296 3045 3347 3089 et
3398 3032 3675 3103 agentibus
3704 3080 3720 3101 ,

2166 3102 2470 3171 progenitor
2522 3101 2726 3152 Domini
2772 3101 3089 3171 pra-ceptum
3142 3101 3461 3171 exsequutus
3497 3107 3723 3160 fuisset?

2163 3169 2428 3240 quomodo
2477 3171 2525 3223 in
2572 3179 2679 3223 toto
2718 3173 2913 3224 mundo
2946 3169 3256 3240 prasclarum
3288 3169 3468 3226 divini
3521 3176 3722 3230 amoris

2164 3253 2294 3306 opus
2338 3239 2653 3293 effulsisset?
2699 3239 2963 3308 quomodo
3017 3244 3258 3295 sublimis
3312 3243 3428 3296 fidei
3475 3245 3720 3299 columna

2163 3319 2337 3379 erecta
2392 3309 2613 3363 fuisset?
2668 3313 2931 3377 quomodo
2971 3312 3096 3377 ipsis
3147 3313 3396 3379 Operibus
3448 3313 3722 3368 didicisset

2164 3377 2410 3450 mundus,
2437 3381 2679 3450 timorem
2712 3381 2800 3432 Dei
2844 3381 2924 3433 vel
2973 3382 3062 3434 filii
3114 3377 3295 3436 aniore
3340 3383 3713 3450 pretiosiorem

2162 3449 2318 3503 esse?
2352 3448 2642 3521 ldeosolus
2672 3450 2736 3501 ad
2761 3450 3071 3503 sacrificium
3103 3448 3351 3521 accedit,‘
3374 3468 3508 3504 nnns
3539 3454 3722 3521 unige-

2164 3521 2330 3572 nitum
2356 3535 2450 3588 per
2479 3519 2812 3587 Unigenitum
2849 3521 2939 3573 uni
2979 3521 3084 3572 Deo
3128 3519 3375 3574 offerens.
3409 3519 3673 3575 Didicistis
3701 3563 3718 3588 ,

2162 3590 2441 3654 carissimi,
2474 3605 2565 3656 per
2583 3605 2641 3641 ca
2665 3605 2779 3657 quae
2803 3590 2937 3642 dieta
2969 3601 3090 3642 sunt
3111 3591 3465 3657 progenitoris
3482 3607 3720 3644 amorem

2163 3674 2284 3727 erga
2315 3659 2513 3720 Deum;
2545 3659 2731 3713 discite
2764 3674 2857 3727 per
2881 3674 2941 3712 ea
2985 3676 3100 3726 qua:
3136 3671 3432 3727 sequuntur
3466 3662 3555 3714 Dei
3588 3661 3720 3714 inef-

2162 3729 2368 3781 fabilem
2399 3731 2730 3781 clementiam
2762 3729 2986 3782 :discite
3016 3730 3280 3798 quomodo
3311 3731 3343 3784 ii
3377 3736 3463 3797 qui
3491 3746 3722 3798 pra-sen-

2165 3800 2230 3850 tia
2258 3798 2554 3866 despiciunt
2576 3810 2628 3850 et
2658 3800 2706 3851 in
2735 3800 2927 3852 virtute
2961 3800 3258 3866 proticiunt,
3290 3816 3320 3852 a
3360 3804 3720 3866 temporaneis

2163 3884 2265 3922 non
2296 3868 2556 3921 excidant.
2586 3867 2801 3922 Jacebat
2832 3871 3006 3936 itaque
3034 3870 3177 3922 Isaae
3222 3871 3573 3937 compeditos,
3621 3887 3720 3922 nu-

2161 3939 2284 3991 dum
2312 3939 2553 4006 praabens
2582 3940 2714 4006 patri
2741 3939 2980 4006 jugulum
3005 3940 3067 3992 ad
3087 3954 3292 4002 necem,
3321 3955 3512 3992 manus
3540 3950 3716 3992 autem

2164 4009 2454 4062 sacerdotis
2483 4020 2654 4062 erecta
2682 4011 2995 4076 properabat
3024 4010 3085 4061 ad
3117 4009 3320 4076 plagam
3347 4010 3674 4062 inlcrendain
3701 4049 3719 4073 ,

2164 4079 2448 4146 statimque
2474 4080 2540 4131 de
2569 4080 2698 4131 cmlo
2727 4079 2961 4132 defertur
2987 4094 3083 4132 vox
3109 4079 3505 4141 mist'ricordim,
3537 4093 3719 4144 quem-

2164 4149 2444 4201 admodum
2493 4165 2697 4212 manns,
2746 4164 2860 4214 qua:
2910 4164 3120 4199 manum
3151 4147 3450 4211 cohiberet,
3486 4159 3537 4202 et
3577 4149 3721 4200 velo-

2163 4221 2374 4270 cissimo
2396 4219 2548 4286 jussu
2567 4219 2856 4272 sacerdotis
2878 4218 3201 4270 alacritatem
3224 4218 3498 4270 retineret.
3531 4215 3613 4268 Ne
3644 4218 3722 4286 its-

2164 4290 2325 4351 jicias,
2372 4285 2556 4355 inquit,
2590 4304 2790 4339 manum
2838 4300 2972 4338 tuam
2998 4288 3048 4338 in
3084 4303 3290 4356 puerum
3318 4286 3466 4357 (Gen.
3491 4286 3578 4340 2:2.
3607 4285 3714 4356 ίῖ).

2164 4360 2362 4411 Sul'ticit
2389 4359 2512 4410 mihi
2548 4367 2787 4424 prompta
2819 4357 3077 4419 voluntas,
3098 4357 3196 4409 etsi
3225 4371 3355 4422 opus
3377 4359 3534 4409 absit.
3567 4357 3722 4408 Non:-

2165 4432 2284 4483 bam
2311 4428 2538 4496 jngulari
2571 4427 2732 4479 lilium
2760 4436 2925 4491 tuutn,
2957 4429 3046 4480 sed
3092 4426 3525 4496 Volebanttidem
3580 4437 3718 4478 tuam

2166 4502 2216 4553 in
2259 4494 2598 4551 toto—mundo
2644 4497 2922 4550 declarari.
2957 4497 3087 4562 Quia
3134 4497 3272 4548 cnim
3307 4494 3426 4547 Non
3458 4497 3719 4564 pepercisti

2164 4569 2374 4636 ﬁliotuo
2402 4568 2579 4619 dilecto
2627 4576 2826 4634 propter
2860 4583 2955 4628 me,
3011 4567 3100 4618 sed
3133 4577 3382 4634 quantum
3415 4568 3466 4617 in
3507 4578 3556 4617 te
3605 4567 3720 4632 fuit,

2166 4638 2319 4705 periit
2341 4636 2516 4701 Isaac,
2569 4637 2698 4689 Sara
2730 4638 2834 4688 tilio
2864 4636 3045 4689 orbata
3079 4645 3182 4700 est,
3216 4645 3373 4704 tuque
3421 4647 3571 4702 pater
3614 4650 3719 4687 non

2167 4709 2298 4762 ultra
2342 4709 2670 4759 vocariszex
2702 4705 2802 4757 hoc
2855 4716 3091 4772 tempore
3144 4707 3212 4758 ob
3269 4717 3410 4757 tuum
3465 4720 3588 4772 eiga
3636 4719 3722 4757 me

2165 4791 2418 4839 amorem,
2447 4777 2649 4827 salvum
2673 4777 2852 4841 accipe
2875 4774 3039 4827 lilium
3069 4785 3234 4839 tuntn,
3277 4779 3364 4842 qui
3400 4774 3723 4842 grandir-vus

2165 4849 2297 4909 crit,
2332 4856 2385 4898 et
2414 4846 2580 4898 multo
2631 4856 2865 4911 tempore
2895 4846 3050 4897 vivet.
3103 4845 3244 4912 Opus
3273 4845 3413 4896 enim
3459 4858 3583 4911 erga
3634 4858 3720 4895 me

2161 4919 2268 4986 jam
2303 4927 2567 4986 peractum
2593 4924 2691 4978 est,
2721 4915 2819 4986 qui
2841 4913 3084 4967 affectum
3113 4913 3275 4986 animi
3305 4913 3553 4980 respicio.
3581 4912 3722 4986 Mei-7

2165 4983 2347 5040 cedem
2406 4985 2498 5038 tibi
2539 4985 2727 5037 horum
2761 4985 3008 5047 tribuam,
3061 4998 3092 5036 ο
3124 4983 3316 5036 famule
3341 5023 3354 5045 ,
3407 4983 3721 5049 congruenti

2166 5058 2365 5111 scilicet
2392 5071 2610 5108 munere
2635 5055 3004 5120 fruetuosaque
3033 5052 3386 5119 appellatione
3411 5062 3459 5105 te
3494 5055 3718 5111 ornabo.

2166 5129 2336 5195 quivis
2369 5135 2582 5178 sanctus
2625 5135 2673 5195 te
2711 5133 2910 5190 patrem
2955 5123 3329 5195 vocabit._lloc
3358 5123 3721 5195 tlpllsdlttlllus

2168 5192 2256 5251 tibi
2283 5199 2451 5263 justos
2474 5195 2606 5246 filios
2625 5193 2821 5260 gignet,
2847 5201 2907 5263 tu
2936 5192 3168 5244 omnium
3191 5192 3242 5244 in
3276 5207 3359 5244 me
3388 5193 3721 5263 credentium

2170 5261 2311 5334 pater
2336 5265 2636 5323 vocaberis;
2676 5278 2774 5334 ego
2801 5262 2894 5334 tibi
2937 5278 3030 5329 per
3056 5263 3454 5334 prterugativam
3485 5278 3547 5334 ex
3582 5261 3720 5334 lapi-

2166 5332 2319 5390 dibus
2351 5337 2484 5388 filios
2513 5333 2774 5387 excitabo.
2807 5332 2978 5385 Unum
3026 5334 3187 5384 filium
3231 5332 3539 5398 despexisti,
3579 5333 3725 5382 innu-

2169 5422 2340 5460 tm-ros
2376 5421 2442 5458 ex
2485 5404 2582 5456 hoc
2617 5414 2854 5470 tempore
2889 5403 3104 5455 habebis
3141 5403 3276 5453 filios
3305 5421 3316 5453 :
3348 5413 3550 5469 patrem
3579 5403 3720 5453 enim

2168 5478 2446 5530 nmltarnm
2475 5475 2710 5542 gentium
2745 5484 2794 5524 te
2845 5473 3014 5539 pesui.
3059 5472 3122 5523 Et
3153 5471 3266 5523 haec
3293 5472 3504 5538 quidem
3541 5473 3673 5524 Deus
3705 5488 3717 5520 :

2167 5564 2261 5600 nos
2292 5555 2464 5598 autem
2513 5557 2718 5606 omnes,
2751 5543 3032 5604 carissimi,
3062 5543 3349 5607 exemplari
3381 5542 3541 5594 divini
3569 5555 3720 5592 amo-

2167 5633 2240 5672 rts
2275 5615 2608 5684 progenitore
2637 5613 2937 5684 Abrahamo
2967 5614 3044 5665 usi
3071 5653 3084 5675 ,
3105 5613 3325 5684 nullum
3354 5627 3418 5663 ex
3454 5621 3724 5684 tempora-

2168 5682 2284 5740 neis
2320 5684 2472 5737 bonis
2526 5684 2627 5736 fide
2681 5683 2731 5734 in
2785 5682 2946 5734 Deum
2982 5682 3263 5750 pretiosius
3292 5696 3410 5734 esse
3445 5682 3720 5735 existime-

2168 5771 2304 5818 mus,
2330 5769 2431 5807 non
2457 5767 2640 5822 genus,
2678 5768 2783 5804 noti
2808 5754 3048 5819 patriam,
3084 5768 3184 5804 non
3213 5751 3442 5810 divitias,
3472 5768 3572 5801 non
3603 5753 3722 5820 glo-

2176 5830 2305 5881 riam
2330 5865 2344 5891 ,
2378 5839 2480 5877 non
2508 5822 2754 5876 dilectum
2812 5822 3007 5882 tilium.
3032 5822 3129 5876 etsi
3170 5822 3235 5873 sit
3284 5823 3583 5888 unigenitos
3621 5841 3630 5873 :
3662 5830 3721 5874 ut
