3978 6448
523 414 637 466 555

515 519 608 579 cii,
642 528 844 584 septem
868 515 986 568 illas
1012 529 1126 580 qum
1158 513 1208 566 iu
1233 511 1499 584 dominico
1537 525 1762 580 corpore
1809 511 2085 584 requieve-

518 596 637 640 runt
665 605 677 640 :
708 580 797 637 illa
829 601 920 653 per
952 584 1169 650 figuram
1200 592 1403 653 septem
1453 582 1783 653 lucernarum
1812 580 2082 648 exprimit.

582 657 637 708 9..
671 656 775 706 Cur
803 650 1001 720 septem
1036 654 1261 705 lucerna:
1280 652 1304 701 ‘l
1336 652 1556 719 Prepter
1585 650 1921 720 splendorem
1951 664 2082 718 epe-

514 724 734 778 rationis
764 717 925 776 sancti
955 722 1198 791 Spiritus.
1232 720 1381 776 Unde
1409 717 1506 774 sub
1536 720 1647 772 hcce
1676 719 1836 772 dicit:
1873 717 1948 791 Hi
1969 717 2086 791 sunt

515 806 700 854 septem
727 794 855 845 oculi
899 789 1121 851 Domini,
1148 792 1235 860 qui
1275 791 1554 842 universam
1591 799 1793 860 terram
1817 789 2086 860 respiciunt

517 863 698 928 (Zucli.
725 863 775 915 Δ.
810 862 916 928 10).
954 859 1175 913 Videsne
1213 861 1376 926 ipsam
1415 861 1683 911 veritatem
1723 859 1949 928 seipsam
1987 859 2085 928 de-

516 925 742 995 clarare,
776 925 1058 994 ncc'egcre
1088 925 1329 981 humanis
1367 929 1686 981 ratiociniis?
1716 927 1818 980 Sed
1849 926 1945 993 ipsi
1976 925 2084 977 Ad-

515 1011 644 1054 staut
678 1002 888 1052 Domino
915 1001 1155 1051 universa:
1183 1009 1347 1051 terrw.
1375 997 1654 1050 Zacharias
1681 997 1960 1049 Dominum
1992 1009 2085 1048 ve-

515 1082 599 1123 rat
633 1071 962 1124 Servatorem
1006 1072 1263 1120 universa:
1304 1077 1455 1120 terra:
1488 1067 1776 1120 secundum
1819 1065 2083 1118 carnalem

517 1140 980 1206 iIiSpeusationem.
1022 1137 1211 1206 Petrus
1226 1136 1590 1206 (apostolorum
1617 1145 1771 1200 caput
1803 1149 1920 1187 cum
1948 1134 2084 1206 Cor-

518 1203 661 1262 nelio
704 1209 970 1261 disserens
1015 1208 1083 1259 ait
1126 1225 1136 1258 :
1187 1204 1299 1258 Nos
1345 1206 1525 1258 scimus
1573 1206 1773 1255 verbum
1823 1204 1956 1271 quod
2007 1203 2087 1270 fa-

517 1289 653 1330 rtum
684 1288 755 1330 est
795 1279 847 1329 in
877 1275 1058 1329 Judtt'a
1081 1316 1096 1337 ,
1139 1276 1314 1327 Jesum
1361 1275 1423 1326 de
1463 1272 1714 1335 Nazaret,
1758 1288 1902 1341 quem
1941 1273 2084 1324 unxit

519 1348 656 1400 Deus
696 1347 892 1414 Spiritu
932 1356 1104 1397 sancto
1142 1343 1274 1414 (ᾼει.
1309 1342 1400 1414 10.
1425 1343 1534 1411 58).
1577 1343 1642 1394 Et
1683 1341 2081 1414 rursus_id_em:

527 1408 761 1477 Verbum,
791 1415 925 1485 quod
955 1416 1005 1466 in
1035 1424 1136 1466 tota
1151 1408 1345 1485 ‘Juda’a
1374 1408 1562 1480 factum
1593 1422 1706 1485 est;
1738 1420 1808 1485 ct,
1846 1408 2081 1485 Verbum,

520 1487 654 1554 quod
695 1478 826 1537 misit
873 1484 1025 1554 Deus.
1058 1478 1382 1554 anmmtiaus
1402 1480 1731 1554 ptrcemAﬁliis
1763 1478 1928 1554 Israel
1958 1481 2084 1554 .'_In'c

519 1549 591 1607 est
620 1556 842 1607 vinnium
874 1553 1118 1604 Dominus
1153 1550 1309 1616 (Ibid.
1339 1566 1382 1602 υ.
1419 1553 1506 1604 57.
1540 1549 1652 1618 56).
1685 1549 1944 1617 Propheta
1979 1549 2083 1618 Do-

520 1627 715 1677 minum
746 1634 898 1676 terrm
918 1663 933 1685 ,
964 1623 1301 1687 evangelista,
1337 1620 1520 1673 Petrus
1549 1619 1824 1672 Dominum
1852 1617 2082 1670 omnium

519 1695 645 1746 dicit
669 1711 681 1746 :
711 1693 804 1744 llic
826 1702 895 1744 est
924 1692 1142 1744 omnium
1166 1689 1429 1749 Dominus,
1453 1689 1684 1741 omnium
1710 1703 1826 1755 qua:
1850 1687 1899 1738 in
1929 1687 2080 1746 Caelo,

518 1775 568 1816 et
605 1764 654 1814 in
697 1772 855 1821 terra.
883 1771 936 1814 et
972 1762 1070 1813 sub
1116 1769 1273 1822 terra,
1305 1758 1583 1810 visibilium
1611 1765 1664 1810 et
1710 1756 2081 1817 invisibiliuni;

521 1832 621 1885 llic
666 1843 733 1885 est
765 1832 982 1883 omnium
1008 1829 1273 1881 Dominus.
1307 1826 1453 1881 Unde
1485 1829 1562 1879 his
1597 1840 1824 1879 consona
1854 1825 2078 1892 loquitur

517 1902 747 1955 .lomnes
770 1900 952 1953 dicens
985 1914 997 1951 :
1031 1898 1128 1963 Qui
1157 1897 1218 1949 de
1249 1895 1372 1948 creto
1399 1897 1546 1962 venit,
1589 1912 1736 1964 super
1777 1910 1946 1946 omnes
2009 1904 2082 1950 est

519 1970 695 2032 (Joan.
726 1971 777 2023 5.
805 1971 912 2036 51).
938 1967 1123 2036 Operae
1147 1966 1367 2033 pretium
1395 1974 1668 2036 autemest
1695 1964 1972 2036 diligenter
1991 1977 2081 2016 ex-

521 2040 772 2107 pendere,
799 2033 1110 2107 sol'vereqne
1140 2036 1502 2087 haereticorum
1535 2033 1880 2102 olijectienem
1910 2050 1923 2084 :
1952 2047 2083 2100 que-

519 2105 657 2161 iiiam
685 2109 1025 2174 apostolicum
1053 2105 1248 2158 dictum
1277 2113 1876 2174 perperauisequcntes,
1912 2117 2081 2174 neque

519 2179 603 2244 pie
646 2172 997 2243 intelligentes
1025 2184 1079 2226 et
1117 2187 1405 2244 perperam»
1435 2172 1776 2244 explicantes,
1826 2172 2078 2244 haeretici,

519 2240 751 2315 inquam,
785 2240 876 2308 illi,
914 2240 1238 2315 putanteum
1265 2242 1438 2294 crucis
1476 2241 1746 2315 pricmium
1780 2240 2078 2315 accepisse,

519 2310 656 2385 quod
682 2330 837 2380 supra
868 2310 1051 2385 omnes
1080 2310 1260 2385 fuerit,
1285 2319 1337 2362 et
1366 2311 1520 2385 quod
1537 2323 1719 2375 passus
1749 2310 1836 2368 sit,
1860 2317 1912 2385 ei
1941 2310 2077 2375 quod

517 2377 1107 2445 erucem'sustinucrit,
1162 2379 1359 2432 idcirco
1407 2393 1436 2430 a
1488 2379 1594 2430 Dee
1639 2377 2076 2444 supercxaltatum

517 2455 700 2508 fuisse.
731 2453 960 2507 Verbum
984 2448 1203 2518 apostoli
1231 2457 1625 2518 consectantur,
1652 2447 1847 2518 dictum
1869 2447 2074 2518 sequuti

515 2533 656 2585 sunt,
685 2530 910 2576 mentem
941 2516 1046 2572 non
1068 2519 1421 2586 explorantes.
1456 2516 1558 2568 lies
1585 2526 1758 2568 autem
1791 2516 1857 2566 ita
1883 2517 2075 2567 habet:

515 2591 814 2646 Humiliavit
839 2585 1151 2658 semetipsum
1177 2603 1328 2658 usque
1348 2585 1413 2658 ad
1436 2594 1660 2658 mortem,
1675 2595 1884 2658 mortem
1901 2595 2072 2658 ginem

515 2662 676 2714 crucis
707 2678 724 2713 .'
752 2652 1018 2730 proptered
1037 2657 1172 2710 Deus
1203 2652 1432 2732 exultavit
1462 2655 1605 2732 illum
1640 2652 1856 2732 (Piiilip.
1981 2655 2072 2721 8);

516 2733 584 2784 ob
605 2723 892 2784 cruciatum
912 2742 1118 2794 nempe,
1143 2726 1437 2779 mercedem
1452 2723 1561 2794 ipsi
1579 2723 1814 2794 supplicii
1830 2723 2074 2794 tribuens

515 2801 905 2854 exultationem.
955 2790 1212 2863 Ita'plaue
1253 2795 1403 2856 dicis,
1448 2793 1694 2863 lucretiee
1727 2809 1738 2843 :
1776 2810 1792 2840 ι
1826 2791 1896 2863 Et
1933 2790 2077 2863 dedit

515 2871 589 2923 illi
619 2884 806 2922 nomen
848 2882 1006 2934 super
1044 2858 1201 2918 euine
1231 2878 1453 2934 nomen,
1499 2870 1556 2914 ut
1599 2861 1651 2913 in
1698 2858 2074 2934 nemiuelesu

514 2954 670 2992 nume
697 2953 830 3006 genu
861 2928 1456 3006 flectatur,eielestmnr,
1486 2932 1811 3006 terrestrium
1841 2938 1893 2981 et
1920 2928 2076 2981 infer-

515 3000 743 3062 uerum}
764 3005 920 3076 (Ibid.
960 3003 1234 3076 o.-9.Al(_)).
1269 3001 1468 3076 Viden‘,
1502 3000 1686 3076 inquit_,
1725 3008 1840 3066 post
1864 3013 2073 3051 crucem

515 3069 916 3132 cxaltatus'cst?
946 3073 1136 3136 viden’,
1167 3072 1352 3138 inquit,
1389 3079 1503 3138 post
1534 3069 1831 3136 passionem
1863 3082 2071 3121 merce-

512 3148 633 3200 dem
662 3146 883 3212 accepit,
916 3157 1104 3209 nempe
1133 3139 1548 3212 exaltationcm?
1574 3139 1628 3212 Si
1658 3153 1782 3206 ergo
1809 3146 1927 3212 post
1950 3152 2072 3212 cru-

512 3232 629 3271 cem
656 3207 911 3269 exaltatus
938 3207 1118 3274 est,_nt
1143 3225 1236 3263 vos
1260 3210 1452 3272 dicitis,
1472 3222 1566 3261 cur
1589 3207 1817 3261 Joannes
1842 3207 2074 3274 Baptista

513 3297 636 3339 ante
685 3285 1006 3352 passionem,
1053 3290 1425 3352 autecrucem
1460 3277 1606 3352 dixit
1648 3295 1659 3328 :
1709 3275 2073 3352 Q‘ui_d_e_c_celo

514 3356 663 3419 venit,
685 3344 841 3420 super
883 3367 1049 3403 omnes
1080 3359 1148 3420 est
1177 3348 1350 3420 (latin.
1460 3348 1579 3420 51)ἓ
1610 3363 1711 3398 non
1745 3345 1836 3397 lit?
1875 3344 2074 3420 Idcirco

512 3414 724 3478 Judaios
755 3414 1039 3488 'allequcns
1077 3414 1228 3472 Jesus
1265 3417 1470 3488 dicebat
1502 3414 1731 3488 :Amcn2
1777 3431 1918 3488 auten
1960 3414 2071 3488 dico

511 3495 668 3557 vobis,
698 3482 961 3557 antequam
985 3489 1233 3540 Abraham
1259 3487 1414 3552 ﬁeret,
1440 3501 1526 3552 ego
1547 3501 1656 3557 sum
1677 3482 1854 3557 (loqu.
1879 3484 1932 3534 8.
1960 3482 2070 3548 58).

514 3564 608 3616 Est
643 3552 782 3613 cnim
815 3552 901 3610 ille
930 3572 1156 3623 semper,
1187 3564 1241 3607 ct
1281 3562 1416 3623 erat,
1441 3563 1493 3604 ct
1515 3553 1745 3623 erit;‘et
1783 3552 2070 3623 linemnon

515 3631 745 3683 habebit.
790 3627 1010 3694 Oportet
1048 3617 1248 3694 autem,
1293 3621 1511 3694 fratres,
1558 3619 1790 3672 debitum
1831 3617 2070 3694 rtuldere,

515 3714 612 3753 nec
632 3687 907 3750 occasione
933 3693 1311 3760 digressionum
1351 3691 1602 3760 promissa
1629 3702 1836 3760 negare.
1869 3687 2067 3760 Prii-di—

512 3778 661 3822 eetur
686 3766 876 3819 Christi
906 3757 1089 3831 gloria,
1119 3760 1416 3831 Patrisque_
1436 3757 1689 3831 celsitudo
1718 3774 1730 3808 :
1761 3757 2070 3831 prindieetur

511 3837 753 3904 Spiritus
775 3824 1017 3895 sanctius,
1067 3824 1328 3904 egaltctur
1378 3825 1705 3904 Unigeoitus,
1756 3824 2072 3904 glorificatur

515 3895 685 3961 Pater.
714 3903 879 3956 Nemo
911 3909 1057 3969 putet
1084 3895 1598 3969 dignitatemeverti,
1629 3895 1672 3947 si
1704 3909 1871 3969 prmio
1900 3895 2071 3962 Spiri-

513 3987 620 4029 tum
648 3964 1355 4030 counnemiiremus,_(leiude
1381 3964 1589 4027 Filium,
1613 3975 1796 4032 peswa
1820 3965 2024 4017 Patrem
2053 3981 2067 4016 :

512 4045 594 4099 vel
623 4045 790 4111 primo
817 4040 1026 4102 Filium,
1047 4036 1237 4111 deinde
1266 4036 1494 4088 Patrem.
1531 4033 2064 4111 _l|a:c_quippcdigui-

513 4126 594 4168 tas
624 4102 869 4165 lerdinem
920 4124 1022 4160 non
1057 4107 1231 4168 habet,
1277 4119 1382 4156 non
1431 4113 1486 4155 ut
1531 4102 1842 4164 inordinata,
1875 4105 1966 4156 sed
2013 4113 2067 4154 ut

511 4183 752 4236 ordinem
775 4190 1047 4244 superans.
1080 4175 1148 4230 Ut
1171 4175 1310 4244 enim
1344 4173 1477 4244 Deus
1500 4173 1714 4244 figuram
1748 4186 1851 4223 non
1882 4171 2056 4244 habet,

516 4267 623 4305 non
652 4248 789 4318 quod
821 4240 888 4299 sit
916 4244 1171 4318 informis,
1203 4243 1302 4318 sed
1321 4241 1457 4309 quod
1483 4257 1573 4308 per
1602 4240 1818 4318 figuram
1848 4241 2067 4308 exprimi

515 4337 618 4374 non
652 4310 841 4388 possit;
870 4324 923 4388 et
950 4320 1084 4388 sicut
1113 4316 1245 4366 Deus
1283 4311 1502 4388 formam
1530 4325 1632 4388 non
1666 4310 1836 4372 habet,
1871 4326 1974 4362 non
2007 4318 2064 4388 ut

515 4378 770 4451 informis,
800 4378 890 4438 sed
921 4395 975 4436 ut
1001 4385 1337 4450 incorporeus
1370 4397 1384 4451 ;
1414 4379 1489 4451 sic
1510 4379 1685 4451 divina
1712 4388 1901 4451 natura
1927 4378 2070 4451 ordi-_

513 4475 633 4513 nem
666 4446 767 4510 non
814 4455 991 4519 habet,
1030 4446 1308 4519 nou-quod
1345 4450 1414 4503 sit
1456 4448 1770 4513 inordinata,
1813 4448 1904 4500 sed
1932 4446 2070 4519 quod

511 4529 753 4581 ordinem
799 4518 1281 4594 superetal’atriem
1312 4519 1430 4594 dico
1460 4519 1720 4594 primum,
1751 4533 1854 4569 non
1885 4518 2068 4594 ordine

514 4598 764 4665 primum,
789 4584 881 4647 sed
904 4589 1428 4665 intelligendi_inodo,
1460 4584 1579 4665 quia
1606 4586 1810 4655 genitor
1837 4597 1917 4665 est
1940 4584 2069 4639 Uni-

513 4657 694 4735 igcniti,
721 4657 1010 4735 quiaradix
1038 4657 1201 4735 sancti
1233 4658 1452 4735 fructus,
1477 4657 1597 4723 quia
1614 4667 1870 4735 aeternum
1895 4657 2068 4733 lumen

513 4724 695 4788 Saturni
739 4724 952 4784 luminis
980 4731 1186 4782 soboles
1228 4737 1327 4781 est.
1370 4727 1524 4793 Ergo,
1558 4725 1628 4777 mi
1661 4725 1836 4785 frater,
1870 4725 1912 4777 si
1948 4724 2065 4790 quis

515 4814 669 4857 :etate
716 4813 892 4854 nostra
942 4801 1158 4852 auderet
1203 4798 1357 4849 hodie
1395 4796 1444 4846 in
1491 4794 1743 4856 Ecclesia,
1785 4795 1834 4844 in
1880 4794 2070 4860 populo

512 4872 838 4930 orthodoxe,
883 4871 932 4920 in
975 4867 1165 4935 pepulo
1209 4880 1328 4918 vera
1367 4864 1601 4935 scicntia
1627 4863 1859 4935 imbuto,
1884 4862 2069 4935 Filium

515 4952 638 4996 ante
669 4941 876 4993 Patrem
907 4931 1117 5005 ponere,
1167 4949 1270 4987 non
1292 4935 1445 5005 (male
1468 4933 1687 5005 audiret
1728 4931 2072 5005 apuderthe-

513 5011 717 5064 doxos?
773 5001 920 5076 Erge—
947 5007 990 5059 si
1040 5005 1156 5076 quis
1202 5003 1418 5076 auderet
1467 5001 1799 5076 in_Ecc|es'ta
1854 5001 2069 5076 dicere,

515 5080 755 5135 Christus
781 5069 926 5129 vobis
953 5069 1222 5127 benedicct
1247 5082 1297 5123 et
1331 5072 1480 5122 Pater
1507 5070 1640 5137 ejus,
1688 5084 1789 5121 non
1829 5069 2067 5121 ordinem

516 5159 821 5217 pervertere
851 5152 1137 5217 putaretur,
1167 5141 1307 5217 quod
1335 5141 1563 5217 radicem
1596 5152 1699 5190 non
1738 5138 1882 5217 prius
1911 5152 2066 5204 quam

514 5205 739 5270 fructum
783 5205 1042 5282 poni-ret?
1087 5205 1226 5275 Ergo
1266 5209 1470 5282 siAquis
1515 5207 1734 5282 diceret,
1785 5205 2070 5282 Filiusuos

515 5286 746 5340 servabit
783 5275 834 5337 et
879 5282 1053 5343 Pater,
1087 5296 1191 5330 non
1221 5275 1580 5330 confusionem
1613 5276 1859 5327 inducere
1886 5275 2070 5327 existi-

514 5367 765 5418 moretur,
814 5367 985 5418 neque
1029 5349 1269 5401 ordinem
1315 5344 1689 5418 prmtergredi?
1720 5343 1914 5396 Verum
1943 5345 2073 5418 _h:ec

513 5426 649 5493 apud
680 5411 884 5489 iniquos
903 5411 1073 5472 rerum
1103 5411 1537 5492 mstiiiiateresita
1559 5415 1799 5465 videntur
1824 5431 1836 5465 :
1865 5411 1956 5466 sed
1984 5429 2074 5493 ve:

515 5483 668 5546 ritate
688 5483 894 5560 judice,
914 5499 966 5541 et
994 5487 1278 5560 apostolica
1318 5483 1573 5560 sententia
1613 5490 1914 5560 superante,
1943 5484 2072 5534 nihil

515 5552 753 5626 interest,
788 5562 832 5614 si
863 5552 1170 5610 Filius—aute
1199 5555 1405 5606 Patrem
1445 5562 1498 5604 et
1540 5552 2072 5626 Spiritmn_ceinme-

518 5618 770 5694 moretur,
803 5628 934 5681 Audi
959 5627 1176 5679 Paulum
1204 5637 1446 5694 magnum
1471 5634 1764 5694 praiceuem
1794 5618 2074 5694 Thessale-

517 5686 814 5752 nieensibus
839 5699 1152 5765 scribentem
1180 5693 1260 5765 his
1292 5686 1512 5765 (eritis:
1545 5689 1569 5739 Ι
1577 5705 1662 5758 pse
1688 5703 1799 5740 vero
1830 5686 2073 5765 Dominus

517 5780 677 5822 noster
703 5768 849 5821 Jesus
872 5764 1116 5832 Christus,
1148 5773 1191 5816 et
1213 5763 1350 5816 Deus
1381 5759 1531 5814 Pater
1556 5767 1718 5812 noster
1743 5758 2068 5824 sanctiﬁcabit

2035 397 2296 456 SPUIllA.

3665 424 3773 478 556

2195 525 2280 584 vos
2308 508 2380 582 (ι.
2404 508 2584 584 Τίιεεε.
2614 512 2666 584 ᾗ.
2689 510 2804 584 25).
2831 513 3007 568 Primo
3032 513 3218 578 Filius,
3243 523 3294 568 et
3319 523 3497 569 sancta
3527 512 3644 569 luce
3666 517 3759 569 im-

2195 580 2332 648 pleta
2380 580 2573 635 anima.
2620 580 2800 650 Neque
2836 585 2976 637 enim
3008 585 3057 636 in
3098 584 3272 638 divina
3315 585 3403 637 illa
3452 596 3635 638 natura
3679 598 3760 639 est

2192 650 2323 721 ordo
2349 666 2361 702 :
2391 650 2481 721 sed
2508 652 2645 717 quod
2675 653 2899 719 prinmm
2927 654 3183 720 posueris,
3216 654 3432 721 aequalis
3452 669 3574 708 esse
3597 655 3758 708 boue-

2192 719 2264 771 ris
2311 718 2647 789 intelligitur;
2677 718 2832 789 quod
2863 718 3181 785 secundum,
3231 718 3331 775 non
3375 723 3496 776 inde
3543 725 3754 786 minus;

2192 788 2329 856 quod
2363 789 2594 854 tertium,
2624 788 2726 842 non
2753 792 3071 845 contumelia
3100 791 3353 845 aflicilur:
3372 792 3564 845 Paulus
3592 795 3754 847 indis-

2191 857 2504 928 criniinatim
2566 861 2779 911 nemina
2831 860 3070 928 profert,
3127 863 3245 928 quia
3312 862 3458 914 nevit
3513 871 3753 916 naturam

2192 926 2588 998 indivisibilem,
2633 938 2682 981 et
2713 926 2930 996 rego—um
2963 926 3334 996 inseparabile.
3366 930 3755 998 lnterregemus

2192 996 2580 1065 verel’aulum,
2629 997 2886 1050 undenam
2927 1001 3233 1052 occasiones
3269 1002 3532 1065 acceperit
3571 996 3647 1054 sic
3689 1003 3757 1054 de

2194 1063 2303 1117 Deo
2326 1063 2589 1132 loquendi,
2617 1075 2708 1119 aut
2735 1069 2812 1120 sic
2837 1067 3182 1135 glorificandi,
3200 1080 3286 1120 aut
3316 1063 3539 1134 ponendi
3563 1070 3753 1122 Filium

2193 1143 2315 1186 ante
2359 1135 2586 1204 Patrem,
2636 1151 2740 1186 non
2784 1137 2968 1189 ordine
3005 1139 3085 1189 vel
3137 1146 3412 1204 potestate,
3459 1140 3554 1192 sed
3596 1141 3756 1191 verbo

2191 1210 2409 1272 tantum.
2463 1203 2570 1257 Cur
2614 1204 2799 1256 Filium
2841 1207 3011 1272 primo
3048 1203 3517 1271 commemoravit,
3563 1206 3754 1261 deinde

2191 1271 2439 1342 Patrem?
2482 1273 2594 1341 Ipse
2638 1271 3110 1342 Paulus’loquatur
3153 1275 3204 1327 in
3249 1275 3330 1328 sui
3372 1275 3751 1340 defensionem,

2193 1349 2245 1412 et
2269 1342 2318 1412 in
2342 1341 2590 1394 Ecclesia:
2614 1341 2995 1412 institutionem
3023 1361 3037 1395 :
3066 1343 3202 1396 Nihil
3228 1359 3292 1397 ex
3322 1345 3523 1411 meipso
3545 1345 3596 1398 lo
3617 1363 3750 1412 pler,

2191 1409 2432 1462 Christus
2462 1426 2555 1481 per
2580 1427 2662 1463 mc
2690 1411 2802 1464 h;cc
2829 1411 3070 1478 dogmata
3099 1413 3263 1465 dictat
3292 1431 3303 1464 :
3335 1414 3410 1465 An
3432 1409 3752 1481 'experinien;

2189 1488 2294 1551 ium
2316 1480 2533 1551 quwritis
2562 1481 2668 1547 eius
2692 1481 2777 1549 qui
2804 1482 2855 1532 in
2875 1498 2952 1533 me
2974 1482 3191 1550 loquitur
3214 1483 3394 1535 Christi
3421 1481 3494 1551 (2.
3524 1483 3640 1536 Cor.
3667 1488 3751 1537 13.

2189 1548 2282 1616 3)?
2311 1550 2550 1602 Christus
2578 1565 2670 1616 per
2705 1548 2793 1602 me
2820 1548 3068 1618 loquitur,
3097 1566 3162 1605 ne
3190 1566 3408 1605 accuses
3430 1548 3749 1606 dominicam

2191 1632 2394 1691 recem,
2424 1633 2488 1670 ne
2513 1618 2888 1691 reprehendas.
2912 1620 2982 1672 At
3002 1635 3103 1691 non
3133 1620 3440 1691 potesﬂferte
3463 1623 3754 1691 intelligere

2187 1685 2450 1757 Christum
2483 1685 2682 1754 pcr’me
2721 1688 3062 1756 loquentem?
3090 1685 3222 1742 Audi
3260 1690 3405 1742 illum
3444 1685 3753 1757 simpliciter

2187 1755 2255 1808 de
2292 1757 2466 1824 seipse
2495 1755 2815 1825 loquentem.
2847 1757 2898 1811 Si
2927 1760 3064 1811 enim
3099 1759 3308 1811 nomina
3349 1755 3747 1814 Sancus—Trini-

2191 1826 2309 1897 t_atis
2334 1826 2502 1897 ordini
2545 1826 2776 1892 subjecta
2812 1836 3010 1889 essent,
3044 1835 3099 1880 ct
3125 1828 3167 1880 si
3194 1828 3333 1894 quod
3372 1829 3598 1895 primum
3631 1844 3751 1897 pro-

2189 1891 2374 1957 fertur,
2404 1891 2651 1961 primum
2676 1903 2817 1948 esset
2844 1898 3032 1948 virtute
3052 1937 3067 1961 ,
3095 1891 3385 1949 secundum
3413 1913 3534 1950 vero
3564 1891 3752 1950 secun-

2186 1961 2308 2035 dum
2335 1964 2540 2026 ordine,
2565 1964 3036 2035 tertiuminferieri
3063 1966 3199 2028 loco,
3241 1965 3493 2019 Servater
3519 1968 3607 2034 qui
3641 1969 3749 2035 ipsa

2184 2033 2381 2085 veritas
2425 2042 2536 2096 est,
2590 2034 2826 2085 veritatis
2873 2035 3110 2087 ordinem
3159 2050 3263 2087 non
3319 2033 3751 2089 miseoisSetJEt

2185 2101 2396 2153 uhiuam
2445 2099 2698 2154 Servator
2743 2103 2974 2168 seipsum
3013 2105 3238 2169 primum
3280 2106 3747 2167 commemoravit,

2186 2169 2479 2236 deindeque
2529 2169 2781 2239 Patrem?
2831 2169 2892 2224 Si
2940 2173 3068 2239 quis,
3117 2173 3311 2239 inquit,
3363 2174 3601 2224 mandatu
3643 2189 3751 2225 mea

2183 2241 2466 2301 servaverit,
2499 2255 2586 2306 ego
2631 2250 2675 2291 et
2710 2237 2865 2291 Pater
2891 2237 3157 2301 veniemus,
3188 2237 3232 2292 et
3267 2243 3571 2293 mansionem
3614 2241 3751 2305 apud

2183 2322 2295 2376 eum
2336 2307 2571 2374 faciemus
2619 2307 2797 2375 (Joan.
2841 2309 2926 2361 H.
2956 2309 3068 2373 23).
3115 2308 3546 2376 Quandoquidem
3597 2311 3751 2364 Pater

2185 2375 2370 2446 ordine
2395 2377 2687 2446 antecellit,
2714 2386 2770 2430 ut
2796 2377 2943 2429 aiunt
2969 2379 3202 2430 haeretici
3224 2418 3238 2442 ,
3270 2375 3572 2446 Filiumque
3600 2382 3748 2446 quasi

2183 2444 2484 2510 praefectum
2504 2445 2778 2512 quemdam
2800 2447 2995 2515 regium
3017 2447 3152 2515 apud
3174 2447 3378 2500 Patrem
3397 2444 3518 2501 esse
3541 2444 3742 2510 volunt,

2184 2518 2282 2587 hoc
2305 2529 2600 2587 quaeramus
2621 2515 2686 2587 ait
2714 2515 2856 2582 ipsis,
2885 2531 3010 2568 num
3033 2516 3309 2582 praefectus
3330 2518 3516 2585 aliquis
3537 2520 3602 2571 de
3627 2534 3747 2587 rege

2180 2583 2358 2637 dicere
2385 2584 2573 2636 audeat
2601 2601 2613 2634 :
2644 2583 2754 2652 Ego
2774 2593 2827 2637 et
2856 2601 2946 2638 rex
2975 2587 3220 2638 decerno.

2249 2654 2302 2705 5.
2332 2653 2406 2724 Es
2438 2653 2502 2724 iis
2521 2667 2637 2721 quae
2659 2653 2796 2720 apud
2824 2669 2920 2706 nos
2947 2663 3200 2721 geruntur
3219 2669 3302 2718 ea,
3325 2669 3443 2724 quae
3466 2669 3620 2724 supra
3651 2671 3746 2710 nos

2179 2731 2335 2786 sunt,
2381 2722 2630 2790 intellige.
2673 2725 2753 2775 An
2799 2735 2974 2775 creata
3025 2733 3208 2776 natura
3239 2722 3486 2777 incieatze
3522 2722 3746 2792 Seipsam

2181 2792 2503 2858 praetulerit?
2533 2791 2718 2844 Creata
2764 2801 2966 2855 natura,
3020 2803 3075 2844 ut
3118 2807 3210 2845 vos
3251 2793 3446 2855 dicitis,
3499 2791 3623 2848 ansa
3667 2806 3746 2848 est

2179 2860 2380 2924 dicere,
2414 2860 2811 2926 inron‘iparabili
2837 2861 3168 2914 excellentia:
3194 2877 3311 2915 sese
3336 2878 3697 2916 annumeraus
3728 2881 3742 2916 :

2190 2927 2467 2999 Veniamus,
2493 2939 2538 2982 et
2571 2930 2877 2999 mansionem
2900 2930 3036 2998 apud
3060 2947 3171 2982 eum
3193 2933 3473 2999 faciemus?
3495 2933 3597 2985 Per
3621 2933 3744 2986 illud

2177 3000 2338 3060 enim,
2374 2997 2484 3067 Ego
2513 3008 2557 3050 et
2584 2997 2757 3061 Pater,
2792 2997 3061 3051 nominum
3090 2997 3443 3054 differentiam
3471 3003 3736 3065 ostendit;

2179 3081 2269 3135 per
2313 3068 2439 3138 illud
2480 3077 2685 3130 autem,
2728 3067 3017 3138 l’eniemus,
3049 3078 3094 3121 et
3123 3070 3426 3121 mansionem
3466 3071 3740 3138 faciemus,

2177 3137 2524 3205 aequalitatem
2553 3136 2873 3204 operationis
2901 3138 2981 3190 dei
3008 3139 3300 3191 iens'ravit.
3344 3139 3430 3192 Sic
3467 3136 3522 3192 ct
3559 3142 3661 3193 alio
3692 3143 3740 3192 in

2178 3205 2316 3270 loco,
2334 3220 2451 3259 cum
2471 3207 2742 3274 Philippus
2758 3207 3024 3273 apostolus
3041 3207 3258 3269 diceret,
3284 3206 3516 3270 Domine,
3539 3210 3741 3263 ostende

2177 3275 2316 3327 nobis
2340 3275 2559 3345 Patrem,
2587 3286 2631 3326 et
2661 3276 2837 3344 sufficit
2860 3275 2999 3345 nobis
3032 3276 3206 3343 (Joan.
3239 3276 3327 3329 14.
3351 3277 3428 3345 8).
3455 3279 3744 3345 respondet

2175 3346 2422 3417 Seri'ater
2454 3363 2464 3397 :
2497 3343 2655 3417 Tanto
2684 3358 2905 3417 tempore
2920 3344 3326 3417 vobiscumsum,
3349 3343 3401 3417 ei
3426 3362 3528 3398 non
3551 3343 3740 3417 cogno-

2175 3415 2287 3466 visti
2333 3430 2443 3476 nte,
2488 3411 2729 3478 Philippe
2766 3412 2924 3479 (Ibid.
2970 3413 3115 3481 v.79.
3169 3412 3292 3481 l0)?
3339 3411 3633 3466 Ceutraria'
3664 3429 3744 3469 est

2176 3482 2448 3550 responsio
2471 3482 2888 3550 interrogationi.
2919 3483 2997 3533 Au
3023 3480 3088 3534 de
3118 3491 3168 3534 te
3194 3480 3553 3550 interrogari?
3589 3485 3699 3537 Dixi
3726 3525 3740 3548 ,

2180 3548 2396 3603 Ostende
2419 3549 2557 3602 nobis
2601 3547 2844 3613 Patrem;
2891 3549 2977 3603 ille
3017 3564 3141 3603 vero
3184 3552 3276 3612 ait,
3321 3547 3482 3604 Tanto
3523 3547 3742 3618 tempore

2176 3619 2424 3671 vobiscum
2451 3635 2583 3681 sum,
2614 3627 2657 3670 et
2683 3635 2780 3670 non
2806 3621 3074 3687 cognovisti
3106 3635 3181 3670 me
3201 3619 3226 3670 ἵ
3256 3620 3309 3674 Si
3341 3620 3615 3674 dissimilis
3639 3633 3738 3686 est,

2175 3688 2439 3756 quomodo
2469 3703 2562 3759 per
2603 3688 2910 3741 dissimilem
2952 3688 3315 3756 dignoscitur?
3351 3691 3619 3757 quomodo
3650 3705 3743 3759 per

2175 3772 2404 3837 parvum.
2432 3757 2600 3836 major
2638 3759 3304 3837 conspiciturlnquomeiie
3343 3773 3438 3825 per
3484 3757 3740 3837 ῃιίῃιοιῖθηι

2175 3825 2220 3879 is
2242 3827 2328 3894 qui
2356 3825 2604 3895 dignitate
2624 3827 3023 3895 supereminet?
3044 3825 3307 3893 quomodo
3330 3842 3422 3895 per
3443 3830 3741 3883 ministrum

2173 3893 2427 3948 Creatori
2471 3893 2629 3947 Tanto
2677 3904 2895 3959 tempore
2939 3894 3184 3947 vobiscum
3229 3893 3357 3949 sum.
3412 3896 3523 3949 Non
3573 3898 3734 3962 dixit,

2175 3963 2455 4017 Vobiscum
2477 3972 2556 4017 est
2589 3964 2764 4028 Pater,
2789 3965 2903 4027 sed,
2934 3964 3081 4018 Sunt.
3126 3965 3208 4018 Me
3249 3968 3389 4019 enim
3431 3969 3739 4030 cxsisteme,

2173 4033 2328 4086 Pater
2373 4043 2472 4103 est.
2503 4032 2664 4103 Tanto
2694 4034 3183 4103 tentporc__vobiscum
3207 4051 3336 4097 sum,
3365 4045 3409 4087 et
3431 4052 3530 4086 non
3558 4051 3742 4103 cogno—

2174 4103 2284 4172 uisti
2316 4102 2431 4154 me?
2456 4101 2680 4172 Pulchre
2714 4103 2861 4164 illud,
2892 4101 3010 4172 Non
3041 4105 3306 4172 cognovisti
3335 4104 3454 4156 me?
3481 4104 3570 4158 Ille
3595 4101 3740 4168 dicit,

2177 4170 2422 4232 Ostende;
2451 4171 2698 4225 Servator
2726 4179 2920 4231 autem,
2956 4170 3074 4223 Non
3099 4170 3368 4241 cognovisti
3403 4176 3517 4225 me?
3549 4183 3604 4225 ut
3647 4176 3714 4225 de

2174 4252 2314 4294 ceret
2339 4242 2502 4293 Deum
2534 4255 2635 4292 non
2660 4240 2793 4302 visu,
2821 4242 2910 4292 sed
2933 4242 3230 4308 cognitione
3252 4243 3597 4308 apprehendi.
3621 4241 3740 4293 Non

2174 4311 2333 4363 credis
2375 4312 2493 4377 quia
2535 4325 2626 4378 ego
2662 4310 2713 4361 in
2760 4308 2956 4378 Patre?
2998 4308 3220 4376 Rursus,
3280 4309 3406 4378 Ego,
3456 4321 3510 4364 et
3558 4323 3736 4378 pestea

2175 4378 2328 4449 Pater
2351 4395 2364 4432 :
2385 4378 2496 4449 (Ego
2522 4380 2572 4429 in
2602 4377 2843 4449 Putre,_et
2875 4377 3025 4430 Pater
3049 4380 3099 4430 in
3127 4396 3220 4430 me.
3249 4377 3510 4444 Quomodo
3538 4377 3654 4449 ergo
3686 4391 3734 4431 tu

2176 4447 2324 4512 dicis,
2355 4448 2568 4500 Ostende
2595 4448 2733 4499 nobis
2763 4447 3008 4499 Patrem?
3047 4464 3108 4501 ac
3150 4450 3192 4499 si
3218 4449 3440 4513 diceret,
3463 4449 3571 4502 Cur
3596 4447 3741 4516 quas:

2173 4518 2331 4569 alium
2365 4527 2414 4570 te
2443 4518 2672 4569 visurum
2699 4517 2959 4585 Spet'ttsli?
3001 4517 3105 4585 I'Igo
3135 4520 3186 4569 in
3212 4517 3388 4581 Patre,
3419 4530 3462 4569 et
3510 4518 3662 4569 l’uter
3689 4521 3740 4569 in

2173 4601 2269 4636 me.
2298 4585 2748 4653 Cognosciturque
2779 4584 2938 4637 Filius
2969 4584 3059 4652 per
3090 4587 3320 4647 Patrem,
3349 4597 3403 4639 et
3433 4587 3591 4639 Pater
3644 4601 3740 4653 per

2178 4654 2388 4707 Filium.
2422 4655 2681 4719 Quomodo
2708 4665 2759 4705 tu
2789 4656 2931 4718 dicis,
2967 4654 3181 4707 Ostende
3206 4655 3368 4720 nobis,
3398 4657 3546 4723 quasi
3576 4657 3734 4707 alium

2173 4739 2200 4775 a
2233 4739 2315 4776 me
2342 4723 2548 4776 Patrem
2579 4723 2757 4776 videre
2777 4724 3014 4790 quaeras?
3035 4724 3142 4792 Ego
3166 4726 3215 4775 in
3242 4723 3416 4788 Putre,
3435 4736 3480 4776 et
3512 4723 3666 4775 Pater
3692 4726 3742 4775 in

2175 4809 2250 4843 me
2267 4808 2301 4862 ,‘r
2324 4808 2426 4845 non
2452 4794 2597 4860 quasi
2618 4802 2812 4862 natura
2838 4795 2907 4844 sit
2930 4794 3167 4862 confusa,
3192 4808 3362 4862 neque
3391 4795 3536 4858 quasi
3567 4795 3741 4862 phiala

2177 4863 2225 4912 iu
2258 4861 2428 4928 phiala
2458 4861 2702 4929 reposita.
2738 4860 2844 4928 Ego
2875 4864 2924 4913 in
2961 4860 3129 4925 Patre,
3160 4873 3203 4913 et
3235 4861 3384 4914 Pater
3412 4865 3462 4913 in
3501 4860 3598 4914 me.
3630 4865 3741 4915 Non

2174 4946 2452 4998 corporum
2481 4931 2903 4997 Conjunctionem
2950 4932 3094 4990 dicit,
3124 4931 3216 4983 sed
3258 4945 3536 4983 sensorum
3581 4933 3740 4982 animi

2176 5001 2691 5066 Contemplationem.
2741 4998 2851 5066 Ego
2903 5001 2953 5050 in
3002 4998 3194 5062 Patre;
3241 4999 3397 5051 Pater
3436 5001 3578 5052 enim
3626 5003 3739 5053 sine

2177 5067 2308 5120 Filio
2354 5083 2454 5119 non
2509 5067 2864 5136 cognoscitur.
2897 5067 2961 5118 Et
2988 5067 3146 5119 Pater
3186 5069 3235 5120 in
3258 5084 3364 5130 me;
3393 5067 3560 5122 Filius
3603 5074 3742 5122 enim

2177 5141 2291 5189 sine
2337 5136 2489 5189 Patre
2533 5153 2637 5188 non
2682 5146 2899 5203 apparet
2947 5153 2958 5185 :
3007 5139 3446 5202 quemadmodum
3493 5153 3643 5191 mens
3691 5155 3740 5190 m

2178 5221 2448 5270 sermone,
2490 5215 2541 5258 et
2567 5220 2744 5258 sermo
2775 5207 2825 5257 iu
2854 5215 3027 5258 mente
3050 5208 3435 5259 consideratur.
3467 5207 3739 5261 Undeuam

2177 5283 2406 5328 mentem
2429 5283 2567 5326 tuam
2589 5276 2724 5326 scire
2742 5287 2978 5341 possunt,
3004 5276 3099 5326 nisi
3125 5289 3217 5341 per
3237 5289 3539 5329 sermonem
3565 5278 3742 5328 tuum?

2177 5346 2365 5396 Sermo
2411 5353 2527 5396 tuus
2575 5351 2803 5396 mentem
2854 5354 2992 5394 tuam
3035 5343 3302 5401 declarat;
3351 5360 3606 5412 meosque
3658 5355 3739 5396 tua

2179 5415 2412 5465 vicissim
2458 5415 2720 5464 sermonis
2747 5412 2815 5464 tui
2863 5413 3118 5479 interpres
3160 5423 3258 5464 est.
3290 5412 3430 5464 Fieri
3480 5423 3655 5480 potest
3692 5423 3741 5466 ut

2178 5484 2295 5550 quis
2313 5495 2611 5534 sermonem
2642 5480 2911 5548 percipiat,
2939 5496 3106 5548 neque
3129 5483 3443 5533 sententiam
3468 5483 3739 5550 intelligat,

2179 5565 2351 5616 neque
2396 5563 2609 5601 scnsmn
2659 5552 2930 5616 percipiat,
2983 5550 3080 5600 nisi
3129 5565 3302 5602 sermo
3349 5552 3596 5616 explicet.
3629 5557 3741 5604 lilio

2178 5618 2498 5689 evangelista
2526 5618 2618 5681 ait,
2648 5617 2713 5689 in
2741 5618 2995 5686 principio
3016 5627 3121 5670 erat
3151 5617 3359 5689 Verbum
3384 5619 3561 5689 (Joun.
3593 5623 3642 5674 l.
3673 5623 3742 5687 li,

2181 5698 2238 5741 ut
2264 5687 2620 5754 generationis
2644 5687 3109 5754 impassibditatem
3135 5687 3462 5756 ostenderet.
3492 5690 3640 5756 Quod
3665 5701 3741 5743 est

2188 5759 2402 5812 verbum
2430 5770 2551 5825 erga
2580 5765 2831 5823 mentem,
2863 5756 2990 5810 illud
3017 5766 3096 5812 est
3126 5755 3427 5826 unigenitus
3452 5755 3596 5816 Deus
3618 5761 3741 5813 \‘cr«
