4004 6184
98 2062 103 2149 I

98 2244 105 2425 ‘

102 2730 105 2799 |

272 5909 497 6035 «ν

156 6018 301 6115 ‘9)

1043 410 1049 418 ’
1551 507 2369 639 LECTORL

397 851 507 909 Cur
530 851 758 908 editioni
790 850 1023 919 Operum
1047 848 1105 902 S.
1135 846 1328 902 Leonis
1349 860 1495 916 papae
1520 844 1830 914 appendicis
1858 844 2074 899 nomine
2105 844 2420 914 adjiciamus
2449 844 2591 901 hunc
2616 854 2816 900 tomum
2836 889 2850 909 ,
2879 846 2966 914 qui
3004 852 3346 914 prrestantem
3378 850 3432 897 et
3458 844 3602 898 anti-

322 944 643 1014 quissimam
673 954 935 995 canonum
966 938 1336 992 collectionem
1364 939 1572 1005 aliaque
1604 934 1797 989 vetusti
1820 935 1956 1003 juris
1986 935 2227 989 canonici
2254 936 2573 991 documenta
2595 938 2863 1001 continet,
2890 939 3074 1005 paucis
3100 935 3473 1005 exponendum
3495 948 3597 990 est.

321 1034 644 1101 Quesnellus
674 1032 725 1084 in
757 1045 853 1084 sua
883 1028 1117 1083 editione
1156 1026 1360 1081 idcirco
1403 1024 1459 1080 S.
1509 1023 1707 1079 Leonis
1735 1023 2002 1092 Operibus
2052 1022 2282 1091 subjecit
2328 1035 2679 1079 memoratam
2719 1025 3092 1079 collectionem
3142 1038 3438 1089 canonum,
3480 1024 3605 1094 quia

325 1124 498 1195 ipsam
526 1123 785 1177 Romana:
825 1120 1081 1173 Ecclesia:
1124 1118 1362 1173 codicem
1394 1132 1515 1171 esse
1552 1116 1759 1185 putavit
1785 1158 1798 1178 ,
1825 1117 1915 1186 qui
1949 1116 2049 1170 sub
2080 1118 2421 1187 pontificibus
2454 1118 2761 1173 Innocentio
2785 1157 2799 1181 ,
2827 1117 3041 1171 Zosimo
3071 1128 3231 1187 atque
3260 1120 3438 1174 Leone
3484 1121 3602 1173 usui

333 1215 513 1270 luisset
540 1255 554 1277 ,
589 1222 642 1267 et
669 1213 833 1265 multa
862 1209 931 1262 ab
955 1210 1185 1277 ipsomet
1214 1207 1393 1261 Leone
1419 1207 1619 1260 inserta
1646 1206 1956 1274 recepisset.
1985 1206 2134 1260 Licet
2164 1221 2292 1260 vero
2333 1205 2383 1259 id
2413 1211 2632 1259 omnino
2658 1204 2848 1257 falsum
2872 1203 2973 1259 hoc
3001 1205 3187 1260 eodem
3222 1216 3367 1259 tomo
3413 1208 3606 1275 proba-

336 1306 432 1361 turi
460 1304 630 1358 simus
672 1302 724 1355 in
769 1298 1241 1355 observationibus
1268 1296 1333 1351 ad
1361 1294 1790 1349 dissertationem
1839 1295 2007 1363 ipsius
2036 1295 2307 1360 Quesnclli
2338 1294 2734 1360 duodecimam,
2772 1292 2939 1347 nilnlo
2970 1304 3145 1347 tamen
3182 1296 3359 1349 minus
3391 1308 3456 1348 ue
3481 1296 3606 1363 quid

333 1399 454 1456 huic
484 1407 685 1451 nostrae
713 1393 934 1448 editioni
964 1392 1196 1452 deesset,
1223 1404 1326 1458 qua
1356 1399 1520 1442 totam
1548 1388 1833 1443 editionem
1856 1388 2290 1454 Quesnellianam
2319 1390 2663 1456 repetendam
2703 1388 2923 1457 polliciti
2948 1402 3154 1452 sumus,
3181 1386 3320 1441 idem
3345 1401 3610 1443 canonum

330 1491 499 1547 codex
530 1484 870 1541 recudendus
901 1484 1018 1537 fuit.
1043 1482 1152 1536 llac
1175 1489 1359 1533 autem
1386 1481 1436 1533 in
1467 1495 1525 1533 re
1553 1494 1674 1532 cum
1704 1478 1821 1546 ejus
1846 1479 2012 1533 editio
2045 1482 2217 1548 ipsum
2241 1481 2478 1535 codicem
2508 1496 2611 1534 non
2641 1480 2863 1533 omnino
2893 1480 3155 1549 integrum
3189 1495 3289 1534 nec
3318 1479 3609 1536 identidem

328 1598 448 1637 cum
475 1578 789 1634 melioribus
816 1591 878 1629 ac
909 1574 1291 1629 sincerioribus
1320 1572 1639 1627 lcetionibus
1671 1570 1993 1637 exhibuerit,
2012 1573 2149 1642 ,quid
2176 1573 2226 1624 in
2256 1573 2370 1640 ipso
2399 1572 2729 1625 restituendo
2750 1586 2810 1626 ac
2835 1570 3148 1625 illustrando
3176 1572 3609 1640 prmstiteritnus,

328 1697 396 1736 ex
421 1677 733 1747 pnel'atione
762 1672 933 1728 eidem
960 1670 1172 1740 prmﬁxa
1194 1711 1206 1731 ,
1231 1676 1284 1722 et
1314 1668 1483 1721 multo
1512 1667 1682 1735 magis
1721 1680 1785 1719 ex
1818 1666 2254 1720 annotationibus
2284 1665 2379 1734 ipsi
2411 1665 2662 1733 subjectis
2691 1665 2865 1734 palam
2896 1663 3005 1718 ﬁet.
3041 1664 3153 1718 llac
3177 1666 3461 1719 occasione
3488 1680 3610 1719 cum

330 1770 387 1827 in
417 1784 545 1823 mss.
580 1764 854 1819 codicibus
886 1772 936 1816 et
968 1759 1305 1815 documentis
1336 1758 1840 1828 vetustissimijuris
1870 1759 2113 1813 canonici
2138 1758 2485 1815 laborandum
2518 1756 2708 1825 fuerit,
2738 1758 2893 1827 plura
2921 1757 3227 1812 detexiinus
3254 1758 3446 1828 quibus
3477 1760 3615 1811 anti-

332 1880 494 1935 quum
520 1860 836 1917 canonicum
856 1856 944 1925 jus
976 1854 1225 1908 illustrari
1254 1860 1453 1921 posset.
1488 1852 1615 1906 llzec
1653 1867 1781 1907 vero
1813 1853 1863 1905 in
1897 1854 2163 1923 publicum
2198 1851 2439 1922 proferre
2470 1851 2601 1905 utile
2638 1859 2692 1905 et
2723 1858 2933 1920 gratum
2958 1850 3193 1904 futurum
3227 1852 3613 1921 persensimus.

334 1958 469 2013 Hinc
492 1955 722 2023 priscam
747 1962 1009 2002 canonum
1044 1945 1335 2000 editionem
1363 1944 1604 1997 Latinam
1624 1983 1641 2010 ,
1666 1958 1784 2013 qua:
1810 1959 1929 1997 cum
1963 1944 2015 1997 in
2063 1958 2279 2012 perrara
2313 1940 2642 1996 Bibliotheca
2674 1941 2812 2009 juris
2837 1940 3077 1996 canonici
3104 1983 3119 2006 ,
3146 1940 3417 1997 Gullielmi
3448 1941 3617 1996 Voelli

336 2058 392 2101 et
418 2045 635 2101 llenrici
671 2040 878 2097 Justelli
905 2054 1067 2109 opera
1090 2078 1104 2103 ,
1129 2037 1408 2107 prodierit,
1433 2037 1518 2089 vix
1550 2038 1764 2106 cognita
1794 2046 1875 2091 est
1902 2077 1916 2101 ,
1948 2036 2011 2091 ad
2038 2035 2285 2090 codicum
2312 2034 2469 2089 ﬁdem
2501 2046 2744 2090 exactam
2769 2076 2782 2099 ,
2812 2036 3072 2103 integram
3105 2044 3161 2089 et
3190 2036 3618 2090 emendatiorem

338 2140 663 2197 addidimus.
698 2136 844 2191 Alias
880 2142 1142 2204 praeterea
1177 2131 1569 2185 vetustissimas
1600 2130 1913 2185 Graecorum
1958 2144 2221 2184 canonum
2256 2130 2532 2185 versiones
2574 2139 2729 2184 antea
2771 2128 3001 2183 inedilas
3042 2129 3302 2196 inserere,
3332 2139 3383 2185 et
3421 2131 3618 2187 selecta

339 2238 586 2305 quaedam
641 2231 845 2302 antiqui
889 2229 1026 2299 juris
1070 2226 1317 2282 canonici
1372 2225 1689 2281 documenta
1748 2224 1983 2278 nondum
2033 2224 2317 2295 impressa,
2366 2224 2450 2280 vel
2493 2240 2598 2278 non
2649 2224 2780 2278 satis
2822 2223 3057 2294 vulgata,
3107 2224 3376 2295 subjicere
3424 2230 3617 2281 consti-

342 2330 563 2384 tuimus.

414 2421 548 2476 Cum
586 2433 748 2490 porro
778 2418 925 2472 liisce
962 2415 1030 2471 de
1058 2414 1235 2469 causis
1264 2412 1579 2484 quamplura
1614 2418 1946 2467 vetustarum
1991 2410 2394 2478 collectionum,
2441 2419 2553 2465 tum
2594 2408 2857 2464 editarum
2889 2417 3001 2462 tum
3043 2408 3387 2469 ineditarunt.
3438 2427 3620 2467 mauu-

342 2516 542 2583 scripts
574 2510 903 2581 exemplaria
933 2510 1292 2564 evolverimus
1318 2549 1333 2573 ,
1365 2525 1395 2563 e
1426 2507 1621 2578 quibus
1648 2508 1927 2577 antiquum
1952 2508 2040 2575 jus
2069 2508 2384 2561 canonicum
2415 2504 2650 2575 pendet,
2683 2512 2967 2559 tractatum
2993 2503 3380 2560 lucubrandum
3408 2514 3460 2561 et
3493 2524 3620 2576 prae-

354 2605 679 2661 mittendum
706 2603 1014 2657 censuimus
1041 2602 1109 2656 de
1130 2602 1386 2670 antiquis,
1417 2611 1528 2655 tum
1553 2601 1713 2656 editis
1756 2608 1868 2655 tum
1899 2601 2142 2667 ineditis,
2178 2599 2587 2654 collectionibus
2610 2610 2662 2653 et
2691 2598 3071 2654 collectoribus
3099 2614 3362 2655 canonum
3402 2603 3468 2656 ad
3496 2602 3623 2657 Gra-

348 2700 556 2751 tianum
586 2711 773 2765 usque.
804 2694 900 2749 Hic
925 2703 1104 2747 autem
1132 2701 1392 2747 tractatus
1425 2708 1583 2762 quam
1625 2692 1732 2749 late
1762 2702 1963 2764 pateat,
1998 2703 2052 2748 et
2076 2709 2233 2763 quam
2268 2694 2431 2748 multa
2468 2694 2742 2749 contineat
2770 2692 2835 2747 ad
2869 2706 3104 2748 canones
3140 2693 3511 2758 illustrandos,
3543 2694 3623 2748 vel

346 2785 715 2842 restituendos
736 2793 792 2839 et
817 2785 883 2838 ad
906 2792 1059 2837 vetus
1082 2782 1401 2837 canonicum
1424 2781 1513 2852 jus
1535 2783 1967 2851 cognoscendum
1989 2783 2163 2852 utilia,
2183 2799 2247 2838 ex
2273 2783 2389 2852 ipso
2415 2784 2648 2853 capitum
2673 2783 2873 2848 indice,
2897 2799 3056 2852 quem
3087 2800 3209 2840 mox
3234 2785 3622 2855 appendemus,

347 2877 481 2931 satis
504 2875 815 2945 perspicies.
862 2872 1040 2946 (Hunc
1075 2873 1295 2927 indicem
1332 2873 1400 2925 ad
1424 2870 1695 2926 voluminis
1725 2872 1918 2926 calcem
1948 2874 2012 2927 de
2042 2890 2181 2928 more
2217 2873 2531 2943 rejecimus.)
2562 2875 2638 2930 lta
2665 2874 2755 2930 hic
2783 2884 2960 2931 tomus
2986 2876 3187 2948 antiqui
3213 2877 3356 2948 juris
3383 2878 3623 2932 canonici

348 2967 514 3021 veluti
545 2982 739 3034 corpus
762 2973 875 3030 est,
905 2980 969 3020 ac
999 2980 1063 3020 ex
1093 2964 1376 3034 prremisso
1399 2973 1627 3020 tractatu
1653 2967 1847 3021 vetusti
1869 2966 2046 3021 lontes
2074 2966 2311 3036 ejusdem
2327 2966 2468 3036 juris
2491 2966 2768 3037 patebunt.

425 3061 843 3115 Dissertationes
869 3059 1079 3115 tandem
1106 3045 1381 3127 Quesnelli
1424 3061 1477 3115 in
1532 3062 1799 3118 laudatam
1848 3062 2218 3121 collectionem
2258 3080 2525 3121 canonum
2554 3066 2607 3121 in
2646 3067 2751 3123 ﬁne
2787 3067 3073 3135 addenda,
3102 3077 3159 3126 et
3180 3071 3323 3125 notis
3349 3084 3417 3127 ac
3443 3070 3623 3127 obsec-

351 3153 657 3208 vahouibus
686 3153 752 3207 ad
778 3152 957 3207 crisim
990 3151 1304 3206 revocandae
1330 3151 1564 3208 fuerunt.
1605 3153 1730 3208 llzcc
1755 3154 2146 3223 prmmonuisse
2172 3154 2423 3211 sufﬁciat.

3481 3317 3615 3325 ..μς-..-

535 3408 644 3470 AD
683 3403 1372 3469 EMINENTISSIMUM
1416 3402 1958 3467 FORTUNATUM
1999 3403 2534 3465 TAMBURINUM
2578 3404 2642 3465 S.
2686 3406 2760 3467 Β.
2807 3405 2881 3466 Ε.
2928 3405 3449 3471 CARDINALEM

1437 3543 2548 3676 'PR/EFATIO.

1800 3756 2128 3773 .———-.

428 3851 697 3918 Quantum
718 3851 783 3906 ad
817 3851 1012 3906 veteris
1034 3851 1263 3923 novique
1284 3851 1421 3921 juris
1444 3851 1689 3908 canonici
1719 3853 1999 3909 scientiam
2032 3856 2310 3909 conferant
2338 3854 2569 3924 antiquae
2594 3869 2858 3910 canonum
2880 3856 3248 3927 collectiones,
3283 3875 3403 3932 quae
3437 3862 3486 3915 in
3512 3879 3626 3917 ma-

356 3942 649 4011 nuscriptis
670 3941 1065 4010 exemplaribus
1090 3943 1451 4008 continentur,
1486 3952 1681 3998 norunt
1711 3945 2017 4015 quicunque
2056 3946 2108 4001 in
2139 3946 2262 4016 jure
2286 3947 2547 4003 canonico
2573 3955 2694 4003 sunt
2718 3949 2960 4019 apprime
2985 3953 3207 4019 versati,
3237 3969 3300 4010 ac
3328 3966 3382 4011 tu
3406 3972 3629 4027 prrescr-

355 4038 454 4089 tim
482 4037 656 4098 noris,
684 4034 971 4089 cardinalis
1007 4034 1430 4114 eminentissime
1457 4077 1470 4100 ,
1496 4037 1584 4106 qui
1631 4037 1770 4093 inter
1812 4052 1964 4093 sacra
1998 4040 2207 4104 studia,
2246 4040 2298 4095 in
2331 4039 2526 4109 quibus
2555 4042 2716 4094 vitam
2744 4048 2911 4096 totam
2943 4046 3174 4099 maxima
3196 4060 3313 4101 cum
3346 4047 3501 4103 laude
3526 4059 3629 4102 tra-

354 4127 582 4192 duxisti,
607 4128 727 4194 jure
760 4126 1022 4181 canonico
1053 4128 1391 4195 potissimum
1430 4127 1737 4183 delectaris.
1771 4129 1948 4185 Probe
1979 4130 2229 4186 nimirum
2268 4131 2525 4202 intelligis
2560 4132 2656 4186 bas
2704 4133 3051 4190 collectiones
3073 4136 3194 4193 illos
3218 4151 3336 4193 esse
3364 4138 3536 4194 fontes
3561 4154 3629 4195 ex

357 4217 554 4287 quibus
582 4226 786 4271 vetusta
830 4231 1092 4271 canonum
1122 4228 1175 4271 et
1219 4219 1606 4285 pontiliciarum
1651 4222 2095 4277 constitutionum
2131 4223 2453 4279 documenta
2487 4224 2818 4293 prodierunt.
2868 4227 3123 4299 lntelligis
3165 4222 3419 4299 prmierea
3464 4235 3631 4303 pluris

355 4324 481 4364 esse
524 4308 895 4363 aestimandum
942 4308 1067 4377 quid
1112 4308 1356 4375 diversae,
1396 4310 1524 4365 licet
1568 4327 1772 4381 pauczc,
1814 4314 2164 4369 collectiones
2208 4316 2398 4381 ferant,
2449 4332 2608 4387 quam
2656 4318 2781 4387 quid
2830 4320 3055 4387 plurima
3096 4324 3255 4378 unius
3298 4325 3631 4381 collectionis

357 4402 633 4469 exempla.
681 4400 736 4456 Si
764 4402 884 4471 quis
909 4402 1052 4456 enim
1082 4412 1292 4455 centum
1320 4443 1334 4466 ,
1360 4418 1449 4457 ex.
1475 4420 1581 4472 gr.,
1610 4404 1947 4475 Dionysianaa
1976 4407 2312 4461 collectionis
2342 4418 2581 4463 vetustos
2617 4410 2833 4464 codices
2871 4413 3131 4478 reperiret
3161 4424 3215 4468 et
3243 4416 3511 4472 evolveret
3539 4460 3554 4484 ,
3582 4418 3630 4472 is

362 4495 509 4547 nulla
556 4493 657 4547 alia
712 4502 1056 4547 monumenta
1098 4493 1351 4547 canonica
1400 4495 1835 4563 nancisceretur,
1878 4497 1979 4550 nisi
2021 4511 2141 4567 quae
2174 4498 2457 4569 Dimiysius
2498 4498 2733 4568 recepit;
2761 4509 2815 4552 et
2844 4500 2897 4553 in
2934 4500 3016 4554 his
3039 4502 3166 4571 ipsis
3197 4502 3262 4575 (si
3287 4504 3629 4565 librariorum

358 4589 698 4656 eicipiantur
726 4587 943 4655 menda)
974 4586 1164 4640 miram
1197 4588 1307 4643 fere
1333 4586 1620 4643 lectionum
1648 4590 2064 4645 consensionem
2093 4590 2502 4658 deprehendens
2524 4634 2544 4660 ,
2570 4591 2700 4645 nihil
2730 4594 2877 4649 aliud
2900 4594 3162 4663 disceret,
3194 4598 3293 4652 nisi
3322 4600 3403 4653 sic
3436 4602 3632 4676 Diony-

358 4682 500 4735 sium
524 4678 739 4748 legisse.
771 4678 870 4746 Qui
899 4687 1074 4731 autem
1100 4678 1434 4733 diversarum
1474 4679 1849 4733 collectionum
1877 4681 2123 4749 exempla
2153 4682 2520 4747 consuluerit,
2552 4684 2653 4737 alia
2684 4694 2843 4753 atque
2866 4686 2967 4738 alia
2992 4686 3281 4741 identidem
3309 4689 3631 4746 documenta

360 4776 628 4839 inveniet;
659 4790 722 4829 ac
748 4775 799 4827 in
829 4773 1163 4828 documentis
1192 4789 1308 4841 qua:
1347 4774 1590 4842 pluribus
1623 4776 2034 4831 collectionibus
2060 4780 2360 4834 communia
2398 4790 2523 4836 sunt
2551 4781 2794 4837 diversas
2822 4783 3078 4839 lectiones
3111 4794 3318 4852 nactus,
3344 4787 3631 4855 plurimum

359 4881 424 4922 se
442 4868 613 4936 jnvari
641 4872 859 4933 sentiet,
895 4876 1005 4920 tum
1027 4874 1085 4919 ut
1105 4866 1270 4920 tutius
1291 4867 1543 4922 emendet
1570 4869 1975 4925 amanuensium
1999 4872 2323 4941 sphalmata,
2349 4882 2459 4927 tum
2488 4882 2546 4928 ut
2565 4887 2633 4929 ex
2655 4876 2906 4931 omnibus
2926 4880 3156 4945 optimas
3174 4877 3430 4936 lectiones
3454 4896 3632 4935 secer-

360 4971 456 5016 nat
483 4974 545 5015 ac
575 4959 841 5029 prmierat.

439 5051 563 5106 Duae
594 5060 799 5105 tantum
830 5048 1175 5105 collectiones
1203 5051 1328 5104 olim
1358 5050 1701 5120 prodierunt,
1731 5051 2288 5125 Dionysio-Hadriana
2317 5065 2377 5111 et
2402 5056 2717 5113 lsidoriana.
2767 5057 2901 5115 Cum
2930 5075 2995 5115 cx
3038 5060 3137 5116 hac
3166 5070 3457 5131 postrema,
3486 5078 3625 5133 quae,

364 5154 559 5213 praeter
596 5145 761 5196 multa
789 5142 966 5209 spuria
985 5180 1001 5207 ,
1029 5142 1078 5194 in
1111 5142 1242 5211 ipsis
1281 5144 1506 5197 sinceris
1534 5143 1868 5200 documentis
1899 5162 2003 5200 non
2036 5162 2269 5215 paucas,
2298 5157 2358 5202 ut
2388 5164 2485 5203 suo
2526 5151 2647 5206 loco
2673 5152 2913 5207 dicemus
2937 5194 2954 5222 ,
2983 5154 3265 5209 liberiores
3294 5155 3545 5212 lectiones
3575 5170 3630 5214 et

364 5233 674 5286 arbitrarias
697 5230 1103 5287 emendationes
1130 5241 1421 5300 receperat,
1444 5232 1701 5303 pleraque
1726 5235 1943 5303 antiqua
1972 5251 2236 5292 canonum
2265 5254 2327 5292 ac
2356 5240 2703 5297 decretallum
2732 5243 3051 5300 documenta
3080 5261 3109 5299 a
3140 5244 3365 5300 Merlino
3397 5251 3627 5317 primum

363 5327 505 5379 edita
538 5324 827 5391 fuerint,ea
857 5323 1083 5379 subinde
1109 5324 1159 5377 in
1185 5324 1447 5380 editiones
1468 5328 1814 5381 conciliorum
1842 5329 2186 5397 transierunt,
2220 5344 2283 5384 ac
2312 5332 2533 5399 proinde
2554 5333 2815 5389 lectiones
2842 5336 3153 5390 eoruntdetn
3180 5334 3629 5397 documentorum

368 5419 546 5473 minus
572 5425 775 5473 euicta:
794 5418 954 5471 latTus
976 5417 1273 5471 obtinuere.
1298 5416 1442 5471 Juvit
1470 5435 1572 5471 non
1600 5420 1872 5473 modicum
1902 5421 2067 5475 editio
2087 5423 2420 5477 collectionis
2444 5424 3035 5494 Dionysio-iladrianm,
3059 5442 3180 5496 qua:
3208 5441 3327 5497 post
3344 5431 3628 5493 Merlinum

367 5508 626 5575 impressa
658 5505 774 5559 fuit.
807 5507 876 5560 At
911 5516 1262 5573 praeterquam
1293 5508 1456 5575 quod,
1478 5508 1591 5563 lucc
1618 5508 1785 5562 eilitie
1811 5525 2000 5577 purum
2032 5510 2342 5581 Dionysium
2368 5526 2475 5565 non
2510 5512 2757 5576 exhibet,
2791 5519 3177 5589 permaguique
3205 5522 3423 5576 interest
3457 5524 3627 5589 scire,

364 5604 491 5665 quid
531 5596 828 5665 vulgaverit
865 5597 1150 5666 Dionysius
1170 5636 1185 5659 .
1206 5596 1440 5668 quidque
1477 5599 1726 5670 Dionysio
1757 5602 2159 5670 superadditum
2192 5602 2391 5670 fuerit,
2419 5604 2537 5659 alia:
2562 5605 2741 5675 plures
2776 5608 3124 5668 collectiones
3165 5614 3216 5667 in
3248 5616 3625 5686 manuscriptis

364 5685 647 5743 codicibus
671 5695 900 5751 exstant,
924 5701 1042 5755 qua:
1070 5687 1151 5741 vel
1182 5691 1295 5757 ipso
1322 5689 1573 5759 Dionysio
1600 5694 1929 5764 antiquiores
1958 5705 2101 5761 sunt,
2126 5696 2211 5750 vel
2238 5694 2393 5753 aliam
2418 5708 2563 5754 certe
2592 5714 2619 5753 a
2651 5700 2902 5773 Dionysio
2929 5703 3186 5774 originem
3220 5704 3436 5763 habent.
3458 5685 3625 5763 Uitam

693 5781 970 5840 .Pusoc.
1018 5779 1193 5841 LVI.
