1992 3092
128 175 181 203 7⁷11
384 176 386 178 ’
622 174 667 201 ΑΙ)
685 174 798 202 omna
819 174 846 201 S.
868 172 988 201 LEONIS
1008 171 1113 200 MAGNI
1133 170 1314 200 APPENDIX.
1686 189 1689 191 .
1753 168 1786 194 19.

149 240 182 260 ex
205 229 247 257 bis
263 229 387 266 produxit
406 228 564 264 Quemellus
580 238 585 256 :
603 237 682 264 quam
708 229 784 256 nobis
809 229 860 256 hoc
885 234 957 256 tomo
973 229 1144 262 iutegriorem
1165 232 1192 255 et
1206 227 1417 255 emendatioretn
1438 224 1627 253 recudentibus
1639 246 1647 259 ,
1659 232 1787 260 quantum

151 278 266 310 prtestdti
288 275 426 303 attulerint
441 276 553 302 aliarqu
572 275 742 310 antiquarum
758 272 946 302 collectionum
966 282 1032 308 quas
1056 275 1205 308 reperimus
1220 273 1402 306 manuscripts
1426 272 1606 305 exemplaria,
1627 279 1659 298 ex
1674 273 1790 300 nutatio-

151 321 227 349 nibus
247 320 273 348 in
292 321 413 349 eamdem
433 320 618 348 collectionem
638 321 724 354 pa'am
746 320 802 347 fiet.
824 319 1005 347 Posteriorum
1026 319 1108 346 etiam
1132 319 1319 346 collectionutu
1334 339 1340 350 ,
1364 325 1477 352 quarum
1498 322 1623 344 auctores
1645 318 1733 352 aliqua
1755 326 1788 346 ex

152 366 277 402 Dionysio
291 370 474 400 sumpserunt,
489 365 539 391 alia
556 372 619 392 vero
630 364 737 392 aliunde
748 364 916 395 derivarunt,
929 363 1047 398 cognitio
1066 372 1117 390 nun
1133 363 1235 390 inutilis
1249 363 1309 390 erit.
1327 362 1410 389 immo
1425 369 1517 389 earum
1533 369 1640 396 quoque
1652 362 1789 390 collectio-

152 420 226 444 nnm,
243 416 360 446 quae-ant
371 411 492 444 quiorum
509 409 723 436 abbreviatioues
737 409 887 440 continent,
900 408 941 435 vel
956 408 1064 435 decreta
1077 408 1259 435 Romanorum
1273 408 1429 441 pontificum
1445 412 1471 434 et
1485 407 1661 435 conciliorum
1674 415 1791 436 canones

152 458 177 485 in
189 458 272 485 libros
288 465 319 485 ac
338 457 427 484 titulos
447 456 604 484 distributos
619 459 814 490 reprzcsentant
827 476 834 488 ,
851 455 982 482 rationem
1005 454 1159 482 describere
1171 475 1178 487 ,
1199 459 1224 480 ct
1240 454 1370 488 originem
1382 473 1389 485 ,
1410 453 1432 480 si
1451 453 1507 480 fieri
1521 453 1626 487 possit,
1644 453 1770 488 detegere
1782 476 1788 486 .

152 509 281 538 quantum
298 503 418 530 utilitatis
433 502 525 530 afferat
537 523 544 535 ,
560 503 661 537 peritus
677 501 790 537 quisque
804 501 957 535 perspiciet.
983 500 1020 527 Ex
1035 500 1129 527 horum
1145 501 1217 527 enim
1233 500 1351 526 ontttittttt
1368 500 1509 533 complexu
1521 507 1687 534 cognoscere
1702 500 1792 528 lice‘it

153 557 212 583 quae
225 548 332 577 exordia
343 553 370 576 et
383 556 450 582 quos
461 555 619 582 progressus
634 547 758 574 habuerit
771 547 888 573 Studium
902 547 971 581 juris
983 547 1123 578 canonici;
1145 546 1207 581 Quid
1219 553 1252 574 ex
1265 554 1315 573 ntta
1328 545 1488 573 collectione
1503 546 1654 573 traductum
1666 546 1747 574 fuerit
1766 548 1791 574 itt

153 597 233 628 alias;
246 603 308 630 qua:
323 595 423 622 fuerint
436 594 650 630 apocryphorutu
667 594 740 620 initia
753 601 760 625 ;
777 593 840 627 quid
857 592 1048 626 interpolatum
1063 592 1213 625 obrepserit
1226 614 1233 628 ,
1257 592 1321 626 quid
1339 598 1496 626 corruptum
1509 612 1516 623 ,
1531 592 1595 626 quid
1610 592 1732 619 mutilum
1747 601 1754 625 ;
1767 597 1794 620 et

154 640 323 676 quandonam
347 640 507 667 ducumenta
530 639 556 666 in
578 639 693 673 antiquis
709 638 914 665 collectionibus
930 639 1031 672 integra
1048 638 1073 664 ili
1090 643 1179 672 partes
1195 637 1307 665 discindi
1323 645 1354 665 ac
1370 645 1416 672 per
1428 638 1554 665 materias
1569 638 1692 666 distribui
1704 646 1792 674 cmpe-

155 689 207 715 iint
221 696 227 714 :
240 687 310 722 quod
324 687 381 714 usui
394 686 477 721 magis
491 677 666 713 commodum
681 685 782 720 jamdiu
797 689 935 718 receptum
950 684 1076 711 obtinuit.

191 733 257 760 illnc
268 733 316 759 etsi
333 732 448 759 multum
464 731 591 758 debemus
606 731 638 757 iis
652 731 696 765 qui
708 730 741 758 dc
754 730 866 765 vulgatis
880 729 1084 756 coileetion'bus
1100 729 1263 761 disseruere.
1279 729 1422 764 plttrintum
1436 734 1522 757 tatnen
1539 730 1590 757 illis
1603 730 1795 765 obstringitnnr

154 779 211 814 qui,
225 779 334 815 antiqua
348 778 477 806 tabularia
495 779 672 810 excutientes,
688 782 807 805 veterum
826 776 1071 822 manusqriptarum
1086 776 1275 804 collectionum
1292 777 1413 804 notitiam
1429 776 1545 811 aliquam
1560 777 1637 804 nobis
1653 777 1793 805 dederunt.

155 826 356 860 Quamplurium
372 825 503 860 ejusmodi
519 824 651 857 codicum,
665 823 710 858 qui
725 823 750 850 in
761 822 884 850 Cmsarea
903 822 1102 849 Vindebouensi
1116 822 1278 849 bibliotheca
1294 822 1442 855 abundant,
1457 823 1665 857 descriptionem
1676 823 1795 857 proferre

156 871 335 900 meditabatur
359 870 453 897 f’etrns
474 870 644 902 Lambecius,
667 875 694 896 ut
713 870 769 904 ipse
794 873 909 896 testatur
931 868 999 896 libro
1018 869 1104 903 primo
1123 868 1385 896 Commentariorum
1405 869 1430 895 in
1450 870 1572 897 eamdem
1595 869 1794 902 b.bliothecam,

156 924 217 951 cap.
232 916 259 949 8,
276 923 335 950 pag.
348 915 411 942 952.
427 915 545 942 indicato
560 915 630 942 enim
650 919 804 949 pervetusto
815 911 937 949 ejusdem
952 913 1124 942 bibliotheca:
1140 914 1233 943 codice
1247 915 1414 942 collectionis
1425 916 1586 949 Hispanicae,
1602 915 1675 942 addit
1689 923 1696 942 :
1714 914 1796 941 Multo

156 967 242 990 autem
256 961 381 997 prolixius
396 965 420 988 et
434 961 577 988 accuratius
599 962 630 986 de
644 959 731 986 eodem
751 960 816 986 alias
829 960 928 986 volente
951 957 1022 992 Deo,
1039 965 1144 993 acturus
1163 968 1219 986 sum
1235 959 1261 986 in
1274 961 1396 994 peculiari
1416 961 1594 987 dissertatione
1606 960 1637 986 de
1651 960 1709 994 plus
1722 967 1797 992 quam

158 1010 273 1036 ducentia
296 1008 484 1044 augustissima:
505 1007 662 1034 bibliotheca:
685 1006 807 1033 Cwsarea:
834 1007 948 1041 antiquis
974 1010 996 1032 et
1021 1006 1095 1033 bona:
1119 1012 1185 1034 nota-
1206 1007 1335 1034 codicibus
1355 1016 1417 1034 mss.
1446 1008 1540 1042 partim
1562 1007 1680 1039 ϐηεοὶι,
1706 1008 1798 1041 partim

148 1052 268 1088 'Latinis,
283 1062 392 1090 quorum
405 1062 453 1087 ope
467 1058 489 1080 et
499 1053 619 1087 beneﬁcio
633 1053 741 1080 historia
755 1053 922 1079 conciliorum
936 1057 988 1079 tant
1001 1052 1159 1088 generalium
1174 1061 1251 1089 quam
1265 1053 1460 1089 provincialium
1474 1061 1524 1080 non
1539 1054 1702 1080 mediocriter
1715 1059 1796 1081 potest

158 1100 318 1135 locupletari.
332 1099 447 1134 ldipsum
463 1095 557 1133 quoad'
568 1098 685 1125 Romana
700 1098 864 1131 exemplaria
880 1099 906 1126 in
922 1105 1038 1126 mentem
1060 1105 1171 1126 venerat
1188 1100 1326 1128 Emanueli
1344 1099 1535 1128 Schelestratio
1553 1099 1686 1127 Vaticana:
1701 1100 1798 1127 biblio-

159 1147 245 1175 thecze
257 1145 380 1178 custodi,
396 1145 440 1180 qui
454 1145 533 1171 tertio
546 1144 741 1179 Antiquitatum
763 1148 835 1171 tomo
848 1144 930 1172 edere
949 1144 1055 1172 volebat
1066 1145 1136 1180 Opus
1153 1145 1293 1179 aynodican
1310 1146 1342 1172 dc
1355 1146 1495 1172 cunauibus
1520 1146 1687 1172 conciliorum
1697 1166 1704 1178 ,
1720 1145 1800 1179 deque

158 1192 350 1219 collectionibus
366 1198 491 1217 canonum
505 1210 512 1222 ,
529 1195 552 1216 et
566 1189 598 1216 de
609 1190 760 1224 pontiﬁcum
778 1189 885 1216 decreti:
896 1211 903 1224 ,
920 1190 946 1217 in
957 1190 1034 1225 cujus
1048 1191 1196 1226 appendice
1208 1192 1295 1219 varias
1311 1192 1485 1220 collectiones
1496 1212 1503 1225 ,
1520 1200 1552 1220 ex
1571 1199 1636 1220 mss.
1651 1192 1746 1226 majori
1766 1199 1799 1219 ex

160 1242 235 1273 parte
246 1241 346 1268 erutas,
361 1243 421 1263 sese
432 1236 598 1270 prolaturum
613 1236 638 1262 in
653 1235 752 1262 sclteda
766 1240 822 1269 post
838 1235 896 1270 ejus
908 1241 1022 1263 mortem
1038 1237 1130 1264 relicta
1142 1242 1168 1264 et
1183 1238 1334 1272 prtefationi
1351 1239 1415 1265 tutiti
1429 1239 1539 1276 secundi
1556 1238 1713 1266 earumdem
1745 1239 1800 1264 An-

163 1284 314 1319 tiqnitatum
330 1281 430 1309 inserta
445 1285 595 1315 receperat.
612 1280 737 1307 Omnium
753 1288 818 1307 vero
834 1281 949 1309 maxime
968 1280 1018 1309 hac
1032 1282 1058 1308 in
1073 1290 1103 1309 re
1119 1282 1250 1310 laboravit
1264 1284 1428 1310 Benedictini
1446 1283 1548 1310 ordinis
1562 1283 1643 1310 decus
1665 1283 1694 1310 P.
1708 1283 1801 1309 Petrus

159 1329 344 1361 Constantius,
361 1327 439 1362 cujus
456 1327 577 1362 pra-latio
593 1327 619 1353 in
634 1333 735 1354 tomum
749 1327 864 1362 primunt
883 1327 1062 1362 Epistolarum
1077 1328 1258 1355 Romanorum
1276 1329 1432 1363 pontificqu
1446 1329 1683 1364 lui-uplctissimam
1700 1329 1800 1363 prisca-

162 1383 221 1403 rum
237 1373 477 1407 manuseriptaruin
492 1372 679 1399 Collectiouum
690 1393 697 1404 ,
712 1380 779 1408 quas
793 1375 911 1406 reperire
926 1374 1023 1408 potuit.
1035 1371 1243 1408 descriptionem
1256 1375 1374 1402 exhibet.

197 1420 264 1447 Dum
279 1426 343 1445 vero
362 1424 411 1445 nos
426 1417 477 1444 hoc
490 1416 586 1444 eodetn
610 1417 723 1444 consilio
736 1417 867 1451 ejusmodi
884 1418 924 1445 col
937 1418 1070 1445 ectiounni
1088 1421 1213 1453 exentpia
1228 1420 1252 1445 in
1268 1420 1438 1446 bibliothecis
1461 1419 1646 1447 delitescentia
1661 1419 1801 1446 sollicitius

162 1467 375 1501 inquireremus,
400 1462 597 1491 vetustissimus
611 1463 719 1490 codices
735 1465 804 1491 nacti
818 1470 911 1490 sumus
924 1483 931 1496 ,
951 1464 976 1490 in
998 1465 1095 1498 quibus
1114 1466 1212 1499 partim
1235 1466 1331 1499 ignota:
1356 1465 1530 1492 collectiones
1550 1465 1655 1492 fuerunt
1673 1464 1798 1494 delecto.

162 1513 260 1547 partim
278 1518 342 1538 vero
357 1509 505 1544 peculiares
521 1508 624 1536 notitia:
643 1513 771 1543 'quantum
790 1508 823 1536 ad
841 1509 1017 1537 collectiones
1030 1509 1085 1545 jam
1104 1511 1224 1545 vulgatas
1240 1516 1396 1544 patuerunt.
1412 1511 1478 1538 Hinc
1498 1511 1647 1538 uberiorem
1664 1511 1698 1538 de
1720 1510 1799 1539 colle»

166 1557 300 1586 ctionibus
314 1564 446 1584 canonum
462 1561 518 1583 tum
534 1555 623 1588 editis,
640 1560 695 1582 tum
718 1555 835 1587 ineditis,
851 1560 990 1582 tractatum
1010 1555 1145 1583 lucubrari
1166 1563 1245 1590 posse
1269 1556 1454 1591 perspeximus
1467 1576 1473 1588 ,
1491 1557 1535 1591 qui
1556 1557 1617 1582 huic
1638 1561 1710 1583 tonio
1726 1557 1803 1583 tertio

164 1603 413 1640 praestantissimam
428 1601 613 1629 collectionem
627 1601 733 1636 aliaque
751 1602 851 1628 veteris
862 1601 931 1635 juris
946 1602 1067 1629 canonici
1086 1601 1247 1629 documenta
1261 1602 1408 1629 c0utineuti
1426 1610 1478 1628 non
1495 1602 1641 1637 incongrue
1656 1602 1798 1636 pra-figere

166 1656 221 1678 tur.
234 1650 320 1678 Totus
334 1649 379 1676 hic
391 1653 520 1675 tractatus
534 1647 669 1675 dividetur
680 1648 706 1674 in
721 1653 811 1681 partes
824 1652 947 1682 quatuor.
963 1648 1051 1674 Prima
1062 1652 1123 1682 aget
1138 1648 1172 1675 de
1183 1648 1278 1676 erco
1289 1655 1421 1675 canonum
1435 1648 1528 1675 codice
1540 1669 1546 1680 ,
1558 1653 1586 1675 et
1599 1648 1633 1675 de
1644 1648 1804 1682 quibusdam

165 1697 319 1733 particulis,
344 1702 391 1725 seu
406 1695 568 1726 canentibus.
585 1695 629 1730 qui
650 1695 676 1723 in
698 1702 731 1722 eo
749 1695 866 1729 aliquam
884 1694 1070 1723 difficultatem
1086 1695 1231 1723 facessunt.
1254 1696 1375 1724 Secunda
1393 1696 1543 1724 tersabitnr
1557 1696 1627 1723 circa
1641 1696 1805 1730 antiquiores

165 1743 337 1772 collectioues
350 1740 467 1774 Latinas,
479 1749 514 1776 qu
524 1744 537 1766 i-
553 1742 594 1768 vel
609 1740 735 1776 Dionysio
749 1742 911 1768 vetustiores
926 1744 997 1774 sunt,
1013 1741 1054 1768 vel
1068 1747 1082 1766 a
1098 1741 1227 1777 Dionysio
1238 1748 1290 1768 non
1305 1741 1457 1776 prodeunt:
1473 1741 1518 1768 ubi
1535 1741 1604 1767 inter
1616 1744 1713 1767 cratera
1725 1748 1805 1767 cano-

166 1798 230 1818 num
246 1789 431 1818 Africanornm
446 1809 454 1821 ,
479 1788 523 1822 qui
540 1788 661 1822 pluribus
681 1786 885 1814 difficultatibus
900 1787 1092 1819 involvuntur,
1105 1793 1198 1814 exacta
1221 1786 1353 1815 discussio
1370 1793 1448 1821 atque
1470 1786 1609 1814 distinctio
1622 1785 1802 1812 exhibebitur.

166 1837 256 1865 Tertia
270 1835 414 1870 explicabit
432 1834 616 1862 collectionem
634 1834 823 1870 Dionysianam
837 1855 844 1867 ,
869 1838 897 1861 et
910 1837 1022 1861 catteras
1044 1841 1103 1869 qua:
1124 1842 1157 1861 ex
1176 1834 1303 1870 Dionysio
1319 1834 1408 1869 aliqua
1428 1834 1588 1861 dorumenta
1605 1840 1730 1867 recepere
1743 1852 1749 1863 ,
1768 1833 1805 1858 uti

166 1887 230 1910 sunt
243 1882 394 1914 Hadriana,
417 1880 556 1914 llispanica
570 1901 576 1912 ,
602 1884 630 1907 et
648 1879 804 1907 lsidoriaua.
821 1880 919 1913 Quarta
936 1879 1051 1907 disseret
1070 1880 1104 1908 de
1119 1881 1236 1915 antiquis
1249 1881 1498 1908 abbreviationibus
1519 1888 1667 1910 canonum,
1693 1879 1807 1913 aliisque

166 1926 367 1956 collectionibus
378 1925 479 1951 Latinis
489 1946 497 1958 ,
513 1932 572 1959 quae
585 1924 630 1958 jus
642 1924 801 1951 canunicutn
815 1925 841 1950 iu
856 1924 939 1951 libros
953 1931 985 1951 ac
997 1924 1089 1952 titulos
1104 1925 1283 1958 digesserunl.

203 1973 258 2000 llac
272 1975 359 1998 autem
379 1970 413 2000 dc
429 1978 457 1998 re
475 1970 538 1998 dum
554 1970 620 1998 alter
631 1978 646 1998 e
662 1971 739 1996 nobis
755 1970 847 1997 llonm:
861 1974 949 1996 tecum
964 1969 1051 2003 aliqua
1067 1969 1181 2002 diceret,
1193 1970 1338 1998 cardinalis
1352 1971 1576 2003 eminentissime.
1591 1976 1728 2004 totumque
1741 1978 1807 1997 con-

168 2021 255 2050 silium
267 2023 398 2050 nostrum,
413 2019 484 2053 quod
506 2023 571 2045 tunc
592 2019 635 2044 vix
649 2025 683 2044 co
694 2021 810 2050 .ceptutn
825 2015 924 2047 fuerat,
944 2015 991 2042 tibi
1014 2017 1143 2050 aperiret,
1160 2017 1280 2044 a-riores
1293 2016 1417 2044 addidisti
1431 2017 1553 2043 stimulos
1568 2022 1597 2043 ut
1610 2015 1785 2050 perficeretur
1796 2034 1806 2048 ,

168 2067 314 2104 eodemque
329 2073 439 2095 reverso
461 2065 486 2092 in
503 2065 615 2099 patriam
631 2063 682 2098 ipsi
696 2063 771 2097 operi
786 2063 914 2089 auxilium
929 2068 1021 2096 tuum,
1038 2062 1108 2097 quod
1124 2062 1169 2090 ubi
1182 2069 1250 2097 opus
1261 2067 1331 2089 esset
1347 2063 1399 2097 poli
1411 2064 1480 2090 citus
1496 2062 1598 2093 fueras,
1612 2062 1806 2091 humanissime

169 2114 328 2148 prtcstitisti.
346 2113 420 2141 Hunc
434 2112 514 2147 igitur
526 2111 740 2147 qualemcunque
760 2113 901 2137 tractatum
916 2110 963 2137 tibi
984 2117 1037 2137 non
1063 2109 1195 2144 ingratum
1218 2109 1334 2135 futurum
1357 2108 1540 2140 centideutes,
1556 2108 1588 2135 ad
1602 2113 1626 2136 te
1638 2108 1807 2142 dirigendum

167 2161 341 2192 credidimus,
357 2165 386 2187 ut
400 2158 577 2194 priccclleutis
592 2158 641 2185 bac
654 2157 680 2184 in
693 2164 723 2185 re
734 2157 814 2185 studii
836 2161 863 2185 et
879 2155 980 2185 favoris
990 2155 1034 2184 ‘tni
1046 2176 1054 2189 ,
1076 2156 1214 2191 nostrique
1228 2163 1292 2190 erga
1306 2159 1333 2183 te
1351 2155 1419 2190 grati
1437 2154 1520 2182 animi
1534 2160 1615 2189 atque
1630 2154 1809 2182 obsertautim

169 2213 289 2242 perenne
302 2205 483 2233 testimonium
504 2204 633 2239 praebeat.

389 2256 1796 2268 ____..—__.—___———————-

154 2260 990 2352 immutationem
1026 2289 1746 2366 msgursrnonns

861 2414 912 2445 DE
933 2413 1120 2452 ANTIQUIS

275 2461 743 2547 lilllilillli’l‘IllNlBUS
797 2470 868 2544 ΕΤ
921 2467 1364 2545 COLLEGTORIBUS
1416 2465 1703 2544 CANllNllill.

802 2609 947 2649 PARS
985 2610 1185 2651 PRIMA.

683 2663 726 2702 οιξ
736 2662 856 2690 GRECIS
868 2664 1020 2691 CANONUI!
1032 2665 1312 2692 COLLECTIONIBUS.

407 2715 444 2752 [ν]
462 2714 576 2745 CAPUT
596 2715 738 2746 PRIMUM.
984 2724 1008 2750 Α
1058 2719 1145 2746 Codex
1165 2728 1291 2745 canonum
1317 2721 1440 2747 universa’
1457 2719 1577 2746 Erclesiw
1598 2727 1612 2745 a
1634 2717 1817 2752 Cllrllep/tvirﬂ

1061 2755 1172 2781 Jltr.lo’ll0
1187 2756 1270 2781 (’(lllllﬂ
1284 2764 1332 2781 non
1348 2757 1398 2790 fuit
1418 2760 1487 2781 vetita
1502 2754 1650 2780 Gra'coritm
1663 2756 1752 2783 (oder,
1774 2764 1795 2778 νι
1805 2763 1817 2779 c

1062 2791 1185 2816 universa:
1208 2791 1338 2817 lirrlesitz’.
1356 2791 1392 2816 De
1408 2790 1497 2816 (ἔνατα
1520 2790 1668 2816 collectione
1689 2792 1817 2824 stop/uiuo

1063 2825 1232 2859 Iz‘p/teaiorum
1249 2827 1366 2860 episcopo
1389 2826 1490 2851 tributa.

181 2778 219 2804 De
241 2776 329 2801 Graeca
350 2782 475 2801 canonum
491 2776 665 2807 apostolorum
693 2776 841 2802 collectione
856 2778 969 2803 omnium

215 2811 401 2844 mitiquissinm.
416 2811 539 2842 Quanam
554 2812 631 2845 fuerit
645 2812 762 2837 collectio
779 2813 869 2838 Sabini
884 2813 970 2838 Mare.-

216 2846 321 2873 Iloniattt
337 2846 446 2880 episcopi
462 2845 648 2873 Heracleensis.
674 2846 763 2872 Prima
777 2847 858 2873 (inrui
874 2849 970 2874 codicis

165 2891 168 2893 '
213 2889 341 2909 canonum
355 2889 472 2916 expressa
491 2883 581 2908 mentio
593 2883 618 2907 in
632 2883 738 2908 concilio
756 2881 965 2909 Chttlcedoneltsi.
1063 2883 1087 2909 l.
1103 2882 1159 2910 Etsi
1180 2883 1292 2911 instituti
1315 2882 1400 2910 “Osiri
1426 2882 1460 2910 sit
1482 2882 1515 2909 de
1528 2881 1630 2910 Latinis
1655 2885 1819 2915 pot.ssmtutu

1731 2948 1826 3008 ,η’

1818 3018 1839 3044 (-
