  <div class='ocr_page' id='page_1' title='image "/cluster/home/n/w/nwhite01/storage/ocr_20150623/56/hvd.32044054758651/057.png"; bbox 0 0 4004 6184; ppageno 0'>
   <div class='ocr_carea' id='block_1_1' title="bbox 454 208 2052 294">
    <p class='ocr_par' dir='ltr' id='par_1_1' title="bbox 454 209 2052 273">
     <span class='ocr_line' id='line_1_1' title="bbox 454 209 2052 273; baseline -0.005 0"><span class='ocrx_word' id='word_1_1' title='bbox 454 216 524 273; x_wconf 81' lang='lat'><strong>99</strong></span> <span class='ocrx_word' id='word_1_2' title='bbox 1084 269 1087 273; x_wconf 80' lang='grc'><strong>,</strong></span> <span class='ocrx_word' id='word_1_3' title='bbox 1396 213 1486 269; x_wconf 82' lang='grc' dir='ltr'><strong>ΔΙ)</strong></span> <span class='ocrx_word' id='word_1_4' title='bbox 1525 211 1751 269; x_wconf 69' lang='grc' dir='ltr'><strong>ΟΡΕῐὶΑ</strong></span> <span class='ocrx_word' id='word_1_5' title='bbox 1789 209 1849 268; x_wconf 91' lang='lat' dir='ltr'><strong>S.</strong></span> <span class='ocrx_word' id='word_1_6' title='bbox 1891 209 2052 267; x_wconf 73' lang='lat' dir='ltr'><strong>LEDI‘</strong></span> 
     </span>
    </p>
   </div>
   <div class='ocr_carea' id='block_1_2' title="bbox 2156 208 2784 294">
    <p class='ocr_par' dir='ltr' id='par_1_2' title="bbox 2172 208 2784 267">
     <span class='ocr_line' id='line_1_2' title="bbox 2172 208 2784 267; baseline -0.008 -1"><span class='ocrx_word' id='word_1_7' title='bbox 2172 209 2383 267; x_wconf 78' lang='lat' dir='ltr'><strong>MAGNI</strong></span> <span class='ocrx_word' id='word_1_8' title='bbox 2422 208 2784 266; x_wconf 77' lang='lat' dir='ltr'><strong>APPENDIX.</strong></span> 
     </span>
    </p>
   </div>
   <div class='ocr_carea' id='block_1_3' title="bbox 3611 208 3773 263">
    <p class='ocr_par' dir='ltr' id='par_1_3' title="bbox 3611 208 3773 263">
     <span class='ocr_line' id='line_1_3' title="bbox 3611 208 3773 263; baseline 0 0"><span class='ocrx_word' id='word_1_9' title='bbox 3611 208 3773 263; x_wconf 66' lang='grc'><strong>100·</strong></span> 
     </span>
    </p>
   </div>
   <div class='ocr_carea' id='block_1_4' title="bbox 455 317 3719 390">
    <p class='ocr_par' dir='ltr' id='par_1_4' title="bbox 455 317 3719 390">
     <span class='ocr_line' id='line_1_4' title="bbox 455 317 3719 390; baseline -0.002 -10"><span class='ocrx_word' id='word_1_10' title='bbox 455 322 583 381; x_wconf 87' lang='lat' dir='ltr'><strong>Isid.</strong></span> <span class='ocrx_word' id='word_1_11' title='bbox 611 336 661 377; x_wconf 91' lang='lat' dir='ltr'><strong>e.</strong></span> <span class='ocrx_word' id='word_1_12' title='bbox 688 322 756 375; x_wconf 69' lang='grc'><strong>47</strong></span> <span class='ocrx_word' id='word_1_13' title='bbox 786 329 1007 390; x_wconf 84' lang='lat' dir='ltr'><strong>uterque</strong></span> <span class='ocrx_word' id='word_1_14' title='bbox 1031 333 1201 377; x_wconf 88' lang='lat' dir='ltr'><strong>canon</strong></span> <span class='ocrx_word' id='word_1_15' title='bbox 1224 321 1467 376; x_wconf 75' lang='lat' dir='ltr'><strong>similiter</strong></span> <span class='ocrx_word' id='word_1_16' title='bbox 1489 321 1745 390; x_wconf 75' lang='lat' dir='ltr'><strong>jungitur,</strong></span> <span class='ocrx_word' id='word_1_17' title='bbox 1771 319 1865 373; x_wconf 86' lang='lat' dir='ltr'><strong>sed</strong></span> <span class='ocrx_word' id='word_1_18' title='bbox 1890 320 1957 374; x_wconf 88' lang='lat' dir='ltr'><strong>ita</strong></span> <span class='ocrx_word' id='word_1_19' title='bbox 1980 330 2037 375; x_wconf 90' lang='lat' dir='ltr'><strong>ut</strong></span> <span class='ocrx_word' id='word_1_20' title='bbox 2063 327 2113 382; x_wconf 75' lang='grc' dir='ltr'><strong>Α</strong></span> <span class='ocrx_word' id='word_1_21' title='bbox 2143 329 2499 388; x_wconf 76' lang='lat' dir='ltr'><strong>moverentur.</strong></span> <span class='ocrx_word' id='word_1_22' title='bbox 2555 319 2641 390; x_wconf 85' lang='lat' dir='ltr'><strong>ibi</strong></span> <span class='ocrx_word' id='word_1_23' title='bbox 2659 320 2800 390; x_wconf 86' lang='lat' dir='ltr'><strong>enim</strong></span> <span class='ocrx_word' id='word_1_24' title='bbox 2831 317 3043 390; x_wconf 77' lang='lat' dir='ltr'><strong>decreti</strong></span> <span class='ocrx_word' id='word_1_25' title='bbox 3073 319 3169 390; x_wconf 82' lang='lat' dir='ltr'><strong>fuit</strong></span> <span class='ocrx_word' id='word_1_26' title='bbox 3207 320 3401 389; x_wconf 60' lang='lat' dir='ltr'><strong>legatio</strong></span> <span class='ocrx_word' id='word_1_27' title='bbox 3427 322 3492 377; x_wconf 88' lang='lat' dir='ltr'><strong>ad</strong></span> <span class='ocrx_word' id='word_1_28' title='bbox 3527 336 3719 390; x_wconf 83' lang='lat' dir='ltr'><strong>papam</strong></span> 
     </span>
    </p>
   </div>
   <div class='ocr_carea' id='block_1_5' title="bbox 454 389 2037 461">
    <p class='ocr_par' dir='ltr' id='par_1_5' title="bbox 454 389 2037 461">
     <span class='ocr_line' id='line_1_5' title="bbox 454 389 2037 461; baseline -0.003 -11"><span class='ocrx_word' id='word_1_29' title='bbox 454 411 520 451; x_wconf 77' lang='lat' dir='ltr'><strong>es</strong></span> <span class='ocrx_word' id='word_1_30' title='bbox 553 392 760 461; x_wconf 80' lang='lat' dir='ltr'><strong>synodo</strong></span> <span class='ocrx_word' id='word_1_31' title='bbox 799 389 930 446; x_wconf 90' lang='lat' dir='ltr'><strong>anui</strong></span> <span class='ocrx_word' id='word_1_32' title='bbox 968 389 1074 447; x_wconf 86' lang='grc'><strong>419</strong></span> <span class='ocrx_word' id='word_1_33' title='bbox 1102 395 1401 461; x_wconf 80' lang='lat' dir='ltr'><strong>exscriptus</strong></span> <span class='ocrx_word' id='word_1_34' title='bbox 1448 389 1664 461; x_wconf 57' lang='lat' dir='ltr'><strong>fuerit,</strong></span> <span class='ocrx_word' id='word_1_35' title='bbox 1686 390 2037 461; x_wconf 66' lang='lat' dir='ltr'><strong>conciliatque</strong></span> 
     </span>
    </p>
   </div>
   <div class='ocr_carea' id='block_1_6' title="bbox 454 460 2036 519">
    <p class='ocr_par' dir='ltr' id='par_1_6' title="bbox 454 460 2036 519">
     <span class='ocr_line' id='line_1_6' title="bbox 454 460 2036 519; baseline -0.003 0"><span class='ocrx_word' id='word_1_36' title='bbox 454 463 675 519; x_wconf 85' lang='lat' dir='ltr'><strong>omnino</strong></span> <span class='ocrx_word' id='word_1_37' title='bbox 703 477 824 517; x_wconf 89' lang='lat' dir='ltr'><strong>cum</strong></span> <span class='ocrx_word' id='word_1_38' title='bbox 852 477 971 516; x_wconf 88' lang='lat' dir='ltr'><strong>can.</strong></span> <span class='ocrx_word' id='word_1_39' title='bbox 998 463 1069 517; x_wconf 78' lang='grc'><strong>24</strong></span> <span class='ocrx_word' id='word_1_40' title='bbox 1096 460 1305 516; x_wconf 78' lang='lat' dir='ltr'><strong>Codicis</strong></span> <span class='ocrx_word' id='word_1_41' title='bbox 1332 460 1589 516; x_wconf 79' lang='lat' dir='ltr'><strong>Africani.</strong></span> <span class='ocrx_word' id='word_1_42' title='bbox 1626 460 1956 515; x_wconf 83' lang='lat' dir='ltr'><strong>Ferranduiu</strong></span> <span class='ocrx_word' id='word_1_43' title='bbox 1985 463 2036 514; x_wconf 93' lang='lat' dir='ltr'><strong>in</strong></span> 
     </span>
    </p>
   </div>
   <div class='ocr_carea' id='block_1_7' title="bbox 456 530 2035 599">
    <p class='ocr_par' dir='ltr' id='par_1_7' title="bbox 456 530 2035 599">
     <span class='ocr_line' id='line_1_7' title="bbox 456 530 2035 599; baseline -0.004 -9"><span class='ocrx_word' id='word_1_44' title='bbox 456 535 718 590; x_wconf 82' lang='lat' dir='ltr'><strong>divisione</strong></span> <span class='ocrx_word' id='word_1_45' title='bbox 747 532 916 587; x_wconf 80' lang='lat' dir='ltr'><strong>secuti</strong></span> <span class='ocrx_word' id='word_1_46' title='bbox 946 546 1147 595; x_wconf 88' lang='lat' dir='ltr'><strong>sumus,</strong></span> <span class='ocrx_word' id='word_1_47' title='bbox 1189 533 1311 599; x_wconf 85' lang='lat' dir='ltr'><strong>quia</strong></span> <span class='ocrx_word' id='word_1_48' title='bbox 1343 530 1680 596; x_wconf 56' lang='lat' dir='ltr'><strong>partitioni-m</strong></span> <span class='ocrx_word' id='word_1_49' title='bbox 1709 542 1763 583; x_wconf 91' lang='lat' dir='ltr'><strong>et</strong></span> <span class='ocrx_word' id='word_1_50' title='bbox 1792 532 2035 584; x_wconf 86' lang='lat' dir='ltr'><strong>ordinem</strong></span> 
     </span>
    </p>
   </div>
   <div class='ocr_carea' id='block_1_8' title="bbox 456 601 2039 670">
    <p class='ocr_par' dir='ltr' id='par_1_8' title="bbox 456 601 2039 670">
     <span class='ocr_line' id='line_1_8' title="bbox 456 601 2039 670; baseline -0.003 -10"><span class='ocrx_word' id='word_1_51' title='bbox 456 607 695 660; x_wconf 90' lang='lat' dir='ltr'><strong>omnium</strong></span> <span class='ocrx_word' id='word_1_52' title='bbox 725 618 987 656; x_wconf 90' lang='lat' dir='ltr'><strong>canonum</strong></span> <span class='ocrx_word' id='word_1_53' title='bbox 1020 602 1161 657; x_wconf 90' lang='lat' dir='ltr'><strong>tertii</strong></span> <span class='ocrx_word' id='word_1_54' title='bbox 1197 602 1405 656; x_wconf 86' lang='lat' dir='ltr'><strong>concilii</strong></span> <span class='ocrx_word' id='word_1_55' title='bbox 1445 606 1545 656; x_wconf 91' lang='lat' dir='ltr'><strong>sub</strong></span> <span class='ocrx_word' id='word_1_56' title='bbox 1584 601 1801 655; x_wconf 85' lang='lat' dir='ltr'><strong>Aurelio</strong></span> <span class='ocrx_word' id='word_1_57' title='bbox 1830 617 1893 654; x_wconf 77' lang='lat' dir='ltr'><strong>ex</strong></span> <span class='ocrx_word' id='word_1_58' title='bbox 1924 601 2039 670; x_wconf 81' lang='lat' dir='ltr'><strong>ipso</strong></span> 
     </span>
    </p>
   </div>
   <div class='ocr_carea' id='block_1_9' title="bbox 456 672 1083 731">
    <p class='ocr_par' dir='ltr' id='par_1_9' title="bbox 456 672 1083 731">
     <span class='ocr_line' id='line_1_9' title="bbox 456 672 1083 731; baseline -0.01 0"><span class='ocrx_word' id='word_1_59' title='bbox 456 684 661 731; x_wconf 83' lang='lat' dir='ltr'><strong>tantum</strong></span> <span class='ocrx_word' id='word_1_60' title='bbox 690 674 884 728; x_wconf 87' lang='lat' dir='ltr'><strong>elicere</strong></span> <span class='ocrx_word' id='word_1_61' title='bbox 915 672 1083 725; x_wconf 90' lang='lat' dir='ltr'><strong>licuit.</strong></span> 
     </span>
    </p>
   </div>
   <div class='ocr_carea' id='block_1_10' title="bbox 473 741 2037 810">
    <p class='ocr_par' dir='ltr' id='par_1_10' title="bbox 473 741 2037 810">
     <span class='ocr_line' id='line_1_10' title="bbox 473 741 2037 810; baseline -0.003 -11"><span class='ocrx_word' id='word_1_62' title='bbox 473 765 491 787; x_wconf 44' lang='grc' dir='ltr'><strong>εκ</strong></span> <span class='ocrx_word' id='word_1_63' title='bbox 527 745 706 799; x_wconf 72' lang='lat' dir='ltr'><strong>XLVI.</strong></span> <span class='ocrx_word' id='word_1_64' title='bbox 752 743 919 795; x_wconf 81' lang='lat' dir='ltr'><strong>Liceat</strong></span> <span class='ocrx_word' id='word_1_65' title='bbox 951 742 1101 794; x_wconf 81' lang='lat' dir='ltr'><strong>etiam</strong></span> <span class='ocrx_word' id='word_1_66' title='bbox 1133 741 1232 810; x_wconf 78' lang='lat' dir='ltr'><strong>legi</strong></span> <span class='ocrx_word' id='word_1_67' title='bbox 1266 741 1527 806; x_wconf 84' lang='lat' dir='ltr'><strong>passiones</strong></span> <span class='ocrx_word' id='word_1_68' title='bbox 1563 751 1873 810; x_wconf 79' lang='lat' dir='ltr'><strong>martyrum,</strong></span> <span class='ocrx_word' id='word_1_69' title='bbox 1905 749 2037 801; x_wconf 91' lang='lat' dir='ltr'><strong>ete..</strong></span> 
     </span>
    </p>
   </div>
   <div class='ocr_carea' id='block_1_11' title="bbox 455 810 2035 875">
    <p class='ocr_par' dir='ltr' id='par_1_11' title="bbox 455 810 2035 875">
     <span class='ocr_line' id='line_1_11' title="bbox 455 810 2035 875; baseline -0.004 -5"><span class='ocrx_word' id='word_1_70' title='bbox 455 825 515 870; x_wconf 92' lang='lat' dir='ltr'><strong>ut</strong></span> <span class='ocrx_word' id='word_1_71' title='bbox 535 816 585 869; x_wconf 91' lang='lat' dir='ltr'><strong>in</strong></span> <span class='ocrx_word' id='word_1_72' title='bbox 611 816 713 868; x_wconf 87' lang='lat' dir='ltr'><strong>line</strong></span> <span class='ocrx_word' id='word_1_73' title='bbox 742 828 861 865; x_wconf 86' lang='lat' dir='ltr'><strong>can.</strong></span> <span class='ocrx_word' id='word_1_74' title='bbox 888 812 955 865; x_wconf 76' lang='lat'><strong>56</strong></span> <span class='ocrx_word' id='word_1_75' title='bbox 982 811 1258 875; x_wconf 79' lang='lat' dir='ltr'><strong>Breviaiii,</strong></span> <span class='ocrx_word' id='word_1_76' title='bbox 1286 817 1389 864; x_wconf 88' lang='lat' dir='ltr'><strong>col.</strong></span> <span class='ocrx_word' id='word_1_77' title='bbox 1416 813 1536 865; x_wconf 84' lang='grc'><strong>100.</strong></span> <span class='ocrx_word' id='word_1_78' title='bbox 1565 810 1867 865; x_wconf 77' lang='lat' dir='ltr'><strong>Feirandus</strong></span> <span class='ocrx_word' id='word_1_79' title='bbox 1889 827 2035 864; x_wconf 91' lang='lat' dir='ltr'><strong>num.</strong></span> 
     </span>
    </p>
   </div>
   <div class='ocr_carea' id='block_1_12' title="bbox 454 881 2043 952">
    <p class='ocr_par' dir='ltr' id='par_1_12' title="bbox 454 881 2043 952">
     <span class='ocr_line' id='line_1_12' title="bbox 454 881 2043 952; baseline -0.001 -14"><span class='ocrx_word' id='word_1_80' title='bbox 454 885 698 948; x_wconf 44' lang='lat'><strong>229.1%</strong></span> <span class='ocrx_word' id='word_1_81' title='bbox 729 883 816 937; x_wconf 69' lang='grc'><strong>16.</strong></span> <span class='ocrx_word' id='word_1_82' title='bbox 864 881 998 935; x_wconf 71' lang='lat' dir='ltr'><strong>Cod.</strong></span> <span class='ocrx_word' id='word_1_83' title='bbox 1044 883 1156 952; x_wconf 67' lang='lat' dir='ltr'><strong>Afr.</strong></span> <span class='ocrx_word' id='word_1_84' title='bbox 1201 897 1248 933; x_wconf 70' lang='grc' dir='ltr'><strong>ιι.</strong></span> <span class='ocrx_word' id='word_1_85' title='bbox 1283 882 1374 936; x_wconf 78' lang='grc'><strong>46.</strong></span> <span class='ocrx_word' id='word_1_86' title='bbox 1425 882 1481 936; x_wconf 88' lang='lat' dir='ltr'><strong>ltt</strong></span> <span class='ocrx_word' id='word_1_87' title='bbox 1526 882 1732 952; x_wconf 81' lang='lat' dir='ltr'><strong>synodo</strong></span> <span class='ocrx_word' id='word_1_88' title='bbox 1780 881 2043 937; x_wconf 75' lang='lat' dir='ltr'><strong>Bonifatii</strong></span> 
     </span>
    </p>
   </div>
   <div class='ocr_carea' id='block_1_13' title="bbox 459 951 1325 1026">
    <p class='ocr_par' dir='ltr' id='par_1_13' title="bbox 459 951 1325 1026">
     <span class='ocr_line' id='line_1_13' title="bbox 459 951 1325 1026; baseline 0.001 -21"><span class='ocrx_word' id='word_1_89' title='bbox 459 956 487 1026; x_wconf 62' lang='grc' dir='ltr'>ς</span> <span class='ocrx_word' id='word_1_90' title='bbox 518 955 691 1026; x_wconf 42' lang='lat'><strong>20,11.</strong></span> <span class='ocrx_word' id='word_1_91' title='bbox 720 953 922 1026; x_wconf 82' lang='lat' dir='ltr'><strong>in_|sid.</strong></span> <span class='ocrx_word' id='word_1_92' title='bbox 947 966 1009 1026; x_wconf 29' lang='lat' dir='ltr'><strong>‘e.</strong></span> <span class='ocrx_word' id='word_1_93' title='bbox 1040 951 1095 1026; x_wconf 62' lang='grc'><strong>4,</strong></span> <span class='ocrx_word' id='word_1_94' title='bbox 1124 951 1173 1005; x_wconf 89' lang='lat' dir='ltr'><strong>iu</strong></span> <span class='ocrx_word' id='word_1_95' title='bbox 1202 952 1325 1006; x_wconf 87' lang='lat' dir='ltr'><strong>line.</strong></span> 
     </span>
    </p>
   </div>
   <div class='ocr_carea' id='block_1_14' title="bbox 528 1020 2039 1086">
    <p class='ocr_par' dir='ltr' id='par_1_14' title="bbox 528 1020 2039 1086">
     <span class='ocr_line' id='line_1_14' title="bbox 528 1020 2039 1086; baseline -0.001 -9"><span class='ocrx_word' id='word_1_96' title='bbox 528 1023 730 1079; x_wconf 76' lang='lat' dir='ltr'><strong>XLVII.</strong></span> <span class='ocrx_word' id='word_1_97' title='bbox 773 1020 977 1077; x_wconf 79' lang='lat' dir='ltr'><strong>Placuit</strong></span> <span class='ocrx_word' id='word_1_98' title='bbox 1007 1024 1157 1074; x_wconf 81' lang='lat' dir='ltr'><strong>etiam</strong></span> <span class='ocrx_word' id='word_1_99' title='bbox 1194 1032 1246 1075; x_wconf 89' lang='lat' dir='ltr'><strong>ut</strong></span> <span class='ocrx_word' id='word_1_100' title='bbox 1272 1021 1541 1086; x_wconf 76' lang='lat' dir='ltr'><strong>quoniam,</strong></span> <span class='ocrx_word' id='word_1_101' title='bbox 1575 1031 1700 1077; x_wconf 85' lang='lat' dir='ltr'><strong>etc..</strong></span> <span class='ocrx_word' id='word_1_102' title='bbox 1734 1034 1783 1073; x_wconf 71' lang='grc' dir='ltr'><strong>ι’.</strong></span> <span class='ocrx_word' id='word_1_103' title='bbox 1816 1021 1882 1075; x_wconf 79' lang='grc'>57</span> <span class='ocrx_word' id='word_1_104' title='bbox 1913 1021 1953 1075; x_wconf 85' lang='grc' dir='ltr'><strong>Β</strong></span> <span class='ocrx_word' id='word_1_105' title='bbox 1984 1036 2039 1076; x_wconf 90' lang='lat' dir='ltr'><strong>e-</strong></span> 
     </span>
    </p>
   </div>
   <div class='ocr_carea' id='block_1_15' title="bbox 456 1091 2040 1161">
    <p class='ocr_par' dir='ltr' id='par_1_15' title="bbox 456 1091 2040 1161">
     <span class='ocr_line' id='line_1_15' title="bbox 456 1091 2040 1161; baseline 0.001 -18"><span class='ocrx_word' id='word_1_106' title='bbox 456 1095 610 1147; x_wconf 74' lang='lat' dir='ltr'><strong>viarii</strong></span> <span class='ocrx_word' id='word_1_107' title='bbox 637 1135 650 1151; x_wconf 91' lang='lat'><strong>.</strong></span> <span class='ocrx_word' id='word_1_108' title='bbox 690 1094 793 1146; x_wconf 85' lang='lat' dir='ltr'><strong>col.</strong></span> <span class='ocrx_word' id='word_1_109' title='bbox 841 1093 934 1146; x_wconf 82' lang='grc'><strong>101</strong></span> <span class='ocrx_word' id='word_1_110' title='bbox 959 1132 975 1156; x_wconf 82' lang='grc'>,</span> <span class='ocrx_word' id='word_1_111' title='bbox 1022 1100 1077 1147; x_wconf 86' lang='lat' dir='ltr'><strong>et</strong></span> <span class='ocrx_word' id='word_1_112' title='bbox 1116 1100 1237 1161; x_wconf 86' lang='lat' dir='ltr'><strong>post</strong></span> <span class='ocrx_word' id='word_1_113' title='bbox 1274 1092 1462 1161; x_wconf 87' lang='lat' dir='ltr'><strong>ultima</strong></span> <span class='ocrx_word' id='word_1_114' title='bbox 1490 1091 1668 1161; x_wconf 67' lang='lat' dir='ltr'><strong>verba</strong></span> <span class='ocrx_word' id='word_1_115' title='bbox 1697 1093 2040 1145; x_wconf 87' lang='lat' dir='ltr'><strong>transmarina</strong></span> 
     </span>
    </p>
   </div>
   <div class='ocr_carea' id='block_1_16' title="bbox 456 1159 2039 1226">
    <p class='ocr_par' dir='ltr' id='par_1_16' title="bbox 456 1159 2039 1226">
     <span class='ocr_line' id='line_1_16' title="bbox 456 1159 2039 1226; baseline -0.002 -8"><span class='ocrx_word' id='word_1_116' title='bbox 456 1165 686 1218; x_wconf 73' lang='lat' dir='ltr'><strong>Ecclesia</strong></span> <span class='ocrx_word' id='word_1_117' title='bbox 729 1163 1061 1226; x_wconf 75' lang='lat' dir='ltr'><strong>consulatur,</strong></span> <span class='ocrx_word' id='word_1_118' title='bbox 1118 1159 1229 1217; x_wconf 57' lang='lat' dir='ltr'><strong>haec</strong></span> <span class='ocrx_word' id='word_1_119' title='bbox 1274 1160 1539 1214; x_wconf 86' lang='lat' dir='ltr'><strong>addantur</strong></span> <span class='ocrx_word' id='word_1_120' title='bbox 1581 1179 1593 1213; x_wconf 88' lang='lat'><strong>:</strong></span> <span class='ocrx_word' id='word_1_121' title='bbox 1637 1159 1714 1213; x_wconf 88' lang='lat' dir='ltr'><strong>Dc</strong></span> <span class='ocrx_word' id='word_1_122' title='bbox 1757 1161 2039 1215; x_wconf 87' lang='lat' dir='ltr'><strong>Donatist&#39;s</strong></span> 
     </span>
    </p>
   </div>
   <div class='ocr_carea' id='block_1_17' title="bbox 455 1231 2037 1303">
    <p class='ocr_par' dir='ltr' id='par_1_17' title="bbox 455 1231 2037 1303">
     <span class='ocr_line' id='line_1_17' title="bbox 455 1231 2037 1303; baseline -0.003 -14"><span class='ocrx_word' id='word_1_123' title='bbox 455 1237 651 1303; x_wconf 83' lang='lat' dir='ltr'><strong>placuit</strong></span> <span class='ocrx_word' id='word_1_124' title='bbox 690 1242 744 1287; x_wconf 88' lang='lat' dir='ltr'><strong>ut</strong></span> <span class='ocrx_word' id='word_1_125' title='bbox 783 1234 1146 1297; x_wconf 74' lang='lat' dir='ltr'><strong>consulamus,</strong></span> <span class='ocrx_word' id='word_1_126' title='bbox 1188 1240 1329 1295; x_wconf 71' lang='grc' dir='ltr'><strong>θὶς..</strong></span> <span class='ocrx_word' id='word_1_127' title='bbox 1363 1242 1422 1284; x_wconf 89' lang='grc' dir='ltr'><strong>ιιι</strong></span> <span class='ocrx_word' id='word_1_128' title='bbox 1462 1232 1512 1284; x_wconf 83' lang='lat' dir='ltr'><strong>iit</strong></span> <span class='ocrx_word' id='word_1_129' title='bbox 1545 1231 1678 1284; x_wconf 91' lang='lat' dir='ltr'><strong>Cod.</strong></span> <span class='ocrx_word' id='word_1_130' title='bbox 1718 1232 1832 1284; x_wconf 79' lang='lat' dir='ltr'><strong>Afr.</strong></span> <span class='ocrx_word' id='word_1_131' title='bbox 1868 1248 1919 1287; x_wconf 87' lang='lat' dir='ltr'><strong>c.</strong></span> <span class='ocrx_word' id='word_1_132' title='bbox 1948 1231 2037 1296; x_wconf 82' lang='grc'><strong>47,</strong></span> 
     </span>
    </p>
   </div>
   <div class='ocr_carea' id='block_1_18' title="bbox 456 1302 2040 1373">
    <p class='ocr_par' dir='ltr' id='par_1_18' title="bbox 456 1302 2040 1373">
     <span class='ocr_line' id='line_1_18' title="bbox 456 1302 2040 1373; baseline -0.003 -14"><span class='ocrx_word' id='word_1_133' title='bbox 456 1302 625 1373; x_wconf 82' lang='lat' dir='ltr'><strong>usque</strong></span> <span class='ocrx_word' id='word_1_134' title='bbox 662 1305 727 1358; x_wconf 86' lang='lat' dir='ltr'><strong>ad</strong></span> <span class='ocrx_word' id='word_1_135' title='bbox 775 1304 858 1357; x_wconf 88' lang='lat' dir='ltr'><strong>illa</strong></span> <span class='ocrx_word' id='word_1_136' title='bbox 900 1302 1095 1368; x_wconf 84' lang='lat' dir='ltr'><strong>verba,</strong></span> <span class='ocrx_word' id='word_1_137' title='bbox 1141 1318 1204 1373; x_wconf 89' lang='lat' dir='ltr'><strong>ne</strong></span> <span class='ocrx_word' id='word_1_138' title='bbox 1251 1309 1645 1368; x_wconf 81' lang='lat' dir='ltr'><strong>promoveantur</strong></span> <span class='ocrx_word' id='word_1_139' title='bbox 1684 1305 1816 1354; x_wconf 79' lang='lat' dir='ltr'><strong>sacri</strong></span> <span class='ocrx_word' id='word_1_140' title='bbox 1859 1304 2040 1355; x_wconf 89' lang='lat' dir='ltr'><strong>altaris</strong></span> 
     </span>
    </p>
   </div>
   <div class='ocr_carea' id='block_1_19' title="bbox 457 1372 2041 1440">
    <p class='ocr_par' dir='ltr' id='par_1_19' title="bbox 457 1372 2041 1440">
     <span class='ocr_line' id='line_1_19' title="bbox 457 1372 2041 1440; baseline -0.001 -12"><span class='ocrx_word' id='word_1_141' title='bbox 457 1372 708 1440; x_wconf 76' lang='lat' dir='ltr'><strong>ministri;</strong></span> <span class='ocrx_word' id='word_1_142' title='bbox 730 1389 790 1426; x_wconf 86' lang='lat' dir='ltr'><strong>ac</strong></span> <span class='ocrx_word' id='word_1_143' title='bbox 812 1373 933 1428; x_wconf 88' lang='lat' dir='ltr'><strong>dein</strong></span> <span class='ocrx_word' id='word_1_144' title='bbox 958 1372 1380 1436; x_wconf 82' lang='lat' dir='ltr'><strong>subscriptiones</strong></span> <span class='ocrx_word' id='word_1_145' title='bbox 1403 1383 1737 1439; x_wconf 76' lang='lat' dir='ltr'><strong>opponantur</strong></span> <span class='ocrx_word' id='word_1_146' title='bbox 1762 1391 1773 1424; x_wconf 92' lang='lat'>:</span> <span class='ocrx_word' id='word_1_147' title='bbox 1802 1373 1938 1425; x_wconf 78' lang='lat' dir='ltr'><strong>Aure</strong></span> <span class='ocrx_word' id='word_1_148' title='bbox 1962 1374 2041 1426; x_wconf 85' lang='lat' dir='ltr'><strong>ius</strong></span> 
     </span>
    </p>
   </div>
   <div class='ocr_carea' id='block_1_20' title="bbox 457 1441 2041 1515">
    <p class='ocr_par' dir='ltr' id='par_1_20' title="bbox 457 1441 2041 1515">
     <span class='ocr_line' id='line_1_20' title="bbox 457 1441 2041 1515; baseline -0.003 -17"><span class='ocrx_word' id='word_1_149' title='bbox 457 1449 719 1515; x_wconf 63' lang='lat' dir='ltr'><strong>episcopus</strong></span> <span class='ocrx_word' id='word_1_150' title='bbox 766 1442 1007 1498; x_wconf 72' lang='lat' dir='ltr'><strong>Ecclesia:</strong></span> <span class='ocrx_word' id='word_1_151' title='bbox 1040 1441 1452 1515; x_wconf 79' lang='lat' dir='ltr'><strong>Carthaginensis</strong></span> <span class='ocrx_word' id='word_1_152' title='bbox 1491 1442 1571 1515; x_wconf 72' lang='lat' dir='ltr'><strong>Iris</strong></span> <span class='ocrx_word' id='word_1_153' title='bbox 1609 1442 1813 1515; x_wconf 75' lang='lat' dir='ltr'><strong>placitis</strong></span> <span class='ocrx_word' id='word_1_154' title='bbox 1840 1444 2041 1515; x_wconf 73' lang='lat' dir='ltr'><strong>anubis</strong></span> 
     </span>
    </p>
   </div>
   <div class='ocr_carea' id='block_1_21' title="bbox 459 1512 2040 1582">
    <p class='ocr_par' dir='ltr' id='par_1_21' title="bbox 459 1512 2040 1582">
     <span class='ocr_line' id='line_1_21' title="bbox 459 1512 2040 1582; baseline -0.001 -14"><span class='ocrx_word' id='word_1_155' title='bbox 459 1512 688 1568; x_wconf 76' lang='lat' dir='ltr'><strong>omnibus</strong></span> <span class='ocrx_word' id='word_1_156' title='bbox 716 1515 1033 1582; x_wconf 78' lang='lat' dir='ltr'><strong>conﬁrmatis</strong></span> <span class='ocrx_word' id='word_1_157' title='bbox 1057 1554 1072 1577; x_wconf 90' lang='lat'><strong>,</strong></span> <span class='ocrx_word' id='word_1_158' title='bbox 1103 1512 1245 1579; x_wconf 75' lang='lat' dir='ltr'><strong>ete.,</strong></span> <span class='ocrx_word' id='word_1_159' title='bbox 1275 1528 1396 1567; x_wconf 86' lang='lat' dir='ltr'><strong>cum</strong></span> <span class='ocrx_word' id='word_1_160' title='bbox 1429 1512 1648 1582; x_wconf 83' lang='lat' dir='ltr'><strong>reliquis</strong></span> <span class='ocrx_word' id='word_1_161' title='bbox 1691 1514 1743 1566; x_wconf 91' lang='lat' dir='ltr'><strong>iu</strong></span> <span class='ocrx_word' id='word_1_162' title='bbox 1776 1514 1879 1567; x_wconf 86' lang='lat' dir='ltr'><strong>line</strong></span> <span class='ocrx_word' id='word_1_163' title='bbox 1910 1512 2040 1566; x_wconf 85' lang='lat' dir='ltr'><strong>Brc-</strong></span> 
     </span>
    </p>
   </div>
   <div class='ocr_carea' id='block_1_22' title="bbox 459 1582 1180 1650">
    <p class='ocr_par' dir='ltr' id='par_1_22' title="bbox 459 1582 1180 1650">
     <span class='ocr_line' id='line_1_22' title="bbox 459 1582 1180 1650; baseline 0.001 -15"><span class='ocrx_word' id='word_1_164' title='bbox 459 1584 610 1637; x_wconf 82' lang='lat' dir='ltr'><strong>viarii</strong></span> <span class='ocrx_word' id='word_1_165' title='bbox 638 1585 891 1650; x_wconf 80' lang='lat' dir='ltr'><strong>subjectis</strong></span> <span class='ocrx_word' id='word_1_166' title='bbox 917 1583 1026 1637; x_wconf 89' lang='lat' dir='ltr'><strong>col.</strong></span> <span class='ocrx_word' id='word_1_167' title='bbox 1059 1582 1180 1638; x_wconf 86' lang='grc'><strong>104.</strong></span> 
     </span>
    </p>
   </div>
   <div class='ocr_carea' id='block_1_23' title="bbox 527 1651 2117 1745">
    <p class='ocr_par' dir='ltr' id='par_1_23' title="bbox 527 1651 2117 1745">
     <span class='ocr_line' id='line_1_23' title="bbox 527 1651 2117 1745; baseline -0.002 -36"><span class='ocrx_word' id='word_1_168' title='bbox 527 1654 659 1709; x_wconf 83' lang='lat' dir='ltr'><strong>Cum</strong></span> <span class='ocrx_word' id='word_1_169' title='bbox 701 1654 1213 1745; x_wconf 42' lang='lat' dir='ltr'><strong>u&#39;nicumjcanonem</strong></span> <span class='ocrx_word' id='word_1_170' title='bbox 1251 1653 1322 1707; x_wconf 75' lang='grc'><strong>47</strong></span> <span class='ocrx_word' id='word_1_171' title='bbox 1354 1652 1603 1745; x_wconf 62' lang='lat' dir='ltr'><strong>Breviarii</strong></span> <span class='ocrx_word' id='word_1_172' title='bbox 1637 1651 2037 1745; x_wconf 38' lang='lat' dir='ltr'><strong>ultiu‘iumjsub-</strong></span> <span class='ocrx_word' id='word_1_173' title='bbox 2075 1686 2117 1745; x_wconf 74' lang='grc' dir='ltr'><strong>Β</strong></span> 
     </span>
    </p>
   </div>
   <div class='ocr_carea' id='block_1_24' title="bbox 458 1722 2037 1793">
    <p class='ocr_par' dir='ltr' id='par_1_24' title="bbox 458 1722 2037 1793">
     <span class='ocr_line' id='line_1_24' title="bbox 458 1722 2037 1793; baseline -0.002 -14"><span class='ocrx_word' id='word_1_174' title='bbox 458 1739 690 1793; x_wconf 80' lang='lat' dir='ltr'><strong>sequens</strong></span> <span class='ocrx_word' id='word_1_175' title='bbox 719 1723 971 1778; x_wconf 86' lang='lat' dir='ltr'><strong>Fcrrandi</strong></span> <span class='ocrx_word' id='word_1_176' title='bbox 1001 1725 1169 1778; x_wconf 89' lang='lat' dir='ltr'><strong>series</strong></span> <span class='ocrx_word' id='word_1_177' title='bbox 1199 1722 1540 1779; x_wconf 89' lang='lat' dir='ltr'><strong>inserendum</strong></span> <span class='ocrx_word' id='word_1_178' title='bbox 1572 1725 1851 1782; x_wconf 85' lang='lat' dir='ltr'><strong>concedat.</strong></span> <span class='ocrx_word' id='word_1_179' title='bbox 1881 1724 2037 1788; x_wconf 89' lang='lat' dir='ltr'><strong>duos,</strong></span> 
     </span>
    </p>
   </div>
   <div class='ocr_carea' id='block_1_25' title="bbox 460 1794 2040 1861">
    <p class='ocr_par' dir='ltr' id='par_1_25' title="bbox 460 1794 2040 1861">
     <span class='ocr_line' id='line_1_25' title="bbox 460 1794 2040 1861; baseline -0.001 -14"><span class='ocrx_word' id='word_1_180' title='bbox 460 1800 548 1861; x_wconf 88' lang='lat' dir='ltr'><strong>qui</strong></span> <span class='ocrx_word' id='word_1_181' title='bbox 577 1798 644 1849; x_wconf 87' lang='lat' dir='ltr'><strong>de</strong></span> <span class='ocrx_word' id='word_1_182' title='bbox 671 1794 959 1849; x_wconf 69' lang='lat' dir='ltr'><strong>Donatistis</strong></span> <span class='ocrx_word' id='word_1_183' title='bbox 980 1803 1241 1858; x_wconf 88' lang='lat' dir='ltr'><strong>statuunt,</strong></span> <span class='ocrx_word' id='word_1_184' title='bbox 1268 1794 1333 1847; x_wconf 83' lang='lat' dir='ltr'><strong>ad</strong></span> <span class='ocrx_word' id='word_1_185' title='bbox 1360 1809 1520 1847; x_wconf 90' lang='lat' dir='ltr'><strong>unum</strong></span> <span class='ocrx_word' id='word_1_186' title='bbox 1548 1806 1807 1847; x_wconf 81' lang='lat' dir='ltr'><strong>canoan</strong></span> <span class='ocrx_word' id='word_1_187' title='bbox 1830 1795 1897 1848; x_wconf 77' lang='grc'><strong>47</strong></span> <span class='ocrx_word' id='word_1_188' title='bbox 1924 1809 2040 1861; x_wconf 58' lang='lat' dir='ltr'><strong>per.</strong></span> 
     </span>
    </p>
   </div>
   <div class='ocr_carea' id='block_1_26' title="bbox 460 1862 2041 1933">
    <p class='ocr_par' dir='ltr' id='par_1_26' title="bbox 460 1862 2041 1933">
     <span class='ocr_line' id='line_1_26' title="bbox 460 1862 2041 1933; baseline -0.001 -16"><span class='ocrx_word' id='word_1_189' title='bbox 460 1866 682 1919; x_wconf 88' lang='lat' dir='ltr'><strong>tinnisse</strong></span> <span class='ocrx_word' id='word_1_190' title='bbox 712 1865 840 1918; x_wconf 84' lang='lat' dir='ltr'><strong>nihil</strong></span> <span class='ocrx_word' id='word_1_191' title='bbox 876 1865 1223 1933; x_wconf 84' lang='lat' dir='ltr'><strong>ambigimns.</strong></span> <span class='ocrx_word' id='word_1_192' title='bbox 1270 1862 1418 1918; x_wconf 87' lang='lat' dir='ltr'><strong>Unus</strong></span> <span class='ocrx_word' id='word_1_193' title='bbox 1455 1874 1699 1930; x_wconf 83' lang='lat' dir='ltr'><strong>sumptus</strong></span> <span class='ocrx_word' id='word_1_194' title='bbox 1726 1878 1792 1918; x_wconf 75' lang='lat' dir='ltr'><strong>ex</strong></span> <span class='ocrx_word' id='word_1_195' title='bbox 1819 1879 1941 1918; x_wconf 91' lang='lat' dir='ltr'><strong>ean.</strong></span> <span class='ocrx_word' id='word_1_196' title='bbox 1976 1863 2041 1918; x_wconf 83' lang='grc'>57</span> 
     </span>
    </p>
   </div>
   <div class='ocr_carea' id='block_1_27' title="bbox 461 1933 2044 2002">
    <p class='ocr_par' dir='ltr' id='par_1_27' title="bbox 461 1933 2044 2002">
     <span class='ocr_line' id='line_1_27' title="bbox 461 1933 2044 2002; baseline -0.001 -11"><span class='ocrx_word' id='word_1_197' title='bbox 461 1934 716 1991; x_wconf 74' lang='lat' dir='ltr'><strong>lireviarii</strong></span> <span class='ocrx_word' id='word_1_198' title='bbox 753 1935 820 1988; x_wconf 90' lang='lat' dir='ltr'><strong>de</strong></span> <span class='ocrx_word' id='word_1_199' title='bbox 853 1933 1062 1988; x_wconf 86' lang='lat' dir='ltr'><strong>clericis</strong></span> <span class='ocrx_word' id='word_1_200' title='bbox 1105 1936 1215 1987; x_wconf 90' lang='lat' dir='ltr'><strong>Don</strong></span> <span class='ocrx_word' id='word_1_201' title='bbox 1236 1935 1496 1987; x_wconf 60' lang='lat' dir='ltr'><strong>atistarutn</strong></span> <span class='ocrx_word' id='word_1_202' title='bbox 1529 1943 1673 1987; x_wconf 82' lang='lat' dir='ltr'><strong>(crta</strong></span> <span class='ocrx_word' id='word_1_203' title='bbox 1703 1936 1930 2002; x_wconf 87' lang='lat' dir='ltr'><strong>quadam</strong></span> <span class='ocrx_word' id='word_1_204' title='bbox 1960 1949 2044 1989; x_wconf 83' lang='lat' dir='ltr'><strong>rc-</strong></span> 
     </span>
    </p>
   </div>
   <div class='ocr_carea' id='block_1_28' title="bbox 460 2003 2044 2071">
    <p class='ocr_par' dir='ltr' id='par_1_28' title="bbox 460 2003 2044 2071">
     <span class='ocr_line' id='line_1_28' title="bbox 460 2003 2044 2071; baseline 0.001 -14"><span class='ocrx_word' id='word_1_205' title='bbox 460 2004 733 2058; x_wconf 82' lang='lat' dir='ltr'><strong>strictione</strong></span> <span class='ocrx_word' id='word_1_206' title='bbox 777 2005 827 2057; x_wconf 95' lang='lat' dir='ltr'><strong>in</strong></span> <span class='ocrx_word' id='word_1_207' title='bbox 874 2019 972 2057; x_wconf 89' lang='lat' dir='ltr'><strong>suo</strong></span> <span class='ocrx_word' id='word_1_208' title='bbox 1018 2003 1183 2070; x_wconf 81' lang='lat' dir='ltr'><strong>gradu</strong></span> <span class='ocrx_word' id='word_1_209' title='bbox 1233 2003 1552 2069; x_wconf 72' lang='lat' dir='ltr'><strong>recipiendis</strong></span> <span class='ocrx_word' id='word_1_210' title='bbox 1591 2004 1856 2071; x_wconf 89' lang='lat' dir='ltr'><strong>loquitur;</strong></span> <span class='ocrx_word' id='word_1_211' title='bbox 1907 2005 2044 2058; x_wconf 83' lang='lat' dir='ltr'><strong>alter</strong></span> 
     </span>
    </p>
   </div>
   <div class='ocr_carea' id='block_1_29' title="bbox 460 2072 2044 2142">
    <p class='ocr_par' dir='ltr' id='par_1_29' title="bbox 460 2072 2044 2142">
     <span class='ocr_line' id='line_1_29' title="bbox 460 2072 2044 2142; baseline -0.001 -15"><span class='ocrx_word' id='word_1_212' title='bbox 460 2074 750 2142; x_wconf 90' lang='lat' dir='ltr'><strong>productus</strong></span> <span class='ocrx_word' id='word_1_213' title='bbox 778 2088 842 2127; x_wconf 77' lang='lat' dir='ltr'><strong>ex</strong></span> <span class='ocrx_word' id='word_1_214' title='bbox 881 2088 1003 2127; x_wconf 88' lang='lat' dir='ltr'><strong>can.</strong></span> <span class='ocrx_word' id='word_1_215' title='bbox 1034 2072 1102 2126; x_wconf 80' lang='grc'><strong>47</strong></span> <span class='ocrx_word' id='word_1_216' title='bbox 1130 2073 1342 2128; x_wconf 88' lang='lat' dir='ltr'><strong>Codicis</strong></span> <span class='ocrx_word' id='word_1_217' title='bbox 1366 2072 1598 2127; x_wconf 83' lang='lat' dir='ltr'><strong>Africani</strong></span> <span class='ocrx_word' id='word_1_218' title='bbox 1633 2073 1818 2127; x_wconf 75' lang='lat' dir='ltr'><strong>Statuit</strong></span> <span class='ocrx_word' id='word_1_219' title='bbox 1843 2075 1910 2128; x_wconf 89' lang='lat' dir='ltr'><strong>de</strong></span> <span class='ocrx_word' id='word_1_220' title='bbox 1942 2074 2044 2127; x_wconf 79' lang='lat' dir='ltr'><strong>Do-</strong></span> 
     </span>
    </p>
   </div>
   <div class='ocr_carea' id='block_1_30' title="bbox 461 2142 2043 2208">
    <p class='ocr_par' dir='ltr' id='par_1_30' title="bbox 461 2142 2043 2208">
     <span class='ocr_line' id='line_1_30' title="bbox 461 2142 2043 2208; baseline 0 -11"><span class='ocrx_word' id='word_1_221' title='bbox 461 2145 773 2198; x_wconf 79' lang='lat' dir='ltr'><strong>natistarum</strong></span> <span class='ocrx_word' id='word_1_222' title='bbox 806 2143 1099 2198; x_wconf 81' lang='lat' dir='ltr'><strong>infantibus</strong></span> <span class='ocrx_word' id='word_1_223' title='bbox 1141 2144 1192 2196; x_wconf 92' lang='lat' dir='ltr'><strong>in</strong></span> <span class='ocrx_word' id='word_1_224' title='bbox 1232 2144 1433 2198; x_wconf 87' lang='lat' dir='ltr'><strong>clerum</strong></span> <span class='ocrx_word' id='word_1_225' title='bbox 1482 2142 1858 2208; x_wconf 70' lang='lat' dir='ltr'><strong>adtniitends;</strong></span> <span class='ocrx_word' id='word_1_226' title='bbox 1903 2161 1965 2195; x_wconf 84' lang='lat' dir='ltr'><strong>ac</strong></span> <span class='ocrx_word' id='word_1_227' title='bbox 1992 2145 2043 2197; x_wconf 95' lang='lat' dir='ltr'><strong>in</strong></span> 
     </span>
    </p>
   </div>
   <div class='ocr_carea' id='block_1_31' title="bbox 460 2214 2045 2283">
    <p class='ocr_par' dir='ltr' id='par_1_31' title="bbox 460 2214 2045 2283">
     <span class='ocr_line' id='line_1_31' title="bbox 460 2214 2045 2283; baseline 0 -18"><span class='ocrx_word' id='word_1_228' title='bbox 460 2225 686 2283; x_wconf 86' lang='lat' dir='ltr'><strong>utroque</strong></span> <span class='ocrx_word' id='word_1_229' title='bbox 709 2224 744 2268; x_wconf 78' lang='grc' dir='ltr'><strong>ιν</strong></span> <span class='ocrx_word' id='word_1_230' title='bbox 760 2214 1118 2268; x_wconf 88' lang='lat' dir='ltr'><strong>ansmarinam</strong></span> <span class='ocrx_word' id='word_1_231' title='bbox 1146 2214 1434 2269; x_wconf 76' lang='lat' dir='ltr'><strong>Ecclesium</strong></span> <span class='ocrx_word' id='word_1_232' title='bbox 1458 2214 1837 2268; x_wconf 86' lang='lat' dir='ltr'><strong>censulendam</strong></span> <span class='ocrx_word' id='word_1_233' title='bbox 1861 2214 2045 2268; x_wconf 85' lang='lat' dir='ltr'><strong>decer-</strong></span> 
     </span>
    </p>
   </div>
   <div class='ocr_carea' id='block_1_32' title="bbox 460 2284 2042 2353">
    <p class='ocr_par' dir='ltr' id='par_1_32' title="bbox 460 2284 2042 2353">
     <span class='ocr_line' id='line_1_32' title="bbox 460 2284 2042 2353; baseline -0.001 -14"><span class='ocrx_word' id='word_1_234' title='bbox 460 2285 624 2339; x_wconf 89' lang='lat' dir='ltr'><strong>nitur.</strong></span> <span class='ocrx_word' id='word_1_235' title='bbox 656 2284 711 2337; x_wconf 92' lang='lat' dir='ltr'><strong>ln</strong></span> <span class='ocrx_word' id='word_1_236' title='bbox 738 2285 966 2338; x_wconf 91' lang='lat' dir='ltr'><strong>llistoria</strong></span> <span class='ocrx_word' id='word_1_237' title='bbox 993 2285 1381 2337; x_wconf 84' lang='lat' dir='ltr'><strong>Donatistarum</strong></span> <span class='ocrx_word' id='word_1_238' title='bbox 1414 2294 1549 2353; x_wconf 82' lang='lat' dir='ltr'><strong>part.</strong></span> <span class='ocrx_word' id='word_1_239' title='bbox 1580 2300 1635 2346; x_wconf 85' lang='lat' dir='ltr'><strong>tt,</strong></span> <span class='ocrx_word' id='word_1_240' title='bbox 1664 2298 1713 2339; x_wconf 91' lang='lat' dir='ltr'><strong>c.</strong></span> <span class='ocrx_word' id='word_1_241' title='bbox 1741 2286 1797 2348; x_wconf 87' lang='lat'><strong>9,</strong></span> <span class='ocrx_word' id='word_1_242' title='bbox 1821 2284 2042 2337; x_wconf 90' lang='lat' dir='ltr'><strong>alteram</strong></span> 
     </span>
    </p>
   </div>
   <div class='ocr_carea' id='block_1_33' title="bbox 462 2354 2046 2421">
    <p class='ocr_par' dir='ltr' id='par_1_33' title="bbox 462 2354 2046 2421">
     <span class='ocr_line' id='line_1_33' title="bbox 462 2354 2046 2421; baseline 0.001 -15"><span class='ocrx_word' id='word_1_243' title='bbox 462 2370 664 2420; x_wconf 62' lang='lat' dir='ltr'><strong>partem</strong></span> <span class='ocrx_word' id='word_1_244' title='bbox 696 2354 764 2409; x_wconf 84' lang='lat' dir='ltr'><strong>de</strong></span> <span class='ocrx_word' id='word_1_245' title='bbox 791 2354 1075 2407; x_wconf 87' lang='lat' dir='ltr'><strong>infantibus</strong></span> <span class='ocrx_word' id='word_1_246' title='bbox 1107 2355 1441 2421; x_wconf 59' lang='lat' dir='ltr'><strong>recipientes,</strong></span> <span class='ocrx_word' id='word_1_247' title='bbox 1473 2355 1708 2421; x_wconf 85' lang='lat' dir='ltr'><strong>priorem</strong></span> <span class='ocrx_word' id='word_1_248' title='bbox 1739 2354 1807 2408; x_wconf 90' lang='lat' dir='ltr'><strong>de</strong></span> <span class='ocrx_word' id='word_1_249' title='bbox 1835 2355 2046 2408; x_wconf 85' lang='lat' dir='ltr'><strong>clericis</strong></span> 
     </span>
    </p>
   </div>
   <div class='ocr_carea' id='block_1_34' title="bbox 460 2423 2045 2491">
    <p class='ocr_par' dir='ltr' id='par_1_34' title="bbox 460 2423 2045 2491">
     <span class='ocr_line' id='line_1_34' title="bbox 460 2423 2045 2491; baseline 0.001 -14"><span class='ocrx_word' id='word_1_250' title='bbox 460 2432 728 2490; x_wconf 86' lang='lat' dir='ltr'><strong>sumptam</strong></span> <span class='ocrx_word' id='word_1_251' title='bbox 792 2439 855 2476; x_wconf 79' lang='lat' dir='ltr'><strong>ex</strong></span> <span class='ocrx_word' id='word_1_252' title='bbox 916 2423 1151 2477; x_wconf 90' lang='lat' dir='ltr'><strong>editione</strong></span> <span class='ocrx_word' id='word_1_253' title='bbox 1213 2423 1467 2477; x_wconf 80' lang='lat' dir='ltr'><strong>Breviarii</strong></span> <span class='ocrx_word' id='word_1_254' title='bbox 1529 2423 1582 2476; x_wconf 90' lang='lat' dir='ltr'><strong>iu</strong></span> <span class='ocrx_word' id='word_1_255' title='bbox 1663 2424 2045 2491; x_wconf 81' lang='lat' dir='ltr'><strong>suppositionis</strong></span> 
     </span>
    </p>
   </div>
   <div class='ocr_carea' id='block_1_35' title="bbox 463 2491 2046 2617">
    <p class='ocr_par' dir='ltr' id='par_1_35' title="bbox 463 2491 2046 2617">
     <span class='ocr_line' id='line_1_35' title="bbox 463 2491 2046 2617; baseline -0.001 -70"><span class='ocrx_word' id='word_1_256' title='bbox 463 2491 704 2617; x_wconf 56' lang='lat' dir='ltr'><strong>Puni]</strong></span> <span class='ocrx_word' id='word_1_257' title='bbox 730 2493 1090 2561; x_wconf 81' lang='lat' dir='ltr'><strong>suspicionem</strong></span> <span class='ocrx_word' id='word_1_258' title='bbox 1113 2493 1452 2547; x_wconf 77' lang='lat' dir='ltr'><strong>adduximus.</strong></span> <span class='ocrx_word' id='word_1_259' title='bbox 1482 2491 1604 2547; x_wconf 89' lang='lat' dir='ltr'><strong>Sola</strong></span> <span class='ocrx_word' id='word_1_260' title='bbox 1635 2501 1758 2548; x_wconf 90' lang='lat' dir='ltr'><strong>tunc</strong></span> <span class='ocrx_word' id='word_1_261' title='bbox 1788 2496 2046 2558; x_wconf 80' lang='lat' dir='ltr'><strong>Quesnel-</strong></span> 
     </span>
     <span class='ocr_line' id='line_1_36' title="bbox 489 2562 2046 2617; baseline 0.003 -5"><span class='ocrx_word' id='word_1_262' title='bbox 489 2568 602 2616; x_wconf 84' lang='lat' dir='ltr'><strong>iana</strong></span> <span class='ocrx_word' id='word_1_263' title='bbox 626 2563 873 2617; x_wconf 89' lang='lat' dir='ltr'><strong>collectio</strong></span> <span class='ocrx_word' id='word_1_264' title='bbox 899 2576 1162 2617; x_wconf 91' lang='lat' dir='ltr'><strong>canonum</strong></span> <span class='ocrx_word' id='word_1_265' title='bbox 1194 2563 1346 2617; x_wconf 88' lang='lat' dir='ltr'><strong>nobis</strong></span> <span class='ocrx_word' id='word_1_266' title='bbox 1374 2572 1493 2617; x_wconf 81' lang='lat' dir='ltr'><strong>nota</strong></span> <span class='ocrx_word' id='word_1_267' title='bbox 1522 2572 1668 2617; x_wconf 71' lang='lat' dir='ltr'><strong>erat.</strong></span> <span class='ocrx_word' id='word_1_268' title='bbox 1698 2580 1761 2617; x_wconf 87' lang='lat' dir='ltr'><strong>ex</strong></span> <span class='ocrx_word' id='word_1_269' title='bbox 1789 2578 1892 2617; x_wconf 83' lang='lat' dir='ltr'><strong>uua</strong></span> <span class='ocrx_word' id='word_1_270' title='bbox 1920 2562 2046 2617; x_wconf 84' lang='lat' dir='ltr'><strong>Bre-</strong></span> 
     </span>
    </p>
   </div>
   <div class='ocr_carea' id='block_1_36' title="bbox 489 2562 2046 2633">
    <p class='ocr_par' dir='ltr' id='par_1_36' title="bbox 489 2562 2046 2633">
     <span class='ocr_line' id='line_1_37' title="bbox 489 2562 2046 2633; baseline 0.004 -21"><span class='ocrx_word' id='word_1_271' title='bbox 489 2568 602 2616; x_wconf 84' lang='lat' dir='ltr'><strong>iana</strong></span> <span class='ocrx_word' id='word_1_272' title='bbox 626 2562 873 2617; x_wconf 87' lang='lat' dir='ltr'><strong>collectio</strong></span> <span class='ocrx_word' id='word_1_273' title='bbox 899 2576 1162 2617; x_wconf 84' lang='lat' dir='ltr'><strong>caumtum</strong></span> <span class='ocrx_word' id='word_1_274' title='bbox 1194 2563 1346 2617; x_wconf 85' lang='lat' dir='ltr'><strong>nobis</strong></span> <span class='ocrx_word' id='word_1_275' title='bbox 1374 2572 1493 2618; x_wconf 79' lang='lat' dir='ltr'><strong>nota</strong></span> <span class='ocrx_word' id='word_1_276' title='bbox 1522 2572 1668 2627; x_wconf 72' lang='lat' dir='ltr'><strong>erat,</strong></span> <span class='ocrx_word' id='word_1_277' title='bbox 1698 2580 1761 2617; x_wconf 88' lang='lat' dir='ltr'><strong>ex</strong></span> <span class='ocrx_word' id='word_1_278' title='bbox 1789 2578 1892 2633; x_wconf 82' lang='lat' dir='ltr'><strong>qua</strong></span> <span class='ocrx_word' id='word_1_279' title='bbox 1920 2562 2046 2618; x_wconf 84' lang='lat' dir='ltr'><strong>Bre-</strong></span> 
     </span>
    </p>
   </div>
   <div class='ocr_carea' id='block_1_37' title="bbox 446 2632 2046 2700">
    <p class='ocr_par' dir='ltr' id='par_1_37' title="bbox 446 2632 2046 2700">
     <span class='ocr_line' id='line_1_38' title="bbox 446 2632 2046 2700; baseline 0.002 -14"><span class='ocrx_word' id='word_1_280' title='bbox 446 2633 689 2686; x_wconf 67' lang='lat' dir='ltr'><strong>‘viariutn</strong></span> <span class='ocrx_word' id='word_1_281' title='bbox 724 2633 1026 2698; x_wconf 65' lang='lat' dir='ltr'><strong>prodit-rat;</strong></span> <span class='ocrx_word' id='word_1_282' title='bbox 1069 2646 1298 2700; x_wconf 84' lang='lat' dir='ltr'><strong>eumque</strong></span> <span class='ocrx_word' id='word_1_283' title='bbox 1339 2632 1453 2688; x_wconf 65' lang='lat' dir='ltr'><strong>huc</strong></span> <span class='ocrx_word' id='word_1_284' title='bbox 1479 2633 1617 2688; x_wconf 83' lang='lat' dir='ltr'><strong>duos</strong></span> <span class='ocrx_word' id='word_1_285' title='bbox 1652 2635 1788 2687; x_wconf 88' lang='lat' dir='ltr'><strong>alios</strong></span> <span class='ocrx_word' id='word_1_286' title='bbox 1812 2632 2046 2689; x_wconf 81' lang='lat' dir='ltr'><strong>eanOttes</strong></span> 
     </span>
    </p>
   </div>
   <div class='ocr_carea' id='block_1_38' title="bbox 463 2702 2043 2773">
    <p class='ocr_par' dir='ltr' id='par_1_38' title="bbox 463 2702 2043 2773">
     <span class='ocr_line' id='line_1_39' title="bbox 463 2702 2043 2773; baseline 0 -16"><span class='ocrx_word' id='word_1_287' title='bbox 463 2704 534 2758; x_wconf 78' lang='lat'><strong>&#39;58</strong></span> <span class='ocrx_word' id='word_1_288' title='bbox 577 2714 630 2758; x_wconf 90' lang='lat' dir='ltr'><strong>et</strong></span> <span class='ocrx_word' id='word_1_289' title='bbox 678 2706 745 2758; x_wconf 76' lang='lat'><strong>59</strong></span> <span class='ocrx_word' id='word_1_290' title='bbox 794 2703 1065 2758; x_wconf 76' lang='lat' dir='ltr'><strong>Breviario</strong></span> <span class='ocrx_word' id='word_1_291' title='bbox 1092 2702 1361 2758; x_wconf 81' lang='lat' dir='ltr'><strong>addititins</strong></span> <span class='ocrx_word' id='word_1_292' title='bbox 1405 2718 1680 2771; x_wconf 73' lang='lat' dir='ltr'><strong>perperam</strong></span> <span class='ocrx_word' id='word_1_293' title='bbox 1726 2706 2043 2773; x_wconf 80' lang='lat' dir='ltr'><strong>susceperit,</strong></span> 
     </span>
    </p>
   </div>
   <div class='ocr_carea' id='block_1_39' title="bbox 465 2773 2049 2829">
    <p class='ocr_par' dir='ltr' id='par_1_39' title="bbox 465 2773 2049 2829">
     <span class='ocr_line' id='line_1_40' title="bbox 465 2773 2049 2829; baseline 0.001 -1"><span class='ocrx_word' id='word_1_294' title='bbox 465 2773 598 2829; x_wconf 84' lang='lat' dir='ltr'><strong>nihil</strong></span> <span class='ocrx_word' id='word_1_295' title='bbox 630 2775 821 2828; x_wconf 92' lang='lat' dir='ltr'><strong>mirum</strong></span> <span class='ocrx_word' id='word_1_296' title='bbox 856 2775 901 2828; x_wconf 91' lang='lat' dir='ltr'><strong>si</strong></span> <span class='ocrx_word' id='word_1_297' title='bbox 936 2774 1095 2828; x_wconf 79' lang='lat' dir='ltr'><strong>etiam</strong></span> <span class='ocrx_word' id='word_1_298' title='bbox 1126 2788 1297 2829; x_wconf 88' lang='lat' dir='ltr'><strong>canon</strong></span> <span class='ocrx_word' id='word_1_299' title='bbox 1332 2776 1398 2829; x_wconf 86' lang='lat'><strong>&#39;57</strong></span> <span class='ocrx_word' id='word_1_300' title='bbox 1425 2775 1599 2829; x_wconf 79' lang='lat' dir='ltr'><strong>eidem</strong></span> <span class='ocrx_word' id='word_1_301' title='bbox 1629 2775 1842 2829; x_wconf 84' lang='lat' dir='ltr'><strong>aliunde</strong></span> <span class='ocrx_word' id='word_1_302' title='bbox 1868 2788 2049 2829; x_wconf 84' lang='lat' dir='ltr'><strong>acces-</strong></span> 
     </span>
    </p>
   </div>
   <div class='ocr_carea' id='block_1_40' title="bbox 465 2844 2050 2915">
    <p class='ocr_par' dir='ltr' id='par_1_40' title="bbox 465 2844 2050 2915">
     <span class='ocr_line' id='line_1_41' title="bbox 465 2844 2050 2915; baseline 0 -16"><span class='ocrx_word' id='word_1_303' title='bbox 465 2844 602 2900; x_wconf 82' lang='lat' dir='ltr'><strong>sisse</strong></span> <span class='ocrx_word' id='word_1_304' title='bbox 639 2844 965 2900; x_wconf 73' lang='lat' dir='ltr'><strong>crederetur.</strong></span> <span class='ocrx_word' id='word_1_305' title='bbox 1012 2848 1079 2898; x_wconf 80' lang='lat' dir='ltr'><strong>At</strong></span> <span class='ocrx_word' id='word_1_306' title='bbox 1100 2845 1249 2915; x_wconf 69' lang='lat' dir='ltr'><strong>duas</strong></span> <span class='ocrx_word' id='word_1_307' title='bbox 1273 2844 1406 2900; x_wconf 89' lang='lat' dir='ltr'><strong>alias</strong></span> <span class='ocrx_word' id='word_1_308' title='bbox 1444 2844 1671 2900; x_wconf 75' lang='lat' dir='ltr'><strong>diversa:</strong></span> <span class='ocrx_word' id='word_1_309' title='bbox 1705 2845 1963 2915; x_wconf 77' lang='lat' dir='ltr'><strong>originis,</strong></span> <span class='ocrx_word' id='word_1_310' title='bbox 1993 2855 2050 2899; x_wconf 88' lang='lat' dir='ltr'><strong>et</strong></span> 
     </span>
    </p>
   </div>
   <div class='ocr_carea' id='block_1_41' title="bbox 466 2914 2048 2986">
    <p class='ocr_par' dir='ltr' id='par_1_41' title="bbox 466 2914 2048 2986">
     <span class='ocr_line' id='line_1_42' title="bbox 466 2914 2048 2986; baseline 0.003 -21"><span class='ocrx_word' id='word_1_311' title='bbox 466 2917 855 2969; x_wconf 85' lang='lat' dir='ltr'><strong>vetustissimas</strong></span> <span class='ocrx_word' id='word_1_312' title='bbox 901 2914 1246 2986; x_wconf 86' lang='lat' dir='ltr'><strong>collectiones</strong></span> <span class='ocrx_word' id='word_1_313' title='bbox 1303 2929 1432 2971; x_wconf 91' lang='lat' dir='ltr'><strong>mss.</strong></span> <span class='ocrx_word' id='word_1_314' title='bbox 1480 2917 1618 2970; x_wconf 92' lang='lat' dir='ltr'><strong>nacti</strong></span> <span class='ocrx_word' id='word_1_315' title='bbox 1666 2931 1884 2980; x_wconf 91' lang='lat' dir='ltr'><strong>sumus,</strong></span> <span class='ocrx_word' id='word_1_316' title='bbox 1928 2932 2048 2986; x_wconf 77' lang='lat' dir='ltr'><strong>qua:</strong></span> 
     </span>
    </p>
   </div>
   <div class='ocr_carea' id='block_1_42' title="bbox 467 2985 2048 3054">
    <p class='ocr_par' dir='ltr' id='par_1_42' title="bbox 467 2985 2048 3054">
     <span class='ocr_line' id='line_1_43' title="bbox 467 2985 2048 3054; baseline -0.001 -15"><span class='ocrx_word' id='word_1_317' title='bbox 467 2986 795 3039; x_wconf 79' lang='lat' dir='ltr'><strong>Breviarium</strong></span> <span class='ocrx_word' id='word_1_318' title='bbox 829 3000 948 3037; x_wconf 88' lang='lat' dir='ltr'><strong>cum</strong></span> <span class='ocrx_word' id='word_1_319' title='bbox 993 2985 1182 3039; x_wconf 89' lang='lat' dir='ltr'><strong>eodem</strong></span> <span class='ocrx_word' id='word_1_320' title='bbox 1227 3000 1434 3039; x_wconf 89' lang='lat' dir='ltr'><strong>canone</strong></span> <span class='ocrx_word' id='word_1_321' title='bbox 1477 2987 1546 3040; x_wconf 90' lang='lat' dir='ltr'><strong>de</strong></span> <span class='ocrx_word' id='word_1_322' title='bbox 1589 2986 1800 3053; x_wconf 85' lang='lat' dir='ltr'><strong>clericis</strong></span> <span class='ocrx_word' id='word_1_323' title='bbox 1849 2985 2048 3054; x_wconf 88' lang='lat' dir='ltr'><strong>pariter</strong></span> 
     </span>
    </p>
   </div>
   <div class='ocr_carea' id='block_1_43' title="bbox 2142 388 3720 458">
    <p class='ocr_par' dir='ltr' id='par_1_43' title="bbox 2142 388 3720 458">
     <span class='ocr_line' id='line_1_44' title="bbox 2142 388 3720 458; baseline 0.002 -15"><span class='ocrx_word' id='word_1_324' title='bbox 2142 391 2479 445; x_wconf 81' lang='lat' dir='ltr'><strong>Anastasiqu</strong></span> <span class='ocrx_word' id='word_1_325' title='bbox 2500 399 2556 444; x_wconf 92' lang='lat' dir='ltr'><strong>et</strong></span> <span class='ocrx_word' id='word_1_326' title='bbox 2579 388 2645 442; x_wconf 89' lang='lat' dir='ltr'><strong>ad</strong></span> <span class='ocrx_word' id='word_1_327' title='bbox 2676 389 2956 443; x_wconf 80' lang='lat' dir='ltr'><strong>Venerium</strong></span> <span class='ocrx_word' id='word_1_328' title='bbox 2990 388 3458 458; x_wconf 77' lang='lat' dir='ltr'><strong>Mediolanensem,</strong></span> <span class='ocrx_word' id='word_1_329' title='bbox 3490 388 3545 444; x_wconf 88' lang='lat' dir='ltr'><strong>ut</strong></span> <span class='ocrx_word' id='word_1_330' title='bbox 3572 388 3624 445; x_wconf 84' lang='lat' dir='ltr'><strong>in</strong></span> <span class='ocrx_word' id='word_1_331' title='bbox 3653 408 3720 446; x_wconf 90' lang='lat' dir='ltr'><strong>eo</strong></span> 
     </span>
    </p>
   </div>
   <div class='ocr_carea' id='block_1_44' title="bbox 2141 459 3719 529">
    <p class='ocr_par' dir='ltr' id='par_1_44' title="bbox 2141 459 3719 529">
     <span class='ocr_line' id='line_1_45' title="bbox 2141 459 3719 529; baseline 0.001 -17"><span class='ocrx_word' id='word_1_332' title='bbox 2141 460 2425 515; x_wconf 87' lang='lat' dir='ltr'><strong>imcrdicto</strong></span> <span class='ocrx_word' id='word_1_333' title='bbox 2470 461 2539 513; x_wconf 91' lang='lat' dir='ltr'><strong>ob</strong></span> <span class='ocrx_word' id='word_1_334' title='bbox 2586 459 2817 529; x_wconf 86' lang='lat' dir='ltr'><strong>inopiam</strong></span> <span class='ocrx_word' id='word_1_335' title='bbox 2867 460 3182 514; x_wconf 57' lang='lat' dir='ltr'><strong>clericorum</strong></span> <span class='ocrx_word' id='word_1_336' title='bbox 3238 470 3291 514; x_wconf 89' lang='lat' dir='ltr'><strong>et</strong></span> <span class='ocrx_word' id='word_1_337' title='bbox 3345 463 3719 517; x_wconf 78' lang='lat' dir='ltr'><strong>necessitatem</strong></span> 
     </span>
    </p>
   </div>
   <div class='ocr_carea' id='block_1_45' title="bbox 2145 530 3721 598">
    <p class='ocr_par' dir='ltr' id='par_1_45' title="bbox 2145 530 3721 598">
     <span class='ocr_line' id='line_1_46' title="bbox 2145 530 3721 598; baseline 0.002 -16"><span class='ocrx_word' id='word_1_338' title='bbox 2145 531 2232 583; x_wconf 65' lang='lat' dir='ltr'><strong>Ec:</strong></span> <span class='ocrx_word' id='word_1_339' title='bbox 2252 531 2394 584; x_wconf 70' lang='lat' dir='ltr'><strong>lesize</strong></span> <span class='ocrx_word' id='word_1_340' title='bbox 2425 530 2489 582; x_wconf 90' lang='lat' dir='ltr'><strong>ad</strong></span> <span class='ocrx_word' id='word_1_341' title='bbox 2521 533 2736 583; x_wconf 76' lang='lat' dir='ltr'><strong>eosdem</strong></span> <span class='ocrx_word' id='word_1_342' title='bbox 2782 530 3012 585; x_wconf 77' lang='lat' dir='ltr'><strong>infantes</strong></span> <span class='ocrx_word' id='word_1_343' title='bbox 3039 531 3363 586; x_wconf 81' lang='lat' dir='ltr'><strong>ordinandus</strong></span> <span class='ocrx_word' id='word_1_344' title='bbox 3390 531 3721 598; x_wconf 86' lang='lat' dir='ltr'><strong>dispensatio</strong></span> 
     </span>
    </p>
   </div>
   <div class='ocr_carea' id='block_1_46' title="bbox 2143 600 3717 669">
    <p class='ocr_par' dir='ltr' id='par_1_46' title="bbox 2143 600 3717 669">
     <span class='ocr_line' id='line_1_47' title="bbox 2143 600 3717 669; baseline 0.003 -18"><span class='ocrx_word' id='word_1_345' title='bbox 2143 615 2176 669; x_wconf 91' lang='lat' dir='ltr'><strong>p</strong></span> <span class='ocrx_word' id='word_1_346' title='bbox 2213 610 2411 653; x_wconf 71' lang='lat' dir='ltr'><strong>teretur</strong></span> <span class='ocrx_word' id='word_1_347' title='bbox 2431 644 2445 667; x_wconf 84' lang='lat'><strong>,</strong></span> <span class='ocrx_word' id='word_1_348' title='bbox 2475 604 2594 669; x_wconf 78' lang='lat' dir='ltr'><strong>quia</strong></span> <span class='ocrx_word' id='word_1_349' title='bbox 2620 600 2683 653; x_wconf 87' lang='lat' dir='ltr'><strong>ab</strong></span> <span class='ocrx_word' id='word_1_350' title='bbox 2721 601 2798 653; x_wconf 86' lang='lat' dir='ltr'><strong>Itis</strong></span> <span class='ocrx_word' id='word_1_351' title='bbox 2825 600 3025 654; x_wconf 77' lang='lat' dir='ltr'><strong>sedibus</strong></span> <span class='ocrx_word' id='word_1_352' title='bbox 3050 600 3147 653; x_wconf 85' lang='lat' dir='ltr'><strong>hoc</strong></span> <span class='ocrx_word' id='word_1_353' title='bbox 3177 604 3346 665; x_wconf 69' lang='lat' dir='ltr'><strong>fuerat</strong></span> <span class='ocrx_word' id='word_1_354' title='bbox 3384 602 3717 668; x_wconf 80' lang='lat' dir='ltr'><strong>prohibitum.</strong></span> 
     </span>
    </p>
   </div>
   <div class='ocr_carea' id='block_1_47' title="bbox 2148 669 3720 739">
    <p class='ocr_par' dir='ltr' id='par_1_47' title="bbox 2148 669 3720 739">
     <span class='ocr_line' id='line_1_48' title="bbox 2148 669 3720 739; baseline 0.004 -18"><span class='ocrx_word' id='word_1_355' title='bbox 2148 669 2274 724; x_wconf 75' lang='lat' dir='ltr'><strong>Vide</strong></span> <span class='ocrx_word' id='word_1_356' title='bbox 2313 670 2446 723; x_wconf 80' lang='lat' dir='ltr'><strong>Cod.</strong></span> <span class='ocrx_word' id='word_1_357' title='bbox 2476 670 2642 725; x_wconf 77' lang='lat' dir='ltr'><strong>Ali-ie.</strong></span> <span class='ocrx_word' id='word_1_358' title='bbox 2668 685 2719 724; x_wconf 89' lang='lat' dir='ltr'><strong>e.</strong></span> <span class='ocrx_word' id='word_1_359' title='bbox 2747 671 2843 734; x_wconf 85' lang='lat'><strong>57,</strong></span> <span class='ocrx_word' id='word_1_360' title='bbox 2877 672 3097 739; x_wconf 75' lang='lat' dir='ltr'><strong>ejusque</strong></span> <span class='ocrx_word' id='word_1_361' title='bbox 3137 672 3476 739; x_wconf 71' lang='lat' dir='ltr'><strong>prem-nium.</strong></span> <span class='ocrx_word' id='word_1_362' title='bbox 3510 674 3601 727; x_wconf 85' lang='lat' dir='ltr'><strong>liis</strong></span> <span class='ocrx_word' id='word_1_363' title='bbox 3627 688 3720 727; x_wconf 82' lang='lat' dir='ltr'><strong>au-</strong></span> 
     </span>
    </p>
   </div>
   <div class='ocr_carea' id='block_1_48' title="bbox 2141 739 3719 809">
    <p class='ocr_par' dir='ltr' id='par_1_48' title="bbox 2141 739 3719 809">
     <span class='ocr_line' id='line_1_49' title="bbox 2141 739 3719 809; baseline 0.002 -18"><span class='ocrx_word' id='word_1_364' title='bbox 2141 750 2247 794; x_wconf 89' lang='lat' dir='ltr'><strong>tem</strong></span> <span class='ocrx_word' id='word_1_365' title='bbox 2279 739 2578 793; x_wconf 81' lang='lat' dir='ltr'><strong>interdictis</strong></span> <span class='ocrx_word' id='word_1_366' title='bbox 2606 741 2740 795; x_wconf 85' lang='lat' dir='ltr'><strong>adeo</strong></span> <span class='ocrx_word' id='word_1_367' title='bbox 2769 752 3055 809; x_wconf 81' lang='lat' dir='ltr'><strong>paruerunt</strong></span> <span class='ocrx_word' id='word_1_368' title='bbox 3084 741 3317 807; x_wconf 49' lang='lat' dir='ltr'><strong>episeoai</strong></span> <span class='ocrx_word' id='word_1_369' title='bbox 3350 742 3603 807; x_wconf 80' lang='lat' dir='ltr'><strong>Africani,</strong></span> <span class='ocrx_word' id='word_1_370' title='bbox 3637 755 3719 806; x_wconf 89' lang='lat' dir='ltr'><strong>ut,</strong></span> 
     </span>
    </p>
   </div>
   <div class='ocr_carea' id='block_1_49' title="bbox 2141 811 3726 875">
    <p class='ocr_par' dir='ltr' id='par_1_49' title="bbox 2141 811 3726 875">
     <span class='ocr_line' id='line_1_50' title="bbox 2141 811 3726 875; baseline 0.003 -12"><span class='ocrx_word' id='word_1_371' title='bbox 2141 824 2261 863; x_wconf 89' lang='lat' dir='ltr'><strong>eum</strong></span> <span class='ocrx_word' id='word_1_372' title='bbox 2292 813 2398 862; x_wconf 90' lang='lat' dir='ltr'><strong>rari</strong></span> <span class='ocrx_word' id='word_1_373' title='bbox 2422 819 2603 864; x_wconf 85' lang='lat' dir='ltr'><strong>essent</strong></span> <span class='ocrx_word' id='word_1_374' title='bbox 2628 812 2872 865; x_wconf 78' lang='lat' dir='ltr'><strong>catholici</strong></span> <span class='ocrx_word' id='word_1_375' title='bbox 2896 811 3196 875; x_wconf 20' lang='lat' dir='ltr'><strong>ordinandi,</strong></span> <span class='ocrx_word' id='word_1_376' title='bbox 3219 825 3425 866; x_wconf 88' lang='lat' dir='ltr'><strong>summa</strong></span> <span class='ocrx_word' id='word_1_377' title='bbox 3448 819 3593 866; x_wconf 78' lang='lat' dir='ltr'><strong>esset</strong></span> <span class='ocrx_word' id='word_1_378' title='bbox 3613 814 3726 867; x_wconf 80' lang='lat' dir='ltr'><strong>cle-</strong></span> 
     </span>
    </p>
   </div>
   <div class='ocr_carea' id='block_1_50' title="bbox 2141 880 3725 949">
    <p class='ocr_par' dir='ltr' id='par_1_50' title="bbox 2141 880 3725 949">
     <span class='ocr_line' id='line_1_51' title="bbox 2141 880 3725 949; baseline 0.003 -17"><span class='ocrx_word' id='word_1_379' title='bbox 2141 894 2374 934; x_wconf 77' lang='lat' dir='ltr'><strong>ricorum</strong></span> <span class='ocrx_word' id='word_1_380' title='bbox 2412 880 2585 946; x_wconf 80' lang='lat' dir='ltr'><strong>inOpia</strong></span> <span class='ocrx_word' id='word_1_381' title='bbox 2608 921 2622 943; x_wconf 86' lang='lat'><strong>,</strong></span> <span class='ocrx_word' id='word_1_382' title='bbox 2658 881 2945 949; x_wconf 69' lang='lat' dir='ltr'><strong>undtzeque</strong></span> <span class='ocrx_word' id='word_1_383' title='bbox 2988 882 3239 934; x_wconf 73' lang='lat' dir='ltr'><strong>Ecclesia.-</strong></span> <span class='ocrx_word' id='word_1_384' title='bbox 3266 892 3443 935; x_wconf 82' lang='lat' dir='ltr'><strong>essent</strong></span> <span class='ocrx_word' id='word_1_385' title='bbox 3471 882 3725 948; x_wconf 71' lang='lat' dir='ltr'><strong>desertze,</strong></span> 
     </span>
    </p>
   </div>
   <div class='ocr_carea' id='block_1_51' title="bbox 2141 949 3726 1019">
    <p class='ocr_par' dir='ltr' id='par_1_51' title="bbox 2141 949 3726 1019">
     <span class='ocr_line' id='line_1_52' title="bbox 2141 949 3726 1019; baseline 0.001 -16"><span class='ocrx_word' id='word_1_386' title='bbox 2141 964 2241 1003; x_wconf 91' lang='lat' dir='ltr'><strong>nec</strong></span> <span class='ocrx_word' id='word_1_387' title='bbox 2268 963 2404 1002; x_wconf 88' lang='lat' dir='ltr'><strong>unus</strong></span> <span class='ocrx_word' id='word_1_388' title='bbox 2449 949 2665 1019; x_wconf 89' lang='lat' dir='ltr'><strong>quidem</strong></span> <span class='ocrx_word' id='word_1_389' title='bbox 2704 949 2967 1005; x_wconf 80' lang='lat' dir='ltr'><strong>diaconus</strong></span> <span class='ocrx_word' id='word_1_390' title='bbox 3014 952 3207 1005; x_wconf 88' lang='lat' dir='ltr'><strong>alicubi</strong></span> <span class='ocrx_word' id='word_1_391' title='bbox 3249 954 3612 1017; x_wconf 80' lang='lat' dir='ltr'><strong>reperiretur,</strong></span> <span class='ocrx_word' id='word_1_392' title='bbox 3645 955 3726 1007; x_wconf 87' lang='lat' dir='ltr'><strong>uti</strong></span> 
     </span>
    </p>
   </div>
   <div class='ocr_carea' id='block_1_52' title="bbox 2142 1019 3726 1087">
    <p class='ocr_par' dir='ltr' id='par_1_52' title="bbox 2142 1019 3726 1087">
     <span class='ocr_line' id='line_1_53' title="bbox 2142 1019 3726 1087; baseline 0.003 -15"><span class='ocrx_word' id='word_1_393' title='bbox 2142 1019 2311 1074; x_wconf 76' lang='lat' dir='ltr'><strong>fusius</strong></span> <span class='ocrx_word' id='word_1_394' title='bbox 2332 1023 2382 1072; x_wconf 78' lang='lat' dir='ltr'><strong>tu</strong></span> <span class='ocrx_word' id='word_1_395' title='bbox 2409 1020 2622 1073; x_wconf 84' lang='lat' dir='ltr'><strong>laudato</strong></span> <span class='ocrx_word' id='word_1_396' title='bbox 2647 1024 2906 1087; x_wconf 63' lang='lat' dir='ltr'><strong>pioimnio</strong></span> <span class='ocrx_word' id='word_1_397' title='bbox 2936 1022 3178 1075; x_wconf 86' lang='lat' dir='ltr'><strong>traditur.</strong></span> <span class='ocrx_word' id='word_1_398' title='bbox 3216 1022 3268 1074; x_wconf 91' lang='lat' dir='ltr'><strong>In</strong></span> <span class='ocrx_word' id='word_1_399' title='bbox 3294 1021 3392 1075; x_wconf 86' lang='lat' dir='ltr'><strong>hac</strong></span> <span class='ocrx_word' id='word_1_400' title='bbox 3418 1032 3591 1077; x_wconf 87' lang='lat' dir='ltr'><strong>autem</strong></span> <span class='ocrx_word' id='word_1_401' title='bbox 3624 1024 3726 1077; x_wconf 84' lang='lat' dir='ltr'><strong>Ec-</strong></span> 
     </span>
    </p>
   </div>
   <div class='ocr_carea' id='block_1_53' title="bbox 2141 1089 3730 1161">
    <p class='ocr_par' dir='ltr' id='par_1_53' title="bbox 2141 1089 3730 1161">
     <span class='ocr_line' id='line_1_54' title="bbox 2141 1089 3730 1161; baseline 0.003 -20"><span class='ocrx_word' id='word_1_402' title='bbox 2141 1089 2422 1161; x_wconf 86' lang='lat' dir='ltr'><strong>clesiarntu</strong></span> <span class='ocrx_word' id='word_1_403' title='bbox 2455 1093 2768 1145; x_wconf 71' lang='lat' dir='ltr'><strong>necessitate</strong></span> <span class='ocrx_word' id='word_1_404' title='bbox 2807 1090 2894 1144; x_wconf 88' lang='lat' dir='ltr'><strong>illa</strong></span> <span class='ocrx_word' id='word_1_405' title='bbox 2925 1092 3136 1161; x_wconf 82' lang='lat' dir='ltr'><strong>quidem</strong></span> <span class='ocrx_word' id='word_1_406' title='bbox 3171 1093 3520 1146; x_wconf 89' lang='lat' dir='ltr'><strong>transmarina</strong></span> <span class='ocrx_word' id='word_1_407' title='bbox 3554 1093 3730 1149; x_wconf 82' lang='lat' dir='ltr'><strong>inter-</strong></span> 
     </span>
    </p>
   </div>
   <div class='ocr_carea' id='block_1_54' title="bbox 2142 1159 3726 1231">
    <p class='ocr_par' dir='ltr' id='par_1_54' title="bbox 2142 1159 3726 1231">
     <span class='ocr_line' id='line_1_55' title="bbox 2142 1159 3726 1231; baseline 0.004 -19"><span class='ocrx_word' id='word_1_408' title='bbox 2142 1159 2283 1231; x_wconf 87' lang='lat' dir='ltr'><strong>dcta</strong></span> <span class='ocrx_word' id='word_1_409' title='bbox 2311 1162 2501 1229; x_wconf 87' lang='lat' dir='ltr'><strong>partim</strong></span> <span class='ocrx_word' id='word_1_410' title='bbox 2525 1161 2846 1229; x_wconf 86' lang='lat' dir='ltr'><strong>abroganda,</strong></span> <span class='ocrx_word' id='word_1_411' title='bbox 2882 1159 3069 1230; x_wconf 73' lang='lat' dir='ltr'><strong>partim</strong></span> <span class='ocrx_word' id='word_1_412' title='bbox 3100 1162 3465 1231; x_wconf 77' lang='lat' dir='ltr'><strong>restringenda</strong></span> <span class='ocrx_word' id='word_1_413' title='bbox 3489 1162 3726 1218; x_wconf 73' lang='lat' dir='ltr'><strong>Africani</strong></span> 
     </span>
    </p>
   </div>
   <div class='ocr_carea' id='block_1_55' title="bbox 2145 1230 3730 1288">
    <p class='ocr_par' dir='ltr' id='par_1_55' title="bbox 2145 1230 3730 1288">
     <span class='ocr_line' id='line_1_56' title="bbox 2145 1230 3730 1288; baseline 0.002 -5"><span class='ocrx_word' id='word_1_414' title='bbox 2145 1230 2328 1283; x_wconf 61' lang='lat' dir='ltr'><strong>Patres</strong></span> <span class='ocrx_word' id='word_1_415' title='bbox 2350 1245 2630 1286; x_wconf 68' lang='lat' dir='ltr'><strong>censuere.</strong></span> <span class='ocrx_word' id='word_1_416' title='bbox 2659 1237 2726 1284; x_wconf 86' lang='lat' dir='ltr'><strong>At</strong></span> <span class='ocrx_word' id='word_1_417' title='bbox 2749 1233 3115 1286; x_wconf 85' lang='lat' dir='ltr'><strong>auctoritatem</strong></span> <span class='ocrx_word' id='word_1_418' title='bbox 3146 1230 3514 1286; x_wconf 68' lang='lat' dir='ltr'><strong>transmarina:</strong></span> <span class='ocrx_word' id='word_1_419' title='bbox 3544 1232 3730 1288; x_wconf 84' lang='lat' dir='ltr'><strong>Eccle-</strong></span> 
     </span>
    </p>
   </div>
   <div class='ocr_carea' id='block_1_56' title="bbox 2143 1300 3728 1368">
    <p class='ocr_par' dir='ltr' id='par_1_56' title="bbox 2143 1300 3728 1368">
     <span class='ocr_line' id='line_1_57' title="bbox 2143 1300 3728 1368; baseline 0.003 -15"><span class='ocrx_word' id='word_1_420' title='bbox 2143 1300 2236 1353; x_wconf 75' lang='lat' dir='ltr'><strong>sia:</strong></span> <span class='ocrx_word' id='word_1_421' title='bbox 2269 1302 2479 1354; x_wconf 86' lang='lat' dir='ltr'><strong>reveriti</strong></span> <span class='ocrx_word' id='word_1_422' title='bbox 2503 1342 2515 1361; x_wconf 86' lang='lat'><strong>,</strong></span> <span class='ocrx_word' id='word_1_423' title='bbox 2561 1301 2691 1354; x_wconf 68' lang='lat' dir='ltr'><strong>nihil</strong></span> <span class='ocrx_word' id='word_1_424' title='bbox 2723 1318 2821 1354; x_wconf 77' lang='lat' dir='ltr'><strong>ron</strong></span> <span class='ocrx_word' id='word_1_425' title='bbox 2852 1317 2903 1355; x_wconf 88' lang='lat' dir='ltr'><strong>ra</strong></span> <span class='ocrx_word' id='word_1_426' title='bbox 2954 1317 3046 1368; x_wconf 70' lang='lat' dir='ltr'><strong>per</strong></span> <span class='ocrx_word' id='word_1_427' title='bbox 3089 1316 3146 1355; x_wconf 88' lang='lat' dir='ltr'><strong>se</strong></span> <span class='ocrx_word' id='word_1_428' title='bbox 3190 1302 3433 1356; x_wconf 74' lang='lat' dir='ltr'><strong>alisiilute</strong></span> <span class='ocrx_word' id='word_1_429' title='bbox 3462 1312 3728 1368; x_wconf 76' lang='lat' dir='ltr'><strong>statuere,</strong></span> 
     </span>
    </p>
   </div>
   <div class='ocr_carea' id='block_1_57' title="bbox 2145 1369 3728 1441">
    <p class='ocr_par' dir='ltr' id='par_1_57' title="bbox 2145 1369 3728 1441">
     <span class='ocr_line' id='line_1_58' title="bbox 2145 1369 3728 1441; baseline 0.002 -17"><span class='ocrx_word' id='word_1_430' title='bbox 2145 1384 2246 1441; x_wconf 87' lang='lat' dir='ltr'><strong>nec</strong></span> <span class='ocrx_word' id='word_1_431' title='bbox 2273 1371 2340 1421; x_wconf 89' lang='lat' dir='ltr'><strong>ab</strong></span> <span class='ocrx_word' id='word_1_432' title='bbox 2376 1369 2675 1425; x_wconf 62' lang='lat' dir='ltr'><strong>inzerdittis</strong></span> <span class='ocrx_word' id='word_1_433' title='bbox 2699 1409 2716 1436; x_wconf 93' lang='lat'><strong>,</strong></span> <span class='ocrx_word' id='word_1_434' title='bbox 2759 1373 2880 1426; x_wconf 90' lang='lat' dir='ltr'><strong>licet</strong></span> <span class='ocrx_word' id='word_1_435' title='bbox 2927 1382 3141 1441; x_wconf 83' lang='lat' dir='ltr'><strong>urgeret</strong></span> <span class='ocrx_word' id='word_1_436' title='bbox 3176 1372 3498 1436; x_wconf 73' lang='lat' dir='ltr'><strong>necessitas,</strong></span> <span class='ocrx_word' id='word_1_437' title='bbox 3533 1376 3728 1427; x_wconf 89' lang='lat' dir='ltr'><strong>saltem</strong></span> 
     </span>
    </p>
   </div>
   <div class='ocr_carea' id='block_1_58' title="bbox 2107 1440 3727 1515">
    <p class='ocr_par' dir='ltr' id='par_1_58' title="bbox 2107 1440 3727 1515">
     <span class='ocr_line' id='line_1_59' title="bbox 2107 1440 3727 1515; baseline 0.004 -23"><span class='ocrx_word' id='word_1_438' title='bbox 2107 1511 2110 1515; x_wconf 19' lang='grc' dir='ltr'><strong><em>λ</em></strong></span> <span class='ocrx_word' id='word_1_439' title='bbox 2144 1440 2283 1515; x_wconf 33' lang='lat' dir='ltr'><strong>facto</strong></span> <span class='ocrx_word' id='word_1_440' title='bbox 2306 1443 2513 1515; x_wconf 58' lang='lat' dir='ltr'><strong>recedet</strong></span> <span class='ocrx_word' id='word_1_441' title='bbox 2524 1455 2577 1507; x_wconf 89' lang='lat' dir='ltr'><strong>e,</strong></span> <span class='ocrx_word' id='word_1_442' title='bbox 2598 1456 2661 1495; x_wconf 93' lang='lat' dir='ltr'><strong>ac</strong></span> <span class='ocrx_word' id='word_1_443' title='bbox 2683 1443 2961 1515; x_wconf 79' lang='lat' dir='ltr'><strong>pristinam</strong></span> <span class='ocrx_word' id='word_1_444' title='bbox 2977 1440 3415 1497; x_wconf 75' lang='lat' dir='ltr'><strong>consuetudinem</strong></span> <span class='ocrx_word' id='word_1_445' title='bbox 3438 1459 3727 1515; x_wconf 77' lang='lat' dir='ltr'><strong>revocare;</strong></span> 
     </span>
    </p>
   </div>
   <div class='ocr_carea' id='block_1_59' title="bbox 2145 1511 3729 1583">
    <p class='ocr_par' dir='ltr' id='par_1_59' title="bbox 2145 1511 3729 1583">
     <span class='ocr_line' id='line_1_60' title="bbox 2145 1511 3729 1583; baseline 0.001 -18"><span class='ocrx_word' id='word_1_446' title='bbox 2145 1511 2239 1565; x_wconf 85' lang='lat' dir='ltr'><strong>sed</strong></span> <span class='ocrx_word' id='word_1_447' title='bbox 2262 1511 2516 1583; x_wconf 46' lang='lat' dir='ltr'><strong>quidquid</strong></span> <span class='ocrx_word' id='word_1_448' title='bbox 2545 1513 2799 1579; x_wconf 84' lang='lat' dir='ltr'><strong>expedire</strong></span> <span class='ocrx_word' id='word_1_449' title='bbox 2829 1512 3127 1571; x_wconf 85' lang='lat' dir='ltr'><strong>videbatur.</strong></span> <span class='ocrx_word' id='word_1_450' title='bbox 3155 1527 3360 1583; x_wconf 81' lang='lat' dir='ltr'><strong>canone</strong></span> <span class='ocrx_word' id='word_1_451' title='bbox 3386 1513 3600 1583; x_wconf 89' lang='lat' dir='ltr'><strong>quidem</strong></span> <span class='ocrx_word' id='word_1_452' title='bbox 3622 1530 3691 1569; x_wconf 77' lang='lat' dir='ltr'><strong>ex</strong></span> <span class='ocrx_word' id='word_1_453' title='bbox 3709 1545 3729 1554; x_wconf 89' lang='lat'><strong>-</strong></span> 
     </span>
    </p>
   </div>
   <div class='ocr_carea' id='block_1_60' title="bbox 2147 1580 3732 1653">
    <p class='ocr_par' dir='ltr' id='par_1_60' title="bbox 2147 1580 3732 1653">
     <span class='ocr_line' id='line_1_61' title="bbox 2147 1580 3732 1653; baseline 0.004 -21"><span class='ocrx_word' id='word_1_454' title='bbox 2147 1580 2448 1653; x_wconf 88' lang='lat' dir='ltr'><strong>ponendum</strong></span> <span class='ocrx_word' id='word_1_455' title='bbox 2468 1620 2483 1644; x_wconf 92' lang='lat'><strong>,</strong></span> <span class='ocrx_word' id='word_1_456' title='bbox 2517 1589 2826 1653; x_wconf 78' lang='lat' dir='ltr'><strong>nontamen</strong></span> <span class='ocrx_word' id='word_1_457' title='bbox 2854 1582 3282 1637; x_wconf 80' lang='lat' dir='ltr'><strong>constituendum</strong></span> <span class='ocrx_word' id='word_1_458' title='bbox 3314 1580 3732 1653; x_wconf 55' lang='lat' dir='ltr'><strong>aut&#39;exsequen-</strong></span> 
     </span>
    </p>
   </div>
   <div class='ocr_carea' id='block_1_61' title="bbox 2146 1650 3732 1720">
    <p class='ocr_par' dir='ltr' id='par_1_61' title="bbox 2146 1650 3732 1720">
     <span class='ocr_line' id='line_1_62' title="bbox 2146 1650 3732 1720; baseline 0 -17"><span class='ocrx_word' id='word_1_459' title='bbox 2146 1650 2272 1703; x_wconf 91' lang='lat' dir='ltr'><strong>dum</strong></span> <span class='ocrx_word' id='word_1_460' title='bbox 2303 1660 2573 1719; x_wconf 86' lang='lat' dir='ltr'><strong>putarunt,</strong></span> <span class='ocrx_word' id='word_1_461' title='bbox 2598 1651 2696 1704; x_wconf 73' lang='lat' dir='ltr'><strong>nisi</strong></span> <span class='ocrx_word' id='word_1_462' title='bbox 2720 1652 2861 1720; x_wconf 89' lang='lat' dir='ltr'><strong>prius</strong></span> <span class='ocrx_word' id='word_1_463' title='bbox 2884 1654 3234 1706; x_wconf 77' lang='lat' dir='ltr'><strong>transinarina</strong></span> <span class='ocrx_word' id='word_1_464' title='bbox 3265 1653 3504 1707; x_wconf 87' lang='lat' dir='ltr'><strong>Ecclesia</strong></span> <span class='ocrx_word' id='word_1_465' title='bbox 3528 1650 3732 1709; x_wconf 67' lang='lat' dir='ltr'><strong>cousin-</strong></span> 
     </span>
    </p>
   </div>
   <div class='ocr_carea' id='block_1_62' title="bbox 2150 1721 3731 1791">
    <p class='ocr_par' dir='ltr' id='par_1_62' title="bbox 2150 1721 3731 1791">
     <span class='ocr_line' id='line_1_63' title="bbox 2150 1721 3731 1791; baseline 0.002 -18"><span class='ocrx_word' id='word_1_466' title='bbox 2150 1721 2261 1774; x_wconf 86' lang='lat' dir='ltr'><strong>lere</strong></span> <span class='ocrx_word' id='word_1_467' title='bbox 2285 1735 2367 1791; x_wconf 89' lang='lat' dir='ltr'><strong>ur.</strong></span> <span class='ocrx_word' id='word_1_468' title='bbox 2386 1721 2452 1791; x_wconf 13' lang='lat' dir='ltr'><strong>rld</strong></span> <span class='ocrx_word' id='word_1_469' title='bbox 2477 1723 2701 1790; x_wconf 87' lang='lat' dir='ltr'><strong>primum</strong></span> <span class='ocrx_word' id='word_1_470' title='bbox 2733 1721 2894 1791; x_wconf 84' lang='lat' dir='ltr'><strong>(quod</strong></span> <span class='ocrx_word' id='word_1_471' title='bbox 2921 1722 3174 1791; x_wconf 66' lang='lat' dir='ltr'><strong>sciamus)</strong></span> <span class='ocrx_word' id='word_1_472' title='bbox 3206 1737 3515 1790; x_wconf 14' lang='lat' dir='ltr'><strong>«expressum</strong></span> <span class='ocrx_word' id='word_1_473' title='bbox 3545 1723 3643 1778; x_wconf 90' lang='lat' dir='ltr'><strong>fuit</strong></span> <span class='ocrx_word' id='word_1_474' title='bbox 3678 1729 3731 1777; x_wconf 88' lang='lat' dir='ltr'><strong>in</strong></span> 
     </span>
    </p>
   </div>
   <div class='ocr_carea' id='block_1_63' title="bbox 2144 1790 3736 1862">
    <p class='ocr_par' dir='ltr' id='par_1_63' title="bbox 2144 1790 3736 1862">
     <span class='ocr_line' id='line_1_64' title="bbox 2144 1790 3736 1862; baseline 0.004 -20"><span class='ocrx_word' id='word_1_475' title='bbox 2144 1790 2351 1862; x_wconf 78' lang='lat' dir='ltr'><strong>synodo</strong></span> <span class='ocrx_word' id='word_1_476' title='bbox 2379 1790 2706 1862; x_wconf 53' lang='lat' dir='ltr'><strong>Hipponeusi</strong></span> <span class='ocrx_word' id='word_1_477' title='bbox 2737 1806 2878 1845; x_wconf 89' lang='lat' dir='ltr'><strong>anno</strong></span> <span class='ocrx_word' id='word_1_478' title='bbox 2908 1793 3031 1861; x_wconf 76' lang='grc'><strong>595,</strong></span> <span class='ocrx_word' id='word_1_479' title='bbox 3063 1790 3171 1846; x_wconf 88' lang='lat' dir='ltr'><strong>tum</strong></span> <span class='ocrx_word' id='word_1_480' title='bbox 3204 1792 3256 1847; x_wconf 91' lang='lat' dir='ltr'><strong>in</strong></span> <span class='ocrx_word' id='word_1_481' title='bbox 3292 1794 3480 1862; x_wconf 79' lang='lat' dir='ltr'><strong>synodi</strong></span> <span class='ocrx_word' id='word_1_482' title='bbox 3506 1793 3736 1849; x_wconf 79' lang='lat' dir='ltr'><strong>Cartha-</strong></span> 
     </span>
    </p>
   </div>
   <div class='ocr_carea' id='block_1_64' title="bbox 2144 1859 3733 1932">
    <p class='ocr_par' dir='ltr' id='par_1_64' title="bbox 2144 1859 3733 1932">
     <span class='ocr_line' id='line_1_65' title="bbox 2144 1859 3733 1932; baseline 0.004 -21"><span class='ocrx_word' id='word_1_483' title='bbox 2144 1859 2381 1929; x_wconf 82' lang='lat' dir='ltr'><strong>ginensis</strong></span> <span class='ocrx_word' id='word_1_484' title='bbox 2419 1862 2547 1915; x_wconf 89' lang='lat' dir='ltr'><strong>anni</strong></span> <span class='ocrx_word' id='word_1_485' title='bbox 2590 1861 2692 1932; x_wconf 78' lang='lat'><strong>397</strong></span> <span class='ocrx_word' id='word_1_486' title='bbox 2725 1872 2906 1917; x_wconf 89' lang='lat' dir='ltr'><strong>nostro</strong></span> <span class='ocrx_word' id='word_1_487' title='bbox 2934 1859 3139 1918; x_wconf 80' lang='lat' dir='ltr'><strong>canone</strong></span> <span class='ocrx_word' id='word_1_488' title='bbox 3177 1866 3265 1928; x_wconf 81' lang='grc'><strong>47,</strong></span> <span class='ocrx_word' id='word_1_489' title='bbox 3307 1859 3397 1928; x_wconf 78' lang='lat' dir='ltr'><strong>qui</strong></span> <span class='ocrx_word' id='word_1_490' title='bbox 3428 1879 3492 1918; x_wconf 82' lang='lat' dir='ltr'><strong>ex</strong></span> <span class='ocrx_word' id='word_1_491' title='bbox 3526 1865 3733 1932; x_wconf 83' lang='lat' dir='ltr'><strong>Hippo-</strong></span> 
     </span>
    </p>
   </div>
   <div class='ocr_carea' id='block_1_65' title="bbox 2148 1931 3735 1999">
    <p class='ocr_par' dir='ltr' id='par_1_65' title="bbox 2148 1931 3735 1999">
     <span class='ocr_line' id='line_1_66' title="bbox 2148 1931 3735 1999; baseline 0.003 -16"><span class='ocrx_word' id='word_1_492' title='bbox 2148 1932 2298 1984; x_wconf 86' lang='lat' dir='ltr'><strong>uensi</strong></span> <span class='ocrx_word' id='word_1_493' title='bbox 2329 1942 2610 1999; x_wconf 75' lang='lat' dir='ltr'><strong>excerptus</strong></span> <span class='ocrx_word' id='word_1_494' title='bbox 2642 1931 2755 1985; x_wconf 86' lang='lat' dir='ltr'><strong>fuit.</strong></span> <span class='ocrx_word' id='word_1_495' title='bbox 2802 1933 2997 1987; x_wconf 59' lang='lat' dir='ltr'><strong>lti-rnm</strong></span> <span class='ocrx_word' id='word_1_496' title='bbox 3043 1949 3167 1986; x_wconf 64' lang='lat' dir='ltr'><strong>Vero</strong></span> <span class='ocrx_word' id='word_1_497' title='bbox 3205 1935 3490 1999; x_wconf 83' lang='lat' dir='ltr'><strong>repetitum</strong></span> <span class='ocrx_word' id='word_1_498' title='bbox 3530 1931 3735 1990; x_wconf 21' lang='lat' dir='ltr'><strong>in’alio</strong></span> 
     </span>
    </p>
   </div>
   <div class='ocr_carea' id='block_1_66' title="bbox 2147 2000 3732 2070">
    <p class='ocr_par' dir='ltr' id='par_1_66' title="bbox 2147 2000 3732 2070">
     <span class='ocr_line' id='line_1_67' title="bbox 2147 2000 3732 2070; baseline 0.004 -17"><span class='ocrx_word' id='word_1_499' title='bbox 2147 2000 2379 2054; x_wconf 75' lang='lat' dir='ltr'><strong>COI&#39;It&#39;iIiO</strong></span> <span class='ocrx_word' id='word_1_500' title='bbox 2410 2001 2811 2070; x_wconf 70' lang='lat' dir='ltr'><strong>Cartliaginensi</strong></span> <span class='ocrx_word' id='word_1_501' title='bbox 2840 2006 2961 2056; x_wconf 75' lang='lat' dir='ltr'><strong>anni</strong></span> <span class='ocrx_word' id='word_1_502' title='bbox 2994 2004 3129 2070; x_wconf 73' lang='grc'><strong>401,</strong></span> <span class='ocrx_word' id='word_1_503' title='bbox 3163 2018 3248 2056; x_wconf 75' lang='lat' dir='ltr'><strong>xw</strong></span> <span class='ocrx_word' id='word_1_504' title='bbox 3270 2000 3382 2058; x_wconf 75' lang='lat' dir='ltr'><strong>kal.</strong></span> <span class='ocrx_word' id='word_1_505' title='bbox 3414 2004 3580 2060; x_wconf 88' lang='lat' dir='ltr'><strong>Julias</strong></span> <span class='ocrx_word' id='word_1_506' title='bbox 3606 2021 3732 2060; x_wconf 90' lang='lat' dir='ltr'><strong>can.</strong></span> 
     </span>
    </p>
   </div>
   <div class='ocr_carea' id='block_1_67' title="bbox 2147 2070 3736 2143">
    <p class='ocr_par' dir='ltr' id='par_1_67' title="bbox 2147 2070 3736 2143">
     <span class='ocr_line' id='line_1_68' title="bbox 2147 2070 3736 2143; baseline 0.004 -19"><span class='ocrx_word' id='word_1_507' title='bbox 2147 2070 2214 2124; x_wconf 84' lang='lat'><strong>57</strong></span> <span class='ocrx_word' id='word_1_508' title='bbox 2238 2070 2743 2143; x_wconf 74' lang='lat' dir='ltr'><strong>(Iudicis_Africatti,</strong></span> <span class='ocrx_word' id='word_1_509' title='bbox 2770 2086 2830 2143; x_wconf 83' lang='lat' dir='ltr'><strong>ac</strong></span> <span class='ocrx_word' id='word_1_510' title='bbox 2862 2074 3074 2127; x_wconf 82' lang='lat' dir='ltr'><strong>tandem</strong></span> <span class='ocrx_word' id='word_1_511' title='bbox 3113 2077 3162 2127; x_wconf 94' lang='lat' dir='ltr'><strong>in</strong></span> <span class='ocrx_word' id='word_1_512' title='bbox 3202 2074 3304 2143; x_wconf 89' lang='lat' dir='ltr'><strong>alia</strong></span> <span class='ocrx_word' id='word_1_513' title='bbox 3343 2074 3580 2143; x_wconf 84' lang='lat' dir='ltr'><strong>ejusdem</strong></span> <span class='ocrx_word' id='word_1_514' title='bbox 3606 2076 3736 2130; x_wconf 86' lang='lat' dir='ltr'><strong>anui</strong></span> 
     </span>
    </p>
   </div>
   <div class='ocr_carea' id='block_1_68' title="bbox 2149 2140 3738 2216">
    <p class='ocr_par' dir='ltr' id='par_1_68' title="bbox 2149 2140 3738 2216">
     <span class='ocr_line' id='line_1_69' title="bbox 2149 2140 3738 2216; baseline 0.004 -23"><span class='ocrx_word' id='word_1_515' title='bbox 2149 2140 2356 2216; x_wconf 61' lang='lat' dir='ltr'><strong>synodo</strong></span> <span class='ocrx_word' id='word_1_516' title='bbox 2387 2140 2563 2216; x_wconf 84' lang='lat' dir='ltr'><strong>idibus</strong></span> <span class='ocrx_word' id='word_1_517' title='bbox 2590 2141 2921 2216; x_wconf 85' lang='lat' dir='ltr'><strong>Septembris</strong></span> <span class='ocrx_word' id='word_1_518' title='bbox 2952 2158 3074 2216; x_wconf 75' lang='lat' dir='ltr'><strong>ean.</strong></span> <span class='ocrx_word' id='word_1_519' title='bbox 3110 2146 3179 2198; x_wconf 79' lang='lat'><strong>68</strong></span> <span class='ocrx_word' id='word_1_520' title='bbox 3204 2142 3339 2199; x_wconf 90' lang='lat' dir='ltr'><strong>Cod.</strong></span> <span class='ocrx_word' id='word_1_521' title='bbox 3373 2140 3513 2208; x_wconf 65' lang='lat' dir='ltr'><strong>Mn,</strong></span> <span class='ocrx_word' id='word_1_522' title='bbox 3544 2147 3596 2199; x_wconf 92' lang='lat' dir='ltr'><strong>in</strong></span> <span class='ocrx_word' id='word_1_523' title='bbox 3626 2160 3738 2216; x_wconf 87' lang='lat' dir='ltr'><strong>quo</strong></span> 
     </span>
    </p>
   </div>
   <div class='ocr_carea' id='block_1_69' title="bbox 2147 2210 3737 2281">
    <p class='ocr_par' dir='ltr' id='par_1_69' title="bbox 2147 2210 3737 2281">
     <span class='ocr_line' id='line_1_70' title="bbox 2147 2210 3737 2281; baseline 0.005 -19"><span class='ocrx_word' id='word_1_524' title='bbox 2147 2210 2267 2281; x_wconf 84' lang='lat' dir='ltr'><strong>cum</strong></span> <span class='ocrx_word' id='word_1_525' title='bbox 2315 2210 2541 2265; x_wconf 81' lang='lat' dir='ltr'><strong>Romani</strong></span> <span class='ocrx_word' id='word_1_526' title='bbox 2585 2210 2807 2266; x_wconf 72' lang='lat' dir='ltr'><strong>maxime</strong></span> <span class='ocrx_word' id='word_1_527' title='bbox 2846 2213 3109 2281; x_wconf 82' lang='lat' dir='ltr'><strong>pontificis</strong></span> <span class='ocrx_word' id='word_1_528' title='bbox 3129 2228 3422 2272; x_wconf 81' lang='lat' dir='ltr'><strong>consensus</strong></span> <span class='ocrx_word' id='word_1_529' title='bbox 3465 2231 3529 2271; x_wconf 90' lang='lat' dir='ltr'><strong>ac</strong></span> <span class='ocrx_word' id='word_1_530' title='bbox 3568 2210 3737 2270; x_wconf 72' lang='lat' dir='ltr'><strong>veluti</strong></span> 
     </span>
    </p>
   </div>
   <div class='ocr_carea' id='block_1_70' title="bbox 2149 2280 3738 2354">
    <p class='ocr_par' dir='ltr' id='par_1_70' title="bbox 2149 2280 3738 2354">
     <span class='ocr_line' id='line_1_71' title="bbox 2149 2280 3738 2354; baseline 0.003 -20"><span class='ocrx_word' id='word_1_531' title='bbox 2149 2280 2476 2354; x_wconf 81' lang='lat' dir='ltr'><strong>dispensatio</strong></span> <span class='ocrx_word' id='word_1_532' title='bbox 2520 2282 2751 2354; x_wconf 83' lang='lat' dir='ltr'><strong>petenda</strong></span> <span class='ocrx_word' id='word_1_533' title='bbox 2796 2280 3142 2350; x_wconf 84' lang='lat' dir='ltr'><strong>decernitur,</strong></span> <span class='ocrx_word' id='word_1_534' title='bbox 3193 2284 3349 2354; x_wconf 82' lang='lat' dir='ltr'><strong>hujus</strong></span> <span class='ocrx_word' id='word_1_535' title='bbox 3398 2287 3738 2354; x_wconf 88' lang='lat' dir='ltr'><strong>potissimum</strong></span> 
     </span>
    </p>
   </div>
   <div class='ocr_carea' id='block_1_71' title="bbox 2149 2352 3740 2425">
    <p class='ocr_par' dir='ltr' id='par_1_71' title="bbox 2149 2352 3740 2425">
     <span class='ocr_line' id='line_1_72' title="bbox 2149 2352 3740 2425; baseline 0.003 -19"><span class='ocrx_word' id='word_1_536' title='bbox 2149 2352 2293 2425; x_wconf 76' lang='lat' dir='ltr'><strong>sedis</strong></span> <span class='ocrx_word' id='word_1_537' title='bbox 2330 2352 2712 2425; x_wconf 72' lang='lat' dir='ltr'><strong>auctoritasiu</strong></span> <span class='ocrx_word' id='word_1_538' title='bbox 2756 2355 3107 2425; x_wconf 81' lang='lat' dir='ltr'><strong>transmarino</strong></span> <span class='ocrx_word' id='word_1_539' title='bbox 3144 2352 3372 2410; x_wconf 73' lang='lat' dir='ltr'><strong>eonéilio</strong></span> <span class='ocrx_word' id='word_1_540' title='bbox 3400 2352 3537 2425; x_wconf 85' lang='lat' dir='ltr'><strong>apud</strong></span> <span class='ocrx_word' id='word_1_541' title='bbox 3577 2356 3740 2411; x_wconf 78' lang='lat' dir='ltr'><strong>Afros</strong></span> 
     </span>
    </p>
   </div>
   <div class='ocr_carea' id='block_1_72' title="bbox 2151 2421 3737 2491">
    <p class='ocr_par' dir='ltr' id='par_1_72' title="bbox 2151 2421 3737 2491">
     <span class='ocr_line' id='line_1_73' title="bbox 2151 2421 3737 2491; baseline 0.004 -19"><span class='ocrx_word' id='word_1_542' title='bbox 2151 2421 2381 2475; x_wconf 51' lang='lat' dir='ltr'><strong>valuisse</strong></span> <span class='ocrx_word' id='word_1_543' title='bbox 2401 2422 2759 2491; x_wconf 83' lang='lat' dir='ltr'><strong>cognoscitur.</strong></span> <span class='ocrx_word' id='word_1_544' title='bbox 2784 2423 2908 2478; x_wconf 71' lang='lat' dir='ltr'><strong>Hazc</strong></span> <span class='ocrx_word' id='word_1_545' title='bbox 2927 2425 3083 2479; x_wconf 88' lang='lat' dir='ltr'><strong>toties</strong></span> <span class='ocrx_word' id='word_1_546' title='bbox 3103 2425 3315 2480; x_wconf 82' lang='lat' dir='ltr'><strong>decreta</strong></span> <span class='ocrx_word' id='word_1_547' title='bbox 3340 2421 3737 2488; x_wconf 65' lang='lat' dir='ltr'><strong>transmarnaa.</strong></span> 
     </span>
    </p>
   </div>
   <div class='ocr_carea' id='block_1_73' title="bbox 2150 2492 3741 2557">
    <p class='ocr_par' dir='ltr' id='par_1_73' title="bbox 2150 2492 3741 2557">
     <span class='ocr_line' id='line_1_74' title="bbox 2150 2492 3741 2557; baseline 0.004 -13"><span class='ocrx_word' id='word_1_548' title='bbox 2150 2506 2245 2545; x_wconf 92' lang='lat' dir='ltr'><strong>seu</strong></span> <span class='ocrx_word' id='word_1_549' title='bbox 2274 2492 2525 2545; x_wconf 63' lang='lat' dir='ltr'><strong>Romanas</strong></span> <span class='ocrx_word' id='word_1_550' title='bbox 2552 2492 2805 2548; x_wconf 73' lang='lat' dir='ltr'><strong>Ecclesia:</strong></span> <span class='ocrx_word' id='word_1_551' title='bbox 2832 2494 3155 2549; x_wconf 84' lang='lat' dir='ltr'><strong>consultatio</strong></span> <span class='ocrx_word' id='word_1_552' title='bbox 3172 2536 3187 2557; x_wconf 86' lang='lat'><strong>,</strong></span> <span class='ocrx_word' id='word_1_553' title='bbox 3211 2495 3544 2550; x_wconf 85' lang='lat' dir='ltr'><strong>laudatorum</strong></span> <span class='ocrx_word' id='word_1_554' title='bbox 3568 2496 3741 2551; x_wconf 82' lang='lat' dir='ltr'><strong>inter-</strong></span> 
     </span>
    </p>
   </div>
   <div class='ocr_carea' id='block_1_74' title="bbox 2150 2561 3742 2634">
    <p class='ocr_par' dir='ltr' id='par_1_74' title="bbox 2150 2561 3742 2634">
     <span class='ocr_line' id='line_1_75' title="bbox 2150 2561 3742 2634; baseline 0.003 -19"><span class='ocrx_word' id='word_1_555' title='bbox 2150 2561 2414 2634; x_wconf 82' lang='lat' dir='ltr'><strong>dicturum</strong></span> <span class='ocrx_word' id='word_1_556' title='bbox 2445 2561 2511 2615; x_wconf 88' lang='lat' dir='ltr'><strong>ad</strong></span> <span class='ocrx_word' id='word_1_557' title='bbox 2542 2562 2644 2617; x_wconf 88' lang='lat' dir='ltr'><strong>hoc</strong></span> <span class='ocrx_word' id='word_1_558' title='bbox 2674 2579 2840 2632; x_wconf 88' lang='lat' dir='ltr'><strong>usque</strong></span> <span class='ocrx_word' id='word_1_559' title='bbox 2870 2571 3078 2634; x_wconf 87' lang='lat' dir='ltr'><strong>tempus</strong></span> <span class='ocrx_word' id='word_1_560' title='bbox 3124 2564 3520 2621; x_wconf 66' lang='lat' dir='ltr'><strong>observantiam</strong></span> <span class='ocrx_word' id='word_1_561' title='bbox 3555 2565 3742 2620; x_wconf 83' lang='lat' dir='ltr'><strong>decla-</strong></span> 
     </span>
    </p>
   </div>
   <div class='ocr_carea' id='block_1_75' title="bbox 2150 2630 3740 2707">
    <p class='ocr_par' dir='ltr' id='par_1_75' title="bbox 2150 2630 3740 2707">
     <span class='ocr_line' id='line_1_76' title="bbox 2150 2630 3740 2707; baseline 0.003 -24"><span class='ocrx_word' id='word_1_562' title='bbox 2150 2630 2274 2707; x_wconf 63' lang='lat' dir='ltr'><strong>rat;</strong></span> <span class='ocrx_word' id='word_1_563' title='bbox 2340 2646 2461 2707; x_wconf 83' lang='lat' dir='ltr'><strong>cum</strong></span> <span class='ocrx_word' id='word_1_564' title='bbox 2511 2630 2821 2707; x_wconf 66' lang='lat' dir='ltr'><strong>pra-sentin</strong></span> <span class='ocrx_word' id='word_1_565' title='bbox 2869 2635 2921 2689; x_wconf 92' lang='lat' dir='ltr'><strong>in</strong></span> <span class='ocrx_word' id='word_1_566' title='bbox 2979 2630 3245 2702; x_wconf 83' lang='lat' dir='ltr'><strong>postrema</strong></span> <span class='ocrx_word' id='word_1_567' title='bbox 3297 2636 3504 2707; x_wconf 85' lang='lat' dir='ltr'><strong>synodo</strong></span> <span class='ocrx_word' id='word_1_568' title='bbox 3552 2637 3740 2691; x_wconf 88' lang='lat' dir='ltr'><strong>iduun</strong></span> 
     </span>
    </p>
   </div>
   <div class='ocr_carea' id='block_1_76' title="bbox 2151 2702 3741 2776">
    <p class='ocr_par' dir='ltr' id='par_1_76' title="bbox 2151 2702 3741 2776">
     <span class='ocr_line' id='line_1_77' title="bbox 2151 2702 3741 2776; baseline 0.004 -21"><span class='ocrx_word' id='word_1_569' title='bbox 2151 2702 2480 2770; x_wconf 86' lang='lat' dir='ltr'><strong>Septembris</strong></span> <span class='ocrx_word' id='word_1_570' title='bbox 2508 2704 2632 2756; x_wconf 90' lang='lat' dir='ltr'><strong>anni</strong></span> <span class='ocrx_word' id='word_1_571' title='bbox 2660 2704 2760 2759; x_wconf 75' lang='grc'><strong>401</strong></span> <span class='ocrx_word' id='word_1_572' title='bbox 2795 2705 3265 2776; x_wconf 84' lang='lat' dir='ltr'><strong>Patrestesteotur</strong></span> <span class='ocrx_word' id='word_1_573' title='bbox 3289 2702 3349 2760; x_wconf 75' lang='lat' dir='ltr'><strong>se</strong></span> <span class='ocrx_word' id='word_1_574' title='bbox 3368 2720 3484 2760; x_wconf 88' lang='lat' dir='ltr'><strong>eam</strong></span> <span class='ocrx_word' id='word_1_575' title='bbox 3516 2708 3741 2776; x_wconf 76' lang='lat' dir='ltr'><strong>dispen-</strong></span> 
     </span>
    </p>
   </div>
   <div class='ocr_carea' id='block_1_77' title="bbox 2151 2775 3743 2844">
    <p class='ocr_par' dir='ltr' id='par_1_77' title="bbox 2151 2775 3743 2844">
     <span class='ocr_line' id='line_1_78' title="bbox 2151 2775 3743 2844; baseline 0.004 -20"><span class='ocrx_word' id='word_1_576' title='bbox 2151 2775 2411 2827; x_wconf 86' lang='lat' dir='ltr'><strong>sationem</strong></span> <span class='ocrx_word' id='word_1_577' title='bbox 2440 2788 2682 2841; x_wconf 76' lang='lat' dir='ltr'><strong>quaerere</strong></span> <span class='ocrx_word' id='word_1_578' title='bbox 2713 2784 2929 2844; x_wconf 86' lang='lat' dir='ltr'><strong>propter</strong></span> <span class='ocrx_word' id='word_1_579' title='bbox 2959 2775 3210 2830; x_wconf 73' lang='lat' dir='ltr'><strong>Ecclesite</strong></span> <span class='ocrx_word' id='word_1_580' title='bbox 3241 2791 3424 2842; x_wconf 86' lang='lat' dir='ltr'><strong>pacem</strong></span> <span class='ocrx_word' id='word_1_581' title='bbox 3455 2789 3509 2832; x_wconf 79' lang='lat' dir='ltr'><strong>et</strong></span> <span class='ocrx_word' id='word_1_582' title='bbox 3533 2775 3743 2831; x_wconf 80' lang='lat' dir='ltr'><strong>utilita-</strong></span> 
     </span>
    </p>
   </div>
   <div class='ocr_carea' id='block_1_78' title="bbox 2155 2845 3743 2917">
    <p class='ocr_par' dir='ltr' id='par_1_78' title="bbox 2155 2845 3743 2917">
     <span class='ocr_line' id='line_1_79' title="bbox 2155 2845 3743 2917; baseline 0.006 -26"><span class='ocrx_word' id='word_1_583' title='bbox 2155 2855 2289 2917; x_wconf 74' lang='lat' dir='ltr'><strong>tem;</strong></span> <span class='ocrx_word' id='word_1_584' title='bbox 2321 2859 2421 2917; x_wconf 81' lang='lat' dir='ltr'><strong>non</strong></span> <span class='ocrx_word' id='word_1_585' title='bbox 2444 2852 2495 2895; x_wconf 90' lang='lat' dir='ltr'><strong>ut</strong></span> <span class='ocrx_word' id='word_1_586' title='bbox 2519 2845 2789 2917; x_wconf 77' lang='lat' dir='ltr'><strong>concilium</strong></span> <span class='ocrx_word' id='word_1_587' title='bbox 2810 2847 2945 2909; x_wconf 81' lang='lat' dir='ltr'><strong>quod</strong></span> <span class='ocrx_word' id='word_1_588' title='bbox 2964 2847 3018 2899; x_wconf 86' lang='lat' dir='ltr'><strong>in</strong></span> <span class='ocrx_word' id='word_1_589' title='bbox 3041 2847 3395 2900; x_wconf 84' lang='lat' dir='ltr'><strong>transmarinis</strong></span> <span class='ocrx_word' id='word_1_590' title='bbox 3420 2846 3648 2917; x_wconf 78' lang='lat' dir='ltr'><strong>partibus</strong></span> <span class='ocrx_word' id='word_1_591' title='bbox 3675 2848 3743 2901; x_wconf 79' lang='lat' dir='ltr'><strong>de</strong></span> 
     </span>
    </p>
   </div>
   <div class='ocr_carea' id='block_1_79' title="bbox 2152 2912 3744 2982">
    <p class='ocr_par' dir='ltr' id='par_1_79' title="bbox 2152 2912 3744 2982">
     <span class='ocr_line' id='line_1_80' title="bbox 2152 2912 3744 2982; baseline 0.004 -18"><span class='ocrx_word' id='word_1_592' title='bbox 2152 2912 2247 2965; x_wconf 83' lang='lat' dir='ltr'><strong>hac</strong></span> <span class='ocrx_word' id='word_1_593' title='bbox 2281 2928 2336 2965; x_wconf 86' lang='lat' dir='ltr'><strong>re</strong></span> <span class='ocrx_word' id='word_1_594' title='bbox 2366 2914 2555 2982; x_wconf 74' lang='lat' dir='ltr'><strong>factum</strong></span> <span class='ocrx_word' id='word_1_595' title='bbox 2585 2925 2656 2968; x_wconf 83' lang='lat' dir='ltr'><strong>est</strong></span> <span class='ocrx_word' id='word_1_596' title='bbox 2688 2915 3014 2970; x_wconf 84' lang='lat' dir='ltr'><strong>dissolvatur.</strong></span> <span class='ocrx_word' id='word_1_597' title='bbox 3052 2918 3148 2980; x_wconf 85' lang='lat' dir='ltr'><strong>Qui</strong></span> <span class='ocrx_word' id='word_1_598' title='bbox 3186 2917 3267 2971; x_wconf 85' lang='lat' dir='ltr'><strong>vel</strong></span> <span class='ocrx_word' id='word_1_599' title='bbox 3297 2918 3349 2969; x_wconf 92' lang='lat' dir='ltr'><strong>in</strong></span> <span class='ocrx_word' id='word_1_600' title='bbox 3381 2912 3607 2972; x_wconf 83' lang='lat' dir='ltr'><strong>maxima</strong></span> <span class='ocrx_word' id='word_1_601' title='bbox 3640 2934 3744 2971; x_wconf 82' lang='lat' dir='ltr'><strong>ne-</strong></span> 
     </span>
    </p>
   </div>
   <div class='ocr_carea' id='block_1_80' title="bbox 2154 2983 3745 3054">
    <p class='ocr_par' dir='ltr' id='par_1_80' title="bbox 2154 2983 3745 3054">
     <span class='ocr_line' id='line_1_81' title="bbox 2154 2983 3745 3054; baseline 0.003 -17"><span class='ocrx_word' id='word_1_602' title='bbox 2154 2983 2403 3037; x_wconf 83' lang='lat' dir='ltr'><strong>cessitate</strong></span> <span class='ocrx_word' id='word_1_603' title='bbox 2431 2993 2486 3037; x_wconf 91' lang='lat' dir='ltr'><strong>et</strong></span> <span class='ocrx_word' id='word_1_604' title='bbox 2511 2985 3073 3053; x_wconf 62' lang='lat' dir='ltr'><strong>penuria&#39;clericorum</strong></span> <span class='ocrx_word' id='word_1_605' title='bbox 3101 2986 3232 3040; x_wconf 88' lang='lat' dir='ltr'><strong>nihil</strong></span> <span class='ocrx_word' id='word_1_606' title='bbox 3259 3001 3350 3054; x_wconf 81' lang='lat' dir='ltr'><strong>per</strong></span> <span class='ocrx_word' id='word_1_607' title='bbox 3376 3002 3434 3042; x_wconf 88' lang='lat' dir='ltr'><strong>se</strong></span> <span class='ocrx_word' id='word_1_608' title='bbox 3460 2988 3745 3042; x_wconf 74' lang='lat' dir='ltr'><strong>Voluerunt</strong></span> 
     </span>
    </p>
   </div>
   <div class='ocr_carea' id='block_1_81' title="bbox 466 3049 3744 3123">
    <p class='ocr_par' dir='ltr' id='par_1_81' title="bbox 466 3049 3744 3123">
     <span class='ocr_line' id='line_1_82' title="bbox 466 3049 3744 3123; baseline 0.001 -14"><span class='ocrx_word' id='word_1_609' title='bbox 466 3055 741 3119; x_wconf 67' lang='lat' dir='ltr'><strong>exhibent,</strong></span> <span class='ocrx_word' id='word_1_610' title='bbox 769 3056 990 3109; x_wconf 86' lang='lat' dir='ltr'><strong>alteram</strong></span> <span class='ocrx_word' id='word_1_611' title='bbox 1020 3055 1072 3107; x_wconf 93' lang='lat' dir='ltr'><strong>in</strong></span> <span class='ocrx_word' id='word_1_612' title='bbox 1097 3069 1197 3109; x_wconf 80' lang='lat' dir='ltr'><strong>nis.</strong></span> <span class='ocrx_word' id='word_1_613' title='bbox 1224 3054 1381 3110; x_wconf 73' lang='lat' dir='ltr'><strong>Barb.</strong></span> <span class='ocrx_word' id='word_1_614' title='bbox 1409 3054 1570 3120; x_wconf 73' lang='lat'><strong>2888,</strong></span> <span class='ocrx_word' id='word_1_615' title='bbox 1597 3049 1819 3109; x_wconf 86' lang='lat' dir='ltr'><strong>alteram</strong></span> <span class='ocrx_word' id='word_1_616' title='bbox 1848 3049 1898 3109; x_wconf 84' lang='lat' dir='ltr'><strong>in</strong></span> <span class='ocrx_word' id='word_1_617' title='bbox 1924 3055 2046 3111; x_wconf 90' lang='lat' dir='ltr'><strong>cod.</strong></span> <span class='ocrx_word' id='word_1_618' title='bbox 2077 3053 2123 3116; x_wconf 88' lang='lat' dir='ltr'><strong><em>C</em></strong></span> <span class='ocrx_word' id='word_1_619' title='bbox 2155 3054 2335 3107; x_wconf 86' lang='lat' dir='ltr'><strong>utilius</strong></span> <span class='ocrx_word' id='word_1_620' title='bbox 2383 3049 2724 3123; x_wconf 72' lang='lat' dir='ltr'><strong>interpretari</strong></span> <span class='ocrx_word' id='word_1_621' title='bbox 2769 3063 2823 3110; x_wconf 89' lang='lat' dir='ltr'><strong>et</strong></span> <span class='ocrx_word' id='word_1_622' title='bbox 2867 3056 3191 3111; x_wconf 65' lang='lat' dir='ltr'><strong>constituere</strong></span> <span class='ocrx_word' id='word_1_623' title='bbox 3214 3096 3229 3120; x_wconf 92' lang='lat'><strong>,</strong></span> <span class='ocrx_word' id='word_1_624' title='bbox 3260 3049 3357 3111; x_wconf 54' lang='lat' dir='ltr'><strong>&#39;ne</strong></span> <span class='ocrx_word' id='word_1_625' title='bbox 3397 3058 3744 3112; x_wconf 87' lang='lat' dir='ltr'><strong>interdictum</strong></span> 
     </span>
    </p>
   </div>
   <div class='ocr_carea' id='block_1_82' title="bbox 468 3124 2053 3194">
    <p class='ocr_par' dir='ltr' id='par_1_82' title="bbox 468 3124 2053 3194">
     <span class='ocr_line' id='line_1_83' title="bbox 468 3124 2053 3194; baseline 0.001 -14"><span class='ocrx_word' id='word_1_626' title='bbox 468 3126 538 3181; x_wconf 74' lang='lat'><strong>55</strong></span> <span class='ocrx_word' id='word_1_627' title='bbox 566 3126 782 3193; x_wconf 85' lang='lat' dir='ltr'><strong>capituli</strong></span> <span class='ocrx_word' id='word_1_628' title='bbox 824 3125 1172 3190; x_wconf 83' lang='lat' dir='ltr'><strong>Veronensis;</strong></span> <span class='ocrx_word' id='word_1_629' title='bbox 1221 3141 1340 3194; x_wconf 77' lang='lat' dir='ltr'><strong>qua:</strong></span> <span class='ocrx_word' id='word_1_630' title='bbox 1381 3135 1649 3194; x_wconf 84' lang='lat' dir='ltr'><strong>postrema</strong></span> <span class='ocrx_word' id='word_1_631' title='bbox 1692 3124 1745 3180; x_wconf 92' lang='lat' dir='ltr'><strong>id</strong></span> <span class='ocrx_word' id='word_1_632' title='bbox 1785 3128 2053 3193; x_wconf 82' lang='lat' dir='ltr'><strong>peculiare</strong></span> 
     </span>
    </p>
   </div>
   <div class='ocr_carea' id='block_1_83' title="bbox 469 3194 2051 3264">
    <p class='ocr_par' dir='ltr' id='par_1_83' title="bbox 469 3194 2051 3264">
     <span class='ocr_line' id='line_1_84' title="bbox 469 3194 2051 3264; baseline 0.001 -16"><span class='ocrx_word' id='word_1_633' title='bbox 469 3196 647 3254; x_wconf 84' lang='lat' dir='ltr'><strong>habet.</strong></span> <span class='ocrx_word' id='word_1_634' title='bbox 675 3194 817 3264; x_wconf 90' lang='lat' dir='ltr'><strong>quod</strong></span> <span class='ocrx_word' id='word_1_635' title='bbox 842 3196 973 3249; x_wconf 82' lang='lat' dir='ltr'><strong>alios</strong></span> <span class='ocrx_word' id='word_1_636' title='bbox 1003 3197 1138 3249; x_wconf 90' lang='lat' dir='ltr'><strong>duos</strong></span> <span class='ocrx_word' id='word_1_637' title='bbox 1160 3211 1393 3249; x_wconf 85' lang='lat' dir='ltr'><strong>canones</strong></span> <span class='ocrx_word' id='word_1_638' title='bbox 1418 3197 1486 3250; x_wconf 82' lang='lat'><strong>‘58</strong></span> <span class='ocrx_word' id='word_1_639' title='bbox 1513 3205 1568 3249; x_wconf 90' lang='lat' dir='ltr'><strong>et</strong></span> <span class='ocrx_word' id='word_1_640' title='bbox 1592 3196 1660 3251; x_wconf 75' lang='lat'><strong>39</strong></span> <span class='ocrx_word' id='word_1_641' title='bbox 1687 3197 1759 3249; x_wconf 91' lang='lat' dir='ltr'><strong>uti</strong></span> <span class='ocrx_word' id='word_1_642' title='bbox 1786 3209 1933 3250; x_wconf 88' lang='lat' dir='ltr'><strong>certe</strong></span> <span class='ocrx_word' id='word_1_643' title='bbox 1962 3196 2051 3250; x_wconf 85' lang='lat' dir='ltr'><strong>ad-</strong></span> 
     </span>
    </p>
   </div>
   <div class='ocr_carea' id='block_1_84' title="bbox 471 3265 2050 3335">
    <p class='ocr_par' dir='ltr' id='par_1_84' title="bbox 471 3265 2050 3335">
     <span class='ocr_line' id='line_1_85' title="bbox 471 3265 2050 3335; baseline 0.001 -16"><span class='ocrx_word' id='word_1_644' title='bbox 471 3266 677 3320; x_wconf 90' lang='lat' dir='ltr'><strong>dittios</strong></span> <span class='ocrx_word' id='word_1_645' title='bbox 726 3267 955 3328; x_wconf 85' lang='lat' dir='ltr'><strong>ignorat.</strong></span> <span class='ocrx_word' id='word_1_646' title='bbox 1006 3266 1084 3319; x_wconf 80' lang='lat' dir='ltr'><strong>Ex</strong></span> <span class='ocrx_word' id='word_1_647' title='bbox 1136 3266 1234 3318; x_wconf 87' lang='lat' dir='ltr'><strong>hac</strong></span> <span class='ocrx_word' id='word_1_648' title='bbox 1284 3265 1444 3335; x_wconf 89' lang='lat' dir='ltr'><strong>igitur</strong></span> <span class='ocrx_word' id='word_1_649' title='bbox 1488 3267 1647 3319; x_wconf 92' lang='lat' dir='ltr'><strong>trium</strong></span> <span class='ocrx_word' id='word_1_650' title='bbox 1680 3266 2050 3320; x_wconf 84' lang='lat' dir='ltr'><strong>collectionum</strong></span> 
     </span>
    </p>
   </div>
   <div class='ocr_carea' id='block_1_85' title="bbox 469 3336 2055 3402">
    <p class='ocr_par' dir='ltr' id='par_1_85' title="bbox 469 3336 2055 3402">
     <span class='ocr_line' id='line_1_86' title="bbox 469 3336 2055 3402; baseline 0.002 -15"><span class='ocrx_word' id='word_1_651' title='bbox 469 3336 955 3402; x_wconf 82' lang='lat' dir='ltr'><strong>antiquissimarum</strong></span> <span class='ocrx_word' id='word_1_652' title='bbox 981 3336 1266 3391; x_wconf 85' lang='lat' dir='ltr'><strong>conc0rdia</strong></span> <span class='ocrx_word' id='word_1_653' title='bbox 1299 3339 1437 3390; x_wconf 91' lang='lat' dir='ltr'><strong>hunc</strong></span> <span class='ocrx_word' id='word_1_654' title='bbox 1466 3351 1724 3390; x_wconf 69' lang='lat' dir='ltr'><strong>canonum</strong></span> <span class='ocrx_word' id='word_1_655' title='bbox 1755 3336 1822 3390; x_wconf 90' lang='lat' dir='ltr'><strong>de</strong></span> <span class='ocrx_word' id='word_1_656' title='bbox 1846 3336 2055 3390; x_wconf 74' lang='lat' dir='ltr'><strong>clericis</strong></span> 
     </span>
    </p>
   </div>
   <div class='ocr_carea' id='block_1_86' title="bbox 468 3406 2053 3476">
    <p class='ocr_par' dir='ltr' id='par_1_86' title="bbox 468 3406 2053 3476">
     <span class='ocr_line' id='line_1_87' title="bbox 468 3406 2053 3476; baseline 0 -16"><span class='ocrx_word' id='word_1_657' title='bbox 468 3424 498 3460; x_wconf 85' lang='lat' dir='ltr'><strong>a</strong></span> <span class='ocrx_word' id='word_1_658' title='bbox 524 3406 797 3460; x_wconf 86' lang='lat' dir='ltr'><strong>Breviario</strong></span> <span class='ocrx_word' id='word_1_659' title='bbox 818 3406 955 3459; x_wconf 88' lang='lat' dir='ltr'><strong>baud</strong></span> <span class='ocrx_word' id='word_1_660' title='bbox 978 3407 1384 3475; x_wconf 80' lang='lat' dir='ltr'><strong>expungendum</strong></span> <span class='ocrx_word' id='word_1_661' title='bbox 1411 3409 1778 3476; x_wconf 83' lang='lat' dir='ltr'><strong>cognovimus,</strong></span> <span class='ocrx_word' id='word_1_662' title='bbox 1804 3408 1903 3460; x_wconf 88' lang='lat' dir='ltr'><strong>nisi</strong></span> <span class='ocrx_word' id='word_1_663' title='bbox 1925 3407 2053 3474; x_wconf 89' lang='lat' dir='ltr'><strong>quid</strong></span> 
     </span>
    </p>
   </div>
   <div class='ocr_carea' id='block_1_87' title="bbox 470 3476 2052 3546">
    <p class='ocr_par' dir='ltr' id='par_1_87' title="bbox 470 3476 2052 3546">
     <span class='ocr_line' id='line_1_88' title="bbox 470 3476 2052 3546; baseline 0.002 -20"><span class='ocrx_word' id='word_1_664' title='bbox 470 3476 688 3529; x_wconf 85' lang='lat' dir='ltr'><strong>nomino</strong></span> <span class='ocrx_word' id='word_1_665' title='bbox 715 3478 903 3531; x_wconf 80' lang='lat' dir='ltr'><strong>efficax</strong></span> <span class='ocrx_word' id='word_1_666' title='bbox 929 3488 1162 3545; x_wconf 76' lang='lat' dir='ltr'><strong>cogeret.</strong></span> <span class='ocrx_word' id='word_1_667' title='bbox 1192 3476 1566 3546; x_wconf 85' lang='lat' dir='ltr'><strong>Expendentcs</strong></span> <span class='ocrx_word' id='word_1_668' title='bbox 1592 3478 1770 3546; x_wconf 89' lang='lat' dir='ltr'><strong>itaque</strong></span> <span class='ocrx_word' id='word_1_669' title='bbox 1793 3481 2052 3541; x_wconf 84' lang='lat' dir='ltr'><strong>exactius,</strong></span> 
     </span>
    </p>
   </div>
   <div class='ocr_carea' id='block_1_88' title="bbox 470 3547 2057 3616">
    <p class='ocr_par' dir='ltr' id='par_1_88' title="bbox 470 3547 2057 3616">
     <span class='ocr_line' id='line_1_89' title="bbox 470 3547 2057 3616; baseline -0.002 -17"><span class='ocrx_word' id='word_1_670' title='bbox 470 3562 589 3616; x_wconf 75' lang='lat' dir='ltr'><strong>qua:</strong></span> <span class='ocrx_word' id='word_1_671' title='bbox 616 3562 714 3599; x_wconf 87' lang='lat' dir='ltr'><strong>nos</strong></span> <span class='ocrx_word' id='word_1_672' title='bbox 739 3547 865 3601; x_wconf 90' lang='lat' dir='ltr'><strong>olim</strong></span> <span class='ocrx_word' id='word_1_673' title='bbox 894 3549 1252 3615; x_wconf 77' lang='lat' dir='ltr'><strong>peruigebant</strong></span> <span class='ocrx_word' id='word_1_674' title='bbox 1271 3587 1286 3610; x_wconf 94' lang='lat'><strong>,</strong></span> <span class='ocrx_word' id='word_1_675' title='bbox 1318 3547 1446 3601; x_wconf 91' lang='lat' dir='ltr'><strong>nihil</strong></span> <span class='ocrx_word' id='word_1_676' title='bbox 1480 3563 1673 3615; x_wconf 76' lang='lat' dir='ltr'><strong>cogere</strong></span> <span class='ocrx_word' id='word_1_677' title='bbox 1702 3547 2057 3613; x_wconf 77' lang='lat' dir='ltr'><strong>deprellendi-</strong></span> 
     </span>
    </p>
   </div>
   <div class='ocr_carea' id='block_1_89' title="bbox 470 3616 2059 3684">
    <p class='ocr_par' dir='ltr' id='par_1_89' title="bbox 470 3616 2059 3684">
     <span class='ocr_line' id='line_1_90' title="bbox 470 3616 2059 3684; baseline 0.001 -14"><span class='ocrx_word' id='word_1_678' title='bbox 470 3632 608 3670; x_wconf 89' lang='lat' dir='ltr'><strong>mus.</strong></span> <span class='ocrx_word' id='word_1_679' title='bbox 642 3618 730 3670; x_wconf 85' lang='lat' dir='ltr'><strong>illa</strong></span> <span class='ocrx_word' id='word_1_680' title='bbox 763 3617 1002 3684; x_wconf 87' lang='lat' dir='ltr'><strong>ejusdem</strong></span> <span class='ocrx_word' id='word_1_681' title='bbox 1033 3620 1257 3671; x_wconf 89' lang='lat' dir='ltr'><strong>canonis</strong></span> <span class='ocrx_word' id='word_1_682' title='bbox 1292 3618 1473 3682; x_wconf 79' lang='lat' dir='ltr'><strong>verba,</strong></span> <span class='ocrx_word' id='word_1_683' title='bbox 1506 3616 1916 3673; x_wconf 73' lang='lat' dir='ltr'><strong>Prwcedentibus</strong></span> <span class='ocrx_word' id='word_1_684' title='bbox 1935 3632 2059 3671; x_wconf 81' lang='lat' dir='ltr'><strong>ron-</strong></span> 
     </span>
    </p>
   </div>
   <div class='ocr_carea' id='block_1_90' title="bbox 469 3687 2058 3755">
    <p class='ocr_par' dir='ltr' id='par_1_90' title="bbox 469 3687 2058 3755">
     <span class='ocr_line' id='line_1_91' title="bbox 469 3687 2058 3755; baseline 0.002 -16"><span class='ocrx_word' id='word_1_685' title='bbox 469 3687 601 3740; x_wconf 81' lang='lat' dir='ltr'><strong>ciliis</strong></span> <span class='ocrx_word' id='word_1_686' title='bbox 622 3696 868 3741; x_wconf 70' lang='lat' dir='ltr'><strong>statutum</strong></span> <span class='ocrx_word' id='word_1_687' title='bbox 891 3699 961 3741; x_wconf 88' lang='lat' dir='ltr'><strong>est</strong></span> <span class='ocrx_word' id='word_1_688' title='bbox 986 3704 1049 3741; x_wconf 86' lang='lat' dir='ltr'><strong>ne</strong></span> <span class='ocrx_word' id='word_1_689' title='bbox 1067 3689 1178 3755; x_wconf 73' lang='lat' dir='ltr'><strong>quis</strong></span> <span class='ocrx_word' id='word_1_690' title='bbox 1208 3688 1588 3743; x_wconf 81' lang='lat' dir='ltr'><strong>Donatistarum</strong></span> <span class='ocrx_word' id='word_1_691' title='bbox 1609 3703 1724 3740; x_wconf 90' lang='lat' dir='ltr'><strong>cum</strong></span> <span class='ocrx_word' id='word_1_692' title='bbox 1745 3688 1939 3741; x_wconf 71' lang='lat' dir='ltr'><strong>tranare</strong></span> <span class='ocrx_word' id='word_1_693' title='bbox 1965 3704 2058 3742; x_wconf 87' lang='lat' dir='ltr'><strong>suo</strong></span> 
     </span>
    </p>
   </div>
   <div class='ocr_carea' id='block_1_91' title="bbox 470 3751 2056 3827">
    <p class='ocr_par' dir='ltr' id='par_1_91' title="bbox 470 3751 2056 3827">
     <span class='ocr_line' id='line_1_92' title="bbox 470 3751 2056 3827; baseline 0.001 -17"><span class='ocrx_word' id='word_1_694' title='bbox 470 3759 746 3827; x_wconf 81' lang='lat' dir='ltr'><strong>recipiatur</strong></span> <span class='ocrx_word' id='word_1_695' title='bbox 769 3774 802 3809; x_wconf 89' lang='lat' dir='ltr'><strong>a</strong></span> <span class='ocrx_word' id='word_1_696' title='bbox 824 3757 987 3821; x_wconf 84' lang='lat' dir='ltr'><strong>nobis,</strong></span> <span class='ocrx_word' id='word_1_697' title='bbox 1014 3751 1335 3826; x_wconf 66' lang='lat' dir='ltr'><strong>praecipuam</strong></span> <span class='ocrx_word' id='word_1_698' title='bbox 1359 3758 1725 3813; x_wconf 88' lang='lat' dir='ltr'><strong>difficultatem</strong></span> <span class='ocrx_word' id='word_1_699' title='bbox 1751 3759 2056 3822; x_wconf 81' lang='lat' dir='ltr'><strong>movebant,</strong></span> 
     </span>
    </p>
   </div>
   <div class='ocr_carea' id='block_1_92' title="bbox 474 3826 2057 3895">
    <p class='ocr_par' dir='ltr' id='par_1_92' title="bbox 474 3826 2057 3895">
     <span class='ocr_line' id='line_1_93' title="bbox 474 3826 2057 3895; baseline -0.001 -15"><span class='ocrx_word' id='word_1_700' title='bbox 474 3826 583 3880; x_wconf 89' lang='lat' dir='ltr'><strong>tum</strong></span> <span class='ocrx_word' id='word_1_701' title='bbox 616 3826 755 3894; x_wconf 89' lang='lat' dir='ltr'><strong>quod</strong></span> <span class='ocrx_word' id='word_1_702' title='bbox 786 3827 989 3881; x_wconf 89' lang='lat' dir='ltr'><strong>nullmn</strong></span> <span class='ocrx_word' id='word_1_703' title='bbox 1021 3827 1282 3895; x_wconf 87' lang='lat' dir='ltr'><strong>ejusmodi</strong></span> <span class='ocrx_word' id='word_1_704' title='bbox 1316 3828 1657 3882; x_wconf 85' lang='lat' dir='ltr'><strong>interdictum</strong></span> <span class='ocrx_word' id='word_1_705' title='bbox 1691 3830 1742 3881; x_wconf 91' lang='lat' dir='ltr'><strong>in</strong></span> <span class='ocrx_word' id='word_1_706' title='bbox 1773 3828 2057 3882; x_wconf 88' lang='lat' dir='ltr'><strong>anteriori-</strong></span> 
     </span>
    </p>
   </div>
   <div class='ocr_carea' id='block_1_93' title="bbox 473 3897 2061 3967">
    <p class='ocr_par' dir='ltr' id='par_1_93' title="bbox 473 3897 2061 3967">
     <span class='ocr_line' id='line_1_94' title="bbox 473 3897 2061 3967; baseline -0.001 -17"><span class='ocrx_word' id='word_1_707' title='bbox 473 3897 571 3950; x_wconf 86' lang='lat' dir='ltr'><strong>btts</strong></span> <span class='ocrx_word' id='word_1_708' title='bbox 599 3897 789 3953; x_wconf 66' lang='lat' dir='ltr'><strong>Africa:</strong></span> <span class='ocrx_word' id='word_1_709' title='bbox 818 3897 1037 3967; x_wconf 86' lang='lat' dir='ltr'><strong>synodis</strong></span> <span class='ocrx_word' id='word_1_710' title='bbox 1062 3934 1076 3959; x_wconf 88' lang='lat'><strong>,</strong></span> <span class='ocrx_word' id='word_1_711' title='bbox 1110 3911 1353 3967; x_wconf 6' lang='lat' dir='ltr'><strong>quarum,</strong></span> <span class='ocrx_word' id='word_1_712' title='bbox 1378 3897 1633 3950; x_wconf 87' lang='lat' dir='ltr'><strong>memoria</strong></span> <span class='ocrx_word' id='word_1_713' title='bbox 1661 3907 1905 3964; x_wconf 84' lang='lat' dir='ltr'><strong>superest</strong></span> <span class='ocrx_word' id='word_1_714' title='bbox 1928 3935 1944 3961; x_wconf 93' lang='lat'><strong>,</strong></span> <span class='ocrx_word' id='word_1_715' title='bbox 1979 3898 2061 3949; x_wconf 85' lang='lat' dir='ltr'><strong>in-</strong></span> 
     </span>
    </p>
   </div>
   <div class='ocr_carea' id='block_1_94' title="bbox 471 3966 2061 4036">
    <p class='ocr_par' dir='ltr' id='par_1_94' title="bbox 471 3966 2061 4036">
     <span class='ocr_line' id='line_1_95' title="bbox 471 3966 2061 4036; baseline -0.001 -15"><span class='ocrx_word' id='word_1_716' title='bbox 471 3967 716 4031; x_wconf 89' lang='lat' dir='ltr'><strong>venitur,</strong></span> <span class='ocrx_word' id='word_1_717' title='bbox 757 3966 867 4021; x_wconf 92' lang='lat' dir='ltr'><strong>tum</strong></span> <span class='ocrx_word' id='word_1_718' title='bbox 893 3970 1187 4036; x_wconf 57' lang='lat' dir='ltr'><strong>praesertim</strong></span> <span class='ocrx_word' id='word_1_719' title='bbox 1219 3966 1359 4034; x_wconf 87' lang='lat' dir='ltr'><strong>quod</strong></span> <span class='ocrx_word' id='word_1_720' title='bbox 1390 3966 1865 4036; x_wconf 62' lang='lat' dir='ltr'><strong>contrariapotius</strong></span> <span class='ocrx_word' id='word_1_721' title='bbox 1899 3967 2061 4019; x_wconf 89' lang='lat' dir='ltr'><strong>disci-</strong></span> 
     </span>
    </p>
   </div>
   <div class='ocr_carea' id='block_1_95' title="bbox 472 4034 2058 4105">
    <p class='ocr_par' dir='ltr' id='par_1_95' title="bbox 472 4034 2058 4105">
     <span class='ocr_line' id='line_1_96' title="bbox 472 4034 2058 4105; baseline -0.001 -15"><span class='ocrx_word' id='word_1_722' title='bbox 472 4038 614 4105; x_wconf 74' lang='lat' dir='ltr'><strong>plina</strong></span> <span class='ocrx_word' id='word_1_723' title='bbox 642 4037 705 4091; x_wconf 91' lang='lat' dir='ltr'><strong>ab</strong></span> <span class='ocrx_word' id='word_1_724' title='bbox 732 4034 1259 4105; x_wconf 36' lang='lat' dir='ltr'><strong>ipsiusiuparationis</strong></span> <span class='ocrx_word' id='word_1_725' title='bbox 1288 4037 1511 4105; x_wconf 60' lang='lat' dir='ltr'><strong>exordio</strong></span> <span class='ocrx_word' id='word_1_726' title='bbox 1549 4035 1602 4089; x_wconf 92' lang='lat' dir='ltr'><strong>in</strong></span> <span class='ocrx_word' id='word_1_727' title='bbox 1652 4034 1830 4090; x_wconf 87' lang='lat' dir='ltr'><strong>Africa</strong></span> <span class='ocrx_word' id='word_1_728' title='bbox 1876 4037 2058 4105; x_wconf 80' lang='lat' dir='ltr'><strong>viguit,</strong></span> 
     </span>
    </p>
   </div>
   <div class='ocr_carea' id='block_1_96' title="bbox 476 4104 2060 4172">
    <p class='ocr_par' dir='ltr' id='par_1_96' title="bbox 476 4104 2060 4172">
     <span class='ocr_line' id='line_1_97' title="bbox 476 4104 2060 4172; baseline 0.001 -13"><span class='ocrx_word' id='word_1_729' title='bbox 476 4104 549 4161; x_wconf 86' lang='lat' dir='ltr'><strong>uti</strong></span> <span class='ocrx_word' id='word_1_730' title='bbox 580 4104 805 4162; x_wconf 83' lang='lat' dir='ltr'><strong>traditur</strong></span> <span class='ocrx_word' id='word_1_731' title='bbox 849 4109 902 4159; x_wconf 94' lang='lat' dir='ltr'><strong>in</strong></span> <span class='ocrx_word' id='word_1_732' title='bbox 943 4104 1229 4159; x_wconf 77' lang='lat' dir='ltr'><strong>cellatione</strong></span> <span class='ocrx_word' id='word_1_733' title='bbox 1274 4104 1683 4170; x_wconf 73' lang='lat' dir='ltr'><strong>Carthaginiensi</strong></span> <span class='ocrx_word' id='word_1_734' title='bbox 1729 4106 1911 4172; x_wconf 65' lang='lat' dir='ltr'><strong>prima:</strong></span> <span class='ocrx_word' id='word_1_735' title='bbox 1953 4105 2060 4161; x_wconf 72' lang='lat' dir='ltr'><strong>diri</strong></span> 
     </span>
    </p>
   </div>
   <div class='ocr_carea' id='block_1_97' title="bbox 476 4172 2064 4247">
    <p class='ocr_par' dir='ltr' id='par_1_97' title="bbox 476 4172 2064 4247">
     <span class='ocr_line' id='line_1_98' title="bbox 476 4172 2064 4247; baseline 0.001 -17"><span class='ocrx_word' id='word_1_736' title='bbox 476 4193 623 4230; x_wconf 87' lang='lat' dir='ltr'><strong>num.</strong></span> <span class='ocrx_word' id='word_1_737' title='bbox 654 4175 722 4230; x_wconf 84' lang='grc'><strong>16</strong></span> <span class='ocrx_word' id='word_1_738' title='bbox 760 4174 932 4247; x_wconf 83' lang='lat' dir='ltr'><strong>(Tom.</strong></span> <span class='ocrx_word' id='word_1_739' title='bbox 965 4174 1029 4228; x_wconf 93' lang='lat' dir='ltr'><strong>lll</strong></span> <span class='ocrx_word' id='word_1_740' title='bbox 1059 4172 1255 4247; x_wconf 74' lang='lat' dir='ltr'><strong>Concil.</strong></span> <span class='ocrx_word' id='word_1_741' title='bbox 1298 4176 1399 4228; x_wconf 87' lang='lat' dir='ltr'><strong>col.</strong></span> <span class='ocrx_word' id='word_1_742' title='bbox 1433 4175 1557 4247; x_wconf 79' lang='grc'><strong>158,</strong></span> <span class='ocrx_word' id='word_1_743' title='bbox 1583 4177 1663 4243; x_wconf 87' lang='lat' dir='ltr'><strong>d).</strong></span> <span class='ocrx_word' id='word_1_744' title='bbox 1693 4175 1763 4247; x_wconf 78' lang='lat' dir='ltr'><strong>At</strong></span> <span class='ocrx_word' id='word_1_745' title='bbox 1787 4191 1846 4229; x_wconf 90' lang='lat' dir='ltr'><strong>re</strong></span> <span class='ocrx_word' id='word_1_746' title='bbox 1872 4177 2064 4239; x_wconf 87' lang='lat' dir='ltr'><strong>melius</strong></span> 
     </span>
    </p>
   </div>
   <div class='ocr_carea' id='block_1_98' title="bbox 477 4244 2063 4315">
    <p class='ocr_par' dir='ltr' id='par_1_98' title="bbox 477 4244 2063 4315">
     <span class='ocr_line' id='line_1_99' title="bbox 477 4244 2063 4315; baseline -0.002 -15"><span class='ocrx_word' id='word_1_747' title='bbox 477 4244 1028 4315; x_wconf 55' lang='lat' dir='ltr'><strong>perpensa,&#39;stoti.tum</strong></span> <span class='ocrx_word' id='word_1_748' title='bbox 1057 4244 1181 4315; x_wconf 90' lang='lat' dir='ltr'><strong>illud</strong></span> <span class='ocrx_word' id='word_1_749' title='bbox 1213 4260 1306 4299; x_wconf 88' lang='lat' dir='ltr'><strong>seu</strong></span> <span class='ocrx_word' id='word_1_750' title='bbox 1336 4246 1675 4300; x_wconf 59' lang='lat' dir='ltr'><strong>interdictum</strong></span> <span class='ocrx_word' id='word_1_751' title='bbox 1702 4246 1767 4298; x_wconf 86' lang='lat' dir='ltr'><strong>ad</strong></span> <span class='ocrx_word' id='word_1_752' title='bbox 1801 4257 2063 4299; x_wconf 62' lang='lat' dir='ltr'><strong>tuusma-</strong></span> 
     </span>
    </p>
   </div>
   <div class='ocr_carea' id='block_1_99' title="bbox 475 4314 2064 4381">
    <p class='ocr_par' dir='ltr' id='par_1_99' title="bbox 475 4314 2064 4381">
     <span class='ocr_line' id='line_1_100' title="bbox 475 4314 2064 4381; baseline 0 -11"><span class='ocrx_word' id='word_1_753' title='bbox 475 4314 649 4370; x_wconf 85' lang='lat' dir='ltr'><strong>rinum</strong></span> <span class='ocrx_word' id='word_1_754' title='bbox 693 4317 979 4370; x_wconf 89' lang='lat' dir='ltr'><strong>concilium</strong></span> <span class='ocrx_word' id='word_1_755' title='bbox 1024 4314 1211 4370; x_wconf 71' lang='lat' dir='ltr'><strong>referri</strong></span> <span class='ocrx_word' id='word_1_756' title='bbox 1257 4318 1565 4381; x_wconf 85' lang='lat' dir='ltr'><strong>credimus,</strong></span> <span class='ocrx_word' id='word_1_757' title='bbox 1605 4317 1691 4370; x_wconf 92' lang='lat' dir='ltr'><strong>cui</strong></span> <span class='ocrx_word' id='word_1_758' title='bbox 1730 4315 1967 4370; x_wconf 81' lang='lat' dir='ltr'><strong>Africani</strong></span> <span class='ocrx_word' id='word_1_759' title='bbox 2005 4326 2064 4370; x_wconf 89' lang='lat' dir='ltr'><strong>ut</strong></span> 
     </span>
    </p>
   </div>
   <div class='ocr_carea' id='block_1_100' title="bbox 474 4386 2063 4456">
    <p class='ocr_par' dir='ltr' id='par_1_100' title="bbox 474 4386 2063 4456">
     <span class='ocr_line' id='line_1_101' title="bbox 474 4386 2063 4456; baseline 0.001 -16"><span class='ocrx_word' id='word_1_760' title='bbox 474 4388 933 4455; x_wconf 84' lang='lat' dir='ltr'><strong>obsequerentur,</strong></span> <span class='ocrx_word' id='word_1_761' title='bbox 968 4386 1106 4442; x_wconf 73' lang='lat' dir='ltr'><strong>idem</strong></span> <span class='ocrx_word' id='word_1_762' title='bbox 1143 4386 1481 4441; x_wconf 88' lang='lat' dir='ltr'><strong>interdictum</strong></span> <span class='ocrx_word' id='word_1_763' title='bbox 1512 4387 1564 4441; x_wconf 91' lang='lat' dir='ltr'><strong>in</strong></span> <span class='ocrx_word' id='word_1_764' title='bbox 1595 4391 1707 4440; x_wconf 85' lang='lat' dir='ltr'><strong>suis</strong></span> <span class='ocrx_word' id='word_1_765' title='bbox 1734 4386 1946 4455; x_wconf 76' lang='lat' dir='ltr'><strong>quodue</strong></span> <span class='ocrx_word' id='word_1_766' title='bbox 1971 4401 2063 4456; x_wconf 81' lang='lat' dir='ltr'><strong>sy-</strong></span> 
     </span>
    </p>
   </div>
   <div class='ocr_carea' id='block_1_101' title="bbox 478 4457 2063 4528">
    <p class='ocr_par' dir='ltr' id='par_1_101' title="bbox 478 4457 2063 4528">
     <span class='ocr_line' id='line_1_102' title="bbox 478 4457 2063 4528; baseline -0.003 -16"><span class='ocrx_word' id='word_1_767' title='bbox 478 4461 633 4512; x_wconf 88' lang='lat' dir='ltr'><strong>nodis</strong></span> <span class='ocrx_word' id='word_1_768' title='bbox 656 4457 931 4525; x_wconf 83' lang='lat' dir='ltr'><strong>repetiisse</strong></span> <span class='ocrx_word' id='word_1_769' title='bbox 960 4457 1225 4512; x_wconf 86' lang='lat' dir='ltr'><strong>videntur.</strong></span> <span class='ocrx_word' id='word_1_770' title='bbox 1256 4457 1311 4528; x_wconf 83' lang='lat' dir='ltr'><strong>id</strong></span> <span class='ocrx_word' id='word_1_771' title='bbox 1336 4474 1400 4512; x_wconf 90' lang='lat' dir='ltr'><strong>ne</strong></span> <span class='ocrx_word' id='word_1_772' title='bbox 1418 4467 1585 4528; x_wconf 56' lang='lat' dir='ltr'><strong>graus</strong></span> <span class='ocrx_word' id='word_1_773' title='bbox 1610 4457 1861 4528; x_wconf 84' lang='lat' dir='ltr'><strong>credatur</strong></span> <span class='ocrx_word' id='word_1_774' title='bbox 1886 4470 2063 4510; x_wconf 88' lang='lat' dir='ltr'><strong>asser-</strong></span> 
     </span>
    </p>
   </div>
   <div class='ocr_carea' id='block_1_102' title="bbox 475 4527 2058 4595">
    <p class='ocr_par' dir='ltr' id='par_1_102' title="bbox 475 4527 2058 4595">
     <span class='ocr_line' id='line_1_103' title="bbox 475 4527 2058 4595; baseline -0.001 -14"><span class='ocrx_word' id='word_1_775' title='bbox 475 4537 609 4592; x_wconf 92' lang='lat' dir='ltr'><strong>tum,</strong></span> <span class='ocrx_word' id='word_1_776' title='bbox 642 4543 730 4581; x_wconf 85' lang='lat' dir='ltr'><strong>res</strong></span> <span class='ocrx_word' id='word_1_777' title='bbox 770 4529 978 4595; x_wconf 80' lang='lat' dir='ltr'><strong>plenius</strong></span> <span class='ocrx_word' id='word_1_778' title='bbox 1015 4527 1331 4593; x_wconf 79' lang='lat' dir='ltr'><strong>explicanda</strong></span> <span class='ocrx_word' id='word_1_779' title='bbox 1371 4527 1480 4591; x_wconf 85' lang='lat' dir='ltr'><strong>est,</strong></span> <span class='ocrx_word' id='word_1_780' title='bbox 1523 4543 1643 4582; x_wconf 91' lang='lat' dir='ltr'><strong>cum</strong></span> <span class='ocrx_word' id='word_1_781' title='bbox 1693 4527 1959 4593; x_wconf 65' lang='lat' dir='ltr'><strong>praecipue</strong></span> <span class='ocrx_word' id='word_1_782' title='bbox 1994 4543 2058 4581; x_wconf 76' lang='lat' dir='ltr'><strong>ex</strong></span> 
     </span>
    </p>
   </div>
   <div class='ocr_carea' id='block_1_103' title="bbox 476 4596 2061 4664">
    <p class='ocr_par' dir='ltr' id='par_1_103' title="bbox 476 4596 2061 4664">
     <span class='ocr_line' id='line_1_104' title="bbox 476 4596 2061 4664; baseline -0.001 -14"><span class='ocrx_word' id='word_1_783' title='bbox 476 4599 717 4652; x_wconf 72' lang='lat' dir='ltr'><strong>tliceuds</strong></span> <span class='ocrx_word' id='word_1_784' title='bbox 741 4597 1158 4661; x_wconf 75' lang='lat' dir='ltr'><strong>patelaciendum</strong></span> <span class='ocrx_word' id='word_1_785' title='bbox 1184 4596 1252 4649; x_wconf 92' lang='lat' dir='ltr'><strong>sit</strong></span> <span class='ocrx_word' id='word_1_786' title='bbox 1270 4607 1522 4664; x_wconf 81' lang='lat' dir='ltr'><strong>quantum</strong></span> <span class='ocrx_word' id='word_1_787' title='bbox 1545 4596 1779 4652; x_wconf 87' lang='lat' dir='ltr'><strong>Africani</strong></span> <span class='ocrx_word' id='word_1_788' title='bbox 1806 4596 2061 4650; x_wconf 75' lang='lat' dir='ltr'><strong>Romamn</strong></span> 
     </span>
    </p>
   </div>
   <div class='ocr_carea' id='block_1_104' title="bbox 478 4666 1397 4721">
    <p class='ocr_par' dir='ltr' id='par_1_104' title="bbox 478 4666 1397 4721">
     <span class='ocr_line' id='line_1_105' title="bbox 478 4666 1397 4721; baseline 0 0"><span class='ocrx_word' id='word_1_789' title='bbox 478 4668 567 4721; x_wconf 74' lang='lat' dir='ltr'><strong>Ec:</strong></span> <span class='ocrx_word' id='word_1_790' title='bbox 588 4666 733 4720; x_wconf 70' lang='lat' dir='ltr'><strong>lesize</strong></span> <span class='ocrx_word' id='word_1_791' title='bbox 761 4668 1060 4721; x_wconf 79' lang='lat' dir='ltr'><strong>auctoritati</strong></span> <span class='ocrx_word' id='word_1_792' title='bbox 1087 4666 1397 4721; x_wconf 81' lang='lat' dir='ltr'><strong>detulerint.</strong></span> 
     </span>
    </p>
   </div>
   <div class='ocr_carea' id='block_1_105' title="bbox 547 4734 2061 4806">
    <p class='ocr_par' dir='ltr' id='par_1_105' title="bbox 547 4734 2061 4806">
     <span class='ocr_line' id='line_1_106' title="bbox 547 4734 2061 4806; baseline 0.001 -16"><span class='ocrx_word' id='word_1_793' title='bbox 547 4736 895 4790; x_wconf 88' lang='lat' dir='ltr'><strong>Consuetudo</strong></span> <span class='ocrx_word' id='word_1_794' title='bbox 936 4739 1152 4803; x_wconf 74' lang='lat' dir='ltr'><strong>quidem</strong></span> <span class='ocrx_word' id='word_1_795' title='bbox 1195 4736 1461 4790; x_wconf 66' lang='lat' dir='ltr'><strong>Africana:</strong></span> <span class='ocrx_word' id='word_1_796' title='bbox 1499 4734 1777 4806; x_wconf 51' lang='lat' dir='ltr'><strong>Ecclesia</strong></span> <span class='ocrx_word' id='word_1_797' title='bbox 1794 4737 1859 4790; x_wconf 79' lang='lat' dir='ltr'><strong>ab</strong></span> <span class='ocrx_word' id='word_1_798' title='bbox 1900 4735 2061 4806; x_wconf 82' lang='lat' dir='ltr'><strong>ipsius</strong></span> 
     </span>
    </p>
   </div>
   <div class='ocr_carea' id='block_1_106' title="bbox 478 4805 2058 4878">
    <p class='ocr_par' dir='ltr' id='par_1_106' title="bbox 478 4805 2058 4878">
     <span class='ocr_line' id='line_1_107' title="bbox 478 4805 2058 4878; baseline -0.001 -18"><span class='ocrx_word' id='word_1_799' title='bbox 478 4809 816 4878; x_wconf 83' lang='lat' dir='ltr'><strong>separationis</strong></span> <span class='ocrx_word' id='word_1_800' title='bbox 842 4806 1052 4860; x_wconf 78' lang='lat' dir='ltr'><strong>exordio</strong></span> <span class='ocrx_word' id='word_1_801' title='bbox 1081 4807 1194 4878; x_wconf 64' lang='lat' dir='ltr'><strong>haec</strong></span> <span class='ocrx_word' id='word_1_802' title='bbox 1224 4806 1418 4878; x_wconf 80' lang='lat' dir='ltr'><strong>luerat,</strong></span> <span class='ocrx_word' id='word_1_803' title='bbox 1450 4818 1506 4859; x_wconf 91' lang='lat' dir='ltr'><strong>ut</strong></span> <span class='ocrx_word' id='word_1_804' title='bbox 1535 4806 1715 4878; x_wconf 81' lang='lat' dir='ltr'><strong>clerici</strong></span> <span class='ocrx_word' id='word_1_805' title='bbox 1753 4805 2058 4878; x_wconf 82' lang='lat' dir='ltr'><strong>Donatista-</strong></span> 
     </span>
    </p>
   </div>
   <div class='ocr_carea' id='block_1_107' title="bbox 479 4875 2060 4945">
    <p class='ocr_par' dir='ltr' id='par_1_107' title="bbox 479 4875 2060 4945">
     <span class='ocr_line' id='line_1_108' title="bbox 479 4875 2060 4945; baseline -0.001 -14"><span class='ocrx_word' id='word_1_806' title='bbox 479 4875 596 4931; x_wconf 83' lang='lat' dir='ltr'><strong>rum</strong></span> <span class='ocrx_word' id='word_1_807' title='bbox 623 4877 689 4930; x_wconf 89' lang='lat' dir='ltr'><strong>ad</strong></span> <span class='ocrx_word' id='word_1_808' title='bbox 721 4880 977 4930; x_wconf 81' lang='lat' dir='ltr'><strong>unitatem</strong></span> <span class='ocrx_word' id='word_1_809' title='bbox 1008 4875 1317 4939; x_wconf 87' lang='lat' dir='ltr'><strong>redeuntes,</strong></span> <span class='ocrx_word' id='word_1_810' title='bbox 1348 4876 1401 4929; x_wconf 91' lang='lat' dir='ltr'><strong>in</strong></span> <span class='ocrx_word' id='word_1_811' title='bbox 1432 4890 1529 4929; x_wconf 86' lang='lat' dir='ltr'><strong>sun</strong></span> <span class='ocrx_word' id='word_1_812' title='bbox 1558 4877 1722 4941; x_wconf 83' lang='lat' dir='ltr'><strong>gradu</strong></span> <span class='ocrx_word' id='word_1_813' title='bbox 1753 4876 2060 4945; x_wconf 82' lang='lat' dir='ltr'><strong>reciperen-</strong></span> 
     </span>
    </p>
   </div>
   <div class='ocr_carea' id='block_1_108' title="bbox 479 4945 2063 5014">
    <p class='ocr_par' dir='ltr' id='par_1_108' title="bbox 479 4945 2063 5014">
     <span class='ocr_line' id='line_1_109' title="bbox 479 4945 2063 5014; baseline -0.003 -11"><span class='ocrx_word' id='word_1_814' title='bbox 479 4958 587 5003; x_wconf 90' lang='lat' dir='ltr'><strong>tur.</strong></span> <span class='ocrx_word' id='word_1_815' title='bbox 633 4950 701 5002; x_wconf 83' lang='lat' dir='ltr'><strong>At</strong></span> <span class='ocrx_word' id='word_1_816' title='bbox 748 4947 1059 5014; x_wconf 77' lang='lat' dir='ltr'><strong>supervenit</strong></span> <span class='ocrx_word' id='word_1_817' title='bbox 1115 4945 1453 5000; x_wconf 88' lang='lat' dir='ltr'><strong>interdictum</strong></span> <span class='ocrx_word' id='word_1_818' title='bbox 1494 4953 1844 4999; x_wconf 79' lang='lat' dir='ltr'><strong>memoratum</strong></span> <span class='ocrx_word' id='word_1_819' title='bbox 1886 4955 2063 4999; x_wconf 88' lang='lat' dir='ltr'><strong>trans-</strong></span> 
     </span>
    </p>
   </div>
   <div class='ocr_carea' id='block_1_109' title="bbox 483 5015 2067 5086">
    <p class='ocr_par' dir='ltr' id='par_1_109' title="bbox 483 5015 2067 5086">
     <span class='ocr_line' id='line_1_110' title="bbox 483 5015 2067 5086; baseline -0.003 -13"><span class='ocrx_word' id='word_1_820' title='bbox 483 5019 673 5073; x_wconf 91' lang='lat' dir='ltr'><strong>marini</strong></span> <span class='ocrx_word' id='word_1_821' title='bbox 722 5017 977 5083; x_wconf 83' lang='lat' dir='ltr'><strong>concilii,</strong></span> <span class='ocrx_word' id='word_1_822' title='bbox 1025 5015 1166 5086; x_wconf 90' lang='lat' dir='ltr'><strong>quod</strong></span> <span class='ocrx_word' id='word_1_823' title='bbox 1214 5026 1398 5086; x_wconf 86' lang='lat' dir='ltr'><strong>aperte</strong></span> <span class='ocrx_word' id='word_1_824' title='bbox 1444 5016 1703 5086; x_wconf 84' lang='lat' dir='ltr'><strong>asseritnr</strong></span> <span class='ocrx_word' id='word_1_825' title='bbox 1757 5015 1810 5068; x_wconf 92' lang='lat' dir='ltr'><strong>in</strong></span> <span class='ocrx_word' id='word_1_826' title='bbox 1859 5015 2067 5084; x_wconf 87' lang='lat' dir='ltr'><strong>synodo</strong></span> 
     </span>
    </p>
   </div>
   <div class='ocr_carea' id='block_1_110' title="bbox 481 5085 2069 5158">
    <p class='ocr_par' dir='ltr' id='par_1_110' title="bbox 481 5085 2069 5158">
     <span class='ocr_line' id='line_1_111' title="bbox 481 5085 2069 5158; baseline -0.004 -14"><span class='ocrx_word' id='word_1_827' title='bbox 481 5087 888 5158; x_wconf 72' lang='lat' dir='ltr'><strong>Carthaginettsi</strong></span> <span class='ocrx_word' id='word_1_828' title='bbox 926 5088 1049 5141; x_wconf 86' lang='lat' dir='ltr'><strong>anni</strong></span> <span class='ocrx_word' id='word_1_829' title='bbox 1091 5087 1186 5158; x_wconf 79' lang='grc'><strong>401</strong></span> <span class='ocrx_word' id='word_1_830' title='bbox 1238 5085 1419 5158; x_wconf 83' lang='lat' dir='ltr'><strong>iduum</strong></span> <span class='ocrx_word' id='word_1_831' title='bbox 1465 5085 1796 5158; x_wconf 84' lang='lat' dir='ltr'><strong>Septembris</strong></span> <span class='ocrx_word' id='word_1_832' title='bbox 1840 5098 1960 5158; x_wconf 72' lang='lat' dir='ltr'><strong>ean.</strong></span> <span class='ocrx_word' id='word_1_833' title='bbox 1998 5085 2069 5138; x_wconf 78' lang='lat'><strong>68</strong></span> 
     </span>
    </p>
   </div>
   <div class='ocr_carea' id='block_1_111' title="bbox 480 5152 2071 5215">
    <p class='ocr_par' dir='ltr' id='par_1_111' title="bbox 480 5152 2071 5215">
     <span class='ocr_line' id='line_1_112' title="bbox 480 5152 2071 5215; baseline -0.004 -2"><span class='ocrx_word' id='word_1_834' title='bbox 480 5159 614 5213; x_wconf 65' lang='lat' dir='ltr'><strong>Cod.</strong></span> <span class='ocrx_word' id='word_1_835' title='bbox 638 5152 874 5215; x_wconf 71' lang='lat' dir='ltr'><strong>Alricani</strong></span> <span class='ocrx_word' id='word_1_836' title='bbox 906 5159 989 5212; x_wconf 88' lang='lat' dir='ltr'><strong>his</strong></span> <span class='ocrx_word' id='word_1_837' title='bbox 1017 5157 1198 5212; x_wconf 80' lang='lat' dir='ltr'><strong>Verbis</strong></span> <span class='ocrx_word' id='word_1_838' title='bbox 1224 5173 1240 5209; x_wconf 85' lang='lat'><strong>:</strong></span> <span class='ocrx_word' id='word_1_839' title='bbox 1264 5152 1328 5209; x_wconf 81' lang='lat' dir='ltr'><strong>in</strong></span> <span class='ocrx_word' id='word_1_840' title='bbox 1355 5157 1699 5210; x_wconf 76' lang='lat' dir='ltr'><strong>transmarino</strong></span> <span class='ocrx_word' id='word_1_841' title='bbox 1722 5153 1940 5208; x_wconf 85' lang='lat' dir='ltr'><strong>concilio</strong></span> <span class='ocrx_word' id='word_1_842' title='bbox 1963 5164 2071 5207; x_wconf 88' lang='lat' dir='ltr'><strong>sta-</strong></span> 
     </span>
    </p>
   </div>
   <div class='ocr_carea' id='block_1_112' title="bbox 420 5223 2071 5296">
    <p class='ocr_par' dir='ltr' id='par_1_112' title="bbox 420 5223 2071 5296">
     <span class='ocr_line' id='line_1_113' title="bbox 420 5223 2071 5296; baseline -0.004 -14"><span class='ocrx_word' id='word_1_843' title='bbox 420 5287 425 5293; x_wconf 56' lang='grc'>,</span> <span class='ocrx_word' id='word_1_844' title='bbox 471 5225 647 5282; x_wconf 80' lang='lat' dir='ltr'><strong>tutum</strong></span> <span class='ocrx_word' id='word_1_845' title='bbox 677 5242 751 5284; x_wconf 85' lang='lat' dir='ltr'><strong>est</strong></span> <span class='ocrx_word' id='word_1_846' title='bbox 776 5241 829 5283; x_wconf 89' lang='lat' dir='ltr'><strong>ut</strong></span> <span class='ocrx_word' id='word_1_847' title='bbox 858 5230 1081 5283; x_wconf 79' lang='lat' dir='ltr'><strong>Ordinati</strong></span> <span class='ocrx_word' id='word_1_848' title='bbox 1110 5230 1162 5281; x_wconf 91' lang='lat' dir='ltr'><strong>in</strong></span> <span class='ocrx_word' id='word_1_849' title='bbox 1192 5238 1333 5296; x_wconf 79' lang='lat' dir='ltr'><strong>parte</strong></span> <span class='ocrx_word' id='word_1_850' title='bbox 1363 5225 1574 5289; x_wconf 81' lang='lat' dir='ltr'><strong>Donati,</strong></span> <span class='ocrx_word' id='word_1_851' title='bbox 1610 5228 1654 5278; x_wconf 87' lang='lat' dir='ltr'><strong>si</strong></span> <span class='ocrx_word' id='word_1_852' title='bbox 1678 5227 1744 5277; x_wconf 85' lang='lat' dir='ltr'><strong>ad</strong></span> <span class='ocrx_word' id='word_1_853' title='bbox 1768 5223 2071 5296; x_wconf 78' lang='lat' dir='ltr'><strong>catholicam</strong></span> 
     </span>
    </p>
   </div>
   <div class='ocr_carea' id='block_1_113' title="bbox 481 5295 2070 5365">
    <p class='ocr_par' dir='ltr' id='par_1_113' title="bbox 481 5295 2070 5365">
     <span class='ocr_line' id='line_1_114' title="bbox 481 5295 2070 5365; baseline -0.003 -14"><span class='ocrx_word' id='word_1_854' title='bbox 481 5303 698 5354; x_wconf 84' lang='lat' dir='ltr'><strong>correcti</strong></span> <span class='ocrx_word' id='word_1_855' title='bbox 722 5306 939 5354; x_wconf 84' lang='lat' dir='ltr'><strong>transire</strong></span> <span class='ocrx_word' id='word_1_856' title='bbox 964 5300 1232 5362; x_wconf 84' lang='lat' dir='ltr'><strong>voluerint,</strong></span> <span class='ocrx_word' id='word_1_857' title='bbox 1265 5314 1365 5352; x_wconf 85' lang='lat' dir='ltr'><strong>non</strong></span> <span class='ocrx_word' id='word_1_858' title='bbox 1388 5297 1733 5365; x_wconf 86' lang='lat' dir='ltr'><strong>suscipiantur</strong></span> <span class='ocrx_word' id='word_1_859' title='bbox 1761 5295 1812 5349; x_wconf 87' lang='lat' dir='ltr'><strong>in</strong></span> <span class='ocrx_word' id='word_1_860' title='bbox 1843 5296 1947 5351; x_wconf 87' lang='lat' dir='ltr'><strong>suis</strong></span> <span class='ocrx_word' id='word_1_861' title='bbox 1975 5295 2070 5347; x_wconf 85' lang='lat' dir='ltr'><strong>lto-</strong></span> 
     </span>
    </p>
   </div>
   <div class='ocr_carea' id='block_1_114' title="bbox 483 5368 2065 5445">
    <p class='ocr_par' dir='ltr' id='par_1_114' title="bbox 483 5368 2065 5445">
     <span class='ocr_line' id='line_1_115' title="bbox 483 5368 2065 5445; baseline -0.003 -22"><span class='ocrx_word' id='word_1_862' title='bbox 483 5369 711 5445; x_wconf 57' lang='lat' dir='ltr'><strong>norglius.</strong></span> <span class='ocrx_word' id='word_1_863' title='bbox 755 5371 910 5425; x_wconf 87' lang='lat' dir='ltr'><strong>Aliud</strong></span> <span class='ocrx_word' id='word_1_864' title='bbox 939 5386 1150 5439; x_wconf 87' lang='lat' dir='ltr'><strong>quoque</strong></span> <span class='ocrx_word' id='word_1_865' title='bbox 1169 5368 1531 5445; x_wconf 63' lang='lat' dir='ltr'><strong>jttterdictuut</strong></span> <span class='ocrx_word' id='word_1_866' title='bbox 1559 5368 1934 5445; x_wconf 66' lang='lat' dir='ltr'><strong>transmarinis</strong></span> <span class='ocrx_word' id='word_1_867' title='bbox 1965 5379 2065 5445; x_wconf 40' lang='lat' dir='ltr'><strong>.sy-</strong></span> 
     </span>
    </p>
   </div>
   <div class='ocr_carea' id='block_1_115' title="bbox 483 5437 2066 5514">
    <p class='ocr_par' dir='ltr' id='par_1_115' title="bbox 483 5437 2066 5514">
     <span class='ocr_line' id='line_1_116' title="bbox 483 5437 2066 5514; baseline -0.004 -20"><span class='ocrx_word' id='word_1_868' title='bbox 483 5437 633 5514; x_wconf 76' lang='lat' dir='ltr'><strong>nodi,</strong></span> <span class='ocrx_word' id='word_1_869' title='bbox 667 5439 851 5514; x_wconf 72' lang='lat' dir='ltr'><strong>inqua</strong></span> <span class='ocrx_word' id='word_1_870' title='bbox 879 5457 980 5514; x_wconf 78' lang='lat' dir='ltr'><strong>una</strong></span> <span class='ocrx_word' id='word_1_871' title='bbox 1015 5437 1141 5514; x_wconf 85' lang='lat' dir='ltr'><strong>cum</strong></span> <span class='ocrx_word' id='word_1_872' title='bbox 1169 5437 1861 5514; x_wconf 46' lang='lat' dir='ltr'><strong>Romano.mediolanensis</strong></span> <span class='ocrx_word' id='word_1_873' title='bbox 1906 5437 2066 5514; x_wconf 78' lang='lat' dir='ltr'><strong>etiam</strong></span> 
     </span>
    </p>
   </div>
   <div class='ocr_carea' id='block_1_116' title="bbox 487 5505 2069 5574">
    <p class='ocr_par' dir='ltr' id='par_1_116' title="bbox 487 5505 2069 5574">
     <span class='ocr_line' id='line_1_117' title="bbox 487 5505 2069 5574; baseline -0.004 -12"><span class='ocrx_word' id='word_1_874' title='bbox 487 5511 713 5564; x_wconf 82' lang='lat' dir='ltr'><strong>antistes</strong></span> <span class='ocrx_word' id='word_1_875' title='bbox 737 5505 971 5564; x_wconf 85' lang='lat' dir='ltr'><strong>interfuit</strong></span> <span class='ocrx_word' id='word_1_876' title='bbox 993 5551 1008 5574; x_wconf 94' lang='lat'><strong>,</strong></span> <span class='ocrx_word' id='word_1_877' title='bbox 1038 5512 1301 5565; x_wconf 76' lang='lat' dir='ltr'><strong>indicatur</strong></span> <span class='ocrx_word' id='word_1_878' title='bbox 1330 5513 1381 5564; x_wconf 91' lang='lat' dir='ltr'><strong>in</strong></span> <span class='ocrx_word' id='word_1_879' title='bbox 1410 5510 1514 5562; x_wconf 87' lang='lat' dir='ltr'><strong>alio</strong></span> <span class='ocrx_word' id='word_1_880' title='bbox 1540 5507 1766 5562; x_wconf 63' lang='lat' dir='ltr'><strong>concilio</strong></span> <span class='ocrx_word' id='word_1_881' title='bbox 1794 5505 2069 5570; x_wconf 78' lang='lat' dir='ltr'><strong>Carthagi-</strong></span> 
     </span>
    </p>
   </div>
   <div class='ocr_carea' id='block_1_117' title="bbox 488 5574 2069 5646">
    <p class='ocr_par' dir='ltr' id='par_1_117' title="bbox 488 5574 2069 5646">
     <span class='ocr_line' id='line_1_118' title="bbox 488 5574 2069 5646; baseline -0.004 -14"><span class='ocrx_word' id='word_1_882' title='bbox 488 5579 641 5634; x_wconf 76' lang='grc' dir='ltr'><strong>ιιιιιιεί</strong></span> <span class='ocrx_word' id='word_1_883' title='bbox 672 5579 910 5646; x_wconf 81' lang='lat' dir='ltr'><strong>ejusdem</strong></span> <span class='ocrx_word' id='word_1_884' title='bbox 939 5584 1062 5633; x_wconf 86' lang='lat' dir='ltr'><strong>anni</strong></span> <span class='ocrx_word' id='word_1_885' title='bbox 1093 5582 1190 5635; x_wconf 79' lang='grc'><strong>401</strong></span> <span class='ocrx_word' id='word_1_886' title='bbox 1220 5621 1235 5644; x_wconf 82' lang='grc'>,</span> <span class='ocrx_word' id='word_1_887' title='bbox 1265 5597 1353 5634; x_wconf 72' lang='lat' dir='ltr'><strong>XVI</strong></span> <span class='ocrx_word' id='word_1_888' title='bbox 1385 5579 1492 5633; x_wconf 81' lang='lat' dir='ltr'><strong>kal.</strong></span> <span class='ocrx_word' id='word_1_889' title='bbox 1518 5577 1719 5640; x_wconf 83' lang='lat' dir='ltr'><strong>Julius,</strong></span> <span class='ocrx_word' id='word_1_890' title='bbox 1752 5593 1817 5629; x_wconf 86' lang='lat' dir='ltr'><strong>ne</strong></span> <span class='ocrx_word' id='word_1_891' title='bbox 1840 5574 2069 5630; x_wconf 68' lang='lat' dir='ltr'><strong>infante-8</strong></span> 
     </span>
    </p>
   </div>
   <div class='ocr_carea' id='block_1_118' title="bbox 489 5647 2068 5713">
    <p class='ocr_par' dir='ltr' id='par_1_118' title="bbox 489 5647 2068 5713">
     <span class='ocr_line' id='line_1_119' title="bbox 489 5647 2068 5713; baseline -0.003 -8"><span class='ocrx_word' id='word_1_892' title='bbox 489 5650 883 5707; x_wconf 73' lang='lat' dir='ltr'><strong>Donatistarum</strong></span> <span class='ocrx_word' id='word_1_893' title='bbox 921 5651 986 5707; x_wconf 81' lang='lat' dir='ltr'><strong>ad</strong></span> <span class='ocrx_word' id='word_1_894' title='bbox 1020 5652 1312 5707; x_wconf 78' lang='lat' dir='ltr'><strong>Ecclesiatn</strong></span> <span class='ocrx_word' id='word_1_895' title='bbox 1350 5650 1573 5706; x_wconf 87' lang='lat' dir='ltr'><strong>reduces</strong></span> <span class='ocrx_word' id='word_1_896' title='bbox 1600 5647 1664 5703; x_wconf 87' lang='lat' dir='ltr'><strong>ad</strong></span> <span class='ocrx_word' id='word_1_897' title='bbox 1699 5647 1919 5703; x_wconf 87' lang='lat' dir='ltr'><strong>ordines</strong></span> <span class='ocrx_word' id='word_1_898' title='bbox 1942 5660 2068 5713; x_wconf 81' lang='lat' dir='ltr'><strong>pro-</strong></span> 
     </span>
    </p>
   </div>
   <div class='ocr_carea' id='block_1_119' title="bbox 2158 3124 3749 3198">
    <p class='ocr_par' dir='ltr' id='par_1_119' title="bbox 2158 3124 3749 3198">
     <span class='ocr_line' id='line_1_120' title="bbox 2158 3124 3749 3198; baseline 0.003 -23"><span class='ocrx_word' id='word_1_899' title='bbox 2158 3126 2568 3198; x_wconf 78' lang='lat' dir='ltr'><strong>transmarinum</strong></span> <span class='ocrx_word' id='word_1_900' title='bbox 2595 3124 2813 3198; x_wconf 78' lang='lat' dir='ltr'><strong>[uuv]</strong></span> <span class='ocrx_word' id='word_1_901' title='bbox 2842 3125 3213 3191; x_wconf 80' lang='lat' dir='ltr'><strong>dissolverent,</strong></span> <span class='ocrx_word' id='word_1_902' title='bbox 3245 3127 3342 3181; x_wconf 91' lang='lat' dir='ltr'><strong>nisi</strong></span> <span class='ocrx_word' id='word_1_903' title='bbox 3370 3130 3515 3195; x_wconf 90' lang='lat' dir='ltr'><strong>prius</strong></span> <span class='ocrx_word' id='word_1_904' title='bbox 3545 3129 3749 3182; x_wconf 80' lang='lat' dir='ltr'><strong>Buma-</strong></span> 
     </span>
    </p>
   </div>
   <div class='ocr_carea' id='block_1_120' title="bbox 2156 3195 3747 3264">
    <p class='ocr_par' dir='ltr' id='par_1_120' title="bbox 2156 3195 3747 3264">
     <span class='ocr_line' id='line_1_121' title="bbox 2156 3195 3747 3264; baseline 0.003 -17"><span class='ocrx_word' id='word_1_905' title='bbox 2156 3209 2281 3247; x_wconf 82' lang='lat' dir='ltr'><strong>tittttt</strong></span> <span class='ocrx_word' id='word_1_906' title='bbox 2326 3195 2626 3257; x_wconf 73' lang='lat' dir='ltr'><strong>pontiﬁcem</strong></span> <span class='ocrx_word' id='word_1_907' title='bbox 2665 3195 3008 3251; x_wconf 76' lang='lat' dir='ltr'><strong>consulerent</strong></span> <span class='ocrx_word' id='word_1_908' title='bbox 3036 3204 3092 3251; x_wconf 88' lang='lat' dir='ltr'><strong>et</strong></span> <span class='ocrx_word' id='word_1_909' title='bbox 3117 3198 3573 3264; x_wconf 68' lang='lat' dir='ltr'><strong>distieusationem</strong></span> <span class='ocrx_word' id='word_1_910' title='bbox 3600 3201 3747 3252; x_wconf 77' lang='lat' dir='ltr'><strong>oliti-</strong></span> 
     </span>
    </p>
   </div>
   <div class='ocr_carea' id='block_1_121' title="bbox 2156 3267 3743 3333">
    <p class='ocr_par' dir='ltr' id='par_1_121' title="bbox 2156 3267 3743 3333">
     <span class='ocr_line' id='line_1_122' title="bbox 2156 3267 3743 3333; baseline 0.004 -18"><span class='ocrx_word' id='word_1_911' title='bbox 2156 3274 2376 3328; x_wconf 87' lang='lat' dir='ltr'><strong>nerent;</strong></span> <span class='ocrx_word' id='word_1_912' title='bbox 2407 3274 2657 3333; x_wconf 86' lang='lat' dir='ltr'><strong>quantam</strong></span> <span class='ocrx_word' id='word_1_913' title='bbox 2689 3267 2793 3330; x_wconf 76' lang='lat' dir='ltr'><strong>Illle</strong></span> <span class='ocrx_word' id='word_1_914' title='bbox 2819 3280 2845 3320; x_wconf 89' lang='lat' dir='ltr'><strong>s</strong></span> <span class='ocrx_word' id='word_1_915' title='bbox 2880 3268 3022 3321; x_wconf 90' lang='lat' dir='ltr'><strong>sedis</strong></span> <span class='ocrx_word' id='word_1_916' title='bbox 3051 3270 3353 3321; x_wconf 87' lang='lat' dir='ltr'><strong>auctoritati</strong></span> <span class='ocrx_word' id='word_1_917' title='bbox 3379 3269 3743 3323; x_wconf 74' lang='lat' dir='ltr'><strong>obedientiam</strong></span> 
     </span>
    </p>
   </div>
   <div class='ocr_carea' id='block_1_122' title="bbox 2154 3336 3750 3401">
    <p class='ocr_par' dir='ltr' id='par_1_122' title="bbox 2154 3336 3750 3401">
     <span class='ocr_line' id='line_1_123' title="bbox 2154 3336 3750 3401; baseline 0.002 -13"><span class='ocrx_word' id='word_1_918' title='bbox 2154 3343 2209 3388; x_wconf 89' lang='lat' dir='ltr'><strong>et</strong></span> <span class='ocrx_word' id='word_1_919' title='bbox 2246 3336 2637 3388; x_wconf 74' lang='lat' dir='ltr'><strong>obSi-rvantium</strong></span> <span class='ocrx_word' id='word_1_920' title='bbox 2691 3337 3015 3401; x_wconf 84' lang='lat' dir='ltr'><strong>tribuerent,</strong></span> <span class='ocrx_word' id='word_1_921' title='bbox 3068 3352 3224 3390; x_wconf 87' lang='lat' dir='ltr'><strong>nemo</strong></span> <span class='ocrx_word' id='word_1_922' title='bbox 3272 3354 3377 3391; x_wconf 91' lang='lat' dir='ltr'><strong>uon</strong></span> <span class='ocrx_word' id='word_1_923' title='bbox 3417 3339 3580 3394; x_wconf 69' lang='lat' dir='ltr'><strong>videt.</strong></span> <span class='ocrx_word' id='word_1_924' title='bbox 3622 3341 3750 3394; x_wconf 87' lang='lat' dir='ltr'><strong>Ideo</strong></span> 
     </span>
    </p>
   </div>
   <div class='ocr_carea' id='block_1_123' title="bbox 2157 3404 3751 3474">
    <p class='ocr_par' dir='ltr' id='par_1_123' title="bbox 2157 3404 3751 3474">
     <span class='ocr_line' id='line_1_124' title="bbox 2157 3404 3751 3474; baseline 0.004 -17"><span class='ocrx_word' id='word_1_925' title='bbox 2157 3420 2284 3458; x_wconf 63' lang='lat' dir='ltr'><strong>viro</strong></span> <span class='ocrx_word' id='word_1_926' title='bbox 2333 3406 2513 3458; x_wconf 88' lang='lat' dir='ltr'><strong>tandiu</strong></span> <span class='ocrx_word' id='word_1_927' title='bbox 2558 3404 2718 3458; x_wconf 75' lang='lat' dir='ltr'><strong>dilata</strong></span> <span class='ocrx_word' id='word_1_928' title='bbox 2766 3422 2853 3461; x_wconf 83' lang='lat' dir='ltr'><strong>res</strong></span> <span class='ocrx_word' id='word_1_929' title='bbox 2885 3410 3016 3470; x_wconf 92' lang='lat' dir='ltr'><strong>fut,</strong></span> <span class='ocrx_word' id='word_1_930' title='bbox 3049 3408 3167 3474; x_wconf 84' lang='lat' dir='ltr'><strong>quia</strong></span> <span class='ocrx_word' id='word_1_931' title='bbox 3209 3407 3332 3463; x_wconf 76' lang='lat' dir='ltr'><strong>iiCt‘l</strong></span> <span class='ocrx_word' id='word_1_932' title='bbox 3372 3409 3648 3463; x_wconf 85' lang='lat' dir='ltr'><strong>decretum</strong></span> <span class='ocrx_word' id='word_1_933' title='bbox 3681 3410 3751 3465; x_wconf 80' lang='lat' dir='ltr'><strong>de</strong></span> 
     </span>
    </p>
   </div>
   <div class='ocr_carea' id='block_1_124' title="bbox 2156 3474 3751 3535">
    <p class='ocr_par' dir='ltr' id='par_1_124' title="bbox 2156 3474 3751 3535">
     <span class='ocr_line' id='line_1_125' title="bbox 2156 3474 3751 3535; baseline 0.003 -6"><span class='ocrx_word' id='word_1_934' title='bbox 2156 3474 2483 3529; x_wconf 73' lang='lat' dir='ltr'><strong>oonsulenda</strong></span> <span class='ocrx_word' id='word_1_935' title='bbox 2529 3477 2885 3530; x_wconf 86' lang='lat' dir='ltr'><strong>transmarina</strong></span> <span class='ocrx_word' id='word_1_936' title='bbox 2940 3477 3174 3530; x_wconf 86' lang='lat' dir='ltr'><strong>Ecclesia</strong></span> <span class='ocrx_word' id='word_1_937' title='bbox 3210 3478 3369 3532; x_wconf 79' lang='lat' dir='ltr'><strong>latum</strong></span> <span class='ocrx_word' id='word_1_938' title='bbox 3400 3480 3563 3535; x_wconf 86' lang='lat' dir='ltr'><strong>fuerit</strong></span> <span class='ocrx_word' id='word_1_939' title='bbox 3605 3495 3751 3535; x_wconf 87' lang='lat' dir='ltr'><strong>anno</strong></span> 
     </span>
    </p>
   </div>
   <div class='ocr_carea' id='block_1_125' title="bbox 2156 3544 3751 3615">
    <p class='ocr_par' dir='ltr' id='par_1_125' title="bbox 2156 3544 3751 3615">
     <span class='ocr_line' id='line_1_126' title="bbox 2156 3544 3751 3615; baseline 0.004 -18"><span class='ocrx_word' id='word_1_940' title='bbox 2156 3544 2261 3599; x_wconf 79' lang='grc'><strong>595</strong></span> <span class='ocrx_word' id='word_1_941' title='bbox 2282 3586 2296 3608; x_wconf 82' lang='grc'><strong>,</strong></span> <span class='ocrx_word' id='word_1_942' title='bbox 2328 3556 2380 3600; x_wconf 91' lang='lat' dir='ltr'><strong>et</strong></span> <span class='ocrx_word' id='word_1_943' title='bbox 2412 3546 2463 3599; x_wconf 90' lang='lat' dir='ltr'><strong>iu</strong></span> <span class='ocrx_word' id='word_1_944' title='bbox 2498 3546 2769 3600; x_wconf 78' lang='lat' dir='ltr'><strong>Breviario</strong></span> <span class='ocrx_word' id='word_1_945' title='bbox 2815 3547 3100 3615; x_wconf 87' lang='lat' dir='ltr'><strong>repetitum</strong></span> <span class='ocrx_word' id='word_1_946' title='bbox 3147 3561 3289 3602; x_wconf 78' lang='lat' dir='ltr'><strong>anno</strong></span> <span class='ocrx_word' id='word_1_947' title='bbox 3317 3547 3419 3605; x_wconf 80' lang='lat'><strong>597</strong></span> <span class='ocrx_word' id='word_1_948' title='bbox 3445 3590 3460 3612; x_wconf 91' lang='lat'><strong>,</strong></span> <span class='ocrx_word' id='word_1_949' title='bbox 3511 3554 3751 3603; x_wconf 82' lang='lat' dir='ltr'><strong>nondum</strong></span> 
     </span>
    </p>
   </div>
   <div class='ocr_carea' id='block_1_126' title="bbox 2150 3614 3845 3685">
    <p class='ocr_par' dir='ltr' id='par_1_126' title="bbox 2150 3614 3845 3685">
     <span class='ocr_line' id='line_1_127' title="bbox 2150 3614 3845 3685; baseline 0.004 -17"><span class='ocrx_word' id='word_1_950' title='bbox 2150 3623 2336 3670; x_wconf 73' lang='lat' dir='ltr'><strong>tamen</strong></span> <span class='ocrx_word' id='word_1_951' title='bbox 2359 3620 2688 3671; x_wconf 77' lang='lat' dir='ltr'><strong>exsecutioni</strong></span> <span class='ocrx_word' id='word_1_952' title='bbox 2714 3618 3020 3670; x_wconf 72' lang='lat' dir='ltr'><strong>mandantm</strong></span> <span class='ocrx_word' id='word_1_953' title='bbox 3051 3619 3219 3671; x_wconf 85' lang='lat' dir='ltr'><strong>fuerat</strong></span> <span class='ocrx_word' id='word_1_954' title='bbox 3243 3635 3383 3675; x_wconf 88' lang='lat' dir='ltr'><strong>anno</strong></span> <span class='ocrx_word' id='word_1_955' title='bbox 3406 3619 3532 3674; x_wconf 89' lang='grc'><strong>401.</strong></span> <span class='ocrx_word' id='word_1_956' title='bbox 3564 3621 3753 3685; x_wconf 83' lang='lat' dir='ltr'><strong>Itaque</strong></span> <span class='ocrx_word' id='word_1_957' title='bbox 3839 3614 3845 3619; x_wconf 70' lang='grc'><strong>’</strong></span> 
     </span>
    </p>
   </div>
   <div class='ocr_carea' id='block_1_127' title="bbox 2159 3686 3751 3757">
    <p class='ocr_par' dir='ltr' id='par_1_127' title="bbox 2159 3686 3751 3757">
     <span class='ocr_line' id='line_1_128' title="bbox 2159 3686 3751 3757; baseline 0.002 -17"><span class='ocrx_word' id='word_1_958' title='bbox 2159 3686 2260 3741; x_wconf 88' lang='lat' dir='ltr'><strong>ltoc</strong></span> <span class='ocrx_word' id='word_1_959' title='bbox 2307 3702 2450 3741; x_wconf 87' lang='lat' dir='ltr'><strong>anno</strong></span> <span class='ocrx_word' id='word_1_960' title='bbox 2494 3687 2544 3740; x_wconf 93' lang='lat' dir='ltr'><strong>in</strong></span> <span class='ocrx_word' id='word_1_961' title='bbox 2595 3687 2801 3757; x_wconf 78' lang='lat' dir='ltr'><strong>synodo</strong></span> <span class='ocrx_word' id='word_1_962' title='bbox 2841 3702 2926 3741; x_wconf 74' lang='lat' dir='ltr'><strong>im</strong></span> <span class='ocrx_word' id='word_1_963' title='bbox 2973 3686 3077 3740; x_wconf 83' lang='lat' dir='ltr'><strong>kal.</strong></span> <span class='ocrx_word' id='word_1_964' title='bbox 3115 3688 3281 3742; x_wconf 85' lang='lat' dir='ltr'><strong>Julias</strong></span> <span class='ocrx_word' id='word_1_965' title='bbox 3322 3705 3389 3745; x_wconf 92' lang='lat' dir='ltr'><strong>ne</strong></span> <span class='ocrx_word' id='word_1_966' title='bbox 3426 3690 3751 3747; x_wconf 53' lang='lat' dir='ltr'><strong>consultatio</strong></span> 
     </span>
    </p>
   </div>
   <div class='ocr_carea' id='block_1_128' title="bbox 2159 3757 3752 3825">
    <p class='ocr_par' dir='ltr' id='par_1_128' title="bbox 2159 3757 3752 3825">
     <span class='ocr_line' id='line_1_129' title="bbox 2159 3757 3752 3825; baseline 0.003 -15"><span class='ocrx_word' id='word_1_967' title='bbox 2159 3758 2386 3825; x_wconf 89' lang='lat' dir='ltr'><strong>amplius</strong></span> <span class='ocrx_word' id='word_1_968' title='bbox 2403 3757 2924 3825; x_wconf 74' lang='lat' dir='ltr'><strong>ditl‘erretur,|egatio</strong></span> <span class='ocrx_word' id='word_1_969' title='bbox 2940 3759 3003 3811; x_wconf 92' lang='lat' dir='ltr'><strong>ad</strong></span> <span class='ocrx_word' id='word_1_970' title='bbox 3025 3760 3430 3814; x_wconf 85' lang='lat' dir='ltr'><strong>transmarinam</strong></span> <span class='ocrx_word' id='word_1_971' title='bbox 3452 3760 3752 3815; x_wconf 79' lang='lat' dir='ltr'><strong>Ecclesium</strong></span> 
     </span>
    </p>
   </div>
   <div class='ocr_carea' id='block_1_129' title="bbox 2160 3826 3754 3897">
    <p class='ocr_par' dir='ltr' id='par_1_129' title="bbox 2160 3826 3754 3897">
     <span class='ocr_line' id='line_1_130' title="bbox 2160 3826 3754 3897; baseline 0.003 -17"><span class='ocrx_word' id='word_1_972' title='bbox 2160 3828 2421 3880; x_wconf 87' lang='lat' dir='ltr'><strong>destinata</strong></span> <span class='ocrx_word' id='word_1_973' title='bbox 2444 3837 2547 3891; x_wconf 81' lang='lat' dir='ltr'><strong>est,</strong></span> <span class='ocrx_word' id='word_1_974' title='bbox 2575 3843 2676 3897; x_wconf 85' lang='lat' dir='ltr'><strong>qua</strong></span> <span class='ocrx_word' id='word_1_975' title='bbox 2700 3826 2934 3883; x_wconf 81' lang='lat' dir='ltr'><strong>Africani</strong></span> <span class='ocrx_word' id='word_1_976' title='bbox 2956 3829 3189 3897; x_wconf 70' lang='lat' dir='ltr'><strong>epiSt-opi</strong></span> <span class='ocrx_word' id='word_1_977' title='bbox 3212 3828 3281 3884; x_wconf 91' lang='lat' dir='ltr'><strong>de</strong></span> <span class='ocrx_word' id='word_1_978' title='bbox 3301 3830 3429 3884; x_wconf 88' lang='lat' dir='ltr'><strong>solis</strong></span> <span class='ocrx_word' id='word_1_979' title='bbox 3457 3831 3754 3886; x_wconf 75' lang='lat' dir='ltr'><strong>infantibus</strong></span> 
     </span>
    </p>
   </div>
   <div class='ocr_carea' id='block_1_130' title="bbox 2161 3896 3756 3970">
    <p class='ocr_par' dir='ltr' id='par_1_130' title="bbox 2161 3896 3756 3970">
     <span class='ocr_line' id='line_1_131' title="bbox 2161 3896 3756 3970; baseline 0.004 -22"><span class='ocrx_word' id='word_1_980' title='bbox 2161 3898 2580 3970; x_wconf 60' lang='lat' dir='ltr'><strong>consuluerunt.</strong></span> <span class='ocrx_word' id='word_1_981' title='bbox 2608 3896 2743 3970; x_wconf 81' lang='lat' dir='ltr'><strong>Tum</strong></span> <span class='ocrx_word' id='word_1_982' title='bbox 2773 3897 2826 3970; x_wconf 85' lang='lat' dir='ltr'><strong>iu</strong></span> <span class='ocrx_word' id='word_1_983' title='bbox 2852 3899 2959 3970; x_wconf 74' lang='lat' dir='ltr'><strong>alia</strong></span> <span class='ocrx_word' id='word_1_984' title='bbox 2989 3898 3198 3970; x_wconf 72' lang='lat' dir='ltr'><strong>synodo</strong></span> <span class='ocrx_word' id='word_1_985' title='bbox 3227 3901 3350 3954; x_wconf 91' lang='lat' dir='ltr'><strong>anni</strong></span> <span class='ocrx_word' id='word_1_986' title='bbox 3377 3902 3621 3970; x_wconf 87' lang='lat' dir='ltr'><strong>ejusdem</strong></span> <span class='ocrx_word' id='word_1_987' title='bbox 3650 3903 3756 3955; x_wconf 84' lang='lat' dir='ltr'><strong>idi-</strong></span> 
     </span>
    </p>
   </div>
   <div class='ocr_carea' id='block_1_131' title="bbox 2162 3966 3757 4035">
    <p class='ocr_par' dir='ltr' id='par_1_131' title="bbox 2162 3966 3757 4035">
     <span class='ocr_line' id='line_1_132' title="bbox 2162 3966 3757 4035; baseline 0.004 -16"><span class='ocrx_word' id='word_1_988' title='bbox 2162 3966 2259 4019; x_wconf 89' lang='lat' dir='ltr'><strong>bus</strong></span> <span class='ocrx_word' id='word_1_989' title='bbox 2286 3968 2612 4034; x_wconf 60' lang='lat' dir='ltr'><strong>eeptemhris</strong></span> <span class='ocrx_word' id='word_1_990' title='bbox 2640 3966 2710 4021; x_wconf 89' lang='lat' dir='ltr'><strong>de</strong></span> <span class='ocrx_word' id='word_1_991' title='bbox 2739 3967 2946 4021; x_wconf 85' lang='lat' dir='ltr'><strong>clericis</strong></span> <span class='ocrx_word' id='word_1_992' title='bbox 2988 3967 3384 4024; x_wconf 81' lang='lat' dir='ltr'><strong>Donatistarum</strong></span> <span class='ocrx_word' id='word_1_993' title='bbox 3407 3966 3757 4035; x_wconf 57' lang='lat' dir='ltr'><strong>recipiendis</strong></span> 
     </span>
    </p>
   </div>
   <div class='ocr_carea' id='block_1_132' title="bbox 2164 4037 3754 4102">
    <p class='ocr_par' dir='ltr' id='par_1_132' title="bbox 2164 4037 3754 4102">
     <span class='ocr_line' id='line_1_133' title="bbox 2164 4037 3754 4102; baseline 0.004 -13"><span class='ocrx_word' id='word_1_994' title='bbox 2164 4050 2258 4102; x_wconf 92' lang='lat' dir='ltr'><strong>per</strong></span> <span class='ocrx_word' id='word_1_995' title='bbox 2288 4037 2493 4091; x_wconf 84' lang='lat' dir='ltr'><strong>litteras</strong></span> <span class='ocrx_word' id='word_1_996' title='bbox 2523 4038 2898 4091; x_wconf 88' lang='lat' dir='ltr'><strong>intercessere.</strong></span> <span class='ocrx_word' id='word_1_997' title='bbox 2941 4037 3017 4091; x_wconf 64' lang='lat' dir='ltr'><strong>Es</strong></span> <span class='ocrx_word' id='word_1_998' title='bbox 3049 4040 3148 4092; x_wconf 85' lang='lat' dir='ltr'><strong>hac</strong></span> <span class='ocrx_word' id='word_1_999' title='bbox 3174 4048 3351 4095; x_wconf 90' lang='lat' dir='ltr'><strong>autem</strong></span> <span class='ocrx_word' id='word_1_1000' title='bbox 3390 4042 3611 4096; x_wconf 73' lang='lat' dir='ltr'><strong>historia</strong></span> <span class='ocrx_word' id='word_1_1001' title='bbox 3644 4057 3754 4096; x_wconf 92' lang='lat' dir='ltr'><strong>non</strong></span> 
     </span>
    </p>
   </div>
   <div class='ocr_carea' id='block_1_133' title="bbox 2165 4107 3756 4177">
    <p class='ocr_par' dir='ltr' id='par_1_133' title="bbox 2165 4107 3756 4177">
     <span class='ocr_line' id='line_1_134' title="bbox 2165 4107 3756 4177; baseline 0.005 -19"><span class='ocrx_word' id='word_1_1002' title='bbox 2165 4112 2270 4177; x_wconf 79' lang='lat' dir='ltr'><strong>tam</strong></span> <span class='ocrx_word' id='word_1_1003' title='bbox 2291 4107 2477 4177; x_wconf 83' lang='lat' dir='ltr'><strong>soluta</strong></span> <span class='ocrx_word' id='word_1_1004' title='bbox 2510 4117 2595 4161; x_wconf 70' lang='lat' dir='ltr'><strong>est</strong></span> <span class='ocrx_word' id='word_1_1005' title='bbox 2638 4108 2906 4174; x_wconf 78' lang='lat' dir='ltr'><strong>preposita</strong></span> <span class='ocrx_word' id='word_1_1006' title='bbox 2938 4107 3197 4177; x_wconf 68' lang='lat' dir='ltr'><strong>obiectio,</strong></span> <span class='ocrx_word' id='word_1_1007' title='bbox 3228 4127 3328 4177; x_wconf 65' lang='lat' dir='ltr'><strong>qua</strong></span> <span class='ocrx_word' id='word_1_1008' title='bbox 3363 4111 3447 4167; x_wconf 86' lang='lat' dir='ltr'><strong>hic</strong></span> <span class='ocrx_word' id='word_1_1009' title='bbox 3476 4126 3650 4165; x_wconf 71' lang='lat' dir='ltr'><strong>canon</strong></span> <span class='ocrx_word' id='word_1_1010' title='bbox 3682 4111 3756 4166; x_wconf 81' lang='grc'><strong>47</strong></span> 
     </span>
    </p>
   </div>
   <div class='ocr_carea' id='block_1_134' title="bbox 2164 4175 3759 4245">
    <p class='ocr_par' dir='ltr' id='par_1_134' title="bbox 2164 4175 3759 4245">
     <span class='ocr_line' id='line_1_135' title="bbox 2164 4175 3759 4245; baseline 0.006 -18"><span class='ocrx_word' id='word_1_1011' title='bbox 2164 4175 2465 4245; x_wconf 85' lang='lat' dir='ltr'><strong>deelerieis</strong></span> <span class='ocrx_word' id='word_1_1012' title='bbox 2489 4176 2778 4230; x_wconf 87' lang='lat' dir='ltr'><strong>Donatistis</strong></span> <span class='ocrx_word' id='word_1_1013' title='bbox 2801 4175 3026 4245; x_wconf 84' lang='lat' dir='ltr'><strong>loquens</strong></span> <span class='ocrx_word' id='word_1_1014' title='bbox 3046 4194 3074 4230; x_wconf 82' lang='grc' dir='ltr'><strong>ιι</strong></span> <span class='ocrx_word' id='word_1_1015' title='bbox 3099 4175 3368 4234; x_wconf 74' lang='lat' dir='ltr'><strong>BreViario</strong></span> <span class='ocrx_word' id='word_1_1016' title='bbox 3388 4183 3759 4237; x_wconf 66' lang='lat' dir='ltr'><strong>excludendos</strong></span> 
     </span>
    </p>
   </div>
   <div class='ocr_carea' id='block_1_135' title="bbox 2164 4244 3755 4315">
    <p class='ocr_par' dir='ltr' id='par_1_135' title="bbox 2164 4244 3755 4315">
     <span class='ocr_line' id='line_1_136' title="bbox 2164 4244 3755 4315; baseline 0.004 -18"><span class='ocrx_word' id='word_1_1017' title='bbox 2164 4244 2472 4306; x_wconf 82' lang='lat' dir='ltr'><strong>videbatur:</strong></span> <span class='ocrx_word' id='word_1_1018' title='bbox 2520 4246 2614 4302; x_wconf 87' lang='lat' dir='ltr'><strong>sed</strong></span> <span class='ocrx_word' id='word_1_1019' title='bbox 2669 4247 2845 4315; x_wconf 87' lang='lat' dir='ltr'><strong>potius</strong></span> <span class='ocrx_word' id='word_1_1020' title='bbox 2875 4244 3245 4303; x_wconf 75' lang='lat' dir='ltr'><strong>continuatum</strong></span> <span class='ocrx_word' id='word_1_1021' title='bbox 3293 4254 3525 4306; x_wconf 82' lang='lat' dir='ltr'><strong>maxime</strong></span> <span class='ocrx_word' id='word_1_1022' title='bbox 3562 4269 3620 4304; x_wconf 91' lang='lat' dir='ltr'><strong>re</strong></span> <span class='ocrx_word' id='word_1_1023' title='bbox 3656 4262 3755 4313; x_wconf 86' lang='lat' dir='ltr'><strong>tat,</strong></span> 
     </span>
    </p>
   </div>
   <div class='ocr_carea' id='block_1_136' title="bbox 2166 4316 3760 4385">
    <p class='ocr_par' dir='ltr' id='par_1_136' title="bbox 2166 4316 3760 4385">
     <span class='ocr_line' id='line_1_137' title="bbox 2166 4316 3760 4385; baseline 0.006 -17"><span class='ocrx_word' id='word_1_1024' title='bbox 2166 4317 2445 4371; x_wconf 82' lang='lat' dir='ltr'><strong>Africanos</strong></span> <span class='ocrx_word' id='word_1_1025' title='bbox 2475 4316 2659 4371; x_wconf 72' lang='lat' dir='ltr'><strong>Patres</strong></span> <span class='ocrx_word' id='word_1_1026' title='bbox 2677 4316 2746 4371; x_wconf 92' lang='lat' dir='ltr'><strong>de</strong></span> <span class='ocrx_word' id='word_1_1027' title='bbox 2774 4319 2871 4370; x_wconf 88' lang='lat' dir='ltr'><strong>hac</strong></span> <span class='ocrx_word' id='word_1_1028' title='bbox 2892 4332 2972 4381; x_wconf 91' lang='lat' dir='ltr'><strong>re,</strong></span> <span class='ocrx_word' id='word_1_1029' title='bbox 2996 4334 3113 4385; x_wconf 71' lang='lat' dir='ltr'><strong>qum</strong></span> <span class='ocrx_word' id='word_1_1030' title='bbox 3138 4335 3165 4370; x_wconf 88' lang='lat' dir='ltr'><strong>a</strong></span> <span class='ocrx_word' id='word_1_1031' title='bbox 3188 4323 3542 4376; x_wconf 77' lang='lat' dir='ltr'><strong>transmarina</strong></span> <span class='ocrx_word' id='word_1_1032' title='bbox 3570 4323 3760 4377; x_wconf 83' lang='lat' dir='ltr'><strong>Eccle-</strong></span> 
     </span>
    </p>
   </div>
   <div class='ocr_carea' id='block_1_137' title="bbox 2091 4386 3760 4467">
    <p class='ocr_par' dir='ltr' id='par_1_137' title="bbox 2091 4386 3760 4467">
     <span class='ocr_line' id='line_1_138' title="bbox 2091 4386 3760 4467; baseline 0.006 -31"><span class='ocrx_word' id='word_1_1033' title='bbox 2091 4409 2139 4467; x_wconf 67' lang='grc' dir='ltr'><strong><em>Β</em></strong></span> <span class='ocrx_word' id='word_1_1034' title='bbox 2165 4386 2242 4437; x_wconf 90' lang='lat' dir='ltr'><strong>sia</strong></span> <span class='ocrx_word' id='word_1_1035' title='bbox 2286 4386 2826 4467; x_wconf 43' lang='lat' dir='ltr'><strong>interdictahfuerat,</strong></span> <span class='ocrx_word' id='word_1_1036' title='bbox 2865 4387 3027 4441; x_wconf 82' lang='lat' dir='ltr'><strong>fuisse</strong></span> <span class='ocrx_word' id='word_1_1037' title='bbox 3070 4389 3369 4467; x_wconf 57' lang='lat' dir='ltr'><strong>50:!i0l‘08_!</strong></span> <span class='ocrx_word' id='word_1_1038' title='bbox 3410 4406 3473 4446; x_wconf 90' lang='lat' dir='ltr'><strong>ac</strong></span> <span class='ocrx_word' id='word_1_1039' title='bbox 3501 4396 3760 4467; x_wconf 70' lang='lat' dir='ltr'><strong>statuisse</strong></span> 
     </span>
    </p>
   </div>
   <div class='ocr_carea' id='block_1_138' title="bbox 2166 4457 3761 4528">
    <p class='ocr_par' dir='ltr' id='par_1_138' title="bbox 2166 4457 3761 4528">
     <span class='ocr_line' id='line_1_139' title="bbox 2166 4457 3761 4528; baseline 0.004 -19"><span class='ocrx_word' id='word_1_1040' title='bbox 2166 4458 2550 4528; x_wconf 78' lang='lat' dir='ltr'><strong>consulendum</strong></span> <span class='ocrx_word' id='word_1_1041' title='bbox 2564 4457 2863 4528; x_wconf 71' lang='lat' dir='ltr'><strong>Ecclesium</strong></span> <span class='ocrx_word' id='word_1_1042' title='bbox 2889 4460 3317 4528; x_wconf 87' lang='lat' dir='ltr'><strong>transmarinam,</strong></span> <span class='ocrx_word' id='word_1_1043' title='bbox 3336 4462 3458 4517; x_wconf 88' lang='lat' dir='ltr'><strong>licet</strong></span> <span class='ocrx_word' id='word_1_1044' title='bbox 3478 4465 3761 4518; x_wconf 81' lang='lat' dir='ltr'><strong>exsecutio</strong></span> 
     </span>
    </p>
   </div>
   <div class='ocr_carea' id='block_1_139' title="bbox 2168 4525 2982 4582">
    <p class='ocr_par' dir='ltr' id='par_1_139' title="bbox 2168 4525 2982 4582">
     <span class='ocr_line' id='line_1_140' title="bbox 2168 4525 2982 4582; baseline 0.002 -3"><span class='ocrx_word' id='word_1_1045' title='bbox 2168 4525 2220 4579; x_wconf 94' lang='lat' dir='ltr'><strong>in</strong></span> <span class='ocrx_word' id='word_1_1046' title='bbox 2252 4540 2449 4579; x_wconf 84' lang='lat' dir='ltr'><strong>annum</strong></span> <span class='ocrx_word' id='word_1_1047' title='bbox 2480 4526 2579 4581; x_wconf 73' lang='grc'><strong>401</strong></span> <span class='ocrx_word' id='word_1_1048' title='bbox 2610 4527 2768 4582; x_wconf 84' lang='lat' dir='ltr'><strong>dilata</strong></span> <span class='ocrx_word' id='word_1_1049' title='bbox 2799 4526 2982 4581; x_wconf 87' lang='lat' dir='ltr'><strong>fuerit.</strong></span> 
     </span>
    </p>
   </div>
   <div class='ocr_carea' id='block_1_140' title="bbox 2241 4596 3748 4671">
    <p class='ocr_par' dir='ltr' id='par_1_140' title="bbox 2241 4596 3748 4671">
     <span class='ocr_line' id='line_1_141' title="bbox 2241 4596 3748 4671; baseline 0.007 -23"><span class='ocrx_word' id='word_1_1050' title='bbox 2241 4596 2952 4671; x_wconf 68' lang='lat' dir='ltr'><strong>liestat_altera__difficultas</strong></span> <span class='ocrx_word' id='word_1_1051' title='bbox 2976 4612 3041 4671; x_wconf 84' lang='lat' dir='ltr'><strong>ex</strong></span> <span class='ocrx_word' id='word_1_1052' title='bbox 3078 4599 3330 4671; x_wconf 86' lang='lat' dir='ltr'><strong>Dionysio</strong></span> <span class='ocrx_word' id='word_1_1053' title='bbox 3375 4601 3614 4667; x_wconf 69' lang='lat' dir='ltr'><strong>Exiguo,</strong></span> <span class='ocrx_word' id='word_1_1054' title='bbox 3643 4616 3748 4658; x_wconf 83' lang='lat' dir='ltr'><strong>seu</strong></span> 
     </span>
    </p>
   </div>
   <div class='ocr_carea' id='block_1_141' title="bbox 2167 4665 3760 4739">
    <p class='ocr_par' dir='ltr' id='par_1_141' title="bbox 2167 4665 3760 4739">
     <span class='ocr_line' id='line_1_142' title="bbox 2167 4665 3760 4739; baseline 0.005 -19"><span class='ocrx_word' id='word_1_1055' title='bbox 2167 4679 2232 4721; x_wconf 81' lang='lat' dir='ltr'><strong>ex</strong></span> <span class='ocrx_word' id='word_1_1056' title='bbox 2263 4680 2382 4739; x_wconf 66' lang='lat' dir='ltr'><strong>can.</strong></span> <span class='ocrx_word' id='word_1_1057' title='bbox 2424 4665 2491 4739; x_wconf 79' lang='grc'><strong>47</strong></span> <span class='ocrx_word' id='word_1_1058' title='bbox 2519 4666 2737 4739; x_wconf 84' lang='lat' dir='ltr'><strong>Codicis</strong></span> <span class='ocrx_word' id='word_1_1059' title='bbox 2767 4667 3026 4739; x_wconf 83' lang='lat' dir='ltr'><strong>Africani,</strong></span> <span class='ocrx_word' id='word_1_1060' title='bbox 3066 4671 3116 4723; x_wconf 94' lang='lat' dir='ltr'><strong>in</strong></span> <span class='ocrx_word' id='word_1_1061' title='bbox 3145 4665 3253 4737; x_wconf 77' lang='lat' dir='ltr'><strong>quo</strong></span> <span class='ocrx_word' id='word_1_1062' title='bbox 3282 4682 3403 4739; x_wconf 89' lang='lat' dir='ltr'><strong>post</strong></span> <span class='ocrx_word' id='word_1_1063' title='bbox 3430 4665 3760 4728; x_wconf 84' lang='lat' dir='ltr'><strong>anteceden-</strong></span> 
     </span>
    </p>
   </div>
   <div class='ocr_carea' id='block_1_142' title="bbox 2168 4736 3762 4813">
    <p class='ocr_par' dir='ltr' id='par_1_142' title="bbox 2168 4736 3762 4813">
     <span class='ocr_line' id='line_1_143' title="bbox 2168 4736 3762 4813; baseline 0.004 -23"><span class='ocrx_word' id='word_1_1064' title='bbox 2168 4745 2274 4813; x_wconf 82' lang='lat' dir='ltr'><strong>tetu</strong></span> <span class='ocrx_word' id='word_1_1065' title='bbox 2308 4736 2563 4790; x_wconf 88' lang='lat' dir='ltr'><strong>Breviarii</strong></span> <span class='ocrx_word' id='word_1_1066' title='bbox 2586 4751 2843 4813; x_wconf 63' lang='lat' dir='ltr'><strong>canonept</strong></span> <span class='ocrx_word' id='word_1_1067' title='bbox 2873 4737 3032 4813; x_wconf 61' lang='lat' dir='ltr'><strong>Adde</strong></span> <span class='ocrx_word' id='word_1_1068' title='bbox 3060 4736 3394 4813; x_wconf 80' lang='lat' dir='ltr'><strong>passiouihus</strong></span> <span class='ocrx_word' id='word_1_1069' title='bbox 3427 4753 3762 4813; x_wconf 79' lang='lat' dir='ltr'><strong>martyrum,</strong></span> 
     </span>
    </p>
   </div>
   <div class='ocr_carea' id='block_1_143' title="bbox 2166 4805 3760 4876">
    <p class='ocr_par' dir='ltr' id='par_1_143' title="bbox 2166 4805 3760 4876">
     <span class='ocr_line' id='line_1_144' title="bbox 2166 4805 3760 4876; baseline 0.008 -19"><span class='ocrx_word' id='word_1_1070' title='bbox 2166 4807 2366 4876; x_wconf 85' lang='lat' dir='ltr'><strong>omisso</strong></span> <span class='ocrx_word' id='word_1_1071' title='bbox 2405 4822 2617 4876; x_wconf 79' lang='lat' dir='ltr'><strong>canone</strong></span> <span class='ocrx_word' id='word_1_1072' title='bbox 2664 4805 2731 4860; x_wconf 85' lang='lat' dir='ltr'><strong>de</strong></span> <span class='ocrx_word' id='word_1_1073' title='bbox 2780 4805 3172 4876; x_wconf 65' lang='lat' dir='ltr'><strong>Donatistarum</strong></span> <span class='ocrx_word' id='word_1_1074' title='bbox 3220 4812 3456 4876; x_wconf 89' lang='lat' dir='ltr'><strong>clericis,</strong></span> <span class='ocrx_word' id='word_1_1075' title='bbox 3504 4805 3587 4867; x_wconf 54' lang='lat' dir='ltr'><strong>de&#39;</strong></span> <span class='ocrx_word' id='word_1_1076' title='bbox 3617 4805 3760 4870; x_wconf 80' lang='lat' dir='ltr'><strong>solis</strong></span> 
     </span>
    </p>
   </div>
   <div class='ocr_carea' id='block_1_144' title="bbox 2169 4874 3764 4949">
    <p class='ocr_par' dir='ltr' id='par_1_144' title="bbox 2169 4874 3764 4949">
     <span class='ocr_line' id='line_1_145' title="bbox 2169 4874 3764 4949; baseline 0.006 -21"><span class='ocrx_word' id='word_1_1077' title='bbox 2169 4874 2403 4949; x_wconf 82' lang='lat' dir='ltr'><strong>ipsorum</strong></span> <span class='ocrx_word' id='word_1_1078' title='bbox 2454 4875 2741 4949; x_wconf 79' lang='lat' dir='ltr'><strong>infantibus</strong></span> <span class='ocrx_word' id='word_1_1079' title='bbox 2784 4875 3029 4949; x_wconf 71' lang='lat' dir='ltr'><strong>Siticiutu</strong></span> <span class='ocrx_word' id='word_1_1080' title='bbox 3064 4889 3120 4933; x_wconf 85' lang='lat' dir='ltr'><strong>et</strong></span> <span class='ocrx_word' id='word_1_1081' title='bbox 3164 4874 3570 4949; x_wconf 87' lang='lat' dir='ltr'><strong>Simplicianum</strong></span> <span class='ocrx_word' id='word_1_1082' title='bbox 3619 4898 3764 4938; x_wconf 80' lang='lat' dir='ltr'><strong>con-</strong></span> 
     </span>
    </p>
   </div>
   <div class='ocr_carea' id='block_1_145' title="bbox 2168 4946 3766 5021">
    <p class='ocr_par' dir='ltr' id='par_1_145' title="bbox 2168 4946 3766 5021">
     <span class='ocr_line' id='line_1_146' title="bbox 2168 4946 3766 5021; baseline 0.007 -25"><span class='ocrx_word' id='word_1_1083' title='bbox 2168 4946 2778 5021; x_wconf 75' lang='lat' dir='ltr'><strong>sule_tidos_tlecertiitur.</strong></span> <span class='ocrx_word' id='word_1_1084' title='bbox 2808 4946 3059 5021; x_wconf 56' lang='lat' dir='ltr'><strong>luitis-um</strong></span> <span class='ocrx_word' id='word_1_1085' title='bbox 3101 4946 3503 5021; x_wconf 46' lang='lat' dir='ltr'><strong>etiam&#39;legttur</strong></span> <span class='ocrx_word' id='word_1_1086' title='bbox 3548 4953 3603 5007; x_wconf 90' lang='lat' dir='ltr'><strong>in</strong></span> <span class='ocrx_word' id='word_1_1087' title='bbox 3643 4955 3766 5009; x_wconf 88' lang='lat' dir='ltr'><strong>col-</strong></span> 
     </span>
    </p>
   </div>
   <div class='ocr_carea' id='block_1_146' title="bbox 2172 5014 3765 5094">
    <p class='ocr_par' dir='ltr' id='par_1_146' title="bbox 2172 5014 3765 5094">
     <span class='ocr_line' id='line_1_147' title="bbox 2172 5014 3765 5094; baseline 0.008 -28"><span class='ocrx_word' id='word_1_1088' title='bbox 2172 5014 2398 5094; x_wconf 59' lang='lat' dir='ltr'><strong>lectiooe</strong></span> <span class='ocrx_word' id='word_1_1089' title='bbox 2434 5015 2628 5094; x_wconf 50' lang='lat' dir='ltr'><strong>lsidiiri</strong></span> <span class='ocrx_word' id='word_1_1090' title='bbox 2646 5029 2770 5094; x_wconf 80' lang='lat' dir='ltr'><strong>ca_n._</strong></span> <span class='ocrx_word' id='word_1_1091' title='bbox 2795 5014 2976 5094; x_wconf 46' lang='grc' dir='ltr'><strong>40..ξο</strong></span> <span class='ocrx_word' id='word_1_1092' title='bbox 3015 5032 3273 5094; x_wconf 69' lang='lat' dir='ltr'><strong>praeterea</strong></span> <span class='ocrx_word' id='word_1_1093' title='bbox 3303 5014 3600 5094; x_wconf 61' lang='lat' dir='ltr'><strong>in&#39;synodo</strong></span> <span class='ocrx_word' id='word_1_1094' title='bbox 3630 5025 3765 5078; x_wconf 89' lang='lat' dir='ltr'><strong>anni</strong></span> 
     </span>
    </p>
   </div>
   <div class='ocr_carea' id='block_1_147' title="bbox 2169 5083 3765 5161">
    <p class='ocr_par' dir='ltr' id='par_1_147' title="bbox 2169 5083 3765 5161">
     <span class='ocr_line' id='line_1_148' title="bbox 2169 5083 3765 5161; baseline 0.008 -24"><span class='ocrx_word' id='word_1_1095' title='bbox 2169 5084 2308 5147; x_wconf 71' lang='grc'><strong>401,</strong></span> <span class='ocrx_word' id='word_1_1096' title='bbox 2339 5099 2462 5161; x_wconf 77' lang='lat' dir='ltr'><strong>can.</strong></span> <span class='ocrx_word' id='word_1_1097' title='bbox 2494 5083 2558 5138; x_wconf 83' lang='grc'>57</span> <span class='ocrx_word' id='word_1_1098' title='bbox 2590 5084 2802 5161; x_wconf 43' lang='lat' dir='ltr'><strong>(iudicis</strong></span> <span class='ocrx_word' id='word_1_1099' title='bbox 2830 5083 3065 5161; x_wconf 76' lang='lat' dir='ltr'><strong>Africani</strong></span> <span class='ocrx_word' id='word_1_1100' title='bbox 3100 5088 3184 5144; x_wconf 83' lang='lat' dir='ltr'><strong>hic</strong></span> <span class='ocrx_word' id='word_1_1101' title='bbox 3211 5105 3383 5144; x_wconf 81' lang='lat' dir='ltr'><strong>canon</strong></span> <span class='ocrx_word' id='word_1_1102' title='bbox 3416 5083 3484 5148; x_wconf 65' lang='lat' dir='ltr'><strong>ile</strong></span> <span class='ocrx_word' id='word_1_1103' title='bbox 3516 5095 3765 5161; x_wconf 85' lang='lat' dir='ltr'><strong>parvulis</strong></span> 
     </span>
    </p>
   </div>
   <div class='ocr_carea' id='block_1_148' title="bbox 2175 5155 3764 5222">
    <p class='ocr_par' dir='ltr' id='par_1_148' title="bbox 2175 5155 3764 5222">
     <span class='ocr_line' id='line_1_149' title="bbox 2175 5155 3764 5222; baseline 0.008 -14"><span class='ocrx_word' id='word_1_1104' title='bbox 2175 5155 2435 5222; x_wconf 80' lang='lat' dir='ltr'><strong>Superiori</strong></span> <span class='ocrx_word' id='word_1_1105' title='bbox 2469 5155 2694 5208; x_wconf 90' lang='lat' dir='ltr'><strong>concilio</strong></span> <span class='ocrx_word' id='word_1_1106' title='bbox 2723 5156 2897 5208; x_wconf 72' lang='lat' dir='ltr'><strong>editus</strong></span> <span class='ocrx_word' id='word_1_1107' title='bbox 2929 5158 3172 5211; x_wconf 87' lang='lat' dir='ltr'><strong>traditur.</strong></span> <span class='ocrx_word' id='word_1_1108' title='bbox 3204 5161 3354 5214; x_wconf 90' lang='lat' dir='ltr'><strong>llunc</strong></span> <span class='ocrx_word' id='word_1_1109' title='bbox 3376 5155 3554 5217; x_wconf 83' lang='lat' dir='ltr'><strong>autem</strong></span> <span class='ocrx_word' id='word_1_1110' title='bbox 3589 5164 3764 5220; x_wconf 81' lang='lat' dir='ltr'><strong>fuisse</strong></span> 
     </span>
    </p>
   </div>
   <div class='ocr_carea' id='block_1_149' title="bbox 2176 5226 3764 5302">
    <p class='ocr_par' dir='ltr' id='par_1_149' title="bbox 2176 5226 3764 5302">
     <span class='ocr_line' id='line_1_150' title="bbox 2176 5226 3764 5302; baseline 0.009 -27"><span class='ocrx_word' id='word_1_1111' title='bbox 2176 5238 2501 5302; x_wconf 71' lang='lat' dir='ltr'><strong>poswetnnm</strong></span> <span class='ocrx_word' id='word_1_1112' title='bbox 2537 5226 3096 5302; x_wconf 31' lang='lat' dir='ltr'><strong>canotiem‘Breviarii</strong></span> <span class='ocrx_word' id='word_1_1113' title='bbox 3130 5229 3486 5302; x_wconf 74' lang='lat' dir='ltr'><strong>Hipponensis</strong></span> <span class='ocrx_word' id='word_1_1114' title='bbox 3519 5243 3668 5302; x_wconf 89' lang='lat' dir='ltr'><strong>patet</strong></span> <span class='ocrx_word' id='word_1_1115' title='bbox 3692 5249 3764 5289; x_wconf 80' lang='lat' dir='ltr'><strong>ex</strong></span> 
     </span>
    </p>
   </div>
   <div class='ocr_carea' id='block_1_150' title="bbox 2176 5295 3766 5363">
    <p class='ocr_par' dir='ltr' id='par_1_150' title="bbox 2176 5295 3766 5363">
     <span class='ocr_line' id='line_1_151' title="bbox 2176 5295 3766 5363; baseline 0.006 -16"><span class='ocrx_word' id='word_1_1116' title='bbox 2176 5296 2242 5347; x_wconf 90' lang='lat' dir='ltr'><strong>iis</strong></span> <span class='ocrx_word' id='word_1_1117' title='bbox 2271 5308 2389 5361; x_wconf 65' lang='lat' dir='ltr'><strong>quia</strong></span> <span class='ocrx_word' id='word_1_1118' title='bbox 2428 5295 2605 5363; x_wconf 82' lang='lat' dir='ltr'><strong>statim</strong></span> <span class='ocrx_word' id='word_1_1119' title='bbox 2638 5295 2994 5363; x_wconf 80' lang='lat' dir='ltr'><strong>subjiciuntur</strong></span> <span class='ocrx_word' id='word_1_1120' title='bbox 3037 5306 3141 5349; x_wconf 89' lang='lat' dir='ltr'><strong>tam</strong></span> <span class='ocrx_word' id='word_1_1121' title='bbox 3176 5295 3243 5352; x_wconf 53' lang='lat' dir='ltr'><strong>in&#39;</strong></span> <span class='ocrx_word' id='word_1_1122' title='bbox 3264 5301 3463 5356; x_wconf 81' lang='lat' dir='ltr'><strong>Codice</strong></span> <span class='ocrx_word' id='word_1_1123' title='bbox 3502 5295 3766 5357; x_wconf 60' lang='lat' dir='ltr'><strong>A&#39;fracano</strong></span> 
     </span>
    </p>
   </div>
   <div class='ocr_carea' id='block_1_151' title="bbox 2177 5362 3764 5486">
    <p class='ocr_par' dir='ltr' id='par_1_151' title="bbox 2177 5362 3764 5486">
     <span class='ocr_line' id='line_1_152' title="bbox 2177 5362 3764 5486; baseline 0.008 -73"><span class='ocrx_word' id='word_1_1124' title='bbox 2177 5378 2332 5486; x_wconf 52' lang='lat' dir='ltr'><strong>gluttu:</strong></span> <span class='ocrx_word' id='word_1_1125' title='bbox 2373 5365 2509 5427; x_wconf 88' lang='lat' dir='ltr'><strong>apud</strong></span> <span class='ocrx_word' id='word_1_1126' title='bbox 2551 5362 2808 5417; x_wconf 84' lang='lat' dir='ltr'><strong>Isidorum</strong></span> <span class='ocrx_word' id='word_1_1127' title='bbox 2844 5366 3082 5428; x_wconf 78' lang='lat' dir='ltr'><strong>:Qnibus</strong></span> <span class='ocrx_word' id='word_1_1128' title='bbox 3119 5368 3320 5423; x_wconf 87' lang='lat' dir='ltr'><strong>insertis</strong></span> <span class='ocrx_word' id='word_1_1129' title='bbox 3360 5369 3669 5427; x_wconf 79' lang='lat' dir='ltr'><strong>Honoratus</strong></span> <span class='ocrx_word' id='word_1_1130' title='bbox 3711 5382 3764 5428; x_wconf 84' lang='lat' dir='ltr'><strong>et</strong></span> 
     </span>
     <span class='ocr_line' id='line_1_153' title="bbox 2231 5433 3764 5486; baseline 0.001 -2"><span class='ocrx_word' id='word_1_1131' title='bbox 2231 5434 2417 5485; x_wconf 86' lang='lat' dir='ltr'><strong>rbanns</strong></span> <span class='ocrx_word' id='word_1_1132' title='bbox 2447 5433 2603 5486; x_wconf 87' lang='lat' dir='ltr'><strong>leaati</strong></span> <span class='ocrx_word' id='word_1_1133' title='bbox 2634 5436 2904 5486; x_wconf 66' lang='lat' dir='ltr'><strong>provincia:</strong></span> <span class='ocrx_word' id='word_1_1134' title='bbox 2943 5434 3267 5486; x_wconf 70' lang='lat' dir='ltr'><strong>Mauritania:</strong></span> <span class='ocrx_word' id='word_1_1135' title='bbox 3311 5440 3578 5486; x_wconf 70' lang='lat' dir='ltr'><strong>Sitifensis</strong></span> <span class='ocrx_word' id='word_1_1136' title='bbox 3615 5446 3764 5486; x_wconf 66' lang='grc' dir='ltr'><strong>πίτρ-</strong></span> 
     </span>
    </p>
   </div>
   <div class='ocr_carea' id='block_1_152' title="bbox 2231 5433 3769 5510">
    <p class='ocr_par' dir='ltr' id='par_1_152' title="bbox 2231 5433 3769 5510">
     <span class='ocr_line' id='line_1_154' title="bbox 2231 5433 3769 5510; baseline 0.008 -26"><span class='ocrx_word' id='word_1_1137' title='bbox 2231 5434 2417 5485; x_wconf 86' lang='lat' dir='ltr'><strong>rbanns</strong></span> <span class='ocrx_word' id='word_1_1138' title='bbox 2442 5433 2603 5510; x_wconf 68' lang='lat' dir='ltr'><strong>legati</strong></span> <span class='ocrx_word' id='word_1_1139' title='bbox 2633 5436 2904 5510; x_wconf 66' lang='lat' dir='ltr'><strong>provincia:</strong></span> <span class='ocrx_word' id='word_1_1140' title='bbox 2943 5434 3267 5510; x_wconf 73' lang='lat' dir='ltr'><strong>Mauritania:</strong></span> <span class='ocrx_word' id='word_1_1141' title='bbox 3311 5440 3578 5510; x_wconf 78' lang='lat' dir='ltr'><strong>Sitifensis</strong></span> <span class='ocrx_word' id='word_1_1142' title='bbox 3615 5446 3769 5496; x_wconf 65' lang='lat' dir='ltr'><strong>diae-</strong></span> 
     </span>
    </p>
   </div>
   <div class='ocr_carea' id='block_1_153' title="bbox 2177 5502 3771 5570">
    <p class='ocr_par' dir='ltr' id='par_1_153' title="bbox 2177 5502 3771 5570">
     <span class='ocr_line' id='line_1_155' title="bbox 2177 5502 3771 5570; baseline 0.009 -17"><span class='ocrx_word' id='word_1_1143' title='bbox 2177 5511 2328 5554; x_wconf 88' lang='lat' dir='ltr'><strong>runt.</strong></span> <span class='ocrx_word' id='word_1_1144' title='bbox 2348 5540 2361 5553; x_wconf 95' lang='lat'><strong>.</strong></span> <span class='ocrx_word' id='word_1_1145' title='bbox 2384 5542 2397 5556; x_wconf 91' lang='lat'><strong>.</strong></span> <span class='ocrx_word' id='word_1_1146' title='bbox 2435 5502 2509 5555; x_wconf 80' lang='lat' dir='ltr'><strong>De</strong></span> <span class='ocrx_word' id='word_1_1147' title='bbox 2527 5502 2630 5570; x_wconf 78' lang='lat' dir='ltr'><strong>ﬁde</strong></span> <span class='ocrx_word' id='word_1_1148' title='bbox 2652 5503 2785 5555; x_wconf 89' lang='lat' dir='ltr'><strong>enim</strong></span> <span class='ocrx_word' id='word_1_1149' title='bbox 2809 5502 3013 5557; x_wconf 69' lang='lat' dir='ltr'><strong>Nicwni</strong></span> <span class='ocrx_word' id='word_1_1150' title='bbox 3041 5514 3283 5562; x_wconf 86' lang='lat' dir='ltr'><strong>tractatus</strong></span> <span class='ocrx_word' id='word_1_1151' title='bbox 3319 5502 3634 5566; x_wconf 76' lang='lat' dir='ltr'><strong>audivimus.</strong></span> <span class='ocrx_word' id='word_1_1152' title='bbox 3664 5514 3771 5567; x_wconf 77' lang='lat' dir='ltr'><strong>Hic</strong></span> 
     </span>
    </p>
   </div>
   <div class='ocr_carea' id='block_1_154' title="bbox 2178 5572 3770 5653">
    <p class='ocr_par' dir='ltr' id='par_1_154' title="bbox 2178 5572 3770 5653">
     <span class='ocr_line' id='line_1_156' title="bbox 2178 5572 3770 5653; baseline 0.008 -28"><span class='ocrx_word' id='word_1_1153' title='bbox 2178 5572 2503 5653; x_wconf 62' lang='lat' dir='ltr'><strong>Dreviariutn</strong></span> <span class='ocrx_word' id='word_1_1154' title='bbox 2530 5573 2876 5653; x_wconf 35' lang='lat' dir='ltr'><strong>tlipponense‘</strong></span> <span class='ocrx_word' id='word_1_1155' title='bbox 2898 5572 3091 5629; x_wconf 90' lang='lat' dir='ltr'><strong>lectum</strong></span> <span class='ocrx_word' id='word_1_1156' title='bbox 3114 5591 3176 5630; x_wconf 90' lang='lat' dir='ltr'><strong>ac</strong></span> <span class='ocrx_word' id='word_1_1157' title='bbox 3197 5582 3363 5653; x_wconf 76' lang='lat' dir='ltr'><strong>gestis</strong></span> <span class='ocrx_word' id='word_1_1158' title='bbox 3392 5582 3641 5636; x_wconf 82' lang='lat' dir='ltr'><strong>insertum</strong></span> <span class='ocrx_word' id='word_1_1159' title='bbox 3670 5600 3770 5653; x_wconf 65' lang='grc' dir='ltr'><strong>ρξε-</strong></span> 
     </span>
    </p>
   </div>
   <div class='ocr_carea' id='block_1_155' title="bbox 2180 5641 3773 5726">
    <p class='ocr_par' dir='ltr' id='par_1_155' title="bbox 2180 5641 3773 5726">
     <span class='ocr_line' id='line_1_157' title="bbox 2180 5641 3773 5726; baseline 0.007 -29"><span class='ocrx_word' id='word_1_1160' title='bbox 2180 5643 2284 5698; x_wconf 86' lang='lat' dir='ltr'><strong>tam</strong></span> <span class='ocrx_word' id='word_1_1161' title='bbox 2326 5641 2596 5710; x_wconf 87' lang='lat' dir='ltr'><strong>iunuitur,</strong></span> <span class='ocrx_word' id='word_1_1162' title='bbox 2626 5654 2688 5695; x_wconf 89' lang='lat' dir='ltr'><strong>ac</strong></span> <span class='ocrx_word' id='word_1_1163' title='bbox 2728 5648 3009 5710; x_wconf 85' lang='lat' dir='ltr'><strong>propterea</strong></span> <span class='ocrx_word' id='word_1_1164' title='bbox 3039 5641 3223 5702; x_wconf 68' lang='lat' dir='ltr'><strong>canori</strong></span> <span class='ocrx_word' id='word_1_1165' title='bbox 3254 5648 3321 5704; x_wconf 87' lang='lat' dir='ltr'><strong>de</strong></span> <span class='ocrx_word' id='word_1_1166' title='bbox 3354 5653 3626 5721; x_wconf 74' lang='lat' dir='ltr'><strong>parvulis,</strong></span> <span class='ocrx_word' id='word_1_1167' title='bbox 3670 5641 3773 5726; x_wconf 65' lang='lat' dir='ltr'><strong>&#39;qui</strong></span> 
     </span>
    </p>
   </div>
  </div>
