3954 6194
1198 316 1291 372 AD
1327 314 1552 370 OPERA
1595 314 1654 370 S.
1695 313 1941 369 LEONIS
1980 312 2194 367 MAGM
2235 310 2595 366 APPENDIX.

3445 310 3552 367 2η

289 427 590 482 emoousion
606 424 712 480 518
769 424 953 482 Patres
1007 428 1163 480 nostri
1223 431 1456 493 confiterl
1511 431 1865 480 decrevissent.
1895 431 1945 487 Α
1971 426 2352 496 mus.anobis
2382 427 2760 496 iuventzesuut
2785 424 2944 496 etiam
2974 424 3230 480 subnexa:
3258 426 3358 496 ipsi
3387 428 3555 484 colle-

293 497 396 560 Qui
421 500 530 570 sine
559 513 651 568 per
680 497 887 570 longam
921 507 1119 570 (etatem
1148 497 1432 570 desipiens.
1477 498 1580 549 sive
1607 505 1742 570 certe
1778 512 1868 570 per

291 567 680 638 assentationem
727 567 974 636 principis
1019 568 1310 638 ltujusmodi
1353 581 1652 638 responsum
1672 568 1866 620 dedisse

293 636 578 707 perhibetur
618 652 638 692 :
689 635 960 706 utramque
999 635 1194 707 partem
1241 645 1378 690 recte
1419 635 1679 690 intendere
1700 677 1715 699 ,
1768 638 1872 690 sive

294 705 596 765 ontonusion
637 707 742 761 sive
777 705 1092 778 omoeusion.
1126 705 1285 778 Cujus
1330 707 1577 778 sententia
1622 707 1870 778 quoniam

293 781 450 848 stulte
493 779 697 848 prolata
742 779 836 844 est,
883 776 946 830 ab
985 776 1216 830 omnibui
1262 777 1549 840 catholicis,
1575 779 1750 848 _etiam
1806 777 1870 846 ab

295 846 520 918 Asianis,
534 863 658 918 Auno
695 863 784 901 ore
810 848 991 912 irrisa,
1022 855 1169 916 atque
1187 849 1414 918 refutatu
1439 857 1534 902 est.
1562 846 1795 917 Denique
1818 849 1872 902 in

295 917 496 971 civitate
518 915 782 985 Corduba,
814 919 868 972 in
887 934 990 988 qua
1017 915 1361 988 episcopatum
1392 919 1570 981 tenuit,
1599 915 1715 987 post
1738 919 1873 972 hunc

296 987 717 1059 consultationem
745 990 851 1042 sive
875 987 1183 1059 responsum,
1201 1004 1381 1041 nomen
1403 991 1515 1059 ejus
1538 990 1671 1042 inter
1699 988 1875 1042 catho-

292 1058 425 1114 licos
450 1062 716 1128 spiscOpos
744 1067 1085 1114 antecessores
1109 1058 1185 1113 vel
1209 1058 1496 1127 decessores
1526 1060 1636 1129 ejus
1665 1060 1874 1114 minime

297 1130 557 1182 recitatur.

371 1197 506 1272 Sunt
536 1199 616 1252 lue
639 1198 832 1272 regulte
856 1239 871 1264 ,
895 1215 1008 1272 quos
1035 1216 1123 1266 per
1148 1197 1518 1272 ειιρινςιιίἰεξιηει⁸
1535 1197 1714 1272 Osium
1736 1211 1784 1272 et
1804 1199 1879 1255 20

298 1268 564 1338 episcOpos
609 1268 844 1334 currunt,
874 1269 1017 1323 salva
1068 1280 1116 1324 et
1156 1268 1403 1323 incolumi
1445 1269 1549 1338 fide
1588 1270 1872 1334 catholica,

297 1353 414 1408 qua:
452 1339 592 1409 apud
631 1340 856 1393 eamdem
908 1339 1142 1394 Nicteam
1181 1338 1441 1408 Bithynia:
1467 1347 1502 1392 α
1538 1340 1647 1396 518
1702 1339 1878 1394 Patri-

298 1411 394 1462 bus
439 1410 674 1476 exposita
711 1419 817 1475 est,
841 1419 889 1464 et
934 1419 1046 1473 post
1074 1412 1255 1462 iterum
1285 1412 1337 1462 in
1364 1411 1487 1464 urbe
1513 1410 1706 1474 Roma,
1742 1422 1870 1476 etc.,

301 1489 360 1532 ut
410 1480 464 1532 in
509 1480 677 1549 prima
719 1480 1083 1534 annotatioue.
1125 1481 1437 1535 Subduntur
1483 1491 1661 1535 autem
1695 1483 1875 1549 viginti

299 1562 534 1603 canones
560 1549 905 1605 Sardicenses
926 1550 1244 1616 abbreviati,
1266 1559 1320 1605 et
1343 1564 1553 1605 rursum
1579 1551 1739 1608 iidem
1763 1553 1879 1609 fuse

297 1620 575 1675 descripti.

372 1631 751 1748 gfrigtltldriana:
779 1690 1112 1748 collectionis
1149 1691 1439 1746 editionem
1484 1691 1692 1760 primus
1731 1693 1880 1748 dedit

302 1760 538 1816 Joannes
565 1761 968 1831 Wendelstinus
998 1761 1282 1831 Moguntite
1311 1778 1402 1817 an.
1437 1761 1596 1826 1525.
1623 1779 1744 1818 cum
1777 1766 1877 1819 hac

302 1831 652 1900 inscriptione
685 1829 954 1886 :Ctmones
992 1829 1365 1900 apostolorum,
1392 1841 1610 1887 veterum
1633 1835 1877 1888 concilio-

302 1918 418 1974 rum
455 1903 866 1974 constitutiones,
892 1904 1091 1957 decreta
1127 1904 1426 1972 pontiﬁcum
1455 1905 1786 1974 antiquiora;
1815 1906 1879 1959 de

302 1973 530 2044 primatu
553 1971 801 2027 Romanis
820 1971 1062 2044 Ecclesia:
1079 1971 1144 2028 es:
1169 1974 1328 2044 tribus
1343 1971 1694 2030 vetustissimis
1713 1992 1880 2030 exem-

305 2043 535 2110 plaribus
565 2045 894 2114 transcripta.
915 2043 1034 2114 Duo
1050 2059 1116 2098 ex
1141 2043 1329 2098 iisdem
1351 2045 1627 2099 codicibus
1653 2047 1879 2101 omnino

303 2114 540 2182 aequales
579 2115 694 2181 puri
725 2113 883 2168 erant
912 2113 1233 2178 Hadriatici;
1267 2129 1333 2168 ex
1372 2124 1532 2170 tertio
1569 2127 1748 2172 autem
1781 2127 1880 2172 tria

303 2182 705 2255 Weudelstiuus
755 2184 968 2252 adjecit.
1023 2200 1142 2255 quas
1189 2185 1486 2241 lladrianea
1536 2201 1642 2240 non
1691 2195 1818 2242 sunt
1863 2206 1877 2241 :

304 2254 362 2310 1⁸
390 2255 528 2309 duas
557 2263 879 2326 memoratas
905 2255 964 2310 S.
985 2254 1172 2326 cyrilli
1202 2256 1455 2324 epistolas
1482 2258 1548 2309 ad
1579 2257 1880 2313 Nesmrium

306 2327 526 2398 nomine
555 2325 1093 2398 conciliiliphesini;
1121 2325 1180 2377 2⁸
1206 2327 1606 2398 annotationetn
1647 2330 1882 2398 peculia-

303 2411 420 2450 rem
473 2395 883 2467 Sardicensibus
938 2397 1234 2467 canonibus
1293 2395 1663 2463 praemissam,
1722 2413 1880 2467 quntn

307 2474 464 2520 antea
493 2481 559 2520 ex
591 2479 694 2518 ms.
726 2465 846 2518 Vat.
902 2467 1033 2520 1557
1072 2466 1451 2532 exhibuimus;
1498 2467 1556 2520 3°
1599 2465 1880 2522 tractatum
1911 2489 1913 2491 ί

304 2537 373 2590 de
397 2537 624 2602 primatu
653 2534 906 2604 Romane
930 2537 1213 2595 Ecclesiae.
1241 2536 1332 2604 qui
1359 2552 1579 2592 recusus
1608 2551 1690 2592 est
1711 2551 1838 2592 tom.
1865 2539 1884 2593 l

305 2604 688 2669 Conciliorum,
703 2607 806 2657 col.
823 2603 910 2660 (iii.
926 2606 1164 2660 Alteram
1184 2603 1472 2660 editionem
1495 2611 1698 2662 curavit
1716 2609 1884 2662 Fran-

305 2677 483 2730 ciscus
511 2675 749 2730 Pithteus
781 2675 998 2730 Parisiis
1019 2692 1163 2729 anno
1191 2678 1324 2732 1609
1344 2719 1358 2739 ,
1391 2678 1476 2731 cui
1504 2679 1646 2732 hunc
1673 2681 1880 2734 titulum

306 2748 532 2816 prmﬁxil
568 2763 581 2799 :
631 2747 804 2799 Codex
850 2763 1104 2800 canonum
1141 2757 1279 2802 vetus
1322 2747 1568 2802 Ecclesia:
1616 2749 1878 2804 (tentante.

307 2818 406 2871 Est
434 2818 682 2886 repetitio
712 2819 895 2885 prima:
938 2817 1189 2872 editionis
1218 2820 1535 2887 Moguntina}
1558 2835 1679 2874 cum
1713 2825 1884 2876 tribus

305 2889 428 2944 aliis
453 2888 851 2953 additameutis,
906 2889 1156 2942 nimirum
1207 2888 1561 2943 Breviationis
1600 2890 1879 2954 Fert-andi,

305 2960 563 3014 Breviarii
602 2957 947 3012 Cresconiani
974 2999 990 3022 ,
1021 2970 1075 3013 et
1109 2960 1350 3027 epistola:
1383 2960 1621 3030 Βίοιιγςίἰ
1651 2961 1715 3015 ad
1758 2965 1883 3016 Ste-

305 3030 793 3099 pltatmmn'l'ertia
845 3031 1033 3094 editio,
1088 3030 1254 3082 multo
1303 3035 1678 3099 praestantior,
1733 3034 1885 3087 novis

306 3100 547 3167 ejusdem
585 3098 776 3152 Pithtei
813 3101 956 3153 curis
987 3101 1274 3160 adornata,
1309 3098 1437 3166 post
1463 3102 1628 3169 ipsius
1657 3115 1881 3156 mortem

1907 1795 1956 1856 Β

1970 495 2134 547 ctioni
2165 494 2440 548 Hadriana:
2472 495 2524 548 in
2554 493 2722 548 tribus
2748 494 3044 558 codicibus,
3068 493 3319 550 nimirum
3348 499 3402 550 in
3430 499 3554 553 Va!-

1970 565 2219 618 Iicellano
2249 567 2290 617 A
2318 563 2370 628 5,
2423 566 2474 618 in
2509 564 2628 618 Vat.
2667 565 2826 636 1555,
2876 565 2967 636 qui
2996 581 3057 618 cx
3111 567 3396 636 antiquiori
3424 568 3554 622 Ber-

1971 643 2182 698 gomate
2211 636 2512 704 exscriptus
2539 649 2683 688 anno
2715 633 2842 688 1441
2881 635 3040 689 Petro
3072 633 3552 702 Barlnicardiuali,

1973 718 2158 773 postea
2189 705 2354 758 Paulo
2388 706 2427 758 11
2474 704 2706 773 pontiﬁci
2736 705 2947 759 oblatus
2977 707 3102 770 fuit;
3151 723 3215 762 ac
3260 709 3470 764 tandem
3501 712 3552 763 in

1974 791 2082 828 uno
2113 774 2432 842 perantiquo
2477 776 2833 829 Vercellensis
2875 777 3117 844 capituli,
3171 794 3328 843 quem
3371 782 3554 832 Attoni

1975 845 2230 916 episcoilo
2267 845 2367 916 suo
2397 847 2628 900 modium
2670 847 2924 900 sarculum
2955 863 2985 899 κ
3015 863 3129 900 usui
3172 849 3336 901 fuisse
3363 851 3558 916 depre-

1975 914 2284 968 hendimus.
2311 914 2373 969 Hi
2401 930 2590 969 omnes
2613 916 2774 969 Italici
2801 918 3018 971 codices
3045 916 3182 971 hanc
3202 914 3555 973 Additionnm

1975 985 2350 1039 collectionem
2386 985 2620 1040 Italicam
2651 997 2795 1039 astro
2837 996 2915 1039 nt.
2957 987 3093 1041 Hinc
3123 988 3359 1044 Italicum
3392 989 3556 1042 fuisse

1973 1056 2245 1128 credimus
2283 1055 2445 1128 etiam
2493 1056 2732 1128 codicem
2783 1059 2895 1121 puri
2946 1057 3185 1128 Dionysii
3234 1059 3354 1114 Val.
3393 1058 3554 1114 5845.

1975 1123 2074 1178 Hic
2115 1127 2277 1178 codea:
2317 1125 2732 1196 Longobardicus
2763 1123 3130 1182 vetustissimus
3170 1129 3237 1183 ab
3283 1129 3558 1184 Holsteniu

1976 1204 2198 1250 vocatur
2224 1197 2364 1261 apud
2413 1197 2684 1250 Labheum
2724 1209 2853 1250 tum.
2887 1197 2924 1251 V
2956 1199 3185 1263 Concil.,
3215 1201 3322 1254 col.
3357 1201 3460 1254 792
3487 1201 3556 1265 Α,

1977 1280 2100 1320 cum
2139 1280 2231 1339 eo‘
2262 1265 2576 1339 charactere
2619 1268 2853 1328 scriptos
2890 1268 2961 1320 sit
3002 1270 3091 1337 qui
3128 1269 3560 1339 Longohardicus

1977 1335 2233 1404 appellari
2258 1337 2416 1390 solet.
2452 1336 2607 1390 Initio
2648 1339 2868 1391 mutilus
2903 1335 3106 1405 punctu
3150 1335 3401 1394 ltreiriarii
3429 1344 3560 1394 Cre-

1978 1406 2218 1478 sconiani
2252 1407 2503 1478 DiOnysio
2535 1409 2810 1478 prtemittit
2837 1410 3177 1476 incipientem
3214 1426 3244 1463 a
3278 1427 3398 1477 cap.
3429 1411 3560 1464 215.

1983 1477 2172 1550 Postea
2205 1476 2400 1550 iterum
2428 1479 2670 1546 quaedam
2719 1477 2840 1550 folia
2883 1479 3097 1542 desunt,
3136 1487 3193 1535 et
3236 1476 3355 1550 ipsa
3382 1483 3560 1534 tabula

1981 1547 2270 1620 titulorum
2290 1549 2474 1620 prima:
2525 1551 2692 1620 partis
2744 1549 3077 1618 Dionysia-a2
3107 1566 3132 1602 a
3181 1547 3362 1604 titltti
3389 1553 3559 1606 Nic-te-

1978 1630 2170 1671 uorum
2198 1617 2417 1672 initium
2447 1619 2630 1672 sumit.
2677 1621 2759 1672 0b
2789 1617 2930 1672 hunc
2975 1631 3152 1674 autem
3185 1621 3430 1676 foliorum
3461 1624 3562 1673 de-

1980 1685 2180 1742 fectum
2215 1704 2328 1760 una
2365 1704 2487 1743 cum
2523 1690 2642 1743 titul
2664 1703 2692 1742 ε
2724 1689 2790 1742 15
2819 1691 2970 1744 deest
2995 1692 3155 1744 etiam
3179 1691 3406 1760 epistola
3439 1695 3561 1746 Ilio-

1985 1759 2124 1830 nysii
2164 1756 2233 1812 ad
2261 1757 2613 1828 Stephanum,
2664 1775 2824 1829 quam
2875 1764 2942 1812 ita
2987 1761 3172 1828 prima:
3215 1756 3355 1830 parti
3396 1762 3562 1818 fuisse

1985 1828 2256 1901 praelium
2289 1831 2580 1895 credimus,
2630 1828 2706 1883 uti
2754 1831 2888 1898 parti
2933 1832 3182 1901 secundas
3218 1828 3562 1901 praemittitur

1983 1898 2221 1968 ejusdem
2249 1901 2477 1969 epistola
2505 1904 2572 1952 ad
2613 1901 2904 1955 Julianum.
2937 1900 3184 1957 Canones
3211 1898 3562 1958 conciliorum

1982 1983 2088 2024 non
2129 1984 2248 2042 eam
2289 1971 2986 2042 continuaminumerorum
3028 1973 3222 2028 seriem
3273 1977 3564 2042 praeierunt

1980 2053 2140 2106 quam
2176 2039 2460 2113 Dionysius
2488 2056 2554 2096 ex
2585 2041 2773 2096 Grzeco
2797 2042 2983 2097 codice
3010 2057 3131 2098 sese
3181 2039 3452 2113 recepisse
3481 2055 3564 2099 te-

1980 2118 2174 2184 statur,
2206 2111 2301 2165 sed
2320 2111 2760 2184 ’_solos_numeros
2783 2112 3046 2182 cujusque
3071 2114 3286 2168 concilii
3311 2111 3567 2184 proprios

1981 2181 2260 2234 exhibent.
2323 2181 2379 2235 In
2429 2181 2695 2236 Africanis
2741 2181 3160 2238 tantum’series
3219 2181 3566 2240 nunterornm

1986 2250 2091 2324 158
2143 2251 2476 2324 custoditur,
2523 2267 2627 2306 non
2687 2267 2817 2306 vero
2875 2267 2937 2306 ea
2993 2253 3187 2307 divisio
3243 2271 3402 2324 quam
3462 2257 3565 2308 lla-

1984 2321 2156 2397 driaoi
2185 2323 2778 2397 codices-induxerunt.
2806 2324 3005 2378 Praeter
3035 2321 3354 2380 Additioues
3370 2327 3565 2397 Diony-

1987 2392 2186 2454 sianas,
2230 2408 2349 2460 quae
2378 2393 2496 2447 aliis
2525 2407 2656 2448 mss.
2687 2403 2811 2447 sunt
2839 2408 3174 2458 communes,
3230 2402 3352 2450 tria-
3377 2395 3427 2450 itt
3461 2392 3568 2450 line

1985 2461 2273 2533 adduntur,
2319 2479 2545 2532 quorum
2593 2479 2759 2517 unum
2785 2463 2963 2519 Caroli
3005 2467 3175 2530 Magni
3207 2477 3446 2533 tempore
3473 2483 3566 2520 co-

1985 2532 2121 2585 dicis
2147 2533 2311 2598 ipsius
2333 2541 2544 2587 mtatem
2570 2533 2808 2589 imlicare
2833 2535 3066 2590 videtur.
3087 2537 3272 2592 Serius
3289 2532 3374 2592 hic
3393 2539 3564 2592 codex

1983 2602 2038 2656 in
2088 2602 2462 2658 bibliothecam
2497 2603 2804 2658 Vaticanam
2849 2608 3120 2674 pervenit;
3173 2622 3293 2662 nam
3328 2609 3440 2662 inec
3468 2626 3566 2663 no-

1986 2675 2128 2745 tatio
2148 2674 2198 2726 in
2228 2674 2408 2728 intima
2436 2689 2528 2728 ora
2559 2677 2746 2743 prima:
2777 2677 2981 2745 paginae
3020 2677 3213 2745 legitur
3241 2696 3255 2732 :
3284 2679 3567 2734 Sanctissi-

1986 2758 2068 2795 mo
2095 2743 2304 2796 domino
2354 2758 2526 2797 nostra
2576 2745 2744 2798 Paulo
2800 2743 2864 2803 Vi
2902 2745 2969 2800 ι).
3000 2743 3371 2802 Constantinus
3411 2752 3567 2804 abbas

1987 2810 2268 2884 Cajetanus
2305 2812 2371 2866 D.
2407 2813 2473 2867 ι).
2505 2816 2601 2869 An.
2639 2816 2844 2870 Domini
2873 2817 3010 2871 11119
3039 2835 3206 2872 mense
3237 2820 3460 2873 Octobri.

2059 2883 2112 2938 5.
2157 2883 2313 2939 Plura
2349 2885 2576 2940 dicenda
2602 2885 2671 2940 de
2697 2887 2886 2941 codice
2919 2887 3263 2943 Valticellano
3304 2895 3343 2943 A
3377 2892 3432 2954 5,
3477 2894 3569 2945 cui

1988 2954 2080 3026 alii
2106 2955 2214 3007 duo
2239 2955 2590 3026 Vercellensis
2616 2965 2673 3011 et
2690 2957 2807 3011 Vat.
2840 2957 2980 3013 1555
3004 2969 3128 3012 sunt
3157 2962 3314 3026 plane
3342 2961 3567 3016 similes.

1993 3024 2142 3078 llunc
2171 3025 2410 3080 codicem
2460 3029 2929 3082 membranaceum
2982 3029 3089 3083 folii
3119 3024 3336 3085 ttinximi
3361 3033 3574 3088 duabus

1989 3095 2254 3169 columnis
2285 3096 2612 3169 distinctum,
2644 3102 2842 3154 saeculo
2869 3115 2942 3164 Ix,
2970 3098 3187 3154 Nicolao
3217 3105 3230 3153 1
3256 3104 3568 3169 superstite,

308 3172 565 3239 producta
622 3171 719 3221 luit
767 3172 866 3222 hoc
917 3171 1078 3239 titulo
1133 3187 1149 3223 :
1203 3170 1377 3224 Codex
1439 3167 1693 3225 canonum
1749 3167 1958 3229 υεηιεο
1990 3168 2249 3234 scriptum
2278 3167 2495 3239 indicat
2524 3169 2796 3239 catalogus
2829 3169 3190 3224 Romanorum
3231 3167 3571 3239 pontiﬁcum,

307 3236 556 3294 Ecclesia
581 3240 827 3293 Romam:
850 3256 881 3291 a
908 3236 1188 3294 Francisco
1225 3239 1426 3294 Pitltaeo
1454 3244 1521 3294 ad
1551 3253 1738 3296 veteres
1761 3261 1882 3298 mss.

308 3311 510 3364 codices
530 3312 791 3364 restitutus
813 3319 859 3365 et
877 3311 1010 3364 notis
1031 3311 1344 3364 illustratus.
1377 3313 1596 3366 Parisiis
1618 3329 1683 3366 an
1727 3315 1884 3378 1087,

309 3381 492 3436 in-fol.
513 3381 713 3435 Pra-ter
739 3381 1101 3435 additamenta
1129 3393 1307 3436 autem
1329 3384 1618 3438 anterioris
1641 3383 1889 3441 editionis

307 3451 413 3506 alia
445 3452 700 3520 opuscula
727 3451 885 3518 hujus
912 3451 1262 3520 appendicem
1295 3464 1516 3522 augent.

378 3523 431 3576 8.
460 3523 571 3577 Hoc
598 3531 756 3590 caput
779 3524 1161 3578 concludemus
1182 3524 1328 3578 brevi
1351 3523 1814 3579 animadversione
1834 3526 1886 3580 in

305 3591 455 3646 illam
504 3593 794 3664 epitomem
847 3607 1148 3664 canonum,
1201 3609 1321 3664 quae
1383 3595 1524 3649 edita
1581 3595 1889 3662 lngolstadii

308 3674 441 3717 tom.
485 3664 550 3718 Vl
576 3663 912 3733 antiquarum
946 3663 1283 3730 Lectionum,
1309 3673 1365 3718 et
1391 3665 1518 3720 dein
1546 3664 1599 3719 in
1633 3679 1772 3720 conc
1794 3670 1893 3722 lio-

306 3748 428 3788 rum
449 3733 712 3789 editiones
733 3734 973 3788 traducta
993 3734 1110 3802 fuit,
1134 3745 1295 3801 atque
1320 3734 1590 3790 lladriano
1610 3738 1888 3795 attributa.

304 3804 453 3876 Scite
493 3805 742 3876 nimirum
791 3808 996 3858 notavit
1022 3807 1334 3876 Sirmondus
1381 3805 1558 3876 (Tom.
1605 3807 1646 3860 11
1687 3806 1885 3862 Concil.

313 3873 481 3940 Call.,
503 3890 624 3944 pag.
655 3874 781 3943 117)
815 3892 830 3926 :
861 3876 1013 3947 Atqui
1041 3875 1227 3930 Carolo
1255 3873 1449 3928 constat
1482 3877 1706 3932 oblatam
1734 3879 1892 3947 fuisse

305 3960 411 3998 non
440 3953 706 4015 epitomem
732 3985 748 4009 ,
805 3945 893 3998 sed
929 3946 1179 4010 integram
1209 3947 1557 3999 collectionem
1591 3958 1698 4000 tum
1734 3945 1892 4002 cano-

305 4031 430 4088 num
468 4031 530 4069 ea:
557 4015 742 4088 quibus
767 4015 981 4085 epitome
1009 4016 1101 4070 illa
1129 4017 1367 4088 deinceps
1400 4019 1627 4088 con/lata
1647 4028 1741 4083 est,
1783 4030 1890 4072 tum

305 4087 626 4209 decretorum
664 4084 816 4138 etiam
853 4088 1156 4156 pontiﬁcum
1191 4103 1224 4140 a
1251 4084 1440 4143 Si‘ricio
1480 4084 1548 4141 ad
1587 4086 1890 4160 Gregorium

345 4171 593 4209 umorem.

345 4171 593 4212 umorem.

925 4226 1152 4282 CAPUT
1196 4227 1283 4285 ΙΙΙ.

575 4319 656 4380 De
684 4321 980 4376 collectione
1004 4322 1339 4376 Additionum
1367 4321 1622 4395 Dionysii.

379 4439 433 4496 1.
466 4440 784 4496 Additiones
806 4441 1043 4513 Dionysii
1077 4442 1404 4511 appellamus
1433 4443 1752 4496 documenta
1770 4458 1887 4512 qum

305 4511 644 4582 Dionysiante
691 4511 996 4568 collectioni
1046 4522 1413 4566 accesserunt.
1466 4513 1580 4565 Duo
1623 4511 1884 4582 ejusmodi

302 4583 633 4637 additiomtm
673 4598 870 4652 genera
903 4585 952 4638 in
996 4600 1097 4636 ms.
1141 4585 1254 4651 puri
1300 4582 1536 4652 Dionysii
1582 4583 1697 4635 Vat.
1742 4581 1886 4637 5815

303 4653 471 4718 probe
523 4653 942 4720 distinguuntur.
996 4654 1174 4708 Primo
1231 4653 1374 4708 enim
1435 4655 1883 4720 postoepistolam

304 4724 570 4794 Anastasii
597 4724 661 4794 ll,
688 4726 739 4777 in
771 4739 872 4792 qua
900 4724 1218 4794 Dionysiana
1242 4724 1490 4777 collectio
1519 4723 1736 4788 desinit,
1768 4724 1884 4778 vel-

305 4791 382 4867 t_tti
421 4793 696 4867 appendit
711 4791 1053 4867 proferuntur
1066 4793 1200 4867 A’tres
1245 4796 1438 4867 synodi
1453 4865 1458 4867 _
1476 4795 1591 4867 sub
1607 4794 1882 4867 [cuuis]

301 4860 650 4934 Symmacho,
667 4864 880 4918 decreta
914 4865 1077 4917 llilari
1101 4879 1252 4933 papas
1277 4860 1662 4934 sex,Simpliéii
1686 4860 1884 4931 duo,et

301 4931 466 4986 unum
487 4931 702 4997 Felicis,
720 4935 943 5001 epistola
967 4931 1160 4989 Leon—is
1177 4931 1246 4988 ad
1277 4936 1508 4997 Mauros.
1526 4931 1580 4990 et
1610 4935 1709 4989 alia
1733 4935 1883 4990 Zosi-

301 5005 373 5057 mi
389 5003 453 5077 ad
483 5006 824 5077 presbyteros
845 5005 1132 5060 Ravennae.
1153 5007 1286 5059 'l'um
1305 5020 1432 5060 vero
1444 5005 1682 5075 sequitur
1703 5007 1879 5060 tabula

298 5073 676 5145 capitulorun
722 5073 813 5137 79,
863 5077 1056 5145 quibus
1107 5077 1328 5130 totidem
1383 5073 1706 5131 documenta
1753 5078 1882 5129 sub-

299 5144 610 5202 nectuntur.
650 5144 897 5215 Quinque
938 5146 1113 5215 priora
1145 5163 1208 5200 ex
1243 5147 1324 5200 liis
1351 5147 1689 5202 documentis
1729 5157 1883 5201 ante-

298 5215 509 5271 cedenti
536 5217 728 5288 capite
757 5217 1108 5272 indicavimus
1135 5235 1147 5270 :
1174 5219 1288 5271 hac
1311 5217 1459 5288 enim,
1497 5232 1598 5288 una
1624 5231 1743 5270 cum
1775 5217 1880 5272 illis

298 5287 564 5357 Anastasii
597 5287 637 5342 11
670 5289 910 5355 epistolas
952 5287 1206 5357 subjectis
1258 5290 1309 5341 in
1352 5287 1673 5341 Hadrianam
1704 5288 1874 5342 colle-

302 5353 539 5427 ctionem
586 5353 934 5427 transierunt,
970 5368 1027 5413 ut
1058 5353 1264 5414 ibidem
1309 5358 1478 5411 fusius
1519 5357 1872 5412 ostendimus.

298 5424 453 5478 Nunc
510 5424 578 5479 de
637 5429 846 5483 caeteris
897 5424 1236 5484 documentis
1281 5427 1351 5483 ’11
1404 5429 1715 5492 dicendum,
1759 5443 1878 5493 quas

296 5507 422 5549 eum
451 5509 558 5566 non
606 5495 848 5566 legantur
875 5502 929 5554 in
960 5501 1282 5556 collectione
1312 5499 1599 5564 Hadriani,
1631 5497 1881 5553 Additio—

296 5581 428 5692 sum
497 5565 947 5638 Dionysianarum
1003 5573 1223 5626 nomine
1275 5570 1649 5638 distinguenda
1701 5568 1880 5623 credi-

341 5651 478 5691 imus

341 5651 478 5691 tl'lllll

369 5705 426 5780 2.
456 5707 552 5761 lla:
575 5707 906 5780 additiones
950 5720 1143 5778 praeter
1188 5709 1306 5780 puri
1347 5709 1590 5780 Dionysii
1640 5707 1880 5778 codicem

297 5775 614 5836 Vaticanum
648 5779 805 5851 5815,
840 5795 902 5836 ex
934 5775 1039 5850 quo
1075 5795 1166 5836 eas
1191 5775 1547 5848 Dionysianas
1587 5775 1881 5850 appellavi-

1991 3240 2080 3305 qui
2129 3239 2196 3289 ad
2239 3237 2358 3310 ejus
2387 3253 2572 3310 usque
2624 3237 2988 3307 pontificatum
3041 3237 3352 3309 perductus,
3402 3245 3572 3310 ipsius

1993 3321 2187 3379 nomen
2244 3307 2561 3378 primigenio
2615 3310 2926 3364 charactere
2987 3307 3262 3366 exaratum
3314 3307 3573 3379 exhibet;

1992 3377 2118 3451 anni
2149 3392 2300 3451 vero,
2329 3377 2573 3451 menses,
2603 3395 2666 3434 ac
2693 3381 2809 3435 dies
2845 3381 3183 3449 pontificatus
3203 3383 3441 3450 ejusdem
3476 3377 3571 3451 po;

1989 3449 2206 3522 steriori
2263 3463 2423 3522 manu
2475 3450 2640 3522 additi
2704 3460 2865 3521 atque
2927 3452 3097 3506 notati
3153 3449 3574 3522 perapicinntur.

1993 3518 2170 3591 Ipsum
2195 3520 2492 3591 catalogum
2527 3521 2730 3575 amicus
2769 3518 2952 3576 noster
2993 3537 3045 3576 ν.
3077 3537 3127 3576 c.
3154 3518 3341 3578 comes
3368 3523 3575 3591 Joseplt

1993 3589 2310 3657 Gatatnpius
2341 3591 2563 3645 inseruit
2597 3591 2823 3646 eruditae
2846 3592 3206 3646 dissertationi
3247 3595 3313 3647 de
3342 3589 3576 3651 Numina

1991 3667 2228 3734 argenteo
2252 3658 2516 3734 Benedicti
2549 3663 2648 3728 Ill,
2679 3678 2798 3732 pag.
2833 3664 2954 3717 161.
2985 3663 3128 3717 Idem
3164 3665 3438 3734 catalogus
3471 3667 3574 3720 de-

1993 3731 2226 3799 scriptus
2253 3745 2464 3798 quoque
2485 3731 2769 3800 legiturin’
2785 3748 2887 3787 ms.
2917 3734 3036 3788 Vat.
3068 3736 3229 3799 1555,
3254 3731 3398 3790 unde
3419 3737 3576 3791 illum

1993 3800 2212 3856 edidere
2230 3802 2541 3873 Emmanuel
2553 3804 2965 3859 Schelestratius
2979 3805 3286 3873 inAntiquit.
3298 3805 3488 3860 Eccles.
3502 3808 3574 3860 il-

1994 3874 2142 3927 lustr.
2179 3879 2311 3926 tom.
2340 3872 2378 3938 l,
2406 3889 2522 3943 pag.
2556 3875 2681 3940 6‘28,
2714 3884 2768 3929 et
2798 3875 3112 3930 Franciscus
3139 3872 3481 3932 Blanchinius
3511 3881 3572 3932 in

1995 3943 2392 4017 prolegomenis
2413 3946 2478 3998 ad
2501 3953 2702 3999 tomum
2729 3945 2770 3999 11
2792 3945 3353 4014 Anastasii,opusculo
3373 3948 3425 4012 6,
3441 3963 3571 4017 pag.

1996 4013 2084 4076 18.
2112 4013 2202 4082 qui
2237 4023 2410 4067 tamen
2435 4026 2632 4080 praeter
2650 4017 2924 4070 Nicolaum
2946 4017 2965 4071 1
2989 4013 3185 4071 desinit
3216 4017 3267 4071 in
3299 4013 3576 4074 Hadriano

1995 4086 2038 4140 11
2058 4084 2469 4140 ctJoanchlll.
2495 4089 2554 4139 lli
2583 4101 2713 4141 vero
2729 4089 2836 4140 duo
2862 4089 3186 4156 posteriores
3210 4090 3487 4154 pontiﬁces
3511 4092 3573 4144 iu

1991 4158 2238 4225 exemplo
2267 4156 2602 4224 Bergomate,
2650 4173 2720 4212 ex
2768 4173 2874 4225 quo
2905 4159 3044 4213 idem
3085 4158 3572 4214 Vaticanum-ode:

1993 4227 2343 4293 transcriptus
2378 4228 2734 4298 luit,addititii
2767 4238 3371 4283 noscunturmnnorntn
3395 4231 3568 4298 enim,

1995 4299 2258 4352 mensium
2289 4311 2352 4349 ac
2375 4297 2582 4368 dierum
2612 4300 2753 4353 notis
2780 4309 2983 4362 carent,
3007 4301 3094 4368 qui
3123 4303 3176 4352 in
3201 4301 3320 4367 ipso
3350 4299 3576 4355 Nionlao

1994 4369 2013 4424 l
2043 4369 2343 4437 signantur.
2374 4366 2752 4422 Vallicellanus
2781 4369 2914 4423 liber
2939 4366 3272 4438 prmtttissunt
3302 4371 3458 4424 habet
3487 4374 3578 4424 in-

1993 4441 2164 4494 dicem
2209 4438 2612 4493 eminentissimi
2658 4439 2865 4492 Baronii
2919 4455 3076 4494 manu
3125 4451 3423 4501 exaratum.
3472 4446 3572 4507 qui

1918 4543 1966 4604 ι)
1995 4510 2133 4563 hanc
2159 4509 3006 4604 Ei.‘“i"‘.‘?.“."‘!‘.il’§§.“§“‘.
3026 4511 3396 4604 suosua;
3415 4513 3579 4564 Αυιίο

1990 4597 2127 4649 quns
2171 4580 2449 4633 character
2496 4580 2676 4646 incipit
2725 4593 2754 4630 a
2799 4580 2975 4636 tabula
3023 4581 3256 4649 capitum
3303 4581 3398 4636 Mi
3449 4600 3576 4645 quae

1990 4666 2112 4704 cum
2179 4651 2251 4703 sit
2301 4650 2451 4704 initio
2514 4650 2866 4712 detruncata,
2917 4650 3134 4705 inchoat
3189 4669 3217 4703 a
3273 4667 3419 4706 num.
3472 4653 3575 4708 5b.

1988 4721 2240 4788 Sequitur
2268 4720 2582 4774 charactere
2615 4722 2913 4787 majusculo
2950 4722 3169 4789 antiquo
3202 4732 3256 4776 et
3292 4722 3456 4776 rubro
3487 4724 3578 4776 in-

1989 4794 2211 4861 scriptio
2238 4790 2491 4845 Breviurii
2520 4791 2886 4853 Cresconiani,
2932 4802 3040 4845 tum
3069 4792 3352 4846 duodecim
3398 4807 3576 4846 sacrae

1989 4865 2245 4932 imagines
2277 4863 2469 4916 librum
2511 4877 2671 4932 manu
2713 4871 2978 4932 tenentes,
3009 4863 3130 4917 dein
3161 4863 3403 4926 praefatio
3429 4866 3579 4916 (μνε-

1986 4931 2154 4987 sconii
2202 4932 2268 4986 ad
2299 4933 2562 4986 Liberium
2645 4931 2713 4986 de
2735 4931 3035 4986 Concordia
3066 4947 3354 4997 canonum,
3402 4949 3574 5002 quam

1985 5003 2259 5069 excipiunt
2303 5002 2560 5056 Breviarti
2615 5003 2959 5058 Cresconiam'
3008 5005 3234 5072 capitula
3275 5005 3399 5059 500.
3452 5003 3582 5060 Hoc

1985 5084 2161 5128 autem
2188 5075 2305 5127 loco
2329 5073 2862 5127 animadvertendum
2895 5084 2976 5129 est
3000 5074 3159 5128 istum
3187 5077 3423 5130 Cocliccm
3443 5074 3578 5128 Val-

1986 5145 2290 5199 licellanum
2335 5160 2363 5214 a
2405 5145 2674 5214 Breviario
2710 5143 2986 5200 Cresconii
3029 5147 3388 5214 incipientem,
3439 5160 3576 5198 eum

1984 5228 2104 5270 esse
2132 5229 2289 5284 quem
2318 5212 2678 5268 Collectionem
2707 5215 3102 5270 Cresconianam
3140 5212 3382 5268 laudatus
3408 5215 3570 5272 card.

1985 5286 2243 5341 Baronins
2273 5286 2502 5339 vocavit.
2527 5285 2582 5339 Id
2607 5295 2757 5340 certo
2785 5287 2941 5338 nobis
2979 5286 3210 5339 innotuit
3235 5301 3300 5341 ex
3327 5286 3576 5340 numeris

1981 5357 2292 5424 paginarum
2323 5355 2392 5410 ab
2416 5357 2604 5410 eodem
2638 5359 2923 5412 Annalium
2967 5367 3192 5425 parente
3223 5357 3442 5418 notatis,
3469 5358 3572 5424 qui

1981 5441 2103 5480 cum
2139 5427 2296 5494 hujus
2317 5427 2518 5481 t-odicis
2537 5425 2741 5494 paginis
2757 5426 2979 5478 omnino
2993 5427 3340 5480 conveniunt.
3361 5427 3571 5481 Eodem

1984 5497 2140 5549 titulo
2168 5493 2494 5550 Collectio‘lis
2523 5493 2880 5550 Cresconianw
2919 5497 3141 5549 Romani
3184 5498 3420 5550 editores
3450 5495 3575 5564 cpi-

1983 5567 2241 5640 stolarum
2291 5566 2438 5640 [εις]
2484 5567 3210 5640 Romanorum‘pontilicum
3263 5568 3575 5640 allegarunt

1985 5639 2214 5691 similem
2242 5635 2483 5692 codicem
2517 5637 2636 5691 Vat.
2677 5635 2834 5690 1555.
2867 5637 2978 5691 llac
3003 5648 3181 5690 autc-tn
3227 5639 3410 5690 notitia
3440 5653 3574 5693 cum

1985 5721 2193 5762 careret
2223 5709 2280 5762 P.
2315 5708 2676 5771 Constantius,
2726 5707 2816 5776 qui
2861 5708 2928 5760 de
2963 5710 3061 5762 hac
3088 5710 3409 5762 collectione
3435 5709 3572 5761 Cre-

1987 5778 2242 5835 sconiana
2280 5779 2482 5835 amicos
2513 5779 2698 5834 Roma:
2735 5778 2993 5849 degentes
3032 5779 3217 5838 consul
3245 5780 3320 5847 .it,
3362 5793 3460 5839 nec
3489 5788 3583 5833 ta.
