  <div class='ocr_page' id='page_1' title='image "/cluster/home/n/w/nwhite01/storage/ocr_20150623/56/hvd.32044054758651/114.png"; bbox 0 0 3954 6194; ppageno 0'>
   <div class='ocr_carea' id='block_1_1' title="bbox 187 233 310 289">
    <p class='ocr_par' dir='ltr' id='par_1_1' title="bbox 187 233 310 289">
     <span class='ocr_line' id='line_1_1' title="bbox 187 233 310 289; baseline 0 0"><span class='ocrx_word' id='word_1_1' title='bbox 187 233 310 289; x_wconf 65' lang='grc'><strong>915</strong></span> 
     </span>
    </p>
   </div>
   <div class='ocr_carea' id='block_1_2' title="bbox 754 231 2916 303">
    <p class='ocr_par' dir='ltr' id='par_1_2' title="bbox 754 231 2916 303">
     <span class='ocr_line' id='line_1_2' title="bbox 754 231 2916 303; baseline 0.001 -16"><span class='ocrx_word' id='word_1_2' title='bbox 754 232 845 288; x_wconf 83' lang='lat' dir='ltr'><strong>DE</strong></span> <span class='ocrx_word' id='word_1_3' title='bbox 885 234 1108 303; x_wconf 62' lang='lat' dir='ltr'><strong>A‘rN&#39;I&#39;IQ.</strong></span> <span class='ocrx_word' id='word_1_4' title='bbox 1149 231 1596 290; x_wconf 82' lang='lat' dir='ltr'><strong>COLLECTION.</strong></span> <span class='ocrx_word' id='word_1_5' title='bbox 1639 233 1726 288; x_wconf 82' lang='lat' dir='ltr'><strong>ET</strong></span> <span class='ocrx_word' id='word_1_6' title='bbox 1767 233 2186 290; x_wconf 80' lang='lat' dir='ltr'><strong>CULLECTUR.</strong></span> <span class='ocrx_word' id='word_1_7' title='bbox 2227 234 2578 292; x_wconf 70' lang='lat' dir='ltr'><strong>LANONUM.</strong></span> <span class='ocrx_word' id='word_1_8' title='bbox 2622 236 2795 291; x_wconf 81' lang='lat' dir='ltr'><strong>PARS</strong></span> <span class='ocrx_word' id='word_1_9' title='bbox 2836 235 2916 290; x_wconf 80' lang='lat' dir='ltr'><strong>III&#39;.</strong></span> 
     </span>
    </p>
   </div>
   <div class='ocr_carea' id='block_1_3' title="bbox 3360 236 3464 292">
    <p class='ocr_par' dir='ltr' id='par_1_3' title="bbox 3360 236 3464 292">
     <span class='ocr_line' id='line_1_3' title="bbox 3360 236 3464 292; baseline 0.038 -4"><span class='ocrx_word' id='word_1_10' title='bbox 3360 236 3464 292; x_wconf 75' lang='lat' dir='ltr'><strong>2H</strong></span> 
     </span>
    </p>
   </div>
   <div class='ocr_carea' id='block_1_4' title="bbox 189 344 3468 416">
    <p class='ocr_par' dir='ltr' id='par_1_4' title="bbox 189 344 3468 416">
     <span class='ocr_line' id='line_1_4' title="bbox 189 344 3468 416; baseline -0 -15"><span class='ocrx_word' id='word_1_11' title='bbox 189 362 326 401; x_wconf 83' lang='lat' dir='ltr'><strong>men</strong></span> <span class='ocrx_word' id='word_1_12' title='bbox 361 344 565 416; x_wconf 80' lang='lat' dir='ltr'><strong>idonea</strong></span> <span class='ocrx_word' id='word_1_13' title='bbox 580 345 785 416; x_wconf 79' lang='lat' dir='ltr'><strong>exinde</strong></span> <span class='ocrx_word' id='word_1_14' title='bbox 823 348 1026 415; x_wconf 86' lang='lat' dir='ltr'><strong>recepit</strong></span> <span class='ocrx_word' id='word_1_15' title='bbox 1053 361 1332 416; x_wconf 82' lang='lat' dir='ltr'><strong>responsa,</strong></span> <span class='ocrx_word' id='word_1_16' title='bbox 1363 347 1527 401; x_wconf 85' lang='lat' dir='ltr'><strong>variis</strong></span> <span class='ocrx_word' id='word_1_17' title='bbox 1552 345 1780 400; x_wconf 84' lang='lat' dir='ltr'><strong>dil&#39;llcul-</strong></span> <span class='ocrx_word' id='word_1_18' title='bbox 1810 349 1860 405; x_wconf 80' lang='grc' dir='ltr'><strong>Δ</strong></span> <span class='ocrx_word' id='word_1_19' title='bbox 1889 346 1976 400; x_wconf 87' lang='lat' dir='ltr'><strong>hic</strong></span> <span class='ocrx_word' id='word_1_20' title='bbox 2033 347 2403 416; x_wconf 87' lang='lat' dir='ltr'><strong>appendimus.</strong></span> <span class='ocrx_word' id='word_1_21' title='bbox 2460 347 2648 402; x_wconf 79' lang='lat' dir='ltr'><strong>Menda</strong></span> <span class='ocrx_word' id='word_1_22' title='bbox 2701 347 2868 416; x_wconf 84' lang='lat' dir='ltr'><strong>ipsius</strong></span> <span class='ocrx_word' id='word_1_23' title='bbox 2924 347 3113 414; x_wconf 88' lang='lat' dir='ltr'><strong>partim</strong></span> <span class='ocrx_word' id='word_1_24' title='bbox 3168 349 3468 416; x_wconf 83' lang='lat' dir='ltr'><strong>intpostori,</strong></span> 
     </span>
    </p>
   </div>
   <div class='ocr_carea' id='block_1_5' title="bbox 190 414 1791 499">
    <p class='ocr_par' dir='ltr' id='par_1_5' title="bbox 190 414 1791 499">
     <span class='ocr_line' id='line_1_5' title="bbox 190 414 1791 499; baseline 0 -28"><span class='ocrx_word' id='word_1_25' title='bbox 190 416 410 499; x_wconf 66' lang='lat' dir='ltr'><strong>tatibus</strong></span> <span class='ocrx_word' id='word_1_26' title='bbox 440 414 731 499; x_wconf 70' lang='lat' dir='ltr'><strong>implicitus</strong></span> <span class='ocrx_word' id='word_1_27' title='bbox 763 416 891 499; x_wconf 77' lang='lat' dir='ltr'><strong>Iuit,_</strong></span> <span class='ocrx_word' id='word_1_28' title='bbox 922 414 980 471; x_wconf 85' lang='lat' dir='ltr'><strong>ut</strong></span> <span class='ocrx_word' id='word_1_29' title='bbox 1013 414 1193 499; x_wconf 60' lang='lat' dir='ltr'><strong>videre</strong></span> <span class='ocrx_word' id='word_1_30' title='bbox 1217 418 1472 499; x_wconf 65' lang='lat' dir='ltr'><strong>estinter</strong></span> <span class='ocrx_word' id='word_1_31' title='bbox 1497 426 1690 499; x_wconf 52' lang='lat' dir='ltr'><strong>caetera</strong></span> <span class='ocrx_word' id='word_1_32' title='bbox 1732 418 1791 471; x_wconf 83' lang='lat' dir='ltr'><strong>iu&#39;</strong></span> 
     </span>
    </p>
   </div>
   <div class='ocr_carea' id='block_1_6' title="bbox 190 486 1786 636">
    <p class='ocr_par' dir='ltr' id='par_1_6' title="bbox 190 486 1786 636">
     <span class='ocr_line' id='line_1_6' title="bbox 190 486 1786 554; baseline -0.003 -14"><span class='ocrx_word' id='word_1_33' title='bbox 190 486 522 552; x_wconf 61' lang='lat' dir='ltr'><strong>praefatione</strong></span> <span class='ocrx_word' id='word_1_34' title='bbox 559 486 800 553; x_wconf 85' lang='lat' dir='ltr'><strong>ejusdem</strong></span> <span class='ocrx_word' id='word_1_35' title='bbox 826 486 892 541; x_wconf 88' lang='lat' dir='ltr'><strong>ad</strong></span> <span class='ocrx_word' id='word_1_36' title='bbox 923 498 1052 540; x_wconf 88' lang='lat' dir='ltr'><strong>tom.</strong></span> <span class='ocrx_word' id='word_1_37' title='bbox 1085 487 1103 540; x_wconf 88' lang='grc' dir='ltr'><strong>Ι</strong></span> <span class='ocrx_word' id='word_1_38' title='bbox 1133 487 1489 554; x_wconf 72' lang='lat' dir='ltr'><strong>Epistolarum</strong></span> <span class='ocrx_word' id='word_1_39' title='bbox 1520 486 1786 540; x_wconf 78' lang='lat' dir='ltr'><strong>Rotttaun-</strong></span> 
     </span>
     <span class='ocr_line' id='line_1_7' title="bbox 191 556 1784 636; baseline 0.001 -28"><span class='ocrx_word' id='word_1_40' title='bbox 191 570 316 636; x_wconf 62' lang='grc' dir='ltr'><strong>[πω</strong></span> <span class='ocrx_word' id='word_1_41' title='bbox 346 556 660 636; x_wconf 67' lang='lat' dir='ltr'><strong>pontificum</strong></span> <span class='ocrx_word' id='word_1_42' title='bbox 706 572 871 636; x_wconf 36' lang='lat' dir='ltr'><strong>nam:</strong></span> <span class='ocrx_word' id='word_1_43' title='bbox 897 557 1003 636; x_wconf 57' lang='lat'><strong>195</strong></span> <span class='ocrx_word' id='word_1_44' title='bbox 1039 565 1094 611; x_wconf 90' lang='lat' dir='ltr'><strong>et</strong></span> <span class='ocrx_word' id='word_1_45' title='bbox 1130 557 1425 636; x_wconf 73' lang='lat' dir='ltr'><strong>l27.__P_ost</strong></span> <span class='ocrx_word' id='word_1_46' title='bbox 1453 557 1784 610; x_wconf 79' lang='lat' dir='ltr'><strong>Breviariutn</strong></span> 
     </span>
    </p>
   </div>
   <div class='ocr_carea' id='block_1_7' title="bbox 190 625 1786 682">
    <p class='ocr_par' dir='ltr' id='par_1_7' title="bbox 190 625 1786 682">
     <span class='ocr_line' id='line_1_8' title="bbox 190 625 1786 682; baseline 0.001 -2"><span class='ocrx_word' id='word_1_47' title='bbox 190 625 479 680; x_wconf 52' lang='lat' dir='ltr'><strong>Cresconii</strong></span> <span class='ocrx_word' id='word_1_48' title='bbox 509 627 562 680; x_wconf 88' lang='lat' dir='ltr'><strong>in</strong></span> <span class='ocrx_word' id='word_1_49' title='bbox 601 641 705 681; x_wconf 87' lang='lat' dir='ltr'><strong>ms.</strong></span> <span class='ocrx_word' id='word_1_50' title='bbox 741 626 1087 682; x_wconf 87' lang='lat' dir='ltr'><strong>Vallicellano</strong></span> <span class='ocrx_word' id='word_1_51' title='bbox 1116 627 1435 682; x_wconf 69' lang='lat' dir='ltr'><strong>describitur</strong></span> <span class='ocrx_word' id='word_1_52' title='bbox 1459 637 1786 682; x_wconf 85' lang='lat' dir='ltr'><strong>memoratus</strong></span> 
     </span>
    </p>
   </div>
   <div class='ocr_carea' id='block_1_8' title="bbox 191 696 1826 767">
    <p class='ocr_par' dir='ltr' id='par_1_8' title="bbox 191 696 1826 767">
     <span class='ocr_line' id='line_1_9' title="bbox 191 696 1826 767; baseline 0.001 -17"><span class='ocrx_word' id='word_1_53' title='bbox 191 696 480 767; x_wconf 82' lang='lat' dir='ltr'><strong>catalogus</strong></span> <span class='ocrx_word' id='word_1_54' title='bbox 502 696 864 751; x_wconf 79' lang='lat' dir='ltr'><strong>Romanorum</strong></span> <span class='ocrx_word' id='word_1_55' title='bbox 887 697 1198 767; x_wconf 68' lang='lat' dir='ltr'><strong>praesulum.</strong></span> <span class='ocrx_word' id='word_1_56' title='bbox 1229 697 1359 750; x_wconf 87' lang='lat' dir='ltr'><strong>Dein</strong></span> <span class='ocrx_word' id='word_1_57' title='bbox 1397 697 1678 767; x_wconf 63' lang='lat' dir='ltr'><strong>subjicitur</strong></span> <span class='ocrx_word' id='word_1_58' title='bbox 1705 704 1786 750; x_wconf 87' lang='lat' dir='ltr'><strong>ta-</strong></span> <span class='ocrx_word' id='word_1_59' title='bbox 1822 704 1826 707; x_wconf 86' lang='lat'><strong><em>&#39;</em></strong></span> 
     </span>
    </p>
   </div>
   <div class='ocr_carea' id='block_1_9' title="bbox 191 766 1786 822">
    <p class='ocr_par' dir='ltr' id='par_1_9' title="bbox 191 766 1786 822">
     <span class='ocr_line' id='line_1_10' title="bbox 191 766 1786 822; baseline 0 -2"><span class='ocrx_word' id='word_1_60' title='bbox 191 766 319 820; x_wconf 78' lang='lat' dir='ltr'><strong>bula</strong></span> <span class='ocrx_word' id='word_1_61' title='bbox 344 781 618 821; x_wconf 87' lang='lat' dir='ltr'><strong>canonum</strong></span> <span class='ocrx_word' id='word_1_62' title='bbox 651 766 1001 822; x_wconf 87' lang='lat' dir='ltr'><strong>conciliorum</strong></span> <span class='ocrx_word' id='word_1_63' title='bbox 1043 774 1100 822; x_wconf 90' lang='lat' dir='ltr'><strong>et</strong></span> <span class='ocrx_word' id='word_1_64' title='bbox 1137 767 1472 822; x_wconf 89' lang='lat' dir='ltr'><strong>decretorum</strong></span> <span class='ocrx_word' id='word_1_65' title='bbox 1518 766 1786 820; x_wconf 84' lang='lat' dir='ltr'><strong>Romano-</strong></span> 
     </span>
    </p>
   </div>
   <div class='ocr_carea' id='block_1_10' title="bbox 192 836 1785 907">
    <p class='ocr_par' dir='ltr' id='par_1_10' title="bbox 192 836 1785 907">
     <span class='ocr_line' id='line_1_11' title="bbox 192 836 1785 907; baseline 0.001 -17"><span class='ocrx_word' id='word_1_66' title='bbox 192 851 317 890; x_wconf 83' lang='lat' dir='ltr'><strong>rum</strong></span> <span class='ocrx_word' id='word_1_67' title='bbox 367 836 706 903; x_wconf 81' lang='lat' dir='ltr'><strong>pontiﬁcum,</strong></span> <span class='ocrx_word' id='word_1_68' title='bbox 735 853 893 905; x_wconf 87' lang='lat' dir='ltr'><strong>quam</strong></span> <span class='ocrx_word' id='word_1_69' title='bbox 920 847 1213 907; x_wconf 86' lang='lat' dir='ltr'><strong>sequuntur</strong></span> <span class='ocrx_word' id='word_1_70' title='bbox 1237 837 1338 907; x_wconf 92' lang='lat' dir='ltr'><strong>ipsi</strong></span> <span class='ocrx_word' id='word_1_71' title='bbox 1363 851 1598 907; x_wconf 88' lang='lat' dir='ltr'><strong>canones</strong></span> <span class='ocrx_word' id='word_1_72' title='bbox 1625 845 1785 906; x_wconf 88' lang='lat' dir='ltr'><strong>atque</strong></span> 
     </span>
    </p>
   </div>
   <div class='ocr_carea' id='block_1_11' title="bbox 192 906 1784 977">
    <p class='ocr_par' dir='ltr' id='par_1_11' title="bbox 192 906 1784 977">
     <span class='ocr_line' id='line_1_12' title="bbox 192 906 1784 977; baseline 0.001 -18"><span class='ocrx_word' id='word_1_73' title='bbox 192 907 416 960; x_wconf 82' lang='lat' dir='ltr'><strong>decreta</strong></span> <span class='ocrx_word' id='word_1_74' title='bbox 461 922 585 962; x_wconf 88' lang='lat' dir='ltr'><strong>cum</strong></span> <span class='ocrx_word' id='word_1_75' title='bbox 618 909 805 963; x_wconf 82' lang='lat' dir='ltr'><strong>iisdem</strong></span> <span class='ocrx_word' id='word_1_76' title='bbox 851 906 1230 962; x_wconf 85' lang='lat' dir='ltr'><strong>additamentis</strong></span> <span class='ocrx_word' id='word_1_77' title='bbox 1265 906 1388 977; x_wconf 71' lang='lat' dir='ltr'><strong>quae</strong></span> <span class='ocrx_word' id='word_1_78' title='bbox 1435 906 1490 962; x_wconf 88' lang='lat' dir='ltr'><strong>in</strong></span> <span class='ocrx_word' id='word_1_79' title='bbox 1519 907 1784 961; x_wconf 84' lang='lat' dir='ltr'><strong>Hadriana</strong></span> 
     </span>
    </p>
   </div>
   <div class='ocr_carea' id='block_1_12' title="bbox 190 977 1779 1047">
    <p class='ocr_par' dir='ltr' id='par_1_12' title="bbox 190 977 1779 1047">
     <span class='ocr_line' id='line_1_13' title="bbox 190 977 1779 1047; baseline -0.001 -17"><span class='ocrx_word' id='word_1_80' title='bbox 190 977 522 1031; x_wconf 68' lang='lat' dir='ltr'><strong>collectione</strong></span> <span class='ocrx_word' id='word_1_81' title='bbox 549 980 913 1044; x_wconf 70' lang='lat' dir='ltr'><strong>continentur,</strong></span> <span class='ocrx_word' id='word_1_82' title='bbox 939 978 1233 1047; x_wconf 87' lang='lat' dir='ltr'><strong>iisdemque</strong></span> <span class='ocrx_word' id='word_1_83' title='bbox 1259 992 1358 1032; x_wconf 84' lang='lat' dir='ltr'><strong>suo</strong></span> <span class='ocrx_word' id='word_1_84' title='bbox 1395 978 1514 1031; x_wconf 90' lang='lat' dir='ltr'><strong>loco</strong></span> <span class='ocrx_word' id='word_1_85' title='bbox 1541 978 1779 1042; x_wconf 76' lang='lat' dir='ltr'><strong>insertis,</strong></span> 
     </span>
    </p>
   </div>
   <div class='ocr_carea' id='block_1_13' title="bbox 193 1047 1784 1103">
    <p class='ocr_par' dir='ltr' id='par_1_13' title="bbox 193 1047 1784 1103">
     <span class='ocr_line' id='line_1_14' title="bbox 193 1047 1784 1103; baseline 0.001 -3"><span class='ocrx_word' id='word_1_86' title='bbox 193 1057 251 1100; x_wconf 78' lang='lat' dir='ltr'><strong>ut</strong></span> <span class='ocrx_word' id='word_1_87' title='bbox 299 1048 354 1100; x_wconf 90' lang='lat' dir='ltr'><strong>in</strong></span> <span class='ocrx_word' id='word_1_88' title='bbox 411 1047 600 1100; x_wconf 81' lang='lat' dir='ltr'><strong>eadem</strong></span> <span class='ocrx_word' id='word_1_89' title='bbox 647 1048 988 1103; x_wconf 85' lang='lat' dir='ltr'><strong>collectione.</strong></span> <span class='ocrx_word' id='word_1_90' title='bbox 1045 1049 1172 1103; x_wconf 86' lang='lat' dir='ltr'><strong>Post</strong></span> <span class='ocrx_word' id='word_1_91' title='bbox 1219 1048 1334 1102; x_wconf 69' lang='lat' dir='ltr'><strong>haec</strong></span> <span class='ocrx_word' id='word_1_92' title='bbox 1374 1048 1641 1102; x_wconf 85' lang='lat' dir='ltr'><strong>adduntur</strong></span> <span class='ocrx_word' id='word_1_93' title='bbox 1678 1048 1784 1102; x_wconf 82' lang='lat' dir='ltr'><strong>alia</strong></span> 
     </span>
    </p>
   </div>
   <div class='ocr_carea' id='block_1_14' title="bbox 193 1115 1783 1187">
    <p class='ocr_par' dir='ltr' id='par_1_14' title="bbox 193 1115 1783 1187">
     <span class='ocr_line' id='line_1_15' title="bbox 193 1115 1783 1187; baseline 0.003 -18"><span class='ocrx_word' id='word_1_94' title='bbox 193 1116 433 1187; x_wconf 82' lang='lat' dir='ltr'><strong>capitula</strong></span> <span class='ocrx_word' id='word_1_95' title='bbox 502 1115 596 1179; x_wconf 70' lang='lat'><strong>74,</strong></span> <span class='ocrx_word' id='word_1_96' title='bbox 647 1134 767 1187; x_wconf 72' lang='lat' dir='ltr'><strong>quce</strong></span> <span class='ocrx_word' id='word_1_97' title='bbox 839 1118 998 1186; x_wconf 84' lang='lat' dir='ltr'><strong>hujus</strong></span> <span class='ocrx_word' id='word_1_98' title='bbox 1068 1119 1402 1173; x_wconf 85' lang='lat' dir='ltr'><strong>collectionis</strong></span> <span class='ocrx_word' id='word_1_99' title='bbox 1472 1117 1783 1182; x_wconf 82' lang='lat' dir='ltr'><strong>peculiaria,</strong></span> 
     </span>
    </p>
   </div>
   <div class='ocr_carea' id='block_1_15' title="bbox 191 1186 1785 1244">
    <p class='ocr_par' dir='ltr' id='par_1_15' title="bbox 191 1186 1785 1244">
     <span class='ocr_line' id='line_1_16' title="bbox 191 1186 1785 1244; baseline 0.002 -4"><span class='ocrx_word' id='word_1_100' title='bbox 191 1186 551 1242; x_wconf 78' lang='lat' dir='ltr'><strong>Additionum</strong></span> <span class='ocrx_word' id='word_1_101' title='bbox 576 1186 1019 1244; x_wconf 29' lang='lat' dir='ltr'><strong>Dio’nvsmuarum</strong></span> <span class='ocrx_word' id='word_1_102' title='bbox 1047 1191 1261 1244; x_wconf 88' lang='lat' dir='ltr'><strong>nomine</strong></span> <span class='ocrx_word' id='word_1_103' title='bbox 1277 1188 1634 1242; x_wconf 75' lang='lat' dir='ltr'><strong>distinximus.</strong></span> <span class='ocrx_word' id='word_1_104' title='bbox 1659 1188 1785 1243; x_wconf 65' lang='lat' dir='ltr'><strong>Haec</strong></span> 
     </span>
    </p>
   </div>
   <div class='ocr_carea' id='block_1_16' title="bbox 191 1257 1787 1326">
    <p class='ocr_par' dir='ltr' id='par_1_16' title="bbox 191 1257 1787 1326">
     <span class='ocr_line' id='line_1_17' title="bbox 191 1257 1787 1326; baseline 0.003 -16"><span class='ocrx_word' id='word_1_105' title='bbox 191 1266 374 1310; x_wconf 72' lang='lat' dir='ltr'><strong>autem</strong></span> <span class='ocrx_word' id='word_1_106' title='bbox 432 1257 664 1326; x_wconf 88' lang='lat' dir='ltr'><strong>capitula</strong></span> <span class='ocrx_word' id='word_1_107' title='bbox 710 1257 783 1312; x_wconf 73' lang='grc'><strong>’14</strong></span> <span class='ocrx_word' id='word_1_108' title='bbox 841 1259 1094 1315; x_wconf 88' lang='lat' dir='ltr'><strong>continua</strong></span> <span class='ocrx_word' id='word_1_109' title='bbox 1155 1274 1498 1314; x_wconf 89' lang='lat' dir='ltr'><strong>numerorum</strong></span> <span class='ocrx_word' id='word_1_110' title='bbox 1535 1261 1675 1313; x_wconf 89' lang='lat' dir='ltr'><strong>serie</strong></span> <span class='ocrx_word' id='word_1_111' title='bbox 1710 1259 1787 1314; x_wconf 74' lang='lat' dir='ltr'><strong>ita</strong></span> 
     </span>
    </p>
   </div>
   <div class='ocr_carea' id='block_1_17' title="bbox 191 1328 1784 1398">
    <p class='ocr_par' dir='ltr' id='par_1_17' title="bbox 191 1328 1784 1398">
     <span class='ocr_line' id='line_1_18' title="bbox 191 1328 1784 1398; baseline 0.001 -17"><span class='ocrx_word' id='word_1_112' title='bbox 191 1341 316 1381; x_wconf 82' lang='lat' dir='ltr'><strong>cum</strong></span> <span class='ocrx_word' id='word_1_113' title='bbox 343 1328 782 1396; x_wconf 61' lang='lat' dir='ltr'><strong>precedentibus</strong></span> <span class='ocrx_word' id='word_1_114' title='bbox 808 1339 1216 1394; x_wconf 86' lang='lat' dir='ltr'><strong>connectuntur,</strong></span> <span class='ocrx_word' id='word_1_115' title='bbox 1262 1337 1322 1383; x_wconf 94' lang='lat' dir='ltr'><strong>ut</strong></span> <span class='ocrx_word' id='word_1_116' title='bbox 1341 1329 1518 1398; x_wconf 82' lang='lat' dir='ltr'><strong>priora</strong></span> <span class='ocrx_word' id='word_1_117' title='bbox 1551 1330 1640 1383; x_wconf 90' lang='lat' dir='ltr'><strong>illa</strong></span> <span class='ocrx_word' id='word_1_118' title='bbox 1673 1328 1784 1382; x_wconf 83' lang='lat' dir='ltr'><strong>Ha-</strong></span> 
     </span>
    </p>
   </div>
   <div class='ocr_carea' id='block_1_18' title="bbox 191 1398 1786 1472">
    <p class='ocr_par' dir='ltr' id='par_1_18' title="bbox 191 1398 1786 1472">
     <span class='ocr_line' id='line_1_19' title="bbox 191 1398 1786 1472; baseline 0.003 -22"><span class='ocrx_word' id='word_1_119' title='bbox 191 1398 402 1452; x_wconf 66' lang='lat' dir='ltr'><strong>driana:</strong></span> <span class='ocrx_word' id='word_1_120' title='bbox 425 1399 767 1472; x_wconf 72' lang='lat' dir='ltr'><strong>collectionis</strong></span> <span class='ocrx_word' id='word_1_121' title='bbox 794 1399 1112 1472; x_wconf 76' lang='lat' dir='ltr'><strong>documenta</strong></span> <span class='ocrx_word' id='word_1_122' title='bbox 1142 1400 1422 1472; x_wconf 67' lang='lat' dir='ltr'><strong>distributa</strong></span> <span class='ocrx_word' id='word_1_123' title='bbox 1441 1399 1564 1472; x_wconf 77' lang='lat' dir='ltr'><strong>_sint</strong></span> <span class='ocrx_word' id='word_1_124' title='bbox 1593 1402 1644 1453; x_wconf 89' lang='lat' dir='ltr'><strong>in</strong></span> <span class='ocrx_word' id='word_1_125' title='bbox 1687 1416 1786 1454; x_wconf 82' lang='lat' dir='ltr'><strong>nu—</strong></span> 
     </span>
    </p>
   </div>
   <div class='ocr_carea' id='block_1_19' title="bbox 195 1468 1782 1540">
    <p class='ocr_par' dir='ltr' id='par_1_19' title="bbox 195 1468 1782 1540">
     <span class='ocr_line' id='line_1_20' title="bbox 195 1468 1782 1540; baseline 0.001 -18"><span class='ocrx_word' id='word_1_126' title='bbox 195 1468 508 1540; x_wconf 49' lang='lat' dir='ltr'><strong>merosus,</strong></span> <span class='ocrx_word' id='word_1_127' title='bbox 553 1468 638 1523; x_wconf 69' lang='lat' dir='ltr'><strong>hae</strong></span> <span class='ocrx_word' id='word_1_128' title='bbox 682 1485 812 1526; x_wconf 84' lang='lat' dir='ltr'><strong>vero</strong></span> <span class='ocrx_word' id='word_1_129' title='bbox 843 1469 1162 1526; x_wconf 77' lang='lat' dir='ltr'><strong>Additiones</strong></span> <span class='ocrx_word' id='word_1_130' title='bbox 1189 1468 1249 1493; x_wconf 79' lang='grc'><strong>’¹’</strong></span> <span class='ocrx_word' id='word_1_131' title='bbox 1294 1470 1550 1540; x_wconf 86' lang='lat' dir='ltr'><strong>incipiant</strong></span> <span class='ocrx_word' id='word_1_132' title='bbox 1574 1485 1604 1524; x_wconf 88' lang='lat' dir='ltr'><strong>a</strong></span> <span class='ocrx_word' id='word_1_133' title='bbox 1633 1486 1782 1525; x_wconf 92' lang='lat' dir='ltr'><strong>num.</strong></span> 
     </span>
    </p>
   </div>
   <div class='ocr_carea' id='block_1_20' title="bbox 193 1538 1043 1595">
    <p class='ocr_par' dir='ltr' id='par_1_20' title="bbox 193 1538 1043 1595">
     <span class='ocr_line' id='line_1_21' title="bbox 193 1538 1043 1595; baseline 0.002 -2"><span class='ocrx_word' id='word_1_134' title='bbox 193 1538 261 1593; x_wconf 81' lang='lat'><strong>69</strong></span> <span class='ocrx_word' id='word_1_135' title='bbox 288 1549 345 1593; x_wconf 88' lang='lat' dir='ltr'><strong>et</strong></span> <span class='ocrx_word' id='word_1_136' title='bbox 373 1539 632 1594; x_wconf 86' lang='lat' dir='ltr'><strong>desinant</strong></span> <span class='ocrx_word' id='word_1_137' title='bbox 659 1541 711 1593; x_wconf 93' lang='lat' dir='ltr'><strong>in</strong></span> <span class='ocrx_word' id='word_1_138' title='bbox 741 1555 887 1594; x_wconf 90' lang='lat' dir='ltr'><strong>num.</strong></span> <span class='ocrx_word' id='word_1_139' title='bbox 921 1543 1043 1595; x_wconf 76' lang='grc'><strong>141.</strong></span> 
     </span>
    </p>
   </div>
   <div class='ocr_carea' id='block_1_21' title="bbox 259 1609 1784 1678">
    <p class='ocr_par' dir='ltr' id='par_1_21' title="bbox 259 1609 1784 1678">
     <span class='ocr_line' id='line_1_22' title="bbox 259 1609 1784 1678; baseline -0.001 -15"><span class='ocrx_word' id='word_1_140' title='bbox 259 1610 316 1663; x_wconf 73' lang='grc' dir='ltr'><strong>ι.</strong></span> <span class='ocrx_word' id='word_1_141' title='bbox 347 1610 491 1664; x_wconf 83' lang='lat' dir='ltr'><strong>Cum</strong></span> <span class='ocrx_word' id='word_1_142' title='bbox 531 1610 585 1663; x_wconf 90' lang='lat' dir='ltr'><strong>in</strong></span> <span class='ocrx_word' id='word_1_143' title='bbox 609 1625 712 1664; x_wconf 88' lang='lat' dir='ltr'><strong>ms.</strong></span> <span class='ocrx_word' id='word_1_144' title='bbox 743 1610 859 1664; x_wconf 93' lang='lat' dir='ltr'><strong>Vat.</strong></span> <span class='ocrx_word' id='word_1_145' title='bbox 890 1610 1034 1678; x_wconf 64' lang='grc'><strong>5845</strong></span> <span class='ocrx_word' id='word_1_146' title='bbox 1058 1626 1260 1664; x_wconf 44' lang='lat' dir='ltr'><strong>easdem</strong></span> <span class='ocrx_word' id='word_1_147' title='bbox 1289 1609 1602 1666; x_wconf 83' lang='lat' dir='ltr'><strong>Additiones</strong></span> <span class='ocrx_word' id='word_1_148' title='bbox 1629 1625 1784 1675; x_wconf 85' lang='lat' dir='ltr'><strong>sepa-</strong></span> 
     </span>
    </p>
   </div>
   <div class='ocr_carea' id='block_1_22' title="bbox 193 1679 1784 1751">
    <p class='ocr_par' dir='ltr' id='par_1_22' title="bbox 193 1679 1784 1751">
     <span class='ocr_line' id='line_1_23' title="bbox 193 1679 1784 1751; baseline 0.002 -18"><span class='ocrx_word' id='word_1_149' title='bbox 193 1682 351 1751; x_wconf 81' lang='lat' dir='ltr'><strong>ratim</strong></span> <span class='ocrx_word' id='word_1_150' title='bbox 380 1679 743 1746; x_wconf 73' lang='lat' dir='ltr'><strong>subiiciantur</strong></span> <span class='ocrx_word' id='word_1_151' title='bbox 765 1682 1039 1745; x_wconf 81' lang='lat' dir='ltr'><strong>Dionysio,</strong></span> <span class='ocrx_word' id='word_1_152' title='bbox 1068 1685 1373 1751; x_wconf 66' lang='lat' dir='ltr'><strong>iunctaeque</strong></span> <span class='ocrx_word' id='word_1_153' title='bbox 1407 1697 1528 1735; x_wconf 91' lang='lat' dir='ltr'><strong>cum</strong></span> <span class='ocrx_word' id='word_1_154' title='bbox 1549 1683 1784 1751; x_wconf 85' lang='lat' dir='ltr'><strong>quinque</strong></span> 
     </span>
    </p>
   </div>
   <div class='ocr_carea' id='block_1_23' title="bbox 193 1750 1784 1818">
    <p class='ocr_par' dir='ltr' id='par_1_23' title="bbox 193 1750 1784 1818">
     <span class='ocr_line' id='line_1_24' title="bbox 193 1750 1784 1818; baseline 0.001 -15"><span class='ocrx_word' id='word_1_155' title='bbox 193 1750 312 1804; x_wconf 83' lang='lat' dir='ltr'><strong>aliis</strong></span> <span class='ocrx_word' id='word_1_156' title='bbox 355 1751 616 1818; x_wconf 66' lang='lat' dir='ltr'><strong>capitulis</strong></span> <span class='ocrx_word' id='word_1_157' title='bbox 658 1753 710 1805; x_wconf 94' lang='lat' dir='ltr'><strong>in</strong></span> <span class='ocrx_word' id='word_1_158' title='bbox 754 1751 1077 1806; x_wconf 81' lang='lat' dir='ltr'><strong>Hadrianam</strong></span> <span class='ocrx_word' id='word_1_159' title='bbox 1113 1750 1484 1805; x_wconf 88' lang='lat' dir='ltr'><strong>collectionem</strong></span> <span class='ocrx_word' id='word_1_160' title='bbox 1527 1750 1784 1805; x_wconf 77' lang='lat' dir='ltr'><strong>traductis</strong></span> 
     </span>
    </p>
   </div>
   <div class='ocr_carea' id='block_1_24' title="bbox 193 1820 1783 1891">
    <p class='ocr_par' dir='ltr' id='par_1_24' title="bbox 193 1820 1783 1891">
     <span class='ocr_line' id='line_1_25' title="bbox 193 1820 1783 1891; baseline 0.001 -17"><span class='ocrx_word' id='word_1_161' title='bbox 193 1820 494 1891; x_wconf 17' lang='lat' dir='ltr'><strong>conﬁciant,</strong></span> <span class='ocrx_word' id='word_1_162' title='bbox 542 1823 715 1889; x_wconf 84' lang='lat' dir='ltr'><strong>capita</strong></span> <span class='ocrx_word' id='word_1_163' title='bbox 772 1821 860 1887; x_wconf 88' lang='lat'><strong>79,</strong></span> <span class='ocrx_word' id='word_1_164' title='bbox 891 1823 1150 1891; x_wconf 90' lang='lat' dir='ltr'><strong>incipiunt</strong></span> <span class='ocrx_word' id='word_1_165' title='bbox 1181 1837 1209 1874; x_wconf 92' lang='lat' dir='ltr'><strong>a</strong></span> <span class='ocrx_word' id='word_1_166' title='bbox 1246 1837 1393 1874; x_wconf 87' lang='lat' dir='ltr'><strong>nutu.</strong></span> <span class='ocrx_word' id='word_1_167' title='bbox 1424 1822 1478 1876; x_wconf 85' lang='lat'><strong>6.</strong></span> <span class='ocrx_word' id='word_1_168' title='bbox 1533 1822 1611 1876; x_wconf 81' lang='lat' dir='ltr'><strong>Ne</strong></span> <span class='ocrx_word' id='word_1_169' title='bbox 1654 1822 1783 1890; x_wconf 88' lang='lat' dir='ltr'><strong>quid</strong></span> 
     </span>
    </p>
   </div>
   <div class='ocr_carea' id='block_1_25' title="bbox 194 1890 1783 1960">
    <p class='ocr_par' dir='ltr' id='par_1_25' title="bbox 194 1890 1783 1960">
     <span class='ocr_line' id='line_1_26' title="bbox 194 1890 1783 1960; baseline 0.004 -20"><span class='ocrx_word' id='word_1_170' title='bbox 194 1906 325 1944; x_wconf 75' lang='lat' dir='ltr'><strong>vero</strong></span> <span class='ocrx_word' id='word_1_171' title='bbox 358 1890 702 1946; x_wconf 76' lang='lat' dir='ltr'><strong>confusionis</strong></span> <span class='ocrx_word' id='word_1_172' title='bbox 748 1890 1012 1960; x_wconf 83' lang='lat' dir='ltr'><strong>pariatur,</strong></span> <span class='ocrx_word' id='word_1_173' title='bbox 1051 1892 1148 1946; x_wconf 87' lang='lat' dir='ltr'><strong>bas</strong></span> <span class='ocrx_word' id='word_1_174' title='bbox 1177 1891 1487 1946; x_wconf 83' lang='lat' dir='ltr'><strong>Additioues</strong></span> <span class='ocrx_word' id='word_1_175' title='bbox 1515 1893 1783 1947; x_wconf 87' lang='lat' dir='ltr'><strong>describe-</strong></span> 
     </span>
    </p>
   </div>
   <div class='ocr_carea' id='block_1_26' title="bbox 195 1961 1786 2032">
    <p class='ocr_par' dir='ltr' id='par_1_26' title="bbox 195 1961 1786 2032">
     <span class='ocr_line' id='line_1_27' title="bbox 195 1961 1786 2032; baseline 0.002 -19"><span class='ocrx_word' id='word_1_176' title='bbox 195 1977 312 2014; x_wconf 90' lang='lat' dir='ltr'><strong>mus</strong></span> <span class='ocrx_word' id='word_1_177' title='bbox 346 1963 650 2028; x_wconf 69' lang='lat' dir='ltr'><strong>pmnussis</strong></span> <span class='ocrx_word' id='word_1_178' title='bbox 677 1965 913 2017; x_wconf 86' lang='lat' dir='ltr'><strong>numeris</strong></span> <span class='ocrx_word' id='word_1_179' title='bbox 937 1963 1135 2018; x_wconf 86' lang='lat' dir='ltr'><strong>codicis</strong></span> <span class='ocrx_word' id='word_1_180' title='bbox 1168 1961 1523 2032; x_wconf 84' lang='lat' dir='ltr'><strong>Vallicellani,</strong></span> <span class='ocrx_word' id='word_1_181' title='bbox 1549 1965 1641 2032; x_wconf 92' lang='lat' dir='ltr'><strong>qui</strong></span> <span class='ocrx_word' id='word_1_182' title='bbox 1663 1977 1786 2029; x_wconf 90' lang='lat' dir='ltr'><strong>per-</strong></span> 
     </span>
    </p>
   </div>
   <div class='ocr_carea' id='block_1_27' title="bbox 195 2031 1786 2101">
    <p class='ocr_par' dir='ltr' id='par_1_27' title="bbox 195 2031 1786 2101">
     <span class='ocr_line' id='line_1_28' title="bbox 195 2031 1786 2101; baseline 0 -15"><span class='ocrx_word' id='word_1_183' title='bbox 195 2033 391 2086; x_wconf 78' lang='lat' dir='ltr'><strong>fectior</strong></span> <span class='ocrx_word' id='word_1_184' title='bbox 415 2041 502 2086; x_wconf 86' lang='lat' dir='ltr'><strong>est</strong></span> <span class='ocrx_word' id='word_1_185' title='bbox 530 2034 662 2100; x_wconf 91' lang='lat' dir='ltr'><strong>(duo</strong></span> <span class='ocrx_word' id='word_1_186' title='bbox 687 2035 831 2088; x_wconf 91' lang='lat' dir='ltr'><strong>enim</strong></span> <span class='ocrx_word' id='word_1_187' title='bbox 861 2049 917 2087; x_wconf 82' lang='lat' dir='ltr'><strong>ca</strong></span> <span class='ocrx_word' id='word_1_188' title='bbox 929 2033 1090 2101; x_wconf 64' lang='lat' dir='ltr'><strong>pitula</strong></span> <span class='ocrx_word' id='word_1_189' title='bbox 1119 2033 1170 2086; x_wconf 91' lang='lat' dir='ltr'><strong>in</strong></span> <span class='ocrx_word' id='word_1_190' title='bbox 1192 2031 1446 2086; x_wconf 89' lang='lat' dir='ltr'><strong>Vaticano</strong></span> <span class='ocrx_word' id='word_1_191' title='bbox 1474 2031 1662 2087; x_wconf 82' lang='lat' dir='ltr'><strong>deesse</strong></span> <span class='ocrx_word' id='word_1_192' title='bbox 1687 2048 1786 2086; x_wconf 92' lang='lat' dir='ltr'><strong>suo</strong></span> 
     </span>
    </p>
   </div>
   <div class='ocr_carea' id='block_1_28' title="bbox 195 2102 1785 2170">
    <p class='ocr_par' dir='ltr' id='par_1_28' title="bbox 195 2102 1785 2170">
     <span class='ocr_line' id='line_1_29' title="bbox 195 2102 1785 2170; baseline 0.002 -16"><span class='ocrx_word' id='word_1_193' title='bbox 195 2102 313 2154; x_wconf 71' lang='lat' dir='ltr'><strong>loco</strong></span> <span class='ocrx_word' id='word_1_194' title='bbox 339 2102 636 2170; x_wconf 84' lang='lat' dir='ltr'><strong>dicemus),</strong></span> <span class='ocrx_word' id='word_1_195' title='bbox 669 2107 739 2157; x_wconf 87' lang='lat' dir='ltr'><strong>ita</strong></span> <span class='ocrx_word' id='word_1_196' title='bbox 770 2112 950 2157; x_wconf 89' lang='lat' dir='ltr'><strong>tamen</strong></span> <span class='ocrx_word' id='word_1_197' title='bbox 982 2113 1040 2156; x_wconf 91' lang='lat' dir='ltr'><strong>ut</strong></span> <span class='ocrx_word' id='word_1_198' title='bbox 1067 2117 1318 2156; x_wconf 91' lang='lat' dir='ltr'><strong>numeros</strong></span> <span class='ocrx_word' id='word_1_199' title='bbox 1347 2104 1513 2170; x_wconf 85' lang='lat' dir='ltr'><strong>ipsius</strong></span> <span class='ocrx_word' id='word_1_200' title='bbox 1544 2102 1785 2157; x_wconf 82' lang='lat' dir='ltr'><strong>Vaticani</strong></span> 
     </span>
    </p>
   </div>
   <div class='ocr_carea' id='block_1_29' title="bbox 192 2173 1786 2240">
    <p class='ocr_par' dir='ltr' id='par_1_29' title="bbox 192 2173 1786 2240">
     <span class='ocr_line' id='line_1_30' title="bbox 192 2173 1786 2240; baseline 0.002 -16"><span class='ocrx_word' id='word_1_201' title='bbox 192 2175 432 2240; x_wconf 75' lang='lat' dir='ltr'><strong>exempli</strong></span> <span class='ocrx_word' id='word_1_202' title='bbox 484 2185 746 2227; x_wconf 90' lang='lat' dir='ltr'><strong>annotare</strong></span> <span class='ocrx_word' id='word_1_203' title='bbox 809 2189 914 2228; x_wconf 91' lang='lat' dir='ltr'><strong>non</strong></span> <span class='ocrx_word' id='word_1_204' title='bbox 971 2173 1301 2227; x_wconf 88' lang='lat' dir='ltr'><strong>omittamus.</strong></span> <span class='ocrx_word' id='word_1_205' title='bbox 1372 2173 1786 2228; x_wconf 85' lang='lat' dir='ltr'><strong>Observavimus</strong></span> 
     </span>
    </p>
   </div>
   <div class='ocr_carea' id='block_1_30' title="bbox 192 2242 1785 2308">
    <p class='ocr_par' dir='ltr' id='par_1_30' title="bbox 192 2242 1785 2308">
     <span class='ocr_line' id='line_1_31' title="bbox 192 2242 1785 2308; baseline 0.002 -15"><span class='ocrx_word' id='word_1_206' title='bbox 192 2255 375 2296; x_wconf 83' lang='lat' dir='ltr'><strong>autem</strong></span> <span class='ocrx_word' id='word_1_207' title='bbox 424 2245 614 2297; x_wconf 85' lang='lat' dir='ltr'><strong>barum</strong></span> <span class='ocrx_word' id='word_1_208' title='bbox 645 2244 990 2298; x_wconf 82' lang='lat' dir='ltr'><strong>Additionum</strong></span> <span class='ocrx_word' id='word_1_209' title='bbox 1038 2253 1310 2298; x_wconf 70' lang='lat' dir='ltr'><strong>auctorem</strong></span> <span class='ocrx_word' id='word_1_210' title='bbox 1343 2258 1454 2308; x_wconf 73' lang='lat' dir='ltr'><strong>pne</strong></span> <span class='ocrx_word' id='word_1_211' title='bbox 1491 2242 1659 2298; x_wconf 83' lang='lat' dir='ltr'><strong>oculis</strong></span> <span class='ocrx_word' id='word_1_212' title='bbox 1690 2243 1785 2296; x_wconf 87' lang='lat' dir='ltr'><strong>ha-</strong></span> 
     </span>
    </p>
   </div>
   <div class='ocr_carea' id='block_1_31' title="bbox 193 2311 1784 2382">
    <p class='ocr_par' dir='ltr' id='par_1_31' title="bbox 193 2311 1784 2382">
     <span class='ocr_line' id='line_1_32' title="bbox 193 2311 1784 2382; baseline 0.001 -17"><span class='ocrx_word' id='word_1_213' title='bbox 193 2313 384 2366; x_wconf 86' lang='lat' dir='ltr'><strong>buisse</strong></span> <span class='ocrx_word' id='word_1_214' title='bbox 431 2314 801 2368; x_wconf 74' lang='lat' dir='ltr'><strong>Collectiunem</strong></span> <span class='ocrx_word' id='word_1_215' title='bbox 855 2311 1514 2379; x_wconf 86' lang='lat' dir='ltr'><strong>Vaticano-Barberinam,</strong></span> <span class='ocrx_word' id='word_1_216' title='bbox 1570 2315 1640 2368; x_wconf 89' lang='lat' dir='ltr'><strong>de</strong></span> <span class='ocrx_word' id='word_1_217' title='bbox 1682 2329 1784 2382; x_wconf 90' lang='lat' dir='ltr'><strong>qua</strong></span> 
     </span>
    </p>
   </div>
   <div class='ocr_carea' id='block_1_32' title="bbox 192 2383 1784 2453">
    <p class='ocr_par' dir='ltr' id='par_1_32' title="bbox 192 2383 1784 2453">
     <span class='ocr_line' id='line_1_33' title="bbox 192 2383 1784 2453; baseline 0.003 -18"><span class='ocrx_word' id='word_1_218' title='bbox 192 2383 439 2437; x_wconf 77' lang='lat' dir='ltr'><strong>diximus</strong></span> <span class='ocrx_word' id='word_1_219' title='bbox 469 2394 610 2452; x_wconf 88' lang='lat' dir='ltr'><strong>part.</strong></span> <span class='ocrx_word' id='word_1_220' title='bbox 645 2400 714 2453; x_wconf 84' lang='lat' dir='ltr'><strong>tt,</strong></span> <span class='ocrx_word' id='word_1_221' title='bbox 740 2401 790 2438; x_wconf 94' lang='lat' dir='ltr'><strong>c.</strong></span> <span class='ocrx_word' id='word_1_222' title='bbox 823 2387 876 2452; x_wconf 88' lang='lat'><strong>7,</strong></span> <span class='ocrx_word' id='word_1_223' title='bbox 925 2393 980 2438; x_wconf 89' lang='lat' dir='ltr'><strong>et</strong></span> <span class='ocrx_word' id='word_1_224' title='bbox 1019 2385 1077 2438; x_wconf 89' lang='lat' dir='ltr'><strong>S.</strong></span> <span class='ocrx_word' id='word_1_225' title='bbox 1106 2383 1290 2438; x_wconf 79' lang='lat' dir='ltr'><strong>Hilarii</strong></span> <span class='ocrx_word' id='word_1_226' title='bbox 1322 2384 1660 2452; x_wconf 77' lang='lat' dir='ltr'><strong>Fragmenta,</strong></span> <span class='ocrx_word' id='word_1_227' title='bbox 1690 2399 1784 2439; x_wconf 91' lang='lat' dir='ltr'><strong>seu</strong></span> 
     </span>
    </p>
   </div>
   <div class='ocr_carea' id='block_1_33' title="bbox 194 2453 1784 2523">
    <p class='ocr_par' dir='ltr' id='par_1_33' title="bbox 194 2453 1784 2523">
     <span class='ocr_line' id='line_1_34' title="bbox 194 2453 1784 2523; baseline 0.003 -18"><span class='ocrx_word' id='word_1_228' title='bbox 194 2453 475 2519; x_wconf 76' lang='lat' dir='ltr'><strong>integrant</strong></span> <span class='ocrx_word' id='word_1_229' title='bbox 519 2454 700 2509; x_wconf 85' lang='lat' dir='ltr'><strong>Hilarii</strong></span> <span class='ocrx_word' id='word_1_230' title='bbox 749 2471 881 2522; x_wconf 90' lang='lat' dir='ltr'><strong>opus</strong></span> <span class='ocrx_word' id='word_1_231' title='bbox 920 2471 987 2508; x_wconf 81' lang='lat' dir='ltr'><strong>ex</strong></span> <span class='ocrx_word' id='word_1_232' title='bbox 1030 2469 1135 2523; x_wconf 88' lang='lat' dir='ltr'><strong>quo</strong></span> <span class='ocrx_word' id='word_1_233' title='bbox 1171 2453 1490 2522; x_wconf 79' lang='lat' dir='ltr'><strong>Fragmenta</strong></span> <span class='ocrx_word' id='word_1_234' title='bbox 1535 2468 1784 2522; x_wconf 79' lang='lat' dir='ltr'><strong>excerpta</strong></span> 
     </span>
    </p>
   </div>
   <div class='ocr_carea' id='block_1_34' title="bbox 192 2524 1783 2593">
    <p class='ocr_par' dir='ltr' id='par_1_34' title="bbox 192 2524 1783 2593">
     <span class='ocr_line' id='line_1_35' title="bbox 192 2524 1783 2593; baseline 0.002 -18"><span class='ocrx_word' id='word_1_235' title='bbox 192 2525 368 2578; x_wconf 85' lang='lat' dir='ltr'><strong>luere.</strong></span> <span class='ocrx_word' id='word_1_236' title='bbox 397 2524 503 2577; x_wconf 80' lang='lat' dir='ltr'><strong>Sex</strong></span> <span class='ocrx_word' id='word_1_237' title='bbox 525 2527 664 2579; x_wconf 89' lang='lat' dir='ltr'><strong>enim</strong></span> <span class='ocrx_word' id='word_1_238' title='bbox 691 2541 873 2580; x_wconf 90' lang='lat' dir='ltr'><strong>earum</strong></span> <span class='ocrx_word' id='word_1_239' title='bbox 894 2524 1237 2580; x_wconf 82' lang='lat' dir='ltr'><strong>Additionum</strong></span> <span class='ocrx_word' id='word_1_240' title='bbox 1259 2525 1492 2593; x_wconf 89' lang='lat' dir='ltr'><strong>capitula</strong></span> <span class='ocrx_word' id='word_1_241' title='bbox 1516 2524 1570 2578; x_wconf 87' lang='lat' dir='ltr'><strong>itt</strong></span> <span class='ocrx_word' id='word_1_242' title='bbox 1595 2525 1783 2580; x_wconf 90' lang='lat' dir='ltr'><strong>iisdem</strong></span> 
     </span>
    </p>
   </div>
   <div class='ocr_carea' id='block_1_35' title="bbox 193 2595 1786 2662">
    <p class='ocr_par' dir='ltr' id='par_1_35' title="bbox 193 2595 1786 2662">
     <span class='ocr_line' id='line_1_36' title="bbox 193 2595 1786 2662; baseline 0.003 -17"><span class='ocrx_word' id='word_1_243' title='bbox 193 2595 549 2661; x_wconf 68' lang='lat' dir='ltr'><strong>[fragmentis</strong></span> <span class='ocrx_word' id='word_1_244' title='bbox 579 2596 937 2650; x_wconf 79' lang='lat' dir='ltr'><strong>inveniuntur.</strong></span> <span class='ocrx_word' id='word_1_245' title='bbox 971 2596 1311 2662; x_wconf 68' lang='lat' dir='ltr'><strong>Quaecunque</strong></span> <span class='ocrx_word' id='word_1_246' title='bbox 1350 2609 1510 2662; x_wconf 91' lang='lat' dir='ltr'><strong>porro</strong></span> <span class='ocrx_word' id='word_1_247' title='bbox 1537 2595 1590 2649; x_wconf 91' lang='lat' dir='ltr'><strong>in</strong></span> <span class='ocrx_word' id='word_1_248' title='bbox 1622 2596 1786 2650; x_wconf 86' lang='lat' dir='ltr'><strong>colle-</strong></span> 
     </span>
    </p>
   </div>
   <div class='ocr_carea' id='block_1_36' title="bbox 190 2663 1784 2730">
    <p class='ocr_par' dir='ltr' id='par_1_36' title="bbox 190 2663 1784 2730">
     <span class='ocr_line' id='line_1_37' title="bbox 190 2663 1784 2730; baseline 0.001 -12"><span class='ocrx_word' id='word_1_249' title='bbox 190 2665 388 2718; x_wconf 84' lang='lat' dir='ltr'><strong>ctione</strong></span> <span class='ocrx_word' id='word_1_250' title='bbox 418 2663 989 2721; x_wconf 82' lang='lat' dir='ltr'><strong>Vaticano-Barberina</strong></span> <span class='ocrx_word' id='word_1_251' title='bbox 1031 2665 1428 2730; x_wconf 76' lang='lat' dir='ltr'><strong>describumur,</strong></span> <span class='ocrx_word' id='word_1_252' title='bbox 1459 2665 1512 2719; x_wconf 93' lang='lat' dir='ltr'><strong>in</strong></span> <span class='ocrx_word' id='word_1_253' title='bbox 1548 2666 1644 2719; x_wconf 88' lang='lat' dir='ltr'><strong>has</strong></span> <span class='ocrx_word' id='word_1_254' title='bbox 1672 2665 1784 2720; x_wconf 86' lang='lat' dir='ltr'><strong>Ad-</strong></span> 
     </span>
    </p>
   </div>
   <div class='ocr_carea' id='block_1_37' title="bbox 188 2735 1786 2804">
    <p class='ocr_par' dir='ltr' id='par_1_37' title="bbox 188 2735 1786 2804">
     <span class='ocr_line' id='line_1_38' title="bbox 188 2735 1786 2804; baseline 0.003 -17"><span class='ocrx_word' id='word_1_255' title='bbox 188 2735 439 2788; x_wconf 79' lang='lat' dir='ltr'><strong>ditiones</strong></span> <span class='ocrx_word' id='word_1_256' title='bbox 465 2737 720 2790; x_wconf 84' lang='lat' dir='ltr'><strong>collector</strong></span> <span class='ocrx_word' id='word_1_257' title='bbox 749 2737 1004 2796; x_wconf 80' lang='lat' dir='ltr'><strong>traduxit.</strong></span> <span class='ocrx_word' id='word_1_258' title='bbox 1048 2737 1114 2790; x_wconf 92' lang='lat' dir='ltr'><strong>iis</strong></span> <span class='ocrx_word' id='word_1_259' title='bbox 1150 2744 1356 2789; x_wconf 87' lang='lat' dir='ltr'><strong>tantum</strong></span> <span class='ocrx_word' id='word_1_260' title='bbox 1395 2737 1634 2798; x_wconf 81' lang='lat' dir='ltr'><strong>exceptis</strong></span> <span class='ocrx_word' id='word_1_261' title='bbox 1665 2752 1786 2804; x_wconf 63' lang='lat' dir='ltr'><strong>qua</strong></span> 
     </span>
    </p>
   </div>
   <div class='ocr_carea' id='block_1_38' title="bbox 190 2805 1786 2877">
    <p class='ocr_par' dir='ltr' id='par_1_38' title="bbox 190 2805 1786 2877">
     <span class='ocr_line' id='line_1_39' title="bbox 190 2805 1786 2877; baseline 0.003 -20"><span class='ocrx_word' id='word_1_262' title='bbox 190 2805 294 2870; x_wconf 85' lang='lat' dir='ltr'><strong>iam</strong></span> <span class='ocrx_word' id='word_1_263' title='bbox 335 2805 398 2859; x_wconf 88' lang='lat' dir='ltr'><strong>in</strong></span> <span class='ocrx_word' id='word_1_264' title='bbox 440 2807 793 2862; x_wconf 83' lang='lat' dir='ltr'><strong>anterioribus</strong></span> <span class='ocrx_word' id='word_1_265' title='bbox 835 2807 1082 2877; x_wconf 83' lang='lat' dir='ltr'><strong>capitulis</strong></span> <span class='ocrx_word' id='word_1_266' title='bbox 1124 2805 1407 2860; x_wconf 72' lang='lat' dir='ltr'><strong>Hadriana:</strong></span> <span class='ocrx_word' id='word_1_267' title='bbox 1452 2807 1786 2862; x_wconf 89' lang='lat' dir='ltr'><strong>collectionis</strong></span> 
     </span>
    </p>
   </div>
   <div class='ocr_carea' id='block_1_39' title="bbox 189 2877 1787 3000">
    <p class='ocr_par' dir='ltr' id='par_1_39' title="bbox 189 2877 1787 3000">
     <span class='ocr_line' id='line_1_40' title="bbox 189 2877 1787 3000; baseline 0.004 -72"><span class='ocrx_word' id='word_1_268' title='bbox 189 2879 570 3000; x_wconf 44' lang='lat' dir='ltr'><strong>anguntur.</strong></span> <span class='ocrx_word' id='word_1_269' title='bbox 606 2877 720 2931; x_wconf 73' lang='lat' dir='ltr'><strong>alia</strong></span> <span class='ocrx_word' id='word_1_270' title='bbox 747 2892 876 2932; x_wconf 81' lang='lat' dir='ltr'><strong>vero</strong></span> <span class='ocrx_word' id='word_1_271' title='bbox 907 2892 1098 2932; x_wconf 85' lang='lat' dir='ltr'><strong>novem</strong></span> <span class='ocrx_word' id='word_1_272' title='bbox 1125 2877 1356 2946; x_wconf 86' lang='lat' dir='ltr'><strong>capitula</strong></span> <span class='ocrx_word' id='word_1_273' title='bbox 1376 2891 1443 2932; x_wconf 79' lang='lat' dir='ltr'><strong>ex</strong></span> <span class='ocrx_word' id='word_1_274' title='bbox 1473 2894 1502 2931; x_wconf 91' lang='lat' dir='ltr'><strong>a</strong></span> <span class='ocrx_word' id='word_1_275' title='bbox 1529 2879 1580 2931; x_wconf 92' lang='lat' dir='ltr'><strong>io</strong></span> <span class='ocrx_word' id='word_1_276' title='bbox 1607 2879 1787 2948; x_wconf 91' lang='lat' dir='ltr'><strong>ignoto</strong></span> 
     </span>
     <span class='ocr_line' id='line_1_41' title="bbox 247 2957 602 3000; baseline 0.006 -4"><span class='ocrx_word' id='word_1_277' title='bbox 247 2963 276 2996; x_wconf 90' lang='lat' dir='ltr'><strong>n</strong></span> <span class='ocrx_word' id='word_1_278' title='bbox 383 2957 602 3000; x_wconf 69' lang='lat' dir='ltr'><strong>recetttt.</strong></span> 
     </span>
    </p>
   </div>
   <div class='ocr_carea' id='block_1_40' title="bbox 247 2957 602 3010">
    <p class='ocr_par' dir='ltr' id='par_1_40' title="bbox 247 2957 602 3010">
     <span class='ocr_line' id='line_1_42' title="bbox 247 2957 602 3010; baseline 0.006 -14"><span class='ocrx_word' id='word_1_279' title='bbox 247 2957 349 3000; x_wconf 81' lang='lat' dir='ltr'><strong>nte</strong></span> <span class='ocrx_word' id='word_1_280' title='bbox 383 2957 602 3010; x_wconf 70' lang='lat' dir='ltr'><strong>recetttt.</strong></span> 
     </span>
    </p>
   </div>
   <div class='ocr_carea' id='block_1_41' title="bbox 1891 417 3467 487">
    <p class='ocr_par' dir='ltr' id='par_1_41' title="bbox 1891 417 3467 487">
     <span class='ocr_line' id='line_1_43' title="bbox 1891 417 3467 487; baseline 0.001 -17"><span class='ocrx_word' id='word_1_281' title='bbox 1891 419 2084 487; x_wconf 87' lang='lat' dir='ltr'><strong>partim</strong></span> <span class='ocrx_word' id='word_1_282' title='bbox 2110 418 2332 472; x_wconf 85' lang='lat' dir='ltr'><strong>librario</strong></span> <span class='ocrx_word' id='word_1_283' title='bbox 2363 417 2666 482; x_wconf 90' lang='lat' dir='ltr'><strong>tribuenda,</strong></span> <span class='ocrx_word' id='word_1_284' title='bbox 2698 418 2928 484; x_wconf 74' lang='lat' dir='ltr'><strong>corrigat</strong></span> <span class='ocrx_word' id='word_1_285' title='bbox 2972 417 3273 486; x_wconf 76' lang='lat' dir='ltr'><strong>quicunque</strong></span> <span class='ocrx_word' id='word_1_286' title='bbox 3305 419 3467 487; x_wconf 78' lang='lat' dir='ltr'><strong>valet.</strong></span> 
     </span>
    </p>
   </div>
   <div class='ocr_carea' id='block_1_42' title="bbox 1962 485 3470 557">
    <p class='ocr_par' dir='ltr' id='par_1_42' title="bbox 1962 485 3470 557">
     <span class='ocr_line' id='line_1_44' title="bbox 1962 485 3470 557; baseline 0 -17"><span class='ocrx_word' id='word_1_287' title='bbox 1962 486 2154 556; x_wconf 82' lang='lat' dir='ltr'><strong>Incipit</strong></span> <span class='ocrx_word' id='word_1_288' title='bbox 2183 487 2399 557; x_wconf 86' lang='lat' dir='ltr'><strong>epistola</strong></span> <span class='ocrx_word' id='word_1_289' title='bbox 2443 487 2677 541; x_wconf 76' lang='lat' dir='ltr'><strong>Silvestri</strong></span> <span class='ocrx_word' id='word_1_290' title='bbox 2706 488 2929 557; x_wconf 81' lang='lat' dir='ltr'><strong>episcopi</strong></span> <span class='ocrx_word' id='word_1_291' title='bbox 2966 485 3032 541; x_wconf 85' lang='lat' dir='ltr'><strong>ad</strong></span> <span class='ocrx_word' id='word_1_292' title='bbox 3071 488 3341 541; x_wconf 62' lang='lat' dir='ltr'><strong>concitium</strong></span> <span class='ocrx_word' id='word_1_293' title='bbox 3372 485 3470 540; x_wconf 82' lang='lat' dir='ltr'><strong>Ni-</strong></span> 
     </span>
    </p>
   </div>
   <div class='ocr_carea' id='block_1_43' title="bbox 1890 557 3469 629">
    <p class='ocr_par' dir='ltr' id='par_1_43' title="bbox 1890 557 3469 629">
     <span class='ocr_line' id='line_1_45' title="bbox 1890 557 3469 629; baseline 0 -19"><span class='ocrx_word' id='word_1_294' title='bbox 1890 573 2084 629; x_wconf 70' lang='lat' dir='ltr'><strong>ca&#39;num</strong></span> <span class='ocrx_word' id='word_1_295' title='bbox 2107 559 2297 612; x_wconf 86' lang='lat' dir='ltr'><strong>directa</strong></span> <span class='ocrx_word' id='word_1_296' title='bbox 2335 575 2423 629; x_wconf 83' lang='lat' dir='ltr'><strong>per</strong></span> <span class='ocrx_word' id='word_1_297' title='bbox 2451 557 2834 629; x_wconf 81' lang='lat' dir='ltr'><strong>Abundantium</strong></span> <span class='ocrx_word' id='word_1_298' title='bbox 2851 557 3023 629; x_wconf 69' lang='lat' dir='ltr'><strong>jcxct]</strong></span> <span class='ocrx_word' id='word_1_299' title='bbox 3055 559 3399 629; x_wconf 75' lang='lat' dir='ltr'><strong>presbyterum</strong></span> <span class='ocrx_word' id='word_1_300' title='bbox 3422 569 3469 612; x_wconf 88' lang='lat' dir='ltr'><strong>et</strong></span> 
     </span>
    </p>
   </div>
   <div class='ocr_carea' id='block_1_44' title="bbox 1888 626 3470 684">
    <p class='ocr_par' dir='ltr' id='par_1_44' title="bbox 1888 626 3470 684">
     <span class='ocr_line' id='line_1_46' title="bbox 1888 626 3470 684; baseline 0 -4"><span class='ocrx_word' id='word_1_301' title='bbox 1888 627 2184 681; x_wconf 76' lang='lat' dir='ltr'><strong>Abundium</strong></span> <span class='ocrx_word' id='word_1_302' title='bbox 2226 626 2500 682; x_wconf 75' lang='lat' dir='ltr'><strong>diaconum</strong></span> <span class='ocrx_word' id='word_1_303' title='bbox 2532 626 2805 684; x_wconf 76' lang='lat' dir='ltr'><strong>consulatu</strong></span> <span class='ocrx_word' id='word_1_304' title='bbox 2840 626 3051 680; x_wconf 83' lang='lat' dir='ltr'><strong>Paulini</strong></span> <span class='ocrx_word' id='word_1_305' title='bbox 3087 639 3131 681; x_wconf 85' lang='lat' dir='ltr'><strong>et</strong></span> <span class='ocrx_word' id='word_1_306' title='bbox 3163 626 3366 682; x_wconf 72' lang='lat' dir='ltr'><strong>Iuliani</strong></span> <span class='ocrx_word' id='word_1_307' title='bbox 3399 645 3470 682; x_wconf 84' lang='lat' dir='ltr'><strong>sit</strong></span> 
     </span>
    </p>
   </div>
   <div class='ocr_carea' id='block_1_45' title="bbox 1892 696 2276 753">
    <p class='ocr_par' dir='ltr' id='par_1_45' title="bbox 1892 696 2276 753">
     <span class='ocr_line' id='line_1_47' title="bbox 1892 696 2276 753; baseline 0.008 -3"><span class='ocrx_word' id='word_1_308' title='bbox 1892 696 1994 751; x_wconf 80' lang='lat' dir='ltr'><strong>Ital.</strong></span> <span class='ocrx_word' id='word_1_309' title='bbox 2023 698 2276 753; x_wconf 77' lang='lat' dir='ltr'><strong>Octobris.</strong></span> 
     </span>
    </p>
   </div>
   <div class='ocr_carea' id='block_1_46' title="bbox 1959 766 3469 838">
    <p class='ocr_par' dir='ltr' id='par_1_46' title="bbox 1959 766 3469 838">
     <span class='ocr_line' id='line_1_48' title="bbox 1959 766 3469 838; baseline 0 -18"><span class='ocrx_word' id='word_1_310' title='bbox 1959 766 2275 822; x_wconf 88' lang='lat' dir='ltr'><strong>Beatissimis</strong></span> <span class='ocrx_word' id='word_1_311' title='bbox 2302 769 2546 838; x_wconf 79' lang='lat' dir='ltr'><strong>fratribus</strong></span> <span class='ocrx_word' id='word_1_312' title='bbox 2564 768 2758 822; x_wconf 78' lang='lat' dir='ltr'><strong>sanctis</strong></span> <span class='ocrx_word' id='word_1_313' title='bbox 2785 776 2831 821; x_wconf 85' lang='lat' dir='ltr'><strong>et</strong></span> <span class='ocrx_word' id='word_1_314' title='bbox 2857 768 3190 838; x_wconf 76' lang='lat' dir='ltr'><strong>coepiscopis,</strong></span> <span class='ocrx_word' id='word_1_315' title='bbox 3223 774 3300 823; x_wconf 78' lang='lat' dir='ltr'><strong>uel</strong></span> <span class='ocrx_word' id='word_1_316' title='bbox 3326 785 3469 822; x_wconf 87' lang='lat' dir='ltr'><strong>com-</strong></span> 
     </span>
    </p>
   </div>
   <div class='ocr_carea' id='block_1_47' title="bbox 1888 838 3469 911">
    <p class='ocr_par' dir='ltr' id='par_1_47' title="bbox 1888 838 3469 911">
     <span class='ocr_line' id='line_1_49' title="bbox 1888 838 3469 911; baseline 0.001 -20"><span class='ocrx_word' id='word_1_317' title='bbox 1888 841 2194 911; x_wconf 71' lang='lat' dir='ltr'><strong>presbgteris</strong></span> <span class='ocrx_word' id='word_1_318' title='bbox 2217 878 2242 911; x_wconf 93' lang='lat'><strong>,_</strong></span> <span class='ocrx_word' id='word_1_319' title='bbox 2276 839 2368 908; x_wconf 90' lang='lat' dir='ltr'><strong>qui</strong></span> <span class='ocrx_word' id='word_1_320' title='bbox 2414 839 2706 911; x_wconf 82' lang='lat' dir='ltr'><strong>congregati</strong></span> <span class='ocrx_word' id='word_1_321' title='bbox 2742 840 2954 911; x_wconf 75' lang='lat' dir='ltr'><strong>suntin</strong></span> <span class='ocrx_word' id='word_1_322' title='bbox 2986 838 3201 911; x_wconf 69' lang='lat' dir='ltr'><strong>Nic-ceno</strong></span> <span class='ocrx_word' id='word_1_323' title='bbox 3230 841 3469 911; x_wconf 81' lang='lat' dir='ltr'><strong>concilio,</strong></span> 
     </span>
    </p>
   </div>
   <div class='ocr_carea' id='block_1_48' title="bbox 1890 907 3472 977">
    <p class='ocr_par' dir='ltr' id='par_1_48' title="bbox 1890 907 3472 977">
     <span class='ocr_line' id='line_1_50' title="bbox 1890 907 3472 977; baseline -0.001 -14"><span class='ocrx_word' id='word_1_324' title='bbox 1890 907 2133 964; x_wconf 77' lang='lat' dir='ltr'><strong>Silvester</strong></span> <span class='ocrx_word' id='word_1_325' title='bbox 2162 907 2429 974; x_wconf 88' lang='lat' dir='ltr'><strong>episcopus</strong></span> <span class='ocrx_word' id='word_1_326' title='bbox 2467 907 2659 977; x_wconf 64' lang='lat' dir='ltr'><strong>praesul</strong></span> <span class='ocrx_word' id='word_1_327' title='bbox 2685 909 2980 976; x_wconf 75' lang='lat' dir='ltr'><strong>apostolica:</strong></span> <span class='ocrx_word' id='word_1_328' title='bbox 3015 917 3062 962; x_wconf 90' lang='lat' dir='ltr'><strong>et</strong></span> <span class='ocrx_word' id='word_1_329' title='bbox 3090 907 3357 963; x_wconf 78' lang='lat' dir='ltr'><strong>catholica:</strong></span> <span class='ocrx_word' id='word_1_330' title='bbox 3385 925 3472 962; x_wconf 82' lang='lat' dir='ltr'><strong>ur-</strong></span> 
     </span>
    </p>
   </div>
   <div class='ocr_carea' id='block_1_49' title="bbox 1887 978 2753 1033">
    <p class='ocr_par' dir='ltr' id='par_1_49' title="bbox 1887 978 2753 1033">
     <span class='ocr_line' id='line_1_51' title="bbox 1887 978 2753 1033; baseline 0.001 -2"><span class='ocrx_word' id='word_1_331' title='bbox 1887 978 1966 1033; x_wconf 88' lang='lat' dir='ltr'><strong>bis</strong></span> <span class='ocrx_word' id='word_1_332' title='bbox 1994 978 2173 1033; x_wconf 76' lang='lat' dir='ltr'><strong>Rom</strong></span> <span class='ocrx_word' id='word_1_333' title='bbox 2197 979 2250 1032; x_wconf 88' lang='lat' dir='ltr'><strong>in</strong></span> <span class='ocrx_word' id='word_1_334' title='bbox 2270 978 2490 1033; x_wconf 89' lang='lat' dir='ltr'><strong>Domino</strong></span> <span class='ocrx_word' id='word_1_335' title='bbox 2513 978 2753 1032; x_wconf 88' lang='lat' dir='ltr'><strong>salutem.</strong></span> 
     </span>
    </p>
   </div>
   <div class='ocr_carea' id='block_1_50' title="bbox 1958 1046 3468 1117">
    <p class='ocr_par' dir='ltr' id='par_1_50' title="bbox 1958 1046 3468 1117">
     <span class='ocr_line' id='line_1_52' title="bbox 1958 1046 3468 1117; baseline -0.001 -14"><span class='ocrx_word' id='word_1_336' title='bbox 1958 1046 2365 1104; x_wconf 81' lang='lat' dir='ltr'><strong>Gloriosissinsus</strong></span> <span class='ocrx_word' id='word_1_337' title='bbox 2393 1059 2544 1117; x_wconf 88' lang='lat' dir='ltr'><strong>atque</strong></span> <span class='ocrx_word' id='word_1_338' title='bbox 2568 1046 2824 1117; x_wconf 76' lang='lat' dir='ltr'><strong>piissimus</strong></span> <span class='ocrx_word' id='word_1_339' title='bbox 2845 1048 2987 1116; x_wconf 79' lang='lat' dir='ltr'><strong>[ilius</strong></span> <span class='ocrx_word' id='word_1_340' title='bbox 3016 1058 3182 1103; x_wconf 86' lang='lat' dir='ltr'><strong>noster</strong></span> <span class='ocrx_word' id='word_1_341' title='bbox 3211 1047 3468 1103; x_wconf 85' lang='lat' dir='ltr'><strong>Constan-</strong></span> 
     </span>
    </p>
   </div>
   <div class='ocr_carea' id='block_1_51' title="bbox 1889 1117 3474 1188">
    <p class='ocr_par' dir='ltr' id='par_1_51' title="bbox 1889 1117 3474 1188">
     <span class='ocr_line' id='line_1_53' title="bbox 1889 1117 3474 1188; baseline 0.002 -18"><span class='ocrx_word' id='word_1_342' title='bbox 1889 1120 2025 1173; x_wconf 89' lang='lat' dir='ltr'><strong>tinus</strong></span> <span class='ocrx_word' id='word_1_343' title='bbox 2063 1128 2308 1188; x_wconf 84' lang='lat' dir='ltr'><strong>augustus</strong></span> <span class='ocrx_word' id='word_1_344' title='bbox 2348 1135 2463 1171; x_wconf 88' lang='lat' dir='ltr'><strong>cum</strong></span> <span class='ocrx_word' id='word_1_345' title='bbox 2497 1117 2940 1171; x_wconf 78' lang='lat' dir='ltr'><strong>constitutionibus</strong></span> <span class='ocrx_word' id='word_1_346' title='bbox 2967 1120 3292 1172; x_wconf 89' lang='lat' dir='ltr'><strong>sanctimonii</strong></span> <span class='ocrx_word' id='word_1_347' title='bbox 3320 1122 3474 1173; x_wconf 80' lang='lat' dir='ltr'><strong>vestri</strong></span> 
     </span>
    </p>
   </div>
   <div class='ocr_carea' id='block_1_52' title="bbox 1887 1189 3473 1256">
    <p class='ocr_par' dir='ltr' id='par_1_52' title="bbox 1887 1189 3473 1256">
     <span class='ocr_line' id='line_1_54' title="bbox 1887 1189 3473 1256; baseline -0.001 -12"><span class='ocrx_word' id='word_1_348' title='bbox 1887 1189 2099 1244; x_wconf 77' lang='lat' dir='ltr'><strong>auribus</strong></span> <span class='ocrx_word' id='word_1_349' title='bbox 2149 1189 2258 1243; x_wconf 86' lang='lat' dir='ltr'><strong>suis</strong></span> <span class='ocrx_word' id='word_1_350' title='bbox 2304 1189 2536 1243; x_wconf 77' lang='lat' dir='ltr'><strong>intimate</strong></span> <span class='ocrx_word' id='word_1_351' title='bbox 2573 1197 2912 1256; x_wconf 78' lang='lat' dir='ltr'><strong>cognosceret,</strong></span> <span class='ocrx_word' id='word_1_352' title='bbox 2947 1206 3047 1242; x_wconf 90' lang='lat' dir='ltr'><strong>una</strong></span> <span class='ocrx_word' id='word_1_353' title='bbox 3075 1189 3217 1242; x_wconf 82' lang='lat' dir='ltr'><strong>nobis</strong></span> <span class='ocrx_word' id='word_1_354' title='bbox 3251 1189 3473 1242; x_wconf 86' lang='lat' dir='ltr'><strong>Domino</strong></span> 
     </span>
    </p>
   </div>
   <div class='ocr_carea' id='block_1_53' title="bbox 1889 1256 3468 1330">
    <p class='ocr_par' dir='ltr' id='par_1_53' title="bbox 1889 1256 3468 1330">
     <span class='ocr_line' id='line_1_55' title="bbox 1889 1256 3468 1330; baseline -0.003 -16"><span class='ocrx_word' id='word_1_355' title='bbox 1889 1272 2063 1314; x_wconf 87' lang='lat' dir='ltr'><strong>nostro</strong></span> <span class='ocrx_word' id='word_1_356' title='bbox 2087 1257 2212 1314; x_wconf 76' lang='lat' dir='ltr'><strong>Iesu</strong></span> <span class='ocrx_word' id='word_1_357' title='bbox 2234 1256 2435 1314; x_wconf 81' lang='lat' dir='ltr'><strong>Christo</strong></span> <span class='ocrx_word' id='word_1_358' title='bbox 2455 1258 2670 1330; x_wconf 82' lang='lat' dir='ltr'><strong>jubente</strong></span> <span class='ocrx_word' id='word_1_359' title='bbox 2709 1274 2822 1311; x_wconf 86' lang='lat' dir='ltr'><strong>cunt</strong></span> <span class='ocrx_word' id='word_1_360' title='bbox 2847 1257 3033 1323; x_wconf 74' lang='lat' dir='ltr'><strong>a/Tectu</strong></span> <span class='ocrx_word' id='word_1_361' title='bbox 3063 1260 3390 1330; x_wconf 80' lang='lat' dir='ltr'><strong>suscipimus,</strong></span> <span class='ocrx_word' id='word_1_362' title='bbox 3419 1272 3468 1311; x_wconf 84' lang='lat' dir='ltr'><strong>et</strong></span> 
     </span>
    </p>
   </div>
   <div class='ocr_carea' id='block_1_54' title="bbox 1890 1328 3470 1398">
    <p class='ocr_par' dir='ltr' id='par_1_54' title="bbox 1890 1328 3470 1398">
     <span class='ocr_line' id='line_1_56' title="bbox 1890 1328 3470 1398; baseline -0.001 -16"><span class='ocrx_word' id='word_1_363' title='bbox 1890 1331 2043 1398; x_wconf 73' lang='lat' dir='ltr'><strong>ﬁdem</strong></span> <span class='ocrx_word' id='word_1_364' title='bbox 2091 1340 2282 1385; x_wconf 88' lang='lat' dir='ltr'><strong>rectam</strong></span> <span class='ocrx_word' id='word_1_365' title='bbox 2324 1328 2475 1397; x_wconf 79' lang='lat' dir='ltr'><strong>atque</strong></span> <span class='ocrx_word' id='word_1_366' title='bbox 2515 1328 2828 1382; x_wconf 81' lang='lat' dir='ltr'><strong>declaratum</strong></span> <span class='ocrx_word' id='word_1_367' title='bbox 2871 1330 3104 1383; x_wconf 78' lang='lat' dir='ltr'><strong>universo</strong></span> <span class='ocrx_word' id='word_1_368' title='bbox 3142 1329 3250 1382; x_wconf 85' lang='lat' dir='ltr'><strong>orbi</strong></span> <span class='ocrx_word' id='word_1_369' title='bbox 3292 1331 3470 1398; x_wconf 78' lang='lat' dir='ltr'><strong>pandit</strong></span> 
     </span>
    </p>
   </div>
   <div class='ocr_carea' id='block_1_55' title="bbox 1888 1398 3472 1470">
    <p class='ocr_par' dir='ltr' id='par_1_55' title="bbox 1888 1398 3472 1470">
     <span class='ocr_line' id='line_1_57' title="bbox 1888 1398 3472 1470; baseline -0.001 -17"><span class='ocrx_word' id='word_1_370' title='bbox 1888 1401 2170 1455; x_wconf 84' lang='lat' dir='ltr'><strong>introitum.</strong></span> <span class='ocrx_word' id='word_1_371' title='bbox 2205 1399 2320 1454; x_wconf 86' lang='lat' dir='ltr'><strong>Hoc</strong></span> <span class='ocrx_word' id='word_1_372' title='bbox 2347 1400 2496 1454; x_wconf 80' lang='lat' dir='ltr'><strong>sciret</strong></span> <span class='ocrx_word' id='word_1_373' title='bbox 2545 1398 2722 1470; x_wconf 87' lang='lat' dir='ltr'><strong>(forte</strong></span> <span class='ocrx_word' id='word_1_374' title='bbox 2751 1398 2974 1465; x_wconf 83' lang='lat' dir='ltr'><strong>scilicet)</strong></span> <span class='ocrx_word' id='word_1_375' title='bbox 3017 1398 3253 1470; x_wconf 71' lang='lat' dir='ltr'><strong>charitati</strong></span> <span class='ocrx_word' id='word_1_376' title='bbox 3293 1410 3472 1453; x_wconf 76' lang='lat' dir='ltr'><strong>vestra:</strong></span> 
     </span>
    </p>
   </div>
   <div class='ocr_carea' id='block_1_56' title="bbox 1888 1468 3472 1538">
    <p class='ocr_par' dir='ltr' id='par_1_56' title="bbox 1888 1468 3472 1538">
     <span class='ocr_line' id='line_1_58' title="bbox 1888 1468 3472 1538; baseline -0.001 -15"><span class='ocrx_word' id='word_1_377' title='bbox 1888 1473 2200 1526; x_wconf 84' lang='lat' dir='ltr'><strong>credidimus</strong></span> <span class='ocrx_word' id='word_1_378' title='bbox 2227 1468 2570 1524; x_wconf 82' lang='lat' dir='ltr'><strong>intimandum</strong></span> <span class='ocrx_word' id='word_1_379' title='bbox 2589 1469 2860 1538; x_wconf 80' lang='lat' dir='ltr'><strong>concilium</strong></span> <span class='ocrx_word' id='word_1_380' title='bbox 2883 1485 2916 1522; x_wconf 90' lang='lat' dir='ltr'><strong>a</strong></span> <span class='ocrx_word' id='word_1_381' title='bbox 2937 1468 3082 1522; x_wconf 84' lang='lat' dir='ltr'><strong>nobis</strong></span> <span class='ocrx_word' id='word_1_382' title='bbox 3108 1476 3472 1538; x_wconf 80' lang='lat' dir='ltr'><strong>congregatum</strong></span> 
     </span>
    </p>
   </div>
   <div class='ocr_carea' id='block_1_57' title="bbox 1889 1537 3472 1608">
    <p class='ocr_par' dir='ltr' id='par_1_57' title="bbox 1889 1537 3472 1608">
     <span class='ocr_line' id='line_1_59' title="bbox 1889 1537 3472 1608; baseline -0.003 -13"><span class='ocrx_word' id='word_1_383' title='bbox 1889 1542 1942 1595; x_wconf 85' lang='lat' dir='ltr'><strong>in</strong></span> <span class='ocrx_word' id='word_1_384' title='bbox 1967 1542 2170 1596; x_wconf 70' lang='lat' dir='ltr'><strong>dioecesi</strong></span> <span class='ocrx_word' id='word_1_385' title='bbox 2199 1553 2374 1594; x_wconf 83' lang='lat' dir='ltr'><strong>nostra</strong></span> <span class='ocrx_word' id='word_1_386' title='bbox 2397 1549 2571 1594; x_wconf 84' lang='lat' dir='ltr'><strong>contra</strong></span> <span class='ocrx_word' id='word_1_387' title='bbox 2595 1537 2913 1594; x_wconf 81' lang='lat' dir='ltr'><strong>Victorinum</strong></span> <span class='ocrx_word' id='word_1_388' title='bbox 2947 1555 3238 1608; x_wconf 70' lang='lat' dir='ltr'><strong>episcopum</strong></span> <span class='ocrx_word' id='word_1_389' title='bbox 3265 1537 3309 1590; x_wconf 86' lang='lat' dir='ltr'><strong>et</strong></span> <span class='ocrx_word' id='word_1_390' title='bbox 3338 1537 3472 1608; x_wconf 84' lang='lat' dir='ltr'><strong>Hip-</strong></span> 
     </span>
    </p>
   </div>
   <div class='ocr_carea' id='block_1_58' title="bbox 1891 1610 3474 1680">
    <p class='ocr_par' dir='ltr' id='par_1_58' title="bbox 1891 1610 3474 1680">
     <span class='ocr_line' id='line_1_60' title="bbox 1891 1610 3474 1680; baseline -0.001 -16"><span class='ocrx_word' id='word_1_391' title='bbox 1891 1612 2120 1680; x_wconf 86' lang='lat' dir='ltr'><strong>polytum</strong></span> <span class='ocrx_word' id='word_1_392' title='bbox 2149 1612 2444 1680; x_wconf 78' lang='lat' dir='ltr'><strong>diaconum,</strong></span> <span class='ocrx_word' id='word_1_393' title='bbox 2485 1611 2573 1679; x_wconf 89' lang='lat' dir='ltr'><strong>qui</strong></span> <span class='ocrx_word' id='word_1_394' title='bbox 2601 1610 2897 1680; x_wconf 73' lang='lat' dir='ltr'><strong>claruerunt</strong></span> <span class='ocrx_word' id='word_1_395' title='bbox 2929 1610 3332 1664; x_wconf 70' lang='lat' dir='ltr'><strong>Manichaeorum</strong></span> <span class='ocrx_word' id='word_1_396' title='bbox 3353 1625 3474 1662; x_wconf 89' lang='lat' dir='ltr'><strong>con-</strong></span> 
     </span>
    </p>
   </div>
   <div class='ocr_carea' id='block_1_59' title="bbox 1890 1678 3474 1750">
    <p class='ocr_par' dir='ltr' id='par_1_59' title="bbox 1890 1678 3474 1750">
     <span class='ocr_line' id='line_1_61' title="bbox 1890 1678 3474 1750; baseline -0.003 -15"><span class='ocrx_word' id='word_1_397' title='bbox 1890 1678 2080 1745; x_wconf 79' lang='lat' dir='ltr'><strong>sortio;</strong></span> <span class='ocrx_word' id='word_1_398' title='bbox 2119 1692 2164 1736; x_wconf 89' lang='lat' dir='ltr'><strong>et</strong></span> <span class='ocrx_word' id='word_1_399' title='bbox 2191 1678 2505 1750; x_wconf 62' lang='lat' dir='ltr'><strong>Jobianuin,</strong></span> <span class='ocrx_word' id='word_1_400' title='bbox 2525 1693 2573 1750; x_wconf 82' lang='lat' dir='ltr'><strong>et</strong></span> <span class='ocrx_word' id='word_1_401' title='bbox 2595 1678 2876 1746; x_wconf 71' lang='lat' dir='ltr'><strong>Caliatum,</strong></span> <span class='ocrx_word' id='word_1_402' title='bbox 2897 1682 2985 1750; x_wconf 88' lang='lat' dir='ltr'><strong>qui</strong></span> <span class='ocrx_word' id='word_1_403' title='bbox 3016 1681 3069 1733; x_wconf 87' lang='lat' dir='ltr'><strong>in</strong></span> <span class='ocrx_word' id='word_1_404' title='bbox 3094 1697 3188 1734; x_wconf 90' lang='lat' dir='ltr'><strong>sua</strong></span> <span class='ocrx_word' id='word_1_405' title='bbox 3225 1680 3474 1734; x_wconf 52' lang='lat' dir='ltr'><strong>extollenu</strong></span> 
     </span>
    </p>
   </div>
   <div class='ocr_carea' id='block_1_60' title="bbox 1888 1749 3470 1816">
    <p class='ocr_par' dir='ltr' id='par_1_60' title="bbox 1888 1749 3470 1816">
     <span class='ocr_line' id='line_1_62' title="bbox 1888 1749 3470 1816; baseline -0.002 -11"><span class='ocrx_word' id='word_1_406' title='bbox 1888 1753 1960 1806; x_wconf 88' lang='lat' dir='ltr'><strong>tia</strong></span> <span class='ocrx_word' id='word_1_407' title='bbox 2003 1752 2236 1805; x_wconf 82' lang='lat' dir='ltr'><strong>dicebant</strong></span> <span class='ocrx_word' id='word_1_408' title='bbox 2267 1768 2370 1804; x_wconf 90' lang='lat' dir='ltr'><strong>non</strong></span> <span class='ocrx_word' id='word_1_409' title='bbox 2400 1749 2606 1803; x_wconf 82' lang='lat' dir='ltr'><strong>Pascha</strong></span> <span class='ocrx_word' id='word_1_410' title='bbox 2643 1752 2812 1805; x_wconf 81' lang='lat' dir='ltr'><strong>venire</strong></span> <span class='ocrx_word' id='word_1_411' title='bbox 2851 1749 2933 1804; x_wconf 84' lang='lat' dir='ltr'><strong>die</strong></span> <span class='ocrx_word' id='word_1_412' title='bbox 2973 1766 3067 1804; x_wconf 86' lang='lat' dir='ltr'><strong>suo</strong></span> <span class='ocrx_word' id='word_1_413' title='bbox 3089 1792 3102 1814; x_wconf 93' lang='lat'><strong>,</strong></span> <span class='ocrx_word' id='word_1_414' title='bbox 3149 1765 3238 1804; x_wconf 76' lang='lat' dir='ltr'><strong>nec</strong></span> <span class='ocrx_word' id='word_1_415' title='bbox 3269 1766 3470 1816; x_wconf 81' lang='lat' dir='ltr'><strong>mense,</strong></span> 
     </span>
    </p>
   </div>
   <div class='ocr_carea' id='block_1_61' title="bbox 1888 1821 3474 1887">
    <p class='ocr_par' dir='ltr' id='par_1_61' title="bbox 1888 1821 3474 1887">
     <span class='ocr_line' id='line_1_63' title="bbox 1888 1821 3474 1887; baseline -0.003 -10"><span class='ocrx_word' id='word_1_416' title='bbox 1888 1825 1976 1877; x_wconf 88' lang='lat' dir='ltr'><strong>sed</strong></span> <span class='ocrx_word' id='word_1_417' title='bbox 2018 1841 2044 1875; x_wconf 76' lang='lat' dir='ltr'><strong>it</strong></span> <span class='ocrx_word' id='word_1_418' title='bbox 2089 1822 2192 1877; x_wconf 85' lang='lat' dir='ltr'><strong>kal.</strong></span> <span class='ocrx_word' id='word_1_419' title='bbox 2241 1821 2369 1874; x_wconf 82' lang='lat' dir='ltr'><strong>Maii</strong></span> <span class='ocrx_word' id='word_1_420' title='bbox 2414 1822 2682 1874; x_wconf 86' lang='lat' dir='ltr'><strong>custodiri.</strong></span> <span class='ocrx_word' id='word_1_421' title='bbox 2727 1822 2866 1885; x_wconf 83' lang='lat' dir='ltr'><strong>Quos</strong></span> <span class='ocrx_word' id='word_1_422' title='bbox 2910 1822 3176 1875; x_wconf 88' lang='lat' dir='ltr'><strong>damnatos</strong></span> <span class='ocrx_word' id='word_1_423' title='bbox 3211 1827 3259 1874; x_wconf 87' lang='lat' dir='ltr'><strong>et</strong></span> <span class='ocrx_word' id='word_1_424' title='bbox 3289 1821 3474 1887; x_wconf 83' lang='lat' dir='ltr'><strong>ejectos</strong></span> 
     </span>
    </p>
   </div>
   <div class='ocr_carea' id='block_1_62' title="bbox 1885 1891 3474 1956">
    <p class='ocr_par' dir='ltr' id='par_1_62' title="bbox 1885 1891 3474 1956">
     <span class='ocr_line' id='line_1_64' title="bbox 1885 1891 3474 1956; baseline -0.003 -10"><span class='ocrx_word' id='word_1_425' title='bbox 1885 1904 2034 1947; x_wconf 70' lang='lat' dir='ltr'><strong>extra</strong></span> <span class='ocrx_word' id='word_1_426' title='bbox 2089 1891 2369 1945; x_wconf 78' lang='lat' dir='ltr'><strong>Ecclesium</strong></span> <span class='ocrx_word' id='word_1_427' title='bbox 2393 1937 2406 1956; x_wconf 90' lang='lat'><strong>,</strong></span> <span class='ocrx_word' id='word_1_428' title='bbox 2455 1901 2500 1944; x_wconf 85' lang='lat' dir='ltr'><strong>et</strong></span> <span class='ocrx_word' id='word_1_429' title='bbox 2545 1892 3006 1946; x_wconf 58' lang='lat' dir='ltr'><strong>“communicatos</strong></span> <span class='ocrx_word' id='word_1_430' title='bbox 3048 1893 3210 1944; x_wconf 90' lang='lat' dir='ltr'><strong>omnis</strong></span> <span class='ocrx_word' id='word_1_431' title='bbox 3253 1892 3474 1943; x_wconf 75' lang='lat' dir='ltr'><strong>mundus</strong></span> 
     </span>
    </p>
   </div>
   <div class='ocr_carea' id='block_1_63' title="bbox 1889 1962 3472 2030">
    <p class='ocr_par' dir='ltr' id='par_1_63' title="bbox 1889 1962 3472 2030">
     <span class='ocr_line' id='line_1_65' title="bbox 1889 1962 3472 2030; baseline -0.003 -15"><span class='ocrx_word' id='word_1_432' title='bbox 1889 1973 2181 2028; x_wconf 66' lang='lat' dir='ltr'><strong>coquoscut.</strong></span> <span class='ocrx_word' id='word_1_433' title='bbox 2227 1963 2327 2028; x_wconf 88' lang='lat' dir='ltr'><strong>Qui</strong></span> <span class='ocrx_word' id='word_1_434' title='bbox 2353 1964 2405 2014; x_wconf 91' lang='lat' dir='ltr'><strong>in</strong></span> <span class='ocrx_word' id='word_1_435' title='bbox 2432 1962 2648 2015; x_wconf 87' lang='lat' dir='ltr'><strong>concilio</strong></span> <span class='ocrx_word' id='word_1_436' title='bbox 2675 1963 2809 2014; x_wconf 84' lang='lat' dir='ltr'><strong>sedis</strong></span> <span class='ocrx_word' id='word_1_437' title='bbox 2849 1962 3147 2030; x_wconf 73' lang='lat' dir='ltr'><strong>apostolicw</strong></span> <span class='ocrx_word' id='word_1_438' title='bbox 3190 1962 3472 2028; x_wconf 74' lang='lat' dir='ltr'><strong>cognitione</strong></span> 
     </span>
    </p>
   </div>
   <div class='ocr_carea' id='block_1_64' title="bbox 1887 2032 3472 2103">
    <p class='ocr_par' dir='ltr' id='par_1_64' title="bbox 1887 2032 3472 2103">
     <span class='ocr_line' id='line_1_66' title="bbox 1887 2032 3472 2103; baseline 0 -19"><span class='ocrx_word' id='word_1_439' title='bbox 1887 2036 2094 2103; x_wconf 77' lang='lat' dir='ltr'><strong>vulgata</strong></span> <span class='ocrx_word' id='word_1_440' title='bbox 2121 2032 2306 2103; x_wconf 79' lang='lat' dir='ltr'><strong>polluti</strong></span> <span class='ocrx_word' id='word_1_441' title='bbox 2335 2032 2564 2085; x_wconf 83' lang='lat' dir='ltr'><strong>sensibus</strong></span> <span class='ocrx_word' id='word_1_442' title='bbox 2601 2033 2705 2086; x_wconf 89' lang='lat' dir='ltr'><strong>suis</strong></span> <span class='ocrx_word' id='word_1_443' title='bbox 2727 2049 2826 2084; x_wconf 89' lang='lat' dir='ltr'><strong>non</strong></span> <span class='ocrx_word' id='word_1_444' title='bbox 2854 2044 2985 2084; x_wconf 88' lang='lat' dir='ltr'><strong>recte</strong></span> <span class='ocrx_word' id='word_1_445' title='bbox 3007 2048 3152 2084; x_wconf 86' lang='lat' dir='ltr'><strong>nosse</strong></span> <span class='ocrx_word' id='word_1_446' title='bbox 3179 2042 3472 2094; x_wconf 86' lang='lat' dir='ltr'><strong>tacuerunt;</strong></span> 
     </span>
    </p>
   </div>
   <div class='ocr_carea' id='block_1_65' title="bbox 1887 2102 3472 2166">
    <p class='ocr_par' dir='ltr' id='par_1_65' title="bbox 1887 2102 3472 2166">
     <span class='ocr_line' id='line_1_67' title="bbox 1887 2102 3472 2166; baseline -0.001 -11"><span class='ocrx_word' id='word_1_447' title='bbox 1887 2114 1934 2156; x_wconf 88' lang='lat' dir='ltr'><strong>et</strong></span> <span class='ocrx_word' id='word_1_448' title='bbox 1963 2102 2172 2158; x_wconf 86' lang='lat' dir='ltr'><strong>scelesta</strong></span> <span class='ocrx_word' id='word_1_449' title='bbox 2192 2113 2480 2166; x_wconf 85' lang='lat' dir='ltr'><strong>perpetrare</strong></span> <span class='ocrx_word' id='word_1_450' title='bbox 2511 2104 2956 2165; x_wconf 73' lang='lat' dir='ltr'><strong>compunctionum</strong></span> <span class='ocrx_word' id='word_1_451' title='bbox 2977 2102 3303 2155; x_wconf 85' lang='lat' dir='ltr'><strong>innocentum</strong></span> <span class='ocrx_word' id='word_1_452' title='bbox 3327 2116 3472 2154; x_wconf 75' lang='lat' dir='ltr'><strong>exse-</strong></span> 
     </span>
    </p>
   </div>
   <div class='ocr_carea' id='block_1_66' title="bbox 1889 2171 3474 2244">
    <p class='ocr_par' dir='ltr' id='par_1_66' title="bbox 1889 2171 3474 2244">
     <span class='ocr_line' id='line_1_68' title="bbox 1889 2171 3474 2244; baseline -0.004 -18"><span class='ocrx_word' id='word_1_453' title='bbox 1889 2176 2082 2227; x_wconf 83' lang='lat' dir='ltr'><strong>cranda</strong></span> <span class='ocrx_word' id='word_1_454' title='bbox 2119 2173 2405 2244; x_wconf 85' lang='lat' dir='ltr'><strong>pollutione</strong></span> <span class='ocrx_word' id='word_1_455' title='bbox 2431 2173 2722 2226; x_wconf 87' lang='lat' dir='ltr'><strong>damnatos.</strong></span> <span class='ocrx_word' id='word_1_456' title='bbox 2759 2171 2821 2244; x_wconf 77' lang='lat' dir='ltr'><strong>Et</strong></span> <span class='ocrx_word' id='word_1_457' title='bbox 2856 2173 2976 2244; x_wconf 82' lang='lat' dir='ltr'><strong>quia</strong></span> <span class='ocrx_word' id='word_1_458' title='bbox 3005 2174 3057 2225; x_wconf 91' lang='lat' dir='ltr'><strong>in</strong></span> <span class='ocrx_word' id='word_1_459' title='bbox 3087 2171 3362 2244; x_wconf 77' lang='lat' dir='ltr'><strong>secessione</strong></span> <span class='ocrx_word' id='word_1_460' title='bbox 3390 2171 3474 2238; x_wconf 76' lang='lat' dir='ltr'><strong>fn-</strong></span> 
     </span>
    </p>
   </div>
   <div class='ocr_carea' id='block_1_67' title="bbox 1889 2241 3475 2312">
    <p class='ocr_par' dir='ltr' id='par_1_67' title="bbox 1889 2241 3475 2312">
     <span class='ocr_line' id='line_1_69' title="bbox 1889 2241 3475 2312; baseline -0.002 -17"><span class='ocrx_word' id='word_1_461' title='bbox 1889 2255 2034 2298; x_wconf 89' lang='lat' dir='ltr'><strong>uesta</strong></span> <span class='ocrx_word' id='word_1_462' title='bbox 2073 2241 2183 2312; x_wconf 86' lang='lat' dir='ltr'><strong>ipse</strong></span> <span class='ocrx_word' id='word_1_463' title='bbox 2211 2244 2308 2297; x_wconf 85' lang='lat' dir='ltr'><strong>sibi</strong></span> <span class='ocrx_word' id='word_1_464' title='bbox 2357 2251 2516 2296; x_wconf 86' lang='lat' dir='ltr'><strong>morte</strong></span> <span class='ocrx_word' id='word_1_465' title='bbox 2559 2243 2817 2309; x_wconf 67' lang='lat' dir='ltr'><strong>preventi,</strong></span> <span class='ocrx_word' id='word_1_466' title='bbox 2853 2241 3035 2296; x_wconf 89' lang='lat' dir='ltr'><strong>ultimo</strong></span> <span class='ocrx_word' id='word_1_467' title='bbox 3081 2243 3163 2294; x_wconf 88' lang='lat' dir='ltr'><strong>die</strong></span> <span class='ocrx_word' id='word_1_468' title='bbox 3206 2243 3319 2293; x_wconf 86' lang='lat' dir='ltr'><strong>ausi</strong></span> <span class='ocrx_word' id='word_1_469' title='bbox 3357 2252 3475 2293; x_wconf 77' lang='lat' dir='ltr'><strong>sunt</strong></span> 
     </span>
    </p>
   </div>
   <div class='ocr_carea' id='block_1_68' title="bbox 1890 2312 3473 2380">
    <p class='ocr_par' dir='ltr' id='par_1_68' title="bbox 1890 2312 3473 2380">
     <span class='ocr_line' id='line_1_70' title="bbox 1890 2312 3473 2380; baseline -0.003 -14"><span class='ocrx_word' id='word_1_470' title='bbox 1890 2315 2221 2377; x_wconf 86' lang='lat' dir='ltr'><strong>pollutionem</strong></span> <span class='ocrx_word' id='word_1_471' title='bbox 2245 2314 2515 2368; x_wconf 87' lang='lat' dir='ltr'><strong>sacerdotii</strong></span> <span class='ocrx_word' id='word_1_472' title='bbox 2543 2329 2637 2367; x_wconf 90' lang='lat' dir='ltr'><strong>sua</strong></span> <span class='ocrx_word' id='word_1_473' title='bbox 2662 2313 2986 2365; x_wconf 85' lang='lat' dir='ltr'><strong>ordinatione</strong></span> <span class='ocrx_word' id='word_1_474' title='bbox 3005 2313 3316 2380; x_wconf 85' lang='lat' dir='ltr'><strong>relinquere,</strong></span> <span class='ocrx_word' id='word_1_475' title='bbox 3335 2312 3473 2378; x_wconf 79' lang='lat' dir='ltr'><strong>quod</strong></span> 
     </span>
    </p>
   </div>
   <div class='ocr_carea' id='block_1_69' title="bbox 1886 2381 3468 2452">
    <p class='ocr_par' dir='ltr' id='par_1_69' title="bbox 1886 2381 3468 2452">
     <span class='ocr_line' id='line_1_71' title="bbox 1886 2381 3468 2452; baseline -0.002 -16"><span class='ocrx_word' id='word_1_476' title='bbox 1886 2383 2143 2452; x_wconf 81' lang='lat' dir='ltr'><strong>inﬁrmari</strong></span> <span class='ocrx_word' id='word_1_477' title='bbox 2181 2384 2244 2436; x_wconf 91' lang='lat' dir='ltr'><strong>ab</strong></span> <span class='ocrx_word' id='word_1_478' title='bbox 2289 2383 2579 2437; x_wconf 85' lang='lat' dir='ltr'><strong>hominibus</strong></span> <span class='ocrx_word' id='word_1_479' title='bbox 2606 2384 2791 2436; x_wconf 88' lang='lat' dir='ltr'><strong>sanctis</strong></span> <span class='ocrx_word' id='word_1_480' title='bbox 2823 2393 2868 2435; x_wconf 67' lang='lat' dir='ltr'><strong>ct</strong></span> <span class='ocrx_word' id='word_1_481' title='bbox 2900 2381 3341 2435; x_wconf 84' lang='lat' dir='ltr'><strong>consacerdotibns</strong></span> <span class='ocrx_word' id='word_1_482' title='bbox 3375 2398 3468 2434; x_wconf 88' lang='lat' dir='ltr'><strong>no-</strong></span> 
     </span>
    </p>
   </div>
   <div class='ocr_carea' id='block_1_70' title="bbox 1887 2451 3476 2524">
    <p class='ocr_par' dir='ltr' id='par_1_70' title="bbox 1887 2451 3476 2524">
     <span class='ocr_line' id='line_1_72' title="bbox 1887 2451 3476 2524; baseline -0.003 -16"><span class='ocrx_word' id='word_1_483' title='bbox 1887 2451 1996 2508; x_wconf 83' lang='lat' dir='ltr'><strong>stra</strong></span> <span class='ocrx_word' id='word_1_484' title='bbox 2037 2455 2400 2524; x_wconf 78' lang='lat' dir='ltr'><strong>prtedt&#39;catione</strong></span> <span class='ocrx_word' id='word_1_485' title='bbox 2422 2465 2496 2524; x_wconf 20' lang='lat' dir='ltr'><strong>get</strong></span> <span class='ocrx_word' id='word_1_486' title='bbox 2543 2453 3116 2524; x_wconf 17' lang='lat' dir='ltr'><strong>apostolicisidoctrinis</strong></span> <span class='ocrx_word' id='word_1_487' title='bbox 3145 2451 3476 2524; x_wconf 78' lang='lat' dir='ltr'><strong>prwcipimus</strong></span> 
     </span>
    </p>
   </div>
   <div class='ocr_carea' id='block_1_71' title="bbox 1887 2522 3475 2593">
    <p class='ocr_par' dir='ltr' id='par_1_71' title="bbox 1887 2522 3475 2593">
     <span class='ocr_line' id='line_1_73' title="bbox 1887 2522 3475 2593; baseline -0.001 -17"><span class='ocrx_word' id='word_1_488' title='bbox 1887 2522 2126 2579; x_wconf 83' lang='lat' dir='ltr'><strong>damnari</strong></span> <span class='ocrx_word' id='word_1_489' title='bbox 2147 2570 2160 2593; x_wconf 91' lang='lat'><strong>,</strong></span> <span class='ocrx_word' id='word_1_490' title='bbox 2207 2534 2384 2578; x_wconf 88' lang='lat' dir='ltr'><strong>contra</strong></span> <span class='ocrx_word' id='word_1_491' title='bbox 2415 2522 2726 2588; x_wconf 84' lang='lat' dir='ltr'><strong>Photinum,</strong></span> <span class='ocrx_word' id='word_1_492' title='bbox 2757 2534 2803 2576; x_wconf 90' lang='lat' dir='ltr'><strong>et</strong></span> <span class='ocrx_word' id='word_1_493' title='bbox 2831 2523 3111 2578; x_wconf 89' lang='lat' dir='ltr'><strong>Sabellium</strong></span> <span class='ocrx_word' id='word_1_494' title='bbox 3155 2522 3394 2586; x_wconf 66' lang='lat' dir='ltr'><strong>maxime,</strong></span> <span class='ocrx_word' id='word_1_495' title='bbox 3427 2533 3475 2574; x_wconf 89' lang='lat' dir='ltr'><strong>et</strong></span> 
     </span>
    </p>
   </div>
   <div class='ocr_carea' id='block_1_72' title="bbox 1888 2593 3499 2664">
    <p class='ocr_par' dir='ltr' id='par_1_72' title="bbox 1888 2593 3499 2664">
     <span class='ocr_line' id='line_1_74' title="bbox 1888 2593 3499 2664; baseline -0.002 -17"><span class='ocrx_word' id='word_1_496' title='bbox 1888 2595 2069 2649; x_wconf 82' lang='lat' dir='ltr'><strong>Arium</strong></span> <span class='ocrx_word' id='word_1_497' title='bbox 2097 2599 2419 2650; x_wconf 74' lang='lat' dir='ltr'><strong>anathemate</strong></span> <span class='ocrx_word' id='word_1_498' title='bbox 2451 2610 2717 2658; x_wconf 85' lang='lat' dir='ltr'><strong>percussus</strong></span> <span class='ocrx_word' id='word_1_499' title='bbox 2741 2593 2907 2664; x_wconf 71' lang='lat' dir='ltr'><strong>(forte</strong></span> <span class='ocrx_word' id='word_1_500' title='bbox 2932 2610 3216 2664; x_wconf 80' lang='lat' dir='ltr'><strong>percussos,</strong></span> <span class='ocrx_word' id='word_1_501' title='bbox 3249 2597 3328 2644; x_wconf 90' lang='lat' dir='ltr'><strong>vel</strong></span> <span class='ocrx_word' id='word_1_502' title='bbox 3362 2609 3499 2662; x_wconf 58' lang='grc' dir='ltr'><strong>μεν-ι</strong></span> 
     </span>
    </p>
   </div>
   <div class='ocr_carea' id='block_1_73' title="bbox 1888 2663 3478 2736">
    <p class='ocr_par' dir='ltr' id='par_1_73' title="bbox 1888 2663 3478 2736">
     <span class='ocr_line' id='line_1_75' title="bbox 1888 2663 3478 2736; baseline -0.003 -18"><span class='ocrx_word' id='word_1_503' title='bbox 1888 2667 2140 2732; x_wconf 87' lang='lat' dir='ltr'><strong>cussum).</strong></span> <span class='ocrx_word' id='word_1_504' title='bbox 2173 2666 2322 2736; x_wconf 86' lang='lat' dir='ltr'><strong>quasi</strong></span> <span class='ocrx_word' id='word_1_505' title='bbox 2350 2675 2523 2736; x_wconf 76' lang='lat' dir='ltr'><strong>vestra</strong></span> <span class='ocrx_word' id='word_1_506' title='bbox 2536 2681 2636 2736; x_wconf 87' lang='lat' dir='ltr'><strong>_ore</strong></span> <span class='ocrx_word' id='word_1_507' title='bbox 2663 2663 3034 2736; x_wconf 63' lang='lat' dir='ltr'><strong>continuantes</strong></span> <span class='ocrx_word' id='word_1_508' title='bbox 3050 2663 3392 2736; x_wconf 79' lang='lat' dir='ltr'><strong>damnamus;</strong></span> <span class='ocrx_word' id='word_1_509' title='bbox 3431 2674 3478 2716; x_wconf 86' lang='lat' dir='ltr'><strong>et</strong></span> 
     </span>
    </p>
   </div>
   <div class='ocr_carea' id='block_1_74' title="bbox 1886 2733 3474 2804">
    <p class='ocr_par' dir='ltr' id='par_1_74' title="bbox 1886 2733 3474 2804">
     <span class='ocr_line' id='line_1_76' title="bbox 1886 2733 3474 2804; baseline -0.003 -14"><span class='ocrx_word' id='word_1_510' title='bbox 1886 2738 2134 2804; x_wconf 82' lang='lat' dir='ltr'><strong>quidquid</strong></span> <span class='ocrx_word' id='word_1_511' title='bbox 2169 2733 2222 2790; x_wconf 80' lang='lat' dir='ltr'><strong>in</strong></span> <span class='ocrx_word' id='word_1_512' title='bbox 2253 2735 2472 2790; x_wconf 86' lang='lat' dir='ltr'><strong>concilio</strong></span> <span class='ocrx_word' id='word_1_513' title='bbox 2499 2734 2718 2788; x_wconf 73' lang='lat' dir='ltr'><strong>Nicwno</strong></span> <span class='ocrx_word' id='word_1_514' title='bbox 2746 2735 2968 2788; x_wconf 82' lang='lat' dir='ltr'><strong>civitatis</strong></span> <span class='ocrx_word' id='word_1_515' title='bbox 2994 2733 3253 2804; x_wconf 69' lang='lat' dir='ltr'><strong>Bithyniae</strong></span> <span class='ocrx_word' id='word_1_516' title='bbox 3282 2737 3474 2787; x_wconf 87' lang='lat' dir='ltr'><strong>consti-</strong></span> 
     </span>
    </p>
   </div>
   <div class='ocr_carea' id='block_1_75' title="bbox 1891 2803 3477 2878">
    <p class='ocr_par' dir='ltr' id='par_1_75' title="bbox 1891 2803 3477 2878">
     <span class='ocr_line' id='line_1_77' title="bbox 1891 2803 3477 2878; baseline -0.003 -17"><span class='ocrx_word' id='word_1_517' title='bbox 1891 2803 2081 2874; x_wconf 84' lang='lat' dir='ltr'><strong>tuistis,</strong></span> <span class='ocrx_word' id='word_1_518' title='bbox 2114 2824 2206 2878; x_wconf 80' lang='lat' dir='ltr'><strong>pro</strong></span> <span class='ocrx_word' id='word_1_519' title='bbox 2233 2807 2405 2878; x_wconf 80' lang='lat' dir='ltr'><strong>veritis</strong></span> <span class='ocrx_word' id='word_1_520' title='bbox 2451 2804 2627 2876; x_wconf 83' lang='lat' dir='ltr'><strong>(forte</strong></span> <span class='ocrx_word' id='word_1_521' title='bbox 2657 2803 3000 2878; x_wconf 83' lang='lat' dir='ltr'><strong>universalis)</strong></span> <span class='ocrx_word' id='word_1_522' title='bbox 3031 2803 3274 2878; x_wconf 68' lang='lat' dir='ltr'><strong>Ecclesia!</strong></span> <span class='ocrx_word' id='word_1_523' title='bbox 3303 2805 3477 2878; x_wconf 83' lang='lat' dir='ltr'><strong>mode-</strong></span> 
     </span>
    </p>
   </div>
   <div class='ocr_carea' id='block_1_76' title="bbox 1887 2875 3478 2948">
    <p class='ocr_par' dir='ltr' id='par_1_76' title="bbox 1887 2875 3478 2948">
     <span class='ocr_line' id='line_1_78' title="bbox 1887 2875 3478 2948; baseline -0.001 -19"><span class='ocrx_word' id='word_1_524' title='bbox 1887 2881 2086 2932; x_wconf 86' lang='lat' dir='ltr'><strong>ratione</strong></span> <span class='ocrx_word' id='word_1_525' title='bbox 2115 2875 2252 2948; x_wconf 50' lang='lat' dir='ltr'><strong>&#39;pari</strong></span> <span class='ocrx_word' id='word_1_526' title='bbox 2297 2875 2469 2948; x_wconf 77' lang='lat' dir='ltr'><strong>[arma</strong></span> <span class='ocrx_word' id='word_1_527' title='bbox 2511 2877 2824 2948; x_wconf 65' lang='lat' dir='ltr'><strong>custodimus</strong></span> <span class='ocrx_word' id='word_1_528' title='bbox 2872 2891 2889 2928; x_wconf 91' lang='lat'><strong><em>:</em></strong></span> <span class='ocrx_word' id='word_1_529' title='bbox 2931 2877 3061 2948; x_wconf 80' lang='lat' dir='ltr'><strong>libra</strong></span> <span class='ocrx_word' id='word_1_530' title='bbox 3108 2875 3478 2948; x_wconf 74' lang='lat' dir='ltr'><strong>ponderatione</strong></span> 
     </span>
    </p>
   </div>
   <div class='ocr_carea' id='block_1_77' title="bbox 1887 2943 3477 3003">
    <p class='ocr_par' dir='ltr' id='par_1_77' title="bbox 1887 2943 3477 3003">
     <span class='ocr_line' id='line_1_79' title="bbox 1887 2943 3477 3003; baseline -0.001 -4"><span class='ocrx_word' id='word_1_531' title='bbox 1887 2943 2301 3003; x_wconf 43' lang='lat' dir='ltr'><strong>censetistata</strong></span> <span class='ocrx_word' id='word_1_532' title='bbox 2336 2962 2386 3000; x_wconf 83' lang='lat' dir='ltr'><strong>VI</strong></span> <span class='ocrx_word' id='word_1_533' title='bbox 2434 2946 2540 3000; x_wconf 88' lang='lat' dir='ltr'><strong>kal.</strong></span> <span class='ocrx_word' id='word_1_534' title='bbox 2582 2943 2706 2998; x_wconf 80' lang='lat' dir='ltr'><strong>Jan.</strong></span> <span class='ocrx_word' id='word_1_535' title='bbox 2755 2943 2824 2998; x_wconf 88' lang='lat' dir='ltr'><strong>Et</strong></span> <span class='ocrx_word' id='word_1_536' title='bbox 2869 2946 2975 2999; x_wconf 89' lang='lat' dir='ltr'><strong>alia</strong></span> <span class='ocrx_word' id='word_1_537' title='bbox 3015 2943 3194 2998; x_wconf 85' lang='lat' dir='ltr'><strong>manu.</strong></span> <span class='ocrx_word' id='word_1_538' title='bbox 3230 2944 3477 2998; x_wconf 88' lang='lat' dir='ltr'><strong>Dominus</strong></span> 
     </span>
    </p>
   </div>
   <div class='ocr_carea' id='block_1_78' title="bbox 258 3015 3478 3087">
    <p class='ocr_par' dir='ltr' id='par_1_78' title="bbox 258 3015 3478 3087">
     <span class='ocr_line' id='line_1_80' title="bbox 258 3015 3478 3087; baseline -0.001 -17"><span class='ocrx_word' id='word_1_539' title='bbox 258 3016 320 3070; x_wconf 86' lang='lat'><strong>5.</strong></span> <span class='ocrx_word' id='word_1_540' title='bbox 357 3016 444 3070; x_wconf 82' lang='lat' dir='ltr'><strong>En</strong></span> <span class='ocrx_word' id='word_1_541' title='bbox 476 3018 635 3087; x_wconf 82' lang='lat' dir='ltr'><strong>modo</strong></span> <span class='ocrx_word' id='word_1_542' title='bbox 656 3017 900 3072; x_wconf 88' lang='lat' dir='ltr'><strong>ordinem</strong></span> <span class='ocrx_word' id='word_1_543' title='bbox 947 3017 1270 3072; x_wconf 86' lang='lat' dir='ltr'><strong>earumdem</strong></span> <span class='ocrx_word' id='word_1_544' title='bbox 1290 3016 1631 3073; x_wconf 83' lang='lat' dir='ltr'><strong>Additionum</strong></span> <span class='ocrx_word' id='word_1_545' title='bbox 1663 3032 1784 3073; x_wconf 91' lang='lat' dir='ltr'><strong>cum</strong></span> <span class='ocrx_word' id='word_1_546' title='bbox 1890 3026 2063 3072; x_wconf 80' lang='lat' dir='ltr'><strong>noster</strong></span> <span class='ocrx_word' id='word_1_547' title='bbox 2081 3018 2232 3073; x_wconf 83' lang='lat' dir='ltr'><strong>Jesus</strong></span> <span class='ocrx_word' id='word_1_548' title='bbox 2253 3017 2487 3073; x_wconf 85' lang='lat' dir='ltr'><strong>Christus</strong></span> <span class='ocrx_word' id='word_1_549' title='bbox 2517 3032 2601 3070; x_wconf 80' lang='lat' dir='ltr'><strong>vos</strong></span> <span class='ocrx_word' id='word_1_550' title='bbox 2629 3032 2928 3070; x_wconf 75' lang='lat' dir='ltr'><strong>conservare</strong></span> <span class='ocrx_word' id='word_1_551' title='bbox 2955 3018 3213 3087; x_wconf 88' lang='lat' dir='ltr'><strong>dignetur,</strong></span> <span class='ocrx_word' id='word_1_552' title='bbox 3241 3015 3400 3069; x_wconf 80' lang='lat' dir='ltr'><strong>sancti</strong></span> <span class='ocrx_word' id='word_1_553' title='bbox 3428 3026 3478 3068; x_wconf 90' lang='lat' dir='ltr'><strong>et</strong></span> 
     </span>
    </p>
   </div>
   <div class='ocr_carea' id='block_1_79' title="bbox 190 3086 2408 3159">
    <p class='ocr_par' dir='ltr' id='par_1_79' title="bbox 190 3086 2408 3159">
     <span class='ocr_line' id='line_1_81' title="bbox 190 3086 2408 3159; baseline 0.002 -21"><span class='ocrx_word' id='word_1_554' title='bbox 190 3088 451 3159; x_wconf 75' lang='lat' dir='ltr'><strong>numeris</strong></span> <span class='ocrx_word' id='word_1_555' title='bbox 495 3086 582 3155; x_wconf 82' lang='lat' dir='ltr'><strong>qui</strong></span> <span class='ocrx_word' id='word_1_556' title='bbox 629 3087 984 3158; x_wconf 60' lang='lat' dir='ltr'><strong>praeferuntur</strong></span> <span class='ocrx_word' id='word_1_557' title='bbox 1031 3087 1083 3142; x_wconf 91' lang='lat' dir='ltr'><strong>in</strong></span> <span class='ocrx_word' id='word_1_558' title='bbox 1131 3088 1345 3142; x_wconf 84' lang='lat' dir='ltr'><strong>laudato</strong></span> <span class='ocrx_word' id='word_1_559' title='bbox 1386 3103 1486 3141; x_wconf 90' lang='lat' dir='ltr'><strong>ms.</strong></span> <span class='ocrx_word' id='word_1_560' title='bbox 1540 3087 1858 3150; x_wconf 88' lang='lat' dir='ltr'><strong>Vallicel-C</strong></span> <span class='ocrx_word' id='word_1_561' title='bbox 1890 3091 2174 3159; x_wconf 84' lang='lat' dir='ltr'><strong>coepiscopi</strong></span> <span class='ocrx_word' id='word_1_562' title='bbox 2203 3093 2408 3159; x_wconf 79' lang='lat' dir='ltr'><strong>fratres.</strong></span> 
     </span>
    </p>
   </div>
   <div class='ocr_carea' id='block_1_80' title="bbox 193 3157 494 3211">
    <p class='ocr_par' dir='ltr' id='par_1_80' title="bbox 193 3157 494 3211">
     <span class='ocr_line' id='line_1_82' title="bbox 193 3157 494 3211; baseline -0.003 0"><span class='ocrx_word' id='word_1_563' title='bbox 193 3158 323 3211; x_wconf 81' lang='lat' dir='ltr'><strong>Iano</strong></span> <span class='ocrx_word' id='word_1_564' title='bbox 372 3157 494 3210; x_wconf 74' lang='grc' dir='ltr'><strong>ΑΞ).</strong></span> 
     </span>
    </p>
   </div>
   <div class='ocr_carea' id='block_1_81' title="bbox 261 3225 1794 3299">
    <p class='ocr_par' dir='ltr' id='par_1_81' title="bbox 261 3225 1794 3299">
     <span class='ocr_line' id='line_1_83' title="bbox 261 3225 1794 3299; baseline 0.003 -19"><span class='ocrx_word' id='word_1_565' title='bbox 261 3225 471 3299; x_wconf 69' lang='lat' dir='ltr'><strong>LXIX.</strong></span> <span class='ocrx_word' id='word_1_566' title='bbox 493 3227 551 3299; x_wconf 73' lang='lat' dir='ltr'><strong>In</strong></span> <span class='ocrx_word' id='word_1_567' title='bbox 574 3228 693 3282; x_wconf 90' lang='lat' dir='ltr'><strong>cod.</strong></span> <span class='ocrx_word' id='word_1_568' title='bbox 718 3228 840 3282; x_wconf 87' lang='lat' dir='ltr'><strong>Vat.</strong></span> <span class='ocrx_word' id='word_1_569' title='bbox 869 3226 1107 3299; x_wconf 87' lang='lat' dir='ltr'><strong>Dionysii</strong></span> <span class='ocrx_word' id='word_1_570' title='bbox 1129 3226 1272 3284; x_wconf 75' lang='grc'><strong>5845</strong></span> <span class='ocrx_word' id='word_1_571' title='bbox 1294 3237 1377 3282; x_wconf 87' lang='lat' dir='ltr'><strong>est</strong></span> <span class='ocrx_word' id='word_1_572' title='bbox 1398 3244 1546 3282; x_wconf 90' lang='lat' dir='ltr'><strong>num.</strong></span> <span class='ocrx_word' id='word_1_573' title='bbox 1566 3229 1619 3283; x_wconf 84' lang='lat'><strong>6.</strong></span> <span class='ocrx_word' id='word_1_574' title='bbox 1649 3229 1794 3284; x_wconf 70' lang='lat' dir='ltr'><strong>Prw-</strong></span> 
     </span>
    </p>
   </div>
   <div class='ocr_carea' id='block_1_82' title="bbox 190 3296 1790 3366">
    <p class='ocr_par' dir='ltr' id='par_1_82' title="bbox 190 3296 1790 3366">
     <span class='ocr_line' id='line_1_84' title="bbox 190 3296 1790 3366; baseline 0.002 -15"><span class='ocrx_word' id='word_1_575' title='bbox 190 3309 355 3366; x_wconf 82' lang='lat' dir='ltr'><strong>cepta</strong></span> <span class='ocrx_word' id='word_1_576' title='bbox 385 3296 446 3350; x_wconf 89' lang='lat' dir='ltr'><strong>S.</strong></span> <span class='ocrx_word' id='word_1_577' title='bbox 483 3296 622 3351; x_wconf 85' lang='lat' dir='ltr'><strong>Petri</strong></span> <span class='ocrx_word' id='word_1_578' title='bbox 645 3301 708 3352; x_wconf 87' lang='lat' dir='ltr'><strong>de</strong></span> <span class='ocrx_word' id='word_1_579' title='bbox 728 3296 1055 3354; x_wconf 79' lang='lat' dir='ltr'><strong>sacramentis</strong></span> <span class='ocrx_word' id='word_1_580' title='bbox 1081 3299 1456 3352; x_wconf 86' lang='lat' dir='ltr'><strong>conservandis.</strong></span> <span class='ocrx_word' id='word_1_581' title='bbox 1491 3299 1545 3352; x_wconf 90' lang='lat' dir='ltr'><strong>In</strong></span> <span class='ocrx_word' id='word_1_582' title='bbox 1577 3301 1790 3356; x_wconf 90' lang='lat' dir='ltr'><strong>collect.</strong></span> 
     </span>
    </p>
   </div>
   <div class='ocr_carea' id='block_1_83' title="bbox 192 3367 1792 3434">
    <p class='ocr_par' dir='ltr' id='par_1_83' title="bbox 192 3367 1792 3434">
     <span class='ocr_line' id='line_1_85' title="bbox 192 3367 1792 3434; baseline 0.003 -14"><span class='ocrx_word' id='word_1_583' title='bbox 192 3367 326 3421; x_wconf 79' lang='lat' dir='ltr'><strong>Vat.</strong></span> <span class='ocrx_word' id='word_1_584' title='bbox 362 3367 646 3423; x_wconf 86' lang='lat' dir='ltr'><strong>Barberina</strong></span> <span class='ocrx_word' id='word_1_585' title='bbox 675 3369 938 3423; x_wconf 83' lang='lat' dir='ltr'><strong>habentur</strong></span> <span class='ocrx_word' id='word_1_586' title='bbox 967 3384 1116 3423; x_wconf 89' lang='lat' dir='ltr'><strong>num.</strong></span> <span class='ocrx_word' id='word_1_587' title='bbox 1145 3369 1234 3431; x_wconf 76' lang='grc'><strong>54,</strong></span> <span class='ocrx_word' id='word_1_588' title='bbox 1259 3367 1596 3434; x_wconf 84' lang='lat' dir='ltr'><strong>proferentur</strong></span> <span class='ocrx_word' id='word_1_589' title='bbox 1613 3381 1792 3426; x_wconf 90' lang='lat' dir='ltr'><strong>autem</strong></span> 
     </span>
    </p>
   </div>
   <div class='ocr_carea' id='block_1_84' title="bbox 191 3436 1794 3509">
    <p class='ocr_par' dir='ltr' id='par_1_84' title="bbox 191 3436 1794 3509">
     <span class='ocr_line' id='line_1_86' title="bbox 191 3436 1794 3509; baseline 0.004 -19"><span class='ocrx_word' id='word_1_590' title='bbox 191 3436 298 3492; x_wconf 73' lang='lat' dir='ltr'><strong>hoc</strong></span> <span class='ocrx_word' id='word_1_591' title='bbox 360 3446 508 3509; x_wconf 85' lang='lat' dir='ltr'><strong>tonio</strong></span> <span class='ocrx_word' id='word_1_592' title='bbox 561 3440 699 3493; x_wconf 81' lang='lat' dir='ltr'><strong>inter</strong></span> <span class='ocrx_word' id='word_1_593' title='bbox 747 3439 1067 3495; x_wconf 78' lang='lat' dir='ltr'><strong>documenta</strong></span> <span class='ocrx_word' id='word_1_594' title='bbox 1118 3439 1255 3509; x_wconf 85' lang='lat' dir='ltr'><strong>juris</strong></span> <span class='ocrx_word' id='word_1_595' title='bbox 1303 3444 1546 3494; x_wconf 89' lang='lat' dir='ltr'><strong>canonici</strong></span> <span class='ocrx_word' id='word_1_596' title='bbox 1596 3443 1794 3496; x_wconf 86' lang='lat' dir='ltr'><strong>veteris</strong></span> 
     </span>
    </p>
   </div>
   <div class='ocr_carea' id='block_1_85' title="bbox 192 3508 736 3572">
    <p class='ocr_par' dir='ltr' id='par_1_85' title="bbox 192 3508 736 3572">
     <span class='ocr_line' id='line_1_87' title="bbox 192 3508 736 3572; baseline 0 -9"><span class='ocrx_word' id='word_1_597' title='bbox 192 3524 359 3563; x_wconf 76' lang='lat' dir='ltr'><strong>eum.</strong></span> <span class='ocrx_word' id='word_1_598' title='bbox 393 3508 447 3572; x_wconf 88' lang='lat'><strong>5,</strong></span> <span class='ocrx_word' id='word_1_599' title='bbox 481 3509 583 3562; x_wconf 91' lang='lat' dir='ltr'><strong>col.</strong></span> <span class='ocrx_word' id='word_1_600' title='bbox 613 3509 736 3563; x_wconf 74' lang='grc'><strong>674.</strong></span> 
     </span>
    </p>
   </div>
   <div class='ocr_carea' id='block_1_86' title="bbox 196 3576 1794 3704">
    <p class='ocr_par' dir='ltr' id='par_1_86' title="bbox 196 3576 1794 3704">
     <span class='ocr_line' id='line_1_88' title="bbox 260 3576 1794 3652; baseline 0.003 -21"><span class='ocrx_word' id='word_1_601' title='bbox 260 3576 446 3632; x_wconf 82' lang='lat' dir='ltr'><strong>LXX.</strong></span> <span class='ocrx_word' id='word_1_602' title='bbox 505 3579 559 3634; x_wconf 90' lang='lat' dir='ltr'><strong>In</strong></span> <span class='ocrx_word' id='word_1_603' title='bbox 610 3580 727 3636; x_wconf 87' lang='lat' dir='ltr'><strong>Vat.</strong></span> <span class='ocrx_word' id='word_1_604' title='bbox 786 3581 941 3636; x_wconf 86' lang='lat' dir='ltr'><strong>Dion.</strong></span> <span class='ocrx_word' id='word_1_605' title='bbox 1001 3596 1150 3636; x_wconf 89' lang='lat' dir='ltr'><strong>num.</strong></span> <span class='ocrx_word' id='word_1_606' title='bbox 1209 3581 1262 3634; x_wconf 90' lang='lat'><strong>7.</strong></span> <span class='ocrx_word' id='word_1_607' title='bbox 1323 3578 1532 3635; x_wconf 88' lang='lat' dir='ltr'><strong>Stotuta</strong></span> <span class='ocrx_word' id='word_1_608' title='bbox 1581 3582 1794 3652; x_wconf 84' lang='lat' dir='ltr'><strong>antiqua</strong></span> 
     </span>
     <span class='ocr_line' id='line_1_89' title="bbox 196 3650 462 3704; baseline -0.011 0"><span class='ocrx_word' id='word_1_609' title='bbox 196 3650 462 3704; x_wconf 77' lang='lat' dir='ltr'><strong>Orientis.</strong></span> 
     </span>
    </p>
   </div>
   <div class='ocr_carea' id='block_1_87' title="bbox 275 3650 462 3701">
    <p class='ocr_par' dir='ltr' id='par_1_87' title="bbox 275 3650 462 3701">
     <span class='ocr_line' id='line_1_90' title="bbox 275 3650 462 3701; baseline 0 0"><span class='ocrx_word' id='word_1_610' title='bbox 275 3650 462 3701; x_wconf 77' lang='lat' dir='ltr'><strong>ientis.</strong></span> 
     </span>
    </p>
   </div>
   <div class='ocr_carea' id='block_1_88' title="bbox 258 3718 1794 3789">
    <p class='ocr_par' dir='ltr' id='par_1_88' title="bbox 258 3718 1794 3789">
     <span class='ocr_line' id='line_1_91' title="bbox 258 3718 1794 3789; baseline 0.001 -15"><span class='ocrx_word' id='word_1_611' title='bbox 258 3718 470 3774; x_wconf 81' lang='lat' dir='ltr'><strong>LXXI.</strong></span> <span class='ocrx_word' id='word_1_612' title='bbox 499 3720 559 3789; x_wconf 88' lang='lat' dir='ltr'><strong>In</strong></span> <span class='ocrx_word' id='word_1_613' title='bbox 581 3719 698 3776; x_wconf 86' lang='lat' dir='ltr'><strong>Vat.</strong></span> <span class='ocrx_word' id='word_1_614' title='bbox 735 3721 889 3776; x_wconf 90' lang='lat' dir='ltr'><strong>Dion.</strong></span> <span class='ocrx_word' id='word_1_615' title='bbox 926 3735 980 3775; x_wconf 86' lang='lat' dir='ltr'><strong>It.</strong></span> <span class='ocrx_word' id='word_1_616' title='bbox 1017 3723 1070 3776; x_wconf 92' lang='lat'><strong>8.</strong></span> <span class='ocrx_word' id='word_1_617' title='bbox 1104 3721 1483 3789; x_wconf 81' lang='lat' dir='ltr'><strong>Recapitulatio</strong></span> <span class='ocrx_word' id='word_1_618' title='bbox 1516 3722 1794 3776; x_wconf 86' lang='lat' dir='ltr'><strong>ordinatio-</strong></span> 
     </span>
    </p>
   </div>
   <div class='ocr_carea' id='block_1_89' title="bbox 195 3788 1790 3858">
    <p class='ocr_par' dir='ltr' id='par_1_89' title="bbox 195 3788 1790 3858">
     <span class='ocr_line' id='line_1_92' title="bbox 195 3788 1790 3858; baseline 0.001 -14"><span class='ocrx_word' id='word_1_619' title='bbox 195 3805 329 3844; x_wconf 74' lang='lat' dir='ltr'><strong>nusss</strong></span> <span class='ocrx_word' id='word_1_620' title='bbox 376 3788 671 3858; x_wconf 73' lang='lat' dir='ltr'><strong>oﬂicialium</strong></span> <span class='ocrx_word' id='word_1_621' title='bbox 719 3791 982 3846; x_wconf 65' lang='lat' dir='ltr'><strong>Ecclesia.</strong></span> <span class='ocrx_word' id='word_1_622' title='bbox 1028 3792 1091 3845; x_wconf 85' lang='lat' dir='ltr'><strong>Ili</strong></span> <span class='ocrx_word' id='word_1_623' title='bbox 1135 3788 1252 3845; x_wconf 85' lang='lat' dir='ltr'><strong>duo</strong></span> <span class='ocrx_word' id='word_1_624' title='bbox 1290 3793 1497 3844; x_wconf 86' lang='lat' dir='ltr'><strong>numeri</strong></span> <span class='ocrx_word' id='word_1_625' title='bbox 1535 3792 1586 3844; x_wconf 90' lang='lat' dir='ltr'><strong>in</strong></span> <span class='ocrx_word' id='word_1_626' title='bbox 1630 3807 1790 3846; x_wconf 90' lang='lat' dir='ltr'><strong>unum</strong></span> 
     </span>
    </p>
   </div>
   <div class='ocr_carea' id='block_1_90' title="bbox 193 3860 1794 3930">
    <p class='ocr_par' dir='ltr' id='par_1_90' title="bbox 193 3860 1794 3930">
     <span class='ocr_line' id='line_1_93' title="bbox 193 3860 1794 3930; baseline 0.001 -16"><span class='ocrx_word' id='word_1_627' title='bbox 193 3863 501 3930; x_wconf 78' lang='lat' dir='ltr'><strong>iunguntur</strong></span> <span class='ocrx_word' id='word_1_628' title='bbox 539 3863 589 3914; x_wconf 92' lang='lat' dir='ltr'><strong>in</strong></span> <span class='ocrx_word' id='word_1_629' title='bbox 619 3862 831 3916; x_wconf 59' lang='lat' dir='ltr'><strong>collect.</strong></span> <span class='ocrx_word' id='word_1_630' title='bbox 868 3862 988 3917; x_wconf 87' lang='lat' dir='ltr'><strong>Vat.</strong></span> <span class='ocrx_word' id='word_1_631' title='bbox 1023 3860 1308 3917; x_wconf 88' lang='lat' dir='ltr'><strong>Barberina</strong></span> <span class='ocrx_word' id='word_1_632' title='bbox 1341 3878 1396 3914; x_wconf 85' lang='grc' dir='ltr'><strong>η.</strong></span> <span class='ocrx_word' id='word_1_633' title='bbox 1435 3861 1526 3914; x_wconf 73' lang='lat'><strong>27.</strong></span> <span class='ocrx_word' id='word_1_634' title='bbox 1556 3861 1794 3916; x_wconf 87' lang='lat' dir='ltr'><strong>Edetttur</strong></span> 
     </span>
    </p>
   </div>
   <div class='ocr_carea' id='block_1_91' title="bbox 193 3931 1472 3994">
    <p class='ocr_par' dir='ltr' id='par_1_91' title="bbox 193 3931 1472 3994">
     <span class='ocr_line' id='line_1_94' title="bbox 193 3931 1472 3994; baseline 0 -10"><span class='ocrx_word' id='word_1_635' title='bbox 193 3934 347 3986; x_wconf 84' lang='lat' dir='ltr'><strong>inter</strong></span> <span class='ocrx_word' id='word_1_636' title='bbox 377 3931 586 3984; x_wconf 86' lang='lat' dir='ltr'><strong>laudata</strong></span> <span class='ocrx_word' id='word_1_637' title='bbox 616 3933 935 3986; x_wconf 88' lang='lat' dir='ltr'><strong>documenta</strong></span> <span class='ocrx_word' id='word_1_638' title='bbox 965 3949 1114 3986; x_wconf 82' lang='lat' dir='ltr'><strong>num.</strong></span> <span class='ocrx_word' id='word_1_639' title='bbox 1139 3932 1316 3994; x_wconf 75' lang='lat' dir='ltr'><strong>5,co|.</strong></span> <span class='ocrx_word' id='word_1_640' title='bbox 1344 3933 1472 3987; x_wconf 80' lang='grc'><strong>655.</strong></span> 
     </span>
    </p>
   </div>
   <div class='ocr_carea' id='block_1_92' title="bbox 261 4000 1788 4070">
    <p class='ocr_par' dir='ltr' id='par_1_92' title="bbox 261 4000 1788 4070">
     <span class='ocr_line' id='line_1_95' title="bbox 261 4000 1788 4070; baseline 0.001 -14"><span class='ocrx_word' id='word_1_641' title='bbox 261 4000 496 4056; x_wconf 88' lang='lat' dir='ltr'><strong>LXXII.</strong></span> <span class='ocrx_word' id='word_1_642' title='bbox 537 4002 589 4055; x_wconf 92' lang='lat' dir='ltr'><strong>In</strong></span> <span class='ocrx_word' id='word_1_643' title='bbox 619 4001 738 4056; x_wconf 87' lang='lat' dir='ltr'><strong>Vat.</strong></span> <span class='ocrx_word' id='word_1_644' title='bbox 773 4003 927 4057; x_wconf 91' lang='lat' dir='ltr'><strong>Dion.</strong></span> <span class='ocrx_word' id='word_1_645' title='bbox 955 4019 1008 4057; x_wconf 92' lang='lat' dir='ltr'><strong>n.</strong></span> <span class='ocrx_word' id='word_1_646' title='bbox 1035 4003 1090 4058; x_wconf 91' lang='lat'><strong>9.</strong></span> <span class='ocrx_word' id='word_1_647' title='bbox 1120 4001 1358 4068; x_wconf 89' lang='lat' dir='ltr'><strong>Epistola</strong></span> <span class='ocrx_word' id='word_1_648' title='bbox 1383 4003 1648 4066; x_wconf 88' lang='lat' dir='ltr'><strong>canonica,</strong></span> <span class='ocrx_word' id='word_1_649' title='bbox 1675 4019 1788 4070; x_wconf 75' lang='lat' dir='ltr'><strong>qua:</strong></span> 
     </span>
    </p>
   </div>
   <div class='ocr_carea' id='block_1_93' title="bbox 195 4071 1789 4142">
    <p class='ocr_par' dir='ltr' id='par_1_93' title="bbox 195 4071 1789 4142">
     <span class='ocr_line' id='line_1_96' title="bbox 195 4071 1789 4142; baseline 0.003 -19"><span class='ocrx_word' id='word_1_650' title='bbox 195 4074 421 4124; x_wconf 71' lang='lat' dir='ltr'><strong>debeant</strong></span> <span class='ocrx_word' id='word_1_651' title='bbox 448 4073 746 4142; x_wconf 81' lang='lat' dir='ltr'><strong>presbyteri,</strong></span> <span class='ocrx_word' id='word_1_652' title='bbox 775 4074 1003 4137; x_wconf 87' lang='lat' dir='ltr'><strong>diaconi,</strong></span> <span class='ocrx_word' id='word_1_653' title='bbox 1045 4083 1090 4125; x_wconf 89' lang='lat' dir='ltr'><strong>et</strong></span> <span class='ocrx_word' id='word_1_654' title='bbox 1112 4071 1432 4127; x_wconf 76' lang='lat' dir='ltr'><strong>subditiconi.</strong></span> <span class='ocrx_word' id='word_1_655' title='bbox 1465 4074 1558 4127; x_wconf 87' lang='lat' dir='ltr'><strong>Est</strong></span> <span class='ocrx_word' id='word_1_656' title='bbox 1587 4077 1637 4127; x_wconf 91' lang='lat' dir='ltr'><strong>in</strong></span> <span class='ocrx_word' id='word_1_657' title='bbox 1665 4075 1789 4128; x_wconf 77' lang='lat' dir='ltr'><strong>Coll.</strong></span> 
     </span>
    </p>
   </div>
   <div class='ocr_carea' id='block_1_94' title="bbox 197 4142 1791 4214">
    <p class='ocr_par' dir='ltr' id='par_1_94' title="bbox 197 4142 1791 4214">
     <span class='ocr_line' id='line_1_97' title="bbox 197 4142 1791 4214; baseline 0.005 -22"><span class='ocrx_word' id='word_1_658' title='bbox 197 4142 326 4194; x_wconf 77' lang='lat' dir='ltr'><strong>Vat.</strong></span> <span class='ocrx_word' id='word_1_659' title='bbox 359 4143 610 4214; x_wconf 82' lang='lat' dir='ltr'><strong>Barli._n.</strong></span> <span class='ocrx_word' id='word_1_660' title='bbox 640 4142 727 4197; x_wconf 77' lang='lat'><strong>50.</strong></span> <span class='ocrx_word' id='word_1_661' title='bbox 754 4143 904 4214; x_wconf 22' lang='lat' dir='ltr'><strong>Aliaec</strong></span> <span class='ocrx_word' id='word_1_662' title='bbox 933 4143 1134 4214; x_wconf 83' lang='lat' dir='ltr'><strong>pariter</strong></span> <span class='ocrx_word' id='word_1_663' title='bbox 1181 4145 1483 4201; x_wconf 84' lang='lat' dir='ltr'><strong>invenietur</strong></span> <span class='ocrx_word' id='word_1_664' title='bbox 1526 4145 1580 4199; x_wconf 91' lang='lat' dir='ltr'><strong>in</strong></span> <span class='ocrx_word' id='word_1_665' title='bbox 1621 4143 1791 4200; x_wconf 89' lang='lat' dir='ltr'><strong>docu-</strong></span> 
     </span>
    </p>
   </div>
   <div class='ocr_carea' id='block_1_95' title="bbox 195 4212 868 4281">
    <p class='ocr_par' dir='ltr' id='par_1_95' title="bbox 195 4212 868 4281">
     <span class='ocr_line' id='line_1_98' title="bbox 195 4212 868 4281; baseline 0 -15"><span class='ocrx_word' id='word_1_666' title='bbox 195 4217 404 4267; x_wconf 76' lang='lat' dir='ltr'><strong>mentis</strong></span> <span class='ocrx_word' id='word_1_667' title='bbox 434 4228 489 4266; x_wconf 83' lang='grc' dir='ltr'><strong>η.</strong></span> <span class='ocrx_word' id='word_1_668' title='bbox 519 4212 576 4281; x_wconf 75' lang='grc'><strong>4,</strong></span> <span class='ocrx_word' id='word_1_669' title='bbox 608 4213 710 4266; x_wconf 88' lang='lat' dir='ltr'><strong>col.</strong></span> <span class='ocrx_word' id='word_1_670' title='bbox 741 4212 868 4267; x_wconf 83' lang='lat'><strong>669.</strong></span> 
     </span>
    </p>
   </div>
   <div class='ocr_carea' id='block_1_96' title="bbox 267 4282 1811 4354">
    <p class='ocr_par' dir='ltr' id='par_1_96' title="bbox 267 4282 1811 4354">
     <span class='ocr_line' id='line_1_99' title="bbox 267 4282 1811 4354; baseline 0.001 -17"><span class='ocrx_word' id='word_1_671' title='bbox 267 4282 511 4354; x_wconf 73' lang='lat' dir='ltr'><strong>LXXIII.</strong></span> <span class='ocrx_word' id='word_1_672' title='bbox 542 4285 596 4346; x_wconf 87' lang='lat' dir='ltr'><strong>In</strong></span> <span class='ocrx_word' id='word_1_673' title='bbox 632 4282 752 4336; x_wconf 77' lang='lat' dir='ltr'><strong>Vat.</strong></span> <span class='ocrx_word' id='word_1_674' title='bbox 789 4285 942 4338; x_wconf 91' lang='lat' dir='ltr'><strong>Dion.</strong></span> <span class='ocrx_word' id='word_1_675' title='bbox 974 4299 1029 4336; x_wconf 95' lang='lat' dir='ltr'><strong>n.</strong></span> <span class='ocrx_word' id='word_1_676' title='bbox 1063 4282 1149 4339; x_wconf 82' lang='lat' dir='ltr'><strong>I0.</strong></span> <span class='ocrx_word' id='word_1_677' title='bbox 1201 4282 1464 4354; x_wconf 85' lang='lat' dir='ltr'><strong>Depositio</strong></span> <span class='ocrx_word' id='word_1_678' title='bbox 1499 4283 1811 4339; x_wconf 73' lang='lat' dir='ltr'><strong>Marcellini.</strong></span> 
     </span>
    </p>
   </div>
   <div class='ocr_carea' id='block_1_97' title="bbox 197 4353 1218 4422">
    <p class='ocr_par' dir='ltr' id='par_1_97' title="bbox 197 4353 1218 4422">
     <span class='ocr_line' id='line_1_100' title="bbox 197 4353 1218 4422; baseline 0.001 -17"><span class='ocrx_word' id='word_1_679' title='bbox 197 4370 368 4422; x_wconf 69' lang='lat' dir='ltr'><strong>papae.</strong></span> <span class='ocrx_word' id='word_1_680' title='bbox 403 4353 591 4407; x_wconf 79' lang='lat' dir='ltr'><strong>Exstat</strong></span> <span class='ocrx_word' id='word_1_681' title='bbox 620 4355 672 4407; x_wconf 90' lang='lat' dir='ltr'><strong>in</strong></span> <span class='ocrx_word' id='word_1_682' title='bbox 707 4354 824 4408; x_wconf 87' lang='lat' dir='ltr'><strong>Vat.</strong></span> <span class='ocrx_word' id='word_1_683' title='bbox 857 4355 998 4408; x_wconf 86' lang='lat' dir='ltr'><strong>Barb</strong></span> <span class='ocrx_word' id='word_1_684' title='bbox 1045 4370 1097 4406; x_wconf 94' lang='lat' dir='ltr'><strong>n.</strong></span> <span class='ocrx_word' id='word_1_685' title='bbox 1132 4355 1218 4408; x_wconf 78' lang='grc'><strong>55.</strong></span> 
     </span>
    </p>
   </div>
   <div class='ocr_carea' id='block_1_98' title="bbox 274 4421 1872 4515">
    <p class='ocr_par' dir='ltr' id='par_1_98' title="bbox 274 4421 1872 4515">
     <span class='ocr_line' id='line_1_101' title="bbox 274 4421 1872 4515; baseline 0 0"><span class='ocrx_word' id='word_1_686' title='bbox 274 4421 1792 4515; x_wconf 49' lang='grc' dir='ltr'><strong>[ἐξ]ῐοέξιΧξξε.υίειξε.9ε¹1τ,ιξτῇρξεςξέεξξιξίιτῐιρίέςεφ</strong></span> <span class='ocrx_word' id='word_1_687' title='bbox 1819 4455 1872 4515; x_wconf 81' lang='grc' dir='ltr'><strong>ι)</strong></span> 
     </span>
    </p>
   </div>
   <div class='ocr_carea' id='block_1_99' title="bbox 203 4493 1789 4562">
    <p class='ocr_par' dir='ltr' id='par_1_99' title="bbox 203 4493 1789 4562">
     <span class='ocr_line' id='line_1_102' title="bbox 203 4493 1789 4562; baseline 0.002 -18"><span class='ocrx_word' id='word_1_688' title='bbox 203 4497 432 4562; x_wconf 77' lang='lat' dir='ltr'><strong>formata</strong></span> <span class='ocrx_word' id='word_1_689' title='bbox 457 4495 573 4560; x_wconf 80' lang='lat' dir='ltr'><strong>ﬁeri</strong></span> <span class='ocrx_word' id='word_1_690' title='bbox 597 4495 795 4548; x_wconf 87' lang='lat' dir='ltr'><strong>debeat.</strong></span> <span class='ocrx_word' id='word_1_691' title='bbox 816 4493 1035 4548; x_wconf 82' lang='lat' dir='ltr'><strong>Factum</strong></span> <span class='ocrx_word' id='word_1_692' title='bbox 1057 4496 1198 4559; x_wconf 90' lang='lat' dir='ltr'><strong>apud</strong></span> <span class='ocrx_word' id='word_1_693' title='bbox 1221 4494 1450 4547; x_wconf 70' lang='lat' dir='ltr'><strong>Nicaeam</strong></span> <span class='ocrx_word' id='word_1_694' title='bbox 1472 4497 1789 4562; x_wconf 84' lang='lat' dir='ltr'><strong>metmpolim</strong></span> 
     </span>
    </p>
   </div>
   <div class='ocr_carea' id='block_1_100' title="bbox 201 4563 1812 4634">
    <p class='ocr_par' dir='ltr' id='par_1_100' title="bbox 201 4563 1812 4634">
     <span class='ocr_line' id='line_1_103' title="bbox 201 4563 1812 4634; baseline 0.002 -15"><span class='ocrx_word' id='word_1_695' title='bbox 201 4563 480 4633; x_wconf 79' lang='lat' dir='ltr'><strong>Bithynice,</strong></span> <span class='ocrx_word' id='word_1_696' title='bbox 527 4575 659 4628; x_wconf 85' lang='lat' dir='ltr'><strong>etc.,</strong></span> <span class='ocrx_word' id='word_1_697' title='bbox 708 4566 782 4619; x_wconf 90' lang='lat' dir='ltr'><strong>uti</strong></span> <span class='ocrx_word' id='word_1_698' title='bbox 815 4566 868 4619; x_wconf 94' lang='lat' dir='ltr'><strong>in</strong></span> <span class='ocrx_word' id='word_1_699' title='bbox 895 4566 1024 4620; x_wconf 92' lang='lat' dir='ltr'><strong>coll.</strong></span> <span class='ocrx_word' id='word_1_700' title='bbox 1056 4566 1172 4619; x_wconf 88' lang='lat' dir='ltr'><strong>Vat.</strong></span> <span class='ocrx_word' id='word_1_701' title='bbox 1210 4565 1370 4619; x_wconf 87' lang='lat' dir='ltr'><strong>Barb.</strong></span> <span class='ocrx_word' id='word_1_702' title='bbox 1403 4580 1457 4619; x_wconf 80' lang='grc' dir='ltr'><strong>ιι.</strong></span> <span class='ocrx_word' id='word_1_703' title='bbox 1497 4567 1551 4632; x_wconf 85' lang='lat'><strong>&#39;5,</strong></span> <span class='ocrx_word' id='word_1_704' title='bbox 1580 4581 1688 4634; x_wconf 86' lang='lat' dir='ltr'><strong>quo</strong></span> <span class='ocrx_word' id='word_1_705' title='bbox 1718 4571 1812 4622; x_wconf 22' lang='lat' dir='ltr'><strong>le—v</strong></span> 
     </span>
    </p>
   </div>
   <div class='ocr_carea' id='block_1_101' title="bbox 205 4634 762 4688">
    <p class='ocr_par' dir='ltr' id='par_1_101' title="bbox 205 4634 762 4688">
     <span class='ocr_line' id='line_1_104' title="bbox 205 4634 762 4688; baseline 0 0"><span class='ocrx_word' id='word_1_706' title='bbox 205 4647 382 4688; x_wconf 79' lang='lat' dir='ltr'><strong>clores</strong></span> <span class='ocrx_word' id='word_1_707' title='bbox 415 4634 762 4688; x_wconf 90' lang='lat' dir='ltr'><strong>remittimus.</strong></span> 
     </span>
    </p>
   </div>
   <div class='ocr_carea' id='block_1_102' title="bbox 274 4703 1790 4776">
    <p class='ocr_par' dir='ltr' id='par_1_102' title="bbox 274 4703 1790 4776">
     <span class='ocr_line' id='line_1_105' title="bbox 274 4703 1790 4776; baseline 0.001 -18"><span class='ocrx_word' id='word_1_708' title='bbox 274 4703 486 4776; x_wconf 72' lang='lat' dir='ltr'><strong>LXXV.</strong></span> <span class='ocrx_word' id='word_1_709' title='bbox 522 4705 575 4758; x_wconf 92' lang='lat' dir='ltr'><strong>In</strong></span> <span class='ocrx_word' id='word_1_710' title='bbox 612 4707 728 4759; x_wconf 85' lang='lat' dir='ltr'><strong>Vat.</strong></span> <span class='ocrx_word' id='word_1_711' title='bbox 759 4706 916 4776; x_wconf 80' lang='lat' dir='ltr'><strong>Dion.</strong></span> <span class='ocrx_word' id='word_1_712' title='bbox 952 4721 1006 4760; x_wconf 81' lang='grc' dir='ltr'><strong>η.</strong></span> <span class='ocrx_word' id='word_1_713' title='bbox 1037 4703 1124 4759; x_wconf 73' lang='grc'><strong>12.</strong></span> <span class='ocrx_word' id='word_1_714' title='bbox 1153 4704 1390 4775; x_wconf 77' lang='lat' dir='ltr'><strong>Epistula</strong></span> <span class='ocrx_word' id='word_1_715' title='bbox 1421 4704 1613 4758; x_wconf 85' lang='lat' dir='ltr'><strong>directa</strong></span> <span class='ocrx_word' id='word_1_716' title='bbox 1645 4723 1678 4758; x_wconf 93' lang='lat' dir='ltr'><strong>a</strong></span> <span class='ocrx_word' id='word_1_717' title='bbox 1705 4724 1790 4776; x_wconf 81' lang='lat' dir='ltr'><strong>sg-</strong></span> 
     </span>
    </p>
   </div>
   <div class='ocr_carea' id='block_1_103' title="bbox 208 4775 1789 4844">
    <p class='ocr_par' dir='ltr' id='par_1_103' title="bbox 208 4775 1789 4844">
     <span class='ocr_line' id='line_1_106' title="bbox 208 4775 1789 4844; baseline 0.004 -19"><span class='ocrx_word' id='word_1_718' title='bbox 208 4777 339 4826; x_wconf 73' lang='lat' dir='ltr'><strong>nodo</strong></span> <span class='ocrx_word' id='word_1_719' title='bbox 372 4775 572 4840; x_wconf 69' lang='lat' dir='ltr'><strong>Romae,</strong></span> <span class='ocrx_word' id='word_1_720' title='bbox 620 4781 737 4844; x_wconf 77' lang='lat' dir='ltr'><strong>lege</strong></span> <span class='ocrx_word' id='word_1_721' title='bbox 764 4775 1002 4829; x_wconf 84' lang='lat' dir='ltr'><strong>Romam.</strong></span> <span class='ocrx_word' id='word_1_722' title='bbox 1054 4777 1145 4830; x_wconf 86' lang='lat' dir='ltr'><strong>Est</strong></span> <span class='ocrx_word' id='word_1_723' title='bbox 1189 4776 1411 4842; x_wconf 68' lang='lat' dir='ltr'><strong>epistola</strong></span> <span class='ocrx_word' id='word_1_724' title='bbox 1454 4775 1789 4844; x_wconf 82' lang='lat' dir='ltr'><strong>supposititia</strong></span> 
     </span>
    </p>
   </div>
   <div class='ocr_carea' id='block_1_104' title="bbox 199 4845 1785 4915">
    <p class='ocr_par' dir='ltr' id='par_1_104' title="bbox 199 4845 1785 4915">
     <span class='ocr_line' id='line_1_107' title="bbox 199 4845 1785 4915; baseline 0.002 -17"><span class='ocrx_word' id='word_1_725' title='bbox 199 4845 392 4915; x_wconf 77' lang='lat' dir='ltr'><strong>synodi</strong></span> <span class='ocrx_word' id='word_1_726' title='bbox 427 4845 658 4900; x_wconf 65' lang='lat' dir='ltr'><strong>Nicaeum</strong></span> <span class='ocrx_word' id='word_1_727' title='bbox 699 4846 766 4900; x_wconf 89' lang='lat' dir='ltr'><strong>ad</strong></span> <span class='ocrx_word' id='word_1_728' title='bbox 819 4847 1139 4902; x_wconf 83' lang='lat' dir='ltr'><strong>Silvestrum</strong></span> <span class='ocrx_word' id='word_1_729' title='bbox 1181 4860 1370 4915; x_wconf 87' lang='lat' dir='ltr'><strong>papam</strong></span> <span class='ocrx_word' id='word_1_730' title='bbox 1413 4861 1534 4915; x_wconf 66' lang='lat' dir='ltr'><strong>qua:</strong></span> <span class='ocrx_word' id='word_1_731' title='bbox 1578 4846 1631 4902; x_wconf 89' lang='lat' dir='ltr'><strong>in</strong></span> <span class='ocrx_word' id='word_1_732' title='bbox 1660 4848 1785 4903; x_wconf 93' lang='lat' dir='ltr'><strong>coll.</strong></span> 
     </span>
    </p>
   </div>
   <div class='ocr_carea' id='block_1_105' title="bbox 250 4916 1001 4970">
    <p class='ocr_par' dir='ltr' id='par_1_105' title="bbox 250 4916 1001 4970">
     <span class='ocr_line' id='line_1_108' title="bbox 250 4916 1001 4970; baseline 0.003 -2"><span class='ocrx_word' id='word_1_733' title='bbox 250 4927 324 4968; x_wconf 84' lang='lat' dir='ltr'><strong>at.</strong></span> <span class='ocrx_word' id='word_1_734' title='bbox 360 4916 518 4969; x_wconf 82' lang='lat' dir='ltr'><strong>Barb.</strong></span> <span class='ocrx_word' id='word_1_735' title='bbox 551 4917 842 4970; x_wconf 74' lang='lat' dir='ltr'><strong>exhibetur</strong></span> <span class='ocrx_word' id='word_1_736' title='bbox 868 4933 923 4970; x_wconf 92' lang='lat' dir='ltr'><strong>n.</strong></span> <span class='ocrx_word' id='word_1_737' title='bbox 947 4917 1001 4970; x_wconf 70' lang='lat' dir='ltr'><strong>tl.</strong></span> 
     </span>
    </p>
   </div>
   <div class='ocr_carea' id='block_1_106' title="bbox 274 4983 1793 5054">
    <p class='ocr_par' dir='ltr' id='par_1_106' title="bbox 274 4983 1793 5054">
     <span class='ocr_line' id='line_1_109' title="bbox 274 4983 1793 5054; baseline 0.001 -15"><span class='ocrx_word' id='word_1_738' title='bbox 274 4985 512 5040; x_wconf 81' lang='lat' dir='ltr'><strong>LXXVI.</strong></span> <span class='ocrx_word' id='word_1_739' title='bbox 562 4985 616 5040; x_wconf 93' lang='lat' dir='ltr'><strong>In</strong></span> <span class='ocrx_word' id='word_1_740' title='bbox 643 4985 760 5040; x_wconf 87' lang='lat' dir='ltr'><strong>Vat.</strong></span> <span class='ocrx_word' id='word_1_741' title='bbox 797 4987 955 5041; x_wconf 79' lang='lat' dir='ltr'><strong>Dion.</strong></span> <span class='ocrx_word' id='word_1_742' title='bbox 991 5003 1043 5044; x_wconf 83' lang='grc' dir='ltr'><strong>η.</strong></span> <span class='ocrx_word' id='word_1_743' title='bbox 1072 4988 1157 5042; x_wconf 84' lang='grc'><strong>15.</strong></span> <span class='ocrx_word' id='word_1_744' title='bbox 1193 4983 1426 5054; x_wconf 77' lang='lat' dir='ltr'><strong>Epistula</strong></span> <span class='ocrx_word' id='word_1_745' title='bbox 1468 4985 1702 5041; x_wconf 83' lang='lat' dir='ltr'><strong>Silvestri</strong></span> <span class='ocrx_word' id='word_1_746' title='bbox 1725 4988 1793 5040; x_wconf 78' lang='lat' dir='ltr'><strong>ad</strong></span> 
     </span>
    </p>
   </div>
   <div class='ocr_carea' id='block_1_107' title="bbox 199 5055 1793 5127">
    <p class='ocr_par' dir='ltr' id='par_1_107' title="bbox 199 5055 1793 5127">
     <span class='ocr_line' id='line_1_110' title="bbox 199 5055 1793 5127; baseline 0.001 -18"><span class='ocrx_word' id='word_1_747' title='bbox 199 5058 482 5127; x_wconf 69' lang='lat' dir='ltr'><strong>synodum.</strong></span> <span class='ocrx_word' id='word_1_748' title='bbox 511 5055 635 5127; x_wconf 30' lang='lat' dir='ltr'><strong>AEst</strong></span> <span class='ocrx_word' id='word_1_749' title='bbox 678 5059 882 5125; x_wconf 87' lang='lat' dir='ltr'><strong>pariter</strong></span> <span class='ocrx_word' id='word_1_750' title='bbox 927 5058 1286 5126; x_wconf 85' lang='lat' dir='ltr'><strong>supposititia,</strong></span> <span class='ocrx_word' id='word_1_751' title='bbox 1347 5058 1416 5112; x_wconf 87' lang='lat' dir='ltr'><strong>de</strong></span> <span class='ocrx_word' id='word_1_752' title='bbox 1460 5072 1560 5127; x_wconf 83' lang='lat' dir='ltr'><strong>qua</strong></span> <span class='ocrx_word' id='word_1_753' title='bbox 1610 5057 1793 5114; x_wconf 64' lang='lat' dir='ltr'><strong>tonIer</strong></span> 
     </span>
    </p>
   </div>
   <div class='ocr_carea' id='block_1_108' title="bbox 197 5125 844 5182">
    <p class='ocr_par' dir='ltr' id='par_1_108' title="bbox 197 5125 844 5182">
     <span class='ocr_line' id='line_1_111' title="bbox 197 5125 844 5182; baseline 0 -2"><span class='ocrx_word' id='word_1_754' title='bbox 197 5128 330 5180; x_wconf 90' lang='lat' dir='ltr'><strong>coll.</strong></span> <span class='ocrx_word' id='word_1_755' title='bbox 362 5125 478 5179; x_wconf 80' lang='lat' dir='ltr'><strong>Vat.</strong></span> <span class='ocrx_word' id='word_1_756' title='bbox 508 5125 666 5179; x_wconf 74' lang='lat' dir='ltr'><strong>Bari).</strong></span> <span class='ocrx_word' id='word_1_757' title='bbox 704 5146 758 5180; x_wconf 84' lang='lat' dir='ltr'><strong>ll.</strong></span> <span class='ocrx_word' id='word_1_758' title='bbox 790 5129 844 5182; x_wconf 86' lang='lat'><strong>5.</strong></span> 
     </span>
    </p>
   </div>
   <div class='ocr_carea' id='block_1_109' title="bbox 271 5195 1794 5254">
    <p class='ocr_par' dir='ltr' id='par_1_109' title="bbox 271 5195 1794 5254">
     <span class='ocr_line' id='line_1_112' title="bbox 271 5195 1794 5254; baseline 0 -4"><span class='ocrx_word' id='word_1_759' title='bbox 271 5195 529 5250; x_wconf 88' lang='lat' dir='ltr'><strong>LXXVII.</strong></span> <span class='ocrx_word' id='word_1_760' title='bbox 565 5197 618 5250; x_wconf 87' lang='lat' dir='ltr'><strong>In</strong></span> <span class='ocrx_word' id='word_1_761' title='bbox 662 5196 777 5251; x_wconf 89' lang='lat' dir='ltr'><strong>Vat.</strong></span> <span class='ocrx_word' id='word_1_762' title='bbox 811 5197 966 5252; x_wconf 90' lang='lat' dir='ltr'><strong>Dion.</strong></span> <span class='ocrx_word' id='word_1_763' title='bbox 995 5213 1052 5254; x_wconf 85' lang='grc' dir='ltr'><strong>η.</strong></span> <span class='ocrx_word' id='word_1_764' title='bbox 1080 5196 1167 5252; x_wconf 68' lang='grc'><strong>14.</strong></span> <span class='ocrx_word' id='word_1_765' title='bbox 1197 5195 1427 5251; x_wconf 84' lang='lat' dir='ltr'><strong>Canones</strong></span> <span class='ocrx_word' id='word_1_766' title='bbox 1467 5197 1530 5253; x_wconf 89' lang='lat' dir='ltr'><strong>S.</strong></span> <span class='ocrx_word' id='word_1_767' title='bbox 1559 5196 1794 5252; x_wconf 81' lang='lat' dir='ltr'><strong>Silvestri</strong></span> 
     </span>
    </p>
   </div>
   <div class='ocr_carea' id='block_1_110' title="bbox 202 5266 1792 5338">
    <p class='ocr_par' dir='ltr' id='par_1_110' title="bbox 202 5266 1792 5338">
     <span class='ocr_line' id='line_1_113' title="bbox 202 5266 1792 5338; baseline 0.001 -20"><span class='ocrx_word' id='word_1_768' title='bbox 202 5266 452 5338; x_wconf 80' lang='lat' dir='ltr'><strong>episcopi.</strong></span> <span class='ocrx_word' id='word_1_769' title='bbox 498 5268 1140 5338; x_wconf 9' lang='lat' dir='ltr'><strong>Suntittiardocumenta</strong></span> <span class='ocrx_word' id='word_1_770' title='bbox 1181 5269 1509 5338; x_wconf 83' lang='lat' dir='ltr'><strong>apocrypha.</strong></span> <span class='ocrx_word' id='word_1_771' title='bbox 1552 5267 1792 5322; x_wconf 82' lang='lat' dir='ltr'><strong>Primum</strong></span> 
     </span>
    </p>
   </div>
   <div class='ocr_carea' id='block_1_111' title="bbox 196 5337 1784 5405">
    <p class='ocr_par' dir='ltr' id='par_1_111' title="bbox 196 5337 1784 5405">
     <span class='ocr_line' id='line_1_114' title="bbox 196 5337 1784 5405; baseline 0.001 -15"><span class='ocrx_word' id='word_1_772' title='bbox 196 5347 254 5390; x_wconf 90' lang='lat' dir='ltr'><strong>et</strong></span> <span class='ocrx_word' id='word_1_773' title='bbox 285 5337 500 5390; x_wconf 86' lang='lat' dir='ltr'><strong>tertium</strong></span> <span class='ocrx_word' id='word_1_774' title='bbox 528 5337 667 5405; x_wconf 88' lang='lat' dir='ltr'><strong>apud</strong></span> <span class='ocrx_word' id='word_1_775' title='bbox 699 5337 757 5391; x_wconf 79' lang='grc' dir='ltr'><strong>Ρ.</strong></span> <span class='ocrx_word' id='word_1_776' title='bbox 777 5337 1146 5392; x_wconf 85' lang='lat' dir='ltr'><strong>Constantium</strong></span> <span class='ocrx_word' id='word_1_777' title='bbox 1173 5349 1227 5392; x_wconf 89' lang='lat' dir='ltr'><strong>et</strong></span> <span class='ocrx_word' id='word_1_778' title='bbox 1250 5337 1524 5405; x_wconf 78' lang='lat' dir='ltr'><strong>Labbeum</strong></span> <span class='ocrx_word' id='word_1_779' title='bbox 1551 5339 1784 5405; x_wconf 82' lang='lat' dir='ltr'><strong>vulgata,</strong></span> 
     </span>
    </p>
   </div>
   <div class='ocr_carea' id='block_1_112' title="bbox 199 5402 1790 5474">
    <p class='ocr_par' dir='ltr' id='par_1_112' title="bbox 199 5402 1790 5474">
     <span class='ocr_line' id='line_1_115' title="bbox 199 5402 1790 5474; baseline 0.002 -16"><span class='ocrx_word' id='word_1_780' title='bbox 199 5407 294 5459; x_wconf 56' lang='lat' dir='ltr'><strong>iv‘la</strong></span> <span class='ocrx_word' id='word_1_781' title='bbox 323 5417 450 5460; x_wconf 85' lang='lat' dir='ltr'><strong>sunt</strong></span> <span class='ocrx_word' id='word_1_782' title='bbox 473 5409 540 5460; x_wconf 88' lang='lat' dir='ltr'><strong>de</strong></span> <span class='ocrx_word' id='word_1_783' title='bbox 561 5402 762 5474; x_wconf 76' lang='lat' dir='ltr'><strong>quibus</strong></span> <span class='ocrx_word' id='word_1_784' title='bbox 791 5410 1024 5462; x_wconf 81' lang='lat' dir='ltr'><strong>diximus</strong></span> <span class='ocrx_word' id='word_1_785' title='bbox 1052 5407 1106 5462; x_wconf 92' lang='lat' dir='ltr'><strong>in</strong></span> <span class='ocrx_word' id='word_1_786' title='bbox 1136 5408 1326 5463; x_wconf 87' lang='lat' dir='ltr'><strong>eadem</strong></span> <span class='ocrx_word' id='word_1_787' title='bbox 1355 5402 1480 5462; x_wconf 83' lang='lat' dir='ltr'><strong>coll.</strong></span> <span class='ocrx_word' id='word_1_788' title='bbox 1512 5402 1790 5461; x_wconf 28' lang='lat' dir='ltr'><strong>Vat.‘Bar-</strong></span> 
     </span>
    </p>
   </div>
   <div class='ocr_carea' id='block_1_113' title="bbox 198 5477 1786 5546">
    <p class='ocr_par' dir='ltr' id='par_1_113' title="bbox 198 5477 1786 5546">
     <span class='ocr_line' id='line_1_116' title="bbox 198 5477 1786 5546; baseline 0 -16"><span class='ocrx_word' id='word_1_789' title='bbox 198 5479 384 5530; x_wconf 48' lang='lat' dir='ltr'><strong>b-‘rina</strong></span> <span class='ocrx_word' id='word_1_790' title='bbox 418 5493 468 5529; x_wconf 79' lang='grc' dir='ltr'><strong>η.</strong></span> <span class='ocrx_word' id='word_1_791' title='bbox 506 5477 558 5531; x_wconf 86' lang='lat'><strong>6.</strong></span> <span class='ocrx_word' id='word_1_792' title='bbox 585 5477 894 5533; x_wconf 87' lang='lat' dir='ltr'><strong>Secundum</strong></span> <span class='ocrx_word' id='word_1_793' title='bbox 933 5478 1083 5542; x_wconf 83' lang='lat' dir='ltr'><strong>vero,</strong></span> <span class='ocrx_word' id='word_1_794' title='bbox 1115 5479 1256 5546; x_wconf 87' lang='lat' dir='ltr'><strong>quod</strong></span> <span class='ocrx_word' id='word_1_795' title='bbox 1300 5480 1490 5534; x_wconf 87' lang='lat' dir='ltr'><strong>eodem</strong></span> <span class='ocrx_word' id='word_1_796' title='bbox 1537 5478 1786 5542; x_wconf 76' lang='lat' dir='ltr'><strong>refertur,</strong></span> 
     </span>
    </p>
   </div>
   <div class='ocr_carea' id='block_1_114' title="bbox 197 5548 1787 5619">
    <p class='ocr_par' dir='ltr' id='par_1_114' title="bbox 197 5548 1787 5619">
     <span class='ocr_line' id='line_1_117' title="bbox 197 5548 1787 5619; baseline 0.002 -21"><span class='ocrx_word' id='word_1_797' title='bbox 197 5549 324 5601; x_wconf 75' lang='lat' dir='ltr'><strong>licet</strong></span> <span class='ocrx_word' id='word_1_798' title='bbox 348 5549 591 5602; x_wconf 87' lang='lat' dir='ltr'><strong>omnium</strong></span> <span class='ocrx_word' id='word_1_799' title='bbox 625 5551 860 5603; x_wconf 79' lang='lat' dir='ltr'><strong>maxime</strong></span> <span class='ocrx_word' id='word_1_800' title='bbox 888 5551 1313 5619; x_wconf 85' lang='lat' dir='ltr'><strong>suppostioueut</strong></span> <span class='ocrx_word' id='word_1_801' title='bbox 1359 5548 1628 5619; x_wconf 66' lang='lat' dir='ltr'><strong>praeferat,</strong></span> <span class='ocrx_word' id='word_1_802' title='bbox 1667 5564 1787 5602; x_wconf 90' lang='lat' dir='ltr'><strong>cum</strong></span> 
     </span>
    </p>
   </div>
   <div class='ocr_carea' id='block_1_115' title="bbox 199 5618 1792 5681">
    <p class='ocr_par' dir='ltr' id='par_1_115' title="bbox 199 5618 1792 5681">
     <span class='ocr_line' id='line_1_118' title="bbox 199 5618 1792 5681; baseline 0.002 -12"><span class='ocrx_word' id='word_1_803' title='bbox 199 5628 376 5674; x_wconf 76' lang='lat' dir='ltr'><strong>timeo</strong></span> <span class='ocrx_word' id='word_1_804' title='bbox 405 5635 435 5674; x_wconf 88' lang='lat' dir='ltr'><strong>a</strong></span> <span class='ocrx_word' id='word_1_805' title='bbox 462 5619 783 5673; x_wconf 87' lang='lat' dir='ltr'><strong>memoratis</strong></span> <span class='ocrx_word' id='word_1_806' title='bbox 829 5618 964 5674; x_wconf 86' lang='lat' dir='ltr'><strong>viris</strong></span> <span class='ocrx_word' id='word_1_807' title='bbox 986 5622 1258 5674; x_wconf 82' lang='lat' dir='ltr'><strong>inventum</strong></span> <span class='ocrx_word' id='word_1_808' title='bbox 1290 5635 1395 5673; x_wconf 88' lang='lat' dir='ltr'><strong>non</strong></span> <span class='ocrx_word' id='word_1_809' title='bbox 1428 5618 1611 5681; x_wconf 87' lang='lat' dir='ltr'><strong>fuerit,</strong></span> <span class='ocrx_word' id='word_1_810' title='bbox 1657 5619 1792 5673; x_wconf 89' lang='lat' dir='ltr'><strong>alio-</strong></span> 
     </span>
    </p>
   </div>
   <div class='ocr_carea' id='block_1_116' title="bbox 198 5689 1804 5759">
    <p class='ocr_par' dir='ltr' id='par_1_116' title="bbox 198 5689 1804 5759">
     <span class='ocr_line' id='line_1_119' title="bbox 198 5689 1804 5759; baseline 0.002 -18"><span class='ocrx_word' id='word_1_811' title='bbox 198 5703 423 5756; x_wconf 73' lang='lat' dir='ltr'><strong>rumque</strong></span> <span class='ocrx_word' id='word_1_812' title='bbox 471 5690 900 5758; x_wconf 84' lang='lat' dir='ltr'><strong>suppositionem</strong></span> <span class='ocrx_word' id='word_1_813' title='bbox 949 5691 1122 5759; x_wconf 76' lang='lat' dir='ltr'><strong>magis</strong></span> <span class='ocrx_word' id='word_1_814' title='bbox 1170 5690 1446 5759; x_wconf 76' lang='lat' dir='ltr'><strong>magisque</strong></span> <span class='ocrx_word' id='word_1_815' title='bbox 1489 5689 1804 5755; x_wconf 73' lang='lat' dir='ltr'><strong>continuet,</strong></span> 
     </span>
    </p>
   </div>
   <div class='ocr_carea' id='block_1_117' title="bbox 1970 3155 3479 3226">
    <p class='ocr_par' dir='ltr' id='par_1_117' title="bbox 1970 3155 3479 3226">
     <span class='ocr_line' id='line_1_120' title="bbox 1970 3155 3479 3226; baseline -0.003 -14"><span class='ocrx_word' id='word_1_816' title='bbox 1970 3155 2245 3214; x_wconf 76' lang='lat' dir='ltr'><strong>LXXVIII.</strong></span> <span class='ocrx_word' id='word_1_817' title='bbox 2289 3158 2343 3212; x_wconf 93' lang='lat' dir='ltr'><strong>In</strong></span> <span class='ocrx_word' id='word_1_818' title='bbox 2374 3158 2494 3212; x_wconf 91' lang='lat' dir='ltr'><strong>Vat.</strong></span> <span class='ocrx_word' id='word_1_819' title='bbox 2530 3157 2685 3211; x_wconf 92' lang='lat' dir='ltr'><strong>Dion.</strong></span> <span class='ocrx_word' id='word_1_820' title='bbox 2717 3156 3073 3212; x_wconf 86' lang='lat' dir='ltr'><strong>desideratur.</strong></span> <span class='ocrx_word' id='word_1_821' title='bbox 3123 3155 3329 3226; x_wconf 72' lang='lat' dir='ltr'><strong>Regulm</strong></span> <span class='ocrx_word' id='word_1_822' title='bbox 3357 3172 3479 3208; x_wconf 86' lang='lat' dir='ltr'><strong>con-</strong></span> 
     </span>
    </p>
   </div>
   <div class='ocr_carea' id='block_1_118' title="bbox 1893 3226 3508 3298">
    <p class='ocr_par' dir='ltr' id='par_1_118' title="bbox 1893 3226 3508 3298">
     <span class='ocr_line' id='line_1_121' title="bbox 1893 3226 3508 3298; baseline -0.001 -16"><span class='ocrx_word' id='word_1_823' title='bbox 1893 3228 2002 3282; x_wconf 86' lang='lat' dir='ltr'><strong>cilii</strong></span> <span class='ocrx_word' id='word_1_824' title='bbox 2033 3230 2231 3284; x_wconf 66' lang='lat' dir='ltr'><strong>Nicaeui</strong></span> <span class='ocrx_word' id='word_1_825' title='bbox 2258 3231 2331 3284; x_wconf 74' lang='lat'><strong>‘20</strong></span> <span class='ocrx_word' id='word_1_826' title='bbox 2371 3229 2744 3298; x_wconf 81' lang='lat' dir='ltr'><strong>episcoporum,</strong></span> <span class='ocrx_word' id='word_1_827' title='bbox 2791 3245 2906 3293; x_wconf 72' lang='lat' dir='ltr'><strong>quia</strong></span> <span class='ocrx_word' id='word_1_828' title='bbox 2933 3229 2987 3282; x_wconf 84' lang='lat' dir='ltr'><strong>in</strong></span> <span class='ocrx_word' id='word_1_829' title='bbox 3029 3226 3208 3282; x_wconf 79' lang='lat' dir='ltr'><strong>Grteco</strong></span> <span class='ocrx_word' id='word_1_830' title='bbox 3263 3244 3360 3278; x_wconf 88' lang='lat' dir='ltr'><strong>non</strong></span> <span class='ocrx_word' id='word_1_831' title='bbox 3392 3229 3508 3280; x_wconf 50' lang='lat' dir='ltr'><strong>ham</strong></span> 
     </span>
    </p>
   </div>
   <div class='ocr_carea' id='block_1_119' title="bbox 1902 3298 3484 3364">
    <p class='ocr_par' dir='ltr' id='par_1_119' title="bbox 1902 3298 3484 3364">
     <span class='ocr_line' id='line_1_122' title="bbox 1902 3298 3484 3364; baseline -0.001 -12"><span class='ocrx_word' id='word_1_832' title='bbox 1902 3301 2102 3364; x_wconf 86' lang='lat' dir='ltr'><strong>bentur,</strong></span> <span class='ocrx_word' id='word_1_833' title='bbox 2133 3301 2222 3354; x_wconf 80' lang='lat' dir='ltr'><strong>sed</strong></span> <span class='ocrx_word' id='word_1_834' title='bbox 2249 3301 2302 3353; x_wconf 86' lang='lat' dir='ltr'><strong>in</strong></span> <span class='ocrx_word' id='word_1_835' title='bbox 2337 3299 2520 3354; x_wconf 89' lang='lat' dir='ltr'><strong>Latino</strong></span> <span class='ocrx_word' id='word_1_836' title='bbox 2546 3298 2869 3352; x_wconf 81' lang='lat' dir='ltr'><strong>inveniuntur</strong></span> <span class='ocrx_word' id='word_1_837' title='bbox 2904 3299 2998 3352; x_wconf 89' lang='lat' dir='ltr'><strong>ita.</strong></span> <span class='ocrx_word' id='word_1_838' title='bbox 3051 3298 3186 3354; x_wconf 78' lang='lat' dir='ltr'><strong>Sunt</strong></span> <span class='ocrx_word' id='word_1_839' title='bbox 3213 3299 3363 3351; x_wconf 76' lang='lat' dir='ltr'><strong>etiam</strong></span> <span class='ocrx_word' id='word_1_840' title='bbox 3407 3315 3484 3350; x_wconf 85' lang='lat' dir='ltr'><strong>re-</strong></span> 
     </span>
    </p>
   </div>
   <div class='ocr_carea' id='block_1_120' title="bbox 1893 3367 3478 3442">
    <p class='ocr_par' dir='ltr' id='par_1_120' title="bbox 1893 3367 3478 3442">
     <span class='ocr_line' id='line_1_123' title="bbox 1893 3367 3478 3442; baseline -0.002 -19"><span class='ocrx_word' id='word_1_841' title='bbox 1893 3371 2030 3442; x_wconf 73' lang='lat' dir='ltr'><strong>gulae</strong></span> <span class='ocrx_word' id='word_1_842' title='bbox 2075 3371 2595 3442; x_wconf 50' lang='lat' dir='ltr'><strong>ecclesiasticwjute</strong></span> <span class='ocrx_word' id='word_1_843' title='bbox 2622 3369 2676 3422; x_wconf 90' lang='lat' dir='ltr'><strong>in</strong></span> <span class='ocrx_word' id='word_1_844' title='bbox 2723 3369 2980 3442; x_wconf 79' lang='lat' dir='ltr'><strong>Africanis</strong></span> <span class='ocrx_word' id='word_1_845' title='bbox 3011 3367 3320 3442; x_wconf 82' lang='lat' dir='ltr'><strong>regionibus,</strong></span> <span class='ocrx_word' id='word_1_846' title='bbox 3349 3382 3478 3442; x_wconf 71' lang='lat' dir='ltr'><strong>etc.,</strong></span> 
     </span>
    </p>
   </div>
   <div class='ocr_carea' id='block_1_121' title="bbox 1894 3438 3483 3509">
    <p class='ocr_par' dir='ltr' id='par_1_121' title="bbox 1894 3438 3483 3509">
     <span class='ocr_line' id='line_1_124' title="bbox 1894 3438 3483 3509; baseline -0.002 -15"><span class='ocrx_word' id='word_1_847' title='bbox 1894 3438 1969 3494; x_wconf 77' lang='lat' dir='ltr'><strong>uti</strong></span> <span class='ocrx_word' id='word_1_848' title='bbox 1999 3457 2063 3496; x_wconf 80' lang='lat' dir='ltr'><strong>ex</strong></span> <span class='ocrx_word' id='word_1_849' title='bbox 2099 3458 2201 3496; x_wconf 89' lang='lat' dir='ltr'><strong>ms.</strong></span> <span class='ocrx_word' id='word_1_850' title='bbox 2236 3439 2356 3494; x_wconf 89' lang='lat' dir='ltr'><strong>Val.</strong></span> <span class='ocrx_word' id='word_1_851' title='bbox 2392 3439 2552 3504; x_wconf 67' lang='lat' dir='ltr'><strong>I357,</strong></span> <span class='ocrx_word' id='word_1_852' title='bbox 2581 3438 2845 3509; x_wconf 86' lang='lat' dir='ltr'><strong>integrum</strong></span> <span class='ocrx_word' id='word_1_853' title='bbox 2879 3440 2981 3494; x_wconf 85' lang='lat' dir='ltr'><strong>hoc</strong></span> <span class='ocrx_word' id='word_1_854' title='bbox 3010 3440 3302 3509; x_wconf 84' lang='lat' dir='ltr'><strong>capitulum</strong></span> <span class='ocrx_word' id='word_1_855' title='bbox 3329 3438 3483 3492; x_wconf 82' lang='lat' dir='ltr'><strong>dedi-</strong></span> 
     </span>
    </p>
   </div>
   <div class='ocr_carea' id='block_1_122' title="bbox 1895 3509 2776 3579">
    <p class='ocr_par' dir='ltr' id='par_1_122' title="bbox 1895 3509 2776 3579">
     <span class='ocr_line' id='line_1_125' title="bbox 1895 3509 2776 3579; baseline -0.002 -14"><span class='ocrx_word' id='word_1_856' title='bbox 1895 3527 2014 3565; x_wconf 82' lang='lat' dir='ltr'><strong>mus</strong></span> <span class='ocrx_word' id='word_1_857' title='bbox 2046 3511 2378 3566; x_wconf 81' lang='lat' dir='ltr'><strong>antecedenti</strong></span> <span class='ocrx_word' id='word_1_858' title='bbox 2402 3524 2519 3579; x_wconf 83' lang='lat' dir='ltr'><strong>cap.</strong></span> <span class='ocrx_word' id='word_1_859' title='bbox 2547 3509 2604 3572; x_wconf 73' lang='lat'><strong>‘2,</strong></span> <span class='ocrx_word' id='word_1_860' title='bbox 2639 3525 2692 3563; x_wconf 91' lang='lat' dir='ltr'><strong>n.</strong></span> <span class='ocrx_word' id='word_1_861' title='bbox 2723 3509 2776 3563; x_wconf 90' lang='lat'><strong>6.</strong></span> 
     </span>
    </p>
   </div>
   <div class='ocr_carea' id='block_1_123' title="bbox 1967 3576 3477 3647">
    <p class='ocr_par' dir='ltr' id='par_1_123' title="bbox 1967 3576 3477 3647">
     <span class='ocr_line' id='line_1_126' title="bbox 1967 3576 3477 3647; baseline -0.003 -12"><span class='ocrx_word' id='word_1_862' title='bbox 1967 3581 2205 3636; x_wconf 83' lang='lat' dir='ltr'><strong>LXXIX.</strong></span> <span class='ocrx_word' id='word_1_863' title='bbox 2269 3582 2378 3633; x_wconf 89' lang='lat' dir='ltr'><strong>Iloc</strong></span> <span class='ocrx_word' id='word_1_864' title='bbox 2428 3576 2639 3647; x_wconf 84' lang='lat' dir='ltr'><strong>quoque</strong></span> <span class='ocrx_word' id='word_1_865' title='bbox 2701 3579 2990 3644; x_wconf 87' lang='lat' dir='ltr'><strong>capitulum</strong></span> <span class='ocrx_word' id='word_1_866' title='bbox 3041 3579 3093 3632; x_wconf 90' lang='lat' dir='ltr'><strong>in</strong></span> <span class='ocrx_word' id='word_1_867' title='bbox 3146 3577 3264 3632; x_wconf 88' lang='lat' dir='ltr'><strong>Val.</strong></span> <span class='ocrx_word' id='word_1_868' title='bbox 3318 3576 3477 3630; x_wconf 88' lang='lat' dir='ltr'><strong>Dion.</strong></span> 
     </span>
    </p>
   </div>
   <div class='ocr_carea' id='block_1_124' title="bbox 1894 3647 3481 3729">
    <p class='ocr_par' dir='ltr' id='par_1_124' title="bbox 1894 3647 3481 3729">
     <span class='ocr_line' id='line_1_127' title="bbox 1894 3647 3481 3729; baseline -0.003 -23"><span class='ocrx_word' id='word_1_869' title='bbox 1894 3651 2069 3706; x_wconf 84' lang='lat' dir='ltr'><strong>deest.</strong></span> <span class='ocrx_word' id='word_1_870' title='bbox 2092 3651 2199 3704; x_wconf 68' lang='lat' dir='ltr'><strong>Lex.</strong></span> <span class='ocrx_word' id='word_1_871' title='bbox 2217 3652 2333 3729; x_wconf 39' lang='lat' dir='ltr'><strong>.lata</strong></span> <span class='ocrx_word' id='word_1_872' title='bbox 2358 3648 2680 3729; x_wconf 58' lang='lat' dir='ltr'><strong>Constantini</strong></span> <span class='ocrx_word' id='word_1_873' title='bbox 2699 3649 2912 3729; x_wconf 73' lang='lat' dir='ltr'><strong>Augusti</strong></span> <span class='ocrx_word' id='word_1_874' title='bbox 2937 3648 2999 3729; x_wconf 71' lang='lat' dir='ltr'><strong>de</strong></span> <span class='ocrx_word' id='word_1_875' title='bbox 3019 3649 3131 3729; x_wconf 71' lang='lat' dir='ltr'><strong>Arii</strong></span> <span class='ocrx_word' id='word_1_876' title='bbox 3156 3647 3481 3729; x_wconf 66' lang='lat' dir='ltr'><strong>dqmnatione</strong></span> 
     </span>
    </p>
   </div>
   <div class='ocr_carea' id='block_1_125' title="bbox 1895 3715 3505 3859">
    <p class='ocr_par' dir='ltr' id='par_1_125' title="bbox 1895 3715 3505 3859">
     <span class='ocr_line' id='line_1_128' title="bbox 1895 3715 3482 3790; baseline -0.003 -16"><span class='ocrx_word' id='word_1_877' title='bbox 1895 3731 2046 3788; x_wconf 86' lang='lat' dir='ltr'><strong>atque</strong></span> <span class='ocrx_word' id='word_1_878' title='bbox 2090 3721 2228 3774; x_wconf 86' lang='lat' dir='ltr'><strong>omni</strong></span> <span class='ocrx_word' id='word_1_879' title='bbox 2272 3721 2530 3790; x_wconf 87' lang='lat' dir='ltr'><strong>scriptura</strong></span> <span class='ocrx_word' id='word_1_880' title='bbox 2557 3717 2622 3772; x_wconf 90' lang='lat' dir='ltr'><strong>ab</strong></span> <span class='ocrx_word' id='word_1_881' title='bbox 2657 3734 2716 3771; x_wconf 84' lang='lat' dir='ltr'><strong>eo</strong></span> <span class='ocrx_word' id='word_1_882' title='bbox 2745 3715 2851 3788; x_wconf 72' lang='lat' dir='ltr'><strong>igni</strong></span> <span class='ocrx_word' id='word_1_883' title='bbox 2883 3718 3156 3771; x_wconf 88' lang='lat' dir='ltr'><strong>tradenda.</strong></span> <span class='ocrx_word' id='word_1_884' title='bbox 3190 3715 3482 3784; x_wconf 83' lang='lat' dir='ltr'><strong>Imperator</strong></span> 
     </span>
     <span class='ocr_line' id='line_1_129' title="bbox 1895 3787 3505 3859; baseline -0.007 -12"><span class='ocrx_word' id='word_1_885' title='bbox 1895 3790 2258 3847; x_wconf 85' lang='lat' dir='ltr'><strong>Constantinus</strong></span> <span class='ocrx_word' id='word_1_886' title='bbox 2286 3797 2535 3859; x_wconf 83' lang='lat' dir='ltr'><strong>angustus</strong></span> <span class='ocrx_word' id='word_1_887' title='bbox 2550 3789 2809 3859; x_wconf 86' lang='lat' dir='ltr'><strong>episcopis</strong></span> <span class='ocrx_word' id='word_1_888' title='bbox 2833 3797 2881 3842; x_wconf 90' lang='lat' dir='ltr'><strong>et</strong></span> <span class='ocrx_word' id='word_1_889' title='bbox 2915 3787 3164 3856; x_wconf 87' lang='lat' dir='ltr'><strong>plebibus.</strong></span> <span class='ocrx_word' id='word_1_890' title='bbox 3188 3787 3364 3853; x_wconf 84' lang='lat' dir='ltr'><strong>Arius,</strong></span> <span class='ocrx_word' id='word_1_891' title='bbox 3393 3790 3505 3858; x_wconf 31' lang='lat' dir='ltr'><strong>qui.</strong></span> 
     </span>
    </p>
   </div>
   <div class='ocr_carea' id='block_1_126' title="bbox 1895 3858 3483 3932">
    <p class='ocr_par' dir='ltr' id='par_1_126' title="bbox 1895 3858 3483 3932">
     <span class='ocr_line' id='line_1_130' title="bbox 1895 3858 3483 3932; baseline -0.001 -18"><span class='ocrx_word' id='word_1_892' title='bbox 1895 3863 2148 3932; x_wconf 79' lang='lat' dir='ltr'><strong>malignos</strong></span> <span class='ocrx_word' id='word_1_893' title='bbox 2180 3871 2224 3914; x_wconf 90' lang='lat' dir='ltr'><strong>et</strong></span> <span class='ocrx_word' id='word_1_894' title='bbox 2255 3858 2440 3932; x_wconf 79' lang='lat' dir='ltr'><strong>impios</strong></span> <span class='ocrx_word' id='word_1_895' title='bbox 2469 3858 2695 3932; x_wconf 87' lang='lat' dir='ltr'><strong>imitatus</strong></span> <span class='ocrx_word' id='word_1_896' title='bbox 2723 3868 2817 3932; x_wconf 83' lang='lat' dir='ltr'><strong>est,</strong></span> <span class='ocrx_word' id='word_1_897' title='bbox 2849 3867 2954 3932; x_wconf 76' lang='lat' dir='ltr'><strong>etc.</strong></span> <span class='ocrx_word' id='word_1_898' title='bbox 2991 3860 3081 3912; x_wconf 86' lang='lat' dir='ltr'><strong>Est</strong></span> <span class='ocrx_word' id='word_1_899' title='bbox 3110 3859 3310 3932; x_wconf 69' lang='lat' dir='ltr'><strong>inedita</strong></span> <span class='ocrx_word' id='word_1_900' title='bbox 3343 3861 3483 3932; x_wconf 84' lang='lat' dir='ltr'><strong>auti-</strong></span> 
     </span>
    </p>
   </div>
   <div class='ocr_carea' id='block_1_127' title="bbox 1897 3929 3483 4001">
    <p class='ocr_par' dir='ltr' id='par_1_127' title="bbox 1897 3929 3483 4001">
     <span class='ocr_line' id='line_1_131' title="bbox 1897 3929 3483 4001; baseline -0.004 -13"><span class='ocrx_word' id='word_1_901' title='bbox 1897 3949 1998 4001; x_wconf 92' lang='lat' dir='ltr'><strong>qua</strong></span> <span class='ocrx_word' id='word_1_902' title='bbox 2023 3929 2205 3987; x_wconf 62' lang='lat' dir='ltr'><strong>&#39;versio</strong></span> <span class='ocrx_word' id='word_1_903' title='bbox 2233 3929 2352 4000; x_wconf 78' lang='lat' dir='ltr'><strong>eius</strong></span> <span class='ocrx_word' id='word_1_904' title='bbox 2382 3929 2534 3998; x_wconf 73' lang='lat' dir='ltr'><strong>legis,</strong></span> <span class='ocrx_word' id='word_1_905' title='bbox 2566 3944 2684 4001; x_wconf 65' lang='lat' dir='ltr'><strong>quae</strong></span> <span class='ocrx_word' id='word_1_906' title='bbox 2705 3929 2774 4001; x_wconf 84' lang='lat' dir='ltr'><strong>in</strong></span> <span class='ocrx_word' id='word_1_907' title='bbox 2820 3931 3054 4001; x_wconf 79' lang='lat' dir='ltr'><strong>vulgatis</strong></span> <span class='ocrx_word' id='word_1_908' title='bbox 3087 3941 3141 3983; x_wconf 90' lang='lat' dir='ltr'><strong>et</strong></span> <span class='ocrx_word' id='word_1_909' title='bbox 3169 3929 3356 4001; x_wconf 66' lang='lat' dir='ltr'><strong>Graece</strong></span> <span class='ocrx_word' id='word_1_910' title='bbox 3388 3930 3483 3983; x_wconf 89' lang='lat' dir='ltr'><strong>ha-</strong></span> 
     </span>
    </p>
   </div>
   <div class='ocr_carea' id='block_1_128' title="bbox 1895 3999 3478 4067">
    <p class='ocr_par' dir='ltr' id='par_1_128' title="bbox 1895 3999 3478 4067">
     <span class='ocr_line' id='line_1_132' title="bbox 1895 3999 3478 4067; baseline -0.004 -9"><span class='ocrx_word' id='word_1_911' title='bbox 1895 3999 2050 4058; x_wconf 85' lang='lat' dir='ltr'><strong>betur</strong></span> <span class='ocrx_word' id='word_1_912' title='bbox 2075 4013 2128 4056; x_wconf 90' lang='lat' dir='ltr'><strong>et</strong></span> <span class='ocrx_word' id='word_1_913' title='bbox 2157 3999 2342 4058; x_wconf 77' lang='lat' dir='ltr'><strong>Latine</strong></span> <span class='ocrx_word' id='word_1_914' title='bbox 2371 4009 2484 4054; x_wconf 86' lang='lat' dir='ltr'><strong>tum</strong></span> <span class='ocrx_word' id='word_1_915' title='bbox 2512 4000 2652 4067; x_wconf 92' lang='lat' dir='ltr'><strong>apud</strong></span> <span class='ocrx_word' id='word_1_916' title='bbox 2696 3999 2972 4055; x_wconf 85' lang='lat' dir='ltr'><strong>Socratem</strong></span> <span class='ocrx_word' id='word_1_917' title='bbox 3005 4000 3098 4053; x_wconf 89' lang='lat' dir='ltr'><strong>lib.</strong></span> <span class='ocrx_word' id='word_1_918' title='bbox 3129 4016 3168 4063; x_wconf 89' lang='lat' dir='ltr'><strong>t,</strong></span> <span class='ocrx_word' id='word_1_919' title='bbox 3201 4015 3250 4052; x_wconf 79' lang='grc' dir='ltr'><strong>ο.</strong></span> <span class='ocrx_word' id='word_1_920' title='bbox 3282 4000 3334 4063; x_wconf 91' lang='lat'><strong>9,</strong></span> <span class='ocrx_word' id='word_1_921' title='bbox 3368 4010 3478 4052; x_wconf 87' lang='lat' dir='ltr'><strong>tttttt</strong></span> 
     </span>
    </p>
   </div>
   <div class='ocr_carea' id='block_1_129' title="bbox 1895 4069 3483 4140">
    <p class='ocr_par' dir='ltr' id='par_1_129' title="bbox 1895 4069 3483 4140">
     <span class='ocr_line' id='line_1_133' title="bbox 1895 4069 3483 4140; baseline -0.002 -14"><span class='ocrx_word' id='word_1_922' title='bbox 1895 4074 2034 4140; x_wconf 90' lang='lat' dir='ltr'><strong>apud</strong></span> <span class='ocrx_word' id='word_1_923' title='bbox 2078 4073 2348 4127; x_wconf 89' lang='lat' dir='ltr'><strong>Gelasium</strong></span> <span class='ocrx_word' id='word_1_924' title='bbox 2398 4069 2720 4140; x_wconf 82' lang='lat' dir='ltr'><strong>Cysicenum</strong></span> <span class='ocrx_word' id='word_1_925' title='bbox 2765 4071 2856 4124; x_wconf 82' lang='lat' dir='ltr'><strong>lih.</strong></span> <span class='ocrx_word' id='word_1_926' title='bbox 2908 4085 3039 4135; x_wconf 88' lang='lat' dir='ltr'><strong>tt,c.</strong></span> <span class='ocrx_word' id='word_1_927' title='bbox 3073 4072 3162 4126; x_wconf 79' lang='lat'><strong>36.</strong></span> <span class='ocrx_word' id='word_1_928' title='bbox 3207 4070 3397 4123; x_wconf 77' lang='lat' dir='ltr'><strong>ExSIat</strong></span> <span class='ocrx_word' id='word_1_929' title='bbox 3427 4081 3483 4123; x_wconf 84' lang='lat' dir='ltr'><strong>et</strong></span> 
     </span>
    </p>
   </div>
   <div class='ocr_carea' id='block_1_130' title="bbox 1897 4139 3485 4210">
    <p class='ocr_par' dir='ltr' id='par_1_130' title="bbox 1897 4139 3485 4210">
     <span class='ocr_line' id='line_1_134' title="bbox 1897 4139 3485 4210; baseline -0.001 -15"><span class='ocrx_word' id='word_1_930' title='bbox 1897 4139 1994 4198; x_wconf 85' lang='lat' dir='ltr'><strong>alia</strong></span> <span class='ocrx_word' id='word_1_931' title='bbox 2024 4153 2176 4197; x_wconf 80' lang='lat' dir='ltr'><strong>vetus</strong></span> <span class='ocrx_word' id='word_1_932' title='bbox 2206 4139 2580 4204; x_wconf 80' lang='lat' dir='ltr'><strong>interpretatio</strong></span> <span class='ocrx_word' id='word_1_933' title='bbox 2611 4140 2749 4210; x_wconf 91' lang='lat' dir='ltr'><strong>apud</strong></span> <span class='ocrx_word' id='word_1_934' title='bbox 2781 4140 3141 4209; x_wconf 84' lang='lat' dir='ltr'><strong>Epipltanium</strong></span> <span class='ocrx_word' id='word_1_935' title='bbox 3186 4139 3485 4196; x_wconf 76' lang='lat' dir='ltr'><strong>Scholasti-</strong></span> 
     </span>
    </p>
   </div>
   <div class='ocr_carea' id='block_1_131' title="bbox 1897 4211 3279 4281">
    <p class='ocr_par' dir='ltr' id='par_1_131' title="bbox 1897 4211 3279 4281">
     <span class='ocr_line' id='line_1_135' title="bbox 1897 4211 3279 4281; baseline 0.004 -16"><span class='ocrx_word' id='word_1_936' title='bbox 1897 4229 2018 4270; x_wconf 91' lang='lat' dir='ltr'><strong>cum</strong></span> <span class='ocrx_word' id='word_1_937' title='bbox 2043 4215 2098 4266; x_wconf 85' lang='lat' dir='ltr'><strong>in</strong></span> <span class='ocrx_word' id='word_1_938' title='bbox 2134 4213 2273 4268; x_wconf 84' lang='lat' dir='ltr'><strong>Hist.</strong></span> <span class='ocrx_word' id='word_1_939' title='bbox 2307 4211 2542 4281; x_wconf 84' lang='lat' dir='ltr'><strong>Tripart.</strong></span> <span class='ocrx_word' id='word_1_940' title='bbox 2578 4211 2672 4266; x_wconf 89' lang='lat' dir='ltr'><strong>lib.</strong></span> <span class='ocrx_word' id='word_1_941' title='bbox 2701 4225 2828 4275; x_wconf 89' lang='lat' dir='ltr'><strong>tt,c.</strong></span> <span class='ocrx_word' id='word_1_942' title='bbox 2860 4211 2946 4266; x_wconf 83' lang='grc'><strong>15.</strong></span> <span class='ocrx_word' id='word_1_943' title='bbox 3109 4279 3124 4281; x_wconf 98' lang='lat'>_</span> <span class='ocrx_word' id='word_1_944' title='bbox 3174 4280 3178 4281; x_wconf 21' lang='grc' dir='ltr'><em>ν</em></span> <span class='ocrx_word' id='word_1_945' title='bbox 3262 4223 3279 4242; x_wconf 75' lang='lat'>‘</span> 
     </span>
    </p>
   </div>
   <div class='ocr_carea' id='block_1_132' title="bbox 1969 4279 3486 4339">
    <p class='ocr_par' dir='ltr' id='par_1_132' title="bbox 1969 4279 3486 4339">
     <span class='ocr_line' id='line_1_136' title="bbox 1969 4279 3486 4339; baseline -0.003 -1"><span class='ocrx_word' id='word_1_946' title='bbox 1969 4283 2178 4339; x_wconf 82' lang='lat' dir='ltr'><strong>LXXX.</strong></span> <span class='ocrx_word' id='word_1_947' title='bbox 2221 4283 2276 4338; x_wconf 90' lang='lat' dir='ltr'><strong>In</strong></span> <span class='ocrx_word' id='word_1_948' title='bbox 2308 4279 2462 4337; x_wconf 85' lang='lat' dir='ltr'><strong>Dion.</strong></span> <span class='ocrx_word' id='word_1_949' title='bbox 2495 4281 2611 4336; x_wconf 89' lang='lat' dir='ltr'><strong>Vat.</strong></span> <span class='ocrx_word' id='word_1_950' title='bbox 2643 4298 2697 4336; x_wconf 93' lang='lat' dir='ltr'><strong>n.</strong></span> <span class='ocrx_word' id='word_1_951' title='bbox 2727 4282 2813 4336; x_wconf 81' lang='grc'><strong>15.</strong></span> <span class='ocrx_word' id='word_1_952' title='bbox 2838 4281 2992 4336; x_wconf 80' lang='lat' dir='ltr'><strong>Gesta</strong></span> <span class='ocrx_word' id='word_1_953' title='bbox 3014 4281 3077 4334; x_wconf 88' lang='lat' dir='ltr'><strong>de</strong></span> <span class='ocrx_word' id='word_1_954' title='bbox 3098 4279 3320 4336; x_wconf 87' lang='lat' dir='ltr'><strong>Liberia.</strong></span> <span class='ocrx_word' id='word_1_955' title='bbox 3347 4280 3486 4335; x_wconf 90' lang='lat' dir='ltr'><strong>Sunt</strong></span> 
     </span>
    </p>
   </div>
   <div class='ocr_carea' id='block_1_133' title="bbox 1898 4351 3477 4420">
    <p class='ocr_par' dir='ltr' id='par_1_133' title="bbox 1898 4351 3477 4420">
     <span class='ocr_line' id='line_1_137' title="bbox 1898 4351 3477 4420; baseline -0.004 -11"><span class='ocrx_word' id='word_1_956' title='bbox 1898 4356 1951 4409; x_wconf 90' lang='lat' dir='ltr'><strong>in</strong></span> <span class='ocrx_word' id='word_1_957' title='bbox 1979 4355 2104 4409; x_wconf 91' lang='lat' dir='ltr'><strong>coll.</strong></span> <span class='ocrx_word' id='word_1_958' title='bbox 2138 4354 2256 4407; x_wconf 89' lang='lat' dir='ltr'><strong>Vat.</strong></span> <span class='ocrx_word' id='word_1_959' title='bbox 2289 4352 2445 4408; x_wconf 83' lang='lat' dir='ltr'><strong>Batb.</strong></span> <span class='ocrx_word' id='word_1_960' title='bbox 2481 4368 2534 4406; x_wconf 94' lang='lat' dir='ltr'><strong>n.</strong></span> <span class='ocrx_word' id='word_1_961' title='bbox 2572 4353 2661 4416; x_wconf 80' lang='grc'><strong>55,</strong></span> <span class='ocrx_word' id='word_1_962' title='bbox 2707 4353 2849 4406; x_wconf 91' lang='lat' dir='ltr'><strong>edita</strong></span> <span class='ocrx_word' id='word_1_963' title='bbox 2893 4367 3022 4405; x_wconf 86' lang='lat' dir='ltr'><strong>vero</strong></span> <span class='ocrx_word' id='word_1_964' title='bbox 3069 4351 3121 4405; x_wconf 92' lang='lat' dir='ltr'><strong>in</strong></span> <span class='ocrx_word' id='word_1_965' title='bbox 3168 4351 3477 4420; x_wconf 83' lang='lat' dir='ltr'><strong>Appendice</strong></span> 
     </span>
    </p>
   </div>
   <div class='ocr_carea' id='block_1_134' title="bbox 1897 4420 3475 4490">
    <p class='ocr_par' dir='ltr' id='par_1_134' title="bbox 1897 4420 3475 4490">
     <span class='ocr_line' id='line_1_138' title="bbox 1897 4420 3475 4490; baseline -0.003 -11"><span class='ocrx_word' id='word_1_966' title='bbox 1897 4434 2026 4479; x_wconf 88' lang='lat' dir='ltr'><strong>tom.</strong></span> <span class='ocrx_word' id='word_1_967' title='bbox 2063 4425 2080 4476; x_wconf 95' lang='lat' dir='ltr'><strong>l</strong></span> <span class='ocrx_word' id='word_1_968' title='bbox 2112 4424 2280 4490; x_wconf 81' lang='lat' dir='ltr'><strong>Epist.</strong></span> <span class='ocrx_word' id='word_1_969' title='bbox 2312 4422 2467 4476; x_wconf 87' lang='lat' dir='ltr'><strong>Rom.</strong></span> <span class='ocrx_word' id='word_1_970' title='bbox 2502 4423 2804 4488; x_wconf 79' lang='lat' dir='ltr'><strong>pontiﬁcum</strong></span> <span class='ocrx_word' id='word_1_971' title='bbox 2829 4421 2890 4477; x_wconf 85' lang='lat' dir='ltr'><strong>P.</strong></span> <span class='ocrx_word' id='word_1_972' title='bbox 2916 4421 3356 4490; x_wconf 81' lang='lat' dir='ltr'><strong>Coustantii,col.</strong></span> <span class='ocrx_word' id='word_1_973' title='bbox 3385 4420 3475 4476; x_wconf 87' lang='lat'><strong>89.</strong></span> 
     </span>
    </p>
   </div>
   <div class='ocr_carea' id='block_1_135' title="bbox 1969 4489 3480 4554">
    <p class='ocr_par' dir='ltr' id='par_1_135' title="bbox 1969 4489 3480 4554">
     <span class='ocr_line' id='line_1_139' title="bbox 1969 4489 3480 4554; baseline -0.003 -5"><span class='ocrx_word' id='word_1_974' title='bbox 1969 4489 2206 4549; x_wconf 83' lang='lat' dir='ltr'><strong>LXXXI.</strong></span> <span class='ocrx_word' id='word_1_975' title='bbox 2249 4493 2303 4546; x_wconf 90' lang='lat' dir='ltr'><strong>In</strong></span> <span class='ocrx_word' id='word_1_976' title='bbox 2335 4494 2451 4548; x_wconf 89' lang='lat' dir='ltr'><strong>Vat.</strong></span> <span class='ocrx_word' id='word_1_977' title='bbox 2487 4492 2640 4546; x_wconf 90' lang='lat' dir='ltr'><strong>Dion.</strong></span> <span class='ocrx_word' id='word_1_978' title='bbox 2670 4508 2724 4544; x_wconf 91' lang='lat' dir='ltr'><strong>n.</strong></span> <span class='ocrx_word' id='word_1_979' title='bbox 2759 4491 2846 4544; x_wconf 88' lang='grc'><strong>16.</strong></span> <span class='ocrx_word' id='word_1_980' title='bbox 2891 4490 3128 4552; x_wconf 79' lang='lat' dir='ltr'><strong>Epistola</strong></span> <span class='ocrx_word' id='word_1_981' title='bbox 3157 4489 3345 4544; x_wconf 89' lang='lat' dir='ltr'><strong>Liberii</strong></span> <span class='ocrx_word' id='word_1_982' title='bbox 3369 4492 3480 4554; x_wconf 85' lang='lat' dir='ltr'><strong>epi-</strong></span> 
     </span>
    </p>
   </div>
   <div class='ocr_carea' id='block_1_136' title="bbox 1897 4559 3506 4635">
    <p class='ocr_par' dir='ltr' id='par_1_136' title="bbox 1897 4559 3506 4635">
     <span class='ocr_line' id='line_1_140' title="bbox 1897 4559 3506 4635; baseline -0.003 -16"><span class='ocrx_word' id='word_1_983' title='bbox 1897 4567 2036 4635; x_wconf 86' lang='lat' dir='ltr'><strong>scopi</strong></span> <span class='ocrx_word' id='word_1_984' title='bbox 2070 4564 2376 4635; x_wconf 83' lang='lat' dir='ltr'><strong>uniformis_,</strong></span> <span class='ocrx_word' id='word_1_985' title='bbox 2419 4572 2694 4635; x_wconf 73' lang='lat' dir='ltr'><strong>antequam</strong></span> <span class='ocrx_word' id='word_1_986' title='bbox 2720 4562 3061 4635; x_wconf 70' lang='lat' dir='ltr'><strong>exsiliaretur.</strong></span> <span class='ocrx_word' id='word_1_987' title='bbox 3094 4559 3506 4635; x_wconf 31' lang='lat' dir='ltr'><strong>Confessoribstsv</strong></span> 
     </span>
    </p>
   </div>
   <div class='ocr_carea' id='block_1_137' title="bbox 1895 4630 3484 4706">
    <p class='ocr_par' dir='ltr' id='par_1_137' title="bbox 1895 4630 3484 4706">
     <span class='ocr_line' id='line_1_141' title="bbox 1895 4630 3484 4706; baseline -0.004 -16"><span class='ocrx_word' id='word_1_988' title='bbox 1895 4630 2116 4706; x_wconf 87' lang='lat' dir='ltr'><strong>scripsit,</strong></span> <span class='ocrx_word' id='word_1_989' title='bbox 2147 4630 2201 4686; x_wconf 88' lang='lat' dir='ltr'><strong>id</strong></span> <span class='ocrx_word' id='word_1_990' title='bbox 2225 4644 2299 4706; x_wconf 59' lang='lat' dir='ltr'><strong>est</strong></span> <span class='ocrx_word' id='word_1_991' title='bbox 2321 4632 2616 4706; x_wconf 78' lang='lat' dir='ltr'><strong>Eusebioet</strong></span> <span class='ocrx_word' id='word_1_992' title='bbox 2644 4631 2890 4706; x_wconf 79' lang='lat' dir='ltr'><strong>Dionysio</strong></span> <span class='ocrx_word' id='word_1_993' title='bbox 2912 4639 2966 4706; x_wconf 88' lang='lat' dir='ltr'><strong>et</strong></span> <span class='ocrx_word' id='word_1_994' title='bbox 2994 4630 3233 4702; x_wconf 82' lang='lat' dir='ltr'><strong>Lucifero</strong></span> <span class='ocrx_word' id='word_1_995' title='bbox 3263 4631 3315 4706; x_wconf 80' lang='lat' dir='ltr'><strong>in</strong></span> <span class='ocrx_word' id='word_1_996' title='bbox 3349 4635 3484 4706; x_wconf 46' lang='lat' dir='ltr'><strong>exsif</strong></span> 
     </span>
    </p>
   </div>
   <div class='ocr_carea' id='block_1_138' title="bbox 1895 4701 3480 4774">
    <p class='ocr_par' dir='ltr' id='par_1_138' title="bbox 1895 4701 3480 4774">
     <span class='ocr_line' id='line_1_142' title="bbox 1895 4701 3480 4774; baseline -0.001 -15"><span class='ocrx_word' id='word_1_997' title='bbox 1895 4707 1966 4759; x_wconf 88' lang='lat' dir='ltr'><strong>lio</strong></span> <span class='ocrx_word' id='word_1_998' title='bbox 1997 4701 2297 4760; x_wconf 79' lang='lat' dir='ltr'><strong>constitutis.</strong></span> <span class='ocrx_word' id='word_1_999' title='bbox 2345 4704 2589 4769; x_wconf 74' lang='lat' dir='ltr'><strong>Quamuis</strong></span> <span class='ocrx_word' id='word_1_1000' title='bbox 2627 4702 2720 4756; x_wconf 87' lang='lat' dir='ltr'><strong>sub</strong></span> <span class='ocrx_word' id='word_1_1001' title='bbox 2759 4703 2982 4774; x_wconf 86' lang='lat' dir='ltr'><strong>imagine</strong></span> <span class='ocrx_word' id='word_1_1002' title='bbox 3005 4743 3021 4768; x_wconf 92' lang='lat'><strong>,</strong></span> <span class='ocrx_word' id='word_1_1003' title='bbox 3071 4709 3202 4768; x_wconf 90' lang='lat' dir='ltr'><strong>etc.,</strong></span> <span class='ocrx_word' id='word_1_1004' title='bbox 3233 4701 3312 4756; x_wconf 88' lang='lat' dir='ltr'><strong>uti</strong></span> <span class='ocrx_word' id='word_1_1005' title='bbox 3335 4703 3480 4772; x_wconf 89' lang='lat' dir='ltr'><strong>apud</strong></span> 
     </span>
    </p>
   </div>
   <div class='ocr_carea' id='block_1_139' title="bbox 1897 4774 2775 4845">
    <p class='ocr_par' dir='ltr' id='par_1_139' title="bbox 1897 4774 2775 4845">
     <span class='ocr_line' id='line_1_143' title="bbox 1897 4774 2775 4845; baseline -0.007 -13"><span class='ocrx_word' id='word_1_1006' title='bbox 1897 4777 1954 4832; x_wconf 94' lang='lat' dir='ltr'><strong>S.</strong></span> <span class='ocrx_word' id='word_1_1007' title='bbox 1988 4777 2153 4830; x_wconf 87' lang='lat' dir='ltr'><strong>Hilar.</strong></span> <span class='ocrx_word' id='word_1_1008' title='bbox 2186 4774 2374 4845; x_wconf 80' lang='lat' dir='ltr'><strong>fragm.</strong></span> <span class='ocrx_word' id='word_1_1009' title='bbox 2406 4774 2464 4840; x_wconf 88' lang='lat'><strong>6,</strong></span> <span class='ocrx_word' id='word_1_1010' title='bbox 2494 4790 2549 4828; x_wconf 93' lang='lat' dir='ltr'><strong>n.</strong></span> <span class='ocrx_word' id='word_1_1011' title='bbox 2583 4775 2608 4827; x_wconf 94' lang='grc'><strong>1</strong></span> <span class='ocrx_word' id='word_1_1012' title='bbox 2640 4782 2694 4827; x_wconf 88' lang='lat' dir='ltr'><strong>et</strong></span> <span class='ocrx_word' id='word_1_1013' title='bbox 2720 4774 2775 4827; x_wconf 75' lang='grc'><strong>2.</strong></span> 
     </span>
    </p>
   </div>
   <div class='ocr_carea' id='block_1_140' title="bbox 1969 4841 3481 4907">
    <p class='ocr_par' dir='ltr' id='par_1_140' title="bbox 1969 4841 3481 4907">
     <span class='ocr_line' id='line_1_144' title="bbox 1969 4841 3481 4907; baseline -0.001 -7"><span class='ocrx_word' id='word_1_1014' title='bbox 1969 4845 2225 4900; x_wconf 84' lang='lat' dir='ltr'><strong>LXXXII.</strong></span> <span class='ocrx_word' id='word_1_1015' title='bbox 2268 4841 2351 4899; x_wconf 34' lang='lat' dir='ltr'><strong>vin</strong></span> <span class='ocrx_word' id='word_1_1016' title='bbox 2382 4845 2500 4900; x_wconf 88' lang='lat' dir='ltr'><strong>Vat.</strong></span> <span class='ocrx_word' id='word_1_1017' title='bbox 2530 4845 2688 4898; x_wconf 89' lang='lat' dir='ltr'><strong>Dion.</strong></span> <span class='ocrx_word' id='word_1_1018' title='bbox 2716 4860 2770 4898; x_wconf 91' lang='lat' dir='ltr'><strong>n.</strong></span> <span class='ocrx_word' id='word_1_1019' title='bbox 2813 4843 2900 4897; x_wconf 90' lang='grc'><strong>17.</strong></span> <span class='ocrx_word' id='word_1_1020' title='bbox 2933 4841 3065 4896; x_wconf 86' lang='lat' dir='ltr'><strong>Item</strong></span> <span class='ocrx_word' id='word_1_1021' title='bbox 3093 4842 3348 4907; x_wconf 88' lang='lat' dir='ltr'><strong>Liberius,</strong></span> <span class='ocrx_word' id='word_1_1022' title='bbox 3380 4860 3481 4898; x_wconf 85' lang='lat' dir='ltr'><strong>an-</strong></span> 
     </span>
    </p>
   </div>
   <div class='ocr_carea' id='block_1_141' title="bbox 1896 4911 3475 5055">
    <p class='ocr_par' dir='ltr' id='par_1_141' title="bbox 1896 4911 3475 5055">
     <span class='ocr_line' id='line_1_145' title="bbox 1897 4911 3475 4997; baseline -0.003 -27"><span class='ocrx_word' id='word_1_1023' title='bbox 1897 4927 2098 4987; x_wconf 88' lang='lat' dir='ltr'><strong>tequam</strong></span> <span class='ocrx_word' id='word_1_1024' title='bbox 2128 4917 2194 4970; x_wconf 90' lang='lat' dir='ltr'><strong>ad</strong></span> <span class='ocrx_word' id='word_1_1025' title='bbox 2220 4916 2458 4997; x_wconf 58' lang='lat' dir='ltr'><strong>cnsilium</strong></span> <span class='ocrx_word' id='word_1_1026' title='bbox 2487 4922 2603 4982; x_wconf 81' lang='lat' dir='ltr'><strong>iret,</strong></span> <span class='ocrx_word' id='word_1_1027' title='bbox 2637 4915 2767 4968; x_wconf 67' lang='lat' dir='ltr'><strong>dixit</strong></span> <span class='ocrx_word' id='word_1_1028' title='bbox 2786 4911 3070 4994; x_wconf 79' lang='lat' dir='ltr'><strong>_Vincentio</strong></span> <span class='ocrx_word' id='word_1_1029' title='bbox 3098 4914 3310 4982; x_wconf 86' lang='lat' dir='ltr'><strong>(melius</strong></span> <span class='ocrx_word' id='word_1_1030' title='bbox 3336 4915 3475 4994; x_wconf 74' lang='lat' dir='ltr'><strong>apud</strong></span> 
     </span>
     <span class='ocr_line' id='line_1_146' title="bbox 1896 4981 3475 5055; baseline -0.004 -15"><span class='ocrx_word' id='word_1_1031' title='bbox 1896 4987 2066 5041; x_wconf 82' lang='lat' dir='ltr'><strong>Hilar.</strong></span> <span class='ocrx_word' id='word_1_1032' title='bbox 2106 4987 2168 5039; x_wconf 90' lang='lat' dir='ltr'><strong>de</strong></span> <span class='ocrx_word' id='word_1_1033' title='bbox 2205 4985 2512 5055; x_wconf 81' lang='lat' dir='ltr'><strong>Vincentio)</strong></span> <span class='ocrx_word' id='word_1_1034' title='bbox 2542 4982 2796 5055; x_wconf 79' lang='lat' dir='ltr'><strong>Capuenst</strong></span> <span class='ocrx_word' id='word_1_1035' title='bbox 2844 4985 2912 5036; x_wconf 90' lang='lat' dir='ltr'><strong>ad</strong></span> <span class='ocrx_word' id='word_1_1036' title='bbox 2938 4983 3209 5055; x_wconf 84' lang='lat' dir='ltr'><strong>Ileltanum</strong></span> <span class='ocrx_word' id='word_1_1037' title='bbox 3249 4981 3475 5049; x_wconf 86' lang='lat' dir='ltr'><strong>Spoltta-</strong></span> 
     </span>
    </p>
   </div>
   <div class='ocr_carea' id='block_1_142' title="bbox 1896 5054 3477 5125">
    <p class='ocr_par' dir='ltr' id='par_1_142' title="bbox 1896 5054 3477 5125">
     <span class='ocr_line' id='line_1_147' title="bbox 1896 5054 3477 5125; baseline -0.002 -16"><span class='ocrx_word' id='word_1_1038' title='bbox 1896 5074 2039 5115; x_wconf 87' lang='lat' dir='ltr'><strong>num.</strong></span> <span class='ocrx_word' id='word_1_1039' title='bbox 2072 5056 2211 5110; x_wconf 89' lang='lat' dir='ltr'><strong>Nolo</strong></span> <span class='ocrx_word' id='word_1_1040' title='bbox 2234 5064 2282 5110; x_wconf 86' lang='lat' dir='ltr'><strong>te</strong></span> <span class='ocrx_word' id='word_1_1041' title='bbox 2309 5057 2500 5125; x_wconf 83' lang='lat' dir='ltr'><strong>factum</strong></span> <span class='ocrx_word' id='word_1_1042' title='bbox 2527 5054 2802 5125; x_wconf 85' lang='lat' dir='ltr'><strong>Vincentii.</strong></span> <span class='ocrx_word' id='word_1_1043' title='bbox 2825 5064 2956 5125; x_wconf 73' lang='lat' dir='ltr'><strong>etc.,</strong></span> <span class='ocrx_word' id='word_1_1044' title='bbox 2991 5054 3208 5125; x_wconf 84' lang='lat' dir='ltr'><strong>ut_apud</strong></span> <span class='ocrx_word' id='word_1_1045' title='bbox 3231 5055 3477 5107; x_wconf 89' lang='lat' dir='ltr'><strong>eumdem</strong></span> 
     </span>
    </p>
   </div>
   <div class='ocr_carea' id='block_1_143' title="bbox 1897 5123 3082 5196">
    <p class='ocr_par' dir='ltr' id='par_1_143' title="bbox 1897 5123 3082 5196">
     <span class='ocr_line' id='line_1_148' title="bbox 1897 5123 3082 5196; baseline -0.005 -15"><span class='ocrx_word' id='word_1_1046' title='bbox 1897 5128 2155 5181; x_wconf 82' lang='lat' dir='ltr'><strong>Hilarium</strong></span> <span class='ocrx_word' id='word_1_1047' title='bbox 2190 5127 2242 5179; x_wconf 90' lang='lat' dir='ltr'><strong>in</strong></span> <span class='ocrx_word' id='word_1_1048' title='bbox 2272 5123 2462 5180; x_wconf 73' lang='lat' dir='ltr'><strong>eadem</strong></span> <span class='ocrx_word' id='word_1_1049' title='bbox 2489 5125 2678 5196; x_wconf 90' lang='lat' dir='ltr'><strong>fragm.</strong></span> <span class='ocrx_word' id='word_1_1050' title='bbox 2711 5124 2762 5188; x_wconf 87' lang='lat'><strong>6,</strong></span> <span class='ocrx_word' id='word_1_1051' title='bbox 2802 5139 2862 5196; x_wconf 66' lang='grc' dir='ltr'><strong>η.</strong></span> <span class='ocrx_word' id='word_1_1052' title='bbox 2888 5123 2922 5176; x_wconf 78' lang='grc'><strong>5</strong></span> <span class='ocrx_word' id='word_1_1053' title='bbox 2937 5133 3003 5196; x_wconf 61' lang='lat' dir='ltr'><strong>et</strong></span> <span class='ocrx_word' id='word_1_1054' title='bbox 3027 5123 3082 5175; x_wconf 75' lang='grc'><strong>4.</strong></span> 
     </span>
    </p>
   </div>
   <div class='ocr_carea' id='block_1_144' title="bbox 1972 5190 3479 5259">
    <p class='ocr_par' dir='ltr' id='par_1_144' title="bbox 1972 5190 3479 5259">
     <span class='ocr_line' id='line_1_149' title="bbox 1972 5190 3479 5259; baseline -0.007 -7"><span class='ocrx_word' id='word_1_1055' title='bbox 1972 5197 2253 5252; x_wconf 85' lang='lat' dir='ltr'><strong>LXXXIII.</strong></span> <span class='ocrx_word' id='word_1_1056' title='bbox 2293 5197 2350 5250; x_wconf 90' lang='lat' dir='ltr'><strong>In</strong></span> <span class='ocrx_word' id='word_1_1057' title='bbox 2381 5197 2496 5249; x_wconf 90' lang='lat' dir='ltr'><strong>Vat.</strong></span> <span class='ocrx_word' id='word_1_1058' title='bbox 2533 5190 2688 5248; x_wconf 77' lang='lat' dir='ltr'><strong>Dion.</strong></span> <span class='ocrx_word' id='word_1_1059' title='bbox 2723 5210 2774 5247; x_wconf 95' lang='lat' dir='ltr'><strong>n.</strong></span> <span class='ocrx_word' id='word_1_1060' title='bbox 2808 5195 2892 5247; x_wconf 89' lang='grc'><strong>18.</strong></span> <span class='ocrx_word' id='word_1_1061' title='bbox 2927 5191 3172 5259; x_wconf 84' lang='lat' dir='ltr'><strong>Ejusdem</strong></span> <span class='ocrx_word' id='word_1_1062' title='bbox 3196 5191 3386 5259; x_wconf 88' lang='lat' dir='ltr'><strong>scripta</strong></span> <span class='ocrx_word' id='word_1_1063' title='bbox 3409 5190 3479 5242; x_wconf 88' lang='lat' dir='ltr'><strong>ad</strong></span> 
     </span>
    </p>
   </div>
   <div class='ocr_carea' id='block_1_145' title="bbox 1902 5260 3480 5334">
    <p class='ocr_par' dir='ltr' id='par_1_145' title="bbox 1902 5260 3480 5334">
     <span class='ocr_line' id='line_1_150' title="bbox 1902 5260 3480 5334; baseline -0.006 -13"><span class='ocrx_word' id='word_1_1064' title='bbox 1902 5268 2186 5321; x_wconf 86' lang='lat' dir='ltr'><strong>Orientales</strong></span> <span class='ocrx_word' id='word_1_1065' title='bbox 2231 5267 2513 5334; x_wconf 87' lang='lat' dir='ltr'><strong>episcopos.</strong></span> <span class='ocrx_word' id='word_1_1066' title='bbox 2567 5263 2918 5334; x_wconf 74' lang='lat' dir='ltr'><strong>Dilectissimis</strong></span> <span class='ocrx_word' id='word_1_1067' title='bbox 2947 5260 3480 5334; x_wconf 74' lang='lat' dir='ltr'><strong>frat_ribus_et_coepi-</strong></span> 
     </span>
    </p>
   </div>
   <div class='ocr_carea' id='block_1_146' title="bbox 1892 5329 3480 5402">
    <p class='ocr_par' dir='ltr' id='par_1_146' title="bbox 1892 5329 3480 5402">
     <span class='ocr_line' id='line_1_151' title="bbox 1892 5329 3480 5402; baseline -0.004 -12"><span class='ocrx_word' id='word_1_1068' title='bbox 1892 5338 2058 5402; x_wconf 85' lang='lat' dir='ltr'><strong>scopis</strong></span> <span class='ocrx_word' id='word_1_1069' title='bbox 2106 5329 2454 5388; x_wconf 79' lang='lat' dir='ltr'><strong>Orientalibus</strong></span> <span class='ocrx_word' id='word_1_1070' title='bbox 2497 5334 2729 5387; x_wconf 86' lang='lat' dir='ltr'><strong>Liberius</strong></span> <span class='ocrx_word' id='word_1_1071' title='bbox 2761 5332 2996 5386; x_wconf 85' lang='lat' dir='ltr'><strong>salutem.</strong></span> <span class='ocrx_word' id='word_1_1072' title='bbox 3029 5329 3138 5384; x_wconf 88' lang='lat' dir='ltr'><strong>Pro</strong></span> <span class='ocrx_word' id='word_1_1073' title='bbox 3184 5330 3368 5394; x_wconf 85' lang='lat' dir='ltr'><strong>deiﬁco</strong></span> <span class='ocrx_word' id='word_1_1074' title='bbox 3414 5331 3480 5384; x_wconf 88' lang='lat' dir='ltr'><strong>ti-</strong></span> 
     </span>
    </p>
   </div>
   <div class='ocr_carea' id='block_1_147' title="bbox 1892 5403 2836 5470">
    <p class='ocr_par' dir='ltr' id='par_1_147' title="bbox 1892 5403 2836 5470">
     <span class='ocr_line' id='line_1_152' title="bbox 1892 5403 2836 5470; baseline -0.007 -9"><span class='ocrx_word' id='word_1_1075' title='bbox 1892 5423 2051 5470; x_wconf 88' lang='lat' dir='ltr'><strong>more,</strong></span> <span class='ocrx_word' id='word_1_1076' title='bbox 2083 5415 2186 5459; x_wconf 88' lang='lat' dir='ltr'><strong>elc.</strong></span> <span class='ocrx_word' id='word_1_1077' title='bbox 2224 5406 2445 5469; x_wconf 91' lang='lat' dir='ltr'><strong>Ibidem,</strong></span> <span class='ocrx_word' id='word_1_1078' title='bbox 2475 5421 2527 5458; x_wconf 92' lang='lat' dir='ltr'><strong>n.</strong></span> <span class='ocrx_word' id='word_1_1079' title='bbox 2554 5406 2608 5466; x_wconf 85' lang='lat'><strong>5,</strong></span> <span class='ocrx_word' id='word_1_1080' title='bbox 2643 5403 2676 5455; x_wconf 86' lang='lat'>6</span> <span class='ocrx_word' id='word_1_1081' title='bbox 2701 5413 2756 5456; x_wconf 92' lang='lat' dir='ltr'><strong>et</strong></span> <span class='ocrx_word' id='word_1_1082' title='bbox 2785 5403 2836 5454; x_wconf 93' lang='lat'><strong>7.</strong></span> 
     </span>
    </p>
   </div>
   <div class='ocr_carea' id='block_1_148' title="bbox 1965 5469 3479 5531">
    <p class='ocr_par' dir='ltr' id='par_1_148' title="bbox 1965 5469 3479 5531">
     <span class='ocr_line' id='line_1_153' title="bbox 1965 5469 3479 5531; baseline -0.005 0"><span class='ocrx_word' id='word_1_1083' title='bbox 1965 5469 2251 5531; x_wconf 84' lang='lat' dir='ltr'><strong>LXXXIV.</strong></span> <span class='ocrx_word' id='word_1_1084' title='bbox 2292 5475 2345 5528; x_wconf 81' lang='lat' dir='ltr'><strong>In</strong></span> <span class='ocrx_word' id='word_1_1085' title='bbox 2383 5474 2500 5527; x_wconf 90' lang='lat' dir='ltr'><strong>Vat.</strong></span> <span class='ocrx_word' id='word_1_1086' title='bbox 2535 5474 2685 5526; x_wconf 91' lang='lat' dir='ltr'><strong>Dion.</strong></span> <span class='ocrx_word' id='word_1_1087' title='bbox 2733 5487 2787 5525; x_wconf 91' lang='lat' dir='ltr'><strong>n.</strong></span> <span class='ocrx_word' id='word_1_1088' title='bbox 2839 5469 2922 5524; x_wconf 84' lang='lat' dir='ltr'><strong>I9.</strong></span> <span class='ocrx_word' id='word_1_1089' title='bbox 2968 5469 3100 5523; x_wconf 68' lang='lat' dir='ltr'><strong>Ittrn</strong></span> <span class='ocrx_word' id='word_1_1090' title='bbox 3139 5469 3370 5524; x_wconf 87' lang='lat' dir='ltr'><strong>Liberius</strong></span> <span class='ocrx_word' id='word_1_1091' title='bbox 3417 5475 3479 5525; x_wconf 83' lang='lat' dir='ltr'><strong>de</strong></span> 
     </span>
    </p>
   </div>
   <div class='ocr_carea' id='block_1_149' title="bbox 1892 5539 3476 5607">
    <p class='ocr_par' dir='ltr' id='par_1_149' title="bbox 1892 5539 3476 5607">
     <span class='ocr_line' id='line_1_154' title="bbox 1892 5539 3476 5607; baseline -0.005 -6"><span class='ocrx_word' id='word_1_1092' title='bbox 1892 5549 2071 5602; x_wconf 72' lang='lat' dir='ltr'><strong>exsilio</strong></span> <span class='ocrx_word' id='word_1_1093' title='bbox 2101 5545 2275 5600; x_wconf 87' lang='lat' dir='ltr'><strong>scribit</strong></span> <span class='ocrx_word' id='word_1_1094' title='bbox 2311 5544 2540 5606; x_wconf 86' lang='lat' dir='ltr'><strong>Ursatio,</strong></span> <span class='ocrx_word' id='word_1_1095' title='bbox 2574 5541 2778 5596; x_wconf 88' lang='lat' dir='ltr'><strong>Valenti</strong></span> <span class='ocrx_word' id='word_1_1096' title='bbox 2816 5549 2860 5595; x_wconf 88' lang='lat' dir='ltr'><strong>et</strong></span> <span class='ocrx_word' id='word_1_1097' title='bbox 2899 5539 3183 5594; x_wconf 88' lang='lat' dir='ltr'><strong>Germinio.</strong></span> <span class='ocrx_word' id='word_1_1098' title='bbox 3217 5543 3350 5607; x_wconf 84' lang='lat' dir='ltr'><strong>Quia</strong></span> <span class='ocrx_word' id='word_1_1099' title='bbox 3375 5545 3476 5593; x_wconf 73' lang='lat' dir='ltr'><strong>scio</strong></span> 
     </span>
    </p>
   </div>
   <div class='ocr_carea' id='block_1_150' title="bbox 1894 5611 3354 5682">
    <p class='ocr_par' dir='ltr' id='par_1_150' title="bbox 1894 5611 3354 5682">
     <span class='ocr_line' id='line_1_155' title="bbox 1894 5611 3354 5682; baseline -0.005 -13"><span class='ocrx_word' id='word_1_1100' title='bbox 1894 5634 1980 5673; x_wconf 81' lang='lat' dir='ltr'><strong>vos</strong></span> <span class='ocrx_word' id='word_1_1101' title='bbox 2005 5618 2136 5676; x_wconf 87' lang='lat' dir='ltr'><strong>lilios</strong></span> <span class='ocrx_word' id='word_1_1102' title='bbox 2162 5617 2302 5682; x_wconf 87' lang='lat' dir='ltr'><strong>pacis</strong></span> <span class='ocrx_word' id='word_1_1103' title='bbox 2331 5631 2456 5681; x_wconf 89' lang='lat' dir='ltr'><strong>esse,</strong></span> <span class='ocrx_word' id='word_1_1104' title='bbox 2488 5623 2596 5670; x_wconf 90' lang='lat' dir='ltr'><strong>etc.</strong></span> <span class='ocrx_word' id='word_1_1105' title='bbox 2627 5612 2681 5668; x_wconf 89' lang='lat' dir='ltr'><strong>In</strong></span> <span class='ocrx_word' id='word_1_1106' title='bbox 2706 5611 2910 5682; x_wconf 16' lang='lat' dir='ltr'><strong>eodem!</strong></span> <span class='ocrx_word' id='word_1_1107' title='bbox 2931 5613 3142 5680; x_wconf 84' lang='lat' dir='ltr'><strong>fragm.,</strong></span> <span class='ocrx_word' id='word_1_1108' title='bbox 3175 5629 3225 5664; x_wconf 91' lang='lat' dir='ltr'><strong>n.</strong></span> <span class='ocrx_word' id='word_1_1109' title='bbox 3257 5611 3354 5682; x_wconf 72' lang='grc' dir='ltr'><strong>1οτ</strong></span> 
     </span>
    </p>
   </div>
   <div class='ocr_carea' id='block_1_151' title="bbox 1966 5676 3488 5761">
    <p class='ocr_par' dir='ltr' id='par_1_151' title="bbox 1966 5676 3488 5761">
     <span class='ocr_line' id='line_1_156' title="bbox 1966 5676 3488 5761; baseline -0.008 -18"><span class='ocrx_word' id='word_1_1110' title='bbox 1966 5676 2226 5761; x_wconf 77' lang='lat' dir='ltr'><strong>LXXXV.</strong></span> <span class='ocrx_word' id='word_1_1111' title='bbox 2272 5687 2327 5741; x_wconf 91' lang='lat' dir='ltr'><strong>In</strong></span> <span class='ocrx_word' id='word_1_1112' title='bbox 2354 5676 2470 5741; x_wconf 82' lang='lat' dir='ltr'><strong>Vat.</strong></span> <span class='ocrx_word' id='word_1_1113' title='bbox 2502 5683 2657 5742; x_wconf 79' lang='lat' dir='ltr'><strong>Dion.</strong></span> <span class='ocrx_word' id='word_1_1114' title='bbox 2684 5683 2858 5740; x_wconf 72' lang='lat' dir='ltr'><strong>n.20.</strong></span> <span class='ocrx_word' id='word_1_1115' title='bbox 2884 5676 3032 5738; x_wconf 50' lang='lat' dir='ltr'><strong>Itsm&#39;</strong></span> <span class='ocrx_word' id='word_1_1116' title='bbox 3049 5682 3111 5736; x_wconf 87' lang='lat' dir='ltr'><strong>de</strong></span> <span class='ocrx_word' id='word_1_1117' title='bbox 3130 5676 3317 5735; x_wconf 68' lang='lat' dir='ltr'><strong>exsilio</strong></span> <span class='ocrx_word' id='word_1_1118' title='bbox 3349 5676 3488 5732; x_wconf 65' lang='lat' dir='ltr'><strong>Vino-</strong></span> 
     </span>
    </p>
   </div>
  </div>
