3954 6194
347 263 449 321 θὶίέ)

1279 259 1361 314 AD
1400 259 1628 312 0l‘Eli.\
1669 258 1724 312 S.
1772 257 2013 312 [.l'ji).‘~lS
2055 259 2262 314 .‘tlAGNI
2308 259 2667 317 Al‘PiiNillX.

3489 274 3495 279 '
3513 266 3618 319 220

344 395 472 431 vero
505 377 802 446 pontllicias
830 377 1102 442 epistolas,
1138 390 1268 441 quas
1296 375 1419 427 alibi
1454 374 1674 446 invenit,
1707 373 1816 426 suis
1847 380 1920 426 lo-
1954 381 1997 432 Α
2030 375 2120 437 Η,
2147 377 2284 435 quod
2318 378 2634 430 Lambecius
2677 376 2770 429 lib.
2798 391 2832 428 It
2869 377 3169 430 Comment.
3219 379 3470 435 Biblioth.
3499 383 3618 435 Cu!-

345 453 422 500 cis
461 444 515 501 in
553 449 794 501 eamdem
844 446 1078 517 Dionysii
1108 446 1366 517 ra'ionem
1389 459 1508 497 cum
1541 444 1704 517 titulis
1737 446 1839 517 abs
1865 459 1924 517 sc

347 519 576 572 conditis
603 518 823 570 addidit.
855 519 920 570 At
947 515 1202 585 quantum
1234 516 1298 567 ad
1327 529 1583 578 canones,
1612 515 1699 578 qui
1735 516 1782 566 iu
1814 515 1924 578 pti-

268 643 274 659 ,
351 607 431 642 ma
465 604 561 654 par
583 604 614 642 e
643 589 1003 659 continentur.
1037 587 1164 640 nihil
1195 601 1225 638 a
1259 585 1764 659 Dionysioaccepit.
1794 586 1926 659 (inm

345 653 489 712 enim
520 673 773 726 quantum
811 659 875 710 ad
907 658 1122 711 Graecos
1159 670 1392 709 canones
1429 653 1696 726 obtineret
1724 656 1774 706 iu
1806 654 1929 726 llis-

350 732 518 796 paniis
541 725 647 780 alia
692 729 960 796 antiquior
992 728 1186 786 Versio,
1226 740 1346 793 qua:
1378 740 1442 778 ex
1484 727 1582 796 hac
1605 725 1926 796 collectione

348 794 416 850 ab
445 799 644 851 Isidoro
672 794 964 851 Mercatore
987 807 1250 863 suscepta,
1276 806 1329 848 et
1351 811 1413 848 ex
1443 795 1626 848 lsidori
1654 794 1926 849 codicibus

349 868 511 929 edita.
547 867 832 920 Isidoriana
872 869 1050 919 vocari
1087 871 1256 930 solet;
1287 869 1457 919 noluit
1501 880 1692 918 novam
1724 864 1926 933 Diony-

351 940 554 992 sianam
600 939 995 991 translationem
1046 938 1255 990 tametsi
1301 938 1575 990 meliorem
1615 942 1669 992 α
1697 934 1929 999 castiga-

356 1011 542 1061 tiorem
577 1009 838 1074 recipere,
885 1017 1128 1060 metuem
1173 1023 1239 1060 ne
1272 1006 1520 1070 Hispanis
1567 1006 1800 1075 antiqua:
1850 1005 1926 1061 illi

350 1077 579 1132 versioni
624 1091 851 1130 assuetis
893 1080 991 1131 hac
1021 1077 1254 1130 novitate
1292 1075 1642 1130 offensionem
1691 1086 1922 1142 pareret.

267 1188 274 1217 δ
357 1147 516 1202 Usum
547 1149 762 1217 quidem
808 1149 1048 1200 inolitum
1097 1148 1292 1200 veteris
1338 1147 1453 1214 ejus
1484 1147 1744 1217 versionis
1787 1146 1926 1214 apud

355 1216 622 1273 Ecclesias
656 1219 968 1280 Hispanicas
996 1217 1126 1270 satis
1152 1219 1338 1285 prohat
1373 1216 1660 1270 concilium
1707 1217 1926 1270 Toleta-

353 1304 478 1342 num
503 1304 556 1342 Ill
587 1290 709 1341 anni
740 1289 865 1354 589,
898 1289 948 1341 in
980 1303 1085 1354 quo
1118 1298 1224 1340 tres
1247 1286 1484 1352 ejusdem
1518 1290 1780 1340 versionis
1810 1302 1930 1355 par-

352 1360 526 1412 ticulze
558 1360 879 1413 referuntur.
920 1359 1091 1413 Simili
1128 1359 1196 1410 de
1235 1371 1391 1410 cauSa
1421 1358 1679 1411 dicendus
1719 1369 1802 1411 est
1833 1375 1929 1410 no-

353 1431 515 1484 luisse
544 1443 777 1482 canones
806 1429 1100 1492 Africanos,
1131 1427 1232 1479 etsi
1263 1428 1398 1491 apud
1431 1427 1739 1496 Dionysium
1772 1443 1930 1481 arcu-

355 1502 522 1553 ratius
565 1499 880 1567 descriptos,
911 1516 971 1552 cx
1001 1503 1190 1551 eodem
1239 1499 1464 1550 nmlnari
1491 1515 1502 1550 :
1527 1503 1647 1566 quia
1679 1499 1926 1551 nimii-nm

355 1570 406 1622 in
437 1569 687 1635 Hispanis
738 1570 1041 1636 regionibus
1079 1569 1440 1621 invalescebat
1491 1571 1590 1620 alia
1646 1569 1930 1635 peculiaris

352 1654 615 1694 canonum
664 1640 1032 1693 Africanorum
1061 1640 1306 1692 collectio
1336 1655 1453 1707 qum
1479 1655 1542 1693 ex
1579 1639 1844 1706 Hispaniis
1877 1643 1926 1692 in

2027 461 2224 507 sar.,c.
2258 448 2310 511 8,
2337 462 2456 514 prig.
2485 447 2606 511 952,
2626 463 2679 498 n.
2707 446 3080 514 281,:ippellat
3109 447 3339 502 uolumen
3362 453 3618 506 membra-

2029 531 2240 589 naceuiit
2266 517 2586 589 admiranda:
2611 518 2873 589 uetustatis
2912 517 3143 589 in-folio,
3188 528 3351 572 totum
3389 523 3618 589 antiquis

2029 584 2210 638 litteris
2256 586 2490 650 Gotticis,
2536 589 2639 640 sive
2685 585 2951 639 Toletanis
2998 584 3136 640 anno
3175 589 3279 642 736
3320 584 3613 645 exaratum.

2032 655 2187 708 Plura
2217 669 2340 710 sunt
2368 657 2632 721 ejusmodi
2678 658 3040 724 tnannscripta
3064 659 3115 712 in
3141 657 3327 712 Galliis
3352 669 3408 714 et
3439 663 3489 714 in
3522 663 3617 715 lli-

2030 727 2236 799 Spania.
2260 727 2493 781 Joannes
2523 729 2758 796 Baptista
2785 727 3035 799 Perczius
3064 730 3202 782 inter
3229 729 3392 782 multa
3426 732 3619 799 lliSpa-

2032 795 2145 870 nica
2176 810 2418 870 quatuor
2453 795 2749 870 praesertim
2787 798 3073 870 describit,
3106 799 3372 870 Lucense,
3421 795 3620 870 llispa-

2032 866 2206 928 lense.
2237 867 2576 938 A_lveldense.
2601 879 2655 922 et
2675 867 2733 938 S.
2762 868 3062 932 Emiliani,
3084 869 3154 924 de
3175 866 3370 938 quibus
3391 866 3618 926 inferius

2033 937 2205 1004 plura.
2238 936 2456 992 Garsias
2487 939 2672 992 Loaisi
2707 937 2762 991 in
2793 939 3103 1005 pralatione
3141 936 3207 992 ad
3241 940 3483 995 Goncilia
3515 943 3615 996 Hi-

2029 1006 2233 1073 spania:
2262 1007 2398 1062 duos
2420 1009 2554 1062 alios
2583 1007 2874 1081 Toletanos
2901 1010 3370 1081 codiceslaudat;
3412 1011 3619 1081 Vigila-

2032 1091 2159 1151 nunt
2190 1089 2368 1132 autem
2398 1086 2552 1151 vocat
2579 1094 2699 1151 eum
2721 1080 2819 1151 _qni
2851 1078 3188 1151 Alveldensis
3210 1095 3239 1133 a
3271 1078 3619 1151 Perezio‘ap-

2030 1147 2276 1215 pellatur,
2303 1165 2368 1202 eo
2397 1150 2536 1216 Quod
2558 1165 2588 1204 a
2620 1148 2786 1218 Vigila
2815 1149 3130 1220 presbytero
3157 1151 3392 1219 scriptus
3432 1147 3615 1206 fuerit.

2025 1221 2200 1280 Quem
2235 1234 2361 1275 vero
2394 1220 2760 1288 Hispa'ensem
2794 1219 3055 1284 nominat,
3087 1236 3153 1275 ex
3181 1222 3456 1276 notatione
3483 1226 3617 1279 anni

2035 1288 2142 1345 962
2181 1303 2245 1342 ac
2273 1305 2338 1344 es
2370 1290 2708 1344 documentis
2738 1293 2790 1343 in
2820 1305 2886 1344 eo
2911 1291 3180 1345 contentis
3211 1291 3458 1346 eumdem
3489 1309 3619 1350 esse

2030 1360 2382 1427 cognovimus
2412 1376 2475 1414 ac
2504 1361 2652 1414 illum
2675 1375 2834 1430 quem
2861 1361 3106 1415 Perczitts
3133 1361 3192 1418 S.
3221 1359 3500 1417 Emiliani
3521 1379 3619 1419 co-

2032 1430 2205 1500 dicem
2259 1434 2602 1499 nuncupavit.
2646 1431 2836 1484 Petrus
2875 1430 2941 1484 de
2985 1433 3158 1486 Marca
3204 1440 3260 1485 et
3307 1433 3618 1500 Stephanus

2037 1499 2284 1554 Baluzius
2311 1517 2442 1555 mss.
2478 1502 2642 1555 libros
2670 1501 3060 1569 Rivipullenses
3086 1501 3242 1566 duos,
3269 1513 3323 1556 et
3344 1499 3621 1570 Utigellen-

2031 1583 2144 1622 setn
2178 1583 2506 1643 memorant,
2529 1587 2641 1643 nec
2672 1589 2776 1643 non
2805 1573 3164 1634 Colbertinos,
3204 1581 3261 1626 et
3295 1571 3620 1643 Lugdunen-

2033 1653 2168 1704 sem,
2217 1641 2307 1708 qui
2351 1657 2472 1695 cum
2524 1642 2712 1696 iisdem
2763 1642 3062 1710 Hispanicis
3109 1641 3395 1711 exemplis
3415 1659 3621 1700 conve-

354 1711 554 1800 Galliis
580 1711 791 1792 videtur
816 1711 1167 1800 ιιιειηείξςελςι
1197 1711 1680 1800 idcirco‘laudatur
1707 1711 1757 1762 in
1789 1725 1917 1764 cou-
1955 1740 2002 1800 Β
2035 1711 2204 1800 n‘iunt.
2233 1711 2301 1800 ‘P.
2335 1712 2676 1800 Constantius
2716 1712 3269 1800 inuidatvﬂispanicutjn
3297 1717 3617 1800 exemplum

353 1781 474 1832 cilio
496 1781 793 1835 'l‘nronensi
823 1796 855 1834 ll
888 1784 1009 1833 anui
1034 1782 1158 1845 567,
1201 1781 1274 1833 uti
1307 1780 1647 1846 probavimus
1680 1793 1815 1848 part.
1855 1796 1914 1845 tt,

353 1867 402 1904 c.
433 1853 482 1908 5.
519 1851 544 1920 §
573 1852 626 1916 3,
659 1868 710 1904 η.
743 1854 796 1914 4,
828 1867 928 1918 qua
957 1868 1022 1904 ex
1051 1867 1108 1904 re
1137 1852 1295 1904 etiam
1335 1851 1670 1917 collegimus,
1713 1867 1925 1904 errores

349 1920 578 1990 aliquot.
617 1938 750 1988 quos
790 1922 842 1974 in
875 1923 1188 1976 recensione
1236 1921 1607 1976 Africanorum
1661 1935 1925 1974 canounut

357 1993 512 2058 hujus
531 1992 862 2047 collectionis
891 1997 1078 2046 eodem
1103 1992 1435 2061 paragrapho
1466 1993 1746 2058 diligenter
1777 2003 1928 2044 uota-

353 2063 543 2124 vimus.
577 2078 683 2117 non
710 2064 982 2116 collectori
1012 2063 1318 2129 Hispanico,
1349 2063 1443 2115 sed
1464 2062 1750 2126 antiquiori
1779 2062 1928 2129 ejus-

355 2134 474 2185 dem
512 2132 772 2188 Africana:
801 2135 1132 2187 collectionis
1165 2133 1368 2186 auctori
1397 2146 1518 2186 esse
1558 2133 1923 2185 ascribcudos.

355 2201 406 2255 ld
433 2213 610 2256 autem
641 2206 828 2258 saltem
867 2205 919 2256 in
962 2203 1163 2257 Graecis
1189 2203 1482 2256 canouihus
1513 2204 1756 2256 benelicii
1790 2209 1928 2270 pra:-

356 2273 482 2325 stitis
515 2275 770 2328 collector
815 2275 1151 2342 l-lispanicus.
1181 2274 1319 2338 quod
1355 2275 1406 2326 in
1441 2273 1679 2342 Dionysii
1721 2273 1929 2325 metho-

353 2345 478 2395 dum
502 2344 731 2398 decretis
762 2347 984 2411 singulis
1016 2346 1198 2397 titulos
1226 2344 1449 2404 addidit.
1474 2358 1606 2408 quos
1637 2349 1685 2395 in
1712 2344 1927 2411 antiqua

359 2414 604 2467 versione
628 2416 779 2467 initio
809 2415 1041 2466 defuisse
1067 2431 1132 2467 ex
1171 2429 1272 2466 nis.
1306 2413 1374 2465 58
1406 2414 1620 2482 capituli
1659 2413 1928 2465 Vcroncn-
1967 2443 1970 2446 ~

355 2485 428 2534 sis
451 2499 571 2536 man
598 2484 786 2536 festum
813 2493 913 2536 est.
942 2487 1117 2550 Neque
1161 2497 1289 2535 vero
1311 2482 1456 2534 solos
1485 2497 1720 2536 canones
1747 2486 1929 2536 conci-

357 2552 547 2605 liorum
580 2555 799 2606 Grc-ciae
828 2564 879 2605 et
906 2555 1120 2615 Africae,
1154 2553 1241 2616 qui
1271 2562 1475 2605 tantum
1513 2551 1758 2615 leguntur
1788 2553 1926 2619 apud

361 2622 690 2693 Dionysium,
739 2626 1052 2686 Hispanirus
1103 2623 1358 2675 collector
1417 2623 1662 2690 protulit;
1709 2621 1928 2693 [crcvu]

356 2695 448 2743 sed
479 2695 781 2747 Gallicanos
803 2704 854 2745 et
885 2693 1195 2760 ttiSpanicos
1221 2693 1438 2758 adjecit.
1469 2693 1650 2758 Magna
1679 2694 1814 2757 apud
1840 2693 1931 2745 Ht-

356 2777 553 2834 spanos
575 2765 668 2816 l'uit
688 2764 1077 2817 Gallicanarum
1103 2763 1427 2834 synodoruin
1459 2764 1766 2816 auctoritas.
1796 2763 1930 2828 Hinc

360 2832 587 2894 vulgatae
610 2843 762 2887 erant
795 2835 933 2900 apud
966 2835 1112 2903 ipsos
1133 2832 1412 2902 ejusmodi
1445 2835 1671 2902 synodi,
1712 2849 1931 2900 qitaru'n

356 2919 492 2970 sirpe
520 2905 684 2957 verbis
704 2915 751 2957 et
771 2906 1054 2964 sententiis,
1087 2905 1241 2958 etiam
1269 2904 1356 2957 ubi
1382 2919 1464 2956 eos
1502 2920 1604 2956 non
1634 2905 1928 2965 nominant,

355 2989 571 3026 canones
600 2990 720 3027 suos
739 2976 1032 3038 instituunt,
1065 2989 1107 3026 et
1137 2991 1269 3040 stupe
1290 2977 1446 3028 etiam
1471 2989 1572 3026 non
1599 2974 1931 3028 dissimulan-

358 3053 432 3096 ter
460 3053 505 3096 et
535 3045 830 3098 nominatim
858 3063 1029 3099 eorum
1055 3046 1148 3098 sibi
1175 3046 1464 3116 exemplum
1502 3044 1831 3116 etfauctorita
1853 3061 1930 3098 em

359 3186 669 3250 prml'atione
695 3184 763 3238 ad
786 3184 1024 3238 Concilia
1057 3186 1275 3250 Gallice,
1320 3196 1373 3240 et
1411 3184 1655 3237 indicatis
1694 3187 1933 3238 testimo-

357 3257 456 3308 niis
487 3258 791 3310 conllrmat.
819 3258 911 3310 llis
932 3271 1059 3322 ergo
1081 3256 1402 3323 pervulgatis
1427 3255 1818 3308 Gallicanarum
1845 3270 1929 3325 sy-

357 3326 616 3379 nodorum
658 3327 918 3396 exemplis
958 3327 1275 3394 llispauicus
1302 3326 1559 3381 collector
1587 3340 1741 3378 Suum
1784 3326 1932 3379 codi-

355 3412 470 3447 cem
504 3398 864 3466 locupletavit.
897 3400 1036 3450 Duos
1058 3411 1272 3451 errores
1301 3396 1436 3463 apud
1461 3397 1705 3449 eumdem
1731 3397 1780 3448 in
1803 3411 1931 3450 con-

351 3466 481 3520 cilio
507 3466 766 3522 Totctano
786 3483 803 3521 l
827 3467 1123 3522 deteximus
1146 3477 1274 3520 tom.
1309 3468 1485 3530 I|,col.
1525 3467 1658 3520 1579
1685 3482 1746 3520 ac
1776 3467 1928 3532 l380,

357 3545 465 3590 not.
497 3539 554 3601 5.
576 3555 800 3605 quorum
831 3539 1058 3592 altertnn
1083 3550 1345 3606 quatenus
1368 3537 1643 3589 collectori
1675 3537 1932 3604 obrepse-

356 3609 445 3668 rit,
477 3611 874 3676 congruentiori
920 3611 1126 3663 ratione
1163 3609 1548 3675 eitplicagimus
1578 3606 1631 3660 in
1663 3607 1928 3661 Observa-

356 3678 592 3732 tionibus
636 3681 700 3732 ad
737 3679 950 3733 dissert.
993 3679 1053 3732 ιι
1082 3679 1379 3746 ριιθδιιυιιί,
1421 3676 1529 3747 52.
1565 3694 1618 3730 n.
1653 3679 1706 3733 3.
1755 3679 1929 3732 Alium

353 3764 591 3802 errorem
625 3751 677 3802 in
707 3765 772 3802 eo
796 3752 1169 3818 episc0porum
1213 3751 1476 3817 catalogo,
1512 3764 1599 3816 qui
1651 3764 1929 3816 perperam

355 3819 644 3872 attributus
673 3829 756 3873 est
780 3824 1008 3873 concitio
1055 3820 1351 3873 Arelatensi
1391 3835 1458 3884 ιι,
1491 3833 1610 3871 cmn
1648 3819 1712 3870 ad
1747 3821 1932 3872 Atela-

356 3897 508 3942 tense
539 3904 553 3942 ι
587 3890 868 3956 pertineat.
903 3892 1254 3943 indicavimus
1283 3891 1334 3941 in
1361 3890 1675 3941 υὴςθτνηιίο
1700 3889 1834 3941 tibus
1866 3891 1930 3940 ad

353 3961 567 4011 dissert.
595 3960 629 4013 5
659 3961 954 4025 Quesnelli,
984 3971 1111 4012 tom.
1148 3960 1210 4023 ll,
1237 3961 1340 4013 col.
1375 3959 1511 4011 1018
1541 3968 1593 4010 et
1627 3958 1782 4016 1019,
1816 3970 1926 4010 not.

359 4027 446 4081 M.
479 4029 712 4083 Concilia
743 4044 921 4084 autem
955 4031 1236 4098 lliSpmica
1269 4044 1331 4081 ex
1361 4029 1634 4082 codicibus
1667 4028 1931 4082 ECclesia-

359 4115 476 4153 rum
506 4101 778 4168 Hispania:
804 4103 1055 4168 colligere
1086 4099 1337 4167 perfacile
1367 4098 1479 4150 luit.

423 4172 478 4226 ὃ.
521 4167 820 4234 Anti-quam
866 4167 996 4223 vero
1037 4171 1207 4238 ipsam
1255 4168 1626 4221 collectionem
1657 4167 1932 4220 describa-

353 4255 494 4303 mus,
524 4242 768 4310 codicum
797 4256 857 4292 ex
889 4239 1081 4310 quibus
1106 4240 1229 4310 ejus
1249 4239 1538 4310 descriptio
1570 4239 1785 4306 pendet,
1813 4239 1934 4291 bre-

352 4310 432 4362 uis
461 4309 643 4362 notitia
680 4309 1048 4378 prmmittenda
1080 4322 1181 4364 est.
1213 4309 1268 4363 In
1298 4309 1443 4362 Italia
1472 4323 1591 4361 rara
1621 4320 1743 4361 sunt
1775 4310 1932 4376 hujus

351 4380 685 4434 collectionis
709 4383 974 4451 exempla.
1007 4382 1179 4451 Unum
1203 4381 1502 4451 reperimus
1528 4379 1579 4432 iu
1611 4379 1930 4433 bibliotheca

355 4450 903 4543 Yaticanalsignatitxu
927 4469 1074 4543 opm.
1106 4450 1814 4543 15:!,iqu'odnexllleducnsi
1837 4464 1928 4532 seu
1965 4486 2015 4543 Β

353 4524 822 4589 Augustodunensi
865 4524 1133 4578 Gallicana
1171 4522 1406 4575 Ecclesia
1437 4525 1733 4574 traductum
1767 4523 1936 4572 maui-

353 4592 512 4645 l'estat
555 4598 669 4646 haec
701 4594 962 4662 professio
1006 4593 1293 4648 'l'heotardi
1333 4592 1541 4646 abbatis
1587 4593 1645 4644 S.
1692 4591 1933 4658 Martini,

349 4677 469 4729 qua:
500 4665 662 4731 paulo
695 4673 815 4730 post
846 4665 1055 4717 initiutn
1085 4663 1368 4716 recentiori
1398 4663 1709 4716 charactere
1739 4676 1934 4728 scripta

352 4732 548 4804 legitur
573 4750 584 4784 :
612 4733 721 4804 Ego
757 4734 1077 4787 Theotardus
1105 4733 1166 4787 S.
1207 4732 1416 4784 Martini
1457 4732 1664 4804 coartabii
1689 4747 1824 4804 nunc
1842 4749 1936 4804 or.

352 4801 612 4874 dinandus
639 4801 792 4855 abbas
817 4806 1183 4874 subjectionent
1203 4811 1249 4855 et
1277 4803 1607 4874 reverentiam
1634 4817 1663 4852 a
1693 4801 1798 4856 SS.
1833 4801 1934 4855 Pa-

350 4871 511 4925 tribus
541 4871 914 4938 constitutam,
945 4882 990 4926 et
1040 4873 1379 4926 obedientiam
1422 4875 1700 4925 secundum
1750 4887 1938 4934 prtece-

350 4949 490 5010 ptum
522 4942 584 4998 S.
609 4940 874 4996 Benedicti
896 4943 956 4998 S.
989 4941 1085 4997 Dei
1127 4941 1420 4995 Heduensis
1449 4940 1693 4994 Ecclesia:
1724 4942 1776 4994 in
1808 4959 1943 5008 prte-

347 5014 513 5066 sentia
542 5011 613 5068 υ.
655 5015 880 5085 episcopi
913 5014 1176 5083 Aganonis
1197 5015 1215 5082 (
1235 5013 1343 5085 qui
1364 5013 1542 5065 ﬂoruit
1570 5012 1672 5065 sub
1697 5012 1930 5085 medium

347 5085 604 5138 saeculum
646 5082 732 5154 xi)
774 5082 1016 5156 ρει-ρειαί)
1054 5101 1136 5156 me
1172 5082 1518 5156 exbibiturum
1564 5083 1837 5156 promitto,
1885 5093 1932 5138 et

385 5157 558 5223 ropria
583 5153 738 5210 manu
763 5153 935 5224 ﬁrmo.
968 5155 1033 5208 Et
1055 5154 1176 5208 dein
1201 5170 1215 5206 :
1241 5153 1390 5224 Istud
1412 5153 1546 5223 legat
1567 5169 1720 5224 super
1749 5155 1931 5211 altare.

397 5240 495 5279 nos
520 5227 656 5282 alios
680 5223 895 5282 codices
934 5225 1116 5280 videre
1146 5223 1315 5289 licuit,
1348 5224 1574 5277 alterum
1609 5223 1726 5277 Vat.
1759 5225 1930 5280 Palat.

349 5294 488 5364 575,
517 5301 796 5351 conlusnm
838 5305 892 5352 et
921 5296 1165 5351 mutilum
1185 5340 1198 5357 ,
1241 5294 1332 5360 qui
1363 5294 1629 5364 quondam
1675 5295 1933 5363 pertinuit

349 5362 415 5435 ad
444 5366 748 5435 ctenobium
780 5369 837 5422 S.
868 5367 1082 5423 Martini
1131 5362 1444 5435 Moguntiaa;
1486 5362 1712 5419 alterum
1759 5367 1808 5420 in
1849 5365 1929 5420 bi-

348 5432 616 5505 bliotheca
660 5439 1070 5493 eminentissimi
1102 5432 1249 5490 card.
1282 5437 1552 5490 Passionei
1605 5437 1694 5504 qui
1729 5440 1929 5505 pariter

348 5504 568 5556 tnutilus
598 5506 794 5559 saeculo
819 5525 854 5560 χ
895 5509 1214 5563 etfortassis
1249 5509 1407 5561 etiam
1438 5523 1490 5561 ιι
1521 5504 1751 5575 scriptus
1785 5507 1930 5560 tide-

349 5580 455 5627 tur.
484 5578 730 5629 Utnniutn
757 5591 882 5646 vero
905 5579 1402 5646 praestantissimum
1433 5587 1488 5632 et
1510 5577 1930 5631 vetustissimum

347 5646 652 5717 esemplum
681 5645 824 5717 quod
851 5645 914 5700 in
928 5647 1125 5702 Leonis
1155 5647 1402 5717 epistolis
1430 5649 1814 5702 conferendum
1841 5662 1935 5701 cu-

345 5716 607 5783 ravimus,
628 5716 709 5774 cst
734 5717 1038 5774 Caesareum
1064 5716 1477 5774 Vindebonense
1495 5721 1758 5780 signatum
1784 5732 1930 5772 num.

1506 5945 1548 6043 5

2036 1781 2408 1845 Gerundense,
2453 1792 2507 1835 et
2531 1794 2759 1851 quatuor
2787 1782 3059 1838 Gallicana
3100 1781 3478 1847 Laudunense,
3504 1787 3620 1840 No—

2031 1852 2335 1919 viotnense,
2385 1853 2791 1915 Bellovacettse,
2831 1864 2885 1907 et
2933 1853 3342 1908 Snessioneuse.
3412 1855 3624 1911 Iudicat

2029 1922 2188 1994 etiam
2210 1922 2634 1994 Goisliniauutn,
2675 1933 2837 1992 atque
2875 1939 3038 1994 unum
3068 1924 3456 1991 Golbertinum,
3489 1944 3618 1994 quae

2030 1992 2095 2064 ad
2118 1993 2288 2064 hujus
2312 1993 2640 2047 collectionis
2671 1993 2886 2053 codices
2917 1993 3218 2064 llispanica:
3249 1996 3416 2062 magis
3445 1992 3614 2064 quam

2031 2061 2565 2134 Gallicmmioriginis
2591 2065 2837 2123 videntur
2861 2063 3118 2120 accedere
3145 2080 3160 2122 :
3182 2063 3251 2120 de
3278 2061 3504 2134 quorum
3531 2070 3626 2121 di~

2031 2135 2282 2187 scruniue
2316 2133 2344 2205 ς
2372 2136 2407 2189 5
2437 2135 2662 2189 dicetur.

2036 2244 2062 2316 ᾗ
2103 2245 2156 2299 2.
2199 2243 2276 2298 De
2301 2247 2604 2316 primigenia
2628 2247 2784 2316 huius
2809 2247 3120 2301 colledionis
3142 2248 3380 2302 editione.
3417 2247 3620 2302 Tabula

2101 2332 2274 2388 eorum
2303 2334 2417 2388 quae
2444 2320 2495 2369 in
2521 2334 2581 2371 ea
2605 2318 3013 2371 continebantur.
3057 2318 3289 2388 Epistula
3325 2316 3620 2372 Innocentii

2106 2386 2120 2438 Ι
2148 2388 2215 2440 ad
2237 2385 2501 2441 Aurelium
2531 2404 2561 2440 a
2589 2399 2708 2442 nota
2750 2385 3116 2458 suppositionis
3157 2385 3466 2443 Isidoriantz
3492 2393 3615 2444 exi-

2101 2469 2275 2510 mitur.
2765 2465 2770 2467 ’

2103 2549 2155 2602 4.
2197 2547 2329 2601 Cum
2376 2550 2516 2604 inter
2568 2559 2646 2603 tot
2690 2551 2902 2606 codices
2938 2551 3026 2605 alii
3072 2552 3193 2606 aliis
3238 2551 3621 2618 locupletiores

2032 2631 2180 2678 sunt.
2213 2631 2322 2672 tum
2359 2636 2488 2673 vero
2511 2620 2689 2679 nullus
2717 2622 3045 2690 primigenia!
3071 2623 3404 2678 collectionis
3427 2637 3620 2678 exem-

2035 2690 2189 2762 plum
2207 2691 2591 2762 posterioribus
2615 2691 2992 2746 additamentis
3017 2707 3212 2762 expers
3237 2703 3620 2759 repraesentat.

2035 2761 2352 2827 Primigenia
2384 2769 2562 2814 autem
2595 2762 2844 2817 collectio
2873 2777 2941 2816 ex
2977 2761 3150 2816 iudice
3180 2778 3276 2817 seu
3313 2763 3486 2816 tabula
3523 2778 3619 2815 ca-

2033 2829 2321 2902 pitulorum
2363 2832 2538 2902 colligi
2565 2831 2726 2895 solet.
2757 2833 2827 2886 ita
2857 2842 2914 2886 ut
2937 2833 2981 2886 si
3011 2847 3132 2902 quae
3157 2835 3386 2902 capitula
3419 2842 3620 2900 praeter

2032 2900 2274 2982 eamdem
2321 2901 2567 2982 tabulam
2599 2903 2651 2982 in
2695 2915 2922 2982 corpore
2971 2900 3305 2982 inveniantur
3355 2902 3612 2982 [cxcvn]

2033 2970 2318 3038 descripta,
2350 2986 2413 3026 ea
2455 2972 2739 3042 posteriori
2767 2972 3131 3026 additameuto
3177 2970 3472 3028 accessisse
3504 2970 3615 3025 nol

2034 3050 2271 3094 scantur.
2323 3041 2474 3106 Quod
2511 3041 2557 3095 si
2598 3044 2736 3096 inter
2771 3043 2977 3097 tabulas
3000 3043 3330 3099 diversorum
3363 3043 3624 3098 codicum

253 3140 261 3149 -
353 3116 660 3184 sequendam
690 3125 1010 3186 proponunt,
1053 3119 1126 3168 uti
1165 3108 1830 3186 observavit_Sirinondus
1879 3117 1929 3168 iti
1961 3109 2004 3170 C
2036 3111 2275 3186 ejusdem
2293 3112 2636 3186 _oollectionis
2660 3112 2796 3186 alite
2829 3113 3110 3183 pauciora,
3139 3114 3258 3186 alia;
3288 3108 3627 3186 plu‘ra'eapi—

2037 3181 2141 3233 tula
2173 3183 2484 3248 preferant;
2531 3183 2707 3236 tabula
2747 3181 2864 3251 qua)
2899 3198 2966 3238 ex
3001 3181 3338 3252 paucioribus
3362 3185 3630 3252 capitulis

2033 3262 2263 3314 constat,
2285 3252 2614 3321 primigenia;
2635 3252 2965 3307 collectionis
2993 3253 3244 3308 indicium
3265 3253 3502 3308 exhibet.
3529 3253 3628 3307 ln-

2036 3331 2117 3375 ter
2152 3333 2474 3376 memoratos
2500 3335 2678 3378 autem
2705 3324 2919 3378 codices
2943 3325 3276 3379 collectionis
3313 3324 3628 3388 Hispanicae

2040 3393 2291 3464 pauciora
2317 3393 2545 3464 capitula
2580 3393 2827 3464 leguntur
2857 3395 2912 3448 in
2944 3395 3120 3448 tabula
3146 3397 3388 3450 codicum
3423 3395 3629 3449 Vinde-

2037 3461 2328 3534 honensis,
2363 3461 2693 3534 llispalens'is
2735 3463 2959 3528 Perezii,
2993 3463 3458 3534 Rivipullens’ium,
3495 3465 3629 3520 Vat.

2035 3535 2194 3602 1541,
2221 3533 2554 3601 aliorumque
2583 3533 3008 3598 Gallicanorum,
3041 3533 3156 3603 qui,
3187 3535 3284 3590 etsi
3315 3535 3489 3600 aliqua
3523 3549 3652 3590 αι-.

1969 3619 1989 3628 “
2038 3603 2144 3672 pita
2177 3604 2390 3672 corpori
2422 3605 2651 3658 habeant
2680 3607 2898 3664 inserta.
2929 3605 3128 3659 nullam
3163 3614 3341 3659 tamen
3381 3605 3626 3659 additio-

2035 3690 2155 3727 nem
2188 3677 2238 3727 in
2273 3678 2545 3741 praemissa
2577 3677 2933 3743 capitulorum
2977 3676 3150 3729 tabula
3183 3685 3518 3742 ri-ceperunt,
3554 3687 3626 3731 ut

2032 3745 2346 3812 quihusdam
2371 3746 2488 3800 aliis
2513 3746 2813 3815 llispanicis
2832 3746 3226 3814 exemplaribus
3245 3745 3456 3799 accidit.
3478 3745 3627 3800 Hinc

2035 3816 2245 3869 illorum
2279 3818 2458 3870 intacti
2510 3817 2712 3870 indu-es
2754 3832 2849 3871 seu
2896 3817 3087 3870 tabula:
3131 3819 3196 3870 ad
3244 3816 3629 3884 primigeniatu

2036 3885 2192 3954 hujus
2230 3887 2566 3942 collectionis
2597 3887 2888 3941 editionem
2921 3889 3189 3954 pertinere
3227 3889 3345 3952 jure
3384 3888 3658 3940 creduit-.

2038 3965 2139 4006 tur.
2179 3956 2408 4009 Primam
2437 3958 2596 4024 igitur
2625 3958 2791 4023 ipsius
2820 3957 3158 4012 collectionis
3184 3957 3472 4010 editionem
3506 3958 3625 4009 im-

2034 4027 2219 4092 primis
2245 4026 2587 4094 descripturi,
2635 4029 2820 4081 harum
2855 4031 3156 4081 breviorum
3189 4027 3484 4080 tabularum
3533 4027 3632 4079 in-

2035 4096 2173 4148 dicio
2201 4105 2412 4148 utemur
2438 4115 2449 4147 :
2474 4097 2541 4151 de
2570 4097 2948 4153 additamentis
2973 4110 3150 4151 autem
3180 4113 3296 4166 qua:
3321 4107 3500 4166 postea
3527 4111 3630 4151 ac-

2038 4179 2271 4235 cessere,
2305 4166 2557 4235 deinceps
2590 4169 2818 4222 dicetur.

2105 4233 2158 4288 5.
2203 4238 2392 4289 Primae
2437 4233 2604 4306 partis
2636 4240 2810 4292 tabula
2853 4239 2902 4292 in
2936 4238 3004 4292 45
3052 4237 3283 4306 capitula
3333 4237 3628 4306 distingui-

2037 4315 2142 4359 tur.
2195 4307 2566 4362 Praalationem
2614 4308 2770 4378 hujus
2814 4311 2980 4377 partis
3038 4310 3297 4378 integram
3340 4312 3632 4376 praemitti-

2039 4392 2179 4430 mus.

2113 4445 2342 4500 Canonrs
2372 4449 2690 4515 generalium
2714 4449 3049 4502 conciliorum
3071 4465 3101 4500 a
3131 4449 3440 4512 temporibus
3480 4446 3591 4500 Con
3612 4480 3632 4492 ο

2043 4519 2550 4572 διαηιὶηἱειῑυενιιηι.
2596 4518 2658 4570 1η
2709 4520 3111 4585 ρνωσρεάθηιώυε
3155 4536 3370 4587 namque
3419 4519 3572 4568 armis
3612 4561 3626 4576 ,

2046 4590 2390 4654 persecutione
2413 4590 2656 4656 fervente,
2683 4591 3031 4642 docendorum
3055 4591 3274 4656 plebium
3302 4590 3504 4640 minime
3525 4587 3634 4638 da-

2043 4659 2190 4710 batur
2222 4659 2464 4728 facultas.
2494 4657 2623 4713 lnde
2655 4657 3009 4713 Cltristianitas
3048 4661 3098 4710 in
3143 4661 3368 4712 diversas
3408 4657 3634 4708 htrrescs

2045 4730 2204 4781 scissa
2232 4739 2326 4792 est,
2372 4731 2493 4798 quia
2521 4746 2622 4782 non
2663 4741 2770 4784 erat
2817 4731 3023 4782 licentia
3061 4729 3310 4796 episcopis
3361 4730 3413 4780 in
3460 4744 3633 4798 unum

2043 4805 2309 4852 catwcnire
2333 4844 2347 4865 ,
2385 4795 2490 4852 nisi
2533 4800 3067 4870 tentporeisupradicti
3093 4795 3451 4863 imperatoris.
3503 4795 3636 4856 Ipse

2045 4886 2103 4921 en
2130 4885 2180 4921 m
2219 4871 2359 4922 dedit
2404 4869 2698 4939 facultatem
2739 4869 3049 4924 Christianis
3095 4871 3250 4923 libere
3301 4873 3632 4938 congregari.

2047 4941 2156 4995 Sub
2185 4941 2280 4992 hoc
2303 4942 2453 4993 etiam
2479 4941 2586 4995 SS.
2620 4939 2804 4993 Patres
2822 4941 2877 4993 in
2907 4939 3122 4993 concilio
3151 4940 3363 4992 Nicceno
3395 4941 3455 4991 de
3483 4941 3636 4990 omni

2045 5013 2162 5064 orbe
2189 5013 2830 5076 terrarumcanvenientes,
2884 5015 3028 5078 iuxta
3075 5011 3229 5080 ﬁdem
3279 5009 3636 5080 evangeficam

2039 5092 2086 5135 et
2114 5081 2447 5149 apostolicam
2475 5083 2750 5152 secundum
2781 5094 2893 5152 post
2931 5082 3190 5152 apostolos
3216 5083 3499 5152 symbolum
3519 5088 3639 5131 tra-

2040 5152 2303 5223 diderunt.
2337 5152 2567 5217 Quatuor
2587 5149 2757 5206 autem
2782 5149 3104 5223 principalia
3147 5149 3516 5223 esse_concitia
3563 5165 3638 5202 ea:

2038 5223 2224 5292 quibus
2247 5219 2596 5291 plenissimam
2618 5224 2739 5291 ﬁdei
2765 5219 3052 5276 doctrinam
3084 5230 3218 5276 tenet
3258 5219 3490 5273 Ecclesia
3518 5229 3634 5272 tam

2039 5291 2106 5347 de
2138 5291 2336 5354 Patris,
2367 5302 2415 5345 et
2450 5292 2595 5357 Filii,
2623 5291 2672 5346 et
2694 5295 2925 5360 Spiritus
2965 5295 3125 5347 sancti
3152 5293 3439 5357 divinitate,
3469 5305 3648 5358 quam.

2040 5365 2103 5414 de
2150 5363 2381 5430 prwdicti
2436 5361 2561 5415 Filii
2609 5376 2655 5416 et
2705 5364 2989 5417 Saluatoris
3034 5363 3194 5416 nostri
3251 5363 3633 5413 incarnatione.

2045 5435 2198 5504 l’rior
2235 5436 2416 5486 harum
2451 5432 2666 5487 Nictena
2719 5437 2944 5504 synodus
2993 5445 3065 5486 est
3114 5433 3218 5487 5l8
3270 5435 3648 5504 episcoporum.

2038 5503 2373 5558 Constantino
2401 5515 2620 5573 augusto
2651 5503 2933 5570 imperante
2955 5517 3178 5572 perueta,
3205 5505 3255 5555 in
3287 5519 3386 5570 qua
3417 5503 3634 5554 Ariani:

2039 5575 2271 5646 perﬁdia:
2300 5575 2618 5646 blasphemia
2645 5577 2980 5627 condemnata
3005 5615 3018 5635 ,
3067 5592 3171 5645 qua
3220 5573 3632 5644 inatqualitatem

2040 5647 2134 5714 (al.
2163 5647 2226 5699 de
2253 5646 2621 5717 inatqualitate)
2649 5656 2838 5699 sancta:
2871 5646 3135 5717 Trinitatis
3181 5647 3312 5717 idem
3354 5646 3622 5717 Arigs‘as-

2041 5711 2257 5772 serebat.
2295 5711 2377 5770 lta
2401 5711 2882 5771 consubstantialem
2911 5714 3018 5770 Deo
3047 5714 3193 5769 Patri
3231 5716 3393 5769 Deum
3424 5711 3623 5767 Filium
