3954 6194
421 255 527 307 5523'
1879 253 2257 308 PileFA'llO.
3576 245 3685 300 δα)

411 345 853 415 'l‘rccopithteuno,
884 361 1034 413 quem
1064 362 1127 399 ea:
1152 344 1242 400 illo
1279 346 1644 416 transcriptum
1672 347 1863 400 dixeris
1887 362 1909 398 :7
1932 348 2004 397 ita
2032 347 2087 399 in
2113 344 2346 399 omnibus
2378 344 2425 399 ei
2458 344 2700 398 concinit.
2728 344 2791 398 Et
2823 354 2932 398 not.
2961 347 2993 398 7
3024 345 3075 398 in
3107 362 3221 415 cap.
3253 347 3283 399 7
3309 345 3551 412 cpistola
3586 343 3649 396 ιϐ
3676 362 3690 393 τ

416 435 539 487 Hinc
564 436 714 489 verba
739 437 937 489 codices
968 450 1070 487 non
1098 434 1303 501 habent,
1333 435 1559 500 exceptis
1589 432 1838 486 Thuanco
1875 451 1976 487 uno
1998 445 2045 488 et
2073 432 2509 498 Trecopitltozano,
2538 447 2758 499 quorum
2788 449 2922 486 unus
2947 434 3016 484 ad
3044 434 3261 486 alterunt
3288 435 3569 502 exscriptus
3592 443 3687 485 est.

413 527 568 580 Solos
604 527 954 597 epistolarum
1001 524 1193 579 Leonis
1236 523 1495 578 lectiones
1526 524 1794 577 variantes
1828 539 1893 578 ex
1927 520 2372 592 Trecepitltmano
2416 537 2517 577 ms.
2565 535 2861 593 acceperat.
2901 524 2959 581 Si
2998 533 3174 579 autem
3211 534 3377 578 totum
3413 525 3551 579 hunc
3592 528 3691 579 co-

411 619 584 673 dicem
616 607 992 673 conferendum
1041 624 1314 680 curasset,
1359 614 1534 683 ipsum
1567 616 1727 670 etiam
1763 618 1815 670 in
1846 616 2057 670 caeteris
2082 631 2144 670 ac
2180 615 2232 669 in
2274 625 2381 669 tota
2410 615 2726 671 collectione
2753 632 2872 671 cum
2902 618 3157 672 Thuaneo
3189 619 3562 673 consistentem
3594 622 3690 672 de.

411 712 802 778 prehendisset.

494 800 548 853 9.
590 801 685 854 Hie
712 816 840 853 vero
872 799 966 852 fuit
996 802 1197 868 primus
1225 797 1316 868 qui
1342 799 1585 853 eamdem
1613 800 1985 854 collectionem
2009 800 2062 852 in
2085 799 2320 853 editione
2342 799 2398 852 S.
2428 798 2623 852 Leonis
2649 799 2843 867 publici
2862 800 2997 867 juris
3035 800 3157 853 fecit
3182 811 3327 853 tomo
3355 800 3490 860 apud
3516 798 3692 869 ipsum

418 895 674 951 secundo.
710 892 812 946 hoc
838 893 993 947 titulo
1020 892 1196 947 eidem
1224 893 1446 960 praefixo
1471 908 1485 943 ;
1509 893 1780 959 Appendix
1808 892 1877 945 ad
1905 892 2070 944 sancti
2100 891 2282 946 Leonis
2309 890 2489 961 Magni
2510 906 2702 969 ‘opera,
2733 908 2818 944 seu
2856 896 3013 945 codex
3047 908 3296 946 canonum
3328 895 3697 946 ecclesiastico-

410 1002 521 1037 rum
541 996 586 1039 et
612 990 997 1044 constitutorum
1022 999 1213 1044 sancta:
1238 990 1374 1043 sedis
1411 989 1708 1055 apostolicte
1740 988 1967 1040 nomium
1993 987 2080 1053 qui
2106 988 2366 1057 hucusque
2390 988 2708 1056 prodierunt,
2734 988 3100 1039 vetustissimus
3129 997 3175 1038 et
3207 987 3366 1055 ampli
3393 988 3573 1049 simus,
3604 991 3696 1050 qui

408 1082 611 1151 quidem
644 1084 695 1135 iit
725 1100 819 1137 usu
850 1085 945 1154 fuit
979 1085 1033 1136 in
1058 1084 1289 1137 Ecclesia
1319 1082 1552 1135 Romana
1597 1080 1898 1134 Innocentio
1931 1081 1971 1142 l,
1998 1079 2228 1147 Zosimo,
2255 1093 2350 1131 etc.
2370 1120 2386 1142 ,
2419 1095 2479 1130 ac
2508 1077 2677 1131 Leone
2703 1076 2718 1130 Ι
2747 1077 3088 1148 pontiﬁcibus,
3120 1094 3255 1130 nunc
3281 1074 3501 1146 primum
3521 1079 3693 1132 editus

408 1185 436 1223 e
459 1187 578 1224 mss.
607 1174 863 1227 codicibus
891 1174 1133 1227 Thuaneo
1162 1183 1210 1228 et
1242 1170 1548 1244 Odontensi.
1579 1171 1802 1226 Brevius
1832 1184 2008 1223 anzem
2041 1170 2092 1222 in
2121 1168 2295 1222 fronte
2326 1168 2582 1236 cujusque
2614 1168 2817 1237 paginaI
2837 1184 2852 1220 :
2876 1165 3051 1221 Codex
3075 1183 3348 1225 canonum.
3382 1184 3471 1220 seu
3497 1166 3693 1220 consti-

408 1274 633 1319 tutorum
666 1268 907 1322 Ecclesia:
936 1269 1206 1333 Romanis,
1234 1268 1324 1334 qui
1347 1267 1531 1320 titulus
1573 1265 1902 1335 frequentius
1941 1264 2161 1334 allegari
2188 1256 2489 1317 consuevit.
2518 1261 2626 1341 Cur
2655 1269 2831 1313 autem
2860 1260 2997 1313 hanc
3025 1258 3397 1314 collectionem
3431 1261 3693 1314 Humana

410 1356 662 1410 Ecclesiae
707 1360 984 1422 tribuerit,
1019 1360 1320 1429 Leonisque
1348 1357 1604 1426 operibus
1629 1356 1942 1426 subjecerit.
1988 1355 2361 1423 exponendum
2402 1362 2504 1406 est.
2533 1353 2664 1407 Cum
2700 1355 2753 1419 in
2792 1351 3080 1407 editionem
3110 1354 3420 1406 earumdem
3450 1352 3691 1421 operum

408 1449 818 1517 emendandam,
861 1453 945 1505 vel
979 1450 1276 1520 augendam
1304 1450 1519 1507 codices
1551 1450 1783 1520 undique
1827 1449 2157 1517 exquireret,
2187 1447 2429 1513 contigit,
2460 1454 2517 1497 ut
2542 1446 2608 1496 ab
2651 1442 2896 1498 Eduardo
2934 1429 3206 1501 Bernardo
3234 1442 3560 1523 amicissitno
3594 1458 3698 1497 suo

409 1543 692 1610 acceperit,
717 1541 769 1595 in
796 1544 1089 1606 Oxoniensi
1120 1543 1443 1599 bibliotheca
1472 1541 1893 1608 manuscriptum
1918 1541 1968 1609 7
1994 1539 2304 1606 exemplum
2332 1536 2581 1601 inveniri,
2612 1535 2664 1587 in
2688 1550 2793 1603 quo
2821 1542 3016 1604 prater
3037 1549 3320 1589 sermones
3345 1543 3401 1587 et
3425 1534 3699 1602 epistolas

410 1632 466 1685 5.
514 1631 706 1685 Leonis
733 1632 849 1686 haec
871 1633 1118 1687 collectio
1146 1632 1545 1688 continebatur.
1579 1631 1657 1687 Ex
1697 1629 2004 1700 hujusmodi
2033 1639 2209 1683 autem
2253 1642 2474 1696 operum
2504 1627 2562 1681 S.
2598 1626 2792 1680 Leonis
2827 1635 2882 1681 et
2913 1626 3070 1694 hujus
3102 1626 3438 1701 collectionis
3469 1626 3697 1694 conjun—

411 1725 588 1777 ctione
614 1723 667 1776 in
698 1725 886 1779 eodem
912 1724 1098 1779 codice
1128 1723 1447 1790 Quesnellns
1480 1722 1649 1778 facilis
1675 1722 2009 1792 conjectator
2043 1721 2211 1788 ipsam
2235 1719 2606 1774 collectionem
2634 1717 2928 1781 Romanam
2949 1726 3006 1773 et
3028 1719 3127 1773 sub
3148 1718 3327 1773 Leone
3354 1718 3696 1787 potissimum

411 1828 509 1865 usu
553 1825 824 1882 receptam
870 1815 1174 1884 suspicatus
1219 1826 1322 1871 est.
1369 1814 1553 1885 Itaque
1605 1815 1750 1871 illam
1799 1813 1986 1871 fusiorl
2024 1813 2383 1882 disputatione
2423 1811 2583 1867 talem
2612 1810 2950 1867 constituere
2984 1819 3039 1864 et
3073 1812 3124 1864 in
3164 1813 3470 1879 Appian-tice
3502 1811 3699 1863 Leonis

418 1909 580 1964 cdere
615 1895 817 1963 statuit.
1802 1944 1807 1947 τ
2035 1939 2045 1949 -
3388 1950 3393 1953 .

488 2000 541 2053 3.
588 2000 733 2053 lianc
763 2014 892 2054 vero
921 1997 1291 2054 collectionem
1325 1996 1507 2054 haberi
1551 2012 1659 2051 non
1697 2010 1858 2066 posse
1887 1995 2125 2050 codicem
2156 2008 2420 2049 canonum
2451 1993 2704 2048 Romanae
2735 1991 2986 2048 Ecclesiae
3017 1992 3225 2062 publica
3254 1993 3575 2053 auctoritate
3621 1996 3699 2046 ln-

410 2090 715 2153 rnbratum,
746 2097 801 2142 et
828 2088 1054 2155 editum,
1084 2104 1290 2159 usuque
1319 2095 1592 2155 receptum
1612 2087 1733 2141 ‘sub
1770 2086 1828 2142 S.
1861 2086 2073 2152 Leone,
2113 2085 2197 2140 vel
2224 2082 2581 2140 anterioribos
2612 2084 3104 2154 posterioribusque
3146 2083 3388 2153 ejusdem
3429 2085 3693 2140 Ecclesize

419 2180 779 2248 pontificibus,
812 2180 986 2250 palam
1017 2181 1107 2235 fiet
1140 2196 1207 2235 ex
1244 2178 1717 2235 Observationibus
1743 2192 1879 2247 quas
1913 2177 2258 2247 subjiciemus
2286 2174 2648 2231 dissertationi
2677 2174 2744 2228 l2
2776 2217 2792 2241 ,
2835 2175 2886 2229 in
2915 2186 3018 2244 qua
3055 2188 3207 2228 suam
3248 2174 3570 2228 sententiam
3612 2176 3649 2229 il
3674 2190 3701 2230 c

416 2275 737 2328 conﬁrmare
761 2287 824 2326 ae
844 2272 1055 2327 munire
1080 2273 1322 2341 pluribus
1348 2269 1647 2326 contendit.
1678 2268 1807 2324 inde
1836 2270 1998 2323 etiam
2030 2267 2369 2323 manifestum
2400 2267 2522 2335 erit,
2561 2267 2799 2335 ejusdem
2827 2278 3099 2321 auctorem
3138 2267 3300 2322 fuisse
3339 2267 3608 2337 privatum
3640 2284 3704 2324 ac

412 2365 708 2420 studiosum
745 2367 915 2417 virum
952 2365 1103 2418 nobis
1128 2364 1392 2431 ignotum,
1422 2362 1499 2416 uti
1529 2362 1726 2415 Petrus
1756 2360 1994 2415 Pithmus
2019 2370 2177 2414 antea
2198 2359 2442 2413 laudatus
2468 2369 2825 2427 persenserat.
2858 2355 2918 2412 In
2942 2356 3125 2412 Galliis
3155 2368 3333 2411 autem
3363 2373 3482 2411 eam
3507 2360 3704 2414 condi—

413 2464 542 2520 tam,
574 2471 635 2511 ac
664 2448 889 2524 proinde
914 2468 1015 2508 nec
1041 2453 1301 2520 Italicam,
1330 2452 1428 2509 sed
1460 2450 1794 2506 Gallicanam
1824 2450 2203 2506 collectionem
2229 2463 2371 2520 esse,
2404 2449 2788 2520 probabilibus,
2812 2459 2868 2503 ut
2889 2449 3043 2504 nobis
3072 2448 3703 2520 videntur,‘conjecturis

421 2548 794 2603 indicabimus.
3061 2580 3073 2591 .

488 2640 543 2692 4.
587 2638 699 2692 Duo
727 2638 792 2691 de
825 2636 927 2691 hoc
962 2649 1225 2690 canonum
1255 2644 1310 2690 et
1348 2634 1789 2691 constitutionum
1834 2632 2021 2689 codice
2048 2634 2102 2688 in
2135 2632 2357 2688 recitata
2399 2631 2688 2702 epigrapbe
2726 2629 3008 2686 affirmavit
3050 2628 3393 2699 Quesnellus,
3439 2636 3702 2692 nimirum

413 2731 651 2787 omnium
679 2730 767 2800 qui
792 2730 1047 2784 hactenus
1075 2728 1387 2798 prodierunt
1418 2742 1540 2783 esse
1571 2728 1967 2783 uetustissimum
1997 2740 2049 2781 et
2076 2726 2474 2793 amplissimum.
2508 2727 2619 2780 Hoc
2656 2729 2949 2780 secundum
2979 2727 3193 2782 defendi
3223 2730 3447 2797 nequiit:
3472 2731 3704 2798 amplior

413 2821 557 2876 extim
583 2828 669 2875 est
699 2819 866 2874 multo
903 2819 1043 2875 inter
1065 2831 1289 2875 caeteras
1328 2818 1519 2874 lsidori
1542 2818 1813 2885 collectio,
1844 2831 1967 2887 quas
1992 2830 2146 2882 sane,
2179 2817 2498 2871 adulterinis
2527 2818 2689 2871 etiam
2730 2818 2974 2883 omissis,
3011 2818 3167 2889 longe
3196 2820 3344 2889 plura
3374 2820 3704 2878 documenta

413 2911 806 2981 complectitur.
844 2909 1228 2964 Vetustissimus
1258 2924 1387 2963 vero
1416 2908 1661 2963 codicum
1706 2911 1965 2962 hactenus
2003 2907 2292 2973 editorum,
2336 2908 2423 2975 qui
2451 2906 2704 2961 exhibent
2730 2922 2967 2964 canones
3003 2911 3159 2964 simul
3195 2920 3249 2965 et
3282 2913 3706 2969 constitutiones

415 3001 559 3055 sedis
590 3000 918 3067 apostolicae,
948 3007 1171 3052 eatenus
1207 2998 1313 3051 dici
1346 3005 1543 3067 potest,
1571 3006 1833 3066 quatenus
1862 2994 2011 3049 nulla
2036 2995 2355 3049 documenta
2385 2996 2626 3048 continet
2662 3012 2781 3064 qua:
2816 2998 2926 3052 sint
2951 3003 3247 3066 posteriora
3285 3000 3531 3065 Gelasio;
3563 3016 3695 3055 cum

415 3090 535 3142 alia:
550 3088 896 3142 collectiones
925 3097 1082 3140 antea
1115 3087 1254 3156 typis
1279 3087 1417 3139 data:
1442 3086 1619 3154 aliqua
1651 3087 2011 3155 posteriorum
2039 3084 2350 3152 pontificum
2384 3082 2689 3154 praeferant,
2725 3095 2779 3140 ut
2806 3088 2889 3140 vel
2913 3103 2980 3142 ex
3012 3072 3332 3159 Dionysiana
3360 3070 3707 3162 cognoscere

414 3180 559 3236 licet.
592 3179 755 3233 Recte
780 3189 958 3232 autem
1003 3181 1191 3232 statuit
1216 3177 1277 3232 P.
1306 3175 1653 3233 Constantius
1683 3176 1739 3231 in
1770 3175 2083 3247 praefatione
2112 3176 2179 3230 ad
2211 3188 2339 3230 tom.
2364 3178 2382 3232 l
2411 3178 2768 3244 Epistolarum
2794 3179 3156 3236 Romanorum
3191 3182 3520 3250 pontiﬁcum,
3554 3187 3707 3241 hunc

415 3272 657 3341 codicem
680 3269 781 3323 sub
800 3270 999 3324 Gelasii
1019 3285 1190 3324 aevum
1219 3269 1380 3322 fuisse
1410 3269 1700 3338 digestum.
1728 3267 1858 3321 Cum
1876 3267 2033 3331 enim,
2058 3268 2231 3336 inquit
2252 3284 2404 3323 num.
2425 3268 2518 3335 7L,
2538 3284 2604 3321 ea:
2621 3269 2764 3338 puris
2790 3271 3019 3340 putisqu
3043 3270 3332 3327 Gefasiante
3350 3277 3583 3341 epistola:
3608 3281 3705 3345 (de

415 3361 567 3417 libris
589 3357 931 3428 apocryphis)
958 3359 1112 3411 verbis
1136 3360 1359 3429 conﬂata
1379 3358 1444 3411 sit
1470 3357 1641 3427 prima
1667 3372 1755 3410 nec
1786 3356 1996 3408 minima
2018 3372 2137 3425 pars
2165 3357 2509 3427 praefationis,
2528 3367 2577 3410 et
2603 3357 2734 3410 nihil
2752 3359 2933 3413 habent
2960 3362 3120 3416 codex
3147 3365 3285 3432 quod
3311 3363 3503 3419 Gelosii
3532 3384 3705 3421 meum

416 3452 654 3516 excedat,
684 3450 815 3503 illud
838 3465 961 3504 sane
989 3462 1286 3518 argumento
1315 3459 1387 3503 est
1426 3465 1543 3504 eum
1572 3450 1660 3516 qui
1698 3448 1791 3502 sub
1815 3447 2010 3502 Geiasii
2037 3448 2361 3516 pontiﬁcatu,
2393 3450 2469 3503 uel
2498 3449 2638 3501 haud
2663 3450 2825 3503 multo
2851 3461 2999 3521 post,
3028 3456 3241 3524 primum
3279 3457 3443 3510 codici
3485 3476 3705 3513 manum

415 3544 663 3609 admovit,
692 3544 925 3596 ultimam
959 3542 1123 3596 eidem
1152 3541 1481 3613 imposuisse;
1522 3539 1674 3609 atque
1702 3537 1828 3591 dum
1858 3534 1999 3592 Dario
2032 3538 2367 3593 conciliorum
2396 3539 2792 3609 pontiﬁcumque
2819 3542 3019 3596 decreto
3040 3542 3315 3615 compilet,
3351 3546 3433 3601 his
3470 3549 3706 3603 intersiti.

415 3638 604 3690 scuisse
630 3651 691 3689 ea
720 3650 831 3703 qua:
848 3633 944 3686 sibi
966 3643 1085 3687 nota
1109 3641 1275 3699 erant,
1303 3642 1353 3687 et
1381 3632 1663 3702 faniiliaria
1687 3629 1881 3685 Getasii
1909 3639 2118 3685 statuta.
2145 3630 2306 3685 Putat
2324 3629 2646 3698 Quesnellus
2673 3646 2790 3687 eam
2824 3633 3023 3688 codicis
3058 3644 3265 3704 partem
3294 3651 3415 3708 quas
3437 3638 3705 3696 Constan-

415 3728 793 3798 tinopolitanos
823 3742 1057 3782 canones
1097 3726 1337 3791 exhibet,
1384 3736 1506 3796 pust
1531 3725 1776 3795 Gregorii
1804 3723 1980 3793 Magni
2006 3732 2217 3778 etatem
2247 3724 2484 3777 additam
2527 3722 2711 3778 fuisse.
2738 3727 2808 3777 At
2841 3726 2893 3779 id
2917 3741 2978 3780 ea
3021 3728 3076 3780 in
3118 3730 3401 3799 Itypotltesi
3444 3734 3702 3801 conjicit,

416 3821 556 3888 quod
587 3820 632 3874 is
664 3820 906 3888 publicus
945 3819 1201 3874 Remane:
1230 3819 1491 3873 Ecclesia:
1537 3819 1710 3872 codex
1758 3817 2013 3883 inerit,'a
2053 3831 2160 3885 quo
2198 3817 2394 3871 laudati
2423 3831 2659 3872 canones
2687 3830 2856 3887 usque
2897 3819 2962 3872 ad
3003 3818 3316 3889 Gregorium
3351 3825 3368 3876 Ι
3397 3825 3708 3879 certissime

417 3912 690 3963 abessent.
718 3904 852 3962 Cum
890 3923 1019 3962 vero
1048 3911 1162 3962 hmo
1191 3906 1504 3976 hypothesis
1529 3910 1750 3962 omnino
1776 3908 1850 3960 sit
1878 3907 2030 3971 falsa,
2060 3906 2192 3960 nihil
2216 3906 2441 3975 impedt
2462 3909 2591 3976 quin
2612 3907 2772 3960 iidem
2799 3921 3033 3964 canones
3053 3910 3125 3963 ita
3148 3911 3271 3966 hu¥c
3289 3912 3458 3967 codici
3490 3918 3707 3984 prirato

417 4000 604 4054 inserti
635 3998 836 4055 fuerint
876 4001 978 4057 sub
1007 3998 1251 4064 Gelasio,
1281 3999 1423 4053 sicut
1449 3999 1506 4053 in
1532 4000 1651 4052 aliis
1686 3998 1903 4068 privatis
1932 3998 2340 4053 collemionibus
2367 4005 2494 4052 ante
2526 3997 2609 4052 vel
2647 3999 2805 4066 paulo
2831 4008 2952 4069 post
2978 3999 3249 4056 Gelasium
3297 4004 3591 4060 lucubratis
3626 4008 3706 4061 in-

418 4093 701 4147 veniuntur
730 4092 935 4146 inserti.
968 4089 1168 4147 Confer
1192 4097 1407 4145 nostras
1427 4090 1846 4149 Observationes
1870 4091 1938 4143 ad
1967 4090 2183 4146 dissert.
2220 4091 2286 4145 l9
2312 4090 2587 4156 Quesnelli
2611 4105 2729 4160 cap.
2749 4092 2787 4145 2
2826 4108 2882 4149 n.
2908 4092 2965 4148 8.

442 4260 445 4263 _
487 4182 542 4237 5.
585 4181 952 4236 Praestantiatn
990 4196 1121 4234 vero
1151 4181 1308 4249 hujus
1337 4182 1669 4235 collectionis
1698 4181 1807 4236 duo
1834 4182 2169 4250 potissimum
2197 4191 2465 4238 astruunt.
2502 4184 2684 4238 Primo
2709 4185 2912 4253 aliquot
2948 4189 3173 4257 insignia
3204 4189 3521 4245 documenta
3568 4206 3705 4249 con-

418 4276 551 4330 tinet
576 4292 695 4345 quin
717 4292 777 4330 ex
808 4276 905 4330 hac
933 4292 1034 4330 una
1058 4276 1383 4345 collectione
1409 4277 1476 4331 ad
1505 4292 1607 4331 nos
1626 4287 2019 4346 pervenerunt.
2044 4279 2120 4332 Ita
2145 4278 2336 4333 Petrus
2363 4278 2606 4334 Grahbns
2636 4294 2703 4334 ex
2736 4292 2949 4337 vetusto
2975 4285 3132 4353 hujus
3154 4287 3489 4343 eolleetionis
3515 4305 3705 4345 exem-

420 4367 506 4436 plo
535 4368 702 4422 edidit
729 4369 1008 4436 epistolam
1041 4368 1253 4424 Miloni!
1283 4378 1337 4424 et
1363 4378 1689 4425 cancrorum
1722 4370 2097 4439 episcoporum
2137 4370 2434 4437 provinciae
2470 4370 2758 4441 Byzaceme
2792 4373 3061 4430 breviario
3087 4378 3355 4433 canonum
3389 4381 3706 4450 Hipponem-

418 4461 555 4516 sium
589 4464 914 4531 praemissam
961 4477 1083 4533 cap.
1123 4465 1192 4530 2,
1224 4462 1450 4533 aliaque
1477 4465 1736 4519 nonnulla
1779 4480 1899 4534 quae
1941 4463 2156 4519 aliunde
2199 4480 2304 4518 non
2347 4472 2665 4533 suppetunt;
2710 4477 2765 4520 et
2807 4468 3091 4524 cardinalis
3133 4471 3393 4528 Baronius
3439 4476 3700 4541 quasdam

418 4558 723 4625 imperiales
768 4559 910 4628 leges
950 4558 1211 4614 adversus
1241 4559 1559 4630 Pelagianos
1593 4573 1657 4613 ex
1699 4574 1802 4616 ms.
1844 4558 2179 4614 Atreltatensi
2224 4559 2466 4627 ejusdem
2506 4560 2839 4617 collectienis
2866 4564 2934 4618 ab
2958 4563 3191 4622 Henrico
3217 4565 3414 4623 Gravio
3449 4578 3701 4639 acceptas

416 4651 717 4706 Annalibus
744 4652 998 4717 inseruit,
1035 4668 1164 4719 quas
1193 4651 1244 4704 in
1274 4653 1396 4706 aliis
1437 4651 1847 4705 collectionibus
1880 4649 2077 4705 frustra
2115 4652 2379 4718 requires.
2422 4651 2668 4707 Secundo
2704 4653 2809 4707 etsi
2835 4654 2938 4708 alia
2983 4656 3241 4727 pleraque
3266 4657 3585 4717 documenta
3620 4662 3702 4716 to-

416 4751 571 4796 vcnta
615 4745 724 4797 sint
754 4745 805 4797 in
836 4744 954 4797 aliis
980 4745 1255 4798 COdlClblIS
1302 4743 1644 4814 Dionysianis
1665 4786 1681 4810 ,
1712 4741 2038 4811 llispanicis,
2071 4743 2409 4807 lsidorianis;
2454 4756 2577 4796 cum
2610 4751 3002 4806 tamenauctor
3037 4757 3236 4805 nostra:
3268 4752 3607 4807 collectionis
3634 4770 3699 4806 cx

418 4836 499 4887 his
532 4833 764 4888 fontibus
792 4851 896 4890 non
925 4837 1175 4899 ebilierit,
1203 4836 1298 4888 sed
1323 4850 1390 4888 ex
1411 4836 1529 4889 aliis
1552 4834 1947 4902 antiquioribus
1971 4833 2373 4902 exemplaribus
2392 4833 2583 4888 eadem
2612 4833 2932 4889 documenta
2968 4838 3259 4907 derivarit;
3283 4842 3702 4898 diversas‘iden—

335 4958 339 4962 -
417 4928 601 4993 tidem,
633 4937 689 4982 et
717 4944 824 4982 non
856 4945 976 4982 raro
1003 4930 1161 4982 etiam
1192 4930 1513 4984 sinceriores
1545 4930 1826 4993 lectiones,
1856 4944 1921 4983 ac
1947 4943 2332 4999 nonnunquam
2383 4930 2675 4996 integriora
2696 4944 2909 5000 quoque
2934 4942 3275 4990 monumenta
3303 4937 3369 4989 ad
3393 4951 3490 4989 nos
3523 4946 3701 4990 trans-

419 5021 586 5073 misit.
615 5017 732 5072 Non
762 5020 1028 5073 neminem
1062 5018 1308 5073 fortassis
1348 5018 1477 5073 illud
1518 5018 1782 5085 offendet,
1814 5019 1954 5086 quod
1985 5018 2319 5088 supposititia
2350 5016 2409 5072 S.
2436 5016 2731 5072 Clementis
2756 5021 2981 5085 cpistola
3002 5020 3068 5075 ad
3091 5022 3348 5078 Jacobum
3377 5025 3432 5079 in
3462 5025 3701 5080 liaccol-
3772 5024 3782 5032 ’

419 5114 645 5168 lectione
675 5124 889 5181 recepta
937 5112 1114 5168 fuerit.
1149 5119 1216 5167 At
1242 5130 1361 5167 cum
1395 5130 1456 5167 ea
1491 5113 1682 5167 llufino
1732 5118 2026 5180 interprete
2067 5112 2283 5181 vulgata
2319 5111 2419 5179 sit,
2466 5111 2691 5179 ejusque
2734 5114 3025 5168 auctoritas
3090 5115 3145 5168 in
3173 5113 3445 5171 Gallicana
3488 5116 3700 5189 synodo

420 5201 761 5258 Vasensi‘an.
802 5204 907 5257 442
946 5218 1066 5256 can.
1099 5202 1131 5255 6
1157 5206 1173 5272 (
1198 5203 1384 5256 saltem
1429 5216 1477 5256 ut
1515 5205 1752 5272 plerique
1782 5202 1997 5256 codices
2028 5201 2239 5267 ferunt)
2270 5201 2498 5267 laudata,
2540 5201 2671 5255 nihil
2709 5202 2905 5257 mirum
2953 5206 3003 5258 si
3042 5208 3095 5259 in
3137 5208 3274 5260 hanc
3316 5206 3695 5263 collectionem

419 5288 743 5344 Gallicanam
775 5294 1013 5346 traducta
1060 5292 1179 5348 fuit.

489 5380 543 5434 6.
580 5381 729 5434 Nunc
755 5386 818 5436 de
844 5400 995 5439 omne
1036 5386 1282 5442 editionis
1307 5389 1630 5440 necessitate
1659 5394 1712 5439 ct
1751 5385 2003 5443 utilitate.
2030 5399 2096 5437 ac
2117 5384 2184 5438 de
2214 5384 2466 5440 subsidiis
2505 5387 2558 5440 in
2601 5401 2717 5440 eam
2745 5387 3110 5443 recudendam
3136 5388 3394 5444 adhibitis
3417 5391 3569 5462 plura
3610 5392 3693 5445 dt-

419 5471 583 5525 cendi
611 5481 754 5526 sunt.
787 5474 1103 5538 Quesnctlus
1134 5481 1269 5530 hanc
1299 5478 1665 5532 collectionem
1702 5493 1809 5530 non
1852 5477 2074 5529 omnino
2107 5475 2398 5545 integram,
2441 5491 2541 5532 nec
2570 5491 2691 5531 cum
2722 5478 3035 5534 melioribus
3068 5495 3133 5533 ac
3160 5480 3546 5537 sint-erieribns
3580 5485 3694 5551 ejus

419 5559 734 5617 lectiooibus
780 5563 975 5631 tibique
1014 5567 1196 5621 edidit.
1238 5568 1290 5621 ld
1330 5584 1393 5622 ex
1432 5585 1497 5622 eo
1538 5578 1716 5622 ortum
1748 5569 1928 5633 habet,
1966 5568 2105 5637 quod
2151 5568 2506 5622 recentiorem
2554 5570 2793 5635 codicem
2834 5572 3218 5635 OXonienscm.
3261 5575 3314 5629 in
3360 5576 3548 5646 quos
3589 5578 3699 5648 alia.

419 5650 637 5718 omissa,
665 5652 762 5705 alia
791 5663 986 5721 praeter
1011 5656 1299 5709 vetustioru
1326 5674 1354 5707 ιι
1384 5657 1770 5724 exemplarium
1806 5657 1963 5709 tidem
1996 5656 2232 5711 studiosi
2259 5657 2553 5727 cujuspiam
2585 5661 2807 5715 arbitrio
2834 5663 3116 5716 emendata
3148 5662 3317 5731 fuere,
3353 5676 3570 5722 secutus
3595 5669 3687 5723 sit.
