3954 6194
179 308 259 364 7.57
1573 319 1740 375 PRAS‘

1833 320 1956 375 ΠΟ.
3293 319 3394 374 338

173 422 340 476 Parata
368 424 569 491 quidem
606 424 759 495 lmjus
789 428 1117 483 collectionis
1147 428 1384 485 editione
1417 428 1729 485 'I'buaneum
1759 434 2115 500 antiquiorem
2141 438 2191 485 et
2219 430 2394 499 probe
2421 439 2558 483 uota!
2590 428 2828 483 codicem
2859 427 3083 496 accepit.
3117 430 3183 481 At
3210 442 3305 481 nec
3330 444 3392 478 ex

173 532 225 565 θ’
253 518 504 580 mittilevit
531 518 704 570 munia
737 532 857 587 qua:
887 517 938 571 in
972 519 1263 575 Oxoniensi
1292 519 1665 575 desiderantur
1688 523 1872 591 (unam
1906 533 2108 576 tantum
2138 520 2337 575 Gelasii
2366 522 2669 589 epismlam,
2699 528 2753 574 et
2786 522 3019 588 regulam
3052 520 3395 575 formatarum

170 620 224 655 ex
255 605 611 673 ipsiiadjei-it),
656 622 754 659 nec
797 609 996 675 recepit
1028 608 1143 677 ejus
1174 609 1429 665 lectiones
1461 610 1561 665 nisi
1592 610 1645 665 in
1679 611 2013 681 paucissimis
2037 611 2199 675 locis;
2232 612 2466 679 reliquas
2491 624 2621 663 vero
2647 609 2734 663 vel
2765 611 2949 676 rejccd
2988 610 3039 663 in
3080 613 3395 677 marginem,

173 693 244 743 νιι
271 696 478 747 omnino
508 696 869 762 piatermisit.
902 697 1035 751 IIinc
1060 698 1182 766 jure
1217 699 1276 753 P.
1304 698 1652 753 Constantius
1679 700 1730 754 in
1764 700 1977 754 laudata
2004 701 2311 769 praefatione
2337 714 2482 752 num.
2512 698 2602 764 88,
2635 708 2910 767 postquam
2942 699 3154 766 scripsit
3188 718 3199 751 :
3230 698 3398 753 Unum

170 794 249 849 est,
288 795 549 851 antequam
590 789 980 854 concludamus,
1011 788 1193 855 dequo
1238 792 1460 844 monitos
1495 792 1711 845 lectores
1754 791 1983 854 velimus,
2027 796 2141 865 ejus
2168 793 2408 845 nimirum
2437 792 2624 844 codicis
2653 807 2799 860 quem
2827 793 2891 844 de
2919 790 3198 846 Oxonieusi
3233 808 3408 846 exent-

172 875 288 940 plari
315 877 569 945 descripsit
598 874 928 945 Quesuelltts,
956 878 1108 945 plura
1130 881 1183 932 in
1210 877 1500 933 Gallicanis
1529 880 1841 934 bibliothecis
1863 882 2113 935 asservari
2141 882 2393 951 exempla,
2425 896 2643 945 quorum
2672 879 2875 932 nullum
2914 878 3188 932 Oxonieusi
3217 896 3315 932 non
3338 880 3397 930 sit

115 992 119 996 ι
173 967 311 1020 multo
339 967 626 1037 antiquius;
649 970 932 1023 recensiiis
969 973 1202 1040 quinque
1234 972 1695 1040 prazstantioribus
1725 987 1855 1025 mss.
1901 972 2127 1041 subjecit
2157 989 2170 1025 :
2204 972 2455 1024 Addimus
2481 980 2529 1023 et
2562 971 2740 1023 [torum
2764 970 3110 1037 exemplorum
3147 987 3243 1040 ope
3279 986 3397 1039 pero

174 1056 337 1119 multa,
372 1072 485 1127 quia
512 1059 564 1110 in
588 1059 848 1130 vulgatum
877 1064 925 1129 (a
957 1060 1269 1130 ansnello)
1300 1064 1525 1117 codicem
1549 1063 1797 1133 irrepsere
1818 1067 2000 1117 menda
2022 1063 2302 1116 emaculari
2327 1076 2474 1129 posse
2495 1077 2515 1117 :
2537 1060 2770 1129 adjicere
2800 1066 3027 1129 poterat,
3053 1068 3102 1114 et
3130 1063 3400 1113 nonnullos

174 1146 301 1197 etiam
322 1145 547 1217 defectus
567 1149 819 1217 suppleri.
846 1148 1030 1217 Itaque
1060 1158 1118 1203 ut
1148 1149 1352 1218 integra
1379 1161 1433 1206 et
1462 1151 1798 1207 emendatior
1821 1152 1933 1205 haec
1953 1150 2204 1205 collectio
2235 1151 2604 1214 recuderetur,
2638 1150 2893 1203 nonnulla
2925 1148 3225 1214 inserenda,
3250 1151 3398 1219 plura

174 1251 281 1288 vero
309 1238 621 1307 corrigenda
651 1238 887 1293 fuerunt.
912 1239 1073 1293 Multa
1103 1254 1233 1295 vero
1261 1241 1533 1311 diligeiltia
1566 1243 1617 1297 in
1648 1241 1845 1298 Italicis
1870 1242 2207 1298 bibliothecis
2227 1242 2488 1308 adhibita,
2519 1241 2720 1295 nullum
2747 1241 2912 1310 ipsius
2940 1241 3267 1297 collecticiiis
3297 1258 3396 1297 ms.

173 1330 420 1397 exemplar
445 1331 584 1399 quod
618 1332 771 1385 nobis
798 1332 1040 1386 subsidio
1066 1342 1233 1397 esset,
1280 1334 1519 1387 invenire
1548 1335 1753 1401 uspiam
1787 1335 2076 1402 potuimus.
2104 1337 2171 1387 At
2196 1332 2331 1386 duos
2356 1332 2570 1385 codices
2603 1330 2742 1384 nacti
2782 1345 2967 1383 sumus
2991 1332 3045 1383 in
3081 1331 3402 1386 bibliotheca

173 1420 389 1475 Caesarea
420 1421 837 1487 Vindebonensi,
877 1438 1104 1492 quorum
1141 1425 1276 1479 alter
1312 1425 1555 1493 signatur
1601 1441 1748 1480 unm.
1788 1424 1875 1492 59,
1906 1426 2040 1480 alter
2087 1441 2213 1481 vero
2262 1440 2409 1477 nunt.
2458 1423 2549 1477 42.
2595 1422 2824 1487 Primus,
2880 1422 3192 1478 millenariae
3236 1422 3404 1479 ferme

172 1513 343 1571 atatis.
377 1520 459 1564 est
484 1511 651 1567 codex
679 1515 1122 1570 membranaceus
1148 1515 1376 1576 iii-folio.
1411 1518 1501 1585 qui
1534 1519 1634 1571 ttsi
1663 1518 1963 1579 titulorum,
1996 1530 2091 1571 seu
2121 1517 2473 1587 capitulorum
2502 1516 2676 1568 tabula
2708 1531 2737 1569 e
2762 1515 3018 1569 'I‘liuaneo
3045 1517 3405 1587 manuscripto

172 1604 223 1656 ed
247 1615 291 1654 ta
314 1616 525 1667 careat.
575 1608 764 1660 eadem
795 1616 970 1660 tamen
1027 1608 1198 1676 capita
1248 1609 1318 1664 98
1347 1609 1536 1664 eodem
1588 1611 1776 1665 ordino
1805 1611 2062 1664 continet.
2097 1611 2230 1666 Cum
2261 1626 2388 1664 vero
2417 1610 2634 1663 totidem
2665 1610 2835 1678 capita
2866 1611 2915 1662 in
2939 1610 3106 1665 tribus
3132 1610 3251 1664 aliis
3273 1625 3404 1666 mss.

174 1696 422 1749 inienerit
447 1696 606 1749 etiam
634 1695 823 1750 Petrus
852 1696 1117 1762 Pithoeus,
1146 1714 1371 1767 quorum
1399 1698 1642 1755 ultimum
1673 1700 1872 1755 desinit
1920 1701 1970 1753 in
2003 1699 2230 1768 cpistola
2262 1700 2321 1754 S.
2357 1699 2551 1757 Leonis
2577 1699 2642 1752 ad
2676 1699 2896 1760 Dorum.
2938 1706 2996 1751 ut
3040 1700 3092 1751 in
3122 1699 3239 1753 aliis
3276 1714 3404 1769 quo-

172 1798 256 1851 que
282 1782 675 1851 exemplaribus
701 1782 1148 1854 deprehenditur,
1181 1785 1403 1841 dubium
1430 1802 1551 1843 esse
1578 1784 1939 1861 tieqtritﬂ’ide
1964 1790 2179 1842 dicenda
2225 1795 2331 1843 not.
2367 1789 2425 1843 Il
2466 1790 2519 1841 tu
2563 1802 2611 1841 δ.
2666 1786 2757 1857 67)
2798 1790 2923 1856 quin
2957 1789 3070 1843 lucc
3122 1792 3295 1856 capita
3338 1790 3405 1846 98

174 1876 227 1927 ad
250 1874 380 1928 lianc
413 1875 786 1931 collectionem
816 1877 1115 1945 pertineant
1141 1893 1157 1931 :
1192 1887 1249 1931 ut
1277 1893 1344 1932 ne
1368 1877 1668 1934 audiendus
1697 1880 1771 1933 sit
1796 1879 2140 1945 Quesnellus,
2172 1879 2263 1947 qui
2302 1878 2461 1931 unius
2492 1876 2808 1931 recentiotis
2847 1893 2949 1931 ius.
2981 1878 3299 1934 Oxoniensis
3327 1888 3408 1931 te-

175 1967 402 2020 stimonio
436 1968 625 2021 Leonis
652 1968 927 2038 epistolas,
957 1970 1126 2024 veluti
1172 1971 1241 2025 ab
1272 1970 1370 2023 hac
1418 1972 1739 2025 collectione
1778 1972 2001 2033 alienas,
2034 1970 2416 2036 abjudicandas
2455 1972 2677 2038 putavit.
2708 1968 2796 2022 Ila:
2826 1980 3002 2022 autem
3037 1969 3088 2023 in
3118 1972 3406 2025 Oxoniensi

177 2057 396 2123 exemplis
426 2056 521 2123 ipsi
550 2057 851 2121 collectioni
892 2072 999 2112 non
1031 2060 1247 2114 fuerunt
1276 2061 1514 2127 insertae,
1556 2062 1680 2129 quia
1704 2058 1815 2129 jam
1860 2071 2018 2114 antea
2052 2061 2190 2115 inter
2222 2061 2416 2114 Leonis
2462 2060 2717 2129 epistolas
2764 2059 3067 2115 Collectioni
3106 2062 3407 2129 praeuiissas

177 2156 302 2202 erant
325 2149 634 2217 deScriptm,
670 2163 767 2204 nec
792 2152 1033 2206 eamdem
1063 2153 1334 2206 crambem
1367 2152 1759 2222 recoquendam
1790 2151 2041 2206 librarius
2065 2149 2316 2205 credidit.
2344 2146 2606 2203 Ceterum
2637 2149 2861 2203 aliorum
2894 2151 3131 2203 omnium
3153 2151 3407 2203 vetustio-

176 2254 269 2292 tum
295 2241 689 2309 exemplarium
713 2254 1008 2296 otinsensus
1028 2241 1118 2294 nni
1150 2252 1255 2295 tus.
1281 2242 1572 2296 Osonieu-i
1596 2242 1718 2308 jure
1742 2252 1829 2297 est
1854 2240 2252 2309 prtefereudus;
2283 2242 2505 2315 ipsaque
2528 2239 2709 2301 tabula
2738 2239 2791 2291 in
2835 2237 3106 2306 plerisque
3132 2239 3407 2294 codicibus

176 2336 489 2394 writers-au,
540 2342 659 2399 qua:
704 2333 950 2388 cumdem
996 2334 1347 2399 captiilorum
1402 2332 1471 2387 9's
1513 2340 1792 2387 numerum
1854 2330 2081 2395 indicat,
2126 2333 2357 2402 idipsum
2402 2332 2705 2387 confirmat.
2748 2328 2949 2385 Tabula
2996 2333 3139 2385 enim
3172 2333 3406 2399 primaevi

175 2422 321 2489 operis
351 2422 612 2477 indicium
640 2439 760 2477 esse
781 2427 939 2491 solet,
960 2428 1103 2482 adeo
1131 2438 1191 2484 ut
1215 2429 1260 2484 si
1285 2446 1404 2498 quae
1432 2431 1631 2486 alicubi
1654 2440 1711 2486 in
1739 2446 1967 2495 corpore
1994 2432 2191 2497 desint,
2224 2445 2501 2499 perperam
2531 2430 2804 2494 abscissa;
2832 2428 2878 2483 si
2909 2443 3028 2498 qua:
3054 2443 3183 2482 vero
3210 2440 3407 2499 praeter

175 2529 221 2567 ea
245 2515 576 2582 reperiantur
604 2517 826 2582 inserta,
861 2520 1145 2587 posteriori
1186 2520 1554 2576 additamenta
1582 2524 1875 2578 accessisse
1904 2524 2128 2578 dicenda
2160 2522 2288 2575 sint.
2321 2522 2427 2574 llac
2456 2521 2671 2590 quidem
2714 2520 2781 2573 de
2810 2535 2966 2574 causa
3010 2519 3249 2573 addititia
3287 2536 3407 2576 esse

177 2608 414 2659 nonnulla
440 2602 758 2661 ducumenta
780 2624 896 2681 qua:
918 2621 1109 2680 praeter
1140 2613 1330 2666 tabula:
1360 2623 1412 2666 et
1440 2614 1716 2682 put-lorum
1734 2613 1976 2669 codicum
2008 2614 2163 2668 fidem
2198 2613 2388 2667 Leonis
2418 2613 2658 2682 epistolis
2680 2614 2917 2680 subjecti
2947 2612 3195 2680 leguntur
3218 2614 3267 2665 in
3292 2614 3407 2683 ipso

174 2695 418 2750 Thoanco
448 2697 650 2765 codice,
686 2700 1088 2757 observavimus
1129 2713 1244 2758 not.
1285 2704 1319 2758 9
1365 2705 1419 2760 in
1465 2706 1830 2774 praefationem
1874 2707 2146 2773 Quesiielli
2204 2717 2333 2761 tom.
2388 2706 2403 2758 l
2459 2720 2579 2774 pag.
2632 2704 2719 2772 53,
2763 2715 2816 2762 et
2849 2714 2961 2760 not.
2996 2705 3018 2758 1
3053 2707 3121 2758 ad
3170 2705 3406 2774 ejusdem

177 2789 425 2855 pontificis
452 2792 732 2860 epistolam
766 2793 865 2847 I20
891 2797 992 2847 col.
1038 2794 1195 2849 1218.
1241 2795 1378 2850 Ilinc
1416 2813 1546 2850 vero
1571 2797 1727 2852 facile
1760 2809 1840 2851 est
1861 2798 2118 2865 judicium
2150 2799 2290 2850 feire
2317 2798 2383 2850 de
2425 2799 2598 2849 altero
2649 2809 2749 2848 ms.
2795 2796 2978 2849 Codice
3016 2795 3404 2851 Vindeboncnsi

173 2882 248 2949 l2,
275 2884 355 2950 qui
398 2892 516 2949 post
572 2885 899 2951 prtemissam
955 2887 1185 2941 tabulam
1217 2889 1568 2957 capitulorum
1618 2890 1688 2944 98
1736 2899 1791 2945 et
1837 2900 1956 2957 post
1999 2890 2360 2957 praefationem
2398 2887 2595 2941 Νιοειιηί
2639 2887 2852 2941 concilii
2896 2887 3080 2940 inserit
3126 2886 3404 2951 epistolam

179 2973 402 3044 Dionysii
441 2973 627 3043 Exigni
664 2977 728 3030 ad
762 2977 1113 3046 Stephanum,
1160 2990 1269 3033 tum
1299 2997 1430 3035 vero
1457 2983 1507 3034 in
1536 2996 1763 3049 corpore
1792 2982 1959 3051 ipsius
1987 2982 2186 3035 codicis
2217 2981 2413 3047 aliquot
2440 2982 2611 3043 capita
2640 2978 2878 3032 addititia
2912 2994 2951 3030 τι
2970 2977 3128 3044 cepit.
3165 2978 3293 3029 Nam
3325 2977 3407 3033 ln-

171 3066 384 3119 noceutii
416 3067 657 3135 epistolis
684 3068 1024 3136 praemittitur
1050 3071 1135 3123 illa
1164 3072 1404 3138 ejusdem
1432 3073 1694 3141 pontiﬁci.
1726 3072 1949 3141 eplsm‘la
1983 3075 2052 3125 ad
2076 3071 2359 3125 Tolosanos
2382 3070 2514 3141 (lege
2542 3068 2851 3144 'I‘oletaios)
2883 3084 2999 3137 qua:
3017 3069 3201 3136 incipit
3222 3084 3237 3123 :
3255 3068 3406 3136 Stepe

171 3175 233 3209 nte
256 3169 296 3212 et
317 3161 558 3212 nimium.
590 3160 864 3215 Dein-ante
888 3162 1064 3239 Siricii
1094 3164 1374 3232 epistolam
1405 3168 1471 3219 ad
1499 3163 1793 3220 Himerium
1815 3164 2143 3221 describitur
2172 3166 2272 3217 alia
2304 3164 2542 3230 ejusdem
2574 3164 2639 3216 ad
2670 3163 2913 3215 diversos
2943 3162 3221 3226 episcopos
3249 3161 3418 3226 eujus.

176 3246 354 3305 iniiuui
397 3248 783 3320 :‘COgitantibus
814 3255 977 3307 nobis.
1000 3256 1133 3308 Tum
1166 3271 1292 3310 vero
1319 3256 1457 3311 inter
1481 3256 1677 3310 Leonis
1705 3256 1957 3324 epistolas
1990 3258 2207 3311 intrusa:
2247 3258 2492 3324 leguntur
2520 3257 2639 3310 alia;
2673 3255 2912 3324 epistolae
2956 3254 3120 3321 ipsius
3156 3254 3256 3313 21.
3290 3268 3409 3319 ιιιιςθ

171 3345 210 3395 io
234 3356 414 3400 nostra
437 3347 672 3402 editione
707 3359 832 3401 sunt
860 3351 1098 3417 epistola:
1127 3351 1182 3418 9,
1215 3352 1308 3417 20,
1332 3352 1425 3416 22.
1448 3332 1536 3417 23,
1566 3352 1659 3418 25,
1686 3353 1732 3406 6|

1847 3355 1889 3419 I,
1916 3353 2007 3418 69,
2036 3353 2125 3415 70,
2148 3353 2236 3416 7|,
2262 3353 2352 3421 79,
2372 3353 2465 3420 80,
2498 3352 2591 3416 8‘2,
2618 3353 2709 3415 85,
2737 3350 2826 3415 85,
2858 3351 2944 3415 90,
2982 3349 3101 3415 115,
3135 3349 3256 3412 150.
3288 3348 3408 3410 154,

174 3434 277 3497 ltiti,
305 3448 355 3490 et
400 3436 522 3492 168.
550 3438 786 3511 Tandem
819 3439 873 3492 in
901 3442 1003 3493 line
1034 3442 1302 3497 adduntur
1330 3441 1451 3495 alia:
1480 3442 1719 3511 epistolae
1749 3450 1878 3505 tres,
1912 3457 2017 3495 una
2050 3440 2211 3494 llilari
2244 3456 2393 3509 papa:
2418 3441 2484 3494 ad
2519 3441 2828 3501 Ascanium,
2861 3440 3026 3493 altera
3058 3437 3312 3506 Simplicii
3344 3438 3409 3491 ad

175 3524 419 3581 Zenonem
456 3528 799 3596 Spaleusem.
842 3545 903 3599 ac
939 3532 1091 3591 tertia
1126 3530 1421 3588 Innocentii
1451 3532 1517 3585 ad
1541 3531 1832 3586 Aurelium.
1868 3531 1965 3583 Hic
1989 3529 2156 3584 codex
2186 3532 2451 3598 sequioris
2486 3538 2569 3582 est
2615 3528 2740 3592 invi,
2787 3529 3006 3594 haecque
3044 3527 3407 3579 additamenta

175 3616 412 3687 (Dionysii
448 3617 638 3685 Exigui
668 3618 861 3686 epistol
881 3636 947 3671 .tn
978 3622 1187 3689 excipe)
1215 3637 1278 3675 ex
1309 3620 1597 3689 Isidoriana
1621 3622 1703 3675 vel
1733 3620 2015 3689 IIiSpanica
2043 3619 2361 3672 cellectione
2389 3620 2637 3672 librarius
2669 3618 2922 3672 traduxit.
2949 3619 3079 3668 (an
3105 3626 3282 3668 autem
3309 3633 3407 3670 an-

176 3712 345 3774 tiquior
381 3719 440 3763 et
472 3710 655 3775 purior
700 3710 767 3761 sit
808 3726 855 3777 pi
870 3710 1008 3764 imus
1050 3712 1219 3767 codex
1260 3710 1539 3765 Cmsarens
1574 3710 1730 3765 Vind.
1760 3710 1851 3776 59,
1883 3710 1999 3778 ejus
2027 3711 2296 3779 praecipue
2323 3710 2712 3763 exactissimam
2758 3707 3097 3761 collationem
3145 3722 3250 3760 nou
3304 3708 3407 3774 levi

174 3812 363 3870 sumptu
390 3805 547 3859 nobis
574 3808 1003 3874 comparavimus
1029 3821 1045 3859 :
1074 3820 1174 3861 uec
1201 3815 1377 3861 tamen
1421 3805 1751 3874 negtcsimus
1783 3808 2008 3858 alterum
2037 3803 2102 3857 iis
2141 3804 2190 3856 in
2222 3803 2375 3863 locis,
2405 3817 2523 3870 qua:
2561 3800 2848 3868 plurimum
2886 3799 3145 3852 interesse
3171 3795 3405 3851 credidi-

177 3906 297 3945 nius.
321 3895 508 3962 Neque
535 3911 665 3950 vero
695 3896 1133 3967 praetermisimus
1155 3898 1289 3952 alios
1312 3897 1550 3967 ejusdem
1572 3896 1906 3951 collectionis
1935 3897 2166 3959 codices,
2197 3895 2365 3948 sicubi
2386 3910 2450 3946 ex
2485 3895 2610 3961 ipsis
2634 3893 2811 3961 alzqua
2842 3891 3157 3945 documenta
3191 3889 3259 3945 ab
3284 3889 3403 3944 aliis

174 3985 312 4054 edita,
353 3989 445 4043 vel
472 3992 756 4046 emendata
784 3990 1101 4047 deteximns.
1142 3989 1277 4048 Illuc
1306 3992 1588 4061 diligenter
1616 3991 2028 4059 recognovimns
2053 4002 2176 4057 qua:
2210 3986 2295 4042 vel
2323 3985 2587 4046 Crabbus.
2623 3985 2704 4037 vel
2734 3981 3029 4044 Barouius,
3065 3982 3405 4037 Sirmoudus.

178 4071 421 4140 Balnzius,
449 4078 819 4144 Constantius,
857 4080 1052 4147 aliique
1083 4090 1411 4145 vetustorum
1447 4079 1836 4147 exemplarium
1880 4075 2096 4132 solliciti
2133 4086 2458 4131 scrutatores
2486 4088 2548 4129 ex
2581 4074 2759 4144 aliquo
2783 4071 3043 4140 ejusmodi
3067 4071 3252 4125 codice
3284 4086 3409 4139 pro-
3492 4094 3495 4097 -

174 4164 444 4221 duxerunt.
478 4167 550 4222 Iis
577 4179 757 4223 autem
787 4170 1039 4224 subsidiis
1068 4170 1205 4225 banc
1229 4172 1643 4224 validissimam
1668 4166 2041 4223 collectionem
2065 4166 2351 4235 integram,
2379 4179 2409 4218 a
2445 4167 2545 4235 ιι
2575 4163 2819 4232 pluribus
2847 4160 3056 4215 mendis
3084 4172 3405 4219 correctam,

175 4266 215 4309 tt
242 4259 565 4329 primigenia:
588 4259 776 4317 formae
809 4263 1110 4319 restitutam
1139 4262 1534 4319 exhibebimus.

229 4350 274 4403 7.
303 4350 369 4405 Ut
395 4361 574 4407 autem
600 4354 800 4421 aliquid
829 4354 1010 4408 utilius
1044 4355 1345 4418 accederet,
1373 4350 1724 4407 conferendas
1755 4350 1954 4420 pariter
1988 4348 2299 4404 censuimus
2324 4344 2457 4399 alias
2489 4358 2619 4399 mss.
2652 4342 2982 4428 antiquiores
3015 4350 3069 4395 et
3103 4341 3411 4408 plerumque

175 4436 357 4501 ίςιιοιειε
387 4440 758 4509 adiectiones,
794 4444 848 4497 in
874 4444 1070 4512 quibus
1095 4445 1139 4497 si
1172 4460 1277 4497 non
1307 4443 1508 4506 omnia,
1544 4450 1690 4496 certe
1730 4442 1845 4494 fere
1883 4441 2066 4493 omnia
2104 4438 2273 4491 nostri
2322 4436 2523 4491 codicis
2550 4436 2870 4489 documenta
2904 4433 2990 4486 hic
3034 4433 3141 4485 illic
3170 4431 3409 4500 dispersa

175 4534 389 4599 reperire
428 4548 532 4588 nan
564 4534 822 4588 iuutilter
855 4534 1027 4590 licuit.
1058 4535 1330 4602 Ejusmodi
1370 4543 1496 4588 sunt
1520 4542 1629 4588 tres
1659 4530 2116 4603 praestantissima
2140 4528 2487 4583 collectiones
2525 4527 2578 4581 in
2621 4524 2959 4580 bibliothecis
2992 4524 3245 4576 Romanis
3277 4536 3410 4575 con-

176 4633 405 4690 servatae,
433 4640 657 4691 quarum
693 4626 860 4693 prima
888 4635 1064 4680 exstat
1103 4629 1153 4680 in
1186 4643 1287 4681 ius.
1322 4625 1440 4679 Val.
1474 4625 1690 4694 Regina
1712 4623 1869 4689 I997,
1894 4622 2128 4678 secunda
2163 4621 2217 4677 in
2251 4621 2369 4677 Vat.
2398 4618 2538 4675 1542
2568 4628 2621 4673 et
2649 4617 2941 4672 Barberioo
2969 4617 3134 4681 2886,
3172 4616 3326 4670 tertia
3354 4615 3408 4671 in

179 4716 401 4775 t-luritins
426 4718 544 4771 aliis
572 4719 846 4773 codicibus
882 4720 1231 4774 Additlonum
1270 4718 1528 4787 Dionysii.
1577 4716 1825 4770 Nonnihil
1858 4717 2016 4769 etiam
2053 4714 2328 4770 contulere
2371 4711 2696 4780 exemplaria
2744 4709 2951 4772 Isidoii,
2983 4710 3070 4777 qui
3117 4723 3182 4760 ex
3227 4715 3408 4760 nostra

173 4804 474 4862 collectione
499 4824 801 4875 nonpauca
837 4811 1059 4877 recepit.
1093 4814 1451 4862 Accesserant
1474 4808 1593 4861 alia:
1620 4818 1728 4860 tres
1755 4806 2052 4873 pec-olores
2074 4805 2428 4859 collectiones
2449 4802 2847 4868 manuscriptas,
2877 4813 3101 4867 quarum
3130 4797 3249 4852 dum
3281 4811 3411 4851 cou-

176 4895 398 4952 tineutur
438 4900 489 4951 in
523 4902 732 4953 duobus
760 4900 1032 4953 codicibus
1062 4899 1277 4968 capituli
1321 4898 1641 4952 Veronensis
1669 4897 1738 4950 55
1771 4904 1826 4949 et
1857 4896 1946 4959 58,
1990 4896 2080 4965 qui
2124 4910 2219 4965 pro
2257 4893 2554 4948 canonilms
2588 4888 2895 4945 Graecarum
2929 4887 3256 4958 synodornin
3295 4888 3413 4939 usui

176 4984 339 5054 luere;
380 4991 529 5045 tertia
554 5007 685 5046 vero
705 4994 969 5062 descripta
1005 4999 1089 5046 est
1119 4992 1170 5065 in
1200 4993 1304 5045 alio
1336 4989 1575 5057 ejusdem
1607 4988 1823 5057 capitoli
1854 4986 2037 5041 Codice
2072 4985 2266 5039 Veron.
2298 4984 2390 5049 46,
2422 4984 2475 5036 in
2506 4997 2611 5051 quo
2637 4982 2812 5033 omnia
2843 4988 3039 5033 nostra:
3079 4976 3411 5045 collectionis

175 5074 476 5137 documenta
500 5082 567 5134 ad
597 5082 915 5138 Acacianam
949 5064 1165 5138 causam
1197 5083 1517 5150 pertinentia
1556 5083 1873 5148 repet-imus.
1902 5078 2087 5147 Neque
2112 5076 2399 5131 defuerunt
2424 5074 2637 5128 codices
2667 5071 3043 5126 collectionnm
3074 5064 3411 5123 Coibeieusis

175 5181 221 5221 et
245 5171 558 5225 Coibertina:
588 5171 1026 5236 Langobardicae'.
1054 5172 1206 5241 cujus
1237 5181 1520 5242 postrema:
1550 5170 1694 5224 aliud
1734 5170 2036 5235 exempl-um
2076 5165 2378 5219 invenimus
2405 5163 2458 5217 in
2493 5161 2814 5215 bibliotheca
2844 5156 3064 5225 capituli
3090 5153 3412 5208 catltedrals

176 5261 438 5317 Lucensis.
473 5266 685 5319 illarum
708 5265 848 5319 enim
879 5266 1134 5320 lectiones
1156 5283 1215 5319 ex
1245 5265 1301 5319 P.
1329 5264 1638 5318 Constantio
1659 5272 1789 5315 tom.
1823 5261 1840 5314 I
1868 5256 2222 5324 l‘lpismlawm
2251 5255 2608 5334 “Olltanﬂmm
2634 5250 2966 5318 Ροιιιίίίωηην
3003 5242 3257 5334 ιυοβξιείβ
3285 5256 3412 5334 "fr"

175 5354 399 5422 rumpi“:
426 5366 686 5408 Vartttntes
716 5372 780 5411 ex
811 5357 866 5408 ιι.
895 5356 1023 5408 Dom
1050 5358 1169 5409 nico
1196 5356 1357 5408 Matisi
1384 5357 1433 5405 in
1464 5354 1850 5419 Supplemento
1874 5334 2256 5406 Conciliorum,
2297 5343 2378 5395 vel
2410 5356 2503 5409 per
2531 5341 2734 5392 litteras
2761 5346 3086 5404 cognoscere
3119 5331 3286 5384 licuit.
3322 5329 3410 5385 Li-

172 5458 247 5499 cet
280 5460 411 5499 νει-ο
431 5446 497 5498 ab
519 5447 816 5502 editoribus
842 5449 1067 5515 alicujus
1095 5447 1424 5502 collectionis
1450 5447 1712 5499 lectiones
1748 5443 1911 5511 ipsius
1943 5440 2194 5506 propria).
2224 5437 2322 5489 (Ξιεὶ
2354 5433 2492 5487 fitfit?
2520 5432 2569 5484 ³1
2594 5431 2714 5484 cum
2752 5443 2927 5482 Ιηιυυε
2948 5435 3134 5488 “femi
3181 5427 3232 5478 ill
3265 5435 3412 5482 lextll

172 5538 461 5595 inserenda:
497 5542 626 5607 sint,
655 5541 878 5595 aliarum
913 5552 1088 5594 tamen
1121 5540 1414 5607 prmsertim
1446 5535 1932 5603 antiquissimarum
1975 5531 2354 5582 collectionnm
2388 5524 2684 5592 recognitio
2725 5522 2955 5576 maxime
2992 5521 3141 5575 utilis
3170 5521 3288 5573 fuit.
3314 5518 3412 5573 Ubi

177 5628 315 5682 enim
358 5630 540 5687 barum
568 5635 826 5688 lectiones
852 5648 971 5687 cum
1013 5640 1211 5685 nosti-ie
1252 5631 1585 5686 collvctionis
1617 5626 1935 5681 lectionibus
1978 5625 2285 5682 concinnat,
2315 5620 2472 5687 hujus
2503 5616 2757 5670 lectiones
2798 5628 2859 5667 cx
2902 5612 3113 5665 illarum
3150 5622 3413 5664 consensu

174 5716 449 5784 plurimum
491 5723 822 5775 auctoritatis
854 5721 1152 5790 :icqztirnnt.
1204 5721 1297 5772 lilii
1332 5730 1507 5773 autem
1549 5721 1776 5770 inventm
1805 5716 2016 5769 fucinnt
2048 5712 2291 5776 diversae,
2324 5723 2414 5763 eas
2461 5708 2511 5761 in
2549 5704 2981 5759 annotationibus
3021 5703 3267 5762 insertas.
3299 5714 3411 5754 ξων
