3954 6194
483 338 584 393 383
1424 330 1763 388 API‘ENDIX
1803 330 1894 384 AD
1933 332 1989 388 S.
2035 330 2275 387 LEONIS
2315 331 2529 389 MACNI
2568 331 2814 390 OPEIIA.

3659 330 3774 389 3ft}

486 466 658 506 tonum
701 449 1022 521 ep'sco;-um,
1074 448 1134 501 de
1178 446 1439 500 monachis
1479 454 1527 498 et
1576 444 1722 499 laicis
1764 443 1832 497 ad
1879 442 2071 513 gradus
2099 448 2147 505 Α
2249 442 2361 498 LII.
2417 443 2689 499 Athanasii
2734 446 2963 514 episcopi
3007 444 3091 499 ad‘
3127 444 3417 514 Epictetum
3466 446 3767 515 episcopum

486 542 849 598 ecclesiasticos
875 541 1114 593 accedere
1144 537 1486 608 cupientibus.

2170 545 2347 590 contra
2371 551 2454 590 eos
2480 539 2569 608 qui
2593 538 2655 592 de
2678 537 2885 592 Domini
2912 535 3279 593 Incarnatione
3303 539 3488 608 spiritu
3521 538 3766 609 blasphe—

555 631 792 689 XXXIII.
814 630 1267 686 Commonitorium
1285 629 1479 683 Zosimi
1496 644 1645 700 papa
1664 629 1731 682 ad
1752 627 2070 698 presbyteros
2172 627 2291 683 mia
2316 628 2515 684 diversa
2541 639 2824 684 senserunt.

479 734 526 778 et
558 732 801 778 diaconos
828 737 944 776 suos
970 720 1226 775 Ravenna
1257 720 1578 774 constitutos.

554 812 796 870 XXXIV.
828 811 1085 882 Bonifacii
1116 828 1269 881 papa
1297 812 1366 864 ad
1396 810 1662 865 Hilarium
1689 810 2073 867 Narbonensent

366 928 388 951 ο
486 912 544 962 de
572 906 816 960 Patroclo
840 915 886 959 et
912 914 937 941 ι
964 905 1205 974 episcopo
1236 903 1535 958 Lutubensi.

554 997 770 1054 XXXV.
803 994 1062 1053 Calestini
1091 1012 1240 1067 papa
1272 996 1341 1049 ad
1382 995 1649 1065 episcopos
1688 995 1999 1050 Viennenses
2025 1006 2075 1051 et

485 1092 847 1147 Narbonenses
873 1089 1175 1145 constitutio
1196 1086 1468 1142 titulorum
1488 1087 1749 1142 undecim.

553 1184 794 1241 XXXVI.
828 1183 1088 1239 Calestini
1122 1196 1271 1254 papa
1300 1182 1369 1234 ad
1400 1180 1661 1251 episcOpos
1683 1179 1886 1251 Apulia
1908 1188 1953 1231 et
1976 1176 2076 1232 Ca-

482 1272 657 1333 labria
686 1291 705 1331 :
736 1284 790 1330 ut
820 1277 997 1330 nullus
1037 1275 1290 1330 laicorum
1318 1274 1388 1328 ad
1408 1256 1638 1328 ordinem
1676 1272 1952 1327 sacerdotii
1980 1270 2077 1324 ad-

484 1370 734 1424 mittatur.

551 1460 820 1518 XXXVII.
866 1459 1137 1531 Expositio
1170 1458 1291 1526 ﬁdei
1325 1457 1593 1513 catholica
1622 1465 1802 1512 contra
1839 1455 2076 1511 haresirn

483 1554 748 1623 Arionem.

553 1643 841 1712 XXXVIII.
867 1641 1111 1699 Faustini
1125 1641 1405 1714 presbyteri
1425 1642 1554 1711 ﬁdes
1579 1640 1883 1696 transmissa
1906 1639 2075 1695 Theo-

482 1738 629 1792 dosio
658 1737 979 1803 imperatori.

554 1829 798 1885 XXXIX.
828 1831 970 1884 Alter
999 1827 1206 1884 libellus
1236 1828 1378 1897 ﬁdei.

552 1924 665 1978 XL.
698 1923 927 1979 Libellus
952 1923 1075 1993 ﬁdei
1105 1923 1398 1993 Augustini.

554 2016 694 2073 XLI.
745 2016 997 2088 Exempla
1043 2017 1448 2070 testimonioium
1499 2015 1695 2070 Hilarii
1710 2056 1725 2080 .
1783 2015 2073 2081 Ambrosii.

485 2113 784 2175 Athanasii.
815 2110 1117 2181 Augustini,
1146 2118 1194 2163 et
1221 2111 1448 2164 aliorum
1478 2118 1772 2164 sanctorum
1797 2109 2076 2162 catholico-

485 2222 599 2259 rum
635 2206 890 2267 virorum,
932 2202 995 2255 de
1028 2201 1227 2256 duabus
1264 2201 1462 2256 naturis
1490 2201 1543 2254 in
1566 2216 1670 2253 una
1698 2215 1916 2268 persona
1952 2185 2079 2252 Iesu

470 2295 674 2351 Christi
721 2293 927 2347 Domini
970 2292 1133 2346 nostri
1176 2292 1450 2346 indiscrete
1494 2290 1830 2359 distincteque
1869 2304 2080 2341 manen-

488 2389 638 2441 tibus.

562 2479 717 2534 XLII.
749 2478 905 2533 Gesta
935 2477 1283 2531 damnationis
1308 2474 1337 2515 δ
1374 2474 1647 2547 Eutychis.

548 2570 741 2625 XLIII.
790 2569 1122 2624 Narrationis
1164 2568 1338 2622 ordo:
1369 2569 1589 2638 qualiter
1632 2566 1911 2621 Dioscorus
1962 2565 2082 2620 Ale-

490 2662 780 2717 xandrinus
828 2661 1098 2732 episcopus
1144 2658 1366 2730 Eutychi
1412 2658 1768 2725 consentiens,
1808 2658 1861 2711 in
1898 2672 1958 2710 ea
2002 2658 2083 2710 cui

491 2761 708 2827 praerat
730 2754 838 2824 ipse
872 2751 1129 2818 Ecclesia,
1162 2751 1241 2804 vel
1279 2749 1888 2820 Constantinopolitano,
1937 2764 2079 2802 erro-

490 2862 595 2899 rem
623 2845 904 2912 induxerit,
936 2860 1093 2914 usque
1129 2844 1198 2896 ad
1236 2852 1433 2911 tempus
1463 2858 1563 2908 quo
1610 2841 1828 2896 Aeacius
1862 2842 2083 2894 damna-

492 2951 574 2991 ωε
595 2947 687 2991 εει.

565 3029 744 3085 XLIV.
778 3030 1035 3102 Simplicii
1062 3047 1207 3101 papa
1236 3031 1305 3085 ad
1341 3030 1615 3097 Acacium,
1648 3039 1706 3083 ut
1746 3030 1810 3082 de
1852 3029 2079 3083 Alexan-

491 3126 656 3180 drina
683 3124 925 3180 Ecclesia
952 3126 1218 3180 vexatione
1244 3142 1420 3180 curam
1448 3141 1646 3197 gerens,
1693 3124 1797 3194 18
1824 3125 1932 3177 sedi
1958 3139 2085 3193 apo-

492 3216 685 3270 stolica
710 3234 811 3272 non
842 3217 1051 3286 differat
1083 3219 1322 3272 nuntiare
1356 3228 1405 3272 ο.

552 3307 724 3364 XLV.
759 3309 1084 3381 Rescriptum
1112 3311 1286 3364 Acacii
1306 3309 1373 3363 od
1403 3308 1729 3376 Simplicium
1757 3326 1966 3379 papam,
1998 3311 2085 3365 ubi

492 3404 539 3456 ei
592 3403 851 3475 signiﬁcat
902 3401 1114 3457 Petrum
1164 3403 1578 3457 Alexandrinum
1639 3403 1933 3473 episcopum
1979 3420 2086 3459 esse

495 3496 818 3558 damnatum,
852 3504 898 3549 et
926 3493 1254 3549 Timotheum
1277 3496 1583 3549 restitutum.

505 3614 531 3639 κ
563 3586 752 3643 XLVI.
786 3585 984 3642 Felicis
1006 3604 1155 3659 papa
1180 3590 1234 3642 in
1263 3589 1591 3643 damnatione
1618 3587 1811 3641 Acacii.

568 3679 776 3736 XLVII.
805 3678 1000 3734 Celasii
1025 3696 1174 3751 papa
1199 3680 1262 3735 de
1292 3680 1623 3734 damnatione
1648 3679 1819 3734 Acacii
1837 3680 2089 3735 mirabilis

496 3774 776 3842 disputatio
806 3784 959 3844 atque
985 3774 1237 3841 deﬁnitio.

570 3863 797 3920 XLVIII.
830 3864 960 3918 Item
989 3866 1216 3937 ejusdem
1253 3867 1323 3919 ad
1360 3865 1619 3921 Faustum
1658 3866 1714 3921 in
1746 3867 1997 3936 legatione
2021 3868 2089 3921 ad

502 3955 763 4010 Orientem
791 3956 1040 4023 directum
1070 3956 1338 4010 instructio
1367 3973 1523 4025 super
1545 3957 1871 4010 damnatione
1894 3958 2087 4013 Acacii.

571 4045 757 4102 XLIX.
785 4045 1037 4119 Ejusdem
1064 4046 1130 4099 de
1159 4046 1334 4099 eodem
1360 4047 1429 4099 ad
1454 4043 1779 4100 Anastasium
1810 4047 2088 4114 imperato-

494 4154 602 4191 rem
632 4154 651 4193 :
684 4147 740 4192 ut
774 4140 1057 4207 imperator
1085 4152 1187 4189 non
1230 4153 1283 4191 se
1320 4136 1536 4192 extollat
1577 4154 1733 4206 super
1771 4139 2087 4205 sacerdotes,

500 4244 586 4281 nec
611 4245 764 4296 super
787 4229 958 4281 sedem
985 4221 1344 4298 apostolicam.

571 4318 631 4372 l..
659 4316 908 4387 Eiusdem
927 4317 1184 4399 expositio
1206 4332 1378 4373 causa
1397 4319 1466 4372 ad
1500 4317 1774 4374 Dardanos
1799 4335 1818 4373 :
1843 4320 2089 4376 Acacium

500 4428 530 4465 a
554 4412 677 4474 sede
699 4409 983 4480 apostolica
1004 4413 1143 4483 juste
1164 4411 1323 4481 fuisse
1349 4412 1670 4468 damnatum.

566 4502 657 4558 LI.
689 4501 946 4577 Ejusdem
982 4503 1210 4573 episcopi
1247 4504 1316 4559 ad
1350 4505 1617 4576 episcopos
1658 4504 1882 4561 Orientis
1916 4506 1981 4560 de
2007 4522 2092 4561 ea-

500 4595 611 4647 dem
641 4610 799 4649 causa
817 4593 1017 4649 reddita
1040 4595 1190 4649 ratio.

575 4821 600 4851 ι
646 4812 966 4879 Quesnellus
1000 4810 1317 4879 particulam
1373 4809 1735 4875 copulativam
1765 4816 1811 4862 et
1841 4851 1855 4875 ,
1887 4823 2007 4878 qua:
2036 4808 2097 4863 iu-

502 4898 633 4938 mss.
660 4878 817 4938 codd.
845 4878 1062 4948 deerat,
1085 4890 1234 4935 recte
1263 4878 1481 4949 adjecit.

575 4954 601 4994 ιο
624 4955 824 5017 ()xon.,
852 4952 1135 5020 Eutycetis,
1167 4960 1225 5007 et
1253 4954 1327 5005 ita
1347 4951 1623 5021 deinceps.

575 5038 600 5067 α
629 5025 861 5088 Thetim,
897 5023 1144 5076 indicare.

570 5097 600 5135 ἀ
629 5096 913 5165 Hucusquo
940 5092 1127 5165 eadem
1156 5091 1385 5165 capitula
1416 5106 1536 5165 c_um
1564 5090 1921 5165 eadem_serio
1942 5092 2094 5147 inve-

502 5172 725 5226 niuntur
744 5162 855 5221 tum
885 5166 938 5221 in
971 5163 1242 5231 Quesneili
1270 5176 1401 5217 mss.
1430 5162 1642 5218 'l‘huan.
1671 5172 1725 5218 et
1751 5163 1949 5228 0mm,
1976 5172 2087 5218 tum

504 5244 557 5297 in
595 5240 807 5296 duobus
845 5242 1046 5293 nostris
1079 5234 1597 5289 Vindebonens:bus.
1626 5233 1757 5302 Quae
1794 5235 2091 5299 subjiciun-

504 5323 611 5378 tur,
643 5327 673 5365 e
696 5310 830 5366 desit
864 5309 1087 5378 omnino
1112 5315 1239 5378 sunt
1277 5308 1327 5357 in
1368 5304 1768 5378 godd._’l‘huan.
1800 5314 1854 5359 et
1892 5305 2090 5361 Vinde-

503 5373 632 5434 hon.
665 5380 755 5434 4'2.
790 5380 843 5435 In
875 5381 981 5434 alio
1024 5376 1326 5434 Vindcimn.
1367 5373 1436 5427 ὅτ)
1465 5376 1651 5432 eadem
1685 5391 1898 5444 quoque
1933 5384 2085 5440 sunt,

502 5453 598 5503 sed
627 5450 679 5503 in
706 5450 913 5504 duobus
929 5449 1176 5519 capitulis
1192 5447 1325 5503 ordo
1347 5447 1645 5513 discrepat;
1672 5461 1792 5501 nam
1823 5459 1940 5515 post
1963 5462 2085 5501 can.

466 5576 470 5580 Α
505 5518 598 5587 5:),
631 5534 725 5573 seu
758 5529 874 5586 post
904 5518 1139 5576 canones
1167 5520 1559 5584 Antiochcnos,
1609 5521 1917 5573 inseruntur
1959 5531 2092 5573 con-

504 5593 686 5646 cilium
725 5588 1044 5655 TeIepteusa
1094 5599 1173 5658 et,
1203 5591 1383 5655 regula
1436 5588 1815 5651 I'ormatarutn,
1862 5602 1984 5658 qua
2034 5588 2085 5642 in

507 5661 715 5714 duobus
740 5659 862 5714 aliis
891 5675 1021 5713 mss.
1038 5657 1363 5714 exhibentur
1384 5671 1748 5727 postcanoues
1777 5657 2085 5714 Constanti-

506 5732 849 5798 tmpoiitauos
888 5742 1009 5797 cap.
1040 5728 1109 5783 6‘2
1153 5732 1322 5799 ειᾼϐἔο.
1372 5730 1428 5781 In
1470 5731 1643 5784 Oxon.
1691 5731 1925 5799 quis)un
1971 5730 2085 5783 sola

508 5797 735 5865 captum
771 5800 1137 5869 superioribus
1163 5797 1506 5863 adiiciuntur.
1545 5815 1663 5862 qua
1691 5800 1745 5855 in
1778 5797 1874 5856 hac
1911 5801 2088 5856 tabula

2248 722 2381 778 LIII.
2414 721 2597 793 Cyrilli
2633 722 2702 777 ad
2752 721 3009 777 Joannem
3050 722 3421 777 Antiochenum
3468 723 3775 794 episcopum

2174 824 2352 869 contra
2381 831 2468 870 eos
2486 816 2576 886 qui
2599 832 2757 885 prata
2794 816 2858 868 de
2896 832 2955 870 eo
2994 817 3049 868 in
3089 816 3193 883 ﬁde
3231 816 3519 882 ﬁnxerunt,
3549 826 3600 869 et
3630 818 3774 885 quod

2177 906 2441 975 exemplar
2468 906 2751 960 litterarum
2789 906 3059 960 Athanasii
3085 905 3153 959 ad
3182 905 3473 975 Epictetum
3493 908 3608 975 ipse
3630 908 3777 960 dire-

2176 997 2344 1060 xerit;
2372 1006 2419 1049 et
2447 997 2675 1067 formula
2702 997 2823 1066 ﬁdei
2845 999 3145 1069 subrogata.

2251 1088 2384 1142 LIV.
2416 1085 2663 1159 Deﬁnitio
2691 1099 2883 1144 sancta
2913 1090 3099 1160 synodi
3129 1090 3588 1157 Chalcedonensis;
3620 1102 3668 1146 et
3696 1093 3778 1146 le-

2179 1165 2264 1251 ges
2281 1196 2341 1236 ex
2362 1177 2548 1235 Codice
2562 1179 2941 1236 Theodosiano.
2995 1246 3006 1255 .

2253 1272 2361 1327 LV.
2414 1272 2630 1327 Damasi
2670 1290 2821 1344 papa
2846 1275 2914 1328 ad
2946 1273 3234 1330 Paulinum
3264 1276 3643 1332 Antiochenam
3670 1279 3786 1346 cpi-

2178 1382 2387 1436 scopum
2418 1371 2482 1419 de
2502 1367 2606 1435 ﬁde
2625 1376 2673 1421 et
2692 1367 2920 1438 formula
2949 1368 3149 1435 libelli,
3176 1371 3468 1440 cujusmodi
3496 1372 3658 1441 ﬁdem
3691 1374 3784 1439 qui

2179 1460 2244 1513 ab
2263 1458 2445 1514 haresi
2472 1470 2791 1514 revertuntur
2820 1460 3035 1515 debeant
3061 1462 3293 1533 proﬁteri
3318 1458 3367 1516 τι.

2251 1552 2385 1608 LVI.
2439 1551 2651 1607 Eusebii
2703 1554 2931 1624 t'piscOpi
2982 1553 3384 1609 Mediolanensis
3429 1557 3659 1625 epistola
3714 1557 3786 1608 ad

2177 1645 2402 1700 Leonem
2425 1662 2646 1717 papam,
2689 1663 2782 1718 per
2806 1662 2961 1716 quam
2989 1645 3111 1715 ﬁdei
3135 1649 3277 1717 eius,
3304 1663 3459 1717 quam
3487 1648 3557 1700 ad
3592 1648 3789 1702 Orien-

2178 1750 2274 1794 tem
2305 1740 2595 1807 direxerat,
2622 1739 2895 1795 asserenda
2924 1756 3040 1794 cum
3077 1740 3200 1795 aliis
3229 1741 3485 1811 episcopis
3515 1744 3791 1795 consensit

2103 1825 2150 1886 B
2179 1841 2328 1904 atque
2353 1830 2673 1903 subscripsit.

2255 1924 2409 1979 LVII.
2459 1924 2707 1979 Ravennii
2744 1925 3061 1995 aliorumque
3104 1924 3462 1996 episcOporum
3497 1923 3789 1980 Gallorum

2179 2018 2249 2070 ad
2276 2015 2497 2071 Leonem
2523 2032 2715 2087 papam
2744 2016 2866 2086 ﬁdei
2908 2018 3019 2086 ejus
3049 2032 3202 2085 quam
3234 2017 3302 2069 ad
3340 2015 3609 2070 Orientem
3638 2017 3792 2072 dire-

2180 2110 2276 2176 xit,
2306 2110 2508 2163 laudem
2536 2109 2838 2162 dicentium.

2254 2201 2429 2256 LVIII.
2463 2199 2657 2255 Gelasii
2695 2217 2844 2272 papa
2886 2201 3180 2255 constitutio
3223 2202 3278 2255 in
3331 2200 3405 2257 23
3439 2202 3642 2271 titulis,
3697 2220 3792 2258 ca-

2181 2308 2370 2346 nonum
2405 2292 2772 2346 districtionem
2808 2302 3115 2361 temperans,
3144 2293 3199 2346 in
3230 2293 3309 2347 his
3355 2292 3614 2348 duntaxat
3664 2311 3796 2363 pro-

2182 2383 2359 2437 vinciis
2399 2399 2514 2455 qua
2566 2386 2713 2437 certis
2756 2400 2821 2437 ea:
2866 2385 3036 2438 causis
3069 2393 3123 2437 ut
3154 2384 3373 2441 ministri
3414 2383 3794 2440 Ecclesiarusss

2173 2477 2367 2544 desint,
2404 2476 2665 2528 hominum
2693 2475 2904 2529 raritate
2933 2476 3187 2533 laborant.

2257 2568 2392 2623 LIX.
2427 2577 2450 2607 ε
2479 2567 2712 2624 Canones
2740 2569 3045 2624 Antiocheni
3065 2570 3290 2626 concilii.

2257 2661 2369 2716 LX.
2404 2662 2421 2699 ί
2452 2662 2661 2733 Regula
2699 2662 2979 2717 secundum
3003 2661 3305 2717 Laodiciam
3333 2661 3582 2737 Phrygia
3614 2661 3799 2719 Paco-

2186 2752 2361 2807 tiana.
3132 2801 3140 2809 ι

2253 2844 2393 2901 LXI.
2423 2856 2448 2894 ι
2469 2846 2696 2901 Canones
2718 2846 3277 2918 Coustantinopolitani
3306 2848 3530 2902 concilii.

2270 2940 2374 3010 19
2412 2938 2567 2993 LXII.
2597 2937 2626 2976 ιι
2656 2938 2948 2997 Constituto
3002 2936 3018 2976 ί
3068 2939 3111 2994 Τ
3110 2939 3415 3012 heleptensis
3442 2942 3686 3012 concilii,
3743 2944 3803 2998 id

2186 3041 2259 3085 est
2286 3034 2340 3084 in
2371 3032 2570 3100 Africo,
2589 3032 2748 3102 juxta
2775 3031 3077 3087 decretalem
3103 3031 3281 3088 Siricii
3305 3050 3472 3102 papa.

2259 3122 2442 3178 LXIII.
2467 3122 2663 3194 Iiegula
2690 3127 3030 3195 [armatarum
3059 3125 3341 3180 secundum
3362 3124 3549 3181 Cracu
3582 3128 3804 3184 littera;

2116 3206 2165 3268 C
2197 3233 2309 3270 rum
2348 3219 2614 3271 elementa.

2259 3306 2445 3363 LXIV.
2483 3306 2756 3362 Clementis
2782 3309 2851 3362 ad
2879 3307 3148 3365 Iacobum.

2260 3400 2420 3456 LXV.
2454 3399 2663 3468 Ceretii,
2714 3401 2917 3457 Salonii
2962 3413 3007 3456 et
3041 3402 3229 3458 Verani
3268 3406 3630 3476 episcoporum
3663 3406 3806 3463 Gal-

2189 3496 2357 3549 lorum
2385 3500 2452 3548 ad
2474 3493 2693 3549 Leonem
2717 3511 2906 3564 papam
2944 3497 3136 3566 gratias
3176 3513 3331 3566 super
3377 3496 3505 3567 ﬁdei
3546 3490 3805 3556 doctrina

2189 3587 2467 3657 agentium.

2264 3677 2447 3733 LXVI.
2475 3677 2489 3728 i
2528 3677 2713 3749 Cyrilli
2763 3680 2833 3733 ad
2862 3678 3159 3735 Nestorium
3189 3697 3209 3736 :
3236 3690 3290 3736 ut
3319 3664 3477 3737 unum
3510 3694 3561 3738 et
3611 3701 3806 3741 verum

2193 3768 2314 3836 ﬁdei
2344 3769 2533 3840 dogma
2554 3777 2819 3841 sequatur.

2264 3859 2471 3916 LXVII.
2505 3859 2689 3915 Leonis
2717 3879 2865 3933 papa
2886 3864 2953 3917 ad
2982 3863 3200 3920 Leonem
3227 3864 3535 3938 Augustum,
3588 3868 3657 3922 de
3697 3886 3809 3923 una

2194 3948 2404 4004 Domini
2452 3953 2615 4005 nostri
2658 3950 2786 4007 Iesu
2814 3952 3005 4008 Christi
3044 3972 3280 4024 persona,
3333 3964 3385 4010 et
3442 3957 3645 4012 duabus
3705 3960 3806 4015 Dei

2195 4042 2513 4113 hominisque
2541 4046 2764 4110 naturis,
2790 4061 2904 4098 cum
2932 4047 3174 4118 subjectis
3219 4048 3520 4103 testimoniis
3545 4048 3805 4107 Patrum.

2266 4136 2496 4193 LXVIII.
2529 4138 2714 4194 Leonis
2749 4156 2898 4212 papa
2944 4143 3013 4196 ad
3047 4140 3349 4198 Juvenalcm
3395 4142 3811 4217 Jerosolymita-

2196 4247 2316 4285 num
2345 4232 2640 4302 episcopum
2664 4232 2727 4286 de
2752 4234 2928 4287 eodem
2948 4233 3081 4304 ipso.

2266 4322 2453 4377 LXIX.
2483 4323 2731 4393 Ejusdem
2778 4325 2847 4378 ad
2890 4323 3207 4379 Flavianum
3250 4328 3552 4398 episcopum
3585 4327 3711 4385 CP.
3745 4334 3813 4387 de

2196 4415 2533 4469 damnatione
2556 4413 2762 4470 haresis
2783 4415 3145 4487 Eutychiana.

2269 4507 2435 4562 LXX.
2478 4506 2787 4563 Constitutio
2822 4510 2892 4563 ad
2937 4508 3264 4567 Theodorum
3304 4514 3598 4584 episcopum
3631 4514 3809 4571 Fori-

2112 4592 2169 4654 Ι)
2181 4600 2428 4671 juliensis
2456 4616 2613 4671 super
2650 4601 2958 4670 panitentia
2982 4611 3142 4657 statu.

2197 4816 2326 4863 sunt
2366 4822 2487 4876 cap.
2532 4806 2633 4872 66,
2668 4806 2768 4873 59,
2807 4807 2903 4873 60,
2933 4807 3032 4873 61.
3057 4817 3110 4863 et
3138 4807 3228 4865 62.
3264 4809 3325 4863 P.
3356 4808 3725 4866 COIIsIanIIIIS
3758 4816 3807 4865 is

2200 4878 2409 4948 praefat.
2441 4879 2508 4933 ad
2543 4888 2674 4936 tom.
2707 4878 2724 4931 Ι
2756 4879 2927 4948 Epist.
2977 4879 3149 4949 Rom.
3179 4879 3367 4949 pontii.
3410 4895 3529 4949 pag.
3587 4898 3773 4936 una
3798 4928 3810 4942 .

2197 4950 2360 5021 alium
2387 4950 2628 5021 codicem
2658 4948 3237 5021 IIubertinumIaudat,
3263 4951 3352 5019 qui
3382 4951 3563 5005 minus
3595 4954 3768 5021 inlegt
3794 4974 3814 5008 r

2200 5020 2435 5077 videtur.
2465 5020 2712 5091 Concinit
2756 5035 2926 5091 usque
2965 5020 3033 5076 ad
3067 5035 3187 5091 cap.
3238 5022 3330 5076 59.
3375 5021 3569 5077 PoStea
3615 5028 3815 5079 SllItdIl

2200 5100 2408 5146 tantum
2452 5089 2681 5158 capitula
2730 5089 2960 5157 56,758,
2992 5091 3061 5148 59
3084 5133 3099 5155 ,
3134 5089 3242 5156 ’60,
3273 5092 3365 5154 6|.
3392 5091 3492 5155 65.
3519 5100 3579 5147 et
3609 5108 3820 5151 osuucs

2200 5160 2424 5286 Leoniés7
2443 5161 2700 5232 epistolas
2729 5200 2744 5226 ,
2798 5177 2918 5232 quae
2968 5161 3022 5219 in
3070 5160 3174 5217 hac
3225 5162 3407 5218 tabula
3456 5163 3740 5234 incipiunt
3785 5184 3818 5221 a

2200 5248 2321 5286 can.
2430 5269 2445 5285 .

2197 5248 2321 5299 cap.
2354 5248 2445 5286 ut.

2272 5311 2296 5340 ⁸
2327 5301 2501 5357 Oxon.
2537 5301 2696 5358 LVII.

2280 5371 2299 5411 ί
2326 5375 2500 5429 Oxon.
2534 5374 2713 5428 LVIII.

2271 5455 2297 5493 ε
2329 5446 2503 5500 Oxon.
2535 5443 2670 5499 LIX.

2198 5514 2397 5642 lautitia
2424 5516 2595 5573 codex
2620 5514 2828 5572 Thuan.
2859 5512 2931 5574 At
2959 5513 3135 5573 Oxon.
3164 5525 3219 5575 ct
3248 5516 3340 5575 alii
3383 5519 3622 5590 passim,
3678 5518 3796 5575 The

2275 5662 2291 5697 ⁸
2327 5661 2507 5714 Oxon.
2534 5657 2647 5712 LX.

2272 5730 2286 5781 i
2327 5735 2496 5786 Uson.
2528 5728 2664 5789 LVI.
