  <div class='ocr_page' id='page_1' title='image "/cluster/home/n/w/nwhite01/storage/ocr_20150623/56/hvd.32044054758651/193.png"; bbox 0 0 3954 6194; ppageno 0'>
   <div class='ocr_carea' id='block_1_1' title="bbox 523 350 619 407">
    <p class='ocr_par' dir='ltr' id='par_1_1' title="bbox 523 350 619 407">
     <span class='ocr_line' id='line_1_1' title="bbox 523 350 619 407; baseline -0.021 0"><span class='ocrx_word' id='word_1_1' title='bbox 523 350 619 407; x_wconf 72' lang='grc'><strong>371</strong></span> 
     </span>
    </p>
   </div>
   <div class='ocr_carea' id='block_1_2' title="bbox 527 467 2180 539">
    <p class='ocr_par' dir='ltr' id='par_1_2' title="bbox 527 467 2180 539">
     <span class='ocr_line' id='line_1_2' title="bbox 527 467 2180 539; baseline -0.002 -13"><span class='ocrx_word' id='word_1_2' title='bbox 527 471 708 527; x_wconf 71' lang='lat' dir='ltr'><strong>Arium</strong></span> <span class='ocrx_word' id='word_1_3' title='bbox 739 477 961 539; x_wconf 88' lang='lat' dir='ltr'><strong>cuperet</strong></span> <span class='ocrx_word' id='word_1_4' title='bbox 995 483 1027 523; x_wconf 87' lang='lat' dir='ltr'><strong>a</strong></span> <span class='ocrx_word' id='word_1_5' title='bbox 1066 482 1231 539; x_wconf 87' lang='lat' dir='ltr'><strong>pravo</strong></span> <span class='ocrx_word' id='word_1_6' title='bbox 1261 467 1473 536; x_wconf 89' lang='lat' dir='ltr'><strong>incepto</strong></span> <span class='ocrx_word' id='word_1_7' title='bbox 1503 475 1557 520; x_wconf 90' lang='lat' dir='ltr'><strong>et</strong></span> <span class='ocrx_word' id='word_1_8' title='bbox 1586 467 1975 522; x_wconf 74' lang='lat' dir='ltr'><strong>assertionibus</strong></span> <span class='ocrx_word' id='word_1_9' title='bbox 2002 469 2102 524; x_wconf 89' lang='lat' dir='ltr'><strong>im-</strong></span> <span class='ocrx_word' id='word_1_10' title='bbox 2129 475 2180 533; x_wconf 78' lang='grc' dir='ltr'><strong>Α</strong></span> 
     </span>
    </p>
   </div>
   <div class='ocr_carea' id='block_1_3' title="bbox 525 557 2103 633">
    <p class='ocr_par' dir='ltr' id='par_1_3' title="bbox 525 557 2103 633">
     <span class='ocr_line' id='line_1_3' title="bbox 525 557 2103 633; baseline 0.001 -19"><span class='ocrx_word' id='word_1_11' title='bbox 525 560 628 633; x_wconf 84' lang='lat' dir='ltr'><strong>piis</strong></span> <span class='ocrx_word' id='word_1_12' title='bbox 653 573 928 625; x_wconf 87' lang='lat' dir='ltr'><strong>revocare,</strong></span> <span class='ocrx_word' id='word_1_13' title='bbox 958 572 1061 613; x_wconf 92' lang='lat' dir='ltr'><strong>nec</strong></span> <span class='ocrx_word' id='word_1_14' title='bbox 1112 565 1286 612; x_wconf 83' lang='lat' dir='ltr'><strong>tamen</strong></span> <span class='ocrx_word' id='word_1_15' title='bbox 1331 570 1419 611; x_wconf 89' lang='lat' dir='ltr'><strong>res</strong></span> <span class='ocrx_word' id='word_1_16' title='bbox 1444 571 1508 609; x_wconf 81' lang='lat' dir='ltr'><strong>es</strong></span> <span class='ocrx_word' id='word_1_17' title='bbox 1538 557 1802 612; x_wconf 87' lang='lat' dir='ltr'><strong>sententia</strong></span> <span class='ocrx_word' id='word_1_18' title='bbox 1843 560 2103 628; x_wconf 88' lang='lat' dir='ltr'><strong>procede-</strong></span> 
     </span>
    </p>
   </div>
   <div class='ocr_carea' id='block_1_4' title="bbox 526 649 2107 721">
    <p class='ocr_par' dir='ltr' id='par_1_4' title="bbox 526 649 2107 721">
     <span class='ocr_line' id='line_1_4' title="bbox 526 649 2107 721; baseline -0.002 -11"><span class='ocrx_word' id='word_1_19' title='bbox 526 660 642 721; x_wconf 88' lang='lat' dir='ltr'><strong>ret;</strong></span> <span class='ocrx_word' id='word_1_20' title='bbox 686 663 710 691; x_wconf 73' lang='grc' dir='ltr'>α</span> <span class='ocrx_word' id='word_1_21' title='bbox 741 660 795 708; x_wconf 91' lang='lat' dir='ltr'><strong>et</strong></span> <span class='ocrx_word' id='word_1_22' title='bbox 834 652 971 720; x_wconf 85' lang='lat' dir='ltr'><strong>quod</strong></span> <span class='ocrx_word' id='word_1_23' title='bbox 1011 651 1297 721; x_wconf 86' lang='lat' dir='ltr'><strong>plerosque</strong></span> <span class='ocrx_word' id='word_1_24' title='bbox 1321 649 1429 719; x_wconf 89' lang='lat' dir='ltr'><strong>jam</strong></span> <span class='ocrx_word' id='word_1_25' title='bbox 1456 650 1703 719; x_wconf 82' lang='lat' dir='ltr'><strong>contagio</strong></span> <span class='ocrx_word' id='word_1_26' title='bbox 1728 651 1992 721; x_wconf 70' lang='lat' dir='ltr'><strong>pestifera:</strong></span> <span class='ocrx_word' id='word_1_27' title='bbox 2020 666 2107 707; x_wconf 88' lang='lat' dir='ltr'><strong>as-</strong></span> 
     </span>
    </p>
   </div>
   <div class='ocr_carea' id='block_1_5' title="bbox 523 739 2103 810">
    <p class='ocr_par' dir='ltr' id='par_1_5' title="bbox 523 739 2103 810">
     <span class='ocr_line' id='line_1_5' title="bbox 523 739 2103 810; baseline -0.003 -9"><span class='ocrx_word' id='word_1_28' title='bbox 523 744 778 801; x_wconf 83' lang='lat' dir='ltr'><strong>sertionis</strong></span> <span class='ocrx_word' id='word_1_29' title='bbox 815 743 1110 806; x_wconf 90' lang='lat' dir='ltr'><strong>infecerat,</strong></span> <span class='ocrx_word' id='word_1_30' title='bbox 1144 754 1249 795; x_wconf 90' lang='lat' dir='ltr'><strong>non</strong></span> <span class='ocrx_word' id='word_1_31' title='bbox 1291 739 1465 794; x_wconf 90' lang='lat' dir='ltr'><strong>solum</strong></span> <span class='ocrx_word' id='word_1_32' title='bbox 1494 740 1635 810; x_wconf 88' lang='lat' dir='ltr'><strong>apud</strong></span> <span class='ocrx_word' id='word_1_33' title='bbox 1683 742 2064 797; x_wconf 74' lang='lat' dir='ltr'><strong>Alexandriam</strong></span> <span class='ocrx_word' id='word_1_34' title='bbox 2089 782 2103 805; x_wconf 90' lang='lat'><strong>,</strong></span> 
     </span>
    </p>
   </div>
   <div class='ocr_carea' id='block_1_6' title="bbox 526 830 2106 904">
    <p class='ocr_par' dir='ltr' id='par_1_6' title="bbox 526 830 2106 904">
     <span class='ocr_line' id='line_1_6' title="bbox 526 830 2106 904; baseline 0 -16"><span class='ocrx_word' id='word_1_35' title='bbox 526 850 710 890; x_wconf 77' lang='lat' dir='ltr'><strong>verum</strong></span> <span class='ocrx_word' id='word_1_36' title='bbox 738 842 794 888; x_wconf 90' lang='lat' dir='ltr'><strong>et</strong></span> <span class='ocrx_word' id='word_1_37' title='bbox 820 848 917 902; x_wconf 91' lang='lat' dir='ltr'><strong>per</strong></span> <span class='ocrx_word' id='word_1_38' title='bbox 949 832 1085 887; x_wconf 90' lang='lat' dir='ltr'><strong>alias</strong></span> <span class='ocrx_word' id='word_1_39' title='bbox 1119 830 1280 885; x_wconf 86' lang='lat' dir='ltr'><strong>urbes</strong></span> <span class='ocrx_word' id='word_1_40' title='bbox 1310 830 1718 901; x_wconf 74' lang='lat' dir='ltr'><strong>provinciasque</strong></span> <span class='ocrx_word' id='word_1_41' title='bbox 1745 833 2106 904; x_wconf 89' lang='lat' dir='ltr'><strong>disperserat;</strong></span> 
     </span>
    </p>
   </div>
   <div class='ocr_carea' id='block_1_7' title="bbox 526 922 2105 997">
    <p class='ocr_par' dir='ltr' id='par_1_7' title="bbox 526 922 2105 997">
     <span class='ocr_line' id='line_1_7' title="bbox 526 922 2105 997; baseline 0.002 -16"><span class='ocrx_word' id='word_1_42' title='bbox 526 926 882 996; x_wconf 86' lang='lat' dir='ltr'><strong>perniciosum</strong></span> <span class='ocrx_word' id='word_1_43' title='bbox 918 923 1030 978; x_wconf 91' lang='lat' dir='ltr'><strong>fore</strong></span> <span class='ocrx_word' id='word_1_44' title='bbox 1084 922 1310 978; x_wconf 84' lang='lat' dir='ltr'><strong>credens</strong></span> <span class='ocrx_word' id='word_1_45' title='bbox 1338 923 1381 978; x_wconf 91' lang='lat' dir='ltr'><strong>si</strong></span> <span class='ocrx_word' id='word_1_46' title='bbox 1415 922 1785 980; x_wconf 86' lang='lat' dir='ltr'><strong>dissimularet</strong></span> <span class='ocrx_word' id='word_1_47' title='bbox 1825 941 1856 979; x_wconf 94' lang='lat' dir='ltr'><strong>a</strong></span> <span class='ocrx_word' id='word_1_48' title='bbox 1888 926 2105 997; x_wconf 87' lang='lat' dir='ltr'><strong>talibus,</strong></span> 
     </span>
    </p>
   </div>
   <div class='ocr_carea' id='block_1_8' title="bbox 526 1012 2107 1087">
    <p class='ocr_par' dir='ltr' id='par_1_8' title="bbox 526 1012 2107 1087">
     <span class='ocr_line' id='line_1_8' title="bbox 526 1012 2107 1087; baseline 0.001 -16"><span class='ocrx_word' id='word_1_49' title='bbox 526 1015 769 1087; x_wconf 84' lang='lat' dir='ltr'><strong>plurimis</strong></span> <span class='ocrx_word' id='word_1_50' title='bbox 813 1012 1290 1069; x_wconf 86' lang='lat' dir='ltr'><strong>consacerdotibus</strong></span> <span class='ocrx_word' id='word_1_51' title='bbox 1332 1015 1444 1069; x_wconf 86' lang='lat' dir='ltr'><strong>suis</strong></span> <span class='ocrx_word' id='word_1_52' title='bbox 1468 1029 1580 1069; x_wconf 90' lang='lat' dir='ltr'><strong>rem</strong></span> <span class='ocrx_word' id='word_1_53' title='bbox 1615 1015 1833 1070; x_wconf 86' lang='lat' dir='ltr'><strong>indicat.</strong></span> <span class='ocrx_word' id='word_1_54' title='bbox 1866 1017 2107 1084; x_wconf 75' lang='lat' dir='ltr'><strong>Quaestio</strong></span> 
     </span>
    </p>
   </div>
   <div class='ocr_carea' id='block_1_9' title="bbox 526 1106 2116 1183">
    <p class='ocr_par' dir='ltr' id='par_1_9' title="bbox 526 1106 2116 1183">
     <span class='ocr_line' id='line_1_9' title="bbox 526 1106 2116 1183; baseline 0.003 -22"><span class='ocrx_word' id='word_1_55' title='bbox 526 1107 682 1162; x_wconf 88' lang='lat' dir='ltr'><strong>latius</strong></span> <span class='ocrx_word' id='word_1_56' title='bbox 722 1107 1029 1161; x_wconf 84' lang='lat' dir='ltr'><strong>iunotescit.</strong></span> <span class='ocrx_word' id='word_1_57' title='bbox 1075 1106 1277 1161; x_wconf 87' lang='lat' dir='ltr'><strong>Sermo</strong></span> <span class='ocrx_word' id='word_1_58' title='bbox 1314 1122 1485 1177; x_wconf 90' lang='lat' dir='ltr'><strong>usque</strong></span> <span class='ocrx_word' id='word_1_59' title='bbox 1551 1107 1617 1162; x_wconf 92' lang='lat' dir='ltr'><strong>ad</strong></span> <span class='ocrx_word' id='word_1_60' title='bbox 1663 1123 1823 1165; x_wconf 86' lang='lat' dir='ltr'><strong>aures</strong></span> <span class='ocrx_word' id='word_1_61' title='bbox 1867 1109 2116 1183; x_wconf 43' lang='lat' dir='ltr'><strong>religiosi.</strong></span> 
     </span>
    </p>
   </div>
   <div class='ocr_carea' id='block_1_10' title="bbox 532 1197 2105 1271">
    <p class='ocr_par' dir='ltr' id='par_1_10' title="bbox 532 1197 2105 1271">
     <span class='ocr_line' id='line_1_10' title="bbox 532 1197 2105 1271; baseline 0.003 -17"><span class='ocrx_word' id='word_1_62' title='bbox 532 1200 788 1271; x_wconf 86' lang='lat' dir='ltr'><strong>principis</strong></span> <span class='ocrx_word' id='word_1_63' title='bbox 836 1197 1171 1253; x_wconf 86' lang='lat' dir='ltr'><strong>Constantini</strong></span> <span class='ocrx_word' id='word_1_64' title='bbox 1223 1201 1470 1269; x_wconf 76' lang='lat' dir='ltr'><strong>pervenit</strong></span> <span class='ocrx_word' id='word_1_65' title='bbox 1512 1217 1526 1254; x_wconf 90' lang='lat'><strong>:</strong></span> <span class='ocrx_word' id='word_1_66' title='bbox 1586 1200 1785 1271; x_wconf 85' lang='lat' dir='ltr'><strong>quippe</strong></span> <span class='ocrx_word' id='word_1_67' title='bbox 1820 1203 1913 1271; x_wconf 85' lang='lat' dir='ltr'><strong>qui</strong></span> <span class='ocrx_word' id='word_1_68' title='bbox 1958 1206 2105 1259; x_wconf 90' lang='lat' dir='ltr'><strong>omni</strong></span> 
     </span>
    </p>
   </div>
   <div class='ocr_carea' id='block_1_11' title="bbox 526 1287 2102 1364">
    <p class='ocr_par' dir='ltr' id='par_1_11' title="bbox 526 1287 2102 1364">
     <span class='ocr_line' id='line_1_11' title="bbox 526 1287 2102 1364; baseline 0.004 -23"><span class='ocrx_word' id='word_1_69' title='bbox 526 1288 702 1343; x_wconf 79' lang='lat' dir='ltr'><strong>studio</strong></span> <span class='ocrx_word' id='word_1_70' title='bbox 739 1298 794 1343; x_wconf 90' lang='lat' dir='ltr'><strong>et</strong></span> <span class='ocrx_word' id='word_1_71' title='bbox 841 1287 1116 1357; x_wconf 82' lang='lat' dir='ltr'><strong>diligentia</strong></span> <span class='ocrx_word' id='word_1_72' title='bbox 1167 1296 1382 1342; x_wconf 81' lang='lat' dir='ltr'><strong>curaret</strong></span> <span class='ocrx_word' id='word_1_73' title='bbox 1422 1305 1541 1358; x_wconf 65' lang='lat' dir='ltr'><strong>quae</strong></span> <span class='ocrx_word' id='word_1_74' title='bbox 1593 1298 1772 1346; x_wconf 89' lang='lat' dir='ltr'><strong>nostra</strong></span> <span class='ocrx_word' id='word_1_75' title='bbox 1812 1294 1920 1364; x_wconf 73' lang='lat'><strong>26</strong></span> <span class='ocrx_word' id='word_1_76' title='bbox 1958 1303 2102 1348; x_wconf 91' lang='lat' dir='ltr'><strong>sunt.</strong></span> 
     </span>
    </p>
   </div>
   <div class='ocr_carea' id='block_1_12' title="bbox 526 1382 2102 1453">
    <p class='ocr_par' dir='ltr' id='par_1_12' title="bbox 526 1382 2102 1453">
     <span class='ocr_line' id='line_1_12' title="bbox 526 1382 2102 1453; baseline 0.002 -16"><span class='ocrx_word' id='word_1_77' title='bbox 526 1384 673 1439; x_wconf 89' lang='lat' dir='ltr'><strong>Tunc</strong></span> <span class='ocrx_word' id='word_1_78' title='bbox 702 1384 794 1438; x_wconf 90' lang='lat' dir='ltr'><strong>ille</strong></span> <span class='ocrx_word' id='word_1_79' title='bbox 836 1398 903 1438; x_wconf 79' lang='lat' dir='ltr'><strong>ex</strong></span> <span class='ocrx_word' id='word_1_80' title='bbox 935 1383 1198 1436; x_wconf 79' lang='lat' dir='ltr'><strong>sententia</strong></span> <span class='ocrx_word' id='word_1_81' title='bbox 1242 1382 1581 1437; x_wconf 90' lang='lat' dir='ltr'><strong>sacerdotum</strong></span> <span class='ocrx_word' id='word_1_82' title='bbox 1618 1384 1758 1453; x_wconf 85' lang='lat' dir='ltr'><strong>apud</strong></span> <span class='ocrx_word' id='word_1_83' title='bbox 1795 1385 1980 1442; x_wconf 85' lang='lat' dir='ltr'><strong>urbem</strong></span> <span class='ocrx_word' id='word_1_84' title='bbox 2008 1386 2102 1441; x_wconf 78' lang='lat' dir='ltr'><strong>Ni-</strong></span> 
     </span>
    </p>
   </div>
   <div class='ocr_carea' id='block_1_13' title="bbox 523 1472 2100 1544">
    <p class='ocr_par' dir='ltr' id='par_1_13' title="bbox 523 1472 2100 1544">
     <span class='ocr_line' id='line_1_13' title="bbox 523 1472 2100 1544; baseline 0 -13"><span class='ocrx_word' id='word_1_85' title='bbox 523 1490 688 1531; x_wconf 68' lang='lat' dir='ltr'><strong>cseam</strong></span> <span class='ocrx_word' id='word_1_86' title='bbox 718 1473 1023 1543; x_wconf 83' lang='lat' dir='ltr'><strong>episcopale</strong></span> <span class='ocrx_word' id='word_1_87' title='bbox 1060 1472 1344 1528; x_wconf 89' lang='lat' dir='ltr'><strong>concilium</strong></span> <span class='ocrx_word' id='word_1_88' title='bbox 1372 1482 1663 1539; x_wconf 84' lang='lat' dir='ltr'><strong>convocat;</strong></span> <span class='ocrx_word' id='word_1_89' title='bbox 1715 1475 1894 1544; x_wconf 83' lang='lat' dir='ltr'><strong>ibique</strong></span> <span class='ocrx_word' id='word_1_90' title='bbox 1918 1477 2100 1531; x_wconf 81' lang='lat' dir='ltr'><strong>Arium</strong></span> 
     </span>
    </p>
   </div>
   <div class='ocr_carea' id='block_1_14' title="bbox 526 1565 2102 1633">
    <p class='ocr_par' dir='ltr' id='par_1_14' title="bbox 526 1565 2102 1633">
     <span class='ocr_line' id='line_1_14' title="bbox 526 1565 2102 1633; baseline 0.006 -16"><span class='ocrx_word' id='word_1_91' title='bbox 526 1566 780 1621; x_wconf 72' lang='lat' dir='ltr'><strong>trecentis</strong></span> <span class='ocrx_word' id='word_1_92' title='bbox 796 1566 982 1621; x_wconf 89' lang='lat' dir='ltr'><strong>decem</strong></span> <span class='ocrx_word' id='word_1_93' title='bbox 1010 1574 1064 1620; x_wconf 91' lang='lat' dir='ltr'><strong>et</strong></span> <span class='ocrx_word' id='word_1_94' title='bbox 1083 1571 1206 1619; x_wconf 90' lang='lat' dir='ltr'><strong>octo</strong></span> <span class='ocrx_word' id='word_1_95' title='bbox 1235 1565 1499 1633; x_wconf 78' lang='lat' dir='ltr'><strong>episcOpis</strong></span> <span class='ocrx_word' id='word_1_96' title='bbox 1518 1565 1878 1622; x_wconf 86' lang='lat' dir='ltr'><strong>residentibus</strong></span> <span class='ocrx_word' id='word_1_97' title='bbox 1911 1569 2102 1626; x_wconf 82' lang='lat' dir='ltr'><strong>adesse</strong></span> 
     </span>
    </p>
   </div>
   <div class='ocr_carea' id='block_1_15' title="bbox 523 1656 2103 1731">
    <p class='ocr_par' dir='ltr' id='par_1_15' title="bbox 523 1656 2103 1731">
     <span class='ocr_line' id='line_1_15' title="bbox 523 1656 2103 1731; baseline 0.001 -18"><span class='ocrx_word' id='word_1_98' title='bbox 523 1660 693 1725; x_wconf 61' lang='lat' dir='ltr'><strong>jubet,</strong></span> <span class='ocrx_word' id='word_1_99' title='bbox 722 1674 784 1713; x_wconf 89' lang='lat' dir='ltr'><strong>ac</strong></span> <span class='ocrx_word' id='word_1_100' title='bbox 807 1659 874 1714; x_wconf 89' lang='lat' dir='ltr'><strong>de</strong></span> <span class='ocrx_word' id='word_1_101' title='bbox 894 1657 1009 1727; x_wconf 83' lang='lat' dir='ltr'><strong>ejus</strong></span> <span class='ocrx_word' id='word_1_102' title='bbox 1039 1656 1493 1726; x_wconf 85' lang='lat' dir='ltr'><strong>propositionibus</strong></span> <span class='ocrx_word' id='word_1_103' title='bbox 1524 1667 1579 1714; x_wconf 89' lang='lat' dir='ltr'><strong>et</strong></span> <span class='ocrx_word' id='word_1_104' title='bbox 1604 1659 1989 1727; x_wconf 72' lang='lat' dir='ltr'><strong>qumstionibus</strong></span> <span class='ocrx_word' id='word_1_105' title='bbox 2013 1660 2103 1731; x_wconf 91' lang='lat' dir='ltr'><strong>ju-</strong></span> 
     </span>
    </p>
   </div>
   <div class='ocr_carea' id='block_1_16' title="bbox 525 1750 783 1807">
    <p class='ocr_par' dir='ltr' id='par_1_16' title="bbox 525 1750 783 1807">
     <span class='ocr_line' id='line_1_16' title="bbox 525 1750 783 1807; baseline 0.008 -2"><span class='ocrx_word' id='word_1_106' title='bbox 525 1752 704 1806; x_wconf 84' lang='lat' dir='ltr'><strong>dicare</strong></span> <span class='ocrx_word' id='word_1_107' title='bbox 732 1750 783 1807; x_wconf 72' lang='grc' dir='ltr'><strong>ὶ⁹ο</strong></span> 
     </span>
    </p>
   </div>
   <div class='ocr_carea' id='block_1_17' title="bbox 1465 355 2863 419">
    <p class='ocr_par' dir='ltr' id='par_1_17' title="bbox 1465 355 2863 419">
     <span class='ocr_line' id='line_1_17' title="bbox 1465 355 2863 419; baseline 0.006 -9"><span class='ocrx_word' id='word_1_108' title='bbox 1465 355 1807 411; x_wconf 72' lang='grc' dir='ltr'><strong>ΔΡΡΕΝΟΙΧ</strong></span> <span class='ocrx_word' id='word_1_109' title='bbox 1847 358 1937 411; x_wconf 75' lang='lat' dir='ltr'><strong>AD</strong></span> <span class='ocrx_word' id='word_1_110' title='bbox 1977 359 2036 414; x_wconf 89' lang='lat' dir='ltr'><strong>S.</strong></span> <span class='ocrx_word' id='word_1_111' title='bbox 2077 358 2321 417; x_wconf 75' lang='lat' dir='ltr'><strong>LEONIS</strong></span> <span class='ocrx_word' id='word_1_112' title='bbox 2360 359 2571 417; x_wconf 76' lang='lat' dir='ltr'><strong>MAGNI</strong></span> <span class='ocrx_word' id='word_1_113' title='bbox 2611 360 2863 419; x_wconf 74' lang='lat' dir='ltr'><strong>OPERA.</strong></span> 
     </span>
    </p>
   </div>
   <div class='ocr_carea' id='block_1_18' title="bbox 3690 354 3800 414">
    <p class='ocr_par' dir='ltr' id='par_1_18' title="bbox 3690 354 3800 414">
     <span class='ocr_line' id='line_1_18' title="bbox 3690 354 3800 414; baseline -0.018 0"><span class='ocrx_word' id='word_1_114' title='bbox 3690 354 3800 414; x_wconf 66' lang='lat'><strong>572</strong></span> 
     </span>
    </p>
   </div>
   <div class='ocr_carea' id='block_1_19' title="bbox 2284 471 3798 543">
    <p class='ocr_par' dir='ltr' id='par_1_19' title="bbox 2284 471 3798 543">
     <span class='ocr_line' id='line_1_19' title="bbox 2284 471 3798 543; baseline -0.001 -15"><span class='ocrx_word' id='word_1_115' title='bbox 2284 484 2305 512; x_wconf 76' lang='grc' dir='ltr'><strong>ε</strong></span> <span class='ocrx_word' id='word_1_116' title='bbox 2341 472 2547 528; x_wconf 81' lang='lat' dir='ltr'><strong>Verum</strong></span> <span class='ocrx_word' id='word_1_117' title='bbox 2565 483 2685 543; x_wconf 85' lang='lat' dir='ltr'><strong>post</strong></span> <span class='ocrx_word' id='word_1_118' title='bbox 2708 472 2978 528; x_wconf 90' lang='lat' dir='ltr'><strong>diutinum</strong></span> <span class='ocrx_word' id='word_1_119' title='bbox 3006 471 3340 541; x_wconf 85' lang='lat' dir='ltr'><strong>multumque</strong></span> <span class='ocrx_word' id='word_1_120' title='bbox 3368 479 3648 527; x_wconf 88' lang='lat' dir='ltr'><strong>tractatum</strong></span> <span class='ocrx_word' id='word_1_121' title='bbox 3676 472 3798 542; x_wconf 86' lang='lat' dir='ltr'><strong>pla-</strong></span> 
     </span>
    </p>
   </div>
   <div class='ocr_carea' id='block_1_20' title="bbox 2214 570 3801 637">
    <p class='ocr_par' dir='ltr' id='par_1_20' title="bbox 2214 570 3801 637">
     <span class='ocr_line' id='line_1_20' title="bbox 2214 570 3801 637; baseline 0.001 -12"><span class='ocrx_word' id='word_1_122' title='bbox 2214 582 2299 627; x_wconf 89' lang='lat' dir='ltr'><strong>cet</strong></span> <span class='ocrx_word' id='word_1_123' title='bbox 2326 572 2575 627; x_wconf 90' lang='lat' dir='ltr'><strong>omnibus</strong></span> <span class='ocrx_word' id='word_1_124' title='bbox 2600 612 2616 637; x_wconf 86' lang='lat'><strong><em>.</em></strong></span> <span class='ocrx_word' id='word_1_125' title='bbox 2656 586 2721 627; x_wconf 93' lang='lat' dir='ltr'><strong>ac</strong></span> <span class='ocrx_word' id='word_1_126' title='bbox 2748 570 2896 626; x_wconf 86' lang='lat' dir='ltr'><strong>velut</strong></span> <span class='ocrx_word' id='word_1_127' title='bbox 2941 586 3050 625; x_wconf 91' lang='lat' dir='ltr'><strong>uno</strong></span> <span class='ocrx_word' id='word_1_128' title='bbox 3081 578 3399 625; x_wconf 90' lang='lat' dir='ltr'><strong>cunctorum</strong></span> <span class='ocrx_word' id='word_1_129' title='bbox 3430 585 3526 626; x_wconf 91' lang='lat' dir='ltr'><strong>ore</strong></span> <span class='ocrx_word' id='word_1_130' title='bbox 3552 581 3605 626; x_wconf 92' lang='lat' dir='ltr'><strong>et</strong></span> <span class='ocrx_word' id='word_1_131' title='bbox 3638 571 3801 628; x_wconf 88' lang='lat' dir='ltr'><strong>corde</strong></span> 
     </span>
    </p>
   </div>
   <div class='ocr_carea' id='block_1_21' title="bbox 2216 671 3798 749">
    <p class='ocr_par' dir='ltr' id='par_1_21' title="bbox 2216 671 3798 749">
     <span class='ocr_line' id='line_1_21' title="bbox 2216 671 3798 749; baseline -0.001 -21"><span class='ocrx_word' id='word_1_132' title='bbox 2216 674 2524 729; x_wconf 88' lang='lat' dir='ltr'><strong>decernitur</strong></span> <span class='ocrx_word' id='word_1_133' title='bbox 2540 675 2808 749; x_wconf 68' lang='grc' dir='ltr'><strong>ὁμοούσιον</strong></span> <span class='ocrx_word' id='word_1_134' title='bbox 2851 672 3010 727; x_wconf 75' lang='lat' dir='ltr'><strong>scribi</strong></span> <span class='ocrx_word' id='word_1_135' title='bbox 3063 671 3295 736; x_wconf 88' lang='lat' dir='ltr'><strong>debere,</strong></span> <span class='ocrx_word' id='word_1_136' title='bbox 3339 671 3390 726; x_wconf 88' lang='lat' dir='ltr'><strong>id</strong></span> <span class='ocrx_word' id='word_1_137' title='bbox 3416 680 3532 737; x_wconf 84' lang='lat' dir='ltr'><strong>est,</strong></span> <span class='ocrx_word' id='word_1_138' title='bbox 3563 671 3798 740; x_wconf 76' lang='lat' dir='ltr'><strong>ejusdem</strong></span> 
     </span>
    </p>
   </div>
   <div class='ocr_carea' id='block_1_22' title="bbox 2218 756 3803 838">
    <p class='ocr_par' dir='ltr' id='par_1_22' title="bbox 2218 756 3803 838">
     <span class='ocr_line' id='line_1_22' title="bbox 2218 756 3803 838; baseline -0.002 -11"><span class='ocrx_word' id='word_1_139' title='bbox 2218 788 2338 827; x_wconf 92' lang='lat' dir='ltr'><strong>cum</strong></span> <span class='ocrx_word' id='word_1_140' title='bbox 2371 773 2528 828; x_wconf 86' lang='lat' dir='ltr'><strong>Patre</strong></span> <span class='ocrx_word' id='word_1_141' title='bbox 2561 771 2879 826; x_wconf 77' lang='lat' dir='ltr'><strong>substantia:</strong></span> <span class='ocrx_word' id='word_1_142' title='bbox 2899 769 3096 824; x_wconf 81' lang='lat' dir='ltr'><strong>Filium</strong></span> <span class='ocrx_word' id='word_1_143' title='bbox 3116 769 3393 836; x_wconf 89' lang='lat' dir='ltr'><strong>conﬁteri;</strong></span> <span class='ocrx_word' id='word_1_144' title='bbox 3427 770 3587 838; x_wconf 83' lang='lat' dir='ltr'><strong>idque</strong></span> <span class='ocrx_word' id='word_1_145' title='bbox 3609 756 3803 825; x_wconf 82' lang='lat' dir='ltr'><strong>ﬁrmis-</strong></span> 
     </span>
    </p>
   </div>
   <div class='ocr_carea' id='block_1_23' title="bbox 2220 869 3803 940">
    <p class='ocr_par' dir='ltr' id='par_1_23' title="bbox 2220 869 3803 940">
     <span class='ocr_line' id='line_1_23' title="bbox 2220 869 3803 940; baseline 0 -14"><span class='ocrx_word' id='word_1_146' title='bbox 2220 876 2353 927; x_wconf 89' lang='lat' dir='ltr'><strong>sima</strong></span> <span class='ocrx_word' id='word_1_147' title='bbox 2385 871 2623 926; x_wconf 89' lang='lat' dir='ltr'><strong>omnium</strong></span> <span class='ocrx_word' id='word_1_148' title='bbox 2661 871 2926 926; x_wconf 89' lang='lat' dir='ltr'><strong>sententia</strong></span> <span class='ocrx_word' id='word_1_149' title='bbox 2960 869 3352 939; x_wconf 85' lang='lat' dir='ltr'><strong>pronuntiatur.</strong></span> <span class='ocrx_word' id='word_1_150' title='bbox 3390 869 3584 925; x_wconf 85' lang='lat' dir='ltr'><strong>Decem</strong></span> <span class='ocrx_word' id='word_1_151' title='bbox 3610 876 3662 924; x_wconf 89' lang='lat' dir='ltr'><strong>et</strong></span> <span class='ocrx_word' id='word_1_152' title='bbox 3688 885 3803 940; x_wconf 89' lang='lat' dir='ltr'><strong>sep-</strong></span> 
     </span>
    </p>
   </div>
   <div class='ocr_carea' id='block_1_24' title="bbox 2217 968 3799 1039">
    <p class='ocr_par' dir='ltr' id='par_1_24' title="bbox 2217 968 3799 1039">
     <span class='ocr_line' id='line_1_24' title="bbox 2217 968 3799 1039; baseline -0.002 -11"><span class='ocrx_word' id='word_1_153' title='bbox 2217 983 2322 1029; x_wconf 88' lang='lat' dir='ltr'><strong>tem</strong></span> <span class='ocrx_word' id='word_1_154' title='bbox 2346 973 2445 1027; x_wconf 90' lang='lat' dir='ltr'><strong>soli</strong></span> <span class='ocrx_word' id='word_1_155' title='bbox 2477 981 2601 1026; x_wconf 90' lang='lat' dir='ltr'><strong>tunc</strong></span> <span class='ocrx_word' id='word_1_156' title='bbox 2632 970 2799 1025; x_wconf 86' lang='lat' dir='ltr'><strong>fuisse</strong></span> <span class='ocrx_word' id='word_1_157' title='bbox 2821 969 3074 1024; x_wconf 88' lang='lat' dir='ltr'><strong>dicuntur</strong></span> <span class='ocrx_word' id='word_1_158' title='bbox 3102 969 3295 1039; x_wconf 84' lang='lat' dir='ltr'><strong>quibus</strong></span> <span class='ocrx_word' id='word_1_159' title='bbox 3323 968 3438 1023; x_wconf 75' lang='lat' dir='ltr'><strong>Arii</strong></span> <span class='ocrx_word' id='word_1_160' title='bbox 3465 969 3637 1039; x_wconf 81' lang='lat' dir='ltr'><strong>magis</strong></span> <span class='ocrx_word' id='word_1_161' title='bbox 3667 970 3799 1026; x_wconf 85' lang='lat' dir='ltr'><strong>ﬁdes</strong></span> 
     </span>
    </p>
   </div>
   <div class='ocr_carea' id='block_1_25' title="bbox 2217 1068 3801 1141">
    <p class='ocr_par' dir='ltr' id='par_1_25' title="bbox 2217 1068 3801 1141">
     <span class='ocr_line' id='line_1_25' title="bbox 2217 1068 3801 1141; baseline 0.001 -16"><span class='ocrx_word' id='word_1_162' title='bbox 2217 1073 2471 1141; x_wconf 79' lang='lat' dir='ltr'><strong>placeret,</strong></span> <span class='ocrx_word' id='word_1_163' title='bbox 2503 1072 2838 1125; x_wconf 78' lang='lat' dir='ltr'><strong>extrinsecus</strong></span> <span class='ocrx_word' id='word_1_164' title='bbox 2888 1079 3127 1124; x_wconf 89' lang='lat' dir='ltr'><strong>creatum</strong></span> <span class='ocrx_word' id='word_1_165' title='bbox 3174 1069 3264 1123; x_wconf 88' lang='lat' dir='ltr'><strong>Dei</strong></span> <span class='ocrx_word' id='word_1_166' title='bbox 3304 1068 3497 1123; x_wconf 81' lang='lat' dir='ltr'><strong>Filium</strong></span> <span class='ocrx_word' id='word_1_167' title='bbox 3528 1085 3595 1124; x_wconf 79' lang='lat' dir='ltr'><strong>ex</strong></span> <span class='ocrx_word' id='word_1_168' title='bbox 3641 1072 3801 1127; x_wconf 84' lang='lat' dir='ltr'><strong>nullis</strong></span> 
     </span>
    </p>
   </div>
   <div class='ocr_carea' id='block_1_26' title="bbox 2215 1170 3794 1242">
    <p class='ocr_par' dir='ltr' id='par_1_26' title="bbox 2215 1170 3794 1242">
     <span class='ocr_line' id='line_1_26' title="bbox 2215 1170 3794 1242; baseline 0 -14"><span class='ocrx_word' id='word_1_169' title='bbox 2215 1172 2241 1211; x_wconf 73' lang='grc' dir='ltr'><strong>ἀ</strong></span> <span class='ocrx_word' id='word_1_170' title='bbox 2269 1172 2703 1236; x_wconf 86' lang='lat' dir='ltr'><strong>subsistentibus,</strong></span> <span class='ocrx_word' id='word_1_171' title='bbox 2726 1178 2783 1225; x_wconf 90' lang='lat' dir='ltr'><strong>et</strong></span> <span class='ocrx_word' id='word_1_172' title='bbox 2809 1186 2913 1225; x_wconf 92' lang='lat' dir='ltr'><strong>non</strong></span> <span class='ocrx_word' id='word_1_173' title='bbox 2945 1185 3008 1225; x_wconf 81' lang='lat' dir='ltr'><strong>ex</strong></span> <span class='ocrx_word' id='word_1_174' title='bbox 3032 1170 3145 1240; x_wconf 85' lang='lat' dir='ltr'><strong>ipsa</strong></span> <span class='ocrx_word' id='word_1_175' title='bbox 3169 1170 3345 1225; x_wconf 81' lang='lat' dir='ltr'><strong>Patris</strong></span> <span class='ocrx_word' id='word_1_176' title='bbox 3372 1171 3579 1227; x_wconf 83' lang='lat' dir='ltr'><strong>Deitate</strong></span> <span class='ocrx_word' id='word_1_177' title='bbox 3605 1187 3794 1242; x_wconf 60' lang='lat' dir='ltr'><strong>progeo</strong></span> 
     </span>
    </p>
   </div>
   <div class='ocr_carea' id='block_1_27' title="bbox 2216 1259 3798 1320">
    <p class='ocr_par' dir='ltr' id='par_1_27' title="bbox 2216 1259 3798 1320">
     <span class='ocr_line' id='line_1_27' title="bbox 2216 1259 3798 1320; baseline -0.003 0"><span class='ocrx_word' id='word_1_178' title='bbox 2216 1266 2384 1320; x_wconf 90' lang='lat' dir='ltr'><strong>nitnm</strong></span> <span class='ocrx_word' id='word_1_179' title='bbox 2434 1265 2837 1319; x_wconf 89' lang='lat' dir='ltr'><strong>conﬁrmantes.</strong></span> <span class='ocrx_word' id='word_1_180' title='bbox 2893 1262 3139 1317; x_wconf 77' lang='lat' dir='ltr'><strong>Defertur</strong></span> <span class='ocrx_word' id='word_1_181' title='bbox 3177 1261 3242 1315; x_wconf 88' lang='lat' dir='ltr'><strong>ad</strong></span> <span class='ocrx_word' id='word_1_182' title='bbox 3277 1259 3690 1317; x_wconf 86' lang='lat' dir='ltr'><strong>Constantinum</strong></span> <span class='ocrx_word' id='word_1_183' title='bbox 3717 1279 3798 1316; x_wconf 76' lang='lat' dir='ltr'><strong>sa-</strong></span> 
     </span>
    </p>
   </div>
   <div class='ocr_carea' id='block_1_28' title="bbox 2215 1360 3799 1433">
    <p class='ocr_par' dir='ltr' id='par_1_28' title="bbox 2215 1360 3799 1433">
     <span class='ocr_line' id='line_1_28' title="bbox 2215 1360 3799 1433; baseline -0.002 -14"><span class='ocrx_word' id='word_1_184' title='bbox 2215 1364 2501 1420; x_wconf 86' lang='lat' dir='ltr'><strong>cerdotalis</strong></span> <span class='ocrx_word' id='word_1_185' title='bbox 2527 1362 2739 1418; x_wconf 89' lang='lat' dir='ltr'><strong>concilii</strong></span> <span class='ocrx_word' id='word_1_186' title='bbox 2770 1361 3055 1417; x_wconf 89' lang='lat' dir='ltr'><strong>sententia.</strong></span> <span class='ocrx_word' id='word_1_187' title='bbox 3083 1360 3177 1416; x_wconf 84' lang='lat' dir='ltr'><strong>ille</strong></span> <span class='ocrx_word' id='word_1_188' title='bbox 3199 1369 3452 1432; x_wconf 88' lang='lat' dir='ltr'><strong>tanquam</strong></span> <span class='ocrx_word' id='word_1_189' title='bbox 3488 1377 3521 1416; x_wconf 92' lang='lat' dir='ltr'><strong>a</strong></span> <span class='ocrx_word' id='word_1_190' title='bbox 3551 1362 3659 1418; x_wconf 91' lang='lat' dir='ltr'><strong>Deo</strong></span> <span class='ocrx_word' id='word_1_191' title='bbox 3678 1378 3799 1433; x_wconf 84' lang='lat' dir='ltr'><strong>pro-</strong></span> 
     </span>
    </p>
   </div>
   <div class='ocr_carea' id='block_1_29' title="bbox 2212 1462 3794 1532">
    <p class='ocr_par' dir='ltr' id='par_1_29' title="bbox 2212 1462 3794 1532">
     <span class='ocr_line' id='line_1_29' title="bbox 2212 1462 3794 1532; baseline 0.001 -14"><span class='ocrx_word' id='word_1_192' title='bbox 2212 1462 2371 1518; x_wconf 88' lang='lat' dir='ltr'><strong>latam</strong></span> <span class='ocrx_word' id='word_1_193' title='bbox 2401 1471 2718 1529; x_wconf 90' lang='lat' dir='ltr'><strong>veneratur;</strong></span> <span class='ocrx_word' id='word_1_194' title='bbox 2753 1463 2837 1517; x_wconf 90' lang='lat' dir='ltr'><strong>cui</strong></span> <span class='ocrx_word' id='word_1_195' title='bbox 2880 1462 2926 1516; x_wconf 93' lang='lat' dir='ltr'><strong>si</strong></span> <span class='ocrx_word' id='word_1_196' title='bbox 2956 1462 3074 1532; x_wconf 89' lang='lat' dir='ltr'><strong>quis</strong></span> <span class='ocrx_word' id='word_1_197' title='bbox 3118 1469 3380 1517; x_wconf 91' lang='lat' dir='ltr'><strong>tentasset</strong></span> <span class='ocrx_word' id='word_1_198' title='bbox 3409 1462 3578 1517; x_wconf 90' lang='lat' dir='ltr'><strong>obniti</strong></span> <span class='ocrx_word' id='word_1_199' title='bbox 3606 1502 3625 1529; x_wconf 89' lang='lat'><strong>,</strong></span> <span class='ocrx_word' id='word_1_200' title='bbox 3654 1465 3794 1519; x_wconf 81' lang='lat' dir='ltr'><strong>velut</strong></span> 
     </span>
    </p>
   </div>
   <div class='ocr_carea' id='block_1_30' title="bbox 2210 1560 3793 1632">
    <p class='ocr_par' dir='ltr' id='par_1_30' title="bbox 2210 1560 3793 1632">
     <span class='ocr_line' id='line_1_30' title="bbox 2210 1560 3793 1632; baseline 0 -15"><span class='ocrx_word' id='word_1_201' title='bbox 2210 1571 2395 1617; x_wconf 89' lang='lat' dir='ltr'><strong>contra</strong></span> <span class='ocrx_word' id='word_1_202' title='bbox 2423 1562 2601 1617; x_wconf 86' lang='lat' dir='ltr'><strong>divina</strong></span> <span class='ocrx_word' id='word_1_203' title='bbox 2630 1570 2830 1617; x_wconf 86' lang='lat' dir='ltr'><strong>statuta</strong></span> <span class='ocrx_word' id='word_1_204' title='bbox 2860 1560 3197 1629; x_wconf 83' lang='lat' dir='ltr'><strong>venientem,</strong></span> <span class='ocrx_word' id='word_1_205' title='bbox 3230 1561 3282 1616; x_wconf 91' lang='lat' dir='ltr'><strong>in</strong></span> <span class='ocrx_word' id='word_1_206' title='bbox 3304 1561 3554 1617; x_wconf 81' lang='lat' dir='ltr'><strong>exsilium</strong></span> <span class='ocrx_word' id='word_1_207' title='bbox 3591 1576 3654 1618; x_wconf 89' lang='lat' dir='ltr'><strong>se</strong></span> <span class='ocrx_word' id='word_1_208' title='bbox 3677 1576 3793 1632; x_wconf 86' lang='lat' dir='ltr'><strong>pro-</strong></span> 
     </span>
    </p>
   </div>
   <div class='ocr_carea' id='block_1_31' title="bbox 2211 1670 2733 1719">
    <p class='ocr_par' dir='ltr' id='par_1_31' title="bbox 2211 1670 2733 1719">
     <span class='ocr_line' id='line_1_31' title="bbox 2211 1670 2733 1719; baseline 0.002 -1"><span class='ocrx_word' id='word_1_209' title='bbox 2211 1671 2438 1718; x_wconf 87' lang='lat' dir='ltr'><strong>testatur</strong></span> <span class='ocrx_word' id='word_1_210' title='bbox 2468 1670 2733 1719; x_wconf 91' lang='lat' dir='ltr'><strong>acturum.</strong></span> 
     </span>
    </p>
   </div>
   <div class='ocr_carea' id='block_1_32' title="bbox 596 1891 3791 1964">
    <p class='ocr_par' dir='ltr' id='par_1_32' title="bbox 596 1891 3791 1964">
     <span class='ocr_line' id='line_1_32' title="bbox 596 1891 3791 1964; baseline 0.001 -20"><span class='ocrx_word' id='word_1_211' title='bbox 596 1902 621 1929; x_wconf 78' lang='grc' dir='ltr'>ι</span> <span class='ocrx_word' id='word_1_212' title='bbox 664 1891 841 1963; x_wconf 82' lang='lat' dir='ltr'><strong>Vulg.,</strong></span> <span class='ocrx_word' id='word_1_213' title='bbox 869 1901 916 1964; x_wconf 86' lang='lat' dir='ltr'><strong>et</strong></span> <span class='ocrx_word' id='word_1_214' title='bbox 942 1908 1088 1964; x_wconf 75' lang='lat' dir='ltr'><strong>quos.</strong></span> <span class='ocrx_word' id='word_1_215' title='bbox 1120 1891 1519 1964; x_wconf 11' lang='lat' dir='ltr'><strong>(Zorrecutjon‘em</strong></span> <span class='ocrx_word' id='word_1_216' title='bbox 1548 1908 1653 1946; x_wconf 83' lang='lat' dir='ltr'><strong>mn</strong></span> <span class='ocrx_word' id='word_1_217' title='bbox 1680 1901 1788 1946; x_wconf 90' lang='lat' dir='ltr'><strong>tam</strong></span> <span class='ocrx_word' id='word_1_218' title='bbox 1812 1900 2101 1964; x_wconf 64' lang='lat' dir='ltr'><strong>contettus</strong></span> <span class='ocrx_word' id='word_1_219' title='bbox 2134 1895 2182 1955; x_wconf 88' lang='lat' dir='ltr'><strong>B</strong></span> <span class='ocrx_word' id='word_1_220' title='bbox 2211 1892 2298 1947; x_wconf 90' lang='lat' dir='ltr'><strong>illa</strong></span> <span class='ocrx_word' id='word_1_221' title='bbox 2332 1902 2452 1964; x_wconf 89' lang='lat' dir='ltr'><strong>post</strong></span> <span class='ocrx_word' id='word_1_222' title='bbox 2473 1894 2708 1949; x_wconf 89' lang='lat' dir='ltr'><strong>medium</strong></span> <span class='ocrx_word' id='word_1_223' title='bbox 2737 1894 2925 1959; x_wconf 65' lang='lat' dir='ltr'><strong>capitis</strong></span> <span class='ocrx_word' id='word_1_224' title='bbox 2952 1891 3143 1963; x_wconf 87' lang='lat' dir='ltr'><strong>quinti,</strong></span> <span class='ocrx_word' id='word_1_225' title='bbox 3172 1908 3368 1964; x_wconf 71' lang='lat' dir='ltr'><strong>summa</strong></span> <span class='ocrx_word' id='word_1_226' title='bbox 3394 1908 3509 1944; x_wconf 80' lang='lat' dir='ltr'><strong>cum</strong></span> <span class='ocrx_word' id='word_1_227' title='bbox 3541 1891 3791 1964; x_wconf 80' lang='lat' dir='ltr'><strong>delibera-</strong></span> 
     </span>
    </p>
   </div>
   <div class='ocr_carea' id='block_1_33' title="bbox 524 1961 2100 2029">
    <p class='ocr_par' dir='ltr' id='par_1_33' title="bbox 524 1961 2100 2029">
     <span class='ocr_line' id='line_1_33' title="bbox 524 1961 2100 2029; baseline 0.003 -17"><span class='ocrx_word' id='word_1_228' title='bbox 524 1978 681 2029; x_wconf 79' lang='lat' dir='ltr'><strong>quam</strong></span> <span class='ocrx_word' id='word_1_229' title='bbox 707 1961 882 2016; x_wconf 86' lang='lat' dir='ltr'><strong>Ruﬁni</strong></span> <span class='ocrx_word' id='word_1_230' title='bbox 916 1962 1080 2017; x_wconf 82' lang='lat' dir='ltr'><strong>editio</strong></span> <span class='ocrx_word' id='word_1_231' title='bbox 1098 1972 1151 2016; x_wconf 92' lang='lat' dir='ltr'><strong>et</strong></span> <span class='ocrx_word' id='word_1_232' title='bbox 1181 1977 1282 2016; x_wconf 85' lang='lat' dir='ltr'><strong>ms.</strong></span> <span class='ocrx_word' id='word_1_233' title='bbox 1306 1961 1605 2017; x_wconf 87' lang='lat' dir='ltr'><strong>Vindebon.</strong></span> <span class='ocrx_word' id='word_1_234' title='bbox 1637 1970 1941 2017; x_wconf 85' lang='lat' dir='ltr'><strong>suaserunt.</strong></span> <span class='ocrx_word' id='word_1_235' title='bbox 1973 1963 2100 2016; x_wconf 82' lang='lat' dir='ltr'><strong>Post</strong></span> 
     </span>
    </p>
   </div>
   <div class='ocr_carea' id='block_1_34' title="bbox 523 2031 1893 2102">
    <p class='ocr_par' dir='ltr' id='par_1_34' title="bbox 523 2031 1893 2102">
     <span class='ocr_line' id='line_1_34' title="bbox 523 2031 1893 2102; baseline 0.002 -17"><span class='ocrx_word' id='word_1_236' title='bbox 523 2048 685 2101; x_wconf 80' lang='lat' dir='ltr'><strong>pauca</strong></span> <span class='ocrx_word' id='word_1_237' title='bbox 718 2034 952 2100; x_wconf 82' lang='lat' dir='ltr'><strong>dispersa</strong></span> <span class='ocrx_word' id='word_1_238' title='bbox 987 2048 1093 2102; x_wconf 83' lang='lat' dir='ltr'><strong>pro</strong></span> <span class='ocrx_word' id='word_1_239' title='bbox 1114 2034 1420 2102; x_wconf 76' lang='lat' dir='ltr'><strong>disperserth</strong></span> <span class='ocrx_word' id='word_1_240' title='bbox 1453 2032 1596 2100; x_wconf 87' lang='lat' dir='ltr'><strong>apud</strong></span> <span class='ocrx_word' id='word_1_241' title='bbox 1621 2031 1893 2088; x_wconf 90' lang='lat' dir='ltr'><strong>Ruﬁnum.</strong></span> 
     </span>
    </p>
   </div>
   <div class='ocr_carea' id='block_1_35' title="bbox 592 2101 2099 2175">
    <p class='ocr_par' dir='ltr' id='par_1_35' title="bbox 592 2101 2099 2175">
     <span class='ocr_line' id='line_1_35' title="bbox 592 2101 2099 2175; baseline -0.001 -17"><span class='ocrx_word' id='word_1_242' title='bbox 592 2102 618 2140; x_wconf 73' lang='grc' dir='ltr'>δ</span> <span class='ocrx_word' id='word_1_243' title='bbox 658 2103 741 2175; x_wconf 74' lang='lat' dir='ltr'><strong>Al.</strong></span> <span class='ocrx_word' id='word_1_244' title='bbox 762 2145 776 2166; x_wconf 85' lang='grc'><em>,</em></span> <span class='ocrx_word' id='word_1_245' title='bbox 797 2103 1043 2175; x_wconf 84' lang='lat' dir='ltr'><strong>jndicati.</strong></span> <span class='ocrx_word' id='word_1_246' title='bbox 1084 2101 1209 2155; x_wconf 64' lang='lat' dir='ltr'><strong>Post</strong></span> <span class='ocrx_word' id='word_1_247' title='bbox 1251 2102 1607 2175; x_wconf 82' lang='lat' dir='ltr'><strong>hoc_verbum</strong></span> <span class='ocrx_word' id='word_1_248' title='bbox 1639 2104 1691 2156; x_wconf 89' lang='lat' dir='ltr'><strong>in</strong></span> <span class='ocrx_word' id='word_1_249' title='bbox 1723 2118 1825 2175; x_wconf 85' lang='lat' dir='ltr'><strong>ms.</strong></span> <span class='ocrx_word' id='word_1_250' title='bbox 1854 2102 1974 2157; x_wconf 86' lang='lat' dir='ltr'><strong>Vat.</strong></span> <span class='ocrx_word' id='word_1_251' title='bbox 1999 2102 2099 2175; x_wconf 86' lang='lat' dir='ltr'><strong>Isi-</strong></span> 
     </span>
    </p>
   </div>
   <div class='ocr_carea' id='block_1_36' title="bbox 518 2172 2099 2243">
    <p class='ocr_par' dir='ltr' id='par_1_36' title="bbox 518 2172 2099 2243">
     <span class='ocr_line' id='line_1_36' title="bbox 518 2172 2099 2243; baseline 0.003 -19"><span class='ocrx_word' id='word_1_252' title='bbox 518 2173 637 2227; x_wconf 82' lang='lat' dir='ltr'><strong>dor.</strong></span> <span class='ocrx_word' id='word_1_253' title='bbox 681 2172 1041 2243; x_wconf 56' lang='lat' dir='ltr'><strong>650&#39;aliisque</strong></span> <span class='ocrx_word' id='word_1_254' title='bbox 1065 2173 1464 2240; x_wconf 76' lang='lat' dir='ltr'><strong>exemplaribus</strong></span> <span class='ocrx_word' id='word_1_255' title='bbox 1512 2174 1817 2228; x_wconf 81' lang='lat' dir='ltr'><strong>lsidnrianis</strong></span> <span class='ocrx_word' id='word_1_256' title='bbox 1837 2213 1853 2239; x_wconf 90' lang='lat'><strong>,</strong></span> <span class='ocrx_word' id='word_1_257' title='bbox 1877 2183 1932 2243; x_wconf 86' lang='lat' dir='ltr'><strong>et</strong></span> <span class='ocrx_word' id='word_1_258' title='bbox 1958 2174 2099 2240; x_wconf 88' lang='lat' dir='ltr'><strong>apud</strong></span> 
     </span>
    </p>
   </div>
   <div class='ocr_carea' id='block_1_37' title="bbox 519 2242 2096 2313">
    <p class='ocr_par' dir='ltr' id='par_1_37' title="bbox 519 2242 2096 2313">
     <span class='ocr_line' id='line_1_37' title="bbox 519 2242 2096 2313; baseline -0.001 -14"><span class='ocrx_word' id='word_1_259' title='bbox 519 2244 801 2300; x_wconf 80' lang='lat' dir='ltr'><strong>Merlinum</strong></span> <span class='ocrx_word' id='word_1_260' title='bbox 828 2242 977 2312; x_wconf 86' lang='lat' dir='ltr'><strong>plura</strong></span> <span class='ocrx_word' id='word_1_261' title='bbox 1000 2243 1378 2309; x_wconf 87' lang='lat' dir='ltr'><strong>subjiciuntur,</strong></span> <span class='ocrx_word' id='word_1_262' title='bbox 1403 2260 1520 2313; x_wconf 72' lang='lat' dir='ltr'><strong>qua:</strong></span> <span class='ocrx_word' id='word_1_263' title='bbox 1546 2243 1733 2298; x_wconf 86' lang='lat' dir='ltr'><strong>eadem</strong></span> <span class='ocrx_word' id='word_1_264' title='bbox 1767 2254 1892 2298; x_wconf 91' lang='lat' dir='ltr'><strong>sunt</strong></span> <span class='ocrx_word' id='word_1_265' title='bbox 1918 2242 2096 2299; x_wconf 92' lang='lat' dir='ltr'><strong>Ruﬁni</strong></span> 
     </span>
    </p>
   </div>
   <div class='ocr_carea' id='block_1_38' title="bbox 517 2314 2100 2382">
    <p class='ocr_par' dir='ltr' id='par_1_38' title="bbox 517 2314 2100 2382">
     <span class='ocr_line' id='line_1_38' title="bbox 517 2314 2100 2382; baseline 0 -13"><span class='ocrx_word' id='word_1_266' title='bbox 517 2314 703 2370; x_wconf 77' lang='lat' dir='ltr'><strong>verba.</strong></span> <span class='ocrx_word' id='word_1_267' title='bbox 740 2314 831 2371; x_wconf 89' lang='lat' dir='ltr'><strong>Sic</strong></span> <span class='ocrx_word' id='word_1_268' title='bbox 865 2316 1006 2368; x_wconf 91' lang='lat' dir='ltr'><strong>enim</strong></span> <span class='ocrx_word' id='word_1_269' title='bbox 1042 2316 1383 2382; x_wconf 83' lang='lat' dir='ltr'><strong>prosequitur</strong></span> <span class='ocrx_word' id='word_1_270' title='bbox 1418 2324 1592 2368; x_wconf 78' lang='lat' dir='ltr'><strong>textus</strong></span> <span class='ocrx_word' id='word_1_271' title='bbox 1624 2330 1638 2369; x_wconf 90' lang='lat'>:</span> <span class='ocrx_word' id='word_1_272' title='bbox 1670 2314 1775 2370; x_wconf 86' lang='lat' dir='ltr'><strong>Sed</strong></span> <span class='ocrx_word' id='word_1_273' title='bbox 1804 2316 1857 2367; x_wconf 90' lang='lat' dir='ltr'><strong>in</strong></span> <span class='ocrx_word' id='word_1_274' title='bbox 1892 2330 1951 2368; x_wconf 93' lang='lat' dir='ltr'><strong>eo</strong></span> <span class='ocrx_word' id='word_1_275' title='bbox 1978 2331 2100 2370; x_wconf 88' lang='lat' dir='ltr'><strong>con—</strong></span> 
     </span>
    </p>
   </div>
   <div class='ocr_carea' id='block_1_39' title="bbox 518 2385 2099 2453">
    <p class='ocr_par' dir='ltr' id='par_1_39' title="bbox 518 2385 2099 2453">
     <span class='ocr_line' id='line_1_39' title="bbox 518 2385 2099 2453; baseline 0 -14"><span class='ocrx_word' id='word_1_276' title='bbox 518 2387 637 2439; x_wconf 85' lang='lat' dir='ltr'><strong>cilio</strong></span> <span class='ocrx_word' id='word_1_277' title='bbox 682 2385 986 2438; x_wconf 69' lang='lat' dir='ltr'><strong>admirabile</strong></span> <span class='ocrx_word' id='word_1_278' title='bbox 1035 2385 1220 2453; x_wconf 78' lang='lat' dir='ltr'><strong>factum</strong></span> <span class='ocrx_word' id='word_1_279' title='bbox 1271 2385 1514 2453; x_wconf 84' lang='lat' dir='ltr'><strong>principis</strong></span> <span class='ocrx_word' id='word_1_280' title='bbox 1568 2402 1668 2438; x_wconf 90' lang='lat' dir='ltr'><strong>non</strong></span> <span class='ocrx_word' id='word_1_281' title='bbox 1723 2394 1846 2453; x_wconf 83' lang='lat' dir='ltr'><strong>puto</strong></span> <span class='ocrx_word' id='word_1_282' title='bbox 1887 2386 2099 2439; x_wconf 89' lang='lat' dir='ltr'><strong>reticen-</strong></span> 
     </span>
    </p>
   </div>
   <div class='ocr_carea' id='block_1_40' title="bbox 517 2454 2092 2526">
    <p class='ocr_par' dir='ltr' id='par_1_40' title="bbox 517 2454 2092 2526">
     <span class='ocr_line' id='line_1_40' title="bbox 517 2454 2092 2526; baseline 0.003 -20"><span class='ocrx_word' id='word_1_283' title='bbox 517 2456 661 2521; x_wconf 87' lang='lat' dir='ltr'><strong>dum,</strong></span> <span class='ocrx_word' id='word_1_284' title='bbox 690 2465 819 2523; x_wconf 90' lang='lat' dir='ltr'><strong>etc.,</strong></span> <span class='ocrx_word' id='word_1_285' title='bbox 845 2456 921 2509; x_wconf 90' lang='lat' dir='ltr'><strong>uti</strong></span> <span class='ocrx_word' id='word_1_286' title='bbox 963 2454 1102 2526; x_wconf 91' lang='lat' dir='ltr'><strong>apud</strong></span> <span class='ocrx_word' id='word_1_287' title='bbox 1135 2454 1381 2509; x_wconf 77' lang='lat' dir='ltr'><strong>Rufinum</strong></span> <span class='ocrx_word' id='word_1_288' title='bbox 1425 2470 1473 2509; x_wconf 91' lang='lat' dir='ltr'><strong>c.</strong></span> <span class='ocrx_word' id='word_1_289' title='bbox 1501 2455 1557 2519; x_wconf 74' lang='lat'><strong>2,</strong></span> <span class='ocrx_word' id='word_1_290' title='bbox 1592 2456 1625 2509; x_wconf 82' lang='lat'><strong>5</strong></span> <span class='ocrx_word' id='word_1_291' title='bbox 1651 2464 1709 2510; x_wconf 90' lang='lat' dir='ltr'><strong>et</strong></span> <span class='ocrx_word' id='word_1_292' title='bbox 1736 2456 1793 2520; x_wconf 67' lang='lat'><strong>4,</strong></span> <span class='ocrx_word' id='word_1_293' title='bbox 1824 2470 1995 2526; x_wconf 87' lang='lat' dir='ltr'><strong>usque</strong></span> <span class='ocrx_word' id='word_1_294' title='bbox 2025 2456 2092 2510; x_wconf 89' lang='lat' dir='ltr'><strong>ad</strong></span> 
     </span>
    </p>
   </div>
   <div class='ocr_carea' id='block_1_41' title="bbox 2213 1963 3789 2035">
    <p class='ocr_par' dir='ltr' id='par_1_41' title="bbox 2213 1963 3789 2035">
     <span class='ocr_line' id='line_1_41' title="bbox 2213 1963 3789 2035; baseline 0.002 -20"><span class='ocrx_word' id='word_1_295' title='bbox 2213 1963 2350 2016; x_wconf 84' lang='lat' dir='ltr'><strong>tione</strong></span> <span class='ocrx_word' id='word_1_296' title='bbox 2394 1966 2737 2035; x_wconf 75' lang='lat' dir='ltr'><strong>quwrebazur.</strong></span> <span class='ocrx_word' id='word_1_297' title='bbox 2788 1965 2972 2017; x_wconf 77' lang='lat' dir='ltr'><strong>l&#39;crunt</strong></span> <span class='ocrx_word' id='word_1_298' title='bbox 3022 1972 3154 2035; x_wconf 83' lang='lat' dir='ltr'><strong>post‘</strong></span> <span class='ocrx_word' id='word_1_299' title='bbox 3179 1963 3451 2035; x_wconf 77' lang='lat' dir='ltr'><strong>diutinum,</strong></span> <span class='ocrx_word' id='word_1_300' title='bbox 3481 1972 3536 2035; x_wconf 85' lang='lat' dir='ltr'><strong>et</strong></span> <span class='ocrx_word' id='word_1_301' title='bbox 3563 1963 3789 2035; x_wconf 75' lang='lat' dir='ltr'><strong>reliqua,</strong></span> 
     </span>
    </p>
   </div>
   <div class='ocr_carea' id='block_1_42' title="bbox 2208 2033 3540 2104">
    <p class='ocr_par' dir='ltr' id='par_1_42' title="bbox 2208 2033 3540 2104">
     <span class='ocr_line' id='line_1_42' title="bbox 2208 2033 3540 2104; baseline -0.002 -18"><span class='ocrx_word' id='word_1_302' title='bbox 2208 2036 2403 2104; x_wconf 83' lang='lat' dir='ltr'><strong>quibus</strong></span> <span class='ocrx_word' id='word_1_303' title='bbox 2430 2045 2615 2088; x_wconf 68' lang='lat' dir='ltr'><strong>noster</strong></span> <span class='ocrx_word' id='word_1_304' title='bbox 2642 2034 2899 2090; x_wconf 86' lang='lat' dir='ltr'><strong>collector</strong></span> <span class='ocrx_word' id='word_1_305' title='bbox 2939 2033 3305 2104; x_wconf 60' lang='lat' dir='ltr'><strong>prmfationem</strong></span> <span class='ocrx_word' id='word_1_306' title='bbox 3328 2033 3540 2086; x_wconf 87' lang='lat' dir='ltr'><strong>clausit.</strong></span> 
     </span>
    </p>
   </div>
   <div class='ocr_carea' id='block_1_43' title="bbox 2284 2103 3299 2169">
    <p class='ocr_par' dir='ltr' id='par_1_43' title="bbox 2284 2103 3299 2169">
     <span class='ocr_line' id='line_1_43' title="bbox 2284 2103 3299 2169; baseline -0.002 -11"><span class='ocrx_word' id='word_1_307' title='bbox 2284 2116 2308 2143; x_wconf 72' lang='grc' dir='ltr'><strong>ο</strong></span> <span class='ocrx_word' id='word_1_308' title='bbox 2351 2106 2474 2159; x_wconf 76' lang='lat' dir='ltr'><strong>lla-.c</strong></span> <span class='ocrx_word' id='word_1_309' title='bbox 2494 2121 2559 2158; x_wconf 80' lang='lat' dir='ltr'><strong>ex</strong></span> <span class='ocrx_word' id='word_1_310' title='bbox 2592 2104 2786 2159; x_wconf 81' lang='lat' dir='ltr'><strong>Ruﬁno</strong></span> <span class='ocrx_word' id='word_1_311' title='bbox 2810 2121 2860 2159; x_wconf 94' lang='lat' dir='ltr'><strong>c.</strong></span> <span class='ocrx_word' id='word_1_312' title='bbox 2899 2104 2955 2167; x_wconf 83' lang='lat'><strong>5,</strong></span> <span class='ocrx_word' id='word_1_313' title='bbox 2984 2113 3101 2169; x_wconf 86' lang='lat' dir='ltr'><strong>post</strong></span> <span class='ocrx_word' id='word_1_314' title='bbox 3153 2103 3299 2156; x_wconf 87' lang='lat' dir='ltr'><strong>med.</strong></span> 
     </span>
    </p>
   </div>
   <div class='ocr_carea' id='block_1_44' title="bbox 2280 2171 3784 2235">
    <p class='ocr_par' dir='ltr' id='par_1_44' title="bbox 2280 2171 3784 2235">
     <span class='ocr_line' id='line_1_44' title="bbox 2280 2171 3784 2235; baseline -0.001 -5"><span class='ocrx_word' id='word_1_315' title='bbox 2280 2171 2307 2210; x_wconf 74' lang='grc' dir='ltr'><strong>ἀ</strong></span> <span class='ocrx_word' id='word_1_316' title='bbox 2337 2175 2458 2231; x_wconf 87' lang='lat' dir='ltr'><strong>Vat.</strong></span> <span class='ocrx_word' id='word_1_317' title='bbox 2493 2175 2617 2230; x_wconf 79' lang='lat' dir='ltr'><strong>ISili.</strong></span> <span class='ocrx_word' id='word_1_318' title='bbox 2656 2191 2777 2230; x_wconf 90' lang='lat' dir='ltr'><strong>cum</strong></span> <span class='ocrx_word' id='word_1_319' title='bbox 2821 2174 3047 2231; x_wconf 84' lang='lat' dir='ltr'><strong>Merlino</strong></span> <span class='ocrx_word' id='word_1_320' title='bbox 3087 2182 3142 2228; x_wconf 92' lang='lat' dir='ltr'><strong>et</strong></span> <span class='ocrx_word' id='word_1_321' title='bbox 3174 2174 3385 2235; x_wconf 73' lang='lat' dir='ltr'><strong>Ilulino,</strong></span> <span class='ocrx_word' id='word_1_322' title='bbox 3410 2171 3784 2229; x_wconf 72' lang='lat' dir='ltr'><strong>substantibus.</strong></span> 
     </span>
    </p>
   </div>
   <div class='ocr_carea' id='block_1_45' title="bbox 2209 2244 3787 2316">
    <p class='ocr_par' dir='ltr' id='par_1_45' title="bbox 2209 2244 3787 2316">
     <span class='ocr_line' id='line_1_45' title="bbox 2209 2244 3787 2316; baseline -0.001 -16"><span class='ocrx_word' id='word_1_323' title='bbox 2209 2245 2338 2300; x_wconf 90' lang='lat' dir='ltr'><strong>Post</strong></span> <span class='ocrx_word' id='word_1_324' title='bbox 2366 2262 2528 2316; x_wconf 82' lang='lat' dir='ltr'><strong>pauca</strong></span> <span class='ocrx_word' id='word_1_325' title='bbox 2561 2246 2923 2316; x_wconf 79' lang='lat' dir='ltr'><strong>conﬁrnmntes</strong></span> <span class='ocrx_word' id='word_1_326' title='bbox 2944 2245 3365 2316; x_wconf 77' lang='lat' dir='ltr'><strong>correxitnnsex</strong></span> <span class='ocrx_word' id='word_1_327' title='bbox 3390 2244 3585 2316; x_wconf 84' lang='lat' dir='ltr'><strong>Ruﬁno</strong></span> <span class='ocrx_word' id='word_1_328' title='bbox 3607 2285 3624 2309; x_wconf 82' lang='lat'><strong>,</strong></span> <span class='ocrx_word' id='word_1_329' title='bbox 3656 2244 3787 2298; x_wconf 78' lang='lat' dir='ltr'><strong>Mer-</strong></span> 
     </span>
    </p>
   </div>
   <div class='ocr_carea' id='block_1_46' title="bbox 2208 2314 3787 2383">
    <p class='ocr_par' dir='ltr' id='par_1_46' title="bbox 2208 2314 3787 2383">
     <span class='ocr_line' id='line_1_46' title="bbox 2208 2314 3787 2383; baseline -0.001 -14"><span class='ocrx_word' id='word_1_330' title='bbox 2208 2316 2337 2381; x_wconf 91' lang='lat' dir='ltr'><strong>lino,</strong></span> <span class='ocrx_word' id='word_1_331' title='bbox 2369 2314 2423 2372; x_wconf 84' lang='lat' dir='ltr'><strong>et</strong></span> <span class='ocrx_word' id='word_1_332' title='bbox 2451 2316 2608 2371; x_wconf 85' lang='lat' dir='ltr'><strong>codd.</strong></span> <span class='ocrx_word' id='word_1_333' title='bbox 2640 2314 2938 2372; x_wconf 69' lang='lat' dir='ltr'><strong>Vindebon.</strong></span> <span class='ocrx_word' id='word_1_334' title='bbox 2965 2330 3026 2368; x_wconf 91' lang='lat' dir='ltr'><strong>ae</strong></span> <span class='ocrx_word' id='word_1_335' title='bbox 3052 2314 3167 2368; x_wconf 71' lang='lat' dir='ltr'><strong>Vat.</strong></span> <span class='ocrx_word' id='word_1_336' title='bbox 3194 2314 3344 2378; x_wconf 70' lang='lat' dir='ltr'><strong>ISid.,</strong></span> <span class='ocrx_word' id='word_1_337' title='bbox 3375 2314 3630 2381; x_wconf 74' lang='lat' dir='ltr'><strong>exigente</strong></span> <span class='ocrx_word' id='word_1_338' title='bbox 3655 2329 3787 2383; x_wconf 73' lang='lat' dir='ltr'><strong>prm-</strong></span> 
     </span>
    </p>
   </div>
   <div class='ocr_carea' id='block_1_47' title="bbox 2207 2385 3779 2455">
    <p class='ocr_par' dir='ltr' id='par_1_47' title="bbox 2207 2385 3779 2455">
     <span class='ocr_line' id='line_1_47' title="bbox 2207 2385 3779 2455; baseline -0.003 -14"><span class='ocrx_word' id='word_1_339' title='bbox 2207 2389 2394 2442; x_wconf 87' lang='lat' dir='ltr'><strong>sertim</strong></span> <span class='ocrx_word' id='word_1_340' title='bbox 2435 2396 2686 2440; x_wconf 80' lang='lat' dir='ltr'><strong>contextu</strong></span> <span class='ocrx_word' id='word_1_341' title='bbox 2717 2395 2876 2455; x_wconf 91' lang='lat' dir='ltr'><strong>atque</strong></span> <span class='ocrx_word' id='word_1_342' title='bbox 2917 2385 3212 2449; x_wconf 89' lang='lat' dir='ltr'><strong>sententia;</strong></span> <span class='ocrx_word' id='word_1_343' title='bbox 3249 2398 3523 2454; x_wconf 81' lang='lat' dir='ltr'><strong>perperam</strong></span> <span class='ocrx_word' id='word_1_344' title='bbox 3553 2387 3704 2439; x_wconf 87' lang='lat' dir='ltr'><strong>enim</strong></span> <span class='ocrx_word' id='word_1_345' title='bbox 3730 2385 3779 2438; x_wconf 91' lang='lat' dir='ltr'><strong>in</strong></span> 
     </span>
    </p>
   </div>
   <div class='ocr_carea' id='block_1_48' title="bbox 2207 2458 3656 2527">
    <p class='ocr_par' dir='ltr' id='par_1_48' title="bbox 2207 2458 3656 2527">
     <span class='ocr_line' id='line_1_48' title="bbox 2207 2458 3656 2527; baseline 0 -17"><span class='ocrx_word' id='word_1_346' title='bbox 2207 2458 2436 2527; x_wconf 81' lang='lat' dir='ltr'><strong>vulgatis</strong></span> <span class='ocrx_word' id='word_1_347' title='bbox 2464 2458 2900 2525; x_wconf 86' lang='lat' dir='ltr'><strong>conﬁrmantibus.</strong></span> <span class='ocrx_word' id='word_1_348' title='bbox 3649 2459 3656 2466; x_wconf 82' lang='lat'>&#39;</span> 
     </span>
    </p>
   </div>
   <div class='ocr_carea' id='block_1_49' title="bbox 1510 2686 2796 2774">
    <p class='ocr_par' dir='ltr' id='par_1_49' title="bbox 1510 2686 2796 2774">
     <span class='ocr_line' id='line_1_49' title="bbox 1510 2686 2796 2774; baseline -0.002 -4"><span class='ocrx_word' id='word_1_349' title='bbox 1510 2686 2114 2771; x_wconf 77' lang='lat' dir='ltr'><strong>INCIPIUNT</strong></span> <span class='ocrx_word' id='word_1_350' title='bbox 2189 2687 2796 2774; x_wconf 80' lang='lat' dir='ltr'><strong>CAPITULA.</strong></span> 
     </span>
    </p>
   </div>
   <div class='ocr_carea' id='block_1_50' title="bbox 720 2954 1727 3038">
    <p class='ocr_par' dir='ltr' id='par_1_50' title="bbox 720 2954 1727 3038">
     <span class='ocr_line' id='line_1_50' title="bbox 720 2954 1727 3038; baseline -0.014 -17"><span class='ocrx_word' id='word_1_351' title='bbox 720 3030 728 3038; x_wconf 29' lang='grc' dir='ltr'><em>ι</em></span> <span class='ocrx_word' id='word_1_352' title='bbox 867 2959 969 3030; x_wconf 77' lang='grc'><strong>27</strong></span> <span class='ocrx_word' id='word_1_353' title='bbox 1007 2955 1403 3013; x_wconf 77' lang='lat' dir='ltr'><strong>CAPITULUM</strong></span> <span class='ocrx_word' id='word_1_354' title='bbox 1444 2954 1727 3011; x_wconf 79' lang='lat' dir='ltr'><strong>PRIMUM.</strong></span> 
     </span>
    </p>
   </div>
   <div class='ocr_carea' id='block_1_51' title="bbox 625 3060 1983 3107">
    <p class='ocr_par' dir='ltr' id='par_1_51' title="bbox 625 3060 1983 3107">
     <span class='ocr_line' id='line_1_51' title="bbox 625 3060 1983 3107; baseline -0.007 1"><span class='ocrx_word' id='word_1_355' title='bbox 625 3061 651 3089; x_wconf 75' lang='grc'><strong>⁸</strong></span> <span class='ocrx_word' id='word_1_356' title='bbox 689 3066 922 3107; x_wconf 66' lang='grc' dir='ltr'><strong>ελκοκεε</strong></span> <span class='ocrx_word' id='word_1_357' title='bbox 958 3065 1151 3105; x_wconf 68' lang='grc' dir='ltr'><strong>ΝΙΟΕΝΙ</strong></span> <span class='ocrx_word' id='word_1_358' title='bbox 1189 3063 1415 3104; x_wconf 77' lang='lat' dir='ltr'><strong>CONCILII</strong></span> <span class='ocrx_word' id='word_1_359' title='bbox 1452 3062 1550 3103; x_wconf 75' lang='lat' dir='ltr'><strong>SUB</strong></span> <span class='ocrx_word' id='word_1_360' title='bbox 1593 3060 1805 3102; x_wconf 80' lang='lat' dir='ltr'><strong>&#39;l&#39;lTULlS</strong></span> <span class='ocrx_word' id='word_1_361' title='bbox 1843 3061 1983 3100; x_wconf 75' lang='lat' dir='ltr'><strong>XLVI.</strong></span> 
     </span>
    </p>
   </div>
   <div class='ocr_carea' id='block_1_52' title="bbox 517 3157 2091 3231">
    <p class='ocr_par' dir='ltr' id='par_1_52' title="bbox 517 3157 2091 3231">
     <span class='ocr_line' id='line_1_52' title="bbox 517 3157 2091 3231; baseline -0.006 -10"><span class='ocrx_word' id='word_1_362' title='bbox 517 3166 755 3222; x_wconf 79' lang='lat' dir='ltr'><strong>TtrnLus</strong></span> <span class='ocrx_word' id='word_1_363' title='bbox 805 3178 992 3218; x_wconf 78' lang='lat' dir='ltr'><strong>rntuus</strong></span> <span class='ocrx_word' id='word_1_364' title='bbox 1023 3160 1080 3215; x_wconf 71' lang='grc' dir='ltr'><strong>δ.</strong></span> <span class='ocrx_word' id='word_1_365' title='bbox 1123 3159 1313 3231; x_wconf 83' lang='lat' dir='ltr'><strong>Incipit</strong></span> <span class='ocrx_word' id='word_1_366' title='bbox 1359 3160 1607 3228; x_wconf 70' lang='lat' dir='ltr'><strong>expositio</strong></span> <span class='ocrx_word' id='word_1_367' title='bbox 1659 3159 1780 3226; x_wconf 88' lang='lat' dir='ltr'><strong>ﬁdei</strong></span> <span class='ocrx_word' id='word_1_368' title='bbox 1812 3157 2091 3231; x_wconf 70' lang='lat' dir='ltr'><strong>Nic-tenta.</strong></span> 
     </span>
    </p>
   </div>
   <div class='ocr_carea' id='block_1_53' title="bbox 582 3230 2093 3305">
    <p class='ocr_par' dir='ltr' id='par_1_53' title="bbox 582 3230 2093 3305">
     <span class='ocr_line' id='line_1_53' title="bbox 582 3230 2093 3305; baseline -0.006 -14"><span class='ocrx_word' id='word_1_369' title='bbox 582 3238 663 3291; x_wconf 65' lang='lat' dir='ltr'><strong>vel</strong></span> <span class='ocrx_word' id='word_1_370' title='bbox 711 3235 974 3305; x_wconf 73' lang='lat' dir='ltr'><strong>synodica:</strong></span> <span class='ocrx_word' id='word_1_371' title='bbox 1026 3232 1341 3302; x_wconf 67' lang='lat' dir='ltr'><strong>disciplina,</strong></span> <span class='ocrx_word' id='word_1_372' title='bbox 1392 3244 1440 3285; x_wconf 85' lang='lat' dir='ltr'><strong>et</strong></span> <span class='ocrx_word' id='word_1_373' title='bbox 1491 3231 1695 3283; x_wconf 83' lang='lat' dir='ltr'><strong>nomina</strong></span> <span class='ocrx_word' id='word_1_374' title='bbox 1738 3230 2093 3299; x_wconf 87' lang='lat' dir='ltr'><strong>episcoporum</strong></span> 
     </span>
    </p>
   </div>
   <div class='ocr_carea' id='block_1_54' title="bbox 584 3319 834 3363">
    <p class='ocr_par' dir='ltr' id='par_1_54' title="bbox 584 3319 834 3363">
     <span class='ocr_line' id='line_1_54' title="bbox 584 3319 834 3363; baseline 0 -3"><span class='ocrx_word' id='word_1_375' title='bbox 584 3319 834 3363; x_wconf 69' lang='lat' dir='ltr'><strong>CCCXVIII.</strong></span> 
     </span>
    </p>
   </div>
   <div class='ocr_carea' id='block_1_55' title="bbox 591 3416 2088 3483">
    <p class='ocr_par' dir='ltr' id='par_1_55' title="bbox 591 3416 2088 3483">
     <span class='ocr_line' id='line_1_55' title="bbox 591 3416 2088 3483; baseline -0.006 -7"><span class='ocrx_word' id='word_1_376' title='bbox 591 3431 615 3461; x_wconf 70' lang='grc' dir='ltr'><strong>ε</strong></span> <span class='ocrx_word' id='word_1_377' title='bbox 640 3420 919 3476; x_wconf 81' lang='lat' dir='ltr'><strong>Credimus</strong></span> <span class='ocrx_word' id='word_1_378' title='bbox 940 3420 992 3473; x_wconf 91' lang='lat' dir='ltr'><strong>in</strong></span> <span class='ocrx_word' id='word_1_379' title='bbox 1015 3433 1178 3474; x_wconf 90' lang='lat' dir='ltr'><strong>unum</strong></span> <span class='ocrx_word' id='word_1_380' title='bbox 1211 3417 1377 3471; x_wconf 88' lang='lat' dir='ltr'><strong>Deum</strong></span> <span class='ocrx_word' id='word_1_381' title='bbox 1403 3416 1614 3470; x_wconf 89' lang='lat' dir='ltr'><strong>Patrem</strong></span> <span class='ocrx_word' id='word_1_382' title='bbox 1645 3423 2088 3483; x_wconf 87' lang='lat' dir='ltr'><strong>omntpotentem,</strong></span> 
     </span>
    </p>
   </div>
   <div class='ocr_carea' id='block_1_56' title="bbox 513 3504 2086 3569">
    <p class='ocr_par' dir='ltr' id='par_1_56' title="bbox 513 3504 2086 3569">
     <span class='ocr_line' id='line_1_56' title="bbox 513 3504 2086 3569; baseline -0.006 -5"><span class='ocrx_word' id='word_1_383' title='bbox 513 3509 754 3565; x_wconf 88' lang='lat' dir='ltr'><strong>ontnium</strong></span> <span class='ocrx_word' id='word_1_384' title='bbox 786 3508 1073 3564; x_wconf 82' lang='lat' dir='ltr'><strong>visibilium</strong></span> <span class='ocrx_word' id='word_1_385' title='bbox 1116 3515 1169 3561; x_wconf 91' lang='lat' dir='ltr'><strong>et</strong></span> <span class='ocrx_word' id='word_1_386' title='bbox 1215 3505 1559 3560; x_wconf 89' lang='lat' dir='ltr'><strong>invisibilium</strong></span> <span class='ocrx_word' id='word_1_387' title='bbox 1607 3504 1904 3569; x_wconf 84' lang='lat' dir='ltr'><strong>factorem;</strong></span> <span class='ocrx_word' id='word_1_388' title='bbox 1944 3513 2001 3557; x_wconf 90' lang='lat' dir='ltr'><strong>et</strong></span> <span class='ocrx_word' id='word_1_389' title='bbox 2036 3504 2086 3557; x_wconf 91' lang='lat' dir='ltr'><strong>in</strong></span> 
     </span>
    </p>
   </div>
   <div class='ocr_carea' id='block_1_57' title="bbox 511 3595 2087 3660">
    <p class='ocr_par' dir='ltr' id='par_1_57' title="bbox 511 3595 2087 3660">
     <span class='ocr_line' id='line_1_57' title="bbox 511 3595 2087 3660; baseline -0.005 -2"><span class='ocrx_word' id='word_1_390' title='bbox 511 3619 673 3658; x_wconf 77' lang='lat' dir='ltr'><strong>unum</strong></span> <span class='ocrx_word' id='word_1_391' title='bbox 689 3603 971 3658; x_wconf 89' lang='lat' dir='ltr'><strong>Dominum</strong></span> <span class='ocrx_word' id='word_1_392' title='bbox 995 3610 1238 3656; x_wconf 89' lang='lat' dir='ltr'><strong>nostrum</strong></span> <span class='ocrx_word' id='word_1_393' title='bbox 1253 3599 1435 3654; x_wconf 82' lang='lat' dir='ltr'><strong>lesum</strong></span> <span class='ocrx_word' id='word_1_394' title='bbox 1448 3598 1718 3653; x_wconf 79' lang='lat' dir='ltr'><strong>Christum</strong></span> <span class='ocrx_word' id='word_1_395' title='bbox 1742 3595 1938 3651; x_wconf 88' lang='lat' dir='ltr'><strong>Filium</strong></span> <span class='ocrx_word' id='word_1_396' title='bbox 1958 3596 2087 3660; x_wconf 89' lang='lat' dir='ltr'><strong>Dei;</strong></span> 
     </span>
    </p>
   </div>
   <div class='ocr_carea' id='block_1_58' title="bbox 511 3689 2095 3765">
    <p class='ocr_par' dir='ltr' id='par_1_58' title="bbox 511 3689 2095 3765">
     <span class='ocr_line' id='line_1_58' title="bbox 511 3689 2095 3765; baseline -0.006 -11"><span class='ocrx_word' id='word_1_397' title='bbox 511 3701 602 3765; x_wconf 77' lang='lat' dir='ltr'><strong>qui</strong></span> <span class='ocrx_word' id='word_1_398' title='bbox 630 3706 787 3751; x_wconf 89' lang='lat' dir='ltr'><strong>natus</strong></span> <span class='ocrx_word' id='word_1_399' title='bbox 817 3703 901 3750; x_wconf 89' lang='lat' dir='ltr'><strong>est</strong></span> <span class='ocrx_word' id='word_1_400' title='bbox 933 3710 1001 3750; x_wconf 81' lang='lat' dir='ltr'><strong>ex</strong></span> <span class='ocrx_word' id='word_1_401' title='bbox 1044 3694 1203 3750; x_wconf 89' lang='lat' dir='ltr'><strong>Patre</strong></span> <span class='ocrx_word' id='word_1_402' title='bbox 1244 3692 1579 3761; x_wconf 84' lang='lat' dir='ltr'><strong>unigenitus,</strong></span> <span class='ocrx_word' id='word_1_403' title='bbox 1613 3695 1714 3746; x_wconf 90' lang='lat' dir='ltr'><strong>hoc</strong></span> <span class='ocrx_word' id='word_1_404' title='bbox 1740 3698 1845 3755; x_wconf 89' lang='lat' dir='ltr'><strong>est,</strong></span> <span class='ocrx_word' id='word_1_405' title='bbox 1876 3689 1945 3745; x_wconf 93' lang='lat' dir='ltr'><strong>de</strong></span> <span class='ocrx_word' id='word_1_406' title='bbox 1968 3689 2095 3744; x_wconf 69' lang='lat' dir='ltr'><strong>sub:</strong></span> 
     </span>
    </p>
   </div>
   <div class='ocr_carea' id='block_1_59' title="bbox 511 3783 2092 3862">
    <p class='ocr_par' dir='ltr' id='par_1_59' title="bbox 511 3783 2092 3862">
     <span class='ocr_line' id='line_1_59' title="bbox 511 3783 2092 3862; baseline -0.003 -21"><span class='ocrx_word' id='word_1_407' title='bbox 511 3787 703 3842; x_wconf 79' lang='lat' dir='ltr'><strong>stantia</strong></span> <span class='ocrx_word' id='word_1_408' title='bbox 732 3787 933 3853; x_wconf 87' lang='lat' dir='ltr'><strong>Patris;</strong></span> <span class='ocrx_word' id='word_1_409' title='bbox 954 3785 1120 3842; x_wconf 90' lang='lat' dir='ltr'><strong>Deum</strong></span> <span class='ocrx_word' id='word_1_410' title='bbox 1139 3800 1203 3840; x_wconf 82' lang='lat' dir='ltr'><strong>ex</strong></span> <span class='ocrx_word' id='word_1_411' title='bbox 1222 3784 1355 3852; x_wconf 88' lang='lat' dir='ltr'><strong>Deo,</strong></span> <span class='ocrx_word' id='word_1_412' title='bbox 1383 3785 1563 3839; x_wconf 90' lang='lat' dir='ltr'><strong>lumen</strong></span> <span class='ocrx_word' id='word_1_413' title='bbox 1587 3799 1652 3840; x_wconf 82' lang='lat' dir='ltr'><strong>ex</strong></span> <span class='ocrx_word' id='word_1_414' title='bbox 1681 3784 1902 3862; x_wconf 80' lang='lat' dir='ltr'><strong>lumine,</strong></span> <span class='ocrx_word' id='word_1_415' title='bbox 1923 3783 2092 3838; x_wconf 91' lang='lat' dir='ltr'><strong>Deum</strong></span> 
     </span>
    </p>
   </div>
   <div class='ocr_carea' id='block_1_60' title="bbox 584 3959 2080 4032">
    <p class='ocr_par' dir='ltr' id='par_1_60' title="bbox 584 3959 2080 4032">
     <span class='ocr_line' id='line_1_60' title="bbox 584 3959 2080 4032; baseline -0.005 -11"><span class='ocrx_word' id='word_1_416' title='bbox 584 3971 610 4001; x_wconf 82' lang='grc'><strong>⁸</strong></span> <span class='ocrx_word' id='word_1_417' title='bbox 647 3965 796 4022; x_wconf 77' lang='lat' dir='ltr'><strong>lianc</strong></span> <span class='ocrx_word' id='word_1_418' title='bbox 852 3963 1251 4032; x_wconf 77' lang='lat' dir='ltr'><strong>inscriptionem</strong></span> <span class='ocrx_word' id='word_1_419' title='bbox 1299 3959 1619 4026; x_wconf 60' lang='lat' dir='ltr'><strong>Quesnellus</strong></span> <span class='ocrx_word' id='word_1_420' title='bbox 1665 3960 1831 4032; x_wconf 77' lang='lat' dir='ltr'><strong>allistt</strong></span> <span class='ocrx_word' id='word_1_421' title='bbox 1881 3973 1948 4014; x_wconf 79' lang='lat' dir='ltr'><strong>ex</strong></span> <span class='ocrx_word' id='word_1_422' title='bbox 1977 3974 2080 4015; x_wconf 89' lang='lat' dir='ltr'><strong>ms.</strong></span> 
     </span>
    </p>
   </div>
   <div class='ocr_carea' id='block_1_61' title="bbox 510 4030 2081 4099">
    <p class='ocr_par' dir='ltr' id='par_1_61' title="bbox 510 4030 2081 4099">
     <span class='ocr_line' id='line_1_61' title="bbox 510 4030 2081 4099; baseline -0.003 -11"><span class='ocrx_word' id='word_1_423' title='bbox 510 4032 708 4099; x_wconf 74' lang='lat' dir='ltr'><strong>Oxon.,</strong></span> <span class='ocrx_word' id='word_1_424' title='bbox 746 4048 967 4088; x_wconf 89' lang='lat' dir='ltr'><strong>numero</strong></span> <span class='ocrx_word' id='word_1_425' title='bbox 1003 4030 1180 4086; x_wconf 82' lang='lat' dir='ltr'><strong>autem</strong></span> <span class='ocrx_word' id='word_1_426' title='bbox 1219 4045 1481 4084; x_wconf 87' lang='lat' dir='ltr'><strong>canonmn</strong></span> <span class='ocrx_word' id='word_1_427' title='bbox 1517 4045 1610 4083; x_wconf 79' lang='lat' dir='ltr'><strong>seu</strong></span> <span class='ocrx_word' id='word_1_428' title='bbox 1649 4030 1923 4084; x_wconf 84' lang='lat' dir='ltr'><strong>titulomm</strong></span> <span class='ocrx_word' id='word_1_429' title='bbox 1956 4045 2081 4085; x_wconf 79' lang='lat' dir='ltr'><strong>var</strong></span> 
     </span>
    </p>
   </div>
   <div class='ocr_carea' id='block_1_62' title="bbox 512 4100 2082 4172">
    <p class='ocr_par' dir='ltr' id='par_1_62' title="bbox 512 4100 2082 4172">
     <span class='ocr_line' id='line_1_62' title="bbox 512 4100 2082 4172; baseline -0.003 -14"><span class='ocrx_word' id='word_1_430' title='bbox 512 4106 648 4158; x_wconf 86' lang='lat' dir='ltr'><strong>hanc</strong></span> <span class='ocrx_word' id='word_1_431' title='bbox 674 4114 853 4158; x_wconf 88' lang='lat' dir='ltr'><strong>notam</strong></span> <span class='ocrx_word' id='word_1_432' title='bbox 882 4103 1128 4172; x_wconf 85' lang='lat' dir='ltr'><strong>apposuit</strong></span> <span class='ocrx_word' id='word_1_433' title='bbox 1159 4118 1172 4172; x_wconf 67' lang='grc' dir='ltr'>ς</span> <span class='ocrx_word' id='word_1_434' title='bbox 1208 4100 1380 4172; x_wconf 83' lang='lat' dir='ltr'><strong>Estin</strong></span> <span class='ocrx_word' id='word_1_435' title='bbox 1406 4116 1503 4154; x_wconf 87' lang='lat' dir='ltr'><strong>ms.</strong></span> <span class='ocrx_word' id='word_1_436' title='bbox 1538 4100 1705 4172; x_wconf 72' lang='lat' dir='ltr'><strong>Oxon.</strong></span> <span class='ocrx_word' id='word_1_437' title='bbox 1734 4115 1927 4172; x_wconf 68' lang='lat' dir='ltr'><strong>sunt,</strong></span> <span class='ocrx_word' id='word_1_438' title='bbox 1960 4111 2006 4154; x_wconf 89' lang='lat' dir='ltr'><strong>et</strong></span> <span class='ocrx_word' id='word_1_439' title='bbox 2028 4102 2082 4154; x_wconf 90' lang='lat' dir='ltr'><strong>in</strong></span> 
     </span>
    </p>
   </div>
   <div class='ocr_carea' id='block_1_63' title="bbox 509 4170 2083 4238">
    <p class='ocr_par' dir='ltr' id='par_1_63' title="bbox 509 4170 2083 4238">
     <span class='ocr_line' id='line_1_63' title="bbox 509 4170 2083 4238; baseline -0.003 -11"><span class='ocrx_word' id='word_1_440' title='bbox 509 4174 824 4228; x_wconf 79' lang='lat' dir='ltr'><strong>Atrebatensi</strong></span> <span class='ocrx_word' id='word_1_441' title='bbox 847 4170 1008 4234; x_wconf 72' lang='lat' dir='ltr'><strong>mu,</strong></span> <span class='ocrx_word' id='word_1_442' title='bbox 1037 4171 1174 4238; x_wconf 82' lang='lat' dir='ltr'><strong>quod</strong></span> <span class='ocrx_word' id='word_1_443' title='bbox 1201 4187 1264 4223; x_wconf 77' lang='lat' dir='ltr'><strong>ea:</strong></span> <span class='ocrx_word' id='word_1_444' title='bbox 1284 4171 1478 4223; x_wconf 85' lang='lat' dir='ltr'><strong>diversa</strong></span> <span class='ocrx_word' id='word_1_445' title='bbox 1507 4170 1776 4238; x_wconf 88' lang='lat' dir='ltr'><strong>partitione</strong></span> <span class='ocrx_word' id='word_1_446' title='bbox 1806 4170 2083 4225; x_wconf 85' lang='lat' dir='ltr'><strong>Sardicen-</strong></span> 
     </span>
    </p>
   </div>
   <div class='ocr_carea' id='block_1_64' title="bbox 509 4239 2081 4298">
    <p class='ocr_par' dir='ltr' id='par_1_64' title="bbox 509 4239 2081 4298">
     <span class='ocr_line' id='line_1_64' title="bbox 509 4239 2081 4298; baseline -0.004 0"><span class='ocrx_word' id='word_1_447' title='bbox 509 4247 638 4298; x_wconf 80' lang='lat' dir='ltr'><strong>siam</strong></span> <span class='ocrx_word' id='word_1_448' title='bbox 682 4251 862 4296; x_wconf 88' lang='lat' dir='ltr'><strong>natum</strong></span> <span class='ocrx_word' id='word_1_449' title='bbox 904 4250 995 4296; x_wconf 89' lang='lat' dir='ltr'><strong>est.</strong></span> <span class='ocrx_word' id='word_1_450' title='bbox 1025 4240 1175 4295; x_wconf 81' lang='lat' dir='ltr'><strong>Nihil</strong></span> <span class='ocrx_word' id='word_1_451' title='bbox 1206 4241 1350 4292; x_wconf 86' lang='lat' dir='ltr'><strong>habet</strong></span> <span class='ocrx_word' id='word_1_452' title='bbox 1377 4239 1668 4294; x_wconf 86' lang='lat' dir='ltr'><strong>Thuaneus.</strong></span> <span class='ocrx_word' id='word_1_453' title='bbox 1728 4240 1854 4294; x_wconf 84' lang='lat' dir='ltr'><strong>Vide</strong></span> <span class='ocrx_word' id='word_1_454' title='bbox 1878 4250 1985 4294; x_wconf 84' lang='lat' dir='ltr'><strong>not.</strong></span> <span class='ocrx_word' id='word_1_455' title='bbox 2011 4242 2081 4293; x_wconf 73' lang='lat' dir='ltr'><strong>ad</strong></span> 
     </span>
    </p>
   </div>
   <div class='ocr_carea' id='block_1_65' title="bbox 508 4312 2079 4383">
    <p class='ocr_par' dir='ltr' id='par_1_65' title="bbox 508 4312 2079 4383">
     <span class='ocr_line' id='line_1_65' title="bbox 508 4312 2079 4383; baseline -0.001 -17"><span class='ocrx_word' id='word_1_456' title='bbox 508 4332 624 4368; x_wconf 84' lang='lat' dir='ltr'><strong>can.</strong></span> <span class='ocrx_word' id='word_1_457' title='bbox 653 4314 723 4368; x_wconf 69' lang='lat'><strong>28</strong></span> <span class='ocrx_word' id='word_1_458' title='bbox 761 4313 962 4383; x_wconf 55' lang='lat' dir='ltr'><strong>Nicen.</strong></span> <span class='ocrx_word' id='word_1_459' title='bbox 987 4312 1155 4383; x_wconf 78' lang='lat' dir='ltr'><strong>infra;</strong></span> <span class='ocrx_word' id='word_1_460' title='bbox 1186 4326 1306 4383; x_wconf 78' lang='lat' dir='ltr'><strong>qua:</strong></span> <span class='ocrx_word' id='word_1_461' title='bbox 1338 4313 1532 4365; x_wconf 87' lang='lat' dir='ltr'><strong>inserta</strong></span> <span class='ocrx_word' id='word_1_462' title='bbox 1562 4324 1645 4367; x_wconf 78' lang='lat' dir='ltr'><strong>BSt</strong></span> <span class='ocrx_word' id='word_1_463' title='bbox 1667 4323 1865 4383; x_wconf 75' lang='lat' dir='ltr'><strong>nostra:</strong></span> <span class='ocrx_word' id='word_1_464' title='bbox 1908 4327 2079 4365; x_wconf 83' lang='lat' dir='ltr'><strong>anno-</strong></span> 
     </span>
    </p>
   </div>
   <div class='ocr_carea' id='block_1_66' title="bbox 509 4380 2084 4449">
    <p class='ocr_par' dir='ltr' id='par_1_66' title="bbox 509 4380 2084 4449">
     <span class='ocr_line' id='line_1_66' title="bbox 509 4380 2084 4449; baseline 0 -15"><span class='ocrx_word' id='word_1_465' title='bbox 509 4387 692 4438; x_wconf 85' lang='lat' dir='ltr'><strong>tationi</strong></span> <span class='ocrx_word' id='word_1_466' title='bbox 719 4381 970 4438; x_wconf 70' lang='lat' dir='ltr'><strong>secundae</strong></span> <span class='ocrx_word' id='word_1_467' title='bbox 1010 4380 1063 4437; x_wconf 86' lang='lat' dir='ltr'><strong>in</strong></span> <span class='ocrx_word' id='word_1_468' title='bbox 1098 4380 1345 4437; x_wconf 79' lang='lat' dir='ltr'><strong>eunidem</strong></span> <span class='ocrx_word' id='word_1_469' title='bbox 1391 4395 1670 4436; x_wconf 86' lang='lat' dir='ltr'><strong>canonem.</strong></span> <span class='ocrx_word' id='word_1_470' title='bbox 1702 4380 1853 4434; x_wconf 86' lang='lat' dir='ltr'><strong>Nulla</strong></span> <span class='ocrx_word' id='word_1_471' title='bbox 1887 4384 2084 4449; x_wconf 88' lang='lat' dir='ltr'><strong>pariter</strong></span> 
     </span>
    </p>
   </div>
   <div class='ocr_carea' id='block_1_67' title="bbox 508 4451 2082 4523">
    <p class='ocr_par' dir='ltr' id='par_1_67' title="bbox 508 4451 2082 4523">
     <span class='ocr_line' id='line_1_67' title="bbox 508 4451 2082 4523; baseline -0.001 -16"><span class='ocrx_word' id='word_1_472' title='bbox 508 4455 768 4523; x_wconf 84' lang='lat' dir='ltr'><strong>ejusmodi</strong></span> <span class='ocrx_word' id='word_1_473' title='bbox 818 4452 1094 4520; x_wconf 88' lang='lat' dir='ltr'><strong>inscriptio</strong></span> <span class='ocrx_word' id='word_1_474' title='bbox 1140 4454 1328 4519; x_wconf 73' lang='lat' dir='ltr'><strong>lethur</strong></span> <span class='ocrx_word' id='word_1_475' title='bbox 1371 4451 1423 4506; x_wconf 92' lang='lat' dir='ltr'><strong>in</strong></span> <span class='ocrx_word' id='word_1_476' title='bbox 1464 4466 1648 4507; x_wconf 75' lang='lat' dir='ltr'><strong>nouro</strong></span> <span class='ocrx_word' id='word_1_477' title='bbox 1690 4469 1790 4506; x_wconf 80' lang='lat' dir='ltr'><strong>ms.</strong></span> <span class='ocrx_word' id='word_1_478' title='bbox 1834 4454 2082 4507; x_wconf 71' lang='lat' dir='ltr'><strong>Ctesareo</strong></span> 
     </span>
    </p>
   </div>
   <div class='ocr_carea' id='block_1_68' title="bbox 510 4523 2082 4593">
    <p class='ocr_par' dir='ltr' id='par_1_68' title="bbox 510 4523 2082 4593">
     <span class='ocr_line' id='line_1_68' title="bbox 510 4523 2082 4593; baseline -0.001 -16"><span class='ocrx_word' id='word_1_479' title='bbox 510 4524 1039 4593; x_wconf 73' lang='lat' dir='ltr'><strong>\‘indebonensi_39,</strong></span> <span class='ocrx_word' id='word_1_480' title='bbox 1075 4523 1214 4593; x_wconf 88' lang='lat' dir='ltr'><strong>quod</strong></span> <span class='ocrx_word' id='word_1_481' title='bbox 1252 4523 1495 4577; x_wconf 87' lang='lat' dir='ltr'><strong>absolute</strong></span> <span class='ocrx_word' id='word_1_482' title='bbox 1532 4538 1561 4576; x_wconf 89' lang='lat' dir='ltr'><strong>a</strong></span> <span class='ocrx_word' id='word_1_483' title='bbox 1601 4524 1772 4593; x_wconf 82' lang='lat' dir='ltr'><strong>primo</strong></span> <span class='ocrx_word' id='word_1_484' title='bbox 1814 4523 1966 4576; x_wconf 89' lang='lat' dir='ltr'><strong>titulo</strong></span> <span class='ocrx_word' id='word_1_485' title='bbox 1996 4524 2082 4593; x_wconf 73' lang='lat' dir='ltr'><strong>sic</strong></span> 
     </span>
    </p>
   </div>
   <div class='ocr_carea' id='block_1_69' title="bbox 513 4591 2084 4663">
    <p class='ocr_par' dir='ltr' id='par_1_69' title="bbox 513 4591 2084 4663">
     <span class='ocr_line' id='line_1_69' title="bbox 513 4591 2084 4663; baseline -0.003 -14"><span class='ocrx_word' id='word_1_486' title='bbox 513 4595 817 4663; x_wconf 77' lang='lat' dir='ltr'><strong>exorditur:</strong></span> <span class='ocrx_word' id='word_1_487' title='bbox 841 4592 880 4648; x_wconf 87' lang='grc' dir='ltr'><strong>ι.</strong></span> <span class='ocrx_word' id='word_1_488' title='bbox 905 4591 1367 4663; x_wconf 70' lang='grc' dir='ltr'><strong>Ιηεὶρίιέωροεὶιὶο</strong></span> <span class='ocrx_word' id='word_1_489' title='bbox 1410 4594 1529 4659; x_wconf 79' lang='lat' dir='ltr'><strong>ﬁdei</strong></span> <span class='ocrx_word' id='word_1_490' title='bbox 1574 4592 1824 4657; x_wconf 57' lang='lat' dir='ltr'><strong>Merene,</strong></span> <span class='ocrx_word' id='word_1_491' title='bbox 1854 4600 1963 4646; x_wconf 91' lang='lat' dir='ltr'><strong>etc.</strong></span> <span class='ocrx_word' id='word_1_492' title='bbox 1991 4592 2084 4646; x_wconf 82' lang='lat' dir='ltr'><strong>Ti-</strong></span> 
     </span>
    </p>
   </div>
   <div class='ocr_carea' id='block_1_70' title="bbox 510 4662 2079 4730">
    <p class='ocr_par' dir='ltr' id='par_1_70' title="bbox 510 4662 2079 4730">
     <span class='ocr_line' id='line_1_70' title="bbox 510 4662 2079 4730; baseline -0.001 -13"><span class='ocrx_word' id='word_1_493' title='bbox 510 4665 604 4718; x_wconf 88' lang='lat' dir='ltr'><strong>tuli</strong></span> <span class='ocrx_word' id='word_1_494' title='bbox 646 4662 772 4721; x_wconf 80' lang='lat' dir='ltr'><strong>vero</strong></span> <span class='ocrx_word' id='word_1_495' title='bbox 809 4681 907 4719; x_wconf 87' lang='lat' dir='ltr'><strong>seu</strong></span> <span class='ocrx_word' id='word_1_496' title='bbox 944 4662 1176 4720; x_wconf 88' lang='lat' dir='ltr'><strong>canones</strong></span> <span class='ocrx_word' id='word_1_497' title='bbox 1225 4664 1277 4717; x_wconf 91' lang='lat' dir='ltr'><strong>in</strong></span> <span class='ocrx_word' id='word_1_498' title='bbox 1312 4663 1700 4718; x_wconf 80' lang='lat' dir='ltr'><strong>Vindebonensi</strong></span> <span class='ocrx_word' id='word_1_499' title='bbox 1731 4675 1784 4716; x_wconf 84' lang='lat' dir='ltr'><strong>et</strong></span> <span class='ocrx_word' id='word_1_500' title='bbox 1812 4662 2079 4730; x_wconf 75' lang='lat' dir='ltr'><strong>plerisque</strong></span> 
     </span>
    </p>
   </div>
   <div class='ocr_carea' id='block_1_71' title="bbox 510 4733 2078 4803">
    <p class='ocr_par' dir='ltr' id='par_1_71' title="bbox 510 4733 2078 4803">
     <span class='ocr_line' id='line_1_71' title="bbox 510 4733 2078 4803; baseline -0.001 -17"><span class='ocrx_word' id='word_1_501' title='bbox 510 4734 667 4803; x_wconf 85' lang='lat' dir='ltr'><strong>hujus</strong></span> <span class='ocrx_word' id='word_1_502' title='bbox 683 4736 1014 4789; x_wconf 87' lang='lat' dir='ltr'><strong>collectionis</strong></span> <span class='ocrx_word' id='word_1_503' title='bbox 1037 4734 1434 4800; x_wconf 75' lang='lat' dir='ltr'><strong>exemplaribus</strong></span> <span class='ocrx_word' id='word_1_504' title='bbox 1457 4742 1583 4803; x_wconf 88' lang='lat' dir='ltr'><strong>sunt</strong></span> <span class='ocrx_word' id='word_1_505' title='bbox 1598 4748 1745 4803; x_wconf 59' lang='lat' dir='ltr'><strong>sui,</strong></span> <span class='ocrx_word' id='word_1_506' title='bbox 1760 4733 1896 4787; x_wconf 89' lang='lat' dir='ltr'><strong>sicut</strong></span> <span class='ocrx_word' id='word_1_507' title='bbox 1916 4734 2078 4787; x_wconf 90' lang='lat' dir='ltr'><strong>etiam</strong></span> 
     </span>
    </p>
   </div>
   <div class='ocr_carea' id='block_1_72' title="bbox 2216 2954 3790 3029">
    <p class='ocr_par' dir='ltr' id='par_1_72' title="bbox 2216 2954 3790 3029">
     <span class='ocr_line' id='line_1_72' title="bbox 2216 2954 3790 3029; baseline 0.003 -23"><span class='ocrx_word' id='word_1_508' title='bbox 2216 2967 2399 3007; x_wconf 86' lang='lat' dir='ltr'><strong>verum</strong></span> <span class='ocrx_word' id='word_1_509' title='bbox 2424 2968 2487 3009; x_wconf 79' lang='lat' dir='ltr'><strong>ex</strong></span> <span class='ocrx_word' id='word_1_510' title='bbox 2501 2954 2609 3009; x_wconf 89' lang='lat' dir='ltr'><strong>Deo</strong></span> <span class='ocrx_word' id='word_1_511' title='bbox 2622 2969 2778 3022; x_wconf 90' lang='lat' dir='ltr'><strong>vero;</strong></span> <span class='ocrx_word' id='word_1_512' title='bbox 2801 2958 2910 3027; x_wconf 73' lang='grc'><strong>28</strong></span> <span class='ocrx_word' id='word_1_513' title='bbox 2922 2964 3125 3022; x_wconf 89' lang='lat' dir='ltr'><strong>natum,</strong></span> <span class='ocrx_word' id='word_1_514' title='bbox 3146 2970 3249 3011; x_wconf 90' lang='lat' dir='ltr'><strong>non</strong></span> <span class='ocrx_word' id='word_1_515' title='bbox 3263 2955 3484 3021; x_wconf 89' lang='lat' dir='ltr'><strong>factum,</strong></span> <span class='ocrx_word' id='word_1_516' title='bbox 3501 2955 3790 3029; x_wconf 74' lang='grc' dir='ltr'><strong>ὄμοοῦσιονο</strong></span> 
     </span>
    </p>
   </div>
   <div class='ocr_carea' id='block_1_73' title="bbox 2213 3044 3781 3119">
    <p class='ocr_par' dir='ltr' id='par_1_73' title="bbox 2213 3044 3781 3119">
     <span class='ocr_line' id='line_1_73' title="bbox 2213 3044 3781 3119; baseline 0.004 -22"><span class='ocrx_word' id='word_1_517' title='bbox 2213 3044 2315 3100; x_wconf 92' lang='lat' dir='ltr'><strong>hoc</strong></span> <span class='ocrx_word' id='word_1_518' title='bbox 2341 3055 2445 3111; x_wconf 89' lang='lat' dir='ltr'><strong>est,</strong></span> <span class='ocrx_word' id='word_1_519' title='bbox 2491 3045 2731 3115; x_wconf 80' lang='lat' dir='ltr'><strong>ejusdem</strong></span> <span class='ocrx_word' id='word_1_520' title='bbox 2768 3062 2890 3103; x_wconf 92' lang='lat' dir='ltr'><strong>cum</strong></span> <span class='ocrx_word' id='word_1_521' title='bbox 2933 3047 3090 3103; x_wconf 90' lang='lat' dir='ltr'><strong>Patre</strong></span> <span class='ocrx_word' id='word_1_522' title='bbox 3118 3047 3460 3112; x_wconf 64' lang='lat' dir='ltr'><strong>substantiae;</strong></span> <span class='ocrx_word' id='word_1_523' title='bbox 3505 3061 3611 3117; x_wconf 92' lang='lat' dir='ltr'><strong>per</strong></span> <span class='ocrx_word' id='word_1_524' title='bbox 3634 3060 3781 3119; x_wconf 85' lang='lat' dir='ltr'><strong>quem</strong></span> 
     </span>
    </p>
   </div>
   <div class='ocr_carea' id='block_1_74' title="bbox 2202 3137 3780 3209">
    <p class='ocr_par' dir='ltr' id='par_1_74' title="bbox 2202 3137 3780 3209">
     <span class='ocr_line' id='line_1_74' title="bbox 2202 3137 3780 3209; baseline 0.001 -18"><span class='ocrx_word' id='word_1_525' title='bbox 2202 3138 2379 3191; x_wconf 90' lang='lat' dir='ltr'><strong>omnia</strong></span> <span class='ocrx_word' id='word_1_526' title='bbox 2410 3137 2549 3193; x_wconf 86' lang='lat' dir='ltr'><strong>facta</strong></span> <span class='ocrx_word' id='word_1_527' title='bbox 2575 3148 2697 3194; x_wconf 89' lang='lat' dir='ltr'><strong>sunt</strong></span> <span class='ocrx_word' id='word_1_528' title='bbox 2728 3153 2848 3209; x_wconf 67' lang='lat' dir='ltr'><strong>quae</strong></span> <span class='ocrx_word' id='word_1_529' title='bbox 2872 3140 2925 3195; x_wconf 90' lang='lat' dir='ltr'><strong>in</strong></span> <span class='ocrx_word' id='word_1_530' title='bbox 2964 3140 3101 3195; x_wconf 71' lang='lat' dir='ltr'><strong>coelo</strong></span> <span class='ocrx_word' id='word_1_531' title='bbox 3130 3149 3186 3195; x_wconf 93' lang='lat' dir='ltr'><strong>et</strong></span> <span class='ocrx_word' id='word_1_532' title='bbox 3213 3155 3331 3209; x_wconf 73' lang='lat' dir='ltr'><strong>qua:</strong></span> <span class='ocrx_word' id='word_1_533' title='bbox 3361 3140 3414 3193; x_wconf 91' lang='lat' dir='ltr'><strong>in</strong></span> <span class='ocrx_word' id='word_1_534' title='bbox 3443 3150 3592 3194; x_wconf 87' lang='lat' dir='ltr'><strong>terra</strong></span> <span class='ocrx_word' id='word_1_535' title='bbox 3625 3148 3780 3205; x_wconf 87' lang='lat' dir='ltr'><strong>sunt;</strong></span> 
     </span>
    </p>
   </div>
   <div class='ocr_carea' id='block_1_75' title="bbox 2201 3217 3780 3301">
    <p class='ocr_par' dir='ltr' id='par_1_75' title="bbox 2201 3217 3780 3301">
     <span class='ocr_line' id='line_1_75' title="bbox 2201 3217 3780 3301; baseline 0.001 -20"><span class='ocrx_word' id='word_1_536' title='bbox 2201 3230 2288 3298; x_wconf 90' lang='lat' dir='ltr'><strong>qui</strong></span> <span class='ocrx_word' id='word_1_537' title='bbox 2321 3238 2545 3300; x_wconf 89' lang='lat' dir='ltr'><strong>propter</strong></span> <span class='ocrx_word' id='word_1_538' title='bbox 2572 3244 2672 3285; x_wconf 86' lang='lat' dir='ltr'><strong>nos</strong></span> <span class='ocrx_word' id='word_1_539' title='bbox 2694 3229 2942 3286; x_wconf 83' lang='lat' dir='ltr'><strong>homines</strong></span> <span class='ocrx_word' id='word_1_540' title='bbox 2968 3239 3022 3286; x_wconf 90' lang='lat' dir='ltr'><strong>et</strong></span> <span class='ocrx_word' id='word_1_541' title='bbox 3050 3217 3271 3301; x_wconf 76' lang='lat' dir='ltr'><strong>propter</strong></span> <span class='ocrx_word' id='word_1_542' title='bbox 3290 3239 3531 3286; x_wconf 89' lang='lat' dir='ltr'><strong>nostram</strong></span> <span class='ocrx_word' id='word_1_543' title='bbox 3550 3232 3780 3285; x_wconf 84' lang='lat' dir='ltr'><strong>salutem</strong></span> 
     </span>
    </p>
   </div>
   <div class='ocr_carea' id='block_1_76' title="bbox 2200 3320 3777 3393">
    <p class='ocr_par' dir='ltr' id='par_1_76' title="bbox 2200 3320 3777 3393">
     <span class='ocr_line' id='line_1_76' title="bbox 2200 3320 3777 3393; baseline 0.001 -17"><span class='ocrx_word' id='word_1_544' title='bbox 2200 3322 2508 3388; x_wconf 88' lang='lat' dir='ltr'><strong>descendit,</strong></span> <span class='ocrx_word' id='word_1_545' title='bbox 2536 3332 2591 3379; x_wconf 89' lang='lat' dir='ltr'><strong>et</strong></span> <span class='ocrx_word' id='word_1_546' title='bbox 2618 3320 2928 3379; x_wconf 81' lang='lat' dir='ltr'><strong>incarnatus</strong></span> <span class='ocrx_word' id='word_1_547' title='bbox 2953 3334 3037 3380; x_wconf 92' lang='lat' dir='ltr'><strong>est</strong></span> <span class='ocrx_word' id='word_1_548' title='bbox 3066 3365 3080 3389; x_wconf 92' lang='lat'><strong>,</strong></span> <span class='ocrx_word' id='word_1_549' title='bbox 3108 3332 3162 3378; x_wconf 91' lang='lat' dir='ltr'><strong>et</strong></span> <span class='ocrx_word' id='word_1_550' title='bbox 3185 3323 3344 3378; x_wconf 90' lang='lat' dir='ltr'><strong>homo</strong></span> <span class='ocrx_word' id='word_1_551' title='bbox 3386 3322 3557 3378; x_wconf 87' lang='lat' dir='ltr'><strong>factus</strong></span> <span class='ocrx_word' id='word_1_552' title='bbox 3592 3336 3777 3393; x_wconf 88' lang='lat' dir='ltr'><strong>passus</strong></span> 
     </span>
    </p>
   </div>
   <div class='ocr_carea' id='block_1_77' title="bbox 2198 3402 3781 3482">
    <p class='ocr_par' dir='ltr' id='par_1_77' title="bbox 2198 3402 3781 3482">
     <span class='ocr_line' id='line_1_77' title="bbox 2198 3402 3781 3482; baseline -0.001 -12"><span class='ocrx_word' id='word_1_553' title='bbox 2198 3424 2300 3481; x_wconf 89' lang='lat' dir='ltr'><strong>est,</strong></span> <span class='ocrx_word' id='word_1_554' title='bbox 2330 3423 2385 3471; x_wconf 93' lang='lat' dir='ltr'><strong>et</strong></span> <span class='ocrx_word' id='word_1_555' title='bbox 2411 3402 2709 3472; x_wconf 58' lang='lat' dir='ltr'><strong>resut’rexit</strong></span> <span class='ocrx_word' id='word_1_556' title='bbox 2734 3418 2893 3472; x_wconf 89' lang='lat' dir='ltr'><strong>tertia</strong></span> <span class='ocrx_word' id='word_1_557' title='bbox 2922 3415 3039 3482; x_wconf 91' lang='lat' dir='ltr'><strong>die,</strong></span> <span class='ocrx_word' id='word_1_558' title='bbox 3069 3415 3313 3471; x_wconf 88' lang='lat' dir='ltr'><strong>ascendit</strong></span> <span class='ocrx_word' id='word_1_559' title='bbox 3337 3418 3387 3470; x_wconf 90' lang='lat' dir='ltr'><strong>in</strong></span> <span class='ocrx_word' id='word_1_560' title='bbox 3418 3417 3615 3480; x_wconf 79' lang='lat' dir='ltr'><strong>caelos,</strong></span> <span class='ocrx_word' id='word_1_561' title='bbox 3649 3415 3781 3469; x_wconf 84' lang='lat' dir='ltr'><strong>unde</strong></span> 
     </span>
    </p>
   </div>
   <div class='ocr_carea' id='block_1_78' title="bbox 2200 3505 3779 3575">
    <p class='ocr_par' dir='ltr' id='par_1_78' title="bbox 2200 3505 3779 3575">
     <span class='ocr_line' id='line_1_78' title="bbox 2200 3505 3779 3575; baseline -0.001 -15"><span class='ocrx_word' id='word_1_562' title='bbox 2200 3516 2454 3561; x_wconf 87' lang='lat' dir='ltr'><strong>venturus</strong></span> <span class='ocrx_word' id='word_1_563' title='bbox 2478 3514 2561 3561; x_wconf 90' lang='lat' dir='ltr'><strong>est</strong></span> <span class='ocrx_word' id='word_1_564' title='bbox 2585 3506 2827 3574; x_wconf 87' lang='lat' dir='ltr'><strong>judicare</strong></span> <span class='ocrx_word' id='word_1_565' title='bbox 2871 3507 3021 3561; x_wconf 89' lang='lat' dir='ltr'><strong>vivos</strong></span> <span class='ocrx_word' id='word_1_566' title='bbox 3048 3515 3105 3562; x_wconf 90' lang='lat' dir='ltr'><strong>et</strong></span> <span class='ocrx_word' id='word_1_567' title='bbox 3136 3513 3400 3560; x_wconf 89' lang='lat' dir='ltr'><strong>mortuos.</strong></span> <span class='ocrx_word' id='word_1_568' title='bbox 3432 3506 3498 3559; x_wconf 83' lang='lat' dir='ltr'><strong>Et</strong></span> <span class='ocrx_word' id='word_1_569' title='bbox 3523 3506 3581 3561; x_wconf 89' lang='lat' dir='ltr'><strong>in</strong></span> <span class='ocrx_word' id='word_1_570' title='bbox 3614 3505 3779 3575; x_wconf 89' lang='lat' dir='ltr'><strong>Spiri-</strong></span> 
     </span>
    </p>
   </div>
   <div class='ocr_carea' id='block_1_79' title="bbox 2199 3595 3777 3668">
    <p class='ocr_par' dir='ltr' id='par_1_79' title="bbox 2199 3595 3777 3668">
     <span class='ocr_line' id='line_1_79' title="bbox 2199 3595 3777 3668; baseline -0.002 -15"><span class='ocrx_word' id='word_1_571' title='bbox 2199 3609 2307 3653; x_wconf 90' lang='lat' dir='ltr'><strong>tum</strong></span> <span class='ocrx_word' id='word_1_572' title='bbox 2339 3606 2584 3653; x_wconf 81' lang='lat' dir='ltr'><strong>sanctum</strong></span> <span class='ocrx_word' id='word_1_573' title='bbox 2600 3595 2772 3653; x_wconf 67' lang='lat' dir='ltr'><strong>d.Eos</strong></span> <span class='ocrx_word' id='word_1_574' title='bbox 2788 3610 2965 3654; x_wconf 87' lang='lat' dir='ltr'><strong>autem</strong></span> <span class='ocrx_word' id='word_1_575' title='bbox 2994 3599 3083 3668; x_wconf 90' lang='lat' dir='ltr'><strong>qui</strong></span> <span class='ocrx_word' id='word_1_576' title='bbox 3102 3598 3317 3653; x_wconf 85' lang='lat' dir='ltr'><strong>dicunt:</strong></span> <span class='ocrx_word' id='word_1_577' title='bbox 3349 3599 3474 3652; x_wconf 78' lang='lat' dir='ltr'><strong>Erat</strong></span> <span class='ocrx_word' id='word_1_578' title='bbox 3494 3597 3777 3668; x_wconf 80' lang='lat' dir='ltr'><strong>aliquando</strong></span> 
     </span>
    </p>
   </div>
   <div class='ocr_carea' id='block_1_80' title="bbox 2198 3691 3776 3760">
    <p class='ocr_par' dir='ltr' id='par_1_80' title="bbox 2198 3691 3776 3760">
     <span class='ocr_line' id='line_1_80' title="bbox 2198 3691 3776 3760; baseline 0 -16"><span class='ocrx_word' id='word_1_579' title='bbox 2198 3691 2411 3760; x_wconf 87' lang='lat' dir='ltr'><strong>quando</strong></span> <span class='ocrx_word' id='word_1_580' title='bbox 2438 3706 2545 3745; x_wconf 91' lang='lat' dir='ltr'><strong>non</strong></span> <span class='ocrx_word' id='word_1_581' title='bbox 2574 3700 2711 3757; x_wconf 89' lang='lat' dir='ltr'><strong>erat,</strong></span> <span class='ocrx_word' id='word_1_582' title='bbox 2739 3699 2794 3745; x_wconf 90' lang='lat' dir='ltr'><strong>et</strong></span> <span class='ocrx_word' id='word_1_583' title='bbox 2822 3692 3132 3760; x_wconf 87' lang='lat' dir='ltr'><strong>priusquam</strong></span> <span class='ocrx_word' id='word_1_584' title='bbox 3155 3700 3470 3746; x_wconf 85' lang='lat' dir='ltr'><strong>nasceretur</strong></span> <span class='ocrx_word' id='word_1_585' title='bbox 3492 3706 3605 3745; x_wconf 91' lang='lat' dir='ltr'><strong>non</strong></span> <span class='ocrx_word' id='word_1_586' title='bbox 3641 3701 3776 3755; x_wconf 85' lang='lat' dir='ltr'><strong>erat;</strong></span> 
     </span>
    </p>
   </div>
   <div class='ocr_carea' id='block_1_81' title="bbox 2200 3783 3774 3855">
    <p class='ocr_par' dir='ltr' id='par_1_81' title="bbox 2200 3783 3774 3855">
     <span class='ocr_line' id='line_1_81' title="bbox 2200 3783 3774 3855; baseline -0.001 -16"><span class='ocrx_word' id='word_1_587' title='bbox 2200 3791 2251 3839; x_wconf 90' lang='lat' dir='ltr'><strong>et</strong></span> <span class='ocrx_word' id='word_1_588' title='bbox 2275 3785 2397 3855; x_wconf 86' lang='lat' dir='ltr'><strong>quia</strong></span> <span class='ocrx_word' id='word_1_589' title='bbox 2428 3799 2494 3837; x_wconf 71' lang='lat' dir='ltr'><strong>ex</strong></span> <span class='ocrx_word' id='word_1_590' title='bbox 2525 3784 2687 3839; x_wconf 87' lang='lat' dir='ltr'><strong>nullis</strong></span> <span class='ocrx_word' id='word_1_591' title='bbox 2723 3783 3139 3840; x_wconf 89' lang='lat' dir='ltr'><strong>subsistentibus</strong></span> <span class='ocrx_word' id='word_1_592' title='bbox 3171 3793 3195 3821; x_wconf 84' lang='lat'><strong><em>°</em></strong></span> <span class='ocrx_word' id='word_1_593' title='bbox 3231 3783 3405 3839; x_wconf 80' lang='lat' dir='ltr'><strong>factus</strong></span> <span class='ocrx_word' id='word_1_594' title='bbox 3432 3793 3544 3849; x_wconf 88' lang='lat' dir='ltr'><strong>est;</strong></span> <span class='ocrx_word' id='word_1_595' title='bbox 3579 3794 3669 3839; x_wconf 89' lang='lat' dir='ltr'><strong>aut</strong></span> <span class='ocrx_word' id='word_1_596' title='bbox 3692 3783 3774 3854; x_wconf 90' lang='lat' dir='ltr'><strong>qui</strong></span> 
     </span>
    </p>
   </div>
   <div class='ocr_carea' id='block_1_82' title="bbox 2192 3958 3772 4030">
    <p class='ocr_par' dir='ltr' id='par_1_82' title="bbox 2192 3958 3772 4030">
     <span class='ocr_line' id='line_1_82' title="bbox 2192 3958 3772 4030; baseline 0.003 -16"><span class='ocrx_word' id='word_1_597' title='bbox 2192 3960 2507 4027; x_wconf 75' lang='lat' dir='ltr'><strong>consulibus,</strong></span> <span class='ocrx_word' id='word_1_598' title='bbox 2534 3975 2627 4015; x_wconf 83' lang='lat' dir='ltr'><strong>xnt</strong></span> <span class='ocrx_word' id='word_1_599' title='bbox 2650 3960 2753 4013; x_wconf 83' lang='lat' dir='ltr'><strong>kal.</strong></span> <span class='ocrx_word' id='word_1_600' title='bbox 2782 3958 3123 4030; x_wconf 46' lang='lat' dir='ltr'><strong>{aliaaguod</strong></span> <span class='ocrx_word' id='word_1_601' title='bbox 3151 3969 3223 4014; x_wconf 79' lang='lat' dir='ltr'><strong>est</strong></span> <span class='ocrx_word' id='word_1_602' title='bbox 3253 3962 3394 4030; x_wconf 84' lang='lat' dir='ltr'><strong>apud</strong></span> <span class='ocrx_word' id='word_1_603' title='bbox 3411 3960 3621 4016; x_wconf 68' lang='grc' dir='ltr'><strong>σταται</strong></span> <span class='ocrx_word' id='word_1_604' title='bbox 3636 3979 3772 4018; x_wconf 72' lang='lat' dir='ltr'><strong>xvun</strong></span> 
     </span>
    </p>
   </div>
   <div class='ocr_carea' id='block_1_83' title="bbox 2190 4028 3771 4087">
    <p class='ocr_par' dir='ltr' id='par_1_83' title="bbox 2190 4028 3771 4087">
     <span class='ocr_line' id='line_1_83' title="bbox 2190 4028 3771 4087; baseline 0.001 -2"><span class='ocrx_word' id='word_1_605' title='bbox 2190 4031 2301 4085; x_wconf 84' lang='lat' dir='ltr'><strong>dies</strong></span> <span class='ocrx_word' id='word_1_606' title='bbox 2330 4032 2512 4084; x_wconf 83' lang='lat' dir='ltr'><strong>mensis</strong></span> <span class='ocrx_word' id='word_1_607' title='bbox 2547 4046 2722 4085; x_wconf 85' lang='lat' dir='ltr'><strong>eorum</strong></span> <span class='ocrx_word' id='word_1_608' title='bbox 2753 4028 3003 4084; x_wconf 36' lang='lat' dir='ltr'><strong>AECIEI&#39;</strong></span> <span class='ocrx_word' id='word_1_609' title='bbox 3026 4030 3164 4084; x_wconf 79' lang='lat' dir='ltr'><strong>Desii</strong></span> <span class='ocrx_word' id='word_1_610' title='bbox 3194 4028 3330 4084; x_wconf 82' lang='lat' dir='ltr'><strong>anno</strong></span> <span class='ocrx_word' id='word_1_611' title='bbox 3356 4032 3642 4087; x_wconf 74' lang='lat' dir='ltr'><strong>Alexandri</strong></span> <span class='ocrx_word' id='word_1_612' title='bbox 3669 4051 3771 4087; x_wconf 74' lang='lat' dir='ltr'><strong>sex-</strong></span> 
     </span>
    </p>
   </div>
   <div class='ocr_carea' id='block_1_84' title="bbox 2191 4100 3770 4169">
    <p class='ocr_par' dir='ltr' id='par_1_84' title="bbox 2191 4100 3770 4169">
     <span class='ocr_line' id='line_1_84' title="bbox 2191 4100 3770 4169; baseline 0.001 -14"><span class='ocrx_word' id='word_1_613' title='bbox 2191 4104 2460 4155; x_wconf 83' lang='lat' dir='ltr'><strong>centesimo</strong></span> <span class='ocrx_word' id='word_1_614' title='bbox 2489 4117 2669 4156; x_wconf 71' lang='lat' dir='ltr'><strong>xxxvn.</strong></span> <span class='ocrx_word' id='word_1_615' title='bbox 2701 4100 2757 4155; x_wconf 91' lang='lat' dir='ltr'><strong>Id</strong></span> <span class='ocrx_word' id='word_1_616' title='bbox 2783 4104 2937 4169; x_wconf 89' lang='lat' dir='ltr'><strong>plane</strong></span> <span class='ocrx_word' id='word_1_617' title='bbox 2961 4102 3211 4155; x_wconf 88' lang='lat' dir='ltr'><strong>convenit</strong></span> <span class='ocrx_word' id='word_1_618' title='bbox 3233 4117 3353 4156; x_wconf 87' lang='lat' dir='ltr'><strong>cum</strong></span> <span class='ocrx_word' id='word_1_619' title='bbox 3377 4103 3770 4158; x_wconf 86' lang='lat' dir='ltr'><strong>cbaracteribns</strong></span> 
     </span>
    </p>
   </div>
   <div class='ocr_carea' id='block_1_85' title="bbox 2189 4170 3769 4241">
    <p class='ocr_par' dir='ltr' id='par_1_85' title="bbox 2189 4170 3769 4241">
     <span class='ocr_line' id='line_1_85' title="bbox 2189 4170 3769 4241; baseline 0.002 -16"><span class='ocrx_word' id='word_1_620' title='bbox 2189 4171 2457 4226; x_wconf 86' lang='lat' dir='ltr'><strong>chronicis</strong></span> <span class='ocrx_word' id='word_1_621' title='bbox 2486 4172 2708 4241; x_wconf 82' lang='lat' dir='ltr'><strong>signatis</strong></span> <span class='ocrx_word' id='word_1_622' title='bbox 2738 4172 2790 4225; x_wconf 91' lang='lat' dir='ltr'><strong>in</strong></span> <span class='ocrx_word' id='word_1_623' title='bbox 2814 4171 3041 4226; x_wconf 91' lang='lat' dir='ltr'><strong>concilio</strong></span> <span class='ocrx_word' id='word_1_624' title='bbox 3061 4170 3606 4228; x_wconf 84' lang='lat' dir='ltr'><strong>Chalcedonensiact.</strong></span> <span class='ocrx_word' id='word_1_625' title='bbox 3638 4176 3690 4238; x_wconf 76' lang='lat'><strong>‘2,</strong></span> <span class='ocrx_word' id='word_1_626' title='bbox 3709 4174 3769 4228; x_wconf 90' lang='lat' dir='ltr'><strong>de</strong></span> 
     </span>
    </p>
   </div>
   <div class='ocr_carea' id='block_1_86' title="bbox 2190 4241 3764 4311">
    <p class='ocr_par' dir='ltr' id='par_1_86' title="bbox 2190 4241 3764 4311">
     <span class='ocr_line' id='line_1_86' title="bbox 2190 4241 3764 4311; baseline 0.001 -17"><span class='ocrx_word' id='word_1_627' title='bbox 2190 4243 2383 4306; x_wconf 84' lang='lat' dir='ltr'><strong>quibus</strong></span> <span class='ocrx_word' id='word_1_628' title='bbox 2403 4242 2561 4296; x_wconf 72' lang='lat' dir='ltr'><strong>etiam</strong></span> <span class='ocrx_word' id='word_1_629' title='bbox 2583 4241 2833 4296; x_wconf 86' lang='lat' dir='ltr'><strong>Socrates</strong></span> <span class='ocrx_word' id='word_1_630' title='bbox 2856 4242 3185 4297; x_wconf 72' lang='lat' dir='ltr'><strong>testaturlib.</strong></span> <span class='ocrx_word' id='word_1_631' title='bbox 3212 4258 3249 4307; x_wconf 84' lang='grc' dir='ltr'><strong>ι,</strong></span> <span class='ocrx_word' id='word_1_632' title='bbox 3279 4241 3530 4311; x_wconf 79' lang='lat' dir='ltr'><strong>c.l5,his</strong></span> <span class='ocrx_word' id='word_1_633' title='bbox 3557 4245 3729 4298; x_wconf 87' lang='lat' dir='ltr'><strong>verbis</strong></span> <span class='ocrx_word' id='word_1_634' title='bbox 3753 4263 3764 4296; x_wconf 89' lang='lat'><strong><em>:</em></strong></span> 
     </span>
    </p>
   </div>
   <div class='ocr_carea' id='block_1_87' title="bbox 2188 4311 3768 4385">
    <p class='ocr_par' dir='ltr' id='par_1_87' title="bbox 2188 4311 3768 4385">
     <span class='ocr_line' id='line_1_87' title="bbox 2188 4311 3768 4385; baseline 0.001 -19"><span class='ocrx_word' id='word_1_635' title='bbox 2188 4311 2410 4385; x_wconf 82' lang='lat' dir='ltr'><strong>Tempus</strong></span> <span class='ocrx_word' id='word_1_636' title='bbox 2439 4323 2607 4364; x_wconf 88' lang='lat' dir='ltr'><strong>autem</strong></span> <span class='ocrx_word' id='word_1_637' title='bbox 2633 4328 2730 4385; x_wconf 82' lang='lat' dir='ltr'><strong>quo</strong></span> <span class='ocrx_word' id='word_1_638' title='bbox 2757 4313 2982 4385; x_wconf 86' lang='lat' dir='ltr'><strong>synodus</strong></span> <span class='ocrx_word' id='word_1_639' title='bbox 2998 4329 3039 4364; x_wconf 61' lang='lat' dir='ltr'><strong>ci</strong></span> <span class='ocrx_word' id='word_1_640' title='bbox 3059 4322 3303 4385; x_wconf 81' lang='lat' dir='ltr'><strong>ngregata</strong></span> <span class='ocrx_word' id='word_1_641' title='bbox 3325 4325 3416 4378; x_wconf 82' lang='lat' dir='ltr'><strong>est,</strong></span> <span class='ocrx_word' id='word_1_642' title='bbox 3443 4314 3580 4367; x_wconf 83' lang='lat' dir='ltr'><strong>sicut</strong></span> <span class='ocrx_word' id='word_1_643' title='bbox 3605 4317 3657 4367; x_wconf 88' lang='lat' dir='ltr'><strong>in</strong></span> <span class='ocrx_word' id='word_1_644' title='bbox 3683 4331 3768 4367; x_wconf 81' lang='lat' dir='ltr'><strong>no-</strong></span> 
     </span>
    </p>
   </div>
   <div class='ocr_carea' id='block_1_88' title="bbox 2192 4383 3764 4454">
    <p class='ocr_par' dir='ltr' id='par_1_88' title="bbox 2192 4383 3764 4454">
     <span class='ocr_line' id='line_1_88' title="bbox 2192 4383 3764 4454; baseline 0.001 -19"><span class='ocrx_word' id='word_1_645' title='bbox 2192 4384 2468 4454; x_wconf 80' lang='lat' dir='ltr'><strong>tationibus</strong></span> <span class='ocrx_word' id='word_1_646' title='bbox 2500 4383 2740 4454; x_wconf 57' lang='lat' dir='ltr'><strong>temporis</strong></span> <span class='ocrx_word' id='word_1_647' title='bbox 2785 4383 3124 4454; x_wconf 18' lang='lat' dir='ltr'><strong>ipsihsynodo</strong></span> <span class='ocrx_word' id='word_1_648' title='bbox 3165 4385 3417 4454; x_wconf 58' lang='lat' dir='ltr'><strong>pr¢ﬁ.ti8_</strong></span> <span class='ocrx_word' id='word_1_649' title='bbox 3444 4386 3644 4449; x_wconf 66' lang='lat' dir='ltr'><strong>inveni,</strong></span> <span class='ocrx_word' id='word_1_650' title='bbox 3675 4388 3764 4454; x_wconf 76' lang='lat' dir='ltr'><strong>fuit</strong></span> 
     </span>
    </p>
   </div>
   <div class='ocr_carea' id='block_1_89' title="bbox 2191 4450 3767 4525">
    <p class='ocr_par' dir='ltr' id='par_1_89' title="bbox 2191 4450 3767 4525">
     <span class='ocr_line' id='line_1_89' title="bbox 2191 4450 3767 4525; baseline 0.002 -20"><span class='ocrx_word' id='word_1_651' title='bbox 2191 4452 2461 4525; x_wconf 79' lang='lat' dir='ltr'><strong>consulatu</strong></span> <span class='ocrx_word' id='word_1_652' title='bbox 2495 4450 2710 4506; x_wconf 83' lang='lat' dir='ltr'><strong>Paulini</strong></span> <span class='ocrx_word' id='word_1_653' title='bbox 2735 4462 2781 4505; x_wconf 89' lang='lat' dir='ltr'><strong>et</strong></span> <span class='ocrx_word' id='word_1_654' title='bbox 2798 4450 3024 4525; x_wconf 49' lang='lat' dir='ltr'><strong>Iuliani</strong></span> <span class='ocrx_word' id='word_1_655' title='bbox 3041 4453 3123 4505; x_wconf 89' lang='lat' dir='ltr'><strong>die</strong></span> <span class='ocrx_word' id='word_1_656' title='bbox 3165 4450 3224 4505; x_wconf 51' lang='lat' dir='ltr'><strong>&#39;xt</strong></span> <span class='ocrx_word' id='word_1_657' title='bbox 3254 4452 3357 4507; x_wconf 82' lang='lat' dir='ltr'><strong>kal.</strong></span> <span class='ocrx_word' id='word_1_658' title='bbox 3384 4452 3574 4507; x_wconf 72' lang='lat' dir='ltr'><strong>Iunias</strong></span> <span class='ocrx_word' id='word_1_659' title='bbox 3602 4450 3767 4525; x_wconf 74' lang='lat' dir='ltr'><strong>(error</strong></span> 
     </span>
    </p>
   </div>
   <div class='ocr_carea' id='block_1_90' title="bbox 2189 4521 3760 4591">
    <p class='ocr_par' dir='ltr' id='par_1_90' title="bbox 2189 4521 3760 4591">
     <span class='ocr_line' id='line_1_90' title="bbox 2189 4521 3760 4591; baseline -0.001 -14"><span class='ocrx_word' id='word_1_660' title='bbox 2189 4523 2242 4577; x_wconf 86' lang='lat' dir='ltr'><strong>in</strong></span> <span class='ocrx_word' id='word_1_661' title='bbox 2274 4524 2412 4576; x_wconf 89' lang='lat' dir='ltr'><strong>diem</strong></span> <span class='ocrx_word' id='word_1_662' title='bbox 2443 4531 2495 4576; x_wconf 92' lang='lat' dir='ltr'><strong>et</strong></span> <span class='ocrx_word' id='word_1_663' title='bbox 2526 4536 2765 4579; x_wconf 91' lang='lat' dir='ltr'><strong>mensem</strong></span> <span class='ocrx_word' id='word_1_664' title='bbox 2797 4521 3034 4591; x_wconf 89' lang='lat' dir='ltr'><strong>irrepsit)</strong></span> <span class='ocrx_word' id='word_1_665' title='bbox 3064 4537 3197 4576; x_wconf 86' lang='lat' dir='ltr'><strong>anno</strong></span> <span class='ocrx_word' id='word_1_666' title='bbox 3227 4526 3592 4578; x_wconf 65' lang='lat' dir='ltr'><strong>sexcentesimo</strong></span> <span class='ocrx_word' id='word_1_667' title='bbox 3611 4521 3760 4577; x_wconf 69' lang='lat' dir='ltr'><strong>trice-</strong></span> 
     </span>
    </p>
   </div>
   <div class='ocr_carea' id='block_1_91' title="bbox 2187 4592 3760 4663">
    <p class='ocr_par' dir='ltr' id='par_1_91' title="bbox 2187 4592 3760 4663">
     <span class='ocr_line' id='line_1_91' title="bbox 2187 4592 3760 4663; baseline 0.001 -17"><span class='ocrx_word' id='word_1_668' title='bbox 2187 4597 2314 4646; x_wconf 86' lang='lat' dir='ltr'><strong>sima</strong></span> <span class='ocrx_word' id='word_1_669' title='bbox 2340 4605 2480 4645; x_wconf 76' lang='lat' dir='ltr'><strong>sexto</strong></span> <span class='ocrx_word' id='word_1_670' title='bbox 2499 4609 2529 4644; x_wconf 92' lang='lat' dir='ltr'><strong>a</strong></span> <span class='ocrx_word' id='word_1_671' title='bbox 2551 4609 2706 4663; x_wconf 87' lang='lat' dir='ltr'><strong>regno</strong></span> <span class='ocrx_word' id='word_1_672' title='bbox 2729 4593 3009 4645; x_wconf 75' lang='lat' dir='ltr'><strong>Alexandri</strong></span> <span class='ocrx_word' id='word_1_673' title='bbox 3039 4592 3353 4663; x_wconf 66' lang='lat' dir='ltr'><strong>Macedonis.</strong></span> <span class='ocrx_word' id='word_1_674' title='bbox 3381 4596 3522 4648; x_wconf 91' lang='lat' dir='ltr'><strong>llanc</strong></span> <span class='ocrx_word' id='word_1_675' title='bbox 3552 4594 3760 4663; x_wconf 81' lang='lat' dir='ltr'><strong>quidem</strong></span> 
     </span>
    </p>
   </div>
   <div class='ocr_carea' id='block_1_92' title="bbox 2190 4661 3761 4734">
    <p class='ocr_par' dir='ltr' id='par_1_92' title="bbox 2190 4661 3761 4734">
     <span class='ocr_line' id='line_1_92' title="bbox 2190 4661 3761 4734; baseline 0 -18"><span class='ocrx_word' id='word_1_676' title='bbox 2190 4671 2369 4734; x_wconf 75' lang='lat' dir='ltr'><strong>notaui</strong></span> <span class='ocrx_word' id='word_1_677' title='bbox 2397 4661 2652 4729; x_wconf 88' lang='lat' dir='ltr'><strong>temporis</strong></span> <span class='ocrx_word' id='word_1_678' title='bbox 2675 4663 2918 4734; x_wconf 74' lang='lat' dir='ltr'><strong>symbolo</strong></span> <span class='ocrx_word' id='word_1_679' title='bbox 2942 4661 3212 4730; x_wconf 65' lang='lat' dir='ltr'><strong>prmﬁxam</strong></span> <span class='ocrx_word' id='word_1_680' title='bbox 3238 4665 3410 4717; x_wconf 89' lang='lat' dir='ltr'><strong>innuit</strong></span> <span class='ocrx_word' id='word_1_681' title='bbox 3434 4661 3761 4718; x_wconf 80' lang='lat' dir='ltr'><strong>etiamGela-</strong></span> 
     </span>
    </p>
   </div>
   <div class='ocr_carea' id='block_1_93' title="bbox 2188 4732 3756 4805">
    <p class='ocr_par' dir='ltr' id='par_1_93' title="bbox 2188 4732 3756 4805">
     <span class='ocr_line' id='line_1_93' title="bbox 2188 4732 3756 4805; baseline 0.001 -18"><span class='ocrx_word' id='word_1_682' title='bbox 2188 4734 2299 4805; x_wconf 79' lang='lat' dir='ltr'><strong>sius</strong></span> <span class='ocrx_word' id='word_1_683' title='bbox 2329 4733 2623 4805; x_wconf 81' lang='lat' dir='ltr'><strong>Cyzicenus</strong></span> <span class='ocrx_word' id='word_1_684' title='bbox 2643 4732 2815 4800; x_wconf 58' lang='lat' dir='ltr'><strong>c.26,</strong></span> <span class='ocrx_word' id='word_1_685' title='bbox 2848 4734 3353 4805; x_wconf 80' lang='lat' dir='ltr'><strong>eamdemquenacti</strong></span> <span class='ocrx_word' id='word_1_686' title='bbox 3376 4749 3560 4789; x_wconf 89' lang='lat' dir='ltr'><strong>sumus</strong></span> <span class='ocrx_word' id='word_1_687' title='bbox 3590 4738 3643 4787; x_wconf 90' lang='lat' dir='ltr'><strong>in</strong></span> <span class='ocrx_word' id='word_1_688' title='bbox 3661 4735 3756 4788; x_wconf 81' lang='lat' dir='ltr'><strong>alia</strong></span> 
     </span>
    </p>
   </div>
   <div class='ocr_carea' id='block_1_94' title="bbox 509 4793 3754 4875">
    <p class='ocr_par' dir='ltr' id='par_1_94' title="bbox 509 4793 3754 4875">
     <span class='ocr_line' id='line_1_94' title="bbox 509 4793 3754 4875; baseline 0 -19"><span class='ocrx_word' id='word_1_689' title='bbox 509 4807 561 4856; x_wconf 94' lang='lat' dir='ltr'><strong>in</strong></span> <span class='ocrx_word' id='word_1_690' title='bbox 582 4793 713 4859; x_wconf 58' lang='lat' dir='ltr'><strong>&#39;cod.</strong></span> <span class='ocrx_word' id='word_1_691' title='bbox 746 4793 1299 4875; x_wconf 4' lang='lat' dir='ltr'><strong>vat.jlieginaejl9&#39;97,</strong></span> <span class='ocrx_word' id='word_1_692' title='bbox 1330 4804 1453 4857; x_wconf 92' lang='lat' dir='ltr'><strong>licet</strong></span> <span class='ocrx_word' id='word_1_693' title='bbox 1474 4801 1518 4857; x_wconf 89' lang='lat' dir='ltr'><strong>is</strong></span> <span class='ocrx_word' id='word_1_694' title='bbox 1544 4801 1610 4875; x_wconf 83' lang='lat' dir='ltr'><strong>ad</strong></span> <span class='ocrx_word' id='word_1_695' title='bbox 1642 4793 1798 4856; x_wconf 82' lang='lat' dir='ltr'><strong>aliam</strong></span> <span class='ocrx_word' id='word_1_696' title='bbox 1821 4805 2081 4870; x_wconf 80' lang='lat' dir='ltr'><strong>antiquis-</strong></span> <span class='ocrx_word' id='word_1_697' title='bbox 2108 4793 2157 4851; x_wconf 88' lang='lat' dir='ltr'><strong>D</strong></span> <span class='ocrx_word' id='word_1_698' title='bbox 2184 4803 2303 4858; x_wconf 88' lang='lat' dir='ltr'><strong>ined</strong></span> <span class='ocrx_word' id='word_1_699' title='bbox 2316 4793 2391 4875; x_wconf 62' lang='lat' dir='ltr'><strong>sta&#39;</strong></span> <span class='ocrx_word' id='word_1_700' title='bbox 2407 4805 2653 4859; x_wconf 77' lang='lat' dir='ltr'><strong>versione</strong></span> <span class='ocrx_word' id='word_1_701' title='bbox 2670 4842 2684 4866; x_wconf 96' lang='lat'><strong>,</strong></span> <span class='ocrx_word' id='word_1_702' title='bbox 2707 4793 2865 4873; x_wconf 80' lang='lat' dir='ltr'><strong>quam</strong></span> <span class='ocrx_word' id='word_1_703' title='bbox 2890 4793 3212 4875; x_wconf 69' lang='lat' dir='ltr'><strong>_antte_i_psu;n</strong></span> <span class='ocrx_word' id='word_1_704' title='bbox 3236 4805 3533 4875; x_wconf 83' lang='lat' dir='ltr'><strong>symbolum</strong></span> <span class='ocrx_word' id='word_1_705' title='bbox 3558 4805 3754 4873; x_wconf 87' lang='lat' dir='ltr'><strong>pariter</strong></span> 
     </span>
    </p>
   </div>
   <div class='ocr_carea' id='block_1_95' title="bbox 507 4873 2080 4939">
    <p class='ocr_par' dir='ltr' id='par_1_95' title="bbox 507 4873 2080 4939">
     <span class='ocr_line' id='line_1_95' title="bbox 507 4873 2080 4939; baseline -0.001 -14"><span class='ocrx_word' id='word_1_706' title='bbox 507 4876 695 4927; x_wconf 80' lang='lat' dir='ltr'><strong>simam</strong></span> <span class='ocrx_word' id='word_1_707' title='bbox 717 4883 771 4929; x_wconf 91' lang='lat' dir='ltr'><strong>et</strong></span> <span class='ocrx_word' id='word_1_708' title='bbox 791 4873 1025 4927; x_wconf 83' lang='lat' dir='ltr'><strong>ltalicam</strong></span> <span class='ocrx_word' id='word_1_709' title='bbox 1055 4873 1426 4927; x_wconf 88' lang='lat' dir='ltr'><strong>collectionem</strong></span> <span class='ocrx_word' id='word_1_710' title='bbox 1452 4873 1748 4939; x_wconf 84' lang='lat' dir='ltr'><strong>pertineat;</strong></span> <span class='ocrx_word' id='word_1_711' title='bbox 1778 4888 1839 4925; x_wconf 77' lang='lat' dir='ltr'><strong>es</strong></span> <span class='ocrx_word' id='word_1_712' title='bbox 1871 4889 1971 4939; x_wconf 81' lang='lat' dir='ltr'><strong>qua</strong></span> <span class='ocrx_word' id='word_1_713' title='bbox 2002 4884 2080 4925; x_wconf 85' lang='lat' dir='ltr'><strong>ta-</strong></span> 
     </span>
    </p>
   </div>
   <div class='ocr_carea' id='block_1_96' title="bbox 506 4941 2081 5005">
    <p class='ocr_par' dir='ltr' id='par_1_96' title="bbox 506 4941 2081 5005">
     <span class='ocr_line' id='line_1_96' title="bbox 506 4941 2081 5005; baseline 0 -7"><span class='ocrx_word' id='word_1_714' title='bbox 506 4959 627 4999; x_wconf 86' lang='lat' dir='ltr'><strong>men</strong></span> <span class='ocrx_word' id='word_1_715' title='bbox 656 4953 895 4999; x_wconf 88' lang='lat' dir='ltr'><strong>nostrum</strong></span> <span class='ocrx_word' id='word_1_716' title='bbox 919 4942 1261 4997; x_wconf 86' lang='lat' dir='ltr'><strong>eollectorem</strong></span> <span class='ocrx_word' id='word_1_717' title='bbox 1286 4956 1546 4996; x_wconf 86' lang='lat' dir='ltr'><strong>canonum</strong></span> <span class='ocrx_word' id='word_1_718' title='bbox 1569 4941 1916 5005; x_wconf 81' lang='lat' dir='ltr'><strong>divisionem,</strong></span> <span class='ocrx_word' id='word_1_719' title='bbox 1942 4945 2081 4998; x_wconf 81' lang='lat' dir='ltr'><strong>sicut</strong></span> 
     </span>
    </p>
   </div>
   <div class='ocr_carea' id='block_1_97' title="bbox 506 5012 2075 5079">
    <p class='ocr_par' dir='ltr' id='par_1_97' title="bbox 506 5012 2075 5079">
     <span class='ocr_line' id='line_1_97' title="bbox 506 5012 2075 5079; baseline 0.002 -14"><span class='ocrx_word' id='word_1_720' title='bbox 506 5025 561 5069; x_wconf 79' lang='lat' dir='ltr'><strong>et</strong></span> <span class='ocrx_word' id='word_1_721' title='bbox 614 5015 715 5068; x_wconf 85' lang='lat' dir='ltr'><strong>alia</strong></span> <span class='ocrx_word' id='word_1_722' title='bbox 758 5013 1009 5067; x_wconf 85' lang='lat' dir='ltr'><strong>nonnulla</strong></span> <span class='ocrx_word' id='word_1_723' title='bbox 1036 5052 1054 5079; x_wconf 88' lang='lat'><strong>,</strong></span> <span class='ocrx_word' id='word_1_724' title='bbox 1085 5014 1361 5068; x_wconf 82' lang='lat' dir='ltr'><strong>derivasse</strong></span> <span class='ocrx_word' id='word_1_725' title='bbox 1386 5054 1400 5073; x_wconf 87' lang='lat'><strong>.</strong></span> <span class='ocrx_word' id='word_1_726' title='bbox 1425 5012 1768 5068; x_wconf 83' lang='lat' dir='ltr'><strong>Ostendemus</strong></span> <span class='ocrx_word' id='word_1_727' title='bbox 1801 5022 1910 5067; x_wconf 90' lang='lat' dir='ltr'><strong>not.</strong></span> <span class='ocrx_word' id='word_1_728' title='bbox 1953 5014 1975 5066; x_wconf 81' lang='grc'><strong>1</strong></span> <span class='ocrx_word' id='word_1_729' title='bbox 2008 5014 2075 5068; x_wconf 86' lang='lat' dir='ltr'><strong>ad</strong></span> 
     </span>
    </p>
   </div>
   <div class='ocr_carea' id='block_1_98' title="bbox 504 5079 1597 5140">
    <p class='ocr_par' dir='ltr' id='par_1_98' title="bbox 504 5079 1597 5140">
     <span class='ocr_line' id='line_1_98' title="bbox 504 5079 1597 5140; baseline -0.006 -1"><span class='ocrx_word' id='word_1_730' title='bbox 504 5102 625 5140; x_wconf 78' lang='lat' dir='ltr'><strong>can.</strong></span> <span class='ocrx_word' id='word_1_731' title='bbox 656 5088 677 5139; x_wconf 80' lang='grc' dir='ltr'><strong>ι</strong></span> <span class='ocrx_word' id='word_1_732' title='bbox 703 5084 1001 5139; x_wconf 73' lang='lat' dir='ltr'><strong>Nicmnum.</strong></span> <span class='ocrx_word' id='word_1_733' title='bbox 1570 5079 1597 5090; x_wconf 76' lang='grc'><em>⁴’</em></span> 
     </span>
    </p>
   </div>
   <div class='ocr_carea' id='block_1_99' title="bbox 575 5151 2077 5223">
    <p class='ocr_par' dir='ltr' id='par_1_99' title="bbox 575 5151 2077 5223">
     <span class='ocr_line' id='line_1_99' title="bbox 575 5151 2077 5223; baseline -0.001 -16"><span class='ocrx_word' id='word_1_734' title='bbox 575 5156 601 5193; x_wconf 75' lang='grc' dir='ltr'>δ</span> <span class='ocrx_word' id='word_1_735' title='bbox 628 5155 946 5223; x_wconf 82' lang='lat' dir='ltr'><strong>Quesnellus</strong></span> <span class='ocrx_word' id='word_1_736' title='bbox 974 5170 988 5206; x_wconf 90' lang='lat'><strong>:</strong></span> <span class='ocrx_word' id='word_1_737' title='bbox 1021 5151 1291 5222; x_wconf 71' lang='lat' dir='ltr'><strong>Expositio</strong></span> <span class='ocrx_word' id='word_1_738' title='bbox 1327 5153 1450 5222; x_wconf 86' lang='lat' dir='ltr'><strong>ﬁdei</strong></span> <span class='ocrx_word' id='word_1_739' title='bbox 1480 5152 1731 5218; x_wconf 70' lang='lat' dir='ltr'><strong>Nicmnar,</strong></span> <span class='ocrx_word' id='word_1_740' title='bbox 1754 5163 1799 5207; x_wconf 87' lang='lat' dir='ltr'><strong>et</strong></span> <span class='ocrx_word' id='word_1_741' title='bbox 1828 5170 1926 5223; x_wconf 85' lang='lat' dir='ltr'><strong>quo</strong></span> <span class='ocrx_word' id='word_1_742' title='bbox 1952 5163 2077 5207; x_wconf 82' lang='lat' dir='ltr'><strong>tem-</strong></span> 
     </span>
    </p>
   </div>
   <div class='ocr_carea' id='block_1_100' title="bbox 501 5225 2078 5296">
    <p class='ocr_par' dir='ltr' id='par_1_100' title="bbox 501 5225 2078 5296">
     <span class='ocr_line' id='line_1_100' title="bbox 501 5225 2078 5296; baseline -0.001 -16"><span class='ocrx_word' id='word_1_743' title='bbox 501 5243 627 5296; x_wconf 77' lang='lat' dir='ltr'><strong>pore</strong></span> <span class='ocrx_word' id='word_1_744' title='bbox 677 5227 877 5279; x_wconf 82' lang='lat' dir='ltr'><strong>habitus</strong></span> <span class='ocrx_word' id='word_1_745' title='bbox 903 5225 969 5280; x_wconf 87' lang='lat' dir='ltr'><strong>sit</strong></span> <span class='ocrx_word' id='word_1_746' title='bbox 995 5235 1267 5296; x_wconf 83' lang='lat' dir='ltr'><strong>conventus</strong></span> <span class='ocrx_word' id='word_1_747' title='bbox 1288 5264 1301 5284; x_wconf 91' lang='lat'><strong>.</strong></span> <span class='ocrx_word' id='word_1_748' title='bbox 1342 5235 1389 5278; x_wconf 89' lang='lat' dir='ltr'><strong>et</strong></span> <span class='ocrx_word' id='word_1_749' title='bbox 1442 5226 1648 5277; x_wconf 88' lang='lat' dir='ltr'><strong>nomina</strong></span> <span class='ocrx_word' id='word_1_750' title='bbox 1681 5225 2034 5293; x_wconf 63' lang='lat' dir='ltr'><strong>episcoporum</strong></span> <span class='ocrx_word' id='word_1_751' title='bbox 2057 5241 2078 5278; x_wconf 84' lang='lat'><strong>.&#39;</strong></span> 
     </span>
    </p>
   </div>
   <div class='ocr_carea' id='block_1_101' title="bbox 506 5294 2074 5365">
    <p class='ocr_par' dir='ltr' id='par_1_101' title="bbox 506 5294 2074 5365">
     <span class='ocr_line' id='line_1_101' title="bbox 506 5294 2074 5365; baseline 0.001 -20"><span class='ocrx_word' id='word_1_752' title='bbox 506 5294 593 5350; x_wconf 82' lang='lat' dir='ltr'><strong>ubi</strong></span> <span class='ocrx_word' id='word_1_753' title='bbox 625 5298 783 5350; x_wconf 75' lang='lat' dir='ltr'><strong>verba</strong></span> <span class='ocrx_word' id='word_1_754' title='bbox 812 5313 910 5365; x_wconf 87' lang='lat' dir='ltr'><strong>quo</strong></span> <span class='ocrx_word' id='word_1_755' title='bbox 948 5305 1175 5363; x_wconf 84' lang='lat' dir='ltr'><strong>tempore</strong></span> <span class='ocrx_word' id='word_1_756' title='bbox 1202 5294 1404 5348; x_wconf 82' lang='lat' dir='ltr'><strong>habitus</strong></span> <span class='ocrx_word' id='word_1_757' title='bbox 1430 5296 1494 5348; x_wconf 88' lang='lat' dir='ltr'><strong>si!</strong></span> <span class='ocrx_word' id='word_1_758' title='bbox 1525 5305 1798 5348; x_wconf 82' lang='lat' dir='ltr'><strong>conventus</strong></span> <span class='ocrx_word' id='word_1_759' title='bbox 1828 5296 1928 5349; x_wconf 86' lang='lat' dir='ltr'><strong>hoc</strong></span> <span class='ocrx_word' id='word_1_760' title='bbox 1957 5296 2074 5349; x_wconf 82' lang='lat' dir='ltr'><strong>loco</strong></span> 
     </span>
    </p>
   </div>
   <div class='ocr_carea' id='block_1_102' title="bbox 505 5365 2073 5436">
    <p class='ocr_par' dir='ltr' id='par_1_102' title="bbox 505 5365 2073 5436">
     <span class='ocr_line' id='line_1_102' title="bbox 505 5365 2073 5436; baseline 0.001 -18"><span class='ocrx_word' id='word_1_761' title='bbox 505 5368 679 5436; x_wconf 86' lang='lat' dir='ltr'><strong>inepta</strong></span> <span class='ocrx_word' id='word_1_762' title='bbox 707 5368 982 5432; x_wconf 84' lang='lat' dir='ltr'><strong>videntur;</strong></span> <span class='ocrx_word' id='word_1_763' title='bbox 1016 5375 1226 5436; x_wconf 87' lang='lat' dir='ltr'><strong>tempus</strong></span> <span class='ocrx_word' id='word_1_764' title='bbox 1253 5365 1396 5420; x_wconf 88' lang='lat' dir='ltr'><strong>enim</strong></span> <span class='ocrx_word' id='word_1_765' title='bbox 1425 5367 1613 5436; x_wconf 81' lang='lat' dir='ltr'><strong>synodi</strong></span> <span class='ocrx_word' id='word_1_766' title='bbox 1646 5369 1696 5436; x_wconf 90' lang='lat' dir='ltr'><strong>in</strong></span> <span class='ocrx_word' id='word_1_767' title='bbox 1736 5366 2073 5436; x_wconf 73' lang='lat' dir='ltr'><strong>antecedenti</strong></span> 
     </span>
    </p>
   </div>
   <div class='ocr_carea' id='block_1_103' title="bbox 504 5434 2069 5505">
    <p class='ocr_par' dir='ltr' id='par_1_103' title="bbox 504 5434 2069 5505">
     <span class='ocr_line' id='line_1_103' title="bbox 504 5434 2069 5505; baseline 0.002 -18"><span class='ocrx_word' id='word_1_768' title='bbox 504 5435 813 5504; x_wconf 72' lang='lat' dir='ltr'><strong>prtclatione</strong></span> <span class='ocrx_word' id='word_1_769' title='bbox 832 5438 1161 5505; x_wconf 79' lang='lat' dir='ltr'><strong>designatur.</strong></span> <span class='ocrx_word' id='word_1_770' title='bbox 1178 5435 1311 5490; x_wconf 84' lang='lat' dir='ltr'><strong>llinc</strong></span> <span class='ocrx_word' id='word_1_771' title='bbox 1341 5434 1507 5490; x_wconf 74' lang='lat' dir='ltr'><strong>nostri</strong></span> <span class='ocrx_word' id='word_1_772' title='bbox 1538 5435 1737 5489; x_wconf 87' lang='lat' dir='ltr'><strong>codicis</strong></span> <span class='ocrx_word' id='word_1_773' title='bbox 1769 5434 2069 5490; x_wconf 77' lang='lat' dir='ltr'><strong>\‘indebon.</strong></span> 
     </span>
    </p>
   </div>
   <div class='ocr_carea' id='block_1_104' title="bbox 420 5505 2072 5574">
    <p class='ocr_par' dir='ltr' id='par_1_104' title="bbox 420 5505 2072 5574">
     <span class='ocr_line' id='line_1_104' title="bbox 420 5505 2072 5574; baseline 0.002 -17"><span class='ocrx_word' id='word_1_774' title='bbox 420 5515 427 5520; x_wconf 84' lang='lat'>&#39;</span> <span class='ocrx_word' id='word_1_775' title='bbox 502 5506 786 5562; x_wconf 86' lang='lat' dir='ltr'><strong>lectionem</strong></span> <span class='ocrx_word' id='word_1_776' title='bbox 819 5508 1167 5574; x_wconf 67' lang='lat' dir='ltr'><strong>prmtulimns.</strong></span> <span class='ocrx_word' id='word_1_777' title='bbox 1198 5506 1255 5560; x_wconf 92' lang='lat' dir='ltr'><strong>In</strong></span> <span class='ocrx_word' id='word_1_778' title='bbox 1289 5523 1385 5559; x_wconf 67' lang='lat' dir='ltr'><strong>ms.</strong></span> <span class='ocrx_word' id='word_1_779' title='bbox 1405 5505 1622 5574; x_wconf 84' lang='lat' dir='ltr'><strong>capituli</strong></span> <span class='ocrx_word' id='word_1_780' title='bbox 1649 5506 1968 5560; x_wconf 79' lang='lat' dir='ltr'><strong>Veronensis</strong></span> <span class='ocrx_word' id='word_1_781' title='bbox 1982 5508 2072 5569; x_wconf 83' lang='lat'><strong>58,</strong></span> 
     </span>
    </p>
   </div>
   <div class='ocr_carea' id='block_1_105' title="bbox 502 5575 2071 5645">
    <p class='ocr_par' dir='ltr' id='par_1_105' title="bbox 502 5575 2071 5645">
     <span class='ocr_line' id='line_1_105' title="bbox 502 5575 2071 5645; baseline 0.004 -20"><span class='ocrx_word' id='word_1_782' title='bbox 502 5577 800 5631; x_wconf 80' lang='lat' dir='ltr'><strong>versionem</strong></span> <span class='ocrx_word' id='word_1_783' title='bbox 822 5592 941 5644; x_wconf 74' lang='lat' dir='ltr'><strong>que</strong></span> <span class='ocrx_word' id='word_1_784' title='bbox 970 5580 1132 5645; x_wconf 79' lang='lat' dir='ltr'><strong>vulgo</strong></span> <span class='ocrx_word' id='word_1_785' title='bbox 1168 5575 1458 5630; x_wconf 85' lang='lat' dir='ltr'><strong>lsidoriana</strong></span> <span class='ocrx_word' id='word_1_786' title='bbox 1494 5586 1713 5630; x_wconf 88' lang='lat' dir='ltr'><strong>vocatur</strong></span> <span class='ocrx_word' id='word_1_787' title='bbox 1741 5576 2071 5639; x_wconf 65' lang='lat' dir='ltr'><strong>co‘ntinente.</strong></span> 
     </span>
    </p>
   </div>
   <div class='ocr_carea' id='block_1_106' title="bbox 504 5646 2071 5715">
    <p class='ocr_par' dir='ltr' id='par_1_106' title="bbox 504 5646 2071 5715">
     <span class='ocr_line' id='line_1_106' title="bbox 504 5646 2071 5715; baseline 0 -16"><span class='ocrx_word' id='word_1_788' title='bbox 504 5648 591 5703; x_wconf 68' lang='lat' dir='ltr'><strong>btc</strong></span> <span class='ocrx_word' id='word_1_789' title='bbox 612 5649 794 5700; x_wconf 62' lang='lat' dir='ltr'><strong>titulus</strong></span> <span class='ocrx_word' id='word_1_790' title='bbox 833 5661 952 5699; x_wconf 88' lang='lat' dir='ltr'><strong>cum</strong></span> <span class='ocrx_word' id='word_1_791' title='bbox 982 5656 1169 5700; x_wconf 72' lang='lat' dir='ltr'><strong>exacta</strong></span> <span class='ocrx_word' id='word_1_792' title='bbox 1201 5647 1474 5700; x_wconf 87' lang='lat' dir='ltr'><strong>notatione</strong></span> <span class='ocrx_word' id='word_1_793' title='bbox 1499 5646 1758 5715; x_wconf 89' lang='lat' dir='ltr'><strong>temporis</strong></span> <span class='ocrx_word' id='word_1_794' title='bbox 1778 5646 2071 5714; x_wconf 84' lang='lat' dir='ltr'><strong>profertur,</strong></span> 
     </span>
    </p>
   </div>
   <div class='ocr_carea' id='block_1_107' title="bbox 501 5714 2073 5786">
    <p class='ocr_par' dir='ltr' id='par_1_107' title="bbox 501 5714 2073 5786">
     <span class='ocr_line' id='line_1_107' title="bbox 501 5714 2073 5786; baseline -0.002 -16"><span class='ocrx_word' id='word_1_795' title='bbox 501 5719 578 5772; x_wconf 74' lang='lat' dir='ltr'><strong>sic</strong></span> <span class='ocrx_word' id='word_1_796' title='bbox 612 5739 624 5768; x_wconf 91' lang='lat'>:</span> <span class='ocrx_word' id='word_1_797' title='bbox 661 5714 851 5786; x_wconf 65' lang='lat' dir='ltr'><strong>incipit</strong></span> <span class='ocrx_word' id='word_1_798' title='bbox 895 5714 1019 5783; x_wconf 86' lang='lat' dir='ltr'><strong>ﬁdei</strong></span> <span class='ocrx_word' id='word_1_799' title='bbox 1056 5717 1305 5786; x_wconf 60' lang='lat' dir='ltr'><strong>exposito</strong></span> <span class='ocrx_word' id='word_1_800' title='bbox 1352 5714 1727 5786; x_wconf 77' lang='lat' dir='ltr'><strong>conciltiquod</strong></span> <span class='ocrx_word' id='word_1_801' title='bbox 1778 5717 1970 5786; x_wconf 67' lang='lat' dir='ltr'><strong>factum</strong></span> <span class='ocrx_word' id='word_1_802' title='bbox 1999 5728 2073 5769; x_wconf 84' lang='lat' dir='ltr'><strong>est</strong></span> 
     </span>
    </p>
   </div>
   <div class='ocr_carea' id='block_1_108' title="bbox 500 5784 2072 5856">
    <p class='ocr_par' dir='ltr' id='par_1_108' title="bbox 500 5784 2072 5856">
     <span class='ocr_line' id='line_1_108' title="bbox 500 5784 2072 5856; baseline 0.001 -18"><span class='ocrx_word' id='word_1_803' title='bbox 500 5785 639 5853; x_wconf 65' lang='lat' dir='ltr'><strong>apud</strong></span> <span class='ocrx_word' id='word_1_804' title='bbox 660 5784 895 5840; x_wconf 73' lang='lat' dir='ltr'><strong>Nica&#39;am</strong></span> <span class='ocrx_word' id='word_1_805' title='bbox 922 5784 1238 5845; x_wconf 77' lang='lat' dir='ltr'><strong>metrOpoliin</strong></span> <span class='ocrx_word' id='word_1_806' title='bbox 1266 5784 1539 5856; x_wconf 61' lang='lat' dir='ltr'><strong>Bithynice,</strong></span> <span class='ocrx_word' id='word_1_807' title='bbox 1558 5784 1785 5840; x_wconf 81' lang='lat' dir='ltr'><strong>Paulino</strong></span> <span class='ocrx_word' id='word_1_808' title='bbox 1799 5795 1844 5840; x_wconf 90' lang='lat' dir='ltr'><strong>et</strong></span> <span class='ocrx_word' id='word_1_809' title='bbox 1861 5784 2072 5839; x_wconf 71' lang='lat' dir='ltr'><strong>Iuliano</strong></span> 
     </span>
    </p>
   </div>
   <div class='ocr_carea' id='block_1_109' title="bbox 2188 4872 3688 4931">
    <p class='ocr_par' dir='ltr' id='par_1_109' title="bbox 2188 4872 3688 4931">
     <span class='ocr_line' id='line_1_109' title="bbox 2188 4872 3688 4931; baseline 0.001 -4"><span class='ocrx_word' id='word_1_810' title='bbox 2188 4888 2252 4927; x_wconf 77' lang='lat' dir='ltr'><strong>ex</strong></span> <span class='ocrx_word' id='word_1_811' title='bbox 2283 4874 2390 4926; x_wconf 88' lang='lat' dir='ltr'><strong>alio</strong></span> <span class='ocrx_word' id='word_1_812' title='bbox 2416 4872 2778 4928; x_wconf 85' lang='lat' dir='ltr'><strong>vetustissimo</strong></span> <span class='ocrx_word' id='word_1_813' title='bbox 2804 4873 2990 4927; x_wconf 91' lang='lat' dir='ltr'><strong>codice</strong></span> <span class='ocrx_word' id='word_1_814' title='bbox 3025 4872 3317 4928; x_wconf 51' lang='lat' dir='ltr'><strong>Veronen‘si</strong></span> <span class='ocrx_word' id='word_1_815' title='bbox 3348 4876 3417 4931; x_wconf 80' lang='lat'><strong>55</strong></span> <span class='ocrx_word' id='word_1_816' title='bbox 3446 4872 3688 4929; x_wconf 89' lang='lat' dir='ltr'><strong>edemus.</strong></span> 
     </span>
    </p>
   </div>
   <div class='ocr_carea' id='block_1_110' title="bbox 2256 4943 3753 5013">
    <p class='ocr_par' dir='ltr' id='par_1_110' title="bbox 2256 4943 3753 5013">
     <span class='ocr_line' id='line_1_110' title="bbox 2256 4943 3753 5013; baseline -0.001 -16"><span class='ocrx_word' id='word_1_817' title='bbox 2256 4953 2284 4989; x_wconf 77' lang='lat'><strong>8</strong></span> <span class='ocrx_word' id='word_1_818' title='bbox 2312 4943 2427 4997; x_wconf 84' lang='lat' dir='ltr'><strong>Non</strong></span> <span class='ocrx_word' id='word_1_819' title='bbox 2462 4945 2607 4998; x_wconf 90' lang='lat' dir='ltr'><strong>solos</strong></span> <span class='ocrx_word' id='word_1_820' title='bbox 2648 4943 2893 4996; x_wconf 70' lang='lat' dir='ltr'><strong>Nic’mnos</strong></span> <span class='ocrx_word' id='word_1_821' title='bbox 2927 4958 3193 5009; x_wconf 88' lang='lat' dir='ltr'><strong>canones,</strong></span> <span class='ocrx_word' id='word_1_822' title='bbox 3231 4945 3323 4998; x_wconf 85' lang='lat' dir='ltr'><strong>sed</strong></span> <span class='ocrx_word' id='word_1_823' title='bbox 3364 4955 3420 4999; x_wconf 90' lang='lat' dir='ltr'><strong>et</strong></span> <span class='ocrx_word' id='word_1_824' title='bbox 3459 4944 3753 5013; x_wconf 82' lang='lat' dir='ltr'><strong>symbolum</strong></span> 
     </span>
    </p>
   </div>
   <div class='ocr_carea' id='block_1_111' title="bbox 2184 5013 3756 5084">
    <p class='ocr_par' dir='ltr' id='par_1_111' title="bbox 2184 5013 3756 5084">
     <span class='ocr_line' id='line_1_111' title="bbox 2184 5013 3756 5084; baseline -0.001 -17"><span class='ocrx_word' id='word_1_825' title='bbox 2184 5014 2387 5083; x_wconf 89' lang='lat' dir='ltr'><strong>antiqui</strong></span> <span class='ocrx_word' id='word_1_826' title='bbox 2413 5015 2734 5084; x_wconf 87' lang='lat' dir='ltr'><strong>interpretes</strong></span> <span class='ocrx_word' id='word_1_827' title='bbox 2761 5013 3041 5084; x_wconf 80' lang='lat' dir='ltr'><strong>reddidere</strong></span> <span class='ocrx_word' id='word_1_828' title='bbox 3061 5015 3394 5069; x_wconf 83' lang='lat' dir='ltr'><strong>versionibus</strong></span> <span class='ocrx_word' id='word_1_829' title='bbox 3414 5014 3664 5081; x_wconf 82' lang='lat' dir='ltr'><strong>diversis,</strong></span> <span class='ocrx_word' id='word_1_830' title='bbox 3689 5015 3756 5067; x_wconf 91' lang='lat' dir='ltr'><strong>uti</strong></span> 
     </span>
    </p>
   </div>
   <div class='ocr_carea' id='block_1_112' title="bbox 2129 5083 3753 5152">
    <p class='ocr_par' dir='ltr' id='par_1_112' title="bbox 2129 5083 3753 5152">
     <span class='ocr_line' id='line_1_112' title="bbox 2129 5083 3753 5152; baseline -0.002 -14"><span class='ocrx_word' id='word_1_831' title='bbox 2129 5129 2140 5143; x_wconf 92' lang='lat'><strong>.</strong></span> <span class='ocrx_word' id='word_1_832' title='bbox 2183 5100 2247 5138; x_wconf 81' lang='lat' dir='ltr'><strong>ex</strong></span> <span class='ocrx_word' id='word_1_833' title='bbox 2281 5099 2410 5137; x_wconf 88' lang='lat' dir='ltr'><strong>mss.</strong></span> <span class='ocrx_word' id='word_1_834' title='bbox 2444 5084 2771 5137; x_wconf 81' lang='lat' dir='ltr'><strong>diversarum</strong></span> <span class='ocrx_word' id='word_1_835' title='bbox 2810 5083 3184 5137; x_wconf 90' lang='lat' dir='ltr'><strong>collectionum</strong></span> <span class='ocrx_word' id='word_1_836' title='bbox 3218 5086 3616 5152; x_wconf 76' lang='lat' dir='ltr'><strong>exemplaribus</strong></span> <span class='ocrx_word' id='word_1_837' title='bbox 3648 5086 3753 5137; x_wconf 88' lang='lat' dir='ltr'><strong>Dio-</strong></span> 
     </span>
    </p>
   </div>
   <div class='ocr_carea' id='block_1_113' title="bbox 2183 5152 3751 5224">
    <p class='ocr_par' dir='ltr' id='par_1_113' title="bbox 2183 5152 3751 5224">
     <span class='ocr_line' id='line_1_113' title="bbox 2183 5152 3751 5224; baseline -0.001 -16"><span class='ocrx_word' id='word_1_838' title='bbox 2183 5152 3751 5224; x_wconf 67' lang='lat' dir='ltr'><strong>nysiano—lladrianemNaticantechinze,lsidorianm,etc.,</strong></span> 
     </span>
    </p>
   </div>
   <div class='ocr_carea' id='block_1_114' title="bbox 2182 5223 3753 5294">
    <p class='ocr_par' dir='ltr' id='par_1_114' title="bbox 2182 5223 3753 5294">
     <span class='ocr_line' id='line_1_114' title="bbox 2182 5223 3753 5294; baseline -0.003 -15"><span class='ocrx_word' id='word_1_839' title='bbox 2182 5225 2650 5294; x_wconf 84' lang='lat' dir='ltr'><strong>deprehendimus.</strong></span> <span class='ocrx_word' id='word_1_840' title='bbox 2685 5226 2813 5290; x_wconf 68' lang='lat' dir='ltr'><strong>Quae</strong></span> <span class='ocrx_word' id='word_1_841' title='bbox 2854 5233 3028 5277; x_wconf 80' lang='lat' dir='ltr'><strong>tamen</strong></span> <span class='ocrx_word' id='word_1_842' title='bbox 3059 5223 3335 5279; x_wconf 82' lang='lat' dir='ltr'><strong>versiones</strong></span> <span class='ocrx_word' id='word_1_843' title='bbox 3360 5240 3480 5279; x_wconf 89' lang='lat' dir='ltr'><strong>cum</strong></span> <span class='ocrx_word' id='word_1_844' title='bbox 3507 5223 3562 5277; x_wconf 87' lang='lat' dir='ltr'><strong>in</strong></span> <span class='ocrx_word' id='word_1_845' title='bbox 3592 5226 3753 5277; x_wconf 89' lang='lat' dir='ltr'><strong>mini-</strong></span> 
     </span>
    </p>
   </div>
   <div class='ocr_carea' id='block_1_115' title="bbox 2183 5293 3757 5364">
    <p class='ocr_par' dir='ltr' id='par_1_115' title="bbox 2183 5293 3757 5364">
     <span class='ocr_line' id='line_1_115' title="bbox 2183 5293 3757 5364; baseline -0.001 -16"><span class='ocrx_word' id='word_1_846' title='bbox 2183 5293 2285 5348; x_wconf 81' lang='lat' dir='ltr'><strong>mis</strong></span> <span class='ocrx_word' id='word_1_847' title='bbox 2299 5295 2514 5348; x_wconf 89' lang='lat' dir='ltr'><strong>vocibus</strong></span> <span class='ocrx_word' id='word_1_848' title='bbox 2528 5293 2796 5361; x_wconf 78' lang='lat' dir='ltr'><strong>diﬁeraut,</strong></span> <span class='ocrx_word' id='word_1_849' title='bbox 2830 5308 2858 5345; x_wconf 90' lang='lat' dir='ltr'><strong>a</strong></span> <span class='ocrx_word' id='word_1_850' title='bbox 2887 5294 3153 5362; x_wconf 64' lang='lat' dir='ltr'><strong>plerisque</strong></span> <span class='ocrx_word' id='word_1_851' title='bbox 3174 5296 3469 5349; x_wconf 87' lang='lat' dir='ltr'><strong>editoribus</strong></span> <span class='ocrx_word' id='word_1_852' title='bbox 3499 5295 3601 5348; x_wconf 89' lang='lat' dir='ltr'><strong>hoe</strong></span> <span class='ocrx_word' id='word_1_853' title='bbox 3615 5309 3757 5364; x_wconf 84' lang='lat' dir='ltr'><strong>sym-</strong></span> 
     </span>
    </p>
   </div>
   <div class='ocr_carea' id='block_1_116' title="bbox 2182 5364 3756 5420">
    <p class='ocr_par' dir='ltr' id='par_1_116' title="bbox 2182 5364 3756 5420">
     <span class='ocr_line' id='line_1_116' title="bbox 2182 5364 3756 5420; baseline -0.001 -1"><span class='ocrx_word' id='word_1_854' title='bbox 2182 5365 2365 5419; x_wconf 86' lang='lat' dir='ltr'><strong>bolum</strong></span> <span class='ocrx_word' id='word_1_855' title='bbox 2388 5367 2643 5419; x_wconf 88' lang='lat' dir='ltr'><strong>omissum</strong></span> <span class='ocrx_word' id='word_1_856' title='bbox 2669 5365 2784 5417; x_wconf 79' lang='lat' dir='ltr'><strong>fuit.</strong></span> <span class='ocrx_word' id='word_1_857' title='bbox 2814 5365 2915 5418; x_wconf 77' lang='lat' dir='ltr'><strong>Nos</strong></span> <span class='ocrx_word' id='word_1_858' title='bbox 2932 5365 3195 5418; x_wconf 79' lang='lat' dir='ltr'><strong>variantes</strong></span> <span class='ocrx_word' id='word_1_859' title='bbox 3211 5366 3369 5419; x_wconf 82' lang='lat' dir='ltr'><strong>unius</strong></span> <span class='ocrx_word' id='word_1_860' title='bbox 3386 5364 3756 5420; x_wconf 82' lang='lat' dir='ltr'><strong>Vindcbouen—</strong></span> 
     </span>
    </p>
   </div>
   <div class='ocr_carea' id='block_1_117' title="bbox 2181 5434 3379 5491">
    <p class='ocr_par' dir='ltr' id='par_1_117' title="bbox 2181 5434 3379 5491">
     <span class='ocr_line' id='line_1_117' title="bbox 2181 5434 3379 5491; baseline 0.001 -1"><span class='ocrx_word' id='word_1_861' title='bbox 2181 5436 2255 5490; x_wconf 86' lang='lat' dir='ltr'><strong>sis</strong></span> <span class='ocrx_word' id='word_1_862' title='bbox 2285 5444 2480 5488; x_wconf 68' lang='lat' dir='ltr'><strong>nostrae</strong></span> <span class='ocrx_word' id='word_1_863' title='bbox 2505 5434 2835 5489; x_wconf 71' lang='lat' dir='ltr'><strong>collectionis</strong></span> <span class='ocrx_word' id='word_1_864' title='bbox 2868 5435 2954 5486; x_wconf 89' lang='lat' dir='ltr'><strong>hic</strong></span> <span class='ocrx_word' id='word_1_865' title='bbox 2986 5434 3379 5491; x_wconf 72' lang='lat' dir='ltr'><strong>annotabimus.</strong></span> 
     </span>
    </p>
   </div>
   <div class='ocr_carea' id='block_1_118' title="bbox 2250 5502 3169 5558">
    <p class='ocr_par' dir='ltr' id='par_1_118' title="bbox 2250 5502 3169 5558">
     <span class='ocr_line' id='line_1_118' title="bbox 2250 5502 3169 5558; baseline 0 -1"><span class='ocrx_word' id='word_1_866' title='bbox 2250 5502 2277 5543; x_wconf 71' lang='grc' dir='ltr'>ἀ</span> <span class='ocrx_word' id='word_1_867' title='bbox 2317 5506 2451 5558; x_wconf 86' lang='lat' dir='ltr'><strong>Cod.</strong></span> <span class='ocrx_word' id='word_1_868' title='bbox 2485 5504 2694 5558; x_wconf 87' lang='lat' dir='ltr'><strong>Thuan.</strong></span> <span class='ocrx_word' id='word_1_869' title='bbox 2729 5504 2874 5557; x_wconf 88' lang='lat' dir='ltr'><strong>addit</strong></span> <span class='ocrx_word' id='word_1_870' title='bbox 2897 5506 3169 5557; x_wconf 82' lang='lat' dir='ltr'><strong>credimus.</strong></span> 
     </span>
    </p>
   </div>
   <div class='ocr_carea' id='block_1_119' title="bbox 2255 5572 3756 5642">
    <p class='ocr_par' dir='ltr' id='par_1_119' title="bbox 2255 5572 3756 5642">
     <span class='ocr_line' id='line_1_119' title="bbox 2255 5572 3756 5642; baseline -0.002 -14"><span class='ocrx_word' id='word_1_871' title='bbox 2255 5584 2279 5612; x_wconf 78' lang='grc' dir='ltr'>ε</span> <span class='ocrx_word' id='word_1_872' title='bbox 2322 5575 2393 5628; x_wconf 71' lang='grc' dir='ltr'><strong>Ιιει</strong></span> <span class='ocrx_word' id='word_1_873' title='bbox 2428 5589 2494 5629; x_wconf 76' lang='lat' dir='ltr'><strong>ex</strong></span> <span class='ocrx_word' id='word_1_874' title='bbox 2531 5590 2661 5628; x_wconf 43' lang='lat' dir='ltr'><strong>mss.</strong></span> <span class='ocrx_word' id='word_1_875' title='bbox 2694 5574 2903 5628; x_wconf 84' lang='lat' dir='ltr'><strong>Tuuan.</strong></span> <span class='ocrx_word' id='word_1_876' title='bbox 2938 5588 3002 5628; x_wconf 90' lang='lat' dir='ltr'><strong>ae</strong></span> <span class='ocrx_word' id='word_1_877' title='bbox 3034 5573 3333 5630; x_wconf 76' lang='lat' dir='ltr'><strong>Vindebon.</strong></span> <span class='ocrx_word' id='word_1_878' title='bbox 3357 5572 3674 5642; x_wconf 86' lang='lat' dir='ltr'><strong>Quesnellus</strong></span> <span class='ocrx_word' id='word_1_879' title='bbox 3705 5572 3756 5625; x_wconf 91' lang='lat' dir='ltr'><strong>in</strong></span> 
     </span>
    </p>
   </div>
   <div class='ocr_carea' id='block_1_120' title="bbox 2183 5643 3755 5710">
    <p class='ocr_par' dir='ltr' id='par_1_120' title="bbox 2183 5643 3755 5710">
     <span class='ocr_line' id='line_1_120' title="bbox 2183 5643 3755 5710; baseline -0.002 -13"><span class='ocrx_word' id='word_1_880' title='bbox 2183 5654 2329 5699; x_wconf 75' lang='lat' dir='ltr'><strong>testu</strong></span> <span class='ocrx_word' id='word_1_881' title='bbox 2361 5646 2579 5699; x_wconf 90' lang='lat' dir='ltr'><strong>retinuit</strong></span> <span class='ocrx_word' id='word_1_882' title='bbox 2611 5644 2957 5707; x_wconf 74' lang='lat' dir='ltr'><strong>existentibus,</strong></span> <span class='ocrx_word' id='word_1_883' title='bbox 2986 5659 3107 5698; x_wconf 91' lang='lat' dir='ltr'><strong>cum</strong></span> <span class='ocrx_word' id='word_1_884' title='bbox 3133 5645 3309 5700; x_wconf 84' lang='lat' dir='ltr'><strong>Oxon.</strong></span> <span class='ocrx_word' id='word_1_885' title='bbox 3340 5643 3608 5710; x_wconf 80' lang='lat' dir='ltr'><strong>exemplo.</strong></span> <span class='ocrx_word' id='word_1_886' title='bbox 3638 5643 3755 5695; x_wconf 71' lang='lat' dir='ltr'><strong>Mox</strong></span> 
     </span>
    </p>
   </div>
   <div class='ocr_carea' id='block_1_121' title="bbox 2184 5714 3758 5786">
    <p class='ocr_par' dir='ltr' id='par_1_121' title="bbox 2184 5714 3758 5786">
     <span class='ocr_line' id='line_1_121' title="bbox 2184 5714 3758 5786; baseline -0.006 -14"><span class='ocrx_word' id='word_1_887' title='bbox 2184 5716 2484 5772; x_wconf 82' lang='lat' dir='ltr'><strong>Vindebon.</strong></span> <span class='ocrx_word' id='word_1_888' title='bbox 2514 5715 2832 5786; x_wconf 85' lang='lat' dir='ltr'><strong>omittitqui,</strong></span> <span class='ocrx_word' id='word_1_889' title='bbox 2860 5723 3046 5786; x_wconf 89' lang='lat' dir='ltr'><strong>etpost</strong></span> <span class='ocrx_word' id='word_1_890' title='bbox 3071 5730 3236 5786; x_wconf 88' lang='lat' dir='ltr'><strong>pauca</strong></span> <span class='ocrx_word' id='word_1_891' title='bbox 3270 5714 3758 5771; x_wconf 77' lang='lat' dir='ltr'><strong>babetnmtabitent.</strong></span> 
     </span>
    </p>
   </div>
  </div>
