3888 6182
723 246 955 303 CODEX
995 247 1330 308 CANONL’M
1372 253 1650 312 ECCLES.
1697 257 1779 312 ET
1818 259 2398 320 CthSTlTUTORUM
2436 264 2495 321 S.
2537 267 2731 327 SEDIS
2770 272 3107 336 APOSTOL.

3450 280 3552 345 596

290 374 317 413 α
340 365 581 423 Barbaris
608 376 892 434 castratos,
919 378 943 405 ἰ
967 371 1067 424 iste
1096 382 1404 439 permaneat
1432 374 1485 426 in
1515 374 1679 429 clero.
1713 375 1864 440 Quod
1893 380 1937 439 Α
1978 373 1992 413 ί
2020 379 2158 447 quod
2187 380 2379 435 anima:
2409 392 2600 438 noceat
2631 396 2902 454 peccatum
2928 390 3201 446 inventum
3225 392 3385 451 fuerit
3411 393 3464 452 in
3493 415 3559 455 ea

289 458 333 513 si
355 460 469 527 quis
499 459 847 529 semetipsum
880 464 1315 529 sanusabscidit,
1350 463 1437 518 hic
1466 466 1674 520 etiamsi
1701 476 1784 521 est
1812 468 1862 520 in

284 554 441 620 clero,
462 567 675 609 cessare
696 554 886 621 debet;
918 564 971 611 et
1001 572 1069 611 ex
1102 556 1206 613 hoc
1229 558 1390 613 talem
1421 558 1627 628 nullum
1653 569 1865 629 oportet

285 646 533 701 erdinari.
566 645 717 702 Sicut
741 662 870 717 ergo
892 648 958 703 de
986 649 1069 704 bis
1094 650 1185 719 qui
1206 649 1613 713 allectaveruut.
1636 652 1720 705 vel
1749 654 1863 707 ausi

284 747 400 792 sunt
442 737 647 807 seipsos
697 738 1010 805 abscidere,
1060 739 1178 795 haec
1223 756 1343 812 qua:
1388 741 1621 797 diximus
1666 749 1862 797 statuta

285 842 432 891 sunt;
464 833 530 885 ita
553 832 597 886 si
618 830 836 903 hsqui
866 833 946 889 vel
975 848 1004 887 a
1034 833 1283 889 Barbaris
1311 834 1399 889 vel
1430 849 1459 888 a
1490 835 1721 891 dominis
1751 836 1863 891 suis

284 924 502 979 eunuchi
535 924 658 979 laeti
688 936 836 991 sunt,
866 936 918 981 et
949 926 1241 995 probablis
1271 928 1393 982 vitae
1419 936 1564 998 sunt,
1596 927 1696 984 hos
1729 929 1863 985 tales

285 1014 310 1052 δ
332 1016 548 1086 suscipit
572 1016 937 1072 ecclesiastica
968 1018 1171 1089 regula.

288 1131 396 1186 'i‘t'r.
430 1130 513 1187 III.
561 1133 640 1187 De
672 1144 693 1205 ς
723 1133 1181 1205 neopliytisAneque
1207 1133 1723 1205 presbyteros_neque
1753 1134 1855 1205 epi‘

449 1220 626 1275 scapos
658 1201 927 1265 faciendis.
960 1201 1115 1272 (Can.
1137 1203 1174 1257 2
1200 1201 1420 1274 Dionys.
1452 1215 1497 1274 et
1523 1202 1684 1274 Isid.)

353 1299 603 1365 Quoniam
645 1299 814 1352 multa
847 1298 959 1352 sive
1002 1312 1099 1366 per
1129 1298 1536 1364 necessitatem,
1581 1296 1700 1352 sive
1731 1296 1861 1351 alias

293 1389 585 1460 rogen'ibus
612 1388 920 1444 hominibus
946 1398 1134 1443 contra
1163 1388 1587 1445 ecclesiasticam
1618 1389 1858 1459 regulam

295 1478 318 1516 δ
342 1494 472 1551 chta
505 1490 657 1545 sunt;
704 1480 779 1535 ita
812 1489 869 1534 ut
905 1480 1152 1536 homines
1182 1496 1249 1536 ex
1276 1481 1386 1535 vita
1415 1480 1603 1550 gentili
1638 1491 1659 1518 ι’
1692 1496 1863 1551 nuper

301 1575 593 1629 accedentes
641 1573 753 1645 49
798 1574 863 1630 ad
909 1574 1112 1640 Iidem,
1168 1583 1225 1629 et
1268 1575 1358 1643 qui
1405 1590 1569 1644 parvo
1618 1584 1861 1643 tempore

302 1664 584 1720 catecbizati
619 1667 703 1719 vel
734 1665 982 1719 instructi
1012 1663 1242 1729 fuerant,
1278 1666 1459 1719 statim
1496 1664 1562 1720 ad
1602 1665 1857 1735 Spiritua-

1970 482 2234 536 persoua,
2280 481 2332 524 et
2374 473 2712 529 convincitur
2737 477 2946 534 duobus
2977 482 3059 536 vel
3108 483 3280 540 tribus
3311 489 3560 555 testibus,

1966 560 2197 614 cessabit
2226 576 2255 615 a
2287 562 2438 618 clero
2463 566 2554 634 qui
2585 566 2849 635 ejusmodi
2876 584 2978 625 est.

2041 652 2081 704 Τ
2084 668 2155 705 tr.
2198 652 2287 707 IV.
2327 651 2404 708 De
2436 654 2451 705 i
2486 658 2708 797 viridior
2737 676 2911 741 eorum
2946 665 3035 734 qui
3060 674 3236 724 contra
3265 686 3483 728 canones

2674 744 2885 785 ecertnt.

2674 744 2885 785 ecertnt.

2034 812 2091 867 Si
2122 814 2242 883 quis
2272 829 2399 871 vero
2426 826 2623 887 praeter
2653 819 2768 877 haec
2799 823 2954 889 facit,
2999 836 3247 897 tanquam
3285 836 3556 891 contraria

1954 901 2178 960 statutis
2208 905 2365 975 hujus
2394 910 2564 964 sancti
2595 913 2805 968 concilii
2835 930 3061 985 gerens,
3095 922 3256 977 etiam
3291 924 3403 994 ipse
3434 925 3459 963 ιι
3491 928 3559 983 de

1961 1007 2102 1053 statu
2131 1000 2216 1054 sui
2243 1000 2448 1056 ordinis
2480 1004 2891 1073 periclitabitur.

2034 1112 2156 1205 'I‘tr.
2180 1113 2253 1205 κν.
2291 1113 2371 1170 De
2400 1113 2419 1154 ι
2447 1121 2746 1187 synesactis.
2778 1121 2935 1192 (Con.
2961 1126 2995 1179 3
3022 1124 3235 1199 Dionys.
3258 1142 3305 1184 et
3330 1130 3488 1205 Isid.)

2034 1204 2366 1260 Qumimodis
2407 1223 2535 1262 vero
2574 1209 2850 1265 interdicit
2879 1226 3061 1269 sancta
3090 1219 3355 1289 synodus,
3386 1204 3558 1292 neque

1959 1294 2215 1384 episcopo
2235 1338 2250 1363 ,
2282 1312 2455 1367 neque
2488 1301 2835 1372 presbytero,
2884 1320 3055 1375 neque
3084 1308 3342 1377 diacono,
3387 1330 3557 1384 neque

1960 1382 2056 1439 ulli
2080 1385 2299 1439 omniuo
2328 1388 2644 1444 clericorum
2669 1400 2708 1427 ω
2737 1396 2997 1461 permittit
3017 1411 3200 1453 secum
3226 1400 3421 1457 habere
3445 1382 3556 1459 niu-

1962 1478 2149 1531 lscrem
2196 1487 2505 1534 extraneum
2532 1523 2546 1548 ,
2594 1483 2695 1538 nisi
2728 1484 3078 1542 forte-mater
3102 1491 3208 1553 sit,
3252 1503 3344 1545 aut
3380 1508 3555 1565 soror,

1962 1573 1990 1600 ιι
2024 1577 2115 1620 aut
2141 1569 2323 1622 amita.
2374 1569 2427 1623 lu
2462 1570 2544 1623 bis
2577 1587 2807 1643 namque
2849 1580 3116 1645 personis,
3150 1580 3256 1651 50
3284 1594 3335 1637 et
3368 1586 3557 1641 horum

1964 1656 2251 1725 similibus,
2272 1662 2461 1717 omnis
2487 1664 2722 1732 suspicio
2750 1666 3068 1724 declinatur.
3102 1671 3203 1738 Qui
3231 1675 3387 1730 aliter
3418 1693 3559 1747 pne—

307 1759 395 1811 lem
439 1757 753 1825 baptismum
786 1757 1066 1823 venirent;
1110 1765 1166 1813 et
1200 1758 1461 1813 continuo
1507 1767 1565 1812 ut
1610 1757 1855 1826 baptizati

1989 1765 2048 1803 er
2078 1751 2191 1805 haec
2221 1760 2245 1787 ο
2276 1761 2398 1821 aget
2421 1794 2435 1819 ,
2466 1756 2857 1824 periclitabitur
2885 1760 2953 1815 de
2982 1763 3130 1818 clero
3156 1781 3275 1821 suo.

308 1850 515 1916 inerant,
564 1849 726 1905 etiam
772 1850 839 1905 ad
887 1850 1251 1919 episcopatum
1301 1851 1383 1905 vel
1420 1847 1856 1921 ‘presbyterium

309 1942 730 2012 proveherentur:
778 1950 982 1997 rectum
1034 1956 1155 1996 esse
1201 1941 1373 1995 visum
1422 1950 1505 1997 est
1549 1941 1618 1997 de
1665 1952 1860 1996 eastern

311 2033 414 2087 nihil
454 2033 552 2088 tale
596 2033 736 2088 fieri.
786 2032 920 2088 Nam
967 2041 1022 2087 et
1069 2042 1310 2102 tempore
1353 2048 1489 2102 npus
1535 2042 1617 2088 est
1644 2040 1669 2080 ε
1695 2042 1749 2086 ut
1792 2033 1863 2087 sit

310 2124 720 2191 catechumenos;
766 2131 822 2179 et
864 2130 989 2195 post
1032 2122 1298 2193 baptisma
1343 2123 1505 2177 multa
1546 2122 1863 2193 probatione

308 2216 511 2287 indiget:
540 2215 762 2277 evidens
791 2232 1023 2286 namque
1045 2226 1127 2272 est
1151 2217 1504 2285 apostolicum
1534 2225 1861 2285 praeceptum

309 2310 493 2363 dicens:
540 2308 663 2364 Non
693 2309 1033 2378 neapliytum,
1073 2326 1134 2363 ne
1173 2310 1338 2362 elatus
1368 2310 1420 2362 in
1437 2310 1701 2380 judicium
1730 2310 1861 2362 inci-

306 2398 474 2455 duthet
500 2400 733 2462 laqueum
761 2400 976 2454 diaboli.
1007 2400 1065 2458 Si
1090 2414 1217 2456 vero
1244 2400 1572 2469 procedente
1596 2408 1860 2462 tempore,

300 2532 676 2597 Qucsnelliana.
734 2532 866 2587 Cum
914 2544 1043 2588 vero
1093 2533 1467 2589 Fossatensem
1517 2534 1759 2591 codicem
1806 2534 1859 2589 in

304 2605 956 2658 nurnetantlis'eanouibus
1003 2604 1299 2674 IIardyensi
1346 2605 1579 2659 similem
1631 2606 1858 2674 prodat,

302 2689 358 2727 ne
384 2674 652 2744 pugnantia
693 2674 977 2743 scripsisse
1017 2675 1292 2741 credatur,
1330 2676 1651 2744 eonjicinnts
1698 2677 1747 2729 in
1796 2677 1861 2732 iis

302 2700 358 2727 IIC
385 2700 441 2740 μυ
479 2700 652 2728 ΙΙὶΙΙΙιΙίΙ
693 2700 977 2743 δωηιδιδδε
1017 2700 1292 2741 υιύυξιιιη,
1330 2700 1651 2744 CUIIJICIIIIIIS
1698 2700 1747 2729 ΙΙΙ
1797 2700 1855 2732 Ila

300 2700 547 2799 codicibus
574 2747 779 2800 servari
805 2745 1020 2804 quidem
1050 2760 1332 2800 numerum
1354 2748 1539 2816 viginti
1567 2762 1855 2814 canonum,

297 2822 346 2867 at
363 2815 508 2869 simul
538 2831 778 2871 canones
806 2816 952 2884 ipsos
981 2817 1033 2870 in
1068 2817 1202 2870 duos
1235 2818 1597 2885 paragraphos
1630 2819 1698 2871 ita
1731 2818 1857 2871 sub-

290 2886 542 2955 distingui,
573 2895 632 2940 ut
656 2902 920 2940 canonum
950 2902 1203 2941 numerus
1234 2902 1570 2957 nequaquam
1596 2888 1856 2957 multipli-

289 2965 447 3011 cetur.
489 2958 589 3024 Qui
628 2958 775 3027 ipsos
804 2957 1019 3011 codices
1062 2958 1376 3026 inspexerit,
1420 2975 1545 3012 num
1590 2961 1658 3013 ita
1699 2959 1769 3013 sit
1797 2970 1855 3013 ut

288 3027 624 3095 coniectando
653 3028 1009 3096 Suspicamttr,
1042 3029 1351 3096 perspiciet.
1389 3029 1606 3084 Interim
1638 3044 1767 3083 vero
1798 3030 1850 3084 in

280 3107 455 3152 nostra
483 3099 803 3154 collectione
834 3099 947 3153 lucc
977 3098 1112 3152 subd
1127 3100 1260 3153 visio
1292 3114 1564 3153 canonum
1596 3098 1850 3153 Nicaenos

290 3170 473 3234 peperit
506 3183 744 3225 canones
771 3184 947 3234 xxvii,
991 3169 1194 3223 omisso
1224 3169 1314 3223 illo
1343 3170 1410 3224 de
1449 3186 1553 3224 non
1587 3169 1853 3225 ﬂectendo

278 3253 433 3306 genu,
465 3240 917 3310 quemadmodum
950 3242 1001 3293 in
1034 3254 1135 3294 ms.
1166 3240 1279 3294 Vat.
1314 3240 1528 3309 Regina:
1562 3243 1850 3309 repetitur.

286 3311 336 3363 In
365 3310 443 3365 bis
466 3322 642 3366 autem
669 3311 969 3365 eanonibus
992 3310 1336 3365 conferendis
1360 3311 1701 3366 adhibuimus
1726 3313 1846 3367 cod.

284 3379 737 3437 Vindebonensem
788 3382 901 3445 39,
946 3380 1104 3450 hujus
1149 3383 1483 3436 eollectionis
1530 3386 1803 3451 proprium
1832 3425 1846 3447 ,
1880 3368 1925 3442 C

269 3460 330 3523 et
368 3466 747 3523 nonnunquam
774 3452 947 3523 etiam
986 3451 1335 3523 Tltuaneum,
1386 3452 1538 3520 cujus
1586 3453 1855 3506 variantes

281 3521 823 3591 Onesnellusialicubi
856 3526 1080 3577 notavit.
1117 3522 1479 3591 Allegabimtts
1506 3523 1665 3576 etiam
1694 3524 1850 3577 codd.

278 3590 610 3648 Pithteanum
664 3601 717 3647 et
765 3592 978 3647 Claudii
1028 3590 1259 3663 Hardy,’
1295 3609 1358 3648 ex
1409 3608 1634 3661 quorum
1686 3596 1855 3646 altera

280 3663 469 3717 Nicarni
500 3666 552 3719 in
583 3680 651 3718 xx
681 3679 917 3719 canones
944 3663 1209 3726 distincti,
1250 3679 1316 3717 ex
1346 3662 1520 3717 altero
1550 3672 1724 3717 autem
1756 3665 1853 3716 soli

278 3747 535 3788 canonum
588 3736 726 3789 tituli
776 3737 827 3787 in
873 3734 1099 3804 vulgatis
1146 3731 1521 3804 Conciliorunt
1556 3735 1682 3788 editi
1731 3744 1852 3787 sunt

280 3813 409 3873 tom.
446 3804 507 3869 lI,
539 3805 671 3860 edit.
705 3804 840 3860 Ven.
885 3803 989 3858 col.
1019 3805 1089 3859 d8
1137 3814 1191 3859 et
1233 3805 1359 3860 2H.
1415 3803 1596 3858 Codex
1642 3818 1855 3873 qquue

282 3871 399 3945 Vat.
442 3874 571 3945 Reg.
618 3874 759 3931 1997
807 3874 1000 3930 alicubi
1050 3875 1367 3930 iudicandus
1415 3876 1556 3938 erit,
1607 3871 1705 3928 nec
1747 3871 1854 3929 non

284 3941 637 4021 fossaten’sis,
671 3955 764 4021 aut
792 3947 915 4014 alii,
945 3945 1040 4021 ubi
1076 3961 1172 4021 eos
1210 3961 1238 4000 a
1274 3946 1587 4021 Constantio
1615 3954 1710 3998 aut
1737 3946 1857 3998 aliis

285 4012 514 4073 laudatos
557 4012 1070 4073 invenimus.'Cutn
1120 4012 1298 4071 autem
1349 4016 1537 4069 horum
1588 4030 1854 4069 canonum

288 4084 438 4139 lectio
481 4103 512 4143 e
552 4089 804 4143 versione
855 4087 1072 4157 Isidori,
1124 4095 1181 4139 ut
1231 4087 1497 4145 diximus.
1548 4086 1853 4157 inqparteln

294 4157 564 4227 maximam
610 4160 870 4226 prodeat,
919 4158 1112 4225 prmter
1143 4158 1412 4227 vulgatum
1453 4156 1640 4210 lsidori
1676 4172 1858 4211 exem-

292 4226 418 4291 plar.
464 4230 795 4284 contulimus
831 4229 993 4284 etiam
1033 4226 1463 4297 antiquissimum
1504 4228 1743 4281 codicem
1787 4229 1856 4283 58

296 4297 600 4355 Veronensis
624 4301 863 4366 capituli,
887 4299 983 4368 qui
1002 4299 1239 4367 ejusdem
1264 4299 1524 4353 vt-rsiouis
1550 4297 1855 4353 Isidoriante

293 4369 542 4430 puriorem
594 4371 884 4426 lectionem
930 4374 1190 4424 continet.
1242 4369 1449 4423 Titulos
1478 4368 1747 4436 Quesnelli
1789 4385 1853 4424 ex

291 4438 459 4495 codice
485 4440 800 4504 Oxonicnsi,
835 4442 908 4494 uti
935 4439 1227 4503 credimus,
1257 4441 1565 4507 decerptus,
1599 4440 1651 4492 in
1682 4454 1853 4493 anno-

294 4510 559 4580 tatiunibus
590 4512 901 4580 rejeeimus,
929 4526 997 4566 eo
1025 4511 1167 4580 quod
1197 4523 1386 4580 omnes
1414 4509 1613 4564 laudati
1640 4512 1857 4566 codices

294 4577 419 4634 hanc
459 4577 898 4648 Quesnellianam
948 4577 1249 4637 versionem
1305 4579 1660 4643 exhibentes,
1717 4581 1853 4636 alios

292 4648 455 4729 titulos
481 4654 853 4723 suppeditent,
896 4667 1031 4722 quos
1064 4651 1264 4707 idcirco
1307 4651 1669 4720 prmieretttlos
1700 4663 1851 4721 puta-

290 4730 464 4776 rimus.

354 4792 525 4859 fCod.
551 4793 754 4848 Veron.
780 4794 849 4848 58
875 4808 993 4847 eum
1021 4792 1149 4848 Isid.
1174 4794 1318 4857 vulg.
1347 4791 1495 4847 addit
1523 4792 1714 4859 placuit
1740 4802 1816 4845 nt.

352 4857 379 4897 δ
403 4864 741 4929 Quesnellus,
770 4866 1032 4929 suscipiet.
1088 4864 1425 4918 Praetulimus
1468 4857 1600 4919 mss.
1627 4863 1850 4917 Vindeb.

204 4964 207 4965 ν
279 4939 332 4985 et
374 4933 506 4988 Pith.
539 4952 659 4989 cum
691 4939 816 4989 cod.
841 4934 1039 4988 Veron.
1080 4945 1135 4989 et
1171 4937 1313 5005 vulg.
1347 4934 1576 5000 Isidoro,
1619 4937 1707 5004 qui
1747 4936 1854 4990 duo

277 5006 530 5071 postremi
559 5006 611 5060 in
642 5006 747 5061 line
776 5005 974 5059 habent
998 5006 1178 5074 regula
1205 5004 1499 5062 in’clerum.

353 5083 373 5111 ⁸
401 5078 488 5132 Sic
516 5077 675 5132 codd.
711 5077 867 5130 Vind.
902 5085 953 5130 et
987 5077 1146 5138 Pith.,
1180 5076 1341 5145 paulo
1369 5076 1708 5144 discrepante
1747 5090 1849 5130 ms.

272 5144 474 5213 lIardy,
506 5149 558 5200 in
589 5164 695 5216 quo
725 5149 953 5217 legitur:
992 5148 1063 5200 De
1094 5148 1360 5217 neOphytis
1384 5162 1545 5213 neque
1577 5148 1848 5218 episcopis,

266 5230 431 5288 neque
456 5219 763 5288 presbyteris
793 5220 1063 5285 faciendis.
1111 5220 1359 5273 Concinit
1384 5219 1547 5273 etiam
1578 5218 1698 5288 cod.
1731 5218 1848 5271 Vat.

267 5283 433 5355 Reg,
457 5283 540 5342 'De
564 5283 832 5359 nEOphytis
862 5304 1020 5359 neque
1048 5290 1331 5356 episcopos,
1358 5304 1514 5353 neque
1537 5287 1853 5355 presbyteros

258 5360 513 5493 οέδτὶωί.
546 5358 904 5427 Quesnellus:
934 5358 1016 5413 Ne
1036 5360 1277 5429 ncopliyti
1298 5359 1521 5428 episc0pi
1550 5361 1624 5411 vel
1648 5359 1859 5428 presby-

351 5445 367 5478 t
418 5440 545 5483 iant.

261 5429 367 5482 (ai
397 5429 545 5483 ﬁant.

340 5494 367 5535 δ
396 5497 554 5571 Vulg.
589 5502 715 5557 Isid.
747 5515 870 5556 cum
910 5514 1011 5556 ms.
1054 5499 1277 5567 Verum,
1314 5501 1417 5554 sive
1450 5515 1515 5554 ex
1555 5513 1857 5568 quacunque

256 5584 436 5644 mag
454 5582 631 5627 contra
655 5571 904 5644 regulam.

341 5649 368 5679 ο
395 5640 532 5699 Cod.
577 5638 743 5711 Pithi,
782 5660 942 5712 nuper
965 5645 1134 5699 adhuc
1161 5644 1453 5696 accedentes
1481 5641 1550 5693 ad
1580 5638 1729 5705 [idem
1748 5679 1762 5702 ,
1803 5650 1852 5694 et

253 5729 433 5786 porro
461 5725 686 5788 tempore
714 5711 1011 5772 catechizati
1044 5724 1116 5770 ret
1145 5716 1393 5781 instructi,
1427 5714 1597 5766 stafim
1636 5722 1752 5760 cum
1783 5711 1851 5764 ad

1882 4757 1935 4818 D

1967 1862 2084 1917 Τιτ.
2115 1862 2200 1918 VI.
2221 1863 2299 1919 De
2327 1876 2354 1915 P
2375 1868 2678 1942 epis‘wpisa
2698 1877 3211 1942 comprovinciaiibus
3232 1883 3555 1939 ordinandis.

2346 1965 2363 1969 -
2438 1938 2589 2008 (Cati.
2619 1939 2653 1993 4
2686 1938 2842 1996 Dion.
2874 1955 2923 1998 et
2952 1947 3113 2016 laid.)

2043 2028 2365 2099 Episcopum
2394 2039 2608 2100 oportet
2636 2042 2663 2081 τι
2697 2036 2930 2091 maxime
2959 2039 3174 2106 quidem
3217 2041 3283 2095 ab
3311 2044 3556 2100 omnibus

1969 2122 2057 2189 qui
2089 2130 2215 2176 sunt
2243 2122 2295 2176 in
2333 2124 2608 2191 provincia
2634 2126 2902 2198 episcopis
2932 2131 3189 2186 ordinari.
3221 2135 3274 2189 Si
3305 2149 3430 2190 vero
3458 2136 3555 2194 hoc

1969 2215 2186 2269 dillicile
2213 2214 2397 2286 fuerit,
2425 2216 2541 2272 sive
2574 2228 2796 2287 urgente
2828 2225 3183 2291 necessitate,
3213 2228 3329 2283 sive
3354 2231 3557 2286 itineris

1969 2305 2298 2375 longitudine
2323 2351 2336 2375 ,
2379 2319 2526 2363 certe
2566 2312 2787 2365 omnino
2829 2320 2938 2367 tres
2978 2315 3215 2384 episcOpi
3244 2327 3267 2355 ι’
3301 2320 3352 2373 in
3392 2336 3553 2375 unum

1969 2398 2165 2452 debent
2206 2411 2328 2454 esse
2367 2401 2713 2469 congregati;
2758 2402 2831 2457 ita
2876 2411 2938 2458 ut
2972 2404 3132 2459 etiam
3175 2413 3196 2442 ⁸
3238 2418 3555 2466 creterorum

1969 2533 2255 2618 spiritalem
2269 2535 2597 2618 baptismum
2639 2541 2897 2618 perierint,
2943 2550 2991 2595 et
3031 2546 3275 2618 continuo
3316 2548 3557 2618 baptizati

1966 2606 2180 2691 fuerint,
2213 2606 2384 2691 etiam,
2415 2615 2519 2691 etc.
2554 2607 2709 2691 Vulg.
2738 2610 2863 2691 Isid:
2885 2606 2951 2675 et
2982 2616 3103 2691 eod.
3135 2615 3355 2691 verum,
3382 2606 3550 2691 'nuper

1965 2675 2136 2753 adhuc
2180 2676 2477 2753 catecltizati
2518 2680 2596 2732 vel
2630 2675 2880 2747 instituti,
2922 2686 3096 2737 statim
3133 2687 3204 2738 ad
3235 2675 3553 2753 spirituaiem
3612 2728 3625 2737 .

1962 2744 2271 2826 baptismum
2299 2748 2581 2814 venissent,
2629 2760 2676 2803 et
2711 2744 2954 2806 continuo
2982 2771 3099 2807 cum
3130 2744 3375 2826 baptismi
3401 2772 3548 2831 sunt,

1962 2826 2135 2866 etiam.
2167 2828 2271 2866 etc.

1961 2828 2135 2877 etiam,
2167 2828 2271 2871 etc.

2040 2884 2057 2923 ί
2102 2886 2291 2969 Sie__cx
2322 2889 2572 2969 omnibus
2616 2890 2815 2946 nostris
2853 2892 3131 2969 codicibus
3168 2906 3220 2949 et
3251 2898 3392 2969 vulg.
3423 2899 3549 2956 Isid.

1962 2955 2321 3035 Quesnellus,
2377 2959 2803 3035 presbytera‘um.
2860 2963 2975 3017 Mox
3027 2965 3223 3019 Veron.
3277 2955 3379 3035 ms,
3429 2955 3548 3027 cum

1958 3027 2262 3103 volg._lsid.
2297 3027 2696 3103 provecti‘sunt;
2742 3044 2876 3086 recte
2905 3036 3061 3103 igitur
3090 3039 3253 3091 visum
3279 3027 3375 3092 est:

2031 3105 2056 3144 8
2091 3100 2297 3172 Quem.
2341 3114 2405 3152 ex
2457 3099 2578 3172 cod.
2646 3102 2863 3169 Oxon.,
2905 3099 2959 3157 ut
3002 3108 3116 3172 quis
3159 3120 3551 3165 catectmmenus

1958 3165 2242 3245 baptizatur
2266 3212 2279 3234 ,
2318 3179 2364 3245 et
2403 3180 2516 3245 post
2553 3165 2859 3239 baptismum
2893 3165 3098 3245 :atque
3140 3179 3261 3233 cod.
3303 3180 3544 3237 Thuuuei

1947 3237 2240 3313 lcetio‘nem
2272 3237 2455 3307 rejeeit
2487 3241 2538 3313 in
2571 3237 2863 3312 marginem
2885 3286 2900 3308 ,
2930 3237 3086 3313 quam
3134 3263 3252 3301 eum
3294 3253 3543 3306 oumibus

1957 3309 2155 3379 nostris
2183 3322 2396 3371 mssaet
2427 3312 2571 3379 vnlg.
2607 3309 2727 3367 Isid.
2762 3316 2926 3369 textui
2950 3309 3297 3372 inseruimus.

2029 3376 2058 3414 Ιι
2102 3380 2267 3461 Voces
2298 3391 2341 3434 et
2384 3376 2620 3451 laqueum
2656 3397 2722 3438 ex
2761 3389 2959 3441 nostris
2998 3401 3127 3441 mss.
3160 3398 3213 3442 et
3245 3389 3387 3457 vulg.
3416 3390 3542 3447 Isid.

1961 3464 2282 3517 rect-pimus.

2039 3517 2055 3555 ί
2106 3519 2254 3588 Vulg.
2294 3521 2449 3595 Isid.,
2480 3522 2688 3589 aliquod
2719 3523 2938 3595 mortale
2967 3534 3227 3591 peccatum
3258 3529 3544 3595 admiserit,

1960 3602 2008 3642 et
2039 3595 2292 3669 convictus
2323 3591 2677 3669 duobus,etc.
2721 3594 2821 3669 bis.
2858 3594 3079 3659 Verum,
3104 3599 3317 3651 mortale
3338 3591 3547 3669 aliquod

1961 3670 2223 3728 peccatum
2250 3663 2502 3713 inventum
2533 3665 2683 3731 fuerit
2714 3664 2767 3716 in
2795 3679 2855 3715 ea
2885 3682 3130 3730 persona,
3161 3676 3209 3721 et
3237 3663 3543 3726 cont-icium.

2034 3740 2068 3808 l_
2099 3731 2172 3784 Ita
2200 3732 2356 3808 codd.
2394 3732 2547 3808 Vind.
2584 3733 2763 3804 Hardy
2788 3743 2841 3788 et
2865 3736 2981 3789 Vat.
3018 3736 3148 3806 Reg.
3196 3740 3348 3808 Apud
3378 3744 3550 3808 Ques-

1962 3802 2187 3866 uellmn,
2218 3800 2296 3855 De
2326 3800 2792 3867 prwvaricatoribus
2821 3822 3093 3861 canonum.

2033 3869 2059 3909 ¹ι
2096 3872 2294 3939 Quesu.
2327 3872 2379 3925 in
2409 3884 2581 3940 textu,
2610 3875 2673 3926 de
2691 3886 2853 3929 status
2878 3878 2958 3930 sui
2982 3879 3180 3931 ordine.
3204 3879 3547 3935 Correximns

1962 3956 2197 4016 ex_inss.
2231 3944 2369 3998 Pith.
2399 3954 2453 3998 et
2485 3946 2710 3999 Vindeb.
2740 3986 2755 4010 ,
2799 3950 2990 4011 quibus
3040 3948 3359 4016 suffragatur
3388 3953 3546 4004 etiam

1961 4013 2127 4068 codex
2158 4015 2366 4067 Tliuan.
2396 4015 2464 4068 ab
2507 4017 2695 4070 eodem
2727 4018 3014 4081 Quesncllo
3043 4013 3284 4072 laudatus
3316 4020 3367 4073 in
3402 4032 3547 4073 mar:

1958 4085 2121 4156 gine,
2154 4086 2252 4139 Ms.
2288 4085 2481 4138 Veron.
2517 4102 2636 4138 eum
2670 4089 2812 4156 vulg.
2848 4090 2968 4141 Isid.
2992 4132 3006 4154 ,
3049 4091 3110 4141 de
3133 4100 3267 4142 statu
3294 4091 3373 4141 sui
3402 4091 3543 4141 Cleri.

2040 4152 2056 4190 ι
2112 4155 2185 4209 Ita
2234 4158 2353 4209 coll.
2412 4155 2699 4224 Palmam,
2730 4152 3044 4213 concinente
3092 4173 3192 4211 tus.
3247 4160 3544 4214 Vindehon.

1963 4222 2509 4297 ExemplarqIIardy;
2548 4225 2622 4278 De
2649 4222 2941 4296 synecoitis,
2976 4231 3077 4283 sive
3102 4231 3394 4297 synesactis.
3430 4229 3546 4283 Vat.

1965 4294 2127 4363 Iieg.,
2171 4297 2243 4372 lie
2272 4294 2568 4372 inulidrfbns
2603 4294 3015 4372 quassyncc‘tas
3054 4294 3196 4371 [lege
3221 4300 3542 4372 synesactas]

1960 4377 2159 4441 nocmit.
2194 4368 2383 4419 Veron.
2417 4367 2563 4429 Isid.,
2593 4368 2667 4421 De
2686 4367 3084 4424 subiiitroducti
3105 4367 3548 4441 mulieribusque}

1960 4436 2128 4490 Gra'ci
2155 4445 2443 4508 synesactas
2468 4449 2667 4491 vocant.

2032 4517 2069 4543 υτ
2112 4508 2253 4564 Idem
2285 4508 2482 4562 Veron.
2518 4508 2641 4562 Isid.
2672 4507 2820 4562 addit
2848 4510 3017 4563 licere.

2035 4586 2061 4613 "
2110 4577 2252 4633 Idem
2283 4580 2405 4634 cod.
2440 4579 2660 4645 Verum,
2690 4580 2900 4645 antlia,
2927 4581 2979 4633 id
3006 4587 3098 4643 est,
3121 4579 3298 4644 amita,
3327 4579 3406 4633 vel
3432 4595 3543 4633 ma-

1962 4658 2163 4715 tertera.
2200 4650 2356 4712 Vulg.
2388 4649 2537 4714 Isid.,
2565 4659 2650 4701 aut
2679 4650 2917 4711 avia,aut
2944 4651 3120 4712 amita,
3150 4651 3229 4703 vel
3251 4659 3549 4714 matertera,

1968 4719 2093 4771 llein
2121 4722 2278 4774 ambo
2312 4722 2363 4774 hi
2395 4720 2553 4773 codd.
2585 4719 2730 4788 Isid.,
2762 4737 2980 4785 namque
3029 4720 3152 4774 solis
3200 4723 3546 4789 personis...“

1963 4791 2128 4860 omnis
2148 4807 2263 4862 qua?
2286 4809 2347 4845 ea:
2376 4790 2669 4844 mulieribus
2698 4801 2790 4854 est,
2818 4794 3062 4862 suspicio.

2019 4869 2059 4933 ,ο
2100 4863 2271 4917 Codd.
2299 4863 2460 4929 l’itb.,
2489 4862 2686 4933 Veron.
2719 4877 2842 4916 eum
2881 4866 3019 4932 vulg.
3052 4862 3200 4925 Isid.,
3232 4864 3357 4933 agit.

2034 4943 2061 4982 Ρ
2100 4934 2175 4989 Ita
2210 4944 2317 4988 tres
2342 4933 2524 4998 codd.,
2558 4932 2783 4988 Vindeb.
2806 4975 2820 4998 ,
2858 4935 3055 4998 Hardy,
3085 4943 3139 4988 et
3176 4932 3341 4995 I‘ith.,
3369 4933 3552 4986 conci-

1961 5016 2122 5058 nente
2152 5020 2249 5057 ms.
2289 5003 2404 5058 Vat.
2435 5003 2564 5073 Reg.
2598 5002 2917 5069 Quesnellus
2936 5047 2951 5071 ,
2990 5002 3065 5058 De
3094 5005 3415 5057 ordinatione
3441 5003 3545 5072 epi-

1958 5091 2250 5136 scaporum.

2030 5153 2056 5192 (ι
2100 5146 2296 5197 Veron.
2327 5159 2427 5198 ms.
2453 5153 2506 5198 et
2532 5144 2670 5212 vulg.
2703 5143 2828 5197 Isid.
2862 5143 3040 5199 delent
3065 5144 3396 5207 inamime;et
3424 5140 3543 5197 dein

1964 5213 2161 5267 habent
2188 5218 2250 5266 ab
2284 5214 2542 5278 omnibus,
2568 5216 2610 5267 si
2640 5214 2751 5277 ﬁeri
2778 5224 2957 5279 potest.
2986 5217 3092 5282 qui.

2041 5296 2060 5321 τ
2109 5285 2280 5339 Voces
2308 5286 2362 5338 in
2393 5301 2549 5338 unum
2584 5285 2876 5352 adjecimus
2909 5300 2976 5339 ex
3026 5282 3246 5338 Vindeb.
3290 5293 3343 5337 et
3384 5283 3547 5344 Pith..

1962 5355 2153 5422 quibus
2183 5356 2502 5421 astipulatur
2534 5355 2723 5407 Veron.
2754 5366 2806 5408 et
2834 5356 2974 5425 vulg.
3012 5356 3137 5410 Isid.
3185 5354 3244 5409 Ili
3293 5358 3547 5425 postremi

1961 5427 2142 5499 delent
2178 5427 2502 5481 antecedens
2543 5425 2851 5499 adverbium
2888 5433 3095 5484 omnino
3125 5443 3142 5480 :
3176 5443 3274 5499 pro
3301 5441 3407 5496 quo
3440 5440 3546 5481 ms.

1960 5497 2100 5553 I’itli.
2142 5498 2299 5551 habet
2337 5497 2654 5551 omnimodo.

2033 5579 2054 5605 ι
2108 5570 2298 5625 Veron.
2340 5586 2462 5624 cum
2496 5569 2640 5639 vulg.
2674 5567 2835 5632 Isid.,
2882 5575 3179 5626 ceterorum
3206 5570 3298 5641 qui
3325 5568 3553 5624 absentes

1957 5653 2074 5697 sunt
2105 5658 2401 5697 consensum
2428 5642 2605 5697 litteris
2635 5648 2851 5695 teneant.
