3888 6182
373 333 471 389 451

1341 323 1681 382 APPENDIX
1722 322 1811 376 AD
1851 320 1906 376 S.
1953 317 2193 374 LEONIS
2232 317 2444 374 MAGNI
2485 317 2731 374 ()PERA.

3551 316 3654 373 5'59.

378 449 739 518 rebaptizasse
788 445 1129 510 constiterit,
1174 453 1265 496 aut
1294 443 1531 511 quicum
1573 437 1957 507 suisplcbibus
1986 437 2036 496 Α
2066 435 2159 485 size
2193 431 2451 485 utilitati?
2479 431 2611 485 ham
2653 440 2709 485 et
2750 429 2804 482 in
2847 429 2946 484 bac
2977 429 3248 496 Ecclesia,
3279 428 3345 484 ad
3389 445 3546 500 quam
3577 431 3661 486 di-

376 543 440 596 ed
497 538 926 594 communionem
993 533 1313 590 catholicam
1390 531 1621 586 transire
1679 527 1963 584 voluerim.

381 644 405 670 ἰ
433 634 487 687 Si
524 633 665 686 enim
707 628 962 698 scriptum
998 636 1119 682 est:
1159 625 1307 692 Quod
1342 623 1538 676 duobus
1565 622 1611 674 si
1641 620 1964 674 convenerint

382 725 688 780 Christianis
705 763 721 789 ,
745 720 993 793 quidquid
1015 719 1251 792 petierint
1274 715 1651 786 impetrabunt,
1675 727 1781 766 non
1808 726 1967 780 opor-

378 826 454 870 tet
471 814 498 853 ι)
517 814 760 869 dubitare
781 813 924 883 quod
951 821 1160 866 reinoto
1191 807 1444 864 seandalo
1466 805 1821 860 dissensionis
1842 802 1965 856 uni-

378 921 547 960 versae
571 906 724 975 102
741 904 909 972 plebis
929 913 975 966 ε,
994 901 1045 956 in
1063 901 1317 955 unitatem
1341 897 1486 967 pacis
1508 897 1723 952 redacta
1741 909 1962 949 concor-

376 999 484 1063 dia,
516 999 706 1052 idonea
737 998 807 1053 sit
833 997 1120 1065 impetrare
1148 994 1214 1048 de
1247 991 1613 1047 misericordia
1644 989 1883 1053 Dom-ini,
1908 995 1966 1040 ut

378 1090 544 1155 ipsius
563 1089 709 1159 pacis
731 1086 1164 1156 compensatione
1187 1095 1240 1139 et
1257 1082 1520 1153 sacrificip
1537 1079 1818 1135 charitatis
1841 1078 1967 1132 abo-

380 1180 589 1232 leantur
630 1186 844 1247 peccata
869 1191 1008 1244 quae,
1033 1175 1295 1239 majorum
1327 1186 1544 1229 sitorum
1590 1170 1963 1223 auctoritatem

379 1278 660 1339 sequentes
685 1313 699 1336 ,
741 1267 1065 1336 repetitione
1112 1263 1358 1332 baptismi
1409 1261 1816 1317 commiserunt.
1859 1259 1963 1315 Sed

380 1365 518 1417 lianc
532 1377 651 1417 rem
675 1361 873 1430 placuit
897 1375 999 1413 non
1029 1356 1333 1413 confirmari
1366 1356 1678 1425 priusquam
1709 1350 1734 1389 ά
1767 1352 1965 1408 exinde

382 1451 736 1507 transmarina
769 1449 1007 1505 Ecclesia
1027 1450 1367 1504 consulatur.

457 1554 480 1582 ε
520 1544 621 1613 (De
669 1544 952 1598 Donatistis
994 1543 1186 1612 placuit
1233 1551 1289 1594 ut
1331 1541 1652 1594 consulamus
1702 1544 1892 1610 fratres
1916 1549 1964 1594 et

380 1633 763 1688 consacerdotes
785 1642 982 1688 nostros
1005 1632 1250 1688 Siricium
1270 1641 1317 1685 et
1335 1631 1732 1702 Simplicianum
1759 1632 1819 1684 de
1840 1631 1964 1685 solis

381 1728 665 1798 infantibus
711 1727 800 1796 qui
847 1725 1172 1795 baptizantur
1229 1739 1380 1794 penes
1433 1724 1636 1778 eosdem
1666 1739 1684 1776 :
1716 1739 1776 1776 ne
1825 1722 1963 1790 quod

2075 532 2234 591 gnata
2263 532 2344 576 est
2377 533 2555 576 vestra
2582 521 2840 575 sanctitas
2871 521 3184 589 convenire,
3219 521 3410 575 crebro
3437 536 3500 574 ac
3527 537 3660 590 pene

2071 630 2168 684 per
2195 630 2409 668 omnem
2441 614 2580 668 diem
2609 614 2937 667 Doniinicam
2971 614 3296 667 ordinandos
3326 613 3584 670 habemus
3613 617 3652 668 ί.

2075 703 2447 773 Nunquidnam
2497 703 2805 774 frequenter
2839 704 3120 758 duodecim
3149 746 3162 770 ,
3216 705 3302 759 vel
3325 707 3511 760 decem
3533 748 3547 770 ,
3579 711 3658 762 vel

2071 811 2177 849 non
2207 797 2374 848 multo
2419 797 2595 850 minus
2641 795 2904 850 advocare
2945 811 3164 865 possunt
3192 799 3522 865 episcopos?
3553 799 3658 856 Sed

2071 883 2228 939 facile
2245 898 2325 939 est
2345 884 2470 938 mihi
2491 884 2625 940 duos
2644 883 2666 921 ιε
2693 885 2987 956 adjungere
3006 901 3137 940 meai
3159 887 3404 956 parvitati
3431 888 3657 943 vicinos.

2067 977 2406 1046 QuaprOpter
2432 977 2603 1030 cernit
2631 992 2840 1031 mecum
2866 977 3104 1031 charitas
3146 988 3322 1032 vestra
3352 977 3457 1032 hoc
3484 980 3660 1048 ipsum

2071 1068 2349 1122 observari
2403 1085 2506 1120 non
2537 1081 2714 1136 posse.
2753 1067 2859 1123 Sed
2898 1068 3030 1122 illud
3058 1078 3140 1123 est
3185 1070 3528 1123 statuendum
3556 1110 3571 1134 ,
3609 1081 3664 1123 ιιι

2069 1158 2286 1228 quando
2313 1159 2379 1212 ad
2407 1158 2710 1227 eligendum
2740 1161 3052 1228 episcopum
3092 1159 3527 1225 conveniremus,
3557 1158 3574 1197 ι
3617 1163 3662 1214 si

2068 1266 2174 1319 qua
2197 1250 2668 1304 contradictiol‘ue.
2687 1250 2725 1303 it
2753 1250 2938 1304 oborta
2983 1252 3106 1320 quia
3135 1250 3258 1304 talia
3289 1259 3518 1305 tractata
3539 1261 3666 1304 sunt

2070 1341 2207 1409 apud
2232 1354 2351 1404 nos,
2377 1356 2482 1394 non
2509 1349 2835 1410 praesumant
2857 1340 2924 1394 ad
2954 1339 3282 1409 purgandum
3309 1357 3432 1395 eum
3457 1343 3548 1412 qui
3575 1358 3666 1394 or-

2068 1433 2338 1502 dinandus
2355 1443 2437 1487 est
2453 1443 2518 1498 ιη,
2531 1442 2646 1500 tres
2666 1433 2776 1503 jam
2794 1450 2810 1499 ;
2827 1433 2920 1488 sed
2942 1434 3274 1500 postulentur
3286 1435 3353 1488 ad
3377 1451 3663 1490 numerum

2069 1527 2504 1596 supradictorum
2539 1542 2676 1580 unus
2707 1527 2788 1580 vel
2827 1527 2966 1593 duo,
2993 1537 3048 1580 et
3083 1527 3137 1580 in
3167 1528 3354 1581 eadem
3389 1527 3545 1596 plebe
3575 1529 3665 1581 cui

2068 1616 2397 1671 ordinandus
2424 1626 2506 1670 est
2527 1657 2541 1680 ,
2569 1616 2929 1670 discutiantur
2961 1617 3134 1684 primo
3172 1632 3419 1685 person-.1:
3446 1629 3668 1672 contra-

2071 1709 2380 1775 dicentium,
2399 1709 2838 1778 postremoetiam
2852 1707 2939 1763 illa
2953 1725 3072 1778 quae
3083 1709 3408 1779 objiciuntur
3422 1721 3668 1780 pertrac-

389 1834 481 1871 suo
532 1835 634 1872 non
687 1818 912 1887 fecerunt
957 1817 1196 1890 judicio,
1247 1831 1362 1868 cum
1412 1815 1480 1867 ad
1544 1811 1828 1867 Ecclesium
1867 1813 1963 1867 Dei
1995 1819 2039 1877 Β
2069 1813 2285 1866 tentur;
2315 1813 2497 1857 etcum
2518 1811 2775 1871 purgatus
2795 1803 2961 1857 l'ueiit
2985 1803 3085 1858 sub
3107 1812 3399 1873 conspectu
3425 1804 3669 1874 publico,

387 1908 580 1962 salubri
632 1908 894 1976 proposito
945 1907 1134 1978 fuerint
1184 1905 1418 1958 conversi
1443 1946 1457 1969 ,
1515 1913 1784 1972 parentum
1847 1903 1964 1956 illos

387 2013 529 2052 error
562 1997 811 2066 impediat
866 2013 931 2051 ne
979 1994 1368 2067 promoueantur
1395 1997 1528 2049 sacri
1582 1995 1765 2049 altaris
1812 1994 1965 2047 mini-

390 2091 531 2160 stri.)

457 2178 478 2218 ί
521 2179 810 2235 XXXVIII.
852 2179 1156 2233 IIonoratus
1183 2188 1240 2235 et
1273 2178 1517 2234 Urbanus
1549 2178 1702 2249 103
1729 2178 1966 2247 episcopi

383 2272 635 2326 dixerunt
659 2289 672 2324 :
696 2272 764 2325 Et
799 2269 1624 2324 illudnobismandatumest:ut
1645 2269 1764 2338 quia
1794 2278 1816 2315 ϐ
1840 2282 1966 2338 pro-

383 2366 530 2418 x-ime
566 2363 758 2417 fratres
802 2362 970 2435 nostri
1004 2359 1266 2415 Numidiae
1302 2361 1541 2429 episcom
1571 2361 1677 2414 duo
1715 2360 1968 2415 ordinare

382 2463 836 2524 przesumpserunt
857 2451 1182 2522 pontificem,
1213 2468 1318 2506 non
1347 2453 1447 2506 nisi
1477 2467 1507 2505 a
1537 2451 1820 2507 duodecim
1842 2467 1967 2507 cen-

382 2546 547 2601 seatis
575 2545 835 2600 celebrari
858 2544 1232 2611 episcoporum
1262 2541 1286 2578 ιι
1304 2542 1692 2603 ordinationes.
1715 2544 1966 2598 Aurelius

385 2639 672 2707 episcopus
698 2635 828 2689 dixit
857 2653 869 2687 :
912 2635 1106 2690 Forma
1138 2633 1358 2703 antiqua
1389 2634 1698 2688 servabitur
1723 2678 1738 2700 ,
1772 2645 1829 2688 ιιι
1859 2649 1964 2688 non

380 2732 558 2787 minus
585 2743 744 2798 quam
773 2735 885 2782 tres
922 2726 1189 2782 sufficiant
1233 2727 1321 2794 qui
1364 2725 1561 2781 fuerint
1607 2727 1858 2782 destinati
1897 2726 1964 2782 ad

378 2823 693 2893 episcopum
715 2819 1095 2876 ordinandum.
1122 2820 1414 2887 Propterea
1443 2819 1565 2888 quia
1593 2828 1647 2873 et
1678 2819 1730 2873 in
1762 2819 1964 2888 Tripoli

380 2913 518 2968 forte
541 2922 600 2968 et
625 2913 678 2965 in
708 2910 917 2980 Arzuge
943 2909 1262 2978 interjacere
1292 2908 1538 2962 videntur
1570 2908 1811 2964 barbara:
1837 2925 1988 2980 gen--

383 3014 462 3058 tcs
494 3021 506 3055 :
534 3016 659 3056 nam
701 3002 753 3055 in
779 2999 1004 3069 Tripoli,
1035 3009 1095 3052 ut
1133 2998 1412 3063 asscritur,
1442 2989 1830 3068 quinque-sunt
1851 3001 1965 3068 epi-

380 3095 528 3163 scopi
557 3091 926 3147 tantummodo
951 3100 1044 3155 ,et
1075 3099 1296 3159 possunt
1317 3089 1455 3145 forte
1485 3090 1552 3144 de
1580 3091 1698 3160 ipso
1739 3107 1964 3148 numero

2065 1893 2137 1949 ita
2167 1893 2381 1947 demum
2411 1893 2710 1947 ordinetur.
2747 1892 2804 1948 Si
2837 1893 2938 1946 hoc
2987 1908 3109 1946 cum
3138 1903 3331 1948 vestra:
3358 1897 3671 1951 sanctitatis

2067 1986 2252 2039 animo
2298 1986 2610 2053 concordat,
2654 1985 2942 2040 roboretur
2969 1995 3163 2040 vestrae
3191 1986 3521 2056 dignationis
3578 2004 3671 2044 re-

2065 2081 2378 2149 sponsione.
2407 2080 2467 2134 Ει
2486 2080 2554 2135 ab
2575 2080 2840 2135 universis
2861 2080 3132 2149 episcopis
3146 2080 3352 2135 dictum
3368 2088 3450 2136 est
3474 2098 3488 2134 :
3517 2081 3672 2138 Satis

2067 2177 2262 2246 placet.

2141 2271 2164 2293 "
2205 2267 2448 2322 XXXIX.
2497 2268 2627 2324 Item
2659 2268 2861 2344 placuit
2889 2268 2956 2323 de
2992 2267 3306 2334 infantibus,
3346 2269 3502 2340 ι,οῇ
3528 2286 3674 2339 quo-

2071 2361 2172 2414 ties
2194 2360 2479 2416 certissimi
2510 2370 2674 2415 testes
2710 2373 2821 2414 non
2851 2361 3201 2414 inveniuntur
3222 2359 3313 2429 qui
3351 2375 3445 2414 eos
3485 2360 3670 2429 bapti-

2068 2462 2218 2506 zatos
2247 2466 2369 2506 esse
2395 2451 2515 2505 sine
2535 2449 2866 2504 dubitatione
2889 2459 3173 2515 testentur,
3202 2465 3377 2520 neque
3409 2450 3510 2520 ipsi
3531 2461 3669 2505 sunt

2071 2547 2248 2602 idonei
2277 2562 2374 2616 per
2408 2555 2620 2602 mtatem
2652 2555 2675 2582 ο
2706 2545 2774 2601 de
2803 2545 3012 2599 traditis
3032 2544 3132 2600 sibi
3162 2547 3513 2600 sacramentis
3547 2561 3670 2599 res-

2068 2643 2328 2711 pondere,
2353 2640 2556 2710 absque
2577 2642 2684 2695 ullo
2713 2640 2966 2709 scrupulo
2996 2640 3095 2694 l'ios
3111 2654 3236 2693 esse
3261 2623 3619 2714 baptizandos
3650 2659 3665 2692 :

2068 2737 2137 2787 ne
2152 2733 2248 2788 ista
2266 2733 2546 2802 trepidatio
2561 2747 2655 2786 eos
2678 2731 2838 2785 faciat
2861 2715 3321 2784 sacramentorum
3341 2731 3668 2798 purgatione

2070 2823 2289 2891 privari.
2339 2823 2472 2876 I-Iinc
2513 2823 2655 2876 enim
2707 2821 2864 2891 legati
2912 2820 3216 2873 Maurorum
3261 2819 3453 2873 fratres
3483 2823 3668 2874 nostri

2069 2912 2478 2980 consuluerunt,
2510 2913 2635 2982 quia
2661 2913 2856 2966 inultos
2879 2911 3012 2964 tales
3033 2925 3060 2962 a
3086 2909 3334 2964 Barbaris
3361 2910 3666 2968 redimunt.

2071 3003 2140 3057 Et
2169 3005 2274 3058 alia
2297 3020 2470 3056 manu.

2139 3098 2388 3151 Aurelius
2417 3094 2702 3164 episcopus
2736 3092 2990 3148 Ecclesiae
3028 3090 3488 3164 Carthaginensis,
3519 3105 3550 3144 P
3581 3095 3672 3149 his

381 3186 465 3241 vel
495 3186 600 3241 duo
626 3184 951 3240 necessitate
969 3181 1145 3253 aliqua
1163 3183 1446 3252 occupari,
1479 3182 1697 3239 dimcile
1721 3194 1803 3240 est
1824 3187 1980 3240 enim‘
1997 3185 2042 3248 C
2077 3189 2303 3259 placitis,
2336 3202 2365 3240 τι
2390 3187 2540 3241 nobis
2563 3189 2813 3242 omnibus
2835 3187 3188 3251 confirmatis,
3212 3188 3451 3256 exceptis
3471 3201 3673 3242 eman-

381 3287 438 3332 ιιι
480 3278 548 3333 de
591 3277 834 3348 quolibet
878 3291 1103 3331 numero
1145 3290 1334 3331 omnes
1379 3277 1584 3346 possint
1626 3291 1958 3333 occurrere:

382 3368 619 3438 nunquid
646 3367 807 3423 debet
833 3369 934 3422 hoc
955 3367 1137 3437 ipsum
1166 3367 1549 3437 impedimento
1578 3383 1698 3422 esse
1725 3368 1740 3405 ί
1778 3369 1962 3424 Eccle-

453 3520 475 3584 ξ
515 3507 608 3564 Sic
633 3521 710 3584 e_x_
729 3504 1040 3584 ius;_Barb_..
1070 3513 1128 3558 ut
1156 3518 1386 3574 sequens
1405 3505 1714 3562 emendatio
1749 3507 1960 3562 videtur

379 3577 772 3703 θλίδῖἷὲὀέδζιῖ
797 3575 1082 3700 ἔξιιξέῗηὲί
1104 3644 1260 3701 Barb.
1288 3646 1396 3708 AL,
1425 3646 1667 3701 dubitari.

453 3730 476 3760 c
517 3719 742 3784 Quesn.,
769 3717 1099 3788 inuniverstc
1120 3715 1520 3788 plebisrunitate,
1550 3719 1690 3788 pacis
1720 3733 1959 3786 compen-

378 3790 575 3844 satione
597 3796 644 3841 et
665 3786 918 3859 sacriﬁcio
943 3785 1211 3839 charitatis
1241 3785 1562 3859 aboleantur,
1584 3789 1670 3854 qui
1698 3785 1957 3859 majorum

379 3873 583 3914 suorum
611 3857 962 3928 auctoritatem
1002 3864 1311 3928 sequentes__,
1339 3858 1692 3928 repetitionem
1719 3857 1958 3928 baptismi

380 3928 742 3982 commiserint.
771 3925 846 3979 Ita
868 3926 1028 3979 etiam
1054 3925 1213 3980 codd.
1247 3925 1404 3979 Vind.
1425 3935 1481 3980 et
1510 3926 1724 3988 Crabbi,
1757 3925 1846 3995 qui
1871 3945 1958 3982 so-

382 4003 488 4053 lnni
519 3997 777 4052 delent‘in
798 4004 923 4050 ante
946 4009 1128 4049 vocem
1144 3997 1410 4060 universae,
1439 4005 1494 4050 et
1519 4011 1616 4064 pro
1641 3999 1832 4051 unitate
1864 3999 1959 4052 ha-

379 4070 508 4124 bent
534 4069 772 4130 invitatw.
790 4065 1243 4134 Supplevimusex
1268 4066 1452 4136 codice
1471 4065 1763 4120 Veronensi
1788 4085 1958 4136 usque

381 4141 447 4194 ad
486 4139 783 4210 aboleantur
821 4143 1057 4210 peccata,
1082 4135 1319 4210 exceptis
1367 4136 1536 4210 tribus
1568 4137 1787 4210 vocibus
1816 4135 1957 4210 pacis

383 4211 553 4278 primo
581 4209 811 4278 Ioeo,_et
959 4205 1226 4278 charitatis
1252 4222 1266 4269 ,
1307 4221 1425 4278 qua:
1458 4207 1511 4278 in
1539 4207 1658 4261 aliis
1684 4205 1957 4265 codicibus

382 4275 697 4334 retinentur.
731 4276 812 4330 Ex
836 4277 934 4328 hac
966 4290 1094 4329 vero
1123 4275 1326 4344 integra
1360 4277 1588 4331 lectione
1614 4281 1958 4346 cognoscitur

381 4348 650 4404 defectum
678 4347 904 4415 aliorum
935 4346 1323 4414 exemplarium
1350 4350 1417 4400 ab
1443 4349 1742 4415 antiquiore
1771 4351 1957 4405 codice

380 4419 638 4488 originem
684 4413 912 4488 ducere,
958 4415 1012 4488 in
1045 4413 1149 4488 quo
1176 4419 1519 4471 amanuensis
1552 4413 1648 4486 per
1678 4420 1873 4473 saltum
1923 4436 1954 4474 a

385 4485 552 4556 prima
581 4501 710 4543 voce
739 4487 880 4557 pacis
917 4485 984 4540 ad
1027 4487 1248 4558 alteram
1298 4490 1635 4542 transcurrit.
1664 4488 1953 4558 Sequentia

381 4575 496 4627 quw
514 4561 797 4625 majorum,
821 4565 951 4628 etc_._,
983 4572 1151 4624 usque
1178 4557 1242 4611 ad
1272 4559 1648 4622 commiserunt,
1681 4557 1956 4628 exemplar

380 4625 574 4684 Crabbi
600 4625 1094 4698 exhibuitLveron.
1117 4628 1454 4698 omittitqzue
1481 4629 1564 4683 vel
1585 4631 1694 4698 qui,
1728 4639 1782 4685 et
1811 4625 1960 4684 aildit

385 4699 794 4778 prepositoruin.
836 4696 996 4778 Vind.
1036 4712 1150 4766 qua:
1189 4695 1424 4767 praefert.
1459 4695 1617 4752 Barb'.
1662 4709 1716 4754 et
1755 4701 1954 4756 Veron.

382 4776 735 4820 commiserunt
767 4776 1000 4821 tuentur.

451 4837 480 4875 ά
517 4836 650 4891 Cod.
681 4832 906 4902 Veram,
949 4835 1069 4890 inde
1091 4837 1454 4892 transmarina.
1488 4837 1676 4903 Barb.,
1702 4840 1764 4892 de
1790 4848 1957 4894 trans-

381 4908 604 4971 marina,
627 4905 715 4960 ubi
732 4906 797 4958 de
820 4920 917 4974 pro
936 4905 1056 4960 inde
1080 4907 1338 4974 scriptum
1363 4906 1480 4961 fuit.

456 4988 480 5016 ο
519 4977 650 5044 Quae
676 4974 983 5045 parenthesi
1010 4976 1216 5031 inclusa
1237 4977 1454 5032 cursivo
1479 4977 1794 5034 charactere
1813 4981 1957 5034 inse-

381 5050 586 5104 ruimus
614 5087 630 5113 ,
671 5060 738 5101 ex
784 5045 1037 5119 Dionysio
1081 5056 1135 5119 et
1173 5046 1359 5119 Isidori
1386 5048 1705 5119 collectione
1742 5060 1952 5119 sumpta

379 5129 524 5185 sunt,
547 5132 716 5187 eaque
744 5119 810 5172 ad
837 5116 1096 5172 canonem
1115 5117 1363 5172 breviarii
1389 5116 1440 5172 in
1457 5133 1562 5187 quo
1575 5119 1642 5174 de
1662 5116 1952 5176 Donatistis

377 5201 554 5245 actum
595 5197 678 5244 est
723 5188 1022 5257 pertinere,
1052 5188 1404 5256 ultimumque
1425 5189 1666 5257 ejusdem
1694 5189 1948 5247 breviarii

377 5274 636 5330 canonem
660 5257 1014 5330 constituere,
1028 5273 1104 5330 _ex
1131 5257 1388 5330 Dionysio
1403 5272 1456 5314 et
1477 5261 1768 5314 Isidoriana
1785 5263 1949 5316 colle-

378 5329 556 5384 ctione
573 5329 916 5412 probaviinus
937 5329 992 5382 in
1011 5328 1432 5410 :I'ractatu'part.
1449 5346 1504 5396 ii,
1519 5345 1568 5386 c.
1591 5333 1647 5395 ὅ,
1666 5331 1692 5454 ᾖ
1711 5330 1761 5408 5,
1787 5347 1838 5385 ιι.
1860 5334 1950 5388 47.
1976 5344 1981 5349 ·

379 5398 576 5454 Confer
600 5413 719 5454 uuae
748 5399 942 5454 ibidem
971 5400 1344 5454 disseruimus.
1378 5401 1445 5454 Ut
1469 5411 1646 5454 autem
1689 5417 1808 5454 1330.
1835 5418 1956 5454 dum

379 5398 576 5454 Confer
600 5413 719 5465 quae
735 5399 942 5471 ibidem
971 5399 1344 5454 disseruimus.
1378 5401 1445 5454 Ut
1469 5411 1646 5456 autem
1670 5398 1808 5467 Iiazc,
1835 5418 1956 5471 quae

377 5482 497 5524 curn
526 5469 967 5524 antecedentibus
1008 5485 1170 5524 unum
1209 5485 1470 5525 canonem
1500 5469 1956 5527 constitiiisse'vi-

375 5537 594 5611 dentur,
613 5552 846 5611 congrue
856 5539 1166 5611 jungantur,
1190 5541 1558 5608 praemittenda
1589 5543 1797 5597 videtur
1827 5558 1954 5611 par-

379 5607 536 5660 ticula
567 5606 809 5681 Interim,
839 5609 920 5681 vel
953 5606 1154 5681 aliquid
1175 5606 1368 5664 simile.
1393 5611 1726 5681 SimpliCiani
1755 5606 1952 5668 nomen

375 5676 614 5754 congruit
639 5677 867 5754 tempori
883 5692 992 5754 quo
1013 5676 1332 5754 breviarium
1359 5676 1637 5749 scripium,
1666 5697 1720 5754 et
1744 5684 1954 5754 synodo

379 5745 631 5816 plenarite
650 5744 1051 5815 Cartliagincnsi
1076 5762 1164 5802 an.
1188 5749 1294 5805 597
1320 5744 1578 5808 insertum
1602 5753 1720 5807 fuit.
1742 5744 1798 5807 In
1825 5753 1954 5818 Hip-

2069 3278 2448 3350 cipationibus,
2477 3279 2545 3332 de
2567 3278 2760 3347 quibus
2785 3277 3173 3332 consulendum
3204 3279 3538 3347 censuimus,
3577 3296 3675 3334 re-

2066 3373 2216 3428 I’cctis
2242 3381 2296 3427 et
2325 3371 2520 3444 agnitis
2551 3371 2842 3439 subscripsi
2877 3381 2923 3421 τι.

2065 3510 2291 3578 ponensi
2324 3525 2451 3564 vero
2481 3526 2567 3563 an.
2598 3509 2720 3573 593,
2749 3525 2844 3579 pro
2871 3509 3232 3574 Simpliciano,
3264 3513 3489 3578 quitum
3515 3525 3669 3564 nun-

2063 3580 2189 3632 dum
2238 3580 2304 3633 ad
2337 3581 2702 3649 episcopatum
2756 3590 3093 3646 pervenerat,
3141 3582 3414 3636 Ambrosii
3447 3596 3664 3636 nomen

2067 3649 2262 3704 lectum
2296 3651 2460 3704 fuisse
2489 3652 2619 3704 nihil
2650 3651 3025 3717 ambigendum
3055 3663 3156 3706 est.

2143 3719 2162 3757 ί
2208 3721 2321 3775 Duo
2349 3730 2635 3788 sequentes
2656 3735 2888 3774 canones
2910 3722 2973 3774 ad
2995 3722 3318 3776 breviarium
3346 3738 3450 3775 non
3473 3726 3628 3790 perti
3649 3755 3666 3764 -

2067 3797 2216 3862 nent,
2243 3807 2305 3844 ac
2327 3792 2551 3858 proinde
2575 3792 2625 3844 in
2649 3791 2770 3844 cod.
2798 3791 3094 3846 Veronensi
3115 3792 3236 3860 jure
3253 3808 3358 3846 non
3377 3793 3665 3862 leguntur.

2063 3860 2119 3914 In
2147 3875 2248 3914 ms.
2274 3863 2428 3916 Barb.
2476 3876 2700 3914 numero
2730 3867 2933 3914 carent.
2971 3862 3068 3915 Hic
3095 3873 3270 3916 autem
3315 3860 3488 3916 canon
3519 3878 3670 3917 coii-

2058 3932 2200 4004 ditus
2220 3933 2325 4004 luit
2355 3948 2382 3983 a
2406 3932 2635 4004 concilio
2651 3931 2903 4004 pleriario
2920 3947 3008 3984 an.
3042 3933 3172 4004 {597,
3192 3943 3259 4004 et
3283 3933 3671 4004 apudDiony-

2061 4002 2198 4054 sium
2220 4002 2445 4056 habetur
2470 4004 2521 4055 in
2552 4001 2686 4054 Cod.
2719 4001 2888 4055 Afric.
2918 4017 2968 4056 c.
3001 4001 3071 4058 49
3103 4013 3156 4057 et
3187 4003 3275 4062 50.
3305 4001 3447 4072 apud
3476 4001 3662 4059 Isidﬂ-

2059 4086 2182 4124 rum
2213 4089 2339 4126 vero
2364 4074 2414 4126 in
2445 4072 2852 4138 Cartlinginensi
2884 4087 2961 4136 ιιι,
2981 4087 3030 4126 c.
3064 4073 3134 4129 '59
3154 4083 3210 4126 et
3237 4073 3326 4128 40.

2133 4150 2158 4186 ε
2199 4142 2375 4207 Dion.,
2413 4143 2652 4208 proximi.
2682 4140 2842 4196 DeeSt
2871 4144 2924 4196 in
2959 4157 3062 4197 ms.
3087 4143 3247 4198 Barb.

2130 4208 2158 4246 ¹ι
2197 4215 2284 4266 Sic
2316 4213 2492 4276 Dion.,
2514 4212 2637 4266 Isid.
2670 4221 2726 4265 et
2753 4211 2872 4266 cod.
2909 4213 3091 4277 Barb.,
3118 4214 3437 4270 concinente
3460 4214 3654 4271 Grani“!

2066 4283 2339 4338 versione.
2371 4285 2597 4350 Qua.an
2627 4284 3021 4337 ordinationem.

2151 4350 2162 4388 ί
2211 4353 2367 4407 Dion.
2388 4363 2450 4426 _et
2473 4353 2597 4407 Isid.
2619 4393 2634 4416 ,
2667 4354 3043 4426 ecclesiastica}.
3077 4353 3208 4426 Dein
3241 4355 3335 4407 hac
3372 4355 3655 4426 suppleti.

2063 4437 2182 4476 mus
2209 4437 2275 4476 ex
2303 4423 2489 4478 iisdem
2524 4422 2918 4490 exemplaribus
2949 4433 3002 4477 et
3031 4424 3152 4479 cod.
3189 4425 3349 4479 Barb.

2135 4494 2148 4541 l
2198 4494 2398 4559 Quesn.
2426 4495 2612 4546 inserit
2638 4495 2929 4558 episcopos.
2965 4494 3330 4562 Expunximus
3359 4511 3483 4548 cum
3511 4513 3666 4554 mss.

2061 4561 2313 4627 Vindeb.,
2337 4563 2520 4635 Barb.,
2547 4563 2701 4616 Dion.
2727 4573 2779 4615 et
2807 4563 2933 4617 Isid.
2955 4561 3120 4619 Paulo
3165 4576 3286 4633 post
3311 4580 3408 4635 pro
3433 4583 3673 4634 possunt

2065 4641 2171 4702 tres
2199 4635 2372 4687 ultimi
2402 4633 2614 4688 codices
2637 4641 2835 4702 potero.

2135 4700 2161 4739 ¹ι
2197 4702 2439 4776 Verbum
2463 4700 2745 4772 adjunqere
2763 4717 2885 4758 cum
2917 4702 3105 4760 iisdem
3135 4705 3304 4762 tribus
3323 4706 3676 4776 exemplari-

1987 4789 2040 4850 ι)
2064 4773 2164 4850 bus
2193 4774 2680 4850 inserendumfujt.

2141 4841 2159 4880 ι
2204 4844 2274 4896 Ita
2293 4859 2513 4915 omnes.
2540 4843 2700 4898 Solus
2720 4843 3040 4915 Quesiiellus
3061 4889 3074 4914 ,
3107 4847 3378 4915 siquando.
3472 4891 3514 4905 ,ν

2132 4923 2173 4951 ω
2190 4913 2539 4997 ,ΟρᾱηΑίι-ἰε..
2568 4923 2669 4968 tres
2693 4912 2916 4994 episcopi
2932 4912 3081 4997 jam;
3104 4912 3198 4971 sed
3219 4917 3383 4972 editio
3403 4915 3672 4989 Dionysii

2063 4985 2201 5054 apud
2233 4984 2514 5039 Justellum
2547 4999 2732 5039 vocem
2763 4985 2986 5055 episcopi
3015 4986 3247 5055 ignorat.
3550 4984 3571 4989 ⁷

2133 5055 2499 5135 {Iliae-canon
2529 5063 2732 5135 spectat
2759 5054 2825 5135 ad
2863 5056 3124 5135 synodum
3157 5054 3668 5135 cartliaginenseiii

2061 5123 2203 5198 anni
2219 5124 2316 5178 401
2370 5124 2545 5198 idibus
2577 5123 2940 5198 Septembris;
2979 5129 3173 5198 legitur
3198 5128 3249 5181 in
3280 5129 3414 5182 Cod.
3447 5129 3676 5198 Διὶ-ἢκἿ

2058 5208 2106 5249 c.
2143 5194 2238 5263 72,
2284 5204 2336 5269 e_t
2391 5195 2532 5264 apud
2578 5195 2838 5250 Isidorurn
2892 5198 2944 5250 in
2991 5194 3216 5252 concilio
3251 5194 3680 5269 Carthagine";

2055 5279 2183 5330 διν,
2217 5279 2266 5319 c.
2297 5264 2352 5318 6.

2139 5342 2163 5369 ο
2203 5335 2408 5417 Desunt
2452 5335 2506 5389 in
2555 5349 2656 5390 ms.
2689 5334 2981 5399 Oxoniensi
3019 5351 3180 5392 voces
3215 5339 3280 5394 de
3312 5339 3514 5394 traditis
3561 5343 3685 5398 sibi

2061 5416 2413 5459 sacramentis.

2135 5485 2161 5524 Ρ
2199 5475 2333 5529 Cod.
2363 5476 2562 5530 Vervn.
2597 5491 2878 5546 perperam
2911 5475 3094 5532 inserit
3118 5481 3346 5534 verbum
3369 5479 3499 5533 dixit
3541 5497 3559 5533 :
3599 5498 3684 5538 ex

2063 5546 2253 5620 eodem
2285 5560 2412 5599 vero
2453 5562 2556 5620 _ms_._
2587 5559 2639 5601 et
2660 5563 2723 5603 ex
2749 5547 2912 5620 Bari).
2935 5549 3235 5602 addidimus
3256 5548 3356 5604 Itis.
3382 5551 3498 5604 Mox
3563 5568 3690 5620 pro

2065 5617 2350 5670 censuimus
2369 5617 2488 5669 cod.
2518 5617 2713 5672 Veron.
2748 5619 2906 5672 habet
2935 5623 3227 5672 statuimus.

2137 5696 2164 5734 τι
2199 5687 2335 5758 βοά.
2362 5685 2567 5758 Veron.
2607 5688 2752 5741 addit
2801 5697 2856 5740 et
2899 5692 3066 5742 creteri
3105 5691 3362 5744 similiter.
3413 5689 3690 5758 Emam

2063 5756 2334 5810 concilium
2352 5755 2402 5809 Η
2408 5759 2723 5826 ipponiense.
2741 5758 2922 5826 Barb.,
2946 5768 2993 5812 et
3023 5763 3190 5815 ca'teri
3215 5755 3692 5829 subscripserunt.
