3888 6182
300 408 404 472 435

385 527 547 582 XXIV
605 521 708 588 Qui
733 525 947 595 auguria
977 529 1022 575 et
1045 519 1244 574 somnia
1265 519 1554 573 observant.

381 639 542 691 XXV.
578 638 674 701 Qui
716 650 952 705 sponsam
985 629 1165 694 habet,
1205 638 1254 683 et
1291 629 1452 682 sorori
1495 629 1606 697 ejus
1653 625 1878 678 .‘ntulrrit

305 734 614 782 violentiam.

376 840 555 894 (Isson
588 839 624 890 Ι.
652 847 678 874 ⁸
700 835 1047 906 Prcsbyteros
1068 833 1156 903 qui
1175 832 1601 894 immolaverunt,
1625 838 1677 886 et
1696 838 1878 898 postea

310 932 500 985 iterum
519 938 786 983 Certamen
812 927 1063 988 inierunt,
1085 925 1129 978 si
1148 923 1250 978 hoc
1271 923 1442 993 ipsum
1465 936 1529 976 ex
1548 921 1675 986 fide,
1697 927 1752 974 et
1771 935 1880 973 non

307 1024 484 1092 aliqum
504 1034 819 1090 argumento
841 1019 1054 1074 sibimet
1070 1024 1430 1087 praeparantes
1443 1024 1684 1084 egerunt,
1704 1012 1877 1066 inite-

309 1127 427 1171 ttsm
459 1113 626 1167 teucri
656 1112 992 1171 viderentur;
1020 1107 1045 1146 δ
1067 1109 1112 1162 si
1141 1123 1268 1176 ergo
1293 1121 1357 1162 ex
1391 1105 1494 1159 (ide
1524 1105 1702 1158 luctati
1733 1113 1878 1167 sunt,

243 1187 246 1190 i
306 1213 362 1259 et
394 1218 495 1255 nou
527 1217 590 1256 ex
622 1210 901 1270 cOutpacto
924 1198 991 1252 atl
1021 1197 1434 1252 ostentationem
1461 1206 1483 1234 ο
1521 1195 1596 1248 ιιιί
1625 1209 1881 1260 caperen-

310 1308 400 1347 tur
423 1295 520 1359 ipsi
551 1293 827 1348 fecerunt:
862 1290 958 1343 hos
986 1288 1186 1353 placuit
1209 1291 1466 1341 honorem
1495 1284 1711 1352 quidem
1735 1283 1881 1339 sedis

309 1384 536 1453 propriae
567 1381 593 1418 (ι
627 1396 840 1444 tenere;
879 1378 1073 1434 oﬂ‘erre
1110 1388 1284 1434 autem
1327 1377 1450 1440 illis,
1488 1386 1540 1430 et
1576 1390 1878 1430 sermonem

306 1474 372 1527 ad
405 1473 653 1542 populum
688 1475 881 1534 facere,
914 1478 1005 1522 aut
1032 1468 1300 1538 aliquibus
1331 1478 1354 1506 ο
1380 1468 1567 1521 officiis
1601 1464 1742 1534 {ungi
1773 1481 1879 1518 non

307 1564 483 1618 licett.

381 1656 442 1709 ll.
477 1655 739 1710 Diaconos
785 1654 1032 1710 similiter
1071 1655 1159 1724 qui
1207 1653 1645 1716 immolaverunt,
1697 1663 1881 1720 postea

309 1758 484 1802 autem
511 1746 530 1785 τ
564 1748 806 1802 reluctati
850 1756 1003 1807 sunt.
1028 1761 1150 1802 eum
1187 1744 1339 1816 107
1366 1745 1579 1815 quidem
1621 1744 1878 1799 honorem

309 1838 510 1894 habere
537 1847 562 1886 Β
587 1848 828 1908 oportet;
860 1852 1072 1893 cessare
1101 1852 1228 1891 vero
1269 1835 1466 1891 debent
1493 1835 1560 1890 ab
1601 1836 1744 1889 omni
1784 1850 1881 1890 sa-

310 1945 402 1985 cro
432 1930 747 1998 ministerio,
774 1929 845 1984 ita
882 1943 932 1983 ιιι
980 1944 1076 1985 uec
1106 1943 1326 2000 panem,
1358 1941 1457 1982 nec
1499 1927 1718 1982 calicem
1749 1925 1881 1980 olfe-

309 2031 450 2091 rant,
484 2037 582 2077 nec
611 2023 990 2090 pronuntient;
1026 2021 1124 2074 nisi
1155 2020 1293 2076 forte
1320 2019 1481 2088 aliqui
1509 2018 1884 2088 episcoporum

310 2114 508 2168 conscii
551 2115 659 2167 sint
699 2113 898 2167 laboris
926 2125 1142 2176 eorum,
1166 2119 1219 2162 et
1262 2108 1601 2172 humilitatis,
1632 2115 1688 2162 et
1732 2121 1883 2160 man-

309 2205 625 2269 suetudinis,
648 2212 704 2259 et
729 2204 995 2258 voluerint
1033 2202 1112 2254 eis
1153 2200 1382 2268 amplius
1421 2197 1619 2268 aliquid
1644 2188 1887 2252 tribuere

311 2295 394 2350 vel
426 2296 662 2348 adimere
691 2311 705 2347 :
737 2308 898 2362 penes
931 2295 1074 2359 ipsos
1102 2305 1229 2360 ergo
1254 2290 1322 2344 de
1347 2288 1431 2344 bis
1460 2289 1562 2342 erit
1592 2295 1848 2353 potestas.

383 2385 470 2439 Ill.
502 2384 580 2440 De
627 2384 708 2437 his
748 2385 837 2454 qui
885 2384 1146 2453 fugientes
1174 2379 1202 2418 ιι
1235 2393 1473 2448 tempore
1504 2375 1887 2448 persecutionis

311 2475 688 2543 comprehensi
720 2485 843 2529 sunt
865 2475 948 2528 vel
974 2491 1000 2526 a
1033 2472 1406 2536 familiaribus,
1432 2474 1546 2526 sive
1573 2486 1600 2523 a
1631 2471 1888 2524 domesti-
1927 2473 1934 2480 '

314 2565 392 2620 t'iS
437 2564 651 2631 traditi,
685 2562 702 2600 ί
735 2565 820 2618 vel
877 2565 966 2634 qui
1013 2564 1149 2617 bona
1193 2563 1406 2631 propria
1435 2561 1753 2624 amiserunt,
1801 2561 1887 2616 vel

314 2654 680 2710 sustinuerunt
726 2664 1018 2720 tormenta,
1052 2653 1134 2708 vel
1166 2655 1325 2707 etiam
1358 2652 1664 2707 carceribus
1697 2650 1888 2705 inclusi

311 2757 436 2801 sunt
455 2786 471 2812 ,
503 2754 558 2801 et
586 2755 767 2801 tanien
795 2760 856 2801 se
882 2745 1344 2816 pri-telamaverunt
1371 2758 1491 2798 esse
1519 2743 1886 2806 Christianos;

314 2836 444 2904 quin
486 2837 646 2890 etiam
695 2845 1074 2906 perseverante
1120 2835 1375 2889 violentia
1409 2835 1424 2884 i
1461 2834 1526 2886 ad
1569 2835 1669 2887 huc
1721 2846 1888 2901 usque

316 2926 553 2993 perducti
583 2935 737 2991 sunt,
770 2936 826 2982 ιιι
859 2943 1048 2981 manus
1084 2942 1269 2982 eorum
1309 2927 1670 2995 appreltensas
1697 2935 1753 2981 et
1778 2925 1892 2978 vio-

318 3019 492 3072 lenter
530 3029 782 3074 attractas
825 3032 986 3089 super
1033 3021 1293 3074 sacrificia
1317 3018 1345 3058 ιι
1374 3019 1744 3088 imponerent.
1785 3018 1892 3072 illis

317 3107 522 3164 scilicet
553 3109 1018 3175 perseverantibus
1045 3111 1099 3163 in
1130 3111 1232 3164 fide
1258 3119 1314 3164 et
1337 3107 1667 3164 Christianos
1687 3124 1746 3164 se
1770 3123 1890 3182 esse

1247 403 1585 464 APPENDIX
1623 403 1712 458 AD
1749 401 1806 456 S.
1845 399 2087 456 LEONIS
2122 398 2334 455 MAGNI
2370 396 2616 454 OPERA.

1910 518 1958 576 Α
1989 509 2335 564 inviticoacti
2358 517 2502 571 sunt,
2531 506 2755 560 doceant
2780 522 2793 569 ;
2818 505 2913 558 hos
2935 512 3186 575 tanquam
3209 503 3505 570 inculpa'us
3525 517 3555 556 a

3455 395 3566 457 ι’θ,

1979 598 2354 652 communione
2378 613 2484 650 non
2509 596 2700 650 vetari.
2731 593 2786 651 Si
2817 602 2992 650 autem
3015 594 3122 663 jam
3152 593 3404 662 prohibiti
3431 604 3558 648 sunt

1979 691 2048 744 ab
2067 689 2330 758 aliquibus
2353 703 2384 742 a
2402 686 2800 752 communione,
2829 687 3047 754 majoris
3075 687 3365 756 diligentiae
3393 693 3449 740 et
3475 687 3558 739 in-

1977 779 2278 848 quisitionis
2320 792 2502 843 causa,
2545 785 2637 830 aut
2681 791 2775 846 per
2821 777 3124 846 aliquorum
3175 775 3556 844 ignorantiam,

1979 871 2157 924 statim
2182 869 2346 937 recipi
2368 877 2638 938 Oportere.
2664 867 2776 922 Hoc
2803 877 2980 922 autem
3007 866 3280 922 observari
3305 866 3562 921 convenit

1979 971 2030 1016 et
2056 961 2126 1016 de
2146 959 2355 1016 clericis
2381 968 2409 998 ιι
2433 969 2489 1015 et
2508 963 2578 1014 de
2601 958 2851 1014 omnibus
2879 957 3052 1013 laicis.

2051 1070 2139 1124 iV.
2170 1078 2196 1106 ο
2223 1071 2412 1126 Laicos
2439 1083 2568 1125 sane
2595 1070 2684 1138 qui
2724 1069 2779 1124 in
2813 1068 3162 1124 necessitates
3190 1067 3394 1122 similes
3423 1068 3560 1122 inei-

1979 1160 2172 1216 dcrunt
2195 1173 2250 1216 et
2285 1173 2504 1228 causas,
2553 1168 2802 1226 tanquam
2839 1159 2931 1228 qui
2970 1159 3100 1212 nihil
3133 1158 3473 1226 peccaverint
3499 1167 3558 1224 ιι,

1980 1251 2214 1306 maxime
2239 1250 2361 1318 quia
2387 1264 2482 1303 eos
2507 1251 2610 1302 vita
2649 1248 2938 1318 probabilis
2962 1248 3335 1312 commendat,
3365 1246 3435 1302 ad
3461 1261 3560 1300 or-

1980 1342 2306 1396 dinationem
2335 1338 2501 1408 recipi
2534 1340 2748 1406 placuit.

2056 1451 2119 1505 V.
2155 1449 2228 1506 De
2249 1450 2332 1505 bis
2351 1451 2438 1519 qui
2462 1464 2567 1503 non
2589 1451 2761 1502 solum
2784 1447 3087 1502 sacriﬁmrc
3102 1448 3274 1503 coacti
3293 1458 3436 1514 sunt,
3459 1448 3562 1504 sed

1982 1551 2038 1596 et
2061 1542 2130 1596 de
2153 1541 2235 1596 his
2263 1539 2353 1610 qui
2377 1541 2426 1593 iu
2461 1539 2672 1607 templis
2705 1539 2961 1592 idolorum
2985 1548 3331 1594 omnaveruut
3354 1557 3367 1592 :
3394 1540 3439 1593 si
3464 1539 3562 1608 qui

1981 1649 2165 1687 eorum
2193 1647 2314 1686 cum
2351 1631 2536 1684 habitu
2558 1629 2781 1684 cultiore
2815 1631 2880 1683 ad
2912 1630 3107 1698 templa
3135 1631 3374 1700 perducti
3396 1643 3559 1691 sunt.

1979 1732 2141 1792 atque
2171 1724 2326 1795 108
2351 1721 2443 1790 ibi,
2464 1721 2531 1775 ad
2555 1722 2654 1775 hoc
2675 1731 2702 1770 ιι
2717 1723 2942 1790 pretiosa
2969 1729 3114 1774 veste
3137 1731 3361 1790 mutata,
3383 1735 3562 1776 caena

1985 1813 2267 1883 participes
2292 1813 2414 1869 facti
2435 1821 2560 1866 sunt
2585 1811 2872 1875 idolorum,
2897 1810 3258 1865 indiﬂerenter
3285 1821 3567 1866 sumentes

1985 1907 2163 1961 omnia
2202 1920 2320 1975 quae
2359 1904 2571 1960 fuerant
2617 1903 2888 1972 apposita;
2924 1902 3121 1970 placuit
3161 1915 3255 1956 eos
3295 1902 3434 1956 inter
3458 1917 3566 1956 au-

1985 1997 2193 2053 dientes
2219 2011 2325 2051 uno
2361 2009 2504 2051 anno
2529 1988 2819 2061 constitui;
2847 1994 3020 2049 tribus
3047 2001 3221 2048 autem
3252 1994 3371 2047 aliis
3400 1994 3567 2050 annis

1985 2103 2146 2158 agere
2176 2087 2574 2158 preuitentiam;
2601 2088 2694 2141 sed
2719 2102 2787 2142 ex
2814 2087 2930 2156 ipso
2955 2079 3205 2151 triennio,
3239 2096 3261 2123 τ
3294 2101 3388 2154 per
3413 2087 3570 2142 bien-

1987 2184 2133 2237 nium
2165 2181 2532 2237 tantummodo
2556 2180 2787 2234 orationi
2828 2179 3255 2243 communicare;
3283 2179 3440 2233 tertio
3463 2193 3572 2234 au-

1987 2283 2093 2331 tem
2112 2274 2256 2327 anno
2277 2271 2612 2328 reconciliari
2636 2269 3004 2326 sacramentis.

2061 2386 2145 2439 Vl.
2177 2386 2447 2454 Quotquot
2467 2390 2646 2438 autem
2681 2392 2703 2419 ⁸
2731 2381 3090 2436 ascenderunt
3114 2379 3169 2435 in
3197 2379 3390 2451 templa
3414 2393 3569 2436 veste

1990 2476 2226 2546 lugubri,
2253 2485 2309 2530 ct
2350 2474 2723 2530 recumbentes
2757 2474 2776 2508 ί
2809 2471 3297 2536 manducaverunt,
3338 2471 3383 2526 si
3412 2484 3574 2526 como

1988 2569 2249 2638 pleverint
2276 2570 2644 2638 ptenitentiam
2678 2570 2900 2624 triennis
2926 2567 3212 2638 temporis,
3256 2571 3373 2622 sine
3414 2567 3574 2622 obla-

1989 2661 2134 2713 tione
2159 2659 2487 2727 recipiantur
2515 2669 2566 2713 ιι.
2591 2660 2647 2714 Si
2675 2669 2850 2715 autem
2876 2658 3116 2729 perducti
3143 2658 3210 2714 ad
3240 2659 3433 2729 templa
3455 2673 3571 2714 non

1989 2749 2480 2815 manducaverunt,
2523 2750 2739 2806 biennio
2804 2759 3054 2806 maneant
3107 2750 3160 2804 in
3215 2752 3569 2818 poenitentia,

1991 2842 2149 2895 tertio
2181 2855 2308 2896 vero
2335 2851 2365 2880 ν
2393 2857 2535 2898 anno
2563 2842 2994 2910 communicent,
3017 2842 3108 2897 sed
3137 2843 3251 2897 sine
3271 2843 3570 2908 oblatione,

1990 2941 2049 2986 ut
2075 2929 2272 2986 dictum
2301 2941 2385 2988 est
2413 2940 2462 2984 ι.
2511 2932 2834 3003 EpiscOpum
2872 2939 3050 2988 autem
3094 2933 3230 2986 hanc
3272 2931 3467 2987 habere
3498 2931 3574 2984 li-

1989 3022 2217 3079 centiam
2261 3031 2500 3091 oportet,
2537 3033 2596 3077 ut
2635 3035 2914 3092 perspecta
2958 3022 3290 3094 singulorum
3335 3037 3577 3077 conver-

1989 3114 2218 3177 satione,
2249 3129 2490 3168 normam
2518 3117 2859 3184 regulamque
2885 3125 2913 3164 γ
2949 3116 3378 3171 conversationis
3410 3115 3576 3169 attri-

327 3199 344 3236 ι
383 3199 836 3256 vociferantibus:
872 3205 974 3256 hoc
1000 3215 1127 3271 ergo
1153 3203 1295 3271 quod
1323 3200 1402 3257 eis
1431 3201 1629 3262 invitis,
1656 3201 1773 3255 aliis
1799 3216 1890 3261 co-
1914 3223 1962 3286 ο
1993 3204 2122 3259 buat
2154 3222 2166 3257 :
2201 3203 2252 3258 id
2289 3213 2401 3270 est,
2440 3215 2531 3258 aut
2580 3205 2862 3261 humanius
2910 3221 3075 3274 agens
3114 3205 3405 3262 secundum
3446 3206 3582 3262 vita

320 3290 586 3358 gentibus,
628 3290 949 3360 contigit,si
998 3291 1140 3346 luctu
1167 3302 1224 3345 et
1252 3305 1484 3346 merere
1508 3291 1892 3346 animi'acetbe
1999 3294 2250 3362 modum,
2305 3303 2515 3364 tempus
2569 3296 2726 3351 alicui
2787 3297 3114 3363 paenitentia:
3161 3295 3431 3364 breviare,
3479 3305 3584 3354 aut

319 3395 382 3436 se
402 3380 454 3435 id
487 3381 624 3436 ferre
651 3381 1049 3446 demonstrent,
1073 3381 1279 3449 ipsique
1299 3390 1340 3418 ω
1363 3382 1544 3435 humili
1575 3394 1670 3450 per
1705 3381 1897 3435 bonam
1999 3386 2157 3440 etiam
2199 3386 2474 3454 prolixius,
2503 3387 2640 3456 quod
2668 3388 2988 3442 correctioni
3033 3387 3394 3443 necessarium
3421 3386 3584 3442 ride-

321 3482 780 3529 conversattoncm
818 3472 1000 3527 habitu
1038 3473 1346 3528 incedentes
1373 3473 1555 3529 dolere
1591 3487 1651 3528 se
1678 3473 1730 3528 id
1755 3475 1896 3541 quod
2005 3476 2104 3543 rit,
2136 3484 2158 3512 ε
2185 3479 2352 3546 possit
2379 3475 2595 3532 addere.
2624 3477 2943 3533 Discutiatur
2983 3487 3159 3534 autem
3201 3477 3436 3536 omnium
3479 3473 3588 3531 ho-

397 3621 424 3651 ι
453 3613 587 3685 (iud.
615 3611 803 3685 Vind,
829 3611 1140 3685 Presbyteri.
1170 3614 1267 3666 Ms:
1301 3612 1424 3685 Vat.
1455 3611 1589 3668 1542
1612 3612 1747 3667 tituli
1779 3613 1898 3667 loco

327 3683 442 3738 haec
470 3683 665 3739 habet:
691 3683 768 3736 De
793 3683 1090 3755 presbyteris
1110 3685 1198 3751 qui
1224 3683 1632 3755 immolaverunt,
1658 3695 1702 3737 et
1729 3695 1900 3744 postea

322 3756 507 3805 iterum
528 3765 775 3807 certamen
795 3752 1042 3808 inierunt.
1064 3753 1348 3822 Sequentia
1368 3767 1495 3808 vero
1514 3752 1575 3808 Si
1595 3756 1687 3807 hoe
1710 3755 1896 3822 ipsum,

327 3833 429 3876 etc.
444 3863 456 3880 .
476 3825 664 3876 cationi
686 3823 947 3877 attribuit.

396 3890 427 3930 δ
451 3892 578 3950 Mss.
607 3893 875 3947 Ve'ronen.
917 3891 985 3949 5’5
1011 3902 1066 3947 et
1107 3893 1176 3948 58
1201 3907 1319 3948 cum
1358 3892 1503 3960 vulg.
1541 3892 1666 3945 Isid.
1703 3891 1904 3948 addunt

327 3968 378 4012 et
407 3964 667 4044 tormentis
697 3965 874 4044 subjici
903 3971 1202 4044 putarentur
1237 3973 1479 4044 tanquam
1505 3962 1760 4044 intriti‘..ln
1803 3961 1902 4016 Ve-

326 4045 446 4102 ron.
476 4031 544 4088 55
575 4034 687 4086 ιιωο
707 4030 1039 4101 ι’θὲὺθζψδι
1065 4033 1310 4102 leguntur
1333 4030 1388 4085 in
1415 4039 1592 4102 textu,
1619 4030 1720 4084 alia
1746 4047 1904 4102 manu

2004 3614 2104 3668 fere
2129 3630 2202 3667 se.
2241 3613 2302 3668 In
2333 3614 2529 3669 Veron.
2555 3613 2644 3680 55,
2679 3614 2765 3668 ubi
2798 3626 2976 3670 nOStra
3018 3613 3177 3670 lectio
3205 3614 3375 3683 prima
3413 3628 3588 3670 manu

2002 3684 2227 3807 legitur,
2272 3699 2430 3738 manu
2478 3683 2644 3739 altera
2688 3684 2802 3738 btec
2847 3683 3119 3752 Quesnelli
3169 3685 3327 3739 lectio
3359 3685 3588 3741 inducta

2027 3770 2072 3807 ιιι
2105 3794 2120 3807 .

2027 3763 2120 3809 tttt.

2076 3832 2104 3860 ιι
2141 3823 2450 3890 Vaticanus,
2492 3833 2541 3877 et
2582 3830 2639 3875 ut
2668 3823 2732 3876 de
2758 3823 2987 3877 omnibus
3025 3823 3170 3876 laicis
3196 3823 3370 3877 debeat
3407 3825 3589 3877 obser-

2005 3894 2133 3956 uari,
2163 3895 2493 3964 perquisitum
2521 3903 2594 3964 est
2609 3909 2627 3957 ;
2654 3908 2822 3946 verum
2845 3894 2996 3946 etiam
3021 3891 3118 3964 hoc
3135 3895 3180 3946 si
3207 3901 3441 3961 possunt,
3470 3906 3592 3948 etc-

2079 3972 2104 3998 °
2136 3960 2244 4018 SOII
2264 3960 2483 4017 codices
2525 3963 2680 4027 huius
2718 3963 3052 4019 collectionis
3081 3960 3181 4016 hoc
3204 3960 3412 4032 eaputa
3445 3978 3595 4032 prte-

2009 4032 2231 4088 ct‘dente
2261 4036 2565 4103 sejungunt.
2593 4033 2716 4087 Mox
2746 4035 2886 4103 vulg.
2919 4034 3069 4098 lsid.,
3105 4033 3160 4086 in
3186 4030 3376 4086 similes
3407 4030 3598 4088 neces-

328 4100 501 4156 deleta
533 4111 677 4156 sunt.
719 4103 835 4157 Mox
885 4100 980 4171 pro
1013 4119 1075 4156 ex
1113 4100 1375 4173 compacto
1414 4101 1702 4155 Vaticanus
1748 4101 1908 4157 habet
2007 4103 2170 4158 sitatis
2196 4100 2395 4156 causas.

328 4186 392 4223 ea:
418 4187 688 4227 consensa.
1229 4171 1235 4173 ”
1434 4192 1438 4195 ·
2082 4183 2108 4222 P
2139 4173 2347 4228 Thuan.
2377 4172 2526 4227 addit
2567 4172 2899 4228 ostendentes.
2946 4171 3065 4226 Mox
3108 4171 3328 4225 maxime
3368 4171 3490 4237 quia
3530 4173 3599 4228 in

404 4251 426 4279 ο
462 4241 694 4315 [iterque
733 4239 904 4296 codex
944 4240 1170 4310 Veron.,
1200 4251 1254 4296 ut
1295 4241 1621 4311 efferrentur.
1663 4239 1805 4300 Vat..
1851 4251 1908 4295 ιιι
2012 4242 2142 4296 solis
2171 4257 2300 4296 mss.
2335 4244 2495 4315 hujus
2516 4242 2880 4315 collectionis;
2923 4241 3010 4315 alii
3051 4241 3275 4315 aliarum
3305 4239 3600 4315 collectio-

328 4309 621 4380 operentur;
1155 4309 1159 4310 ⁷
1343 4309 1350 4311 '
2012 4327 2138 4366 num
2167 4327 2284 4364 cum
2313 4313 2455 4376 vulg.
2477 4312 2626 4378 lsid.,
2657 4309 2874 4366 maxime
2900 4313 2965 4374 si,
2993 4311 3206 4365 melius.
3299 4309 3353 4332 ν’

357 4377 370 4460 ς
401 4377 428 4416 ά
462 4382 636 4436 Nostri
657 4381 826 4438 Codd.
853 4382 1052 4438 Veron.
1085 4395 1138 4437 et
1165 4382 1288 4439 Vat.
1315 4396 1433 4438 cum
1471 4381 1618 4453 vulg.
1648 4380 1796 4444 lsid.,
1829 4395 1909 4435 re-
2083 4392 2111 4432 (ι
2145 4381 2339 4460 Veron.
2369 4381 2438 4460 =‘18
2457 4391 2514 4460 et
2538 4381 2862 4460 vulg._lsid.,
2883 4381 3200 4460 pretiosiore.

330 4450 512 4504 linere.
1568 4448 1591 4453 ⁷
2086 4461 2108 4490 τ
2141 4451 2230 4506 Sic
2256 4451 2432 4516 Vind.,
2457 4448 2652 4506 Veron:
2673 4451 2742 4505 58
2767 4461 2822 4505 et
2851 4448 2991 4518 vulg.
3019 4448 3146 4504 lsid.
3177 4449 3328 4518 Apud
3350 4450 3605 4517 Quesm,

405 4528 428 4556 °
461 4521 616 4593 Vulg.
641 4521 769 4578 lsid.
795 4533 848 4578 et
893 4521 998 4592 duo
1029 4535 1160 4579 mss.
1195 4523 1395 4580 Veron.
1438 4521 1640 4578 addunt
1675 4521 1907 4576 sacerdo-
2013 4522 2230 4576 biennio.
2263 4521 2321 4574 ln
2348 4522 2462 4575 aliis
2492 4522 2698 4578 duobus
2739 4521 2898 4576 codd.
2944 4519 3059 4576 Vat.
3084 4528 3140 4575 et
3156 4519 3354 4576 Veron.
3382 4522 3454 4577 55
3499 4523 3606 4576 hic

332 4589 537 4644 ratibus.
1931 4617 1985 4644 ν.
2010 4606 2181 4644 canon
2207 4591 2556 4644 desideratur.

1931 4617 1986 4678 ι)
2010 4606 2181 4678 canoro
2207 4591 2556 4646 desideratur.

2081 4669 2103 4696 ο
2134 4663 2359 4728 Quesn.,
2388 4667 2689 4716 ascendunt.
2721 4660 3063 4715 Correximus
3085 4674 3151 4714 ex
3176 4674 3306 4714 mss.
3328 4659 3493 4714 codd.

2083 4733 2101 4767 ί
2135 4731 2358 4787 Codices
2404 4732 2567 4785 nostri
2599 4731 2824 4786 aliarum
2860 4729 3231 4785 collectionum
3274 4745 3395 4784 cum
3435 4731 3608 4798 vulg.

2008 4800 2132 4856 Isid.
2160 4799 2360 4855 addunt
2381 4801 2513 4854 inter
2532 4800 2680 4854 alios.

2077 4879 2105 4907 ιι
2135 4871 2291 4940 Vulg.
2325 4869 2447 4925 lsid.
2469 4882 2519 4925 et
2549 4871 2667 4923 cod.
2698 4869 2892 4923 Veron.
2916 4869 2985 4925 58
3013 4869 3209 4940 addunt
3252 4869 3321 4922 ad
3351 4883 3607 4923 commu-

2011 4939 2253 5003 nionem,
2270 4941 2326 4994 id
2351 4950 2423 4994 est
2450 4949 2502 4995 ut
2528 4940 2628 5006 ipsi
2647 4939 2948 4993 oblationem
2973 4955 3073 4993 non
3099 4939 3335 5006 olferant.

2080 5021 2108 5048 ν
2134 5012 2327 5066 Vocem
2359 5027 2513 5077 anno,
2545 5011 2762 5065 omnino
2799 5012 3180 5077 necessariam,
3217 5009 3614 5080 supplevimlll

2008 5097 2070 5137 ex
2101 5083 2294 5136 nostris
2320 5095 2450 5136 mss.

2081 5161 2106 5188 κ
2137 5151 2292 5220 Vulg.
2338 5152 2458 5204 Isid.
2493 5150 2668 5208 addit.
2707 5151 2768 5222 in
2817 5159 2998 5222 quarto
3027 5158 3192 5222 autem
3221 5164 3354 5203 anno
3391 5151 3617 5222 perfec-

2007 5224 2194 5275 tionem
2236 5219 2382 5276 suam
2423 5223 2690 5288 recipiant.
2734 5219 2897 5276 Paulo
2935 5219 3268 5273 dissimiliter
3309 5219 3436 5274 cod.
3481 5219 3616 5272 Ve-

2011 5308 2129 5347 ron.
2161 5292 2251 5356 58,
2289 5301 2342 5345 ut
2367 5302 2547 5361 quarto
2579 5293 2681 5356 iam
2709 5308 2843 5344 anno
2870 5293 3220 5360 perfedionem
3262 5304 3408 5342 suam
3449 5291 3605 5342 acci-

2010 5366 2173 5431 piant.
2208 5362 2351 5427 Vat.,
2385 5363 2740 5434 perfectionem
2784 5363 2955 5432 quarti
3003 5363 3121 5413 anni
3151 5371 3376 5430 tempore
3413 5375 3622 5414 causa»

2046 5441 2251 5486 ttantttr.

2007 5449 2319 5556 ⁹²⁴ῗηὲἒ¹ἔέχ
2364 5516 2492 5556 mss.
2523 5501 2756 5561 Thuan..
2789 5499 2969 5560 Vind,
3003 5499 3198 5554 Veron.
3245 5497 3313 5554 58
3351 5509 3406 5554 et
3451 5499 3622 5565 vulg.

2013 5571 2136 5626 lsid.
2165 5575 2312 5641 Apud
2339 5573 2678 5638 Quosnellum
2696 5613 2710 5633 .
2736 5572 3056 5640 prenitentire.

2085 5653 2115 5717 '_
2142 5643 2366 5702 Vitttleh.
2388 5643 2655 5717 et_Veron.
2686 5641 2755 5698 58
2781 5643 2956 5697 delent
2982 5641 3175 5707 possit;
3203 5653 3297 5710 [ro
3321 5654 3429 5709 quo
3455 5643 3638 5717 vnlg,

2014 5713 2117 5771 ISid
2173 5721 2326 5774 huhct
2352 5713 2525 5768 addat.

408 4657 427 4695 τ
457 4661 552 4715 Ms.
585 4659 782 4718 Veron.
811 4659 880 4718 55
905 4677 1026 4718 cum
1054 4663 1194 4733 vulg.
1223 4661 1349 4733 Isid.
1373 4661 1517 4715 addit
1545 4661 1749 4733 iterum.
1771 4660 1900 4733 μοι

332 4742 428 4791 PN
469 4747 584 4784 eum
615 4733 809 4788 Veron.
842 4733 909 4787 58
939 4734 1127 4795 alium,
1150 4730 1222 4786 'et
1248 4730 1444 4788 Veron.
1471 4733 1540 4787 55
1569 4732 1740 4785 aliter.
1769 4731 1904 4787 Dein

332 4797 472 4864 vulg.
499 4800 623 4855 lsid.
642 4805 836 4855 omittit
859 4801 1121 4856 honorem.

405 4875 431 4938 β
467 4869 581 4924 Vat.
620 4869 782 4936 ιδιξ,
810 4887 913 4924 non
943 4879 1160 4938 oportet.

402 4934 430 5009 ‘f
463 4939 613 5008 Vulg.
640 4941 740 4995 Isid
771 4934 1010 5009 ,timore.

413 5007 428 5044 ¹
467 5007 666 5066 VerOn.
697 5007 786 5072 58,
811 5020 856 5063 et
881 5013 957 5063 vel
985 5011 1133 5063 bona.
1159 5008 1344 5070 Vind.,
1368 5010 1444 5063 vel
1466 5010 1617 5064 bona.

410 5079 426 5128 1
462 5081 576 5136 Ι)ιιο
606 5091 735 5137 mss.
760 5081 885 5135 Vt-r.
909 5096 1027 5134 cum
1050 5080 1191 5139 vulg.
1215 5079 1363 5150 lsid.,
1385 5081 1452 5134 ad
1474 5081 1529 5134 id
1549 5095 1724 5150 usque.

416 5150 442 5188 ι
483 5153 682 5218 Quesu.
721 5153 950 5206 inseruit
997 5153 1210 5221 pagani.
1243 5149 1542 5204 Delevimus
1589 5149 1904 5206 auctoritate

337 5232 642 5278 nostrorum
685 5223 844 5278 codd.
891 5220 1137 5286 Vindeb.,
1186 5220 1412 5275 duorum
1457 5221 1654 5276 Veron.
1678 5231 1732 5275 et
1756 5222 1902 5290 vulg.

338 5293 462 5349 Isid.
494 5293 608 5348 Mox
641 5295 760 5357 post
782 5308 966 5347 vocem
997 5294 1306 5360 intponerent
1333 5293 1387 5346 in
1417 5305 1517 5346 ms.
1546 5291 1666 5344 Vat.
1693 5291 1905 5345 additur

337 5372 427 5417 οιιιι
457 5363 651 5484 αξιίᾳιιὶά
677 5363 858 5431 polluti
883 5364 980 5416 cibi
1005 5365 1300 5417 necessitate
1327 5363 1484 5416 nimia
1514 5364 1764 5433 suscipere
1790 5367 1906 5417 sunt

337 5443 477 5484 coact
505 5467 522 5484 .

337 5443 522 5488 coacti.

415 5499 435 5540 ι
468 5502 556 5556 Sic
596 5513 723 5554 mss.
763 5501 996 5565 'l‘huan.,
1035 5501 1257 5558 Vindeb.
1308 5512 1360 5557 et
1389 5503 1496 5555 duo
1543 5501 1743 5556 Veron.
1784 5515 1904 5557 cum

345 5573 493 5642 vulg.
521 5568 647 5642 lsid.
695 5573 894 5635 Ottcsn.
936 5589 1056 5627 cum
1101 5571 1299 5637 Oxon.,
1349 5573 1818 5640 proclamantibus:
1847 5573 1910 5625 de

344 5644 420 5695 bis
442 5641 558 5710 ergo
581 5641 672 5692 hoc
693 5643 904 5710 placuit,
927 5653 980 5695 ut
1002 5643 1134 5710 quod
1159 5644 1250 5707 eis,
1272 5651 1376 5697 etc.

417 5721 457 5747 σι
485 5700 554 5764 lia
579 5700 760 5763 uester
783 5700 1075 5765 Vindebon.
1101 5725 1220 5765 cum
1238 5700 1450 5766 duobus
1469 5712 1661 5766 Veron.
1687 5722 1738 5765 et
1759 5714 1904 5779 vulg.

347 5780 472 5836 lsid.
500 5781 723 5849 Qttesn.,
757 5779 1014 5832 nuntiiiter
1038 5796 1127 5848 per
1153 5781 1335 5834 bonam
1367 5785 1788 5836 conversationem
1818 5788 1908 5838 do-
