3888 6182
1880 121 2052 133 ,νη-ογ
2104 118 2161 132 υα

171 252 233 309 l3?
522 242 749 298 .TODEX
787 239 1112 297 CANONUM
1154 236 1435 294 ECCLES.
1478 236 1566 290 ET
1605 235 1733 292 (ΖοΝ

1849 237 2175 295 τυτοιιωι
2222 239 2280 295 S.
2320 239 2511 295 SEDIS
2550 237 2880 296 APOSTOL.
3241 244 3342 301 458

161 377 245 418 nim
267 369 310 414 et
345 353 642 425 prmi-edens
671 356 777 408 vita
804 363 855 409 et
885 354 1175 423 p05terior;
1209 360 1263 407 et
1291 353 1361 406 ita
1392 352 1531 405 circa
1570 365 1665 407 eos
1692 356 1743 415 Α
1770 353 2071 421 deviarunt,
2109 357 2200 411 scd
2234 358 2640 412 insurrexerunt
2679 358 2842 412 etiam
2873 357 2926 411 in
2955 356 3107 419 alios,
3151 365 3207 411 et
3236 358 3342 412 fra-

160 469 202 506 δε
216 446 517 503 sacerdotalis
547 444 847 498 humanitas
872 444 1204 499 moderetur.
1774 450 1943 502 tritius
1974 460 2367 516 persuaserunt,
2395 461 2450 504 et
2478 452 2552 505 rei
2580 448 2701 503 l'actt
2724 459 2848 504 sunt
2873 448 3264 519 persuasionis:
3292 449 3348 503 hi

215 539 299 594 νη.
328 537 392 590 De
422 536 500 589 his
541 536 628 601 qui
671 537 831 591 minis
870 545 1071 590 tantum
1102 545 1408 600 cesserunt,
1441 545 1533 590 aut
1576 536 1646 589 bo
1776 556 1865 605 per
1891 526 2173 593 triennium
2200 541 2412 609 quidem
2437 541 2576 595 inter
2596 540 3008 596 catechumenos
3030 538 3347 603 habeantur;

158 646 303 685 norum
343 626 617 689 ablatione,
652 635 745 680 aut
790 626 1256 697 transportationis
1301 641 1453 694 poma
1496 627 1672 680 deter-
1776 647 1870 699 per
1898 632 2039 684 aliud
2066 641 2239 686 autem
2271 633 2585 686 sexennium
2617 632 2947 700 poenitentiae
2977 631 3237 699 recipiant
3266 629 3350 683 ιο-

158 723 246 784 riti,
270 729 289 755 ο
312 734 336 771 a
360 717 452 771 fide
494 726 840 782 erraverunt.
874 729 927 772 et
965 732 1107 771 nunc
1147 732 1313 785 usque
1357 732 1463 769 non
1506 717 1676 783 pteni-
1775 739 1894 775 t‘lIlll
1923 740 1934 773 :
1974 724 2079 776 alio
2118 738 2245 776 vero
2278 737 2439 787 anno,
2474 722 2524 775 id
2556 732 2657 788 est,
2690 722 2920 788 decimo,
2961 729 2984 766 ε
3016 718 3353 774 communio-
3426 704 3432 736 λ

158 818 352 874 luerunt,
379 822 544 875 neque
567 810 817 863 conversi
845 817 998 873 sunt,
1023 807 1050 845 ι’
1076 809 1234 861 modo
1260 819 1459 869 autem.
1492 808 1541 859 id
1570 814 1670 868 est.
1778 826 1899 866 nem
1931 813 2046 866 sine
2069 811 2335 866 oblatione
2361 809 2649 879 recipiant;
2691 819 2748 864 ut
2775 809 3042 879 completo
3070 808 3351 872 decennio,

158 914 353 970 tempore
392 899 545 966 hujus
590 900 779 969 synodi
830 914 890 952 se
935 900 1272 964 obtulerunt,
1313 899 1676 953 conversionis
1780 904 2108 972 lertectione
2142 904 2297 974 110
2340 902 2601 957 fruantur.
2638 903 2695 956 In
2730 917 2795 957 eo
2819 912 2995 956 autem
3027 910 3266 971 tempore
3301 910 3356 956 et

157 1008 240 1046 suae
264 990 524 1043 consilium
551 991 825 1058 capientes
850 1008 865 1043 :
894 991 1090 1058 placuit
1135 1006 1227 1043 eos
1259 1005 1424 1059 usque
1464 993 1527 1043 ad
1568 1004 1678 1041 nia-
1781 995 1883 1047 vita
1906 1010 2115 1060 eorum,
2144 1004 2198 1048 et
2220 995 2560 1049 conversatio
2598 993 2981 1048 consideranda
3005 1001 3109 1049 est.

156 1097 282 1149 gnum
309 1080 438 1134 diem
479 1080 618 1133 inter
646 1080 924 1133 audientes
954 1079 1178 1148 Sttscipi,
1208 1093 1270 1133 ac
1314 1080 1677 1149 paenitentiam
1856 1086 1941 1138 XI.
1984 1086 2200 1138 Diacoui
2228 1082 2255 1120 δ
2300 1100 2510 1153 quoque
2548 1100 2667 1138 cum
2718 1085 3051 1150 ordinantur,
3081 1085 3124 1138 si
3169 1085 3222 1138 in
3245 1085 3356 1152 ipsa

157 1187 278 1241 agere
317 1170 557 1234 triennio,
584 1179 647 1223 et
679 1181 797 1238 post
841 1171 976 1223 duos
1000 1172 1136 1224 alios
1171 1185 1339 1224 annos
1384 1172 1503 1225 sine
1532 1172 1681 1223 obla-
1782 1174 2118 1228 ordinatione
2163 1177 2437 1242 protestati
2466 1184 2593 1227 sunt
2630 1176 2873 1228 dicentes
2898 1190 2956 1229 se
2986 1176 3124 1229 velle
3164 1176 3360 1229 habere

159 1266 267 1315 tione
282 1260 684 1323 communicare,
714 1268 768 1312 et
796 1261 865 1313 ita
888 1260 1099 1314 demum
1132 1275 1223 1314 sex
1252 1260 1401 1315 annis
1432 1259 1678 1325 peractis,
1785 1280 2002 1327 uxores,
2033 1258 2204 1333 neque
2243 1279 2394 1332 posse
2426 1280 2486 1318 se
2519 1265 2827 1327 continere;
2876 1266 2925 1318 hi
2957 1273 3158 1332 postea,
3209 1266 3252 1319 si
3292 1264 3356 1317 ad

158 1365 175 1391 ι
195 1352 248 1406 ad
285 1356 566 1421 perfectum
614 1351 914 1420 pervenire.
948 1351 1096 1417 Quod
1139 1354 1183 1404 si
1228 1351 1387 1419 aliqui
1430 1360 1554 1404 ante
1584 1352 1683 1403 hoc
1786 1356 1996 1418 nuptias
2020 1355 2389 1415 convenerint,
2423 1352 2437 1390 ί
2469 1363 2718 1408 maneant
2741 1357 2791 1406 in
2821 1354 2963 1408 clero
2994 1364 3219 1421 tantum,
3246 1363 3300 1408 ct
3330 1371 3357 1405 τι

156 1444 389 1498 concilium
428 1444 660 1509 suscepti
704 1456 827 1497 sunt
865 1445 930 1498 ad
977 1445 1381 1512 paenitentiam,
1426 1444 1581 1513 109
1617 1458 1683 1496 ett
1788 1448 2083 1501 ministerio
2112 1447 2449 1514 abjiciantur.
2482 1446 2793 1515 Quicunque
2847 1462 2974 1501 sane
3010 1456 3284 1501 tacuerunt
3314 1457 3367 1499 ct

154 1537 221 1587 illi!
259 1546 483 1596 letlore
534 1533 883 1601 imputabitur
941 1534 1155 1586 initium
1191 1533 1435 1587 sexennii
1486 1532 1685 1587 consti-
1787 1546 2135 1609 susceperunt
2163 1553 2348 1592 manus
2374 1538 2792 1607 iuipusitionetn,
2828 1537 3049 1605 professi
3087 1538 3375 1592 οοηιὶιιςιιια

157 1626 245 1677 nui.
269 1624 404 1688 Quod
439 1624 479 1675 ~i
511 1625 595 1676 cui
625 1638 811 1677 eorum
859 1623 1132 1691 quodlibet
1178 1624 1366 1678 mortis
1393 1622 1683 1691 periculum
1792 1630 1938 1695 tiam,
1963 1640 2015 1685 ct
2048 1638 2228 1698 postea
2258 1629 2324 1682 ad
2357 1630 2567 1695 nuptias
2598 1639 2987 1691 convenerunt,
3015 1644 3041 1679 a
3073 1627 3366 1681 ministerio
3402 1684 3405 1689 η

154 1725 289 1768 autcx
314 1716 645 1783 aegritudine,
670 1724 760 1769 aut
789 1729 855 1769 ex
884 1716 983 1769 alia
1006 1715 1241 1784 qualibet
1266 1729 1426 1769 causa
1453 1712 1478 1751 ά
1510 1714 1687 1768 immi—
1714 1716 1733 1777 1

1844 1730 1892 1774 et
1924 1720 2067 1775 clero
2095 1734 2309 1775 cessare
2338 1720 2625 1782 debebunt,
2666 1720 2851 1773 laicant
2887 1727 3089 1772 tantum
3130 1734 3365 1774 conamu-

156 1816 269 1869 neat,
296 1807 367 1858 his
403 1805 718 1859 communio
745 1812 963 1874 propter
993 1804 1244 1859 viaticum
1272 1818 1424 1858 suum
1460 1818 1569 1859 non
1596 1818 1689 1859 ne-
1793 1811 2006 1864 nionem
2038 1810 2375 1878 recipientes.

153 1898 340 1962 ςηὺίίυνο
1862 1898 1979 1953 XII.
2009 1899 2365 1969 Desponsatas
2390 1899 2613 1967 puellas,
2643 1910 2693 1953 et
2736 1908 2914 1965 postea
2941 1899 3006 1951 ab
3036 1899 3152 1952 aliis
3191 1908 3393 1966 raptas

212 1988 315 2042 l‘ll'.
343 1988 413 2043 De
440 1989 532 2041 his
561 1988 648 2055 qui
680 1986 829 2043 Iesus
858 1987 1046 2062 diebus
1073 2001 1403 2058 paganorum
1430 1986 1482 2041 in
1514 1999 1701 2041 remo.
1793 1988 1989 2058 placuit
2008 1990 2145 2056 erui,
2178 1998 2232 2044 et
2253 1989 2335 2043 his
2360 1989 2509 2043 reddi
2536 1990 2725 2057 quibus
2744 1989 2954 2042 fuerant
2981 1999 3103 2042 ante
3142 1990 3368 2057 despon-

156 2078 261 2130 ttslo
292 2079 330 2130 is
356 2090 549 2131 eorum
579 2077 841 2131 conviviis
866 2078 1245 2141 interfuerunt,
1269 2086 1322 2131 et
1349 2090 1474 2131 suas
1499 2074 1693 2130 nihilo-
1793 2090 1945 2147 satia,
1979 2081 2185 2135 etiamsi
2232 2094 2324 2134 eas
2356 2094 2385 2132 a
2435 2080 2737 2148 raptoribus
2793 2080 2975 2132 florem
3025 2079 3244 2147 pudoris
3288 2081 3367 2130 sui

158 2170 291 2216 minus
306 2167 492 2234 epulas
514 2166 713 2220 ibidem
744 2176 767 2203 θ
792 2177 1111 2235 paraverunt
1129 2177 1291 2236 atque
1310 2166 1690 2223 comederunt:
1793 2171 2040 2226 amisisse
2065 2170 2383 2226 constiterit.

158 2253 313 2319 placuit
332 2264 385 2307 ut
413 2266 541 2324 post
574 2255 774 2311 biennii
803 2257 1166 2325 pmnitentiam
1207 2256 1597 2325 suscipiantur;
1622 2256 1695 2310 ita
1866 2261 2003 2317 XIII.
2037 2263 2143 2317 Eos
2176 2261 2266 2331 qui
2304 2272 2428 2318 ante
2455 2263 2776 2331 baptismum
2816 2264 3271 2326 sacrificaverunt,
3317 2271 3371 2315 ct

158 2356 292 2399 tanien
319 2355 391 2410 ut,
419 2357 611 2400 utrum
631 2361 751 2401 cum
775 2348 1043 2432 oblatione
1065 2347 1353 2416 recipiendi
1383 2348 1513 2413 sint,
1543 2360 1611 2400 an
1628 2345 1696 2401 ad
1798 2361 1982 2422 postea
2015 2353 2334 2422 baptismum
2366 2355 2638 2409 consecuti
2677 2364 2820 2417 sunt,
2849 2354 3045 2420 placuit
3075 2351 3097 2389 ιε
3130 2352 3194 2405 ad
3228 2353 3373 2406 ordi-

155 2442 284 2495 solam
311 2444 755 2499 communionem
792 2444 1002 2499 admitti
1048 2443 1297 2505 debeant,
1335 2441 1701 2511 unusquisque
1793 2443 2064 2502 nationem
2097 2443 2419 2512 promoveri,
2450 2452 2694 2512 tanquam
2726 2444 2794 2496 ab
2813 2445 2955 2496 omni
2981 2442 3204 2497 crimine
3234 2443 3375 2495 lava-

154 2536 489 2603 episcoporum
522 2537 813 2602 examinet,
841 2538 958 2590 vita:
981 2550 1166 2590 eorum
1194 2534 1475 2604 praterhac
1489 2542 1543 2589 et
1561 2547 1700 2603 ιιι-ω·
1800 2535 1878 2590 cri
1905 2534 2151 2589 salutaris
2178 2534 2596 2589 sanctificatione
2625 2544 2894 2604 purgatos.

152 2630 283 2677 .‘C'lils
310 2627 489 2681 habita
518 2627 972 2683 consideratione.
1873 2624 2013 2679 XIV.
2033 2623 2258 2680 Vicariis
2278 2624 2670 2694 episconorum,
2689 2638 2823 2691 (ιιιυε
2844 2621 3013 2677 (ἓτωεί
3036 2623 3374 2691 cliorepisco-

209 2716 282 2769 IX.
313 2718 369 2770 lli
396 2727 590 2771 autem
614 2720 704 2787 qui
731 2717 969 2772 secundo
996 2724 1050 2770 et
1078 2715 1237 2771 tertio
1270 2714 1705 2771 sacrificaverunt
1803 2728 1900 2784 pos
1940 2714 2144 2778 dicunt,
2185 2728 2292 2767 non
2336 2712 2460 2768 licet
2489 2715 2571 2768 vel
2613 2712 2969 2783 presbyteros,
3003 2712 3083 2766 vel
3123 2712 3377 2767 diaconos

154 2823 225 2871 per
245 2810 335 2861 vim
362 2810 570 2875 coacti,
594 2820 822 2880 quatuor
840 2810 994 2864 annis
1022 2808 1087 2862 ad
1111 2808 1475 2877 penitentiam
1504 2821 1564 2863 se
1580 2806 1707 2861 sub-
1805 2808 2088 2871 ordinare;
2118 2805 2213 2861 sed
2241 2820 2340 2861 nec
2365 2806 2688 2877 presbyteris
2719 2805 2951 2859 civitatis
2987 2805 3102 2859 sine
3138 2806 3375 2874 episcopi

152 2895 321 2964 iiciant,
349 2900 575 2955 duobus
601 2909 779 2955 autem
809 2899 928 2953 aliis
952 2899 1108 2953 annis
1136 2899 1254 2953 sine
1272 2898 1543 2953 oblatione
1560 2910 1704 2952 com-
1807 2907 2078 2970 pratcepto
2122 2896 2323 2967 aliquid
2352 2897 2579 2966 amplius
2615 2897 2899 2963 imperare,
2931 2896 3014 2949 vel
3050 2894 3167 2949 sine
3198 2906 3385 2949 aucto-

154 2991 413 3055 municeat;
446 2990 467 3027 τ
517 2992 753 3059 septimo
778 3000 954 3045 autem
994 3004 1135 3044 anno
1162 3004 1263 3060 per
1289 2989 1705 3045 satisfactionem
1811 2992 1968 3046 ritate
2000 2988 2297 3042 litterarum
2340 2986 2457 3055 ejus
2484 2987 2536 3040 in
2572 3000 2888 3055 unaquaque
2922 2982 2940 3021 ι
2984 2984 3258 3053 provincia
3292 2984 3382 3037 ali-

153 3078 372 3144 tecipiant
394 3081 862 3135 communionem.
1734 3066 1780 3129 Ο
1812 3084 1936 3154 quid
1965 3098 2148 3153 agere.

209 3169 265 3222 Χ.
307 3174 583 3242 Quotquot
625 3185 802 3226 autem
834 3186 940 3225 non
983 3172 1155 3227 solum
1208 3187 1237 3226 a
1282 3170 1385 3227 fide
1433 3171 1723 3227 Dominica.
1875 3172 1993 3227 'XV.
2025 3181 2063 3208 ω
2099 3171 2176 3227 De
2204 3170 2286 3225 his
2311 3170 2399 3240 qui
2442 3169 2496 3223 in
2526 3170 2670 3226 clero
2704 3177 2848 3233 sunt,
2893 3166 3187 3237 presbyteri
3233 3170 3382 3237 ιιι

212 3311 232 3335 ι
258 3304 345 3356 lis.
380 3305 591 3361 Veron.
620 3304 687 3363 58
714 3320 834 3360 cum
864 3306 1007 3374 vulg.
1032 3302 1181 3368 Isid.,
1204 3304 1643 3372 sacriﬁcaverunt,
1671 3312 1718 3357 et

157 3388 279 3423 nunc.

1821 3304 1954 3426 stega
1980 3312 2201 3388 tantum,
2239 3310 2507 3381 propterea
2539 3303 2676 3370 quod
2713 3300 2795 3354 Itis
2821 3302 3087 3370 episwptu
3131 3300 3390 3354 licentiam

1859 3392 1885 3426 e
1922 3388 2033 3426 cm.

1859 3388 2033 3428 εαεηι.

208 3441 540 3567 ξῖθῆιιρῐιιίει
576 3459 749 3515 usque
776 3444 839 3500 ad
865 3446 1117 3515 capientes
1151 3444 1410 3499 inclusive
1430 3443 1628 3498 desunt
1660 3441 1717 3497 in

233 3554 242 3564 .
314 3530 436 3567 son.

163 3527 242 3564 IIIS.
268 3527 436 3568 UXOII.

150 3620 155 3625 -
211 3591 232 3618 τ
257 3583 324 3637 Ita
347 3586 521 3639 nostri
547 3583 711 3638 codd.
736 3592 791 3638 et
815 3583 1024 3637 'I‘huan.
1047 3598 1167 3638 cum
1195 3583 1334 3653 vulg.
1361 3581 1485 3638 Isid.
1516 3581 1718 3650 Quesn.

154 3666 253 3723 cum
282 3656 394 3709 solo
414 3656 637 3715 Oxon.,
668 3656 735 3706 ad
763 3653 1137 3723 perfectionem.

175 3719 231 3800 ,ει
255 3724 357 3789 AL,
384 3725 666 3804 acciderit.
704 3719 772 3778 In
795 3719 920 3804 Vat.
959 3725 1057 3791 sic,
1086 3721 1372 3804 contigerit,
1414 3722 1504 3775 sub
1537 3721 1724 3789 deﬁni-

154 3793 269 3844 tione
292 3802 491 3848 statuta
515 3795 641 3847 huic
666 3795 952 3846 communio
976 3804 1177 3864 propter
1193 3793 1432 3845 viaticum
1453 3807 1604 3845 suum
1623 3807 1724 3864 non

153 3865 501 3946 negabitur,.ut
529 3865 578 3917 si
616 3863 944 3930 convaluerit,
974 3859 1266 3917 sexennium
1294 3871 1491 3932 tempus
1524 3859 1726 3929 expleat

156 3937 425 3996 panitendi.

212 4003 411 4080 fVulg.
446 4003 1015 4080 Isid.,portnnerunt."
1058 4079 1063 4080 γ
1160 4076 1170 4080 Δ
1274 4069 1285 4080 _
1378 4069 1399 4080 -
1433 4069 1483 4080 η
1672 4068 1703 4080 Α.

213 4069 231 4106 ί
260 4069 384 4125 υιιό
413 4090 555 4128 mss.
593 4069 791 4126 Veron.
822 4087 940 4125 cum
972 4071 1089 4125 Vat.
1120 4076 1177 4124 et
1205 4069 1342 4139 vulg.
1378 4069 1533 4135 Isid.,
1577 4069 1730 4136 septi-

155 4154 223 4193 ttto
240 4157 371 4196 anno
393 4143 769 4213 perfectionem
790 4141 1041 4211 recepturi
1064 4140 1455 4193 communionis.
1668 4192 1693 4209 θ

210 4219 234 4256 8
263 4214 330 4265 Ita
359 4214 633 4275 Vindeb.,
671 4211 778 4266 duo
807 4211 1007 4265 Veron.
1036 4218 1156 4265 cum
1198 4210 1342 4277 vulg.
1376 4208 1501 4263 Isid.
1526 4207 1703 4274 Queen

155 4278 276 4333 delet
305 4285 755 4342 communionem,
779 4292 832 4333 et
868 4280 1029 4334 habet
1069 4281 1178 4333 sine
1205 4280 1457 4333 oblatione
1485 4278 1729 4345 recipian-

153 4358 240 4402 tur.
258 4350 403 4419 Vat.,
431 4355 556 4406 sine
581 4350 931 4419 communione
949 4351 1291 4419 recipiantur;
1314 4356 1369 4405 et
1382 4351 1461 4404 sic
1483 4347 1734 4403 emenda-

156 4425 249 4471 tum
272 4424 519 4476 secunda
559 4437 720 4475 manu
748 4421 797 4473 in
827 4418 1023 4474 Veron.
1054 4418 1146 4474 55.

212 4486 239 4525 δ
273 4488 387 4545 Duo
427 4491 606 4547 codd.
668 4491 1024 4553 Veronenses,
1079 4504 1181 4545 nec
1235 4503 1341 4543 non
1394 4486 1734 4542 Corbeiensis

155 4558 274 4624 apud
297 4561 355 4613 P.
379 4559 771 4629 Constantium
802 4560 853 4629 in
887 4557 1094 4629 praefat.
1122 4567 1255 4613 tom.
1298 4560 1317 4629 l
1335 4558 1514 4629 Epist.
1550 4558 1613 4610 lt.
1646 4557 1731 4629 2.,

156 4641 260 4699 pag.
309 4632 379 4686 66
406 4674 423 4695 ,
462 4642 525 4686 et
567 4630 713 4699 vulg.
754 4625 914 4694 Isid.,
958 4630 1260 4698 quicunque.
1304 4625 1404 4682 Ms.
1458 4626 1573 4681 Vat.
1597 4668 1613 4693 ,
1654 4625 1731 4680 De

157 4697 371 4756 diaconi:
397 4703 522 4768 qui,
548 4697 684 4754 cum'
698 4697 1078 4768 ordinarentur.
1158 4697 1162 4698 ⁷
1335 4710 1363 4768 ς

220 4764 517 4841 {Uterque
570 4770 694 4841 cod.
724 4768 967 4841 _Veron.,
996 4767 1252 4841 Lucensis
1290 4766 1378 4841 ξε,
1417 4766 1565 4841 alios
1617 4764 1734 4819 Vat.

159 4837 303 4904 15η.
326 4836 457 4895 cuti)
482 4840 637 4908 vulg.
670 4837 818 4906 Isid.,
841 4846 1076 4891 maneant
1101 4838 1156 4891 in
1184 4836 1482 4908 ministerio,
1505 4843 1738 4902 prapter-

154 4922 205 4960 ea
246 4911 387 4974 quod
434 4911 527 4964 his
566 4906 832 4978 episcopus
867 4908 1121 4978 licentiam
1162 4908 1374 4978 dederit.
1425 4906 1739 4978 Quicunque,

154 4987 248 5031 etc.
278 4974 623 5046 Quosnellus
646 4974 775 5046 cum,
796 4977 893 5031 hac
930 4976 1159 5031 lectione
1203 4977 1489 5030 concinere
1514 4974 1741 5046 credidit

157 5044 1148 5112 nontantumomnesaliasversiones,
1188 5046 1282 5099 sed
1330 5046 1487 5098 etiam
1534 5044 1761 5097 codices.

152 5132 333 5172 omnes
353 5120 604 5173 aliarum
627 5117 998 5173 collectionum
1025 5132 1143 5184 quae
1164 5114 1467 5168 versionem
1499 5113 1744 5166 Isidoria-

152 5198 265 5239 nam
288 5190 595 5249 exhibent,
620 5194 847 5255 excepto
884 5187 1107 5240 Martino
1135 5185 1474 5255 Bracarensi.
1495 5185 1574 5255 At
1592 5185 1744 5255 ignof

152 5257 282 5310 ravit
320 5259 721 5313 collectionem
760 5252 1161 5319 Corbeiensem,
1220 5269 1339 5323 qua:
1387 5253 1512 5307 licet
1558 5252 1743 5306 Isidori

150 5329 455 5396 versionem
490 5326 773 5396 praeferat,
800 5326 1081 5381 lectionem
1113 5324 1493 5396 tamentextus
1511 5323 1746 5396 continet

150 5392 333 5451 deletis
367 5392 764 5452 tantummodo
788 5396 1008 5450 vocibus
1042 5404 1090 5449 et
1127 5411 1159 5448 a
1183 5394 1462 5447 ministerio
1499 5393 1745 5457 obiician-

148 5472 241 5537 ter,
268 5477 327 5521 ut
354 5467 513 5537 apud
550 5465 820 5537 laudatum
842 5465 901 5537 P.
929 5464 1289 5537 coustantium
1314 5462 1599 5537 observare
1612 5462 1747 5537 lice-

149 5535 239 5591 bit.
272 5530 528 5592 Ecoiatra
564 5534 736 5589 codex
767 5535 1091 5590 Hubertinus
1120 5533 1395 5605 prasentis
1416 5530 1747 5605 collectionis

149 5612 435 5673 utramque
460 5606 761 5661 lectionem
791 5619 855 5660 ex
885 5614 1035 5671 parte
1062 5602 1263 5667 recepit
1293 5606 1368 5659 sic
1393 5619 1406 5655 :
1432 5610 1669 5661 mncant
1691 5602 1742 5654 in

1897 3444 1911 3493 i
1952 3442 2085 3513 Cod.
2119 3440 2274 3513 Vind.
2303 3451 2356 3494 et
2385 3440 2524 3507 vulg.
2557 3438 2706 3513 lsid._,
2733 3438 2985 3513 vel_clero.
3016 3438 3120 3513 Has
3146 3439 3279 3513 duas
3300 3455 3421 3513 vo...

1822 3528 1914 3568 ces
1952 3510 2131 3566 delent
2166 3511 2253 3563 alii
2279 3521 2505 3578 quatuor
2525 3506 2698 3563 nostri
2727 3508 2943 3578 codices
2969 3518 3023 3562 et
3054 3507 3393 3578 Cerbeiensis

1822 3582 1962 3650 apud
1983 3576 2371 3643 Constantium.
2397 3579 2659 3650 Preterea
2683 3576 2755 3630 illi
2783 3589 3010 3650 quatuor
3032 3576 3266 3650 codices,
3286 3579 3393 3631 duo

1823 3646 2028 3707 scilicet
2056 3650 2416 3711 Veronenses,
2450 3661 2586 3702 unus
2614 3646 2891 3709 Lucensis.
2927 3657 2982 3703 et
3016 3647 3152 3701 alius
3192 3648 3395 3701 Vatica-

1824 3736 1947 3787 nus,
1977 3721 2247 3791 puriorem
2259 3717 2611 3791 Isidorianam
2634 3716 2968 3782 exhibentes,
2995 3732 3115 3791 qua:
3128 3732 3248 3791 cum
3277 3718 3396 3771 aliis

1824 3785 2354 3860 interpretationibus
2384 3802 2445 3860 ac
2484 3785 2670 3841 Graeco
2691 3795 2835 3841 textu
2862 3785 3116 3860 concinit,
3145 3790 3398 3860 omittunt

1826 3858 1989 3915 etiam
2004 3858 2299 3928 sequentia,
2323 3858 2714 3928 laicamtantum
2732 3858 3132 3928 communionem
3154 3858 3400 3927 recipien-

1829 3942 1919 3986 tes.
1943 3925 2260 3996 Quesnellus
2283 3932 2336 3981 in
2366 3929 2507 3981 hunc
2542 3926 2718 3981 locum
2757 3926 2983 3996 notavit,
3010 3926 3066 3978 in
3096 3925 3200 3996 hac,
3214 3925 3400 3996 nostra

1828 3994 2146 4056 collectione
2167 4014 2412 4051 canonem
2440 3998 2506 4051 ad
2538 3996 2784 4050 Romana:
2811 3994 3052 4049 Ecclesia:
3077 3994 3402 4061 disciplinam

1829 4068 2285 4133 accommodatum,
2309 4078 2365 4121 ut
2384 4069 2689 4137 reciperetur
2704 4064 2808 4137 :_de
2834 4081 2934 4135 quo
2959 4066 3071 4137 vide
3094 4064 3404 4117 dissertatio-

1830 4156 1945 4194 nem
1963 4148 2188 4193 nostram
2215 4141 2283 4191 ad
2303 4138 2437 4191 hunc
2463 4135 2703 4190 codicem.
2734 4135 2846 4188 Non
2876 4135 3293 4197 assentimur,ut
3310 4148 3405 4197 pa-

1833 4210 1965 4263 tehit
1984 4224 2048 4264 ex
2076 4208 2140 4263 iis
2163 4223 2282 4277 quae
2312 4208 2364 4261 in
2391 4205 2865 4277 Observationibus
2906 4205 2997 4277 ad_
3021 4204 3263 4277 eamdem
3301 4204 3416 4257 dis-

1831 4273 2597 4333 sanationem-annotabuntur
2633 4287 2752 4344 cap.
2790 4275 2846 4339 2,
2887 4290 2942 4328 n.
2975 4274 3027 4329 9.
3071 4273 3169 4328 Ms.
3204 4273 3401 4328 Veron.

1834 4348 1923 4411 58,
1951 4365 1982 4400 a
2008 4349 2286 4401 ministerio
2313 4361 2512 4400 cessare
2530 4345 2725 4399 debent.
2753 4344 2873 4398 Vat.
2898 4344 3057 4411 I342,
3082 4361 3115 4396 a
3135 4344 3407 4398 ministerio

1832 4418 2164 4489 prtpcipimus
2186 4431 2399 4489 cessare.

1907 4486 1931 4525 ι
1960 4481 2093 4541 Cod.
2127 4486 2326 4540 Veron.
2357 4483 2426 4537 58
2455 4492 2512 4538 et
2536 4481 2666 4537 Isid.
2693 4483 2858 4553 vulg.,
2890 4483 2958 4536 ad
2987 4483 3235 4536 ordinem.

1914 4555 1933 4593 ι
1966 4556 2153 4611 Melius
2179 4558 2233 4609 in
2259 4555 2487 4609 aliarum
2516 4551 2888 4624 collection'utn
2918 4566 3046 4607 mss.
3079 4565 3143 4605 ac
3178 4553 3229 4605 in
3266 4551 3421 4620 vulg.

1762 4593 1812 4655 υ
1839 4626 1941 4683 Isid
1951 4593 2281 4692 37,3343;

1911 4706 1950 4732 ω
1974 4688 2068 4750 Hic
2098 4710 2289 4756 canon,
2319 4692 2410 4761 qui
2441 4693 2507 4747 ab
2542 4701 2758 4748 auctore
2804 4690 3065 4746 versionis
3102 4688 3409 4761 Isidorianre

1842 4766 2026 4820 fusiori
2050 4764 2361 4834 paraphrasi
2390 4763 2627 4834 effertur,
2660 4764 2713 4816 in
2743 4761 2965 4816 diversis
2989 4760 3413 4834 collectionibus

1843 4836 1947 4889 alia
1968 4829 2124 4903 atq—ue
2143 4829 2242 4887 alia
2261 4835 2488 4889 lectione
2499 4829 2836 4903 describitur.
2855 4829 3006 4899 Apud
3027 4830 3370 4903 Quesnellum
3399 4845 3413 4881 :

1845 4900 2137 4975 Presbyteri
2163 4905 2251 4974 qui
2274 4906 2328 4957 in
2350 4904 2484 4957 clero
2508 4914 2645 4975 sunt,
2663 4901 2740 4956 vel
2757 4902 3014 4975 diaconet,
3037 4910 3082 4975 et
3108 4900 3416 4953 abstinentse

1845 4991 1878 5028 a
1907 4970 2249 5039 carnibus,'ut
2281 4989 2365 5028 eas
2394 4974 2601 5042 quidem
2629 4973 2947 5042 contingant,
2992 4970 3082 5042 sed
3107 4986 3208 5042 non
3248 4982 3414 5042 come—

1849 5046 2006 5106 dant;
2036 5036 2173 5109 sisic
2200 5036 2467 5097 voluerint.
2500 5043 2554 5096 In
2600 5036 2825 5110 vulgato
2851 5041 3010 5110 lsid._:
3046 5038 3120 5091 De
3146 5040 3223 5090 Itis
3242 5037 3328 5104 qui
3362 5036 3417 5086 in

1849 5115 1983 5168 clero
2011 5125 2129 5167 sunt
2148 5114 2423 5183 presbyteri
2451 5114 2527 5165 vel
2548 5108 2773 5173 diaconi,
2799 5121 2845 5164 et
2873 5108 3122 5162 abstinent
3149 5120 3267 5183 sea
3299 5119 3419 5155 car-

1852 5186 2016 5244 nibus,
2050 5174 2363 5248 hoc'pfact'tit
2391 5184 2569 5247 statui,
2608 5191 2660 5234 ut
2698 5196 2799 5232 non
2835 5195 2918 5231 eas
2941 5174 3420 5248 tanquam_immun-

1851 5254 1945 5305 das
1966 5242 2314 5317 contemnant,
2340 5251 2428 5304 sed
2463 5242 2771 5317 contingant.
2806 5250 2848 5299 A
2870 5242 3047 5317 quibus
3076 5242 3278 5317 quidem
3301 5243 3345 5296 si
3369 5258 3422 5296 sc

1849 5323 2101 5375 abstinere
2141 5314 2336 5384 volunt,
2369 5327 2474 5374 etc.
2508 5314 2765 5373 Periodus
2802 5314 3104 5384 veroAQuod
3140 5314 3185 5366 si
3223 5320 3423 5367 tantum

1850 5406 2017 5460 usque
2046 5399 2092 5446 et
2121 5389 2186 5460 ab,
2212 5382 2389 5441 ordine
2411 5403 2512 5460 suo
2534 5386 2889 5460 postponitur.
2921 5382 3201 5460 P_u_riorem
3223 5384 3424 5460 _et__pri-

1852 5453 2075 5517 ttirévatn
2104 5459 2258 5528 hujus
2284 5453 2550 5512 versionis
2575 5453 2857 5528 lectionem
2887 5454 3103 5528 exhibet
3139 5453 3260 5507 cod.
3293 5453 3424 5528 Vin-

1851 5522 2193 5593 debonensis,
2224 5530 2418 5597 quippe
2437 5540 2594 5597 quam
2633 5524 2926 5597 pratferunt
2955 5524 3115 5597 etiam
3155 5532 3263 5597 tres
3306 5522 3425 5575 alia;

1853 5610 2049 5656 nostra:
2070 5592 2415 5656 collectiones
2442 5592 2641 5652 Italicte
2661 5594 2915 5669 Vaticana
2936 5604 2987 5651 et
3009 5594 3128 5649 dum
3155 5592 3291 5646 Vero
3301 5606 3428 5647 uen-
