3888 6182
314 338 425 394 459

1257 336 1598 394 ᾹΡΡΕΝΙΜΧ
1622 337 1726 421 ’AD
1763 337 1819 393 S.
1863 337 2101 394 LEONIS
2140 336 2349 392 MAGNI
2390 334 2638 393 OPERA.

3492 324 3600 386 ΗΟ

307 453 395 509 vel
432 450 705 519 diaconos,
749 461 804 508 et
836 453 1106 509 abstinent
1158 466 1190 506 a
1227 453 1498 518 carnibus,
1543 452 1645 506 hoc
1697 451 1900 521 placuit
1928 454 1975 511 A
2005 448 2182 507 l"cum
2223 453 2518 521 propinquo
2559 453 2823 519 sanguine
2859 448 3142 503 commixti
3188 458 3330 513 sunt,
3384 457 3438 501 et
3474 457 3608 505 ante

308 544 497 609 statui,
529 553 584 598 ut
605 556 697 598 eas
725 542 940 612 quidem
970 542 1314 611 contingant;
1347 552 1400 595 et
1424 542 1468 595 si
1510 541 1589 595 sic
1610 542 1901 605 voluerint,

313 635 384 690 ab
430 636 516 690 his
554 633 900 690 comedendis
944 634 1265 688 abstineant.
1297 633 1450 702 Quod
1480 634 1525 688 si
1566 641 1771 688 tantum
1814 647 1905 688 eas

315 727 706 782 abominabiles
753 726 1138 794 iudicaverint,
1191 733 1252 778 ιιι
1288 739 1386 779 nec
1426 724 1572 779 olera
1613 739 1732 794 qum
1783 738 1906 779 cum

314 818 566 872 carnibus
595 826 900 885 coquuntur
922 815 1239 870 existiment
1265 815 1617 880 comedenda,
1652 824 1906 885 tauquam

315 929 423 967 non
450 911 852 967 consentientes
885 910 1011 965 hu'c
1053 910 1275 979 regulae,
1308 924 1525 965 cessare
1564 924 1660 965 eos
1694 917 1910 980 oportet

318 1017 372 1062 et
394 1023 424 1061 a
452 1004 775 1071 ministerio,
809 1013 865 1060 et
886 1004 954 1058 ab
982 1003 1175 1058 ordine
1207 1018 1335 1069 suo;
1370 1012 1394 1040 α
1425 1010 1486 1057 ιιι
1525 1002 1633 1056 non
1663 1017 1757 1057 eas
1782 1016 1913 1056 con-

315 1106 584 1163 temnant,
616 1096 930 1165 contingant
961 1104 1160 1151 tamen.
1195 1097 1236 1151 Α
1273 1094 1466 1165 quibus
1491 1094 1706 1164 quidem
1737 1095 1781 1147 si
1811 1094 1909 1147 ab-

317 1191 523 1243 stinere
552 1189 756 1255 volunt,
800 1188 1036 1243 habeant
1062 1187 1091 1227 δ
1135 1196 1487 1256 potestatem;
1518 1188 1588 1241 ita
1619 1197 1816 1249 tamen.
1859 1197 1915 1242 ιιι

317 1282 363 1334 si
390 1280 602 1349 quando
631 1294 751 1333 eum
781 1276 1020 1333 oleribus
1051 1285 1376 1347 coquuntur,
1410 1276 1599 1332 eadem
1632 1276 1779 1331 olera
1805 1284 1917 1329 tun-

320 1388 481 1442 qttam
529 1373 783 1427 carnibus
811 1369 1014 1441 polluta
1045 1386 1156 1425 non
1182 1370 1448 1441 judicent,
1480 1369 1573 1423 sed
1615 1385 1681 1423 ex
1718 1369 1800 1422 his
1847 1368 1914 1422 ad

320 1466 499 1520 cibum
531 1475 831 1524 assumant.
865 1465 1110 1534 quamvis
1149 1477 1178 1515 a
1213 1462 1470 1517 carnibus
1503 1469 1821 1529 temperent.
1858 1459 1915 1515 Si

321 1558 641 1625 quis’autn-m
671 1555 793 1611 huic
815 1554 1016 1624 regula:
1045 1552 1352 1607 admonitus
1382 1568 1415 1606 n
1440 1568 1491 1605 ιιι
1511 1550 1799 1612 obedierit,
1823 1552 1915 1603 sed

324 1660 539 1712 carnes,
581 1654 640 1699 ιιι
681 1645 884 1700 dictum
932 1653 1035 1705 est.
1081 1642 1383 1697 immundus
1435 1652 1489 1696 et
1528 1640 1918 1696 abominandas

324 1738 735 1804 existimaverit,
766 1752 981 1793 cessare
1010 1736 1226 1793 debebit
1249 1737 1315 1791 ab
1340 1735 1528 1790 ordine
1558 1749 1677 1789 suo.

2009 545 2321 599 vicesimum
2354 560 2464 598 suae
2479 543 2653 598 astatis
2683 558 2878 596 annum
2900 542 3003 597 tale
3022 543 3226 597 crimen
3242 540 3305 594 ad
3317 539 3603 609 miserunt,

2014 633 2032 674 ί
2071 637 2259 691 decem
2291 636 2450 691 anuis
2487 636 2540 690 in
2566 635 2883 704 pcrnitentia
2922 634 3173 690 exactisi
3218 634 3449 687 orationi
3485 642 3597 688 tan-

2009 737 2119 783 tum
2143 727 2396 794 incipiant
2418 726 2837 783 communicare.
2864 725 2990 779 Post
3013 725 3323 779 vicesimum
3355 740 3481 780 vero
3508 741 3608 778 an-

2016 836 2141 874 num
2187 819 2253 873 ad
2292 819 2723 873 communionem
2754 833 2873 872 cum
2904 817 3176 873 oblatione
3214 806 3606 885 suscipiantur.

2011 911 2342 965 Discutiatur
2366 918 2548 963 autem
2579 919 2633 964 et
2658 908 2766 962 vita
2792 923 3006 973 eorum,
3036 922 3156 976 ante
3181 907 3338 960 fuerit
3363 919 3611 975 tempore

2010 1001 2376 1072 poenitentiae,
2401 1011 2456 1055 et
2488 1000 2557 1052 ita
2590 999 2729 1053 hanc
2762 997 3148 1052 humanitatem
3184 1007 3606 1065 consequantur.

2011 1092 2165 1159 Quod
2210 1092 2253 1146 si
2297 1091 2386 1160 qui
2437 1100 2847 1159 perseveranter
2884 1089 3035 1142 abusi
3088 1089 3342 1142 sunthoc
3381 1089 3614 1142 crimine

2014 1181 2295 1253 prolixiori
2322 1188 2583 1246 tempore,
2609 1177 2639 1217 κ
2661 1178 2846 1249 viginti
2887 1193 3153 1233 annorum
3185 1188 3361 1243 :etate,
3394 1188 3449 1232 et
3480 1194 3616 1234 uxo-

2015 1289 2102 1329 res
2115 1273 2374 1327 habentes
2397 1272 2448 1324 in
2472 1272 2574 1324 hoc
2591 1271 2799 1326 crimen
2824 1270 3134 1334 inciderint,
3151 1271 3409 1325 vicesimo
3422 1271 3615 1340 quinto

2018 1384 2159 1424 anno
2197 1366 2526 1435 pmuitentite
2549 1375 2682 1420 acta:
2720 1365 2786 1419 ad
2827 1365 3256 1420 communionem
3309 1366 3614 1418 orationum

2018 1458 2408 1523 admittautur;
2444 1456 2495 1511 in
2531 1472 2633 1525 qua
2681 1458 3061 1510 communione
3096 1456 3402 1510 orationum
3441 1455 3617 1509 altero

2020 1547 2385 1622 quinquennio
2423 1548 2793 1614 perdurantes,
2818 1548 2883 1600 ad
2930 1549 3142 1615 plenam
3173 1547 3614 1601 communionem

2021 1656 2142 1697 cum
2174 1638 2443 1693 ob'atione
2461 1639 2841 1707 suscipiantur.
2865 1637 3019 1702 Quod
3051 1639 3099 1692 si
3129 1638 3296 1706 aliqui
3328 1646 3382 1692 et
3413 1653 3620 1691 uxores

2025 1734 2309 1797 habentes,
2327 1742 2383 1790 et
2403 1731 2731 1784 escedentes
2753 1724 3248 1798 quinquagesimum
3274 1743 3471 1782 annum
3490 1739 3620 1782 teta-

397 1829 541 1884 XVI.
573 1828 633 1885 Si
670 1844 772 1900 qua
803 1829 871 1883 de
904 1829 1067 1884 rebus
1116 1828 1369 1883 Ecclesiae
1404 1837 1425 1865 ε
1472 1842 1594 1882 cum
1634 1824 1917 1894 episcOpus
1948 1826 1995 1886 Β
2023 1827 2091 1879 tis
2118 1841 2250 1888 sum,
2296 1826 2352 1879 in
2381 1823 2485 1877 hoc
2530 1820 2763 1889 prolapsi
2812 1829 2956 1884 sunt,
2989 1819 3055 1873 ad
3101 1820 3303 1873 exitum
3338 1820 3462 1874 vitae
3503 1830 3622 1873 tau-

324 1938 434 1976 nou
462 1931 545 1977 est
566 1920 865 1992 presbyteri
892 1919 1255 1987 vendiderint,
1280 1918 1477 1987 placuit
1519 1919 1750 1973 rescisso
1788 1931 1918 1970 con-

327 2023 503 2070 tractu
533 2017 598 2070 ad
626 2016 712 2083 jus
741 2015 1163 2070 ecclesiasticum
1201 2011 1468 2068 revocari.
1500 2010 1554 2064 In
1584 2009 1787 2079 judicio
1821 2024 1920 2065 att—

314 2098 437 2165 item
461 2109 697 2179 episcopi
729 2109 836 2163 erit
853 2106 880 2144 ά
905 2108 1280 2173 constitutum,
1303 2107 1347 2161 si
1374 2104 1603 2174 pretium
1625 2104 1812 2158 debeat
1841 2117 1925 2157 re-

332 2204 461 2270 cipi,
509 2216 677 2257 net-nc
703 2219 716 2254 :
742 2210 959 2271 pr0pter
987 2200 1127 2270 quod
1169 2214 1312 2269 saepe
1339 2197 1606 2267 contingit
1644 2196 1928 2251 distracta-

329 2310 449 2350 rum
481 2293 719 2348 redditus
744 2308 924 2349 rerum
957 2292 1275 2363 ampliorem
1305 2306 1568 2347 summam
1601 2299 1624 2326 °
1657 2304 1754 2360 pro
1800 2290 1927 2345 dato

331 2387 509 2457 pretio
536 2385 859 2441 reddidisse.

407 2459 569 2532 XVII.
603 2476 656 2531 In
682 2476 784 2531 hoc
806 2476 962 2530 titulo
984 2475 1169 2530 Gtmca
1193 2474 1308 2530 hate
1330 2476 1487 2531 verba
1511 2483 1639 2532 sunt
1662 2479 1812 2550 :nspi
1830 2482 1930 2531 τῶν

338 2570 778 2640 ἀλογςυσαμένων,
810 2567 840 2625 ἣ
873 2570 954 2621 καὶ
974 2567 1347 2638 ἀλογενομένων
1374 2564 1391 2602 ί
1415 2584 1430 2621 :
1451 2567 1591 2633 quod
1616 2581 1713 2620 nos
1743 2566 1931 2619 Latin‘e

335 2673 623 2727 po-sutnus
667 2657 890 2711 dicere:
934 2659 1091 2727 112
1137 2654 1215 2710 De
1252 2657 1332 2711 Itis
1384 2658 1471 2726 qui
1513 2656 1930 2711 irrationabiliter

336 2751 523 2803 versati
551 2758 692 2813 sunt,
723 2749 827 2802 sire
854 2760 1141 2804 venantur.
1168 2758 1193 2795 ϐ
1240 2748 1468 2805 Sensum
1507 2757 1686 2803 autem
1728 2748 1779 2803 in
1828 2750 1927 2802 hae

338 2843 602 2897 sententia
651 2840 919 2912 duplicem
969 2855 1092 2896 esse
1140 2848 1375 2909 Oportet,
1421 2846 1512 2911 qui
1562 2858 1627 2895 ex
1670 2841 1930 2910 subjectis

339 2933 647 3003 conjicitur,
699 2933 771 2989 ita
821 2941 878 2987 ut
921 2932 1215 2988 dicamus:
1259 2933 1305 2988 si
1344 2932 1437 3004 qui
1485 2948 1637 2989 more
1675 2948 1929 3003 pecorum

342 3112 455 3159 res,
487 3111 555 3150 ex
585 3078 783 3164 quibus
829 3096 1000 3148 solum
1051 3094 1380 3148 insernimus
1409 3108 1570 3149 voces
1611 3094 1706 3147 hoc
1739 3094 1929 3164 placuit
1956 3094 2004 3157 C

342 3168 519 3230 statui,
551 3181 690 3233 qua),
740 3166 793 3218 in
831 3164 1064 3218 Vindeb.
1106 3164 1345 3224 omissae,
1382 3165 1563 3218 sensui
1607 3166 1931 3218 necessaria:

343 3247 491 3293 sunt.
523 3234 657 3290 Cum
697 3234 1095 3289 Vindeboneusi
1135 3244 1314 3289 autem
1345 3235 1583 3293 concinit
1618 3236 1789 3289 codex
1827 3236 1934 3289 Lu-

345 3323 545 3364 CCIISIS.

421 3386 449 3415 ιι
486 3374 807 3442 Quesnellus
853 3374 1047 3429 inserit
1078 3374 1603 3446 admoneanturque:
1640 3375 1936 3446 delevtmus

348 3463 469 3502 cum
498 3446 654 3500 Vind.
688 3462 750 3499 ac
778 3446 896 3499 aliis
922 3444 1117 3499 nostris
1146 3444 1440 3500 codicibus.
1467 3444 1657 3500 Solum
1680 3461 1780 3501 ms.
1811 3444 1933 3499 Ver.

349 3521 444 3583 ὅθ,
475 3519 564 3587 qui
608 3518 949 3585 purissimam
999 3520 1135 3569 hanc
1167 3517 1467 3570 versionem
1500 3516 1738 3578 exhibet,
1770 3530 1938 3569 eano-

350 3605 474 3645 ttem
505 3587 702 3641 claudit
738 3588 990 3642 desinens
1028 3587 1078 3639 in
1110 3587 1287 3640 verbis
1317 3597 1363 3639 et
1394 3603 1425 3639 a
1462 3587 1741 3640 ministerio
1794 3597 1839 3638 et
1875 3587 1939 3639 ab

351 3660 530 3712 ordine
550 3674 677 3723 suo;
703 3667 957 3724 caretque
978 3657 1347 3726 sequentibus,
1372 3671 1491 3726 qua:
1520 3672 1618 3711 nec
1649 3656 1699 3710 in
1726 3654 1937 3718 Graeco.

352 3745 455 3784 nec
490 3731 541 3782 in
567 3729 688 3782 aliis
719 3728 1057 3782 versionibns
1088 3727 1451 3792 inveniuntur,
1484 3730 1623 3781 unde
1657 3727 1942 3791 posterimi

352 3800 717 3853 additamento
748 3798 905 3865 hujus
937 3797 1392 3865 interpretationis
1422 3798 1756 3851 accensenda
1792 3806 1940 3850 sunt.

353 3869 524 3924 tlndd.
558 3868 755 3922 Veron.
793 3870 880 3931 55,
916 3868 1190 3930 Lucensis,
1221 3878 1275 3921 et
1301 3866 1441 3931 Vat.,
1471 3869 1560 3935 qui
1597 3867 1700 3921 hoc
1738 3868 1946 3920 additu-

354 3948 592 3995 mentum
618 3947 958 4007 receperunt,
991 3939 1216 3993 habent:
1246 3947 1302 3990 ut
1334 3953 1435 3991 non
1460 3953 1545 3991 cas
1574 3947 1816 4006 tanquam
1848 3938 1949 3990 ima

357 4008 579 4062 mandas
612 4018 956 4062 contemnant.

434 4079 686 4146 anesn.
723 4079 870 4133 addit
918 4088 972 4131 ut
1015 4079 1209 4130 dictum
1273 4087 1379 4143 est,
1429 4091 1535 4132 non
1594 4086 1774 4132 autem
1817 4078 1939 4131 cod.

358 4150 544 4212 Vind.,
584 4164 683 4203 nec
713 4149 991 4212 Lucensis,
1032 4162 1131 4201 nec
1162 4148 1358 4201 Veron.
1391 4147 1479 4201 55.
1528 4147 1653 4202 Post
1690 4148 1947 4203 nonnulla

359 4222 501 4274 idem
531 4235 633 4273 ms.
653 4220 873 4283 Verum,
892 4230 937 4272 et
970 4217 1331 4271 abominabiles
1355 4218 1587 4271 (rstimet.

438 4301 459 4325 τ
493 4290 566 4342 Ita
598 4290 760 4343 Vind.
790 4303 910 4342 cum
940 4287 1145 4341 duobus
1176 4303 1307 4342 mss.
1343 4287 1537 4341 Veron.
1566 4298 1620 4342 et
1650 4288 1793 4357 vulg.
1820 4286 1943 4341 Isid.

361 4359 704 4425 Qttesnelltts,
736 4375 847 4413 cum
873 4361 1136 4428 episcopus
1158 4376 1257 4411 nun
1293 4372 1417 4412 esset
1438 4359 1527 4420 ibi,
1554 4358 1809 4429 presbyter
1830 4375 1949 4411 ven-

362 4430 453 4483 did
477 4441 515 4485 ι.
539 4428 671 4483 Cod.
704 4430 844 4493 Vat.,
869 4446 981 4483 cum
1011 4433 1272 4499 episcopus
1295 4444 1394 4481 non
1421 4428 1665 4496 essetibi,
1690 4428 1949 4498 presbyter

363 4502 666 4556 vendiderit.
690 4500 887 4561 Oxum,
913 4500 997 4553 cui
1028 4501 1295 4566 episcOpus
1319 4515 1422 4552 non
1449 4510 1541 4553 est.

439 4569 464 4607 ἀ
491 4572 644 4637 Vulg.
681 4571 827 4635 Isid.,
856 4573 899 4624 si
928 4573 1252 4625 constitutum
1283 4571 1518 4637 pretium.

442 4649 466 4678 ε
487 4641 576 4695 Sic
606 4641 759 4695 V-nd.
793 4651 847 4695 et
875 4642 1018 4709 vulg.
1067 4641 1188 4693 Isid.
1222 4639 1400 4693 Codex
1428 4639 1669 4705 Thuan.,
1701 4655 1795 4710 pro
1837 4648 1952 4692 acto

367 4712 553 4778 pretio.
599 4712 714 4766 Duo
745 4712 941 4767 Veron.
980 4719 1038 4765 et
1069 4710 1206 4765 alius
1240 4710 1380 4776 Vat.,
1410 4725 1507 4777 pro
1537 4720 1741 4781 accepto
1770 4710 1950 4780 pretio.

370 4782 595 4848 Quesn.,
623 4790 769 4848 pacto
798 4783 980 4846 pretio.
1150 4818 1153 4819 ν
1490 4838 1496 4843 .

447 4846 468 4886 ί
498 4850 597 4904 Ms.
624 4846 859 4905 ’Vindeb.
895 4850 1110 4905 Grmcas
1138 4863 1295 4904 voces
1314 4849 1518 4904 Latinis
1544 4850 1734 4904 litteris
1756 4848 1957 4905 descri-

372 4920 529 4985 bens,
577 4919 722 4974 addit
780 4936 926 4986 con;
986 4920 1182 4975 Veron.
1227 4918 1296 4975 58
1341 4920 1530 4976 litteris
1568 4920 1770 4975 Gracia
1811 4922 1959 4973 addit

371 4998 648 5048 ΣΟΙΟΝΔΕ.

448 5071 474 5109 8
501 5062 615 5117 Duo
646 5061 868 5122 Veron.,
899 5058 1033 5114 alius
1066 5059 1184 5114 Vat.
1220 5071 1268 5114 et
1298 5060 1436 5129 vulg.
1482 5059 1608 5114 Isid.
1650 5060 1701 5113 in
1730 5059 1962 5128 antiquis

375 5132 735 5188 Conciliorum
762 5131 1088 5186 editionibns
1112 5149 1125 5184 :
1158 5131 1353 5186 Sensus
1381 5142 1547 5185 autem
1569 5131 1622 5183 in
1651 5133 1743 5183 hac
1765 5144 1966 5184 senten-

375 5206 447 5255 tia
476 5205 666 5272 duplex
682 5221 791 5259 esse
812 5212 993 5270 potest,
1022 5206 1109 5271 qui
1134 5218 1195 5255 ea:
1214 5202 1450 5274 subjectis
1475 5202 1766 5270 conjicitur,
1795 5210 1884 5253 aut
1904 5201 1966 5254 de

378 5275 457 5325 Itis
483 5276 571 5343 qui
599 5292 715 5328 cum
743 5274 1015 5345 pecoribus
1039 5274 1176 5326 coitu
1203 5274 1348 5326 mixti
1377 5282 1513 5339 sunt,
1544 5285 1630 5325 aut
1663 5288 1799 5326 more
1826 5288 1968 5340 peco-

376 5358 514 5406 rum,
547 5356 650 5399 εις.

457 5409 485 5450 ⁸·
517 5414 630 5467 Duo
656 5414 814 5468 codd.
861 5414 1084 5476 Veron.,
1122 5414 1315 5467 incesta
1356 5429 1473 5467 cum
1509 5413 1805 5481 propinquis
1844 5429 1966 5465 sau-

381 5486 538 5555 gnine
562 5488 937 5555 commiserunt.
954 5486 1218 5555 Quotquot
1240 5486 1395 5554 igitur
1415 5485 1832 5537 atuevicesimum
1860 5498 1966 5538 sua

384 5553 574 5619 tt'tutis,
608 5564 715 5608 etc.
747 5553 898 5621 Vttlg.
944 5554 1090 5619 lsid.,
1120 5571 1236 5606 cum
1263 5553 1551 5623 propinquo
1592 5555 1839 5618 sanguine
1877 5555 1964 5606 in-

386 5635 517 5677 ceste
541 5623 799 5695 commixti
820 5631 957 5677 sunt.
992 5624 1249 5695 Quotquot
1276 5627 1452 5695 igitur,
1479 5634 1581 5678 etc.
1612 5623 1756 5687 Vnt.,
1780 5625 1967 5677 inceste

382 5710 502 5747 cum
522 5693 821 5763 propinquis
822 5696 1083 5763 sanguine
1107 5693 1368 5763 commisti
1391 5704 1525 5747 sunt.
1553 5696 1830 5763 Quotquot,
1857 5705 1960 5749 ctc.

384 5760 530 5821 llis;
554 5760 787 5818 Vind.'et
821 5760 1009 5817 Thuan
1064 5762 1265 5816 addunt
1292 5774 1489 5818 tantum
1526 5760 1727 5818 inceste.

1975 4471 2030 4533 D

2022 1926 2135 1971 tum
2164 1914 2595 1971 communionem
2636 1921 2965 1965 mereantur.
3000 1910 3151 1983 (Con.
3187 1912 3252 1965 I7
3276 1909 3437 1981 Isid.)
3480 1910 3622 1965 Eos-

2023 2010 2157 2063 dem.
2196 2023 2325 2064 sane
2362 2021 2466 2060 non
2507 2004 2679 2059 solum
2716 2003 2959 2071 leprosos
2986 2002 3212 2057 crimine
3244 2002 3619 2071 hujuscemodi

2027 2104 2215 2165 laetos,
2248 2101 2342 2157 sed
2375 2099 2394 2138 ι
2428 2099 2568 2154 alios
2602 2100 2706 2152 isto
2737 2111 2834 2150 suo
2865 2097 3055 2152 morbo
3093 2098 3387 2165 replentes,
3422 2098 3624 2167 placuit

2026 2199 2167 2252 inter
2190 2210 2285 2250 eos
2313 2207 2487 2257 orare,
2506 2192 2603 2262 qui
2633 2199 2951 2257 tempestate
2977 2190 3319 2259 jactanturm,
3345 2192 3435 2261 qui
3462 2208 3492 2245 a
3522 2208 3624 2247 no-

2027 2291 2113 2346 bis
2140 2286 2487 2357 energttmeni
2510 2282 2875 2353 appellantur:

2107 2382 2262 2452 113
2300 2377 2487 2434 XVIII.
2529 2374 2700 2445 Siqui
2730 2372 2970 2442 episcopi
3016 2373 3253 2443 suscepti
3282 2389 3386 2430 non
3417 2384 3546 2429 sum
3593 2390 3625 2427 α

2031 2490 2126 2529 sua
2167 2472 2390 2544 dimensi
2418 2472 2474 2525 in
2504 2485 2607 2539 qua
2653 2468 2866 2522 fuerant
2891 2465 3242 2534 denominati,
3274 2482 3327 2525 et
3354 2468 3624 2524 voluerint
3702 2502 3709 2507 ο

2032 2569 2166 2623 alias
2213 2567 2479 2623 Ecclesias
2523 2579 2819 2634 occupare,
2871 2578 2928 2623 et
2974 2569 3081 2621 vim
3133 2565 3309 2618 facere
3353 2564 3625 2632 episcopis

2026 2677 2170 2731 quos
2213 2661 2285 2716 ibi
2330 2662 2658 2727 invenerint,
2702 2661 2999 2717 seditiones
3043 2659 3328 2713 excitando
3363 2657 3625 2710 adversus

2033 2767 2155 2816 eos;
2202 2748 2303 2806 hos
2322 2751 2589 2821 segregari
2642 2760 2671 2788 ³³
2699 2762 2753 2807 et
2775 2752 2843 2806 ad
2877 2750 3191 2823 presbyterii
3221 2747 3444 2817 gradum
3472 2759 3626 2801 revo-

2034 2845 2144 2897 cari
2170 2852 2400 2912 Oportet.
2428 2843 2580 2908 Quod
2611 2845 2655 2896 si
2681 2845 2868 2899 Volunt
2897 2852 2923 2879 ο
2961 2844 3015 2895 in
3062 2839 3379 2910 presbyterii
3422 2837 3625 2890 honore

2040 2933 2306 3001 residere,
2335 2947 2445 2989 nou
2477 2934 2809 3005 repellantur
2831 2949 2862 2989 a
2890 2933 3105 3004 propria
3147 2931 3423 3001 dignitate.
3469 2928 3625 2996 Quod

2112 3094 2128 3132 ί
2165 3095 2239 3150 Ita
2288 3095 2500 3151 codices
2534 3096 2691 3164 hujus
2736 3094 3089 3161 collectionis,
3135 3109 3456 3163 perperam:
3504 3109 3627 3148 nam

2038 3164 2125 3218 alii
2172 3165 2390 3221 codices
2430 3168 2652 3221 aliarum
2690 3167 3090 3224 collectionnm.
3141 3167 3231 3232 qui
3278 3164 3624 3219 Isidoriauam

2037 3235 2534 3303 interpretationem
2555 3235 2864 3304 praeierunt,
2888 3252 3010 3291 eum
3034 3233 3221 3289 Grtcco
3244 3244 3387 3289 textu
3405 3236 3632 3305 aliisque

2039 3307 2379 3360 versionibus
2412 3308 2609 3361 habent
2632 3309 2939 3372 quindecim.

2111 3376 2128 3426 i
2170 3376 2287 3429 Vat.
2319 3376 2477 3443 1542,
2508 3380 2912 3431 communionem
2944 3378 3233 3432 orationum
3274 3376 3632 3437 tantummodo

2039 3456 2439 3515 consequantur,
2470 3456 2517 3499 et
2547 3450 2892 3516 quinquennio
2920 3449 3079 3501 altera
3116 3451 3168 3500 in
3205 3448 3301 3499 hac
3335 3450 3632 3499 orationum

2041 3518 2397 3570 communione
2423 3518 2772 3583 perdurttntes,
2803 3530 2919 3570 tunc
2941 3518 3143 3570 demum
3162 3517 3335 3570 oblati:
3352 3518 3431 3569 uis
3452 3533 3636 3569 sacra-

2042 3598 2208 3641 menta
2231 3589 2534 3657 percipiant.
2559 3588 2874 3642 Discutiatur
2896 3600 3084 3650 autem,
3105 3597 3209 3643 etc.
3229 3588 3340 3641 Duo
3357 3587 3633 3640 Vcroncn.

2042 3672 2164 3711 cum
2187 3657 2331 3727 vulg.
2374 3658 2523 3719 lsid.,
2550 3660 2770 3712 orationi
2815 3667 3012 3711 tantum
3053 3659 3303 3727 incipiant
3346 3658 3638 3727 communit

2042 3743 2178 3791 care,
2202 3738 2247 3780 et
2274 3724 2617 3798 quinquennio
2641 3729 2802 3782 altero
2825 3728 2942 3850 ιρι..
2964 3724 3363 3797 quinquennium
3383 3724 3633 3795 af'terum]

2043 3800 2097 3849 in
2125 3799 2475 3850 communione
2496 3799 2741 3850 orationis
2766 3816 2823 3850 so
2846 3801 2923 3850 ius
2942 3802 3295 3850 nerdurantes.
3322 3808 3434 3850 post
3455 3798 3633 3850 vicesi-

2043 3800 2097 3849 in
2125 3799 2475 3852 communione
2496 3799 2741 3852 orationis
2766 3798 2923 3852 solius
2942 3802 3295 3869 perdurantes,
3322 3808 3434 3865 post
3455 3798 3639 3850 vicesi-

2043 3884 2184 3921 mum
2211 3883 2325 3921 cum
2349 3869 2602 3923 oblatione
2628 3871 2696 3928 ad
2725 3871 3126 3923 communionem
3156 3871 3524 3931 suscipiuntur.

2118 3936 2144 3975 ιι
2178 3938 2266 3992 Sic
2291 3938 2450 3994 codd.
2488 3939 2699 3993 Tltuatt.
2731 3948 2782 3993 et
2824 3939 3051 3993 Vindeh.
3107 3938 3257 4005 Vulg.
3308 3938 3431 3990 Isid.
3481 3936 3637 3989 addit

2045 4018 2245 4062 exacta.
2283 4010 2435 4078 Apud
2480 4009 2703 4076 Quesn.,
2740 4020 2856 4078 post
2900 4010 3079 4078 viginti
3114 4025 3365 4061 annorum
3409 4017 3636 4065 (etatem.

2048 4078 2238 4133 Melius
2278 4079 2329 4133 in
2366 4080 2575 4147 duobus
2611 4079 2905 4145 Veronam,
2947 4081 3002 4131 id
3048 4093 3118 4132 est
3163 4081 3334 4143 viginti
3371 4094 3629 4130 annorum

2048 4158 2214 4215 tctate,
2247 4157 2297 4200 et
2325 4166 2506 4204 uxores
2534 4148 2772 4203 habentes
2793 4151 2847 4202 in
2870 4152 2965 4203 hoc
2998 4154 3183 4202 crimen
3207 4148 3523 4205 inciderunt.
3560 4150 3640 4200 ui-

2049 4217 2177 4286 ginlt'
2217 4222 2440 4289 quinque
2477 4221 2625 4273 annis
2653 4221 2945 4289 pte'nitentia
2982 4231 3097 4274 acta
3126 4221 3192 4271 ad
3225 4218 3639 4272 communionem

2051 4290 2337 4343 orationum
2362 4292 2520 4344 altero
2539 4292 2880 4359 quinquennio
2897 4294 3245 4360 perdurantes,
3270 4291 3472 4359 plenam
3496 4304 3641 4340 com-

2051 4362 2338 4413 munionem
2363 4362 2772 4431 cuntgoblatione
2809 4359 3078 4431 recipiant.
3111 4362 3261 4426 Quod
3299 4361 3344 4413 si
3392 4359 3556 4426 aliqui
3590 4368 3643 4411 et

2053 4444 2255 4489 uxores.
2315 4442 2419 4485 etc.
2465 4429 2795 4489 Vaticanus:
2829 4429 2981 4497 Quod
3021 4434 3065 4485 si
3111 4431 3199 4500 qui
3236 4430 3642 4495 perseverantius

2052 4500 2195 4571 abusi
2219 4512 2337 4553 sunt
2371 4502 2464 4553 hoc
2492 4503 2723 4564 crimine,
2758 4503 2823 4554 ad
2866 4502 3116 4566 agendam
3142 4501 3483 4571 paenitentiam
3521 4514 3644 4565 pro-

2055 4569 2228 4623 lixiori
2254 4583 2477 4642 tempore
2495 4573 2844 4642 succumbant.
2878 4571 2945 4625 Id
2979 4585 3049 4626 est
3084 4574 3126 4624 si
3146 4569 3340 4642 uiginti
3385 4586 3641 4622 annorum

2054 4648 2203 4693 (etate
2223 4657 2407 4695 uxores
2438 4641 2674 4695 habentes
2701 4646 2753 4694 in
2783 4645 2879 4695 hoc
2904 4645 3093 4696 crimvn
3131 4641 3419 4701 inciderint,
3459 4641 3644 4708 viginti

2056 4711 2278 4780 quinque
2324 4728 2574 4764 annorum
2620 4713 2911 4781 poenitentia
2962 4722 3079 4767 acta
3120 4715 3186 4765 ad
3234 4712 3643 4764 communionem

2056 4782 2347 4851 orationum
2368 4783 2726 4847 admittuntur,
2756 4793 2809 4837 et
2838 4784 3035 4851 reliqua
3063 4792 3122 4835 ut
3150 4783 3201 4835 in
3233 4791 3405 4835 textu.

2136 4847 2153 4888 ¹
2182 4850 2297 4904 Duo
2331 4852 2526 4906 Veron.
2560 4868 2679 4905 cum
2714 4856 2855 4921 vulg.
2898 4847 3020 4906 Isid.
3054 4856 3256 4906 addunt
3301 4861 3369 4914 et,
3425 4852 3642 4903 ηιθιὶιιε.

2130 4931 2170 4958 ω
2191 4924 2245 4994 (ξι
2268 4923 2472 4994 ἀκνίιι.
2514 4925 2660 4976 addit
2696 4924 2749 4974 id
2782 4933 2855 4976 est
2884 4925 2971 4992 qui
3003 4940 3033 4974 a
3056 4924 3236 4994 spiritu
3262 4931 3515 4994 uexantur
3553 4925 3644 4972 int-

2062 4992 2274 5044 mundo.
2307 4993 2423 5045 Mox
2455 5009 2551 5059 pro
2588 4995 2917 5062 appellantur
2956 4992 3219 5049 duo'tnss.
3253 4993 3457 5048 νψιτοιι.
3496 5002 3550 5045 et
3596 4994 3647 5043 itt

2065 5064 2304 5129 margine
2329 5063 2469 5128 vnlg.
2503 5063 2627 5115 Isid.
2656 5064 3033 5133 intelliguntur.

2136 5140 2168 5206 ξξ
2199 5133 2365 5206 Voces
2403 5144 2447 5185 et
2476 5134 2559 5206 ad
2609 5135 2901 5203 presbyterii
2941 5135 3155 5206 gradum
3200 5134 3430 5206 revocari
3484 5135 3647 5198 hujus

2067 5203 2400 5273 collectiouis
2425 5202 2784 5258 additamenta
2817 5202 2962 5266 sunt,
2988 5220 3108 5273 quae
3138 5206 3278 5256 male
3300 5207 3351 5254 in
3380 5202 3650 5255 Thuancn

2068 5272 2363 5348 eﬂ'ertttttttt‘
2391 5273 2470 5348 sic
2504 5284 2601 5348 :_et'
2636 5290 2666 5326 a
2694 5272 3017 5348 presbyterii
3047 5273 3233 5348 gradu_
3258 5277 3349 5325 st
3392 5278 3651 5348 revocari.

2073 5343 2735 5399 DeSuntiualiis'nostris
2759 5347 3065 5407 codicibus.
3117 5358 3166 5398 et
3220 5344 3274 5396 in
3319 5343 3442 5409 vulg
3527 5345 3653 5397 ls:tl.

2051 5414 2359 5485 oSiCtllgetgitt
2385 5414 2595 5478 Gra'co,
2626 5414 2852 5485 aliisque
2881 5416 3214 5469 versinnibus
3245 5429 3348 5466 non
3376 5413 3657 5479 leguntur.

2143 5483 2363 5562 ‘_‘_Codd.
2394 5485 2614 5550 Veron.,
2646 5486 2698 5537 in
2727 5483 3069 5562 presbyterio;
3101 5485 3244 5562 Vat.)
3277 5486 3328 5562 in
3350 5486 3662 5562 presbyterii

2069 5556 2279 5621 ordine;
2308 5570 2371 5608 ac
2400 5570 2520 5608 mox
2550 5570 2740 5610 omnes
2773 5554 2989 5620 Itab'ent,
3022 5558 3076 5608 in
3106 5555 3332 5607 Ecclesia
3379 5554 3469 5605 ubi
3510 5560 3662 5621 prius

2068 5627 2297 5694 fuerant,
2326 5634 2564 5693 tanquam
2591 5627 2866 5696 presby‘eri
2894 5628 3132 5681 residere.
3165 5624 3316 5691 Vulg.
3348 5623 3475 5696 Isid.
3510 5627 3663 5680 siuti

2067 5698 2225 5762 litet';
2251 5697 2423 5751 solum
2455 5696 2665 5767 ignorat
2694 5695 2851 5753 vaces
2881 5707 3120 5767 tanquam
3147 5695 3425 5767 presbyteri

3868 284 3869 303 1

3869 416 3871 443 1

3872 750 3873 779 1

3872 884 3873 919 1

3872 932 3873 957 1

3868 284 3869 303 1

3869 416 3871 443 1

3872 750 3873 779 1

3872 884 3873 919 1

3872 932 3873 957 1

3874 1084 3875 1117 1
