3888 6182
411 258 518 315 “5

483 370 550 425 V.
582 369 659 424 De
687 369 1081 424 catechumenis.

483 462 573 518 VI.
606 462 684 515 De
705 462 1107 533 pra’gnantibus.

483 556 596 610 VII.
629 553 697 608 In
745 554 1086 608 secundarum
1116 549 1411 620 nuptiarum
1465 546 1690 599 convivio
1744 543 2001 614 presbyter

414 664 521 702 esse
546 663 647 699 non
675 645 837 699 debet.

493 740 630 794 VIII.
665 739 831 810 Cujus
874 753 1006 791 uxor
1055 734 1362 788 adulterium
1393 733 1682 798 commisit,
1715 726 1837 783 cum
1871 736 2003 783 esset

415 832 600 898 laicus,
631 831 684 882 in
707 828 987 881 ministerio
1017 827 1358 880 ecclesiastico
1385 825 1601 896 adjungi
1631 841 1728 880 non
1759 823 1962 875 debere.

487 923 578 977 IX.
607 922 668 977 Si
693 923 953 992 presbyter
983 931 1100 976 ante
1138 921 1511 974 ordinationem
1551 935 1699 971 suam
1747 917 2001 970 commisit

417 1012 679 1082 corporale
699 1027 988 1082 peccatum,
1015 1020 1063 1064 et
1091 1020 1264 1081 postea
1286 1010 1549 1080 confessus
1591 1008 1763 1076 fuerit,
1816 1006 1878 1060 ab
1925 1008 2004 1076 of-

419 1103 535 1170 ﬁcio
559 1102 742 1176 altaris
770 1105 1017 1173 privetur.

488 1194 558 1248 Χ.
591 1193 846 1248 Diaconus
873 1195 1132 1250 similiter.

487 1283 576 1336 XI.
614 1285 856 1350 Qu-nnvis
879 1283 1173 1352 probabilis,
1223 1292 1342 1336 ante
1389 1299 1553 1335 annos
1592 1297 1694 1336 xxx
1747 1280 2009 1351 presbyter

418 1388 519 1428 non
549 1375 829 1428 ordinetur.

495 1465 667 1535 116.
706 1465 798 1518 XII
831 1466 896 1519 In
931 1466 1235 1537 (egritudine
1263 1467 1550 1536 baptizatus
1579 1465 1841 1536 presbyter
1869 1466 2011 1520 ordi-

419 1558 534 1610 nari
565 1573 666 1609 non
694 1557 853 1611 debet.

493 1647 630 1704 XIII.
668 1649 952 1719 Presbyteri
981 1651 1208 1703 extranei
1248 1666 1420 1703 coram
1447 1651 1707 1719 episcopo,
1757 1659 1846 1702 aut
1880 1667 2011 1718 pres-

1349 249 1690 307 APPENDIX
1731 247 1820 302 Al)
1861 248 1917 303 s.
1961 238 2200 301 LEONIS
2241 245 2448 299 usam
2491 228 2739 300 orent:

2029 363 2077 420 A

3585 247 3698 302 434

2178 358 2239 412 11.
2275 357 2287 394 ί
2321 359 2622 420 Mulierem,
2657 357 2701 410 si
2729 355 2937 411 duobus
2965 355 3218 410 tratribus
3241 356 3501 426 nllpseril,
3532 359 3696 428 abjici

2105 451 2302 506 debere
2323 465 2493 518 usque
2522 449 2586 503 ad
2622 449 2765 504 diem
2789 450 2999 507 mortis.
3029 450 3134 506 Sed
3182 459 3400 519 propter
3445 450 3700 506 humani-

2063 541 2066 544 ’
2107 553 2269 596 tatem
2303 544 2354 595 in
2376 542 2633 596 extremis
2683 542 2792 595 suis
2842 540 2854 590 i
2895 551 3237 598 sacramento
3282 560 3400 598 eam
3448 548 3694 599 reconci-

2109 637 2223 690 liari
2250 645 2493 702 oportet:
2522 635 2589 688 ita
2620 645 2822 698 tamen,
2848 643 2907 688 ut
2927 635 2970 688 si
2997 633 3136 689 forte
3157 637 3448 691 sanitatem
3476 652 3695 706 recupe—

2107 729 2325 794 raverit,
2354 729 2696 782 matrimonio
2723 728 2901 782 soluto
2926 727 2991 782 ad
3029 729 3401 798 paenitentiam
3447 729 3698 784 admitta-

2107 832 2209 875 tur.
2263 821 2412 888 Quod
2472 823 2514 874 si
2561 820 2812 874 defuncta
2855 819 3017 874 fuerit
3061 821 3253 875 mulier
3282 823 3336 875 in
3385 822 3698 888 huiusmodi

2106 919 2382 969 consortio
2413 915 2736 977 constituta,
2786 911 3020 967 difﬁcilis
3044 915 3150 968 erit
3183 916 3337 986 117
3379 914 3698 985 paenitentia

2109 1008 2428 1061 remanenti.
2463 1003 2487 1042 ιε
2515 1005 2628 1070 Qua
2660 1004 2925 1058 sententia
2971 1012 3077 1058 tam
3110 1004 3209 1058 viri
3241 1020 3398 1074 quam
3439 1003 3701 1060 mulieres

2111 1099 2277 1152 teneri
2307 1096 2599 1150 debebunt.

2182 1191 2265 1246 IlI.
2302 1188 2319 1226 ι
2358 1191 2430 1245 De
2461 1190 2544 1243 his
2569 1189 2657 1259 qui
2705 1189 3016 1258 frequenter
3045 1201 3244 1241 uxores
3282 1187 3517 1250 ducunt,
3551 1194 3609 1242 et
3635 1187 3703 1240 de

2111 1281 2196 1337 bis
2225 1297 2346 1352 quae
2373 1282 2568 1350 saepius
2591 1282 2816 1348 nuhuut,
2836 1288 3046 1349 tempus
3063 1278 3279 1348 quidem
3300 1277 3441 1348 quod
3467 1278 3552 1332 his
3572 1293 3707 1332 con-

2112 1378 2353 1430 stitutum
2384 1385 2464 1428 est
2496 1373 2884 1435 observabunt,
2906 1381 2943 1408 ω
2973 1371 3258 1426 conversio
3278 1381 3455 1424 autem
3487 1379 3543 1423 et
3570 1368 3704 1426 ﬁdes

2111 1482 2300 1522 eorum
2328 1474 2536 1534 tempus
2563 1464 2914 1520 abbreviabit.

2183 1556 2271 1612 IV.
2304 1565 2331 1592 ιι
2353 1557 2407 1611 Si
2439 1557 2556 1625 quis
2585 1563 2761 1610 autem
2795 1553 3077 1623 concupita
3109 1553 3358 1618 muliere,
3390 1554 3552 1608 etiam
3575 1567 3709 1609 con-

2116 1647 2326 1704 cubitus
2347 1648 2465 1716 ejus
2490 1647 2814 1702 desiderium
2837 1646 3050 1708 habeat.
3076 1660 3180 1699 non
3212 1652 3388 1700 autem
3413 1645 3711 1716 subsequa-

411 1742 826 1811 byteriscivitatis
857 1741 1060 1808 offerre,
1109 1757 1201 1794 nec
1240 1739 1379 1811 [lege
1417 1740 1485 1811 et]
1534 1759 1716 1811 panem
1761 1741 1883 1794 dare
1911 1758 2012 1794 non
2044 1724 2091 1786 Β
2119 1750 2204 1793 tur
2233 1739 2484 1804 effectus,
2519 1737 2861 1792 manifesttun
2892 1747 2972 1792 est
2999 1736 3145 1791 hunc
3180 1751 3275 1806 per
3316 1735 3555 1790 divinam
3587 1751 3706 1806 gra-

428 1839 684 1898 poterunt.

498 1921 636 1976 XIV.
675 1921 748 1974 De
771 1923 970 1976 vicariis
999 1923 1375 1992 episcoporum.

499 2013 612 2065 XV.
642 2013 859 2065 Diaconi
879 2021 1069 2080 septem
1096 2029 1203 2066 esse
1222 2012 1424 2071 debent.

501 2113 524 2137 ιι
558 2101 1014 2156 Conveniemilms
1047 2104 1098 2155 in
1123 2119 1284 2156 unum
1309 2104 1508 2156 sanctis
1530 2118 1592 2157 ac
1619 2102 2018 2156 venerabilibus

430 2195 694 2262 episcopis
736 2194 788 2247 in
839 2194 970 2249 urbe
1019 2195 1262 2249 Czesarca
1296 2236 1312 2260 ,
1370 2194 1612 2259 VITALIS,
1646 2193 1672 2231 ι)
1706 2192 2016 2256 ϐειηηθιυδ,

429 2285 749 2350 ϐηπσοηιυε,
803 2287 1020 2350 Atrlus,
1078 2287 1342 2346 Bssmus.
1391 2287 1713 2350 Ssumsus,
1747 2298 1767 2325 ε
1806 2286 2017 2354 Reoux,

435 2380 697 2442 IIICASIUS,
736 2377 1061 2443 Ilenscuus,
1092 2376 1119 2414 ἀ
1155 2377 1444 2444 LEONTIUS,
1478 2379 1743 2442 Auernos,
1783 2379 2023 2430 STEPHA-

433 2483 529 2520 NUS
562 2509 577 2533 ,
611 2477 632 2504 ε
661 2467 909 2521 δειητιυε
935 2509 949 2532 ,
1005 2466 1210 2531 chus,
1265 2467 1638 2533 VALENTINUS,
1694 2466 2019 2533 Gunou'rtus,

434 2556 740 2616 NARCISSUS.
773 2555 793 2592 ί
823 2556 1105 2619 Loxctnus,
1137 2565 1192 2610 et
1236 2559 1498 2622 Saucrus,
1551 2569 1605 2613 et
1647 2559 1851 2622 ozcteri,
1907 2569 2020 2612 sta-

436 2655 650 2699 tuerunt
675 2648 786 2700 haec
808 2661 928 2715 qua:
955 2645 1091 2700 infra
1119 2648 1315 2716 scripta
1342 2657 1484 2702 sunt.

509 2735 548 2789 I.
565 2745 588 2781 ε
617 2735 993 2807 Presbyterum
1016 2736 1104 2807 qui
1128 2747 1351 2792 murem
1373 2737 1605 2801 duxerit,
1628 2739 1694 2793 ab
1713 2737 1900 2794 ordine
1922 2753 2020 2792 suo

435 2827 627 2895 deponi
651 2827 868 2883 debere.
895 2828 1047 2894 Quod
1079 2828 1124 2884 si
1148 2827 1444 2885 fornicatus
1469 2830 1652 2897 fuerit,
1687 2832 1771 2886 vel
1812 2831 2022 2886 adulte-

437 2917 571 2971 rium
618 2920 971 2984 commiserit,
1016 2917 1041 2955 ιι
1072 2929 1224 2974 extra
1273 2921 1566 2976 Ecclesiam
1615 2922 1917 2992 abjiciatur,
1967 2930 2025 2977 et

437 3008 802 3077 ptenitentiam
829 3010 968 3063 inter
997 3011 1163 3064 Iaicos
1185 3011 1434 3067 redactus
1459 3022 1600 3082 agat.

511 3155 536 3182 ⁸
569 3147 680 3200 Duo
711 3161 837 3200 mss.
874 3146 1069 3202 Veron.
1099 3149 1284 3202 decem
1309 3160 1597 3219 sequentes
1626 3167 1784 3208 voces
1815 3163 1870 3207 et
1899 3153 2022 3208 ulti-
2051 3157 2097 3218 C

437 3231 556 3268 mas
582 3225 927 3289 praetereunt,
969 3231 1032 3272 ac
1074 3219 1335 3286 simplicia
1383 3222 1758 3289 episcoporum
1810 3226 2023 3277 nomina

439 3289 735 3360 canonibus
787 3287 1065 3356 prmﬁgunt
1113 3303 1233 3360 qua;
1281 3290 1355 3358 in.
1385 3287 1608 3360 vulgatis
1671 3294 2024 3347 conciliorum

440 3371 558 3430 cum
590 3357 862 3410 civitatum
900 3368 966 3430 et
995 3357 1387 3430 provinciarum
1439 3357 1584 3430 (Vid.
1617 3362 1789 3418 Tract.
1824 3364 1886 3416 de
1912 3365 2029 3418 Col-

439 3425 561 3500 lect.
588 3438 735 3500 ρηνι.⁸
757 3442 868 3500 t,_c.
896 3429 948 3487 3.
986 3425 1012 3499 §
1036 3430 1097 3498 2)
1125 3429 1398 3484 additiune
1429 3425 1712 3500 posteriori
1751 3449 1908 3486 manu
1935 3449 2026 3487 ca-

443 3499 671 3568 nnnjhus
724 3497 879 3566 hujus
927 3497 1194 3553 versiOnis
1239 3497 1477 3567 subjecit:
1523 3503 1693 3557 fuere.
1740 3504 1794 3556 In
1841 3504 2024 3568 Corb.,

444 3565 600 3619 μευ-ι).
629 3565 965 3642 et_Vi_ndeb.,
988 3583 1114 3642 cum
1139 3569 1296 3642 simili
1339 3565 1743 3642 'prtet'atiuncula
1793 3565 2029 3642 praetulit?

445 3643 648 3690 luntur.
680 3637 826 3692 Ordo
858 3638 1130 3694 nominum
1164 3637 1359 3696 alicubi
1392 3641 1642 3698 diversus
1669 3654 1769 3698 est.

517 3705 542 3744 δ
567 3711 636 3758 Ita
667 3723 787 3761 eum
818 3707 1246 3782 _'i‘nuan.codtce
1277 3711 1384 3765 duo
1418 3711 1639 3781 Veron.,
1693 3717 1818 3768 item
1864 3713 2027 3769 Corb.

439 3779 986 3850 alia-qite_vtrrsi0iies.
1029 3779 1232 3845 Quesn.
1281 3797 1400 3838 cum
1457 3779 1682 3839 Vindeb.
1732 3794 1786 3839 et
1824 3784 2026 3850 Oxon.,

438 3845 792 3901 Germanicus.

516 3925 538 3954 ο
572 3915 686 3969 Duo
723 3917 910 3972 Veron.
942 3915 1221 3985 et'Barb.,
1256 3921 1436 3976 Sedus.
1495 3921 1682 3986 Corb.,
1731 3924 1923 3980 Redus.
1973 3926 2030 3980 In

441 3986 588 4062 vulg.
616 3986 761 4051 Isid.,
794 3988 994 4062 ﬂudus,
1028 3999 1083 4062 e_t
1113 3993 1163 4044 in
1199 4008 1391 4062 marg,
1428 3993 1627 4055 Rodiis,
1659 3995 1864 4047 Rodon.

512 4055 537 4092 ά
566 4057 620 4111 In
652 4073 752 4112 ms.
801 4055 991 4130 Vind;
1031 4059 1285 4127 Eontias;
1318 4055 1470 4130 'apud
1519 4065 1746 4130 Quesn.,
1797 4063 2028 4120 Contins.

441 4125 785 4202 Correximus
834 4129 1076 4202 Leontius
1115 4125 1342 4202 aliorum
1369 4125 1639 4188 'codic'um
1684 4125 2026 4202 auctoritate,

445 4200 637 4272 quibps
658 4198 776 4252 alia
797 4199 1072 4272 versiones
1101 4201 1480 4272 suffragantur.

514 4277 537 4304 ο
570 4269 804 4332 Timon,
831 4269 1066 4339 Siricius.
1104 4269 1289 4336 liam,
1315 4273 1527 4328 Eritius.
1571 4275 1754 4339 Corb.,
1806 4274 2029 4331 Elicius.

442 4338 558 4391 Duo
593 4339 812 4412 Verum,
857 4337 1165 4412 'Ei'ytltrius.
1203 4343 1356 4412 Vulg.
1409 4343 1557 4407 Isid.,
1606 4337 1828 4412 Eretius,
1878 4358 1930 4401 et
1980 4349 2030 4400 in

441 4409 970 4486 spargiue,_Erylrius
1016 4427 1034 4464 :
1067 4414 1156 4481 qui
1203 4409 1330 4467 moi
1383 4430 1478 4486 pro
1527 4409 1824 4471 Valentinus
1874 4417 2033 4473 habet

450 4477 863 4532 Valentinianus.
1085 4477 1096 4481 ⁷
1383 4477 1397 4486 ’
1913 4493 1917 4497 ·

515 4546 535 4622 ξ
572 4549 763 4622 Veron.
796 4551 886 4610 58.
923 4549 1291 4622 Lonyinianus.
1343 4555 1475 4610 Dein
1528 4558 1748 4611 Sanctus
1788 4558 1937 4612 deest
1976 4559 2029 4611 in

440 4619 584 4697 ynlg.
616 4619 1238 4697 Is_id._Econtraadditur
1265 4627 1403 4680 alius
1425 4627 1686 4691 Leontius,
1712 4630 1798 4696 qui
1822 4628 2029 4697 pariter

440 4689 630 4758 legitur
653 4691 703 4742 in
729 4692 938 4745 duobus
975 4693 1169 4746 Veron.
1676 4689 1681 4691 ⁷
1730 4689 1741 4696 ’
1822 4689 1838 4697 ’
1872 4712 1884 4720 ’

517 4768 541 4804 8
577 4760 725 4832 Vulg.
754 4762 904 4823 Isid.,
934 4762 1205 4832 Presbyter
1225 4767 1265 4818 si
1289 4782 1495 4819 uxorem
1518 4769 1740 4832 duxerit,
1767 4768 1830 4820 ab
1849 4767 2032 4822 ordine

445 4846 538 4908 suo
579 4829 720 4908 illum
744 4833 930 4898 deponi
961 4829 1157 4908 debere.
1207 4839 1258 4888 In
1288 4829 1788 4908 _Vindeb._tpmque
1836 4839 2029 4908 legitur

446 4898 758 4966 Presby'er;
797 4909 851 4953 et
895 4916 997 4954 vox
1042 4903 1190 4957 illum
1238 4905 1466 4960 additur.
1517 4898 1717 4962 Veron:
1769 4908 1860 4970 55,
1888 4898 2029 4963 'Sive

440 4969 717 5041 presbyter,
744 4970 848 5022 sive
879 4972 1125 5026 diaconus
1152 4992 1360 5040 umorem
1392 4979 1561 5041 duxit,
1600 4979 1662 5031 ab
1693 4969 1872 5031 ordine
1912 4979 2028 5032 illos

441 5039 632 5126 debere
647 5039 779 5108 fieri,
813 5051 858 5093 et
888 5041 952 5124 de
980 5045 1142 5126 gradu
1164 5047 1370 5101 deponi.
1408 5039 1560 5115 Quod
1581 5051 1625 5102 si
1652 5063 1767 5103 vero
1791 5049 2031 5118 forn'cati

443 5119 632 5179 iuerint
761 5119 1124 5166 commiserint.

515 5179 935 5262 “.Duo_Veron_.,
977 5193 1124 5262 extra
1165 5184 1448 5262 Ecclesium
1481 5189 1637 5262 abigi.
1682 5201 1729 5243 ct
1771 5191 1839 5243 ad
1881 5191 2031 5260 paeni-

445 5253 650 5328 tentiam
676 5254 988 5328 inter_l_aicos
1017 5257 1178 5326 redigi
1207 5257 1423 5328 oportet.
1564 5253 1586 5262 ⁷
1821 5264 1826 5266 ’

523 5319 538 5355 ί
581 5323 767 5402 Vind.,
796 5323 986 5402 Mulier
1013 5329 1093 5391 si;
1128 5319 1398 5402 'etp'ostea
1427 5331 1580 5402 abjici
1615 5349 1748 5398 eam,
1781 5331 2034 5401 deletque

445 5402 555 5440 eam
582 5397 705 5445 ante
731 5396 952 5449 verbum
983 5399 1320 5452 reconciliari.

522 5458 686 5579 ἐξ)υο
730 5462 927 5519 Veron.
978 5477 1031 5520 et
1086 5467 1244 5522 Barb.
1303 5486 1423 5524 cum
1470 5473 1610 5542 vnlg.
1660 5473 1809 5538 Isid.,
1869 5487 2037 5526 sacra-

522 5545 563 5579 μη
588 5545 652 5579 18.

448 5543 652 5582 mentis.

521 5597 548 5636 ιι
581 5599 693 5652 Duo
725 5600 945 5662 Veram,

978 5607 1103 5670 Quir
1124 5612 1364 5665 sententia
1391 5623 1492 5665 tam
1515 5613 1643 5667 viros
1669 5630 1818 5680 quam
1850 5612 2034 5667 mulie-

443 5685 520 5722 res
551 5679 721 5724 tenere
749 5672 960 5726 debebit.

2057 4521 2110 4581 D

2119 1834 2244 1887 tiam
2278 1834 2440 1885 fuisse
2469 1831 2775 1886 liberatum.

2190 1924 2257 1979 V.
2283 1923 2746 1989 Cateelnunenus,
2779 1923 2828 1976 id
2859 1932 2942 1976 est
2990 1921 3216 1977 audiens
3242 1964 3257 1988 ,
3292 1917 3384 1989 qui
3415 1920 3714 1989 ingreditur

2118 2015 2402 2072 ecclesiam
2423 2055 2440 2082 ,
2491 2025 2542 2068 et
2586 2023 2691 2069 stat
2722 2023 2746 2048 ο
2776 2029 2896 2068 cum
2941 2013 3379 2078 catechumenis,
3412 2012 3458 2068 si
3491 2026 3724 2082 peccare

2121 2108 2282 2162 fuerit
2320 2110 2468 2161 visus
2491 2148 2505 2172 ,
2541 2107 2706 2176 ligans
2744 2120 2915 2174 genua
2959 2105 3140 2159 audiat
3165 2105 3422 2170 verbum,
3455 2115 3483 2153 Ρ
3522 2103 3622 2159 sed
3662 2113 3720 2158 ut

2123 2199 2387 2254 abSIincat
2415 2197 2481 2251 ab
2513 2197 2638 2251 idoli
2672 2206 2922 2265 peccato;
2952 2195 3094 2265 quod
3134 2195 3178 2250 si
3229 2195 3280 2248 in
3313 2209 3379 2250 eo
3427 2195 3721 2265 perdurat,

2124 2289 2343 2346 omnino
2378 2289 2542 2344 debet
2569 2288 2748 2355 abjici.

2200 2381 2286 2434 Vl.
2320 2391 2346 2429 ιι
2378 2380 2453 2435 De
2483 2379 2879 2449 praegnantibus
2917 2378 3172 2445 quoniam
3211 2388 3427 2448 oportet
3455 2379 3724 2448 baptizari

2127 2471 2339 2540 quando
2380 2472 2564 2523 volunt
2593 2487 2607 2535 ;
2641 2469 2770 2524 nihil
2799 2470 2943 2524 enim
2979 2471 3031 2524 in
3071 2469 3173 2525 hoc
3198 2480 3541 2526 sacramento
3569 2486 3723 2525 com-

2129 2576 2291 2614 mune
2320 2571 2403 2616 est
2426 2570 2446 2597 τ
2484 2561 2734 2628 pariturae
2761 2568 2816 2613 et
2846 2560 2923 2613 illi
2955 2559 3098 2627 quod
3139 2559 3206 2614 de
3237 2569 3391 2614 utero
3415 2559 3537 2629 ejus
3562 2561 3724 2618 fuerit

2121 2651 2358 2715 editum;
2390 2654 2513 2720 quia
2541 2645 2963 2721 uniuscuiusque
2989 2652 3040 2705 in
3068 2651 3159 2706 illa
3181 2651 3527 2708 confessione
3553 2653 3726 2708 liber-

2123 2752 2204 2796 tas
2227 2741 2435 2797 arbitrii
2467 2742 2795 2796 declaratur.

2201 2833 2311 2887 VII.
2333 2833 2718 2904 Presbyterum
2749 2832 2998 2889 convivio
3027 2833 3387 2889 secundarum
3410 2835 3726 2902 nuptiarum

2126 2924 2392 2978 interesse
2419 2938 2526 2977 non
2555 2924 2778 2986 debere.
2809 2925 3042 2978 maxime
3063 2939 3185 2979 cum
3221 2934 3490 2992 lpetatur
3519 2939 3725 2980 secun-

2127 3015 2214 3070 dis
2253 3014 2451 3084 nuptiis
2496 3015 2864 3084 ptenitentiam
2893 3017 3154 3070 tribuere.
3183 3015 3314 3082 Quis
3337 3031 3466 3085 ergo
3487 3026 3572 3070 est
3603 3032 3732 3087 pre-

2207 3151 2224 3190 ι
2259 3154 2461 3220 Quesn.
2496 3169 2620 3208 cum
2648 3170 2748 3208 ms.
2789 3154 2988 3219 Oxon.,
3028 3153 3128 3209 Hie
3157 3171 3272 3224 qua:
3299 3156 3591 3225 frequenter
3620 3172 3730 3212 nst-

2130 3224 2277 3291 bunt,
2311 3233 2360 3276 et
2387 3225 2440 3275 hi
2459 3226 2545 3292 qui
2568 3228 2861 3293 frequenter
2889 3242 3072 3278 uxores
3100 3227 3314 3290 ducunt,
3360 3237 3580 3291 tempus,
3610 3235 3726 3281 elo.

2135 3242 2277 3291 Dum,
2311 3242 2360 3276 et
2387 3242 2439 3275 ιιι
2459 3242 2545 3292 qut
2568 3242 2646 3293 [re
2684 3242 2861 3278 uenter
2889 3242 3072 3278 uxores
3100 3242 3314 3290 aucunt,
3360 3242 3580 3291 tempus,
3610 3242 3726 3281 etc.

2135 3295 2471 3366 Praetulimus
2497 3310 2600 3366 ms.
2631 3242 2884 3366 quidem,
2903 3311 3024 3350 cmn
3051 3310 3156 3366 quo
3181 3296 3510 3350 concordant
3535 3312 3731 3351 exem-

2135 3365 2250 3437 plar
2277 3365 2487 3437 '[huaru
2521 3364 2589 3419 sb
2612 3364 2800 3420 eodem
2819 3364 3122 3437 Quosnello
3152 3367 3456 3434 laudatum,
3489 3377 3544 3419 et
3573 3369 3724 3437 vulg.

2134 3435 2257 3489 Isid.
2282 3434 2586 3488 Concinunt
2612 3438 2776 3489 etiam
2799 3436 2906 3490 duo
2931 3435 3130 3490 Veron.
3163 3447 3219 3490 et
3241 3437 3424 3501 Barb.,
3444 3438 3495 3490 in
3527 3434 3731 3505 quibus

2131 3507 2303 3559 solum
2331 3506 2568 3559 secundo
2598 3505 2719 3560 loco
2742 3521 3022 3574 perperam
3055 3507 3250 3575 legitur
3270 3509 3357 3573 qui
3387 3521 3483 3574 pro
3510 3524 3650 3575 quia.

2205 3584 2244 3650 ﬂ}
2282 3574 2587 3643 Legendum
2614 3591 2734 3630 cum
2761 3577 2971 3632 duobus
2997 3574 3196 3631 Vereri.
3221 3587 3275 3631 et
3302 3578 3464 3632 Barb.
3490 3574 3554 3632 ac
3577 3580 3728 3650 vulg.

2134 3645 2264 3698 Isid.
2278 3686 2290 3708 ,
2323 3651 2658 3701 conversatio.
3025 3663 3027 3666 ‘
3579 3658 3582 3660 ⁷

2203 3715 2456 3769 ηΤΙηιαη.
2494 3731 2618 3777 ms..
2666 3725 2884 3770 notante
2929 3716 3237 3784 Quesnello,
3289 3719 3424 3771 huc
3471 3734 3725 3773 annonem

2121 3799 2244 3838 cum
2275 3787 2424 3839 tertio
2453 3788 2737 3856 conjungit.
2763 3787 2994 3840 Totidem
3023 3796 3194 3841 tamen
3219 3799 3453 3842 numerat
3477 3805 3726 3851 canones,

2133 3856 2329 3910 decimo
2354 3869 2534 3925 quarta
2562 3856 2752 3910 scilicet
2795 3858 2850 3910 in
2880 3859 3009 3911 duos
3037 3858 3219 3912 diviso.
3244 3860 3362 3913 Mox
3404 3861 3511 3914 duo
3552 3859 3726 3914 nostri

2133 3926 2291 3979 codd.
2325 3927 2507 3981 delent
2535 3938 2727 3982 autem.

2207 3997 2359 4067 °Sic
2390 4011 2586 4067 omnes
2618 3997 2783 4051 nostri
2815 3997 2975 4053 codd.
3015 4013 3078 4052 ac
3120 3999 3279 4052 etiam
3309 3998 3518 4054 Thuan.
3552 4000 3728 4067 Ques-

2133 4066 2286 4126 nelli,
2311 4065 2402 4136 qui
2431 4069 2565 4122 inter
2593 4067 2982 4122 catechumenos
3006 4083 3126 4122 cum
3149 4069 3321 4123 Oxon.
3351 4065 3596 4124 retinuit.

2208 4147 2234 4184 ν
2262 4137 2396 4190 Vera
2421 4139 2578 4192 lectio
2599 4146 2683 4192 est
2703 4138 2761 4191 in
2784 4137 2993 4192 duobus
3013 4139 3237 4203 Veron.,
3263 4140 3368 4195 Sed
3390 4141 3640 4194 abstineat
3662 4143 3728 4193 ab

2134 4206 2227 4260 illo
2251 4219 2456 4278 peccato
2487 4211 2622 4277 quod
2664 4208 2819 4278 fecit:
2849 4209 2989 4279 quod
3015 4210 3080 4273 si,
3116 4217 3224 4264 etc.
3261 4211 3314 4263 In
3360 4211 3517 4264 Vind.
3554 4215 3728 4279 prima

2136 4291 2298 4349 manu
2327 4286 2411 4331 est
2440 4279 2600 4333 lectio
2633 4285 2838 4343 textus,
2868 4294 2988 4346 quas
3025 4279 3185 4347 hujus
3223 4280 3561 4334 collectionis
3603 4296 3724 4349 pru-

2137 4348 2252 4415 pria
2281 4353 2619 4416 agnoscitur;
2663 4358 2716 4402 at
2745 4350 2978 4403 secunda
3009 4365 3169 4404 manu
3202 4351 3397 4404 additae
3442 4348 3616 4405 voces
3635 4352 3731 4404 illo

2135 4427 2184 4470 et
2208 4421 2344 4490 quod
2371 4419 2512 4484 fecit,
2535 4419 2630 4473 sed
2663 4433 2914 4486 perversa
2943 4421 3173 4476 lectione
3202 4422 3294 4475 illo
3323 4421 3452 4474 idoli
3479 4432 3728 4490 peccato:

2136 4487 2274 4556 quod
2302 4490 2346 4540 si
2375 4493 2515 4559 fecit,
2556 4491 2694 4555 quod
2728 4491 2780 4543 in
2825 4506 2903 4543 eo.
2939 4491 2996 4542 In
3040 4491 3192 4544 Ilarb.
3232 4491 3457 4545 habetur
3479 4487 3547 4544 'ab
3586 4493 3731 4545 idolo

2136 4568 2364 4628 peccato,
2388 4573 2582 4630 exgqua
2614 4573 2838 4626 erronea
2871 4560 3103 4615 lectione
3135 4576 3413 4630 perperam
3439 4562 3729 4617 emendata

2137 4641 2388 4702 intimasse
2405 4628 2627 4702 videtur
2653 4640 2836 4702 nostra
2857 4630 3028 4702 lectio
3065 4628 3294 4685 ab'idoli
3315 4641 3521 4702 peccato
3545 4674 3562 4698 ,
3603 4647 3729 4686 cum

2134 4699 2716 4772 corrigendumfuerat
2735 4701 2798 4752 ab
2828 4701 2918 4754 illo
2950 4711 3176 4769 peccato.
3207 4699 3363 4772 Vulg.
3407 4704 3562 4768 Isid.,
3596 4715 3652 4756 ut
3678 4718 3734 4757 se

2136 4769 2387 4892 abstineat
2424 4778 2485 4823 ab
2518 4771 2610 4824 illo
2652 4779 2858 4839 peccato
2887 4772 3024 4840 quod
3066 4774 3219 4842 fecit,
3250 4769 3423 4828 deleta
3463 4774 3735 4842 particula.

2136 4855 2188 4892 se
2233 4877 2248 4892 .

2135 4855 2224 4893 sea
2233 4877 2248 4893 ο

2205 4921 2233 4960 ει
2262 4910 2351 4965 Sic
2372 4909 2600 4965 Vindeb.
2623 4918 2680 4965 et
2704 4909 2813 4965 duo
2844 4911 3206 4968 Veronenses.
3225 4913 3731 4976 Concinit'l‘huan.,

2139 4979 2218 5035 De
2260 4981 2646 5052 prtegnantibus
2693 4983 2917 5052 grauidis
2955 4984 3219 5051 quoniam.
3269 4983 3424 5052 Vulg.
3468 4982 3619 5047 Isid.,
3657 4983 3736 5036 De

2140 5052 2520 5119 prwgnantibus
2560 5054 2717 5120 quod.
2772 5053 2973 5118 Quesn.
3030 5067 3152 5108 cum
3196 5067 3296 5108 ms.
3339 5056 3540 5120 Oxum,
3586 5054 3736 5108 Prte-

2139 5133 2352 5193 gnantes
2375 5131 2592 5191 oportet.
3241 5154 3250 5162 -

2212 5200 2235 5228 τ
2264 5192 2467 5258 Quesn.
2494 5192 2645 5246 addit
2672 5192 2862 5245 matri:
2885 5192 3183 5249 delevimus
3213 5209 3332 5249 cum
3364 5195 3564 5249 nostris
3594 5205 3728 5247 mss.

2141 5272 2196 5316 et
2227 5263 2378 5335 vulg.
2405 5262 2527 5335 Isid.
2558 5265 2681 5317 Mox
2705 5265 2885 5332 φάη..
2909 5265 3075 5320 editus
3099 5281 3194 5335 pro
3217 5266 3442 5334 quod....
3466 5266 3657 5318 editum
3677 5264 3731 5319 in

2141 5333 2330 5387 eodem
2363 5331 2489 5386 Isid.
2520 5331 2758 5402 vulgato.

2215 5410 2236 5436 ³
2272 5403 2636 5483 lta_0§on._e_t
2680 5404 2889 5459 'l‘huan.
2934 5404 3531 5483 Quesuelli._lta.etiam
3559 5404 3728 5483 prima

2143 5488 2308 5526 manu
2342 5473 2394 5525 in
2432 5473 2684 5545 Viodeb.,
2714 5485 2768 5528 at
2796 5477 3029 5529 secunda
3058 5485 3115 5530 et
3144 5473 3358 5545 antiqua
3388 5479 3613 5531 emenda
3639 5488 3727 5525 um

2141 5554 2395 5606 onorteat.
2431 5543 2580 5624 Vulg.
2608 5546 2760 5624 Isid.,
2779 5546 3128 5624 pra'cipiatur.
3159 5543 3352 5624 Veron.
3505 5564 3616 5624 cum
3639 5561 3731 5624 pe-

2142 5623 2279 5666 tatur
2312 5616 2547 5668 secundis
2596 5616 2786 5685 nuptiis
2835 5617 3162 5685 pwnitentia,
3207 5618 3410 5671 omisso
3435 5617 3596 5671 verbo
3637 5616 3731 5666 ιγὸ-

2142 5686 2324 5747 buere;
2349 5693 2402 5738 at
2432 5687 2683 5740 secundis
2711 5687 2858 5742 curis
2888 5687 3048 5742 lectio
3081 5687 3500 5744 textusinducta
3537 5689 3651 5740 fuit.
