  <div class='ocr_page' id='page_1' title='image "/cluster/home/n/w/nwhite01/storage/ocr_20150623/56/hvd.32044054758651/230.png"; bbox 0 0 3888 6182; ppageno 0'>
   <div class='ocr_carea' id='block_1_1' title="bbox 251 293 3436 366">
    <p class='ocr_par' dir='ltr' id='par_1_1' title="bbox 251 293 3436 366">
     <span class='ocr_line' id='line_1_1' title="bbox 251 293 3436 366; baseline 0.003 -14"><span class='ocrx_word' id='word_1_1' title='bbox 251 300 322 354; x_wconf 85' lang='lat' dir='ltr'><strong>Il5</strong></span> <span class='ocrx_word' id='word_1_2' title='bbox 637 293 862 349; x_wconf 81' lang='lat' dir='ltr'><strong>CODEX</strong></span> <span class='ocrx_word' id='word_1_3' title='bbox 903 294 1231 352; x_wconf 59' lang='lat' dir='ltr'><strong>CANONUBI</strong></span> <span class='ocrx_word' id='word_1_4' title='bbox 1271 297 1553 356; x_wconf 79' lang='lat' dir='ltr'><strong>ECCLES.</strong></span> <span class='ocrx_word' id='word_1_5' title='bbox 1599 303 1682 356; x_wconf 84' lang='lat' dir='ltr'><strong>ET</strong></span> <span class='ocrx_word' id='word_1_6' title='bbox 1724 301 2291 362; x_wconf 75' lang='lat' dir='ltr'><strong>CONSTITUTORU.“</strong></span> <span class='ocrx_word' id='word_1_7' title='bbox 2335 308 2390 361; x_wconf 66' lang='grc' dir='ltr'><strong>ς.</strong></span> <span class='ocrx_word' id='word_1_8' title='bbox 2437 308 2629 363; x_wconf 80' lang='lat' dir='ltr'><strong>SEDIS</strong></span> <span class='ocrx_word' id='word_1_9' title='bbox 2667 308 2996 364; x_wconf 82' lang='lat' dir='ltr'><strong>APOSTOL.</strong></span> <span class='ocrx_word' id='word_1_10' title='bbox 3335 312 3436 366; x_wconf 55' lang='lat' dir='ltr'><strong>illi</strong></span> 
     </span>
    </p>
   </div>
   <div class='ocr_carea' id='block_1_2' title="bbox 240 403 3441 493">
    <p class='ocr_par' dir='ltr' id='par_1_2' title="bbox 240 403 3441 493">
     <span class='ocr_line' id='line_1_2' title="bbox 240 403 3441 493; baseline 0.002 -32"><span class='ocrx_word' id='word_1_11' title='bbox 240 411 382 476; x_wconf 59' lang='grc' dir='ltr'><strong>ειη-ιρι·</strong></span> <span class='ocrx_word' id='word_1_12' title='bbox 400 403 482 473; x_wconf 90' lang='lat' dir='ltr'><strong>qui</strong></span> <span class='ocrx_word' id='word_1_13' title='bbox 507 411 721 471; x_wconf 80' lang='lat' dir='ltr'><strong>propter</strong></span> <span class='ocrx_word' id='word_1_14' title='bbox 745 404 1044 458; x_wconf 72' lang='lat' dir='ltr'><strong>conrivium</strong></span> <span class='ocrx_word' id='word_1_15' title='bbox 1081 405 1188 459; x_wconf 83' lang='lat' dir='ltr'><strong>illis</strong></span> <span class='ocrx_word' id='word_1_16' title='bbox 1207 410 1506 463; x_wconf 74' lang='lat' dir='ltr'><strong>consentiat</strong></span> <span class='ocrx_word' id='word_1_17' title='bbox 1530 412 1763 479; x_wconf 70' lang='lat' dir='ltr'><strong>nuptiis?</strong></span> <span class='ocrx_word' id='word_1_18' title='bbox 1791 416 1843 476; x_wconf 77' lang='grc' dir='ltr'><strong>Α</strong></span> <span class='ocrx_word' id='word_1_19' title='bbox 1942 417 2078 472; x_wconf 78' lang='lat' dir='ltr'><strong>XIII.</strong></span> <span class='ocrx_word' id='word_1_20' title='bbox 2108 419 2410 489; x_wconf 68' lang='lat' dir='ltr'><strong>Presbyteri</strong></span> <span class='ocrx_word' id='word_1_21' title='bbox 2448 420 2540 488; x_wconf 83' lang='lat' dir='ltr'><strong>qui</strong></span> <span class='ocrx_word' id='word_1_22' title='bbox 2568 424 2971 493; x_wconf 66' lang='lat' dir='ltr'><strong>conregionales</strong></span> <span class='ocrx_word' id='word_1_23' title='bbox 3006 425 3021 462; x_wconf 83' lang='lat' dir='ltr'><strong>i</strong></span> <span class='ocrx_word' id='word_1_24' title='bbox 3055 439 3159 478; x_wconf 74' lang='lat' dir='ltr'><strong>non</strong></span> <span class='ocrx_word' id='word_1_25' title='bbox 3203 437 3320 479; x_wconf 72' lang='grc' dir='ltr'>ςιιηι</span> <span class='ocrx_word' id='word_1_26' title='bbox 3343 471 3355 490; x_wconf 58' lang='grc'>,</span> <span class='ocrx_word' id='word_1_27' title='bbox 3389 431 3441 479; x_wconf 71' lang='lat' dir='ltr'><strong>in</strong></span> 
     </span>
    </p>
   </div>
   <div class='ocr_carea' id='block_1_3' title="bbox 291 495 3444 587">
    <p class='ocr_par' dir='ltr' id='par_1_3' title="bbox 291 495 3444 587">
     <span class='ocr_line' id='line_1_3' title="bbox 291 495 3444 587; baseline 0.003 -40"><span class='ocrx_word' id='word_1_28' title='bbox 291 497 481 587; x_wconf 79' lang='lat' dir='ltr'><strong>Vlll.Si</strong></span> <span class='ocrx_word' id='word_1_29' title='bbox 511 495 660 587; x_wconf 80' lang='lat' dir='ltr'><strong>cujus</strong></span> <span class='ocrx_word' id='word_1_30' title='bbox 686 510 910 587; x_wconf 80' lang='lat' dir='ltr'><strong>uxorein</strong></span> <span class='ocrx_word' id='word_1_31' title='bbox 942 496 1266 552; x_wconf 92' lang='lat' dir='ltr'><strong>adulterium</strong></span> <span class='ocrx_word' id='word_1_32' title='bbox 1305 499 1608 562; x_wconf 87' lang='lat' dir='ltr'><strong>admisisse.</strong></span> <span class='ocrx_word' id='word_1_33' title='bbox 1641 502 1766 556; x_wconf 92' lang='lat' dir='ltr'><strong>dum</strong></span> <span class='ocrx_word' id='word_1_34' title='bbox 1875 509 2098 564; x_wconf 76' lang='lat' dir='ltr'><strong>ecclesia</strong></span> <span class='ocrx_word' id='word_1_35' title='bbox 2122 513 2477 577; x_wconf 57' lang='lat' dir='ltr'><strong>pungentibus</strong></span> <span class='ocrx_word' id='word_1_36' title='bbox 2505 514 2773 584; x_wconf 69' lang='lat' dir='ltr'><strong>episcopis</strong></span> <span class='ocrx_word' id='word_1_37' title='bbox 2813 519 2966 587; x_wconf 72' lang='lat'><strong>119</strong></span> <span class='ocrx_word' id='word_1_38' title='bbox 2997 518 3077 572; x_wconf 67' lang='grc' dir='ltr'><strong>νει</strong></span> <span class='ocrx_word' id='word_1_39' title='bbox 3119 520 3444 586; x_wconf 50' lang='lat' dir='ltr'><strong>presbyteris</strong></span> 
     </span>
    </p>
   </div>
   <div class='ocr_carea' id='block_1_4' title="bbox 227 584 1766 656">
    <p class='ocr_par' dir='ltr' id='par_1_4' title="bbox 227 584 1766 656">
     <span class='ocr_line' id='line_1_4' title="bbox 227 584 1766 656; baseline 0.003 -14"><span class='ocrx_word' id='word_1_40' title='bbox 227 598 344 642; x_wconf 59' lang='lat' dir='ltr'><strong>esset</strong></span> <span class='ocrx_word' id='word_1_41' title='bbox 365 586 537 650; x_wconf 86' lang='lat' dir='ltr'><strong>laicus,</strong></span> <span class='ocrx_word' id='word_1_42' title='bbox 564 584 726 639; x_wconf 84' lang='lat' dir='ltr'><strong>fuerit</strong></span> <span class='ocrx_word' id='word_1_43' title='bbox 749 587 1178 656; x_wconf 86' lang='lat' dir='ltr'><strong>comprobatum,</strong></span> <span class='ocrx_word' id='word_1_44' title='bbox 1205 590 1301 642; x_wconf 90' lang='lat' dir='ltr'><strong>iste</strong></span> <span class='ocrx_word' id='word_1_45' title='bbox 1321 591 1384 642; x_wconf 90' lang='lat' dir='ltr'><strong>ad</strong></span> <span class='ocrx_word' id='word_1_46' title='bbox 1411 591 1766 647; x_wconf 88' lang='lat' dir='ltr'><strong>ministerium</strong></span> 
     </span>
    </p>
   </div>
   <div class='ocr_carea' id='block_1_5' title="bbox 226 676 1764 748">
    <p class='ocr_par' dir='ltr' id='par_1_5' title="bbox 226 676 1764 748">
     <span class='ocr_line' id='line_1_5' title="bbox 226 676 1764 748; baseline 0.002 -14"><span class='ocrx_word' id='word_1_47' title='bbox 226 677 608 734; x_wconf 75' lang='lat' dir='ltr'><strong>ecclesiasticum</strong></span> <span class='ocrx_word' id='word_1_48' title='bbox 651 685 677 713; x_wconf 72' lang='grc' dir='ltr'>α</span> <span class='ocrx_word' id='word_1_49' title='bbox 717 676 928 731; x_wconf 84' lang='lat' dir='ltr'><strong>admitti</strong></span> <span class='ocrx_word' id='word_1_50' title='bbox 975 678 1134 748; x_wconf 78' lang='lat'><strong>118</strong></span> <span class='ocrx_word' id='word_1_51' title='bbox 1170 681 1383 746; x_wconf 73' lang='lat' dir='ltr'><strong>penitus</strong></span> <span class='ocrx_word' id='word_1_52' title='bbox 1423 696 1527 734; x_wconf 91' lang='lat' dir='ltr'><strong>non</strong></span> <span class='ocrx_word' id='word_1_53' title='bbox 1587 683 1764 737; x_wconf 85' lang='lat' dir='ltr'><strong>debet.</strong></span> 
     </span>
    </p>
   </div>
   <div class='ocr_carea' id='block_1_6' title="bbox 222 766 1761 838">
    <p class='ocr_par' dir='ltr' id='par_1_6' title="bbox 222 766 1761 838">
     <span class='ocr_line' id='line_1_6' title="bbox 222 766 1761 838; baseline 0.003 -16"><span class='ocrx_word' id='word_1_54' title='bbox 222 766 348 836; x_wconf 84' lang='lat' dir='ltr'><strong>Quod</strong></span> <span class='ocrx_word' id='word_1_55' title='bbox 399 768 438 821; x_wconf 92' lang='lat' dir='ltr'><strong>si</strong></span> <span class='ocrx_word' id='word_1_56' title='bbox 482 767 591 836; x_wconf 88' lang='lat' dir='ltr'><strong>jam</strong></span> <span class='ocrx_word' id='word_1_57' title='bbox 636 782 702 823; x_wconf 91' lang='lat' dir='ltr'><strong>eo</strong></span> <span class='ocrx_word' id='word_1_58' title='bbox 759 768 812 822; x_wconf 91' lang='lat' dir='ltr'><strong>in</strong></span> <span class='ocrx_word' id='word_1_59' title='bbox 856 767 1007 822; x_wconf 88' lang='lat' dir='ltr'><strong>clero</strong></span> <span class='ocrx_word' id='word_1_60' title='bbox 1060 767 1353 823; x_wconf 88' lang='lat' dir='ltr'><strong>constituto</strong></span> <span class='ocrx_word' id='word_1_61' title='bbox 1414 771 1761 838; x_wconf 81' lang='lat' dir='ltr'><strong>adulteravil,</strong></span> 
     </span>
    </p>
   </div>
   <div class='ocr_carea' id='block_1_7' title="bbox 222 861 1766 928">
    <p class='ocr_par' dir='ltr' id='par_1_7' title="bbox 222 861 1766 928">
     <span class='ocr_line' id='line_1_7' title="bbox 222 861 1766 928; baseline 0.003 -10"><span class='ocrx_word' id='word_1_62' title='bbox 222 868 327 919; x_wconf 82' lang='lat' dir='ltr'><strong>dato</strong></span> <span class='ocrx_word' id='word_1_63' title='bbox 351 861 560 928; x_wconf 86' lang='lat' dir='ltr'><strong>repudio</strong></span> <span class='ocrx_word' id='word_1_64' title='bbox 587 861 863 916; x_wconf 86' lang='lat' dir='ltr'><strong>dimittere</strong></span> <span class='ocrx_word' id='word_1_65' title='bbox 903 878 1021 918; x_wconf 90' lang='lat' dir='ltr'><strong>eam</strong></span> <span class='ocrx_word' id='word_1_66' title='bbox 1051 863 1231 920; x_wconf 89' lang='lat' dir='ltr'><strong>debet.</strong></span> <span class='ocrx_word' id='word_1_67' title='bbox 1275 861 1348 920; x_wconf 86' lang='lat' dir='ltr'><strong>Si</strong></span> <span class='ocrx_word' id='word_1_68' title='bbox 1374 882 1503 922; x_wconf 89' lang='lat' dir='ltr'><strong>vero</strong></span> <span class='ocrx_word' id='word_1_69' title='bbox 1535 871 1766 923; x_wconf 88' lang='lat' dir='ltr'><strong>retinere</strong></span> 
     </span>
    </p>
   </div>
   <div class='ocr_carea' id='block_1_8' title="bbox 223 952 1762 1028">
    <p class='ocr_par' dir='ltr' id='par_1_8' title="bbox 223 952 1762 1028">
     <span class='ocr_line' id='line_1_8' title="bbox 223 952 1762 1028; baseline 0.002 -18"><span class='ocrx_word' id='word_1_70' title='bbox 223 959 320 1022; x_wconf 81' lang='lat' dir='ltr'><strong>ejus</strong></span> <span class='ocrx_word' id='word_1_71' title='bbox 338 952 652 1008; x_wconf 86' lang='lat' dir='ltr'><strong>consortium</strong></span> <span class='ocrx_word' id='word_1_72' title='bbox 685 955 1083 1020; x_wconf 81' lang='lat' dir='ltr'><strong>voluerit,_noo</strong></span> <span class='ocrx_word' id='word_1_73' title='bbox 1118 966 1296 1025; x_wconf 83' lang='lat' dir='ltr'><strong>poteSt</strong></span> <span class='ocrx_word' id='word_1_74' title='bbox 1324 971 1574 1028; x_wconf 80' lang='lat' dir='ltr'><strong>suscepto</strong></span> <span class='ocrx_word' id='word_1_75' title='bbox 1605 961 1762 1014; x_wconf 90' lang='lat' dir='ltr'><strong>mini-</strong></span> 
     </span>
    </p>
   </div>
   <div class='ocr_carea' id='block_1_9' title="bbox 221 1043 752 1112">
    <p class='ocr_par' dir='ltr' id='par_1_9' title="bbox 221 1043 752 1112">
     <span class='ocr_line' id='line_1_9' title="bbox 221 1043 752 1112; baseline -0.013 -8"><span class='ocrx_word' id='word_1_76' title='bbox 221 1045 359 1104; x_wconf 82' lang='lat' dir='ltr'><strong>sterio</strong></span> <span class='ocrx_word' id='word_1_77' title='bbox 384 1043 595 1112; x_wconf 79' lang='lat' dir='ltr'><strong>perfrui.</strong></span> <span class='ocrx_word' id='word_1_78' title='bbox 742 1058 752 1082; x_wconf 75' lang='grc' dir='ltr'>ν</span> 
     </span>
    </p>
   </div>
   <div class='ocr_carea' id='block_1_10' title="bbox 285 1137 1762 1212">
    <p class='ocr_par' dir='ltr' id='par_1_10' title="bbox 285 1137 1762 1212">
     <span class='ocr_line' id='line_1_10' title="bbox 285 1137 1762 1212; baseline 0.004 -21"><span class='ocrx_word' id='word_1_79' title='bbox 285 1137 360 1191; x_wconf 79' lang='lat' dir='ltr'><strong>IX.</strong></span> <span class='ocrx_word' id='word_1_80' title='bbox 385 1137 477 1202; x_wconf 86' lang='lat' dir='ltr'><strong>Qui</strong></span> <span class='ocrx_word' id='word_1_81' title='bbox 515 1137 799 1191; x_wconf 73' lang='lat' dir='ltr'><strong>admiserit</strong></span> <span class='ocrx_word' id='word_1_82' title='bbox 828 1139 1106 1206; x_wconf 90' lang='lat' dir='ltr'><strong>corporale</strong></span> <span class='ocrx_word' id='word_1_83' title='bbox 1139 1150 1435 1208; x_wconf 86' lang='lat' dir='ltr'><strong>peccatum,</strong></span> <span class='ocrx_word' id='word_1_84' title='bbox 1473 1151 1527 1195; x_wconf 93' lang='lat' dir='ltr'><strong>et</strong></span> <span class='ocrx_word' id='word_1_85' title='bbox 1556 1142 1640 1196; x_wconf 75' lang='lat' dir='ltr'><strong>hic</strong></span> <span class='ocrx_word' id='word_1_86' title='bbox 1667 1157 1762 1212; x_wconf 86' lang='lat' dir='ltr'><strong>po-</strong></span> 
     </span>
    </p>
   </div>
   <div class='ocr_carea' id='block_1_11' title="bbox 223 1228 1760 1302">
    <p class='ocr_par' dir='ltr' id='par_1_11' title="bbox 223 1228 1760 1302">
     <span class='ocr_line' id='line_1_11' title="bbox 223 1228 1760 1302; baseline 0.004 -20"><span class='ocrx_word' id='word_1_87' title='bbox 223 1239 315 1282; x_wconf 84' lang='lat' dir='ltr'><strong>stea</strong></span> <span class='ocrx_word' id='word_1_88' title='bbox 341 1229 601 1300; x_wconf 77' lang='lat' dir='ltr'><strong>presbyter</strong></span> <span class='ocrx_word' id='word_1_89' title='bbox 631 1228 912 1283; x_wconf 84' lang='lat' dir='ltr'><strong>ordinatus</strong></span> <span class='ocrx_word' id='word_1_90' title='bbox 932 1231 1021 1292; x_wconf 90' lang='lat' dir='ltr'><strong>sit,</strong></span> <span class='ocrx_word' id='word_1_91' title='bbox 1049 1231 1092 1282; x_wconf 90' lang='lat' dir='ltr'><strong>si</strong></span> <span class='ocrx_word' id='word_1_92' title='bbox 1129 1232 1407 1285; x_wconf 74' lang='lat' dir='ltr'><strong>confessus</strong></span> <span class='ocrx_word' id='word_1_93' title='bbox 1436 1231 1591 1287; x_wconf 79' lang='lat' dir='ltr'><strong>fuerit</strong></span> <span class='ocrx_word' id='word_1_94' title='bbox 1621 1234 1760 1302; x_wconf 89' lang='lat' dir='ltr'><strong>quod</strong></span> 
     </span>
    </p>
   </div>
   <div class='ocr_carea' id='block_1_12' title="bbox 220 1320 1760 1390">
    <p class='ocr_par' dir='ltr' id='par_1_12' title="bbox 220 1320 1760 1390">
     <span class='ocr_line' id='line_1_12' title="bbox 220 1320 1760 1390; baseline -0.001 -15"><span class='ocrx_word' id='word_1_95' title='bbox 220 1330 328 1375; x_wconf 80' lang='lat' dir='ltr'><strong>ante</strong></span> <span class='ocrx_word' id='word_1_96' title='bbox 347 1320 721 1375; x_wconf 83' lang='lat' dir='ltr'><strong>ordinationem</strong></span> <span class='ocrx_word' id='word_1_97' title='bbox 756 1334 906 1374; x_wconf 90' lang='lat' dir='ltr'><strong>suam</strong></span> <span class='ocrx_word' id='word_1_98' title='bbox 925 1323 1248 1386; x_wconf 81' lang='lat' dir='ltr'><strong>peccaverit,</strong></span> <span class='ocrx_word' id='word_1_99' title='bbox 1279 1339 1385 1376; x_wconf 89' lang='lat' dir='ltr'><strong>non</strong></span> <span class='ocrx_word' id='word_1_100' title='bbox 1403 1323 1613 1390; x_wconf 80' lang='lat' dir='ltr'><strong>quidem</strong></span> <span class='ocrx_word' id='word_1_101' title='bbox 1630 1323 1657 1362; x_wconf 67' lang='grc' dir='ltr'>δ</span> <span class='ocrx_word' id='word_1_102' title='bbox 1681 1325 1760 1379; x_wconf 83' lang='lat' dir='ltr'><strong>ot-</strong></span> 
     </span>
    </p>
   </div>
   <div class='ocr_carea' id='block_1_13' title="bbox 218 1400 1758 1483">
    <p class='ocr_par' dir='ltr' id='par_1_13' title="bbox 218 1400 1758 1483">
     <span class='ocr_line' id='line_1_13' title="bbox 218 1400 1758 1483; baseline 0.001 -15"><span class='ocrx_word' id='word_1_103' title='bbox 218 1413 358 1479; x_wconf 81' lang='lat' dir='ltr'><strong>fcrat;</strong></span> <span class='ocrx_word' id='word_1_104' title='bbox 383 1423 579 1468; x_wconf 90' lang='lat' dir='ltr'><strong>maneat</strong></span> <span class='ocrx_word' id='word_1_105' title='bbox 599 1421 781 1468; x_wconf 88' lang='lat' dir='ltr'><strong>tamen</strong></span> <span class='ocrx_word' id='word_1_106' title='bbox 806 1413 858 1465; x_wconf 90' lang='lat' dir='ltr'><strong>in</strong></span> <span class='ocrx_word' id='word_1_107' title='bbox 873 1415 992 1466; x_wconf 90' lang='lat' dir='ltr'><strong>aliis</strong></span> <span class='ocrx_word' id='word_1_108' title='bbox 1015 1415 1207 1468; x_wconf 80' lang='lat' dir='ltr'><strong>ofﬁciis</strong></span> <span class='ocrx_word' id='word_1_109' title='bbox 1225 1400 1441 1483; x_wconf 78' lang='lat' dir='ltr'><strong>propter</strong></span> <span class='ocrx_word' id='word_1_110' title='bbox 1456 1430 1575 1475; x_wconf 67' lang='lat' dir='ltr'><strong>ejus</strong></span> <span class='ocrx_word' id='word_1_111' title='bbox 1599 1417 1758 1470; x_wconf 88' lang='lat' dir='ltr'><strong>studii</strong></span> 
     </span>
    </p>
   </div>
   <div class='ocr_carea' id='block_1_14' title="bbox 217 1506 1757 1574">
    <p class='ocr_par' dir='ltr' id='par_1_14' title="bbox 217 1506 1757 1574">
     <span class='ocr_line' id='line_1_14' title="bbox 217 1506 1757 1574; baseline 0.002 -15"><span class='ocrx_word' id='word_1_112' title='bbox 217 1509 484 1562; x_wconf 86' lang='lat' dir='ltr'><strong>utilitatem.</strong></span> <span class='ocrx_word' id='word_1_113' title='bbox 507 1506 638 1560; x_wconf 84' lang='lat' dir='ltr'><strong>Nam</strong></span> <span class='ocrx_word' id='word_1_114' title='bbox 675 1516 696 1542; x_wconf 69' lang='grc' dir='ltr'>ε</span> <span class='ocrx_word' id='word_1_115' title='bbox 728 1517 922 1560; x_wconf 61' lang='lat' dir='ltr'><strong>caetera</strong></span> <span class='ocrx_word' id='word_1_116' title='bbox 947 1515 1160 1573; x_wconf 83' lang='lat' dir='ltr'><strong>peccata</strong></span> <span class='ocrx_word' id='word_1_117' title='bbox 1190 1517 1517 1562; x_wconf 81' lang='lat' dir='ltr'><strong>censuerunt</strong></span> <span class='ocrx_word' id='word_1_118' title='bbox 1547 1508 1757 1574; x_wconf 80' lang='lat' dir='ltr'><strong>plurimi</strong></span> 
     </span>
    </p>
   </div>
   <div class='ocr_carea' id='block_1_15' title="bbox 216 1597 1761 1664">
    <p class='ocr_par' dir='ltr' id='par_1_15' title="bbox 216 1597 1761 1664">
     <span class='ocr_line' id='line_1_15' title="bbox 216 1597 1761 1664; baseline -0.002 -9"><span class='ocrx_word' id='word_1_119' title='bbox 216 1600 354 1655; x_wconf 84' lang='lat' dir='ltr'><strong>etiam</strong></span> <span class='ocrx_word' id='word_1_120' title='bbox 373 1598 702 1652; x_wconf 51' lang='lat' dir='ltr'><strong>ordinatione</strong></span> <span class='ocrx_word' id='word_1_121' title='bbox 745 1597 960 1664; x_wconf 80' lang='lat' dir='ltr'><strong>privari.</strong></span> <span class='ocrx_word' id='word_1_122' title='bbox 1002 1597 1155 1664; x_wconf 81' lang='lat' dir='ltr'><strong>Quod</strong></span> <span class='ocrx_word' id='word_1_123' title='bbox 1185 1598 1228 1652; x_wconf 89' lang='lat' dir='ltr'><strong>si</strong></span> <span class='ocrx_word' id='word_1_124' title='bbox 1259 1597 1437 1657; x_wconf 87' lang='lat' dir='ltr'><strong>dehis</strong></span> <span class='ocrx_word' id='word_1_125' title='bbox 1463 1614 1568 1652; x_wconf 91' lang='lat' dir='ltr'><strong>non</strong></span> <span class='ocrx_word' id='word_1_126' title='bbox 1602 1598 1761 1652; x_wconf 85' lang='lat' dir='ltr'><strong>fuerit</strong></span> 
     </span>
    </p>
   </div>
   <div class='ocr_carea' id='block_1_16' title="bbox 216 1686 1749 1755">
    <p class='ocr_par' dir='ltr' id='par_1_16' title="bbox 216 1686 1749 1755">
     <span class='ocr_line' id='line_1_16' title="bbox 216 1686 1749 1755; baseline -0.001 -12"><span class='ocrx_word' id='word_1_127' title='bbox 216 1687 480 1753; x_wconf 72' lang='lat' dir='ltr'><strong>Confessus,</strong></span> <span class='ocrx_word' id='word_1_128' title='bbox 504 1701 604 1739; x_wconf 90' lang='lat' dir='ltr'><strong>nec</strong></span> <span class='ocrx_word' id='word_1_129' title='bbox 633 1686 702 1739; x_wconf 84' lang='lat' dir='ltr'><strong>ab</strong></span> <span class='ocrx_word' id='word_1_130' title='bbox 722 1687 901 1754; x_wconf 89' lang='lat' dir='ltr'><strong>aliquo</strong></span> <span class='ocrx_word' id='word_1_131' title='bbox 933 1687 1166 1755; x_wconf 82' lang='lat' dir='ltr'><strong>potuerit</strong></span> <span class='ocrx_word' id='word_1_132' title='bbox 1190 1686 1475 1741; x_wconf 72' lang='lat' dir='ltr'><strong>manifeste</strong></span> <span class='ocrx_word' id='word_1_133' title='bbox 1489 1688 1749 1755; x_wconf 80' lang='lat' dir='ltr'><strong>convinci,</strong></span> 
     </span>
    </p>
   </div>
   <div class='ocr_carea' id='block_1_17' title="bbox 214 1776 1446 1846">
    <p class='ocr_par' dir='ltr' id='par_1_17' title="bbox 214 1776 1446 1846">
     <span class='ocr_line' id='line_1_17' title="bbox 214 1776 1446 1846; baseline 0.001 -15"><span class='ocrx_word' id='word_1_134' title='bbox 214 1777 236 1815; x_wconf 78' lang='grc' dir='ltr'>ιι</span> <span class='ocrx_word' id='word_1_135' title='bbox 264 1779 372 1831; x_wconf 90' lang='lat' dir='ltr'><strong>huic</strong></span> <span class='ocrx_word' id='word_1_136' title='bbox 396 1776 489 1844; x_wconf 85' lang='lat' dir='ltr'><strong>ipsi</strong></span> <span class='ocrx_word' id='word_1_137' title='bbox 510 1776 576 1830; x_wconf 90' lang='lat' dir='ltr'><strong>de</strong></span> <span class='ocrx_word' id='word_1_138' title='bbox 602 1791 660 1829; x_wconf 89' lang='lat' dir='ltr'><strong>se</strong></span> <span class='ocrx_word' id='word_1_139' title='bbox 693 1787 926 1844; x_wconf 69' lang='lat' dir='ltr'><strong>pOIeSIaS</strong></span> <span class='ocrx_word' id='word_1_140' title='bbox 955 1785 1037 1830; x_wconf 92' lang='lat' dir='ltr'><strong>est</strong></span> <span class='ocrx_word' id='word_1_141' title='bbox 1065 1777 1446 1846; x_wconf 87' lang='lat' dir='ltr'><strong>permittenda.</strong></span> 
     </span>
    </p>
   </div>
   <div class='ocr_carea' id='block_1_18' title="bbox 274 1866 1754 1939">
    <p class='ocr_par' dir='ltr' id='par_1_18' title="bbox 274 1866 1754 1939">
     <span class='ocr_line' id='line_1_18' title="bbox 274 1866 1754 1939; baseline 0.004 -18"><span class='ocrx_word' id='word_1_142' title='bbox 274 1867 332 1922; x_wconf 82' lang='grc' dir='ltr'><strong>Χ.</strong></span> <span class='ocrx_word' id='word_1_143' title='bbox 361 1866 608 1920; x_wconf 86' lang='lat' dir='ltr'><strong>Similiter</strong></span> <span class='ocrx_word' id='word_1_144' title='bbox 631 1877 685 1920; x_wconf 90' lang='lat' dir='ltr'><strong>et</strong></span> <span class='ocrx_word' id='word_1_145' title='bbox 709 1868 986 1932; x_wconf 83' lang='lat' dir='ltr'><strong>diaconus,</strong></span> <span class='ocrx_word' id='word_1_146' title='bbox 1014 1867 1058 1920; x_wconf 90' lang='lat' dir='ltr'><strong>si</strong></span> <span class='ocrx_word' id='word_1_147' title='bbox 1096 1877 1117 1903; x_wconf 78' lang='grc' dir='ltr'>ο</span> <span class='ocrx_word' id='word_1_148' title='bbox 1149 1867 1202 1920; x_wconf 90' lang='lat' dir='ltr'><strong>in</strong></span> <span class='ocrx_word' id='word_1_149' title='bbox 1229 1867 1415 1924; x_wconf 89' lang='lat' dir='ltr'><strong>eadem</strong></span> <span class='ocrx_word' id='word_1_150' title='bbox 1454 1871 1608 1939; x_wconf 86' lang='lat' dir='ltr'><strong>culpa</strong></span> <span class='ocrx_word' id='word_1_151' title='bbox 1640 1869 1754 1927; x_wconf 88' lang='lat' dir='ltr'><strong>fue-</strong></span> 
     </span>
    </p>
   </div>
   <div class='ocr_carea' id='block_1_19' title="bbox 215 1957 1399 2020">
    <p class='ocr_par' dir='ltr' id='par_1_19' title="bbox 215 1957 1399 2020">
     <span class='ocr_line' id='line_1_19' title="bbox 215 1957 1399 2020; baseline 0.003 -10"><span class='ocrx_word' id='word_1_152' title='bbox 215 1958 271 2010; x_wconf 88' lang='lat' dir='ltr'><strong>rit</strong></span> <span class='ocrx_word' id='word_1_153' title='bbox 298 1957 566 2020; x_wconf 78' lang='lat' dir='ltr'><strong>inrohuus,</strong></span> <span class='ocrx_word' id='word_1_154' title='bbox 600 1971 722 2011; x_wconf 88' lang='lat' dir='ltr'><strong>sese</strong></span> <span class='ocrx_word' id='word_1_155' title='bbox 741 1971 769 2009; x_wconf 91' lang='lat' dir='ltr'><strong>a</strong></span> <span class='ocrx_word' id='word_1_156' title='bbox 799 1957 1103 2012; x_wconf 86' lang='lat' dir='ltr'><strong>ministerio</strong></span> <span class='ocrx_word' id='word_1_157' title='bbox 1131 1957 1399 2013; x_wconf 86' lang='lat' dir='ltr'><strong>cohibeat.</strong></span> 
     </span>
    </p>
   </div>
   <div class='ocr_carea' id='block_1_20' title="bbox 273 2039 1754 2118">
    <p class='ocr_par' dir='ltr' id='par_1_20' title="bbox 273 2039 1754 2118">
     <span class='ocr_line' id='line_1_20' title="bbox 273 2039 1754 2118; baseline 0.005 -18"><span class='ocrx_word' id='word_1_158' title='bbox 273 2047 352 2101; x_wconf 74' lang='lat' dir='ltr'><strong>XI.</strong></span> <span class='ocrx_word' id='word_1_159' title='bbox 380 2048 658 2118; x_wconf 79' lang='lat' dir='ltr'><strong>Presbyter</strong></span> <span class='ocrx_word' id='word_1_160' title='bbox 694 2045 710 2084; x_wconf 72' lang='grc' dir='ltr'><strong>ί</strong></span> <span class='ocrx_word' id='word_1_161' title='bbox 735 2057 858 2102; x_wconf 83' lang='lat' dir='ltr'><strong>ante</strong></span> <span class='ocrx_word' id='word_1_162' title='bbox 885 2039 1054 2102; x_wconf 83' lang='lat' dir='ltr'><strong>annos</strong></span> <span class='ocrx_word' id='word_1_163' title='bbox 1078 2049 1291 2116; x_wconf 85' lang='lat' dir='ltr'><strong>triginta</strong></span> <span class='ocrx_word' id='word_1_164' title='bbox 1318 2053 1494 2106; x_wconf 66' lang='lat' dir='ltr'><strong>attritis</strong></span> <span class='ocrx_word' id='word_1_165' title='bbox 1517 2068 1625 2106; x_wconf 76' lang='lat' dir='ltr'><strong>suze</strong></span> <span class='ocrx_word' id='word_1_166' title='bbox 1648 2069 1754 2108; x_wconf 89' lang='lat' dir='ltr'><strong>non</strong></span> 
     </span>
    </p>
   </div>
   <div class='ocr_carea' id='block_1_21' title="bbox 214 2138 1756 2206">
    <p class='ocr_par' dir='ltr' id='par_1_21' title="bbox 214 2138 1756 2206">
     <span class='ocr_line' id='line_1_21' title="bbox 214 2138 1756 2206; baseline 0.003 -14"><span class='ocrx_word' id='word_1_167' title='bbox 214 2138 475 2202; x_wconf 83' lang='lat' dir='ltr'><strong>ordinetur,</strong></span> <span class='ocrx_word' id='word_1_168' title='bbox 507 2139 751 2205; x_wconf 75' lang='lat' dir='ltr'><strong>quamvis</strong></span> <span class='ocrx_word' id='word_1_169' title='bbox 776 2142 846 2192; x_wconf 86' lang='lat' dir='ltr'><strong>sit</strong></span> <span class='ocrx_word' id='word_1_170' title='bbox 884 2138 1180 2206; x_wconf 86' lang='lat' dir='ltr'><strong>probabilis</strong></span> <span class='ocrx_word' id='word_1_171' title='bbox 1202 2143 1353 2206; x_wconf 72' lang='lat' dir='ltr'><strong>vitm;</strong></span> <span class='ocrx_word' id='word_1_172' title='bbox 1385 2142 1477 2196; x_wconf 88' lang='lat' dir='ltr'><strong>sed</strong></span> <span class='ocrx_word' id='word_1_173' title='bbox 1507 2143 1756 2198; x_wconf 84' lang='lat' dir='ltr'><strong>observet</strong></span> 
     </span>
    </p>
   </div>
   <div class='ocr_carea' id='block_1_22' title="bbox 214 2229 1756 2300">
    <p class='ocr_par' dir='ltr' id='par_1_22' title="bbox 214 2229 1756 2300">
     <span class='ocr_line' id='line_1_22' title="bbox 214 2229 1756 2300; baseline 0.005 -19"><span class='ocrx_word' id='word_1_174' title='bbox 214 2246 357 2300; x_wconf 85' lang='lat' dir='ltr'><strong>usque</strong></span> <span class='ocrx_word' id='word_1_175' title='bbox 379 2230 440 2282; x_wconf 87' lang='lat' dir='ltr'><strong>ad</strong></span> <span class='ocrx_word' id='word_1_176' title='bbox 469 2229 792 2298; x_wconf 64' lang='lat' dir='ltr'><strong>prailinitum</strong></span> <span class='ocrx_word' id='word_1_177' title='bbox 824 2238 1056 2298; x_wconf 88' lang='lat' dir='ltr'><strong>tempus.</strong></span> <span class='ocrx_word' id='word_1_178' title='bbox 1097 2232 1355 2287; x_wconf 88' lang='lat' dir='ltr'><strong>Dominus</strong></span> <span class='ocrx_word' id='word_1_179' title='bbox 1393 2235 1536 2288; x_wconf 90' lang='lat' dir='ltr'><strong>enim</strong></span> <span class='ocrx_word' id='word_1_180' title='bbox 1575 2245 1756 2288; x_wconf 85' lang='lat' dir='ltr'><strong>noster</strong></span> 
     </span>
    </p>
   </div>
   <div class='ocr_carea' id='block_1_23' title="bbox 212 2321 1758 2392">
    <p class='ocr_par' dir='ltr' id='par_1_23' title="bbox 212 2321 1758 2392">
     <span class='ocr_line' id='line_1_23' title="bbox 212 2321 1758 2392; baseline 0.004 -18"><span class='ocrx_word' id='word_1_181' title='bbox 212 2321 342 2376; x_wconf 77' lang='lat' dir='ltr'><strong>lens</strong></span> <span class='ocrx_word' id='word_1_182' title='bbox 358 2321 599 2375; x_wconf 86' lang='lat' dir='ltr'><strong>Christus</strong></span> <span class='ocrx_word' id='word_1_183' title='bbox 617 2321 894 2390; x_wconf 83' lang='lat' dir='ltr'><strong>trigesimo</strong></span> <span class='ocrx_word' id='word_1_184' title='bbox 922 2337 1064 2377; x_wconf 89' lang='lat' dir='ltr'><strong>anno</strong></span> <span class='ocrx_word' id='word_1_185' title='bbox 1087 2321 1387 2390; x_wconf 78' lang='lat' dir='ltr'><strong>baptizatus</strong></span> <span class='ocrx_word' id='word_1_186' title='bbox 1413 2333 1516 2392; x_wconf 88' lang='lat' dir='ltr'><strong>est,</strong></span> <span class='ocrx_word' id='word_1_187' title='bbox 1550 2333 1604 2377; x_wconf 90' lang='lat' dir='ltr'><strong>et</strong></span> <span class='ocrx_word' id='word_1_188' title='bbox 1632 2332 1758 2380; x_wconf 88' lang='lat' dir='ltr'><strong>tunc</strong></span> 
     </span>
    </p>
   </div>
   <div class='ocr_carea' id='block_1_24' title="bbox 212 2411 507 2479">
    <p class='ocr_par' dir='ltr' id='par_1_24' title="bbox 212 2411 507 2479">
     <span class='ocr_line' id='line_1_24' title="bbox 212 2411 507 2479; baseline 0 -15"><span class='ocrx_word' id='word_1_189' title='bbox 212 2411 481 2479; x_wconf 77' lang='lat' dir='ltr'><strong>przcdicavit</strong></span> <span class='ocrx_word' id='word_1_190' title='bbox 493 2451 507 2464; x_wconf 93' lang='lat'><strong>.</strong></span> 
     </span>
    </p>
   </div>
   <div class='ocr_carea' id='block_1_25' title="bbox 267 2499 1756 2573">
    <p class='ocr_par' dir='ltr' id='par_1_25' title="bbox 267 2499 1756 2573">
     <span class='ocr_line' id='line_1_25' title="bbox 267 2499 1756 2573; baseline 0.003 -19"><span class='ocrx_word' id='word_1_191' title='bbox 267 2499 368 2555; x_wconf 78' lang='lat' dir='ltr'><strong>XII.</strong></span> <span class='ocrx_word' id='word_1_192' title='bbox 393 2501 445 2556; x_wconf 91' lang='lat' dir='ltr'><strong>Si</strong></span> <span class='ocrx_word' id='word_1_193' title='bbox 475 2501 593 2570; x_wconf 83' lang='lat' dir='ltr'><strong>quis</strong></span> <span class='ocrx_word' id='word_1_194' title='bbox 614 2501 670 2555; x_wconf 90' lang='lat' dir='ltr'><strong>in</strong></span> <span class='ocrx_word' id='word_1_195' title='bbox 696 2502 1014 2568; x_wconf 65' lang='lat' dir='ltr'><strong>aegritudine</strong></span> <span class='ocrx_word' id='word_1_196' title='bbox 1033 2507 1377 2566; x_wconf 88' lang='lat' dir='ltr'><strong>constitutus,</strong></span> <span class='ocrx_word' id='word_1_197' title='bbox 1410 2502 1568 2558; x_wconf 90' lang='lat' dir='ltr'><strong>fuerit</strong></span> <span class='ocrx_word' id='word_1_198' title='bbox 1586 2504 1756 2573; x_wconf 88' lang='lat' dir='ltr'><strong>bapti-</strong></span> 
     </span>
    </p>
   </div>
   <div class='ocr_carea' id='block_1_26' title="bbox 211 2593 1757 2662">
    <p class='ocr_par' dir='ltr' id='par_1_26' title="bbox 211 2593 1757 2662">
     <span class='ocr_line' id='line_1_26' title="bbox 211 2593 1757 2662; baseline 0.002 -15"><span class='ocrx_word' id='word_1_199' title='bbox 211 2603 355 2656; x_wconf 79' lang='lat' dir='ltr'><strong>zatus,</strong></span> <span class='ocrx_word' id='word_1_200' title='bbox 379 2602 402 2639; x_wconf 78' lang='grc' dir='ltr'>ε</span> <span class='ocrx_word' id='word_1_201' title='bbox 421 2596 698 2662; x_wconf 80' lang='lat' dir='ltr'><strong>presbyter</strong></span> <span class='ocrx_word' id='word_1_202' title='bbox 718 2593 952 2647; x_wconf 88' lang='lat' dir='ltr'><strong>ordinari</strong></span> <span class='ocrx_word' id='word_1_203' title='bbox 978 2611 1082 2648; x_wconf 83' lang='lat' dir='ltr'><strong>non</strong></span> <span class='ocrx_word' id='word_1_204' title='bbox 1111 2595 1299 2656; x_wconf 86' lang='lat' dir='ltr'><strong>debet;</strong></span> <span class='ocrx_word' id='word_1_205' title='bbox 1324 2610 1430 2648; x_wconf 91' lang='lat' dir='ltr'><strong>non</strong></span> <span class='ocrx_word' id='word_1_206' title='bbox 1449 2595 1591 2650; x_wconf 89' lang='lat' dir='ltr'><strong>enim</strong></span> <span class='ocrx_word' id='word_1_207' title='bbox 1626 2594 1757 2650; x_wconf 80' lang='lat' dir='ltr'><strong>fides</strong></span> 
     </span>
    </p>
   </div>
   <div class='ocr_carea' id='block_1_27' title="bbox 1868 603 3440 678">
    <p class='ocr_par' dir='ltr' id='par_1_27' title="bbox 1868 603 3440 678">
     <span class='ocr_line' id='line_1_27' title="bbox 1868 603 3440 678; baseline 0.004 -22"><span class='ocrx_word' id='word_1_208' title='bbox 1868 603 2096 658; x_wconf 75' lang='lat' dir='ltr'><strong>civitatis</strong></span> <span class='ocrx_word' id='word_1_209' title='bbox 2136 605 2333 660; x_wconf 85' lang='lat' dir='ltr'><strong>oll&#39;erre</strong></span> <span class='ocrx_word' id='word_1_210' title='bbox 2372 616 2805 675; x_wconf 79' lang='lat' dir='ltr'><strong>non.poterunt,</strong></span> <span class='ocrx_word' id='word_1_211' title='bbox 2850 625 2949 662; x_wconf 90' lang='lat' dir='ltr'><strong>nec</strong></span> <span class='ocrx_word' id='word_1_212' title='bbox 2994 609 3183 678; x_wconf 85' lang='lat' dir='ltr'><strong>panem</strong></span> <span class='ocrx_word' id='word_1_213' title='bbox 3231 610 3244 661; x_wconf 86' lang='lat' dir='ltr'><strong>i</strong></span> <span class='ocrx_word' id='word_1_214' title='bbox 3283 613 3440 674; x_wconf 74' lang='lat' dir='ltr'><strong>dare;</strong></span> 
     </span>
    </p>
   </div>
   <div class='ocr_carea' id='block_1_28' title="bbox 1869 694 3441 765">
    <p class='ocr_par' dir='ltr' id='par_1_28' title="bbox 1869 694 3441 765">
     <span class='ocr_line' id='line_1_28' title="bbox 1869 694 3441 765; baseline 0.004 -18"><span class='ocrx_word' id='word_1_215' title='bbox 1869 694 1922 747; x_wconf 93' lang='lat' dir='ltr'><strong>in</strong></span> <span class='ocrx_word' id='word_1_216' title='bbox 1951 696 2191 750; x_wconf 88' lang='lat' dir='ltr'><strong>oratione</strong></span> <span class='ocrx_word' id='word_1_217' title='bbox 2218 707 2397 752; x_wconf 89' lang='lat' dir='ltr'><strong>autem</strong></span> <span class='ocrx_word' id='word_1_218' title='bbox 2426 698 2644 752; x_wconf 82' lang='lat' dir='ltr'><strong>calicem</strong></span> <span class='ocrx_word' id='word_1_219' title='bbox 2674 699 2896 753; x_wconf 88' lang='lat' dir='ltr'><strong>dabunt.</strong></span> <span class='ocrx_word' id='word_1_220' title='bbox 2927 699 3076 765; x_wconf 88' lang='lat' dir='ltr'><strong>Quod</strong></span> <span class='ocrx_word' id='word_1_221' title='bbox 3116 701 3159 754; x_wconf 90' lang='lat' dir='ltr'><strong>si</strong></span> <span class='ocrx_word' id='word_1_222' title='bbox 3188 701 3441 755; x_wconf 80' lang='lat' dir='ltr'><strong>absentes</strong></span> 
     </span>
    </p>
   </div>
   <div class='ocr_carea' id='block_1_29' title="bbox 1866 789 3434 857">
    <p class='ocr_par' dir='ltr' id='par_1_29' title="bbox 1866 789 3434 857">
     <span class='ocr_line' id='line_1_29' title="bbox 1866 789 3434 857; baseline 0.004 -17"><span class='ocrx_word' id='word_1_223' title='bbox 1866 795 1991 840; x_wconf 88' lang='lat' dir='ltr'><strong>sunt</strong></span> <span class='ocrx_word' id='word_1_224' title='bbox 2019 789 2249 843; x_wconf 86' lang='lat' dir='ltr'><strong>civitatis</strong></span> <span class='ocrx_word' id='word_1_225' title='bbox 2269 790 2596 857; x_wconf 85' lang='lat' dir='ltr'><strong>sacerdotes,</strong></span> <span class='ocrx_word' id='word_1_226' title='bbox 2630 803 2682 846; x_wconf 87' lang='lat' dir='ltr'><strong>et</strong></span> <span class='ocrx_word' id='word_1_227' title='bbox 2709 791 2911 846; x_wconf 87' lang='lat' dir='ltr'><strong>fuerint</strong></span> <span class='ocrx_word' id='word_1_228' title='bbox 2939 791 3146 845; x_wconf 74' lang='lat' dir='ltr'><strong>invitati</strong></span> <span class='ocrx_word' id='word_1_229' title='bbox 3174 789 3200 828; x_wconf 80' lang='grc' dir='ltr'>ιί</span> <span class='ocrx_word' id='word_1_230' title='bbox 3227 793 3291 846; x_wconf 91' lang='lat' dir='ltr'><strong>ad</strong></span> <span class='ocrx_word' id='word_1_231' title='bbox 3322 809 3434 846; x_wconf 75' lang='lat' dir='ltr'><strong>ora~</strong></span> 
     </span>
    </p>
   </div>
   <div class='ocr_carea' id='block_1_30' title="bbox 1867 880 2678 948">
    <p class='ocr_par' dir='ltr' id='par_1_30' title="bbox 1867 880 2678 948">
     <span class='ocr_line' id='line_1_30' title="bbox 1867 880 2678 948; baseline 0.006 -17"><span class='ocrx_word' id='word_1_232' title='bbox 1867 881 2087 942; x_wconf 75' lang='lat' dir='ltr'><strong>lienem,</strong></span> <span class='ocrx_word' id='word_1_233' title='bbox 2119 880 2216 933; x_wconf 84' lang='lat' dir='ltr'><strong>soli</strong></span> <span class='ocrx_word' id='word_1_234' title='bbox 2250 891 2502 948; x_wconf 84' lang='lat' dir='ltr'><strong>poterunt</strong></span> <span class='ocrx_word' id='word_1_235' title='bbox 2529 883 2678 936; x_wconf 89' lang='lat' dir='ltr'><strong>dare.</strong></span> 
     </span>
    </p>
   </div>
   <div class='ocr_carea' id='block_1_31' title="bbox 1937 969 3435 1045">
    <p class='ocr_par' dir='ltr' id='par_1_31' title="bbox 1937 969 3435 1045">
     <span class='ocr_line' id='line_1_31' title="bbox 1937 969 3435 1045; baseline 0.001 -21"><span class='ocrx_word' id='word_1_236' title='bbox 1937 969 2076 1026; x_wconf 68' lang='lat' dir='ltr'><strong>XIV.</strong></span> <span class='ocrx_word' id='word_1_237' title='bbox 2103 970 2112 1007; x_wconf 86' lang='grc'>¹</span> <span class='ocrx_word' id='word_1_238' title='bbox 2145 971 2529 1028; x_wconf 85' lang='lat' dir='ltr'><strong>Vicariiautem</strong></span> <span class='ocrx_word' id='word_1_239' title='bbox 2553 976 2946 1044; x_wconf 84' lang='lat' dir='ltr'><strong>episcoporum,</strong></span> <span class='ocrx_word' id='word_1_240' title='bbox 2971 991 3106 1045; x_wconf 91' lang='lat' dir='ltr'><strong>quos</strong></span> <span class='ocrx_word' id='word_1_241' title='bbox 3123 976 3292 1030; x_wconf 62' lang='lat' dir='ltr'><strong>Gra&#39;ci</strong></span> <span class='ocrx_word' id='word_1_242' title='bbox 3312 977 3435 1030; x_wconf 84' lang='lat' dir='ltr'><strong>cho-</strong></span> 
     </span>
    </p>
   </div>
   <div class='ocr_carea' id='block_1_32' title="bbox 1863 1060 3433 1135">
    <p class='ocr_par' dir='ltr' id='par_1_32' title="bbox 1863 1060 3433 1135">
     <span class='ocr_line' id='line_1_32' title="bbox 1863 1060 3433 1135; baseline 0.004 -23"><span class='ocrx_word' id='word_1_243' title='bbox 1863 1060 2169 1127; x_wconf 56' lang='lat' dir='ltr'><strong>rupisconos</strong></span> <span class='ocrx_word' id='word_1_244' title='bbox 2209 1061 2412 1125; x_wconf 84' lang='lat' dir='ltr'><strong>dicunt.</strong></span> <span class='ocrx_word' id='word_1_245' title='bbox 2445 1066 2718 1119; x_wconf 73' lang='lat' dir='ltr'><strong>constituti</strong></span> <span class='ocrx_word' id='word_1_246' title='bbox 2747 1075 2871 1119; x_wconf 87' lang='lat' dir='ltr'><strong>sunt</strong></span> <span class='ocrx_word' id='word_1_247' title='bbox 2901 1066 3114 1135; x_wconf 80' lang='lat' dir='ltr'><strong>quidem</strong></span> <span class='ocrx_word' id='word_1_248' title='bbox 3163 1067 3226 1120; x_wconf 92' lang='lat' dir='ltr'><strong>ad</strong></span> <span class='ocrx_word' id='word_1_249' title='bbox 3255 1082 3433 1120; x_wconf 78' lang='lat' dir='ltr'><strong>exem-</strong></span> 
     </span>
    </p>
   </div>
   <div class='ocr_carea' id='block_1_33' title="bbox 1866 1153 3435 1226">
    <p class='ocr_par' dir='ltr' id='par_1_33' title="bbox 1866 1153 3435 1226">
     <span class='ocr_line' id='line_1_33' title="bbox 1866 1153 3435 1226; baseline 0.003 -23"><span class='ocrx_word' id='word_1_250' title='bbox 1866 1153 2005 1220; x_wconf 90' lang='lat' dir='ltr'><strong>plum</strong></span> <span class='ocrx_word' id='word_1_251' title='bbox 2031 1155 2360 1221; x_wconf 65' lang='lat' dir='ltr'><strong>septuaginta</strong></span> <span class='ocrx_word' id='word_1_252' title='bbox 2394 1156 2700 1220; x_wconf 84' lang='lat' dir='ltr'><strong>seniorum;</strong></span> <span class='ocrx_word' id='word_1_253' title='bbox 2744 1159 2834 1211; x_wconf 85' lang='lat' dir='ltr'><strong>sed</strong></span> <span class='ocrx_word' id='word_1_254' title='bbox 2869 1168 3114 1226; x_wconf 83' lang='lat' dir='ltr'><strong>tauquam</strong></span> <span class='ocrx_word' id='word_1_255' title='bbox 3153 1172 3435 1211; x_wconf 88' lang='lat' dir='ltr'><strong>consacer-</strong></span> 
     </span>
    </p>
   </div>
   <div class='ocr_carea' id='block_1_34' title="bbox 1863 1243 3436 1315">
    <p class='ocr_par' dir='ltr' id='par_1_34' title="bbox 1863 1243 3436 1315">
     <span class='ocr_line' id='line_1_34' title="bbox 1863 1243 3436 1315; baseline 0.003 -19"><span class='ocrx_word' id='word_1_256' title='bbox 1863 1243 2015 1297; x_wconf 82' lang='lat' dir='ltr'><strong>dotes</strong></span> <span class='ocrx_word' id='word_1_257' title='bbox 2047 1253 2261 1310; x_wconf 87' lang='lat' dir='ltr'><strong>pr--pter</strong></span> <span class='ocrx_word' id='word_1_258' title='bbox 2291 1245 2704 1299; x_wconf 87' lang='lat' dir='ltr'><strong>sollicitudinem</strong></span> <span class='ocrx_word' id='word_1_259' title='bbox 2728 1254 2782 1300; x_wconf 89' lang='lat' dir='ltr'><strong>et</strong></span> <span class='ocrx_word' id='word_1_260' title='bbox 2820 1247 3050 1300; x_wconf 73' lang='lat' dir='ltr'><strong>studium</strong></span> <span class='ocrx_word' id='word_1_261' title='bbox 3091 1247 3143 1300; x_wconf 91' lang='lat' dir='ltr'><strong>in</strong></span> <span class='ocrx_word' id='word_1_262' title='bbox 3177 1262 3436 1315; x_wconf 85' lang='lat' dir='ltr'><strong>pauperes</strong></span> 
     </span>
    </p>
   </div>
   <div class='ocr_carea' id='block_1_35' title="bbox 1862 1337 2896 1397">
    <p class='ocr_par' dir='ltr' id='par_1_35' title="bbox 1862 1337 2896 1397">
     <span class='ocr_line' id='line_1_35' title="bbox 1862 1337 2896 1397; baseline 0.002 -7"><span class='ocrx_word' id='word_1_263' title='bbox 1862 1337 2109 1397; x_wconf 80' lang='lat' dir='ltr'><strong>oli‘erant,</strong></span> <span class='ocrx_word' id='word_1_264' title='bbox 2133 1350 2183 1391; x_wconf 91' lang='lat' dir='ltr'><strong>et</strong></span> <span class='ocrx_word' id='word_1_265' title='bbox 2212 1337 2551 1392; x_wconf 87' lang='lat' dir='ltr'><strong>honorabiles</strong></span> <span class='ocrx_word' id='word_1_266' title='bbox 2583 1337 2896 1392; x_wconf 90' lang='lat' dir='ltr'><strong>habeantur.</strong></span> 
     </span>
    </p>
   </div>
   <div class='ocr_carea' id='block_1_36' title="bbox 1932 1427 3471 1496">
    <p class='ocr_par' dir='ltr' id='par_1_36' title="bbox 1932 1427 3471 1496">
     <span class='ocr_line' id='line_1_36' title="bbox 1932 1427 3471 1496; baseline -0.002 -16"><span class='ocrx_word' id='word_1_267' title='bbox 1932 1428 2047 1481; x_wconf 78' lang='lat' dir='ltr'><strong>XV.</strong></span> <span class='ocrx_word' id='word_1_268' title='bbox 2083 1428 2344 1482; x_wconf 78' lang='lat' dir='ltr'><strong>Diaconos</strong></span> <span class='ocrx_word' id='word_1_269' title='bbox 2366 1437 2568 1494; x_wconf 78' lang='lat' dir='ltr'><strong>septem</strong></span> <span class='ocrx_word' id='word_1_270' title='bbox 2593 1444 2713 1483; x_wconf 91' lang='lat' dir='ltr'><strong>esse</strong></span> <span class='ocrx_word' id='word_1_271' title='bbox 2742 1429 2937 1483; x_wconf 91' lang='lat' dir='ltr'><strong>debent</strong></span> <span class='ocrx_word' id='word_1_272' title='bbox 2960 1427 3252 1482; x_wconf 89' lang='lat' dir='ltr'><strong>secundum</strong></span> <span class='ocrx_word' id='word_1_273' title='bbox 3279 1441 3433 1496; x_wconf 72' lang='lat' dir='ltr'><strong>regu-</strong></span> <span class='ocrx_word' id='word_1_274' title='bbox 3457 1454 3471 1469; x_wconf 77' lang='grc' dir='ltr'><strong>ρ</strong></span> 
     </span>
    </p>
   </div>
   <div class='ocr_carea' id='block_1_37' title="bbox 1863 1517 3432 1588">
    <p class='ocr_par' dir='ltr' id='par_1_37' title="bbox 1863 1517 3432 1588">
     <span class='ocr_line' id='line_1_37' title="bbox 1863 1517 3432 1588; baseline -0.001 -18"><span class='ocrx_word' id='word_1_275' title='bbox 1863 1518 1967 1571; x_wconf 89' lang='lat' dir='ltr'><strong>lam</strong></span> <span class='ocrx_word' id='word_1_276' title='bbox 1988 1558 2002 1582; x_wconf 91' lang='lat'><strong>,</strong></span> <span class='ocrx_word' id='word_1_277' title='bbox 2025 1520 2264 1583; x_wconf 77' lang='lat' dir='ltr'><strong>quamvis</strong></span> <span class='ocrx_word' id='word_1_278' title='bbox 2292 1519 2480 1570; x_wconf 79' lang='lat' dir='ltr'><strong>civitas</strong></span> <span class='ocrx_word' id='word_1_279' title='bbox 2506 1520 2575 1572; x_wconf 90' lang='lat' dir='ltr'><strong>sit</strong></span> <span class='ocrx_word' id='word_1_280' title='bbox 2604 1533 2794 1588; x_wconf 80' lang='lat' dir='ltr'><strong>magna</strong></span> <span class='ocrx_word' id='word_1_281' title='bbox 2822 1537 2833 1570; x_wconf 91' lang='lat'>:</span> <span class='ocrx_word' id='word_1_282' title='bbox 2867 1528 2905 1554; x_wconf 78' lang='grc' dir='ltr'><strong>ιη</strong></span> <span class='ocrx_word' id='word_1_283' title='bbox 2935 1518 3086 1584; x_wconf 86' lang='lat' dir='ltr'><strong>cujus</strong></span> <span class='ocrx_word' id='word_1_284' title='bbox 3110 1517 3307 1587; x_wconf 63' lang='lat' dir='ltr'><strong>regula:</strong></span> <span class='ocrx_word' id='word_1_285' title='bbox 3334 1531 3432 1568; x_wconf 89' lang='lat' dir='ltr'><strong>au-</strong></span> 
     </span>
    </p>
   </div>
   <div class='ocr_carea' id='block_1_38' title="bbox 1860 1603 3245 1678">
    <p class='ocr_par' dir='ltr' id='par_1_38' title="bbox 1860 1603 3245 1678">
     <span class='ocr_line' id='line_1_38' title="bbox 1860 1603 3245 1678; baseline 0.001 -18"><span class='ocrx_word' id='word_1_286' title='bbox 1860 1607 2076 1661; x_wconf 88' lang='lat' dir='ltr'><strong>ctoritas</strong></span> <span class='ocrx_word' id='word_1_287' title='bbox 2100 1608 2201 1661; x_wconf 90' lang='lat' dir='ltr'><strong>erit</strong></span> <span class='ocrx_word' id='word_1_288' title='bbox 2225 1605 2358 1662; x_wconf 81' lang='lat' dir='ltr'><strong>liber</strong></span> <span class='ocrx_word' id='word_1_289' title='bbox 2387 1612 2612 1662; x_wconf 79' lang='lat' dir='ltr'><strong>Actuutn</strong></span> <span class='ocrx_word' id='word_1_290' title='bbox 2638 1610 3032 1678; x_wconf 71' lang='lat' dir='ltr'><strong>Apostolorum.</strong></span> <span class='ocrx_word' id='word_1_291' title='bbox 3240 1603 3245 1609; x_wconf 80' lang='grc'><strong>’</strong></span> 
     </span>
    </p>
   </div>
   <div class='ocr_carea' id='block_1_39' title="bbox 1931 1695 3232 1764">
    <p class='ocr_par' dir='ltr' id='par_1_39' title="bbox 1931 1695 3232 1764">
     <span class='ocr_line' id='line_1_39' title="bbox 1931 1695 3232 1764; baseline 0.003 -16"><span class='ocrx_word' id='word_1_292' title='bbox 1931 1704 1960 1731; x_wconf 81' lang='grc' dir='ltr'><strong>ιι</strong></span> <span class='ocrx_word' id='word_1_293' title='bbox 1986 1695 2285 1764; x_wconf 73' lang='lat' dir='ltr'><strong>Expliciunt</strong></span> <span class='ocrx_word' id='word_1_294' title='bbox 2314 1714 2529 1751; x_wconf 81' lang='lat' dir='ltr'><strong>canones</strong></span> <span class='ocrx_word' id='word_1_295' title='bbox 2557 1698 2606 1752; x_wconf 89' lang='grc' dir='ltr'><em>Ν</em></span> <span class='ocrx_word' id='word_1_296' title='bbox 2612 1700 2982 1759; x_wconf 77' lang='lat' dir='ltr'><strong>eocwsariensis</strong></span> <span class='ocrx_word' id='word_1_297' title='bbox 3008 1698 3232 1753; x_wconf 75' lang='lat' dir='ltr'><strong>concilii.</strong></span> 
     </span>
    </p>
   </div>
   <div class='ocr_carea' id='block_1_40' title="bbox 2400 1807 2901 1866">
    <p class='ocr_par' dir='ltr' id='par_1_40' title="bbox 2400 1807 2901 1866">
     <span class='ocr_line' id='line_1_40' title="bbox 2400 1807 2901 1866; baseline 0.002 -4"><span class='ocrx_word' id='word_1_298' title='bbox 2400 1807 2796 1866; x_wconf 75' lang='lat' dir='ltr'><strong>CAPITULUM</strong></span> <span class='ocrx_word' id='word_1_299' title='bbox 2839 1812 2901 1864; x_wconf 91' lang='lat' dir='ltr'><strong>V.</strong></span> 
     </span>
    </p>
   </div>
   <div class='ocr_carea' id='block_1_41' title="bbox 2038 1912 3249 1959">
    <p class='ocr_par' dir='ltr' id='par_1_41' title="bbox 2038 1912 3249 1959">
     <span class='ocr_line' id='line_1_41' title="bbox 2038 1912 3249 1959; baseline 0.001 -4"><span class='ocrx_word' id='word_1_300' title='bbox 2038 1917 2297 1956; x_wconf 77' lang='lat' dir='ltr'><strong>INCIPIUNT</strong></span> <span class='ocrx_word' id='word_1_301' title='bbox 2336 1917 2568 1957; x_wconf 66' lang='lat' dir='ltr'><strong>cauom-1s</strong></span> <span class='ocrx_word' id='word_1_302' title='bbox 2596 1919 2914 1959; x_wconf 75' lang='lat' dir='ltr'><strong>CANGRENSIS</strong></span> <span class='ocrx_word' id='word_1_303' title='bbox 2942 1919 3169 1958; x_wconf 76' lang='lat' dir='ltr'><strong>CONCILII</strong></span> <span class='ocrx_word' id='word_1_304' title='bbox 3203 1912 3249 1956; x_wconf 76' lang='grc' dir='ltr'><strong>θ.</strong></span> 
     </span>
    </p>
   </div>
   <div class='ocr_carea' id='block_1_42' title="bbox 1846 2015 3430 2096">
    <p class='ocr_par' dir='ltr' id='par_1_42' title="bbox 1846 2015 3430 2096">
     <span class='ocr_line' id='line_1_42' title="bbox 1846 2015 3430 2096; baseline 0.002 -29"><span class='ocrx_word' id='word_1_305' title='bbox 1846 2028 1886 2096; x_wconf 46' lang='grc' dir='ltr'><strong>μ’</strong></span> <span class='ocrx_word' id='word_1_306' title='bbox 1920 2015 2016 2071; x_wconf 78' lang='lat' dir='ltr'><strong>Ha:</strong></span> <span class='ocrx_word' id='word_1_307' title='bbox 2041 2015 2356 2087; x_wconf 85' lang='lat' dir='ltr'><strong>Gaugrenses</strong></span> <span class='ocrx_word' id='word_1_308' title='bbox 2383 2016 2572 2096; x_wconf 72' lang='lat' dir='ltr'><strong>regula:</strong></span> <span class='ocrx_word' id='word_1_309' title='bbox 2603 2027 2709 2081; x_wconf 87' lang='lat' dir='ltr'><strong>post</strong></span> <span class='ocrx_word' id='word_1_310' title='bbox 2740 2017 3005 2096; x_wconf 73' lang='lat' dir='ltr'><strong>iamiam</strong></span> <span class='ocrx_word' id='word_1_311' title='bbox 3032 2016 3284 2086; x_wconf 80' lang='lat' dir='ltr'><strong>synodum</strong></span> <span class='ocrx_word' id='word_1_312' title='bbox 3309 2029 3430 2087; x_wconf 79' lang='lat' dir='ltr'><strong>pro-</strong></span> 
     </span>
    </p>
   </div>
   <div class='ocr_carea' id='block_1_43' title="bbox 2403 2089 2882 2155">
    <p class='ocr_par' dir='ltr' id='par_1_43' title="bbox 2403 2089 2882 2155">
     <span class='ocr_line' id='line_1_43' title="bbox 2403 2089 2882 2155; baseline 0.002 -16"><span class='ocrx_word' id='word_1_313' title='bbox 2403 2091 2588 2139; x_wconf 82' lang='lat' dir='ltr'><strong>bantur</strong></span> <span class='ocrx_word' id='word_1_314' title='bbox 2620 2089 2882 2155; x_wconf 77' lang='lat' dir='ltr'><strong>expositw.</strong></span> 
     </span>
    </p>
   </div>
   <div class='ocr_carea' id='block_1_44' title="bbox 2374 2177 2906 2230">
    <p class='ocr_par' dir='ltr' id='par_1_44' title="bbox 2374 2177 2906 2230">
     <span class='ocr_line' id='line_1_44' title="bbox 2374 2177 2906 2230; baseline 0.006 -5"><span class='ocrx_word' id='word_1_315' title='bbox 2374 2186 2401 2225; x_wconf 80' lang='grc' dir='ltr'><strong>(ι</strong></span> <span class='ocrx_word' id='word_1_316' title='bbox 2425 2177 2582 2230; x_wconf 90' lang='lat' dir='ltr'><strong>Tituli</strong></span> <span class='ocrx_word' id='word_1_317' title='bbox 2622 2191 2906 2228; x_wconf 86' lang='lat' dir='ltr'><strong>canonum.</strong></span> 
     </span>
    </p>
   </div>
   <div class='ocr_carea' id='block_1_45' title="bbox 1861 2265 3430 2340">
    <p class='ocr_par' dir='ltr' id='par_1_45' title="bbox 1861 2265 3430 2340">
     <span class='ocr_line' id='line_1_45' title="bbox 1861 2265 3430 2340; baseline -0.003 -17"><span class='ocrx_word' id='word_1_318' title='bbox 1861 2268 2122 2340; x_wconf 85' lang='lat' dir='ltr'><strong>Incipiunt</strong></span> <span class='ocrx_word' id='word_1_319' title='bbox 2147 2271 2375 2334; x_wconf 85' lang='lat' dir='ltr'><strong>capitula</strong></span> <span class='ocrx_word' id='word_1_320' title='bbox 2401 2285 2653 2322; x_wconf 87' lang='lat' dir='ltr'><strong>canonum</strong></span> <span class='ocrx_word' id='word_1_321' title='bbox 2678 2269 3069 2338; x_wconf 78' lang='lat' dir='ltr'><strong>Gangrensium,</strong></span> <span class='ocrx_word' id='word_1_322' title='bbox 3087 2269 3220 2340; x_wconf 85' lang='lat' dir='ltr'><strong>quod</strong></span> <span class='ocrx_word' id='word_1_323' title='bbox 3250 2265 3430 2340; x_wconf 56' lang='lat' dir='ltr'><strong>Euan.</strong></span> 
     </span>
    </p>
   </div>
   <div class='ocr_carea' id='block_1_46' title="bbox 1929 2336 3431 2409">
    <p class='ocr_par' dir='ltr' id='par_1_46' title="bbox 1929 2336 3431 2409">
     <span class='ocr_line' id='line_1_46' title="bbox 1929 2336 3431 2409; baseline -0.005 -14"><span class='ocrx_word' id='word_1_324' title='bbox 1929 2336 2037 2395; x_wconf 81' lang='lat' dir='ltr'><strong>sius</strong></span> <span class='ocrx_word' id='word_1_325' title='bbox 2064 2342 2268 2406; x_wconf 77' lang='lat' dir='ltr'><strong>nuptias</strong></span> <span class='ocrx_word' id='word_1_326' title='bbox 2311 2342 2440 2392; x_wconf 87' lang='lat' dir='ltr'><strong>male</strong></span> <span class='ocrx_word' id='word_1_327' title='bbox 2467 2336 2803 2400; x_wconf 75' lang='lat' dir='ltr'><strong>condemnet,</strong></span> <span class='ocrx_word' id='word_1_328' title='bbox 2821 2351 2868 2391; x_wconf 86' lang='lat' dir='ltr'><strong>et</strong></span> <span class='ocrx_word' id='word_1_329' title='bbox 2898 2340 2948 2392; x_wconf 88' lang='lat' dir='ltr'><strong>in</strong></span> <span class='ocrx_word' id='word_1_330' title='bbox 2981 2338 3238 2409; x_wconf 82' lang='lat' dir='ltr'><strong>conjugali</strong></span> <span class='ocrx_word' id='word_1_331' title='bbox 3265 2336 3431 2407; x_wconf 86' lang='lat' dir='ltr'><strong>gradu</strong></span> 
     </span>
    </p>
   </div>
   <div class='ocr_carea' id='block_1_47' title="bbox 1930 2409 3430 2482">
    <p class='ocr_par' dir='ltr' id='par_1_47' title="bbox 1930 2409 3430 2482">
     <span class='ocr_line' id='line_1_47' title="bbox 1930 2409 3430 2482; baseline -0.003 -19"><span class='ocrx_word' id='word_1_332' title='bbox 1930 2413 2124 2482; x_wconf 82' lang='lat' dir='ltr'><strong>positus</strong></span> <span class='ocrx_word' id='word_1_333' title='bbox 2151 2411 2324 2464; x_wconf 85' lang='lat' dir='ltr'><strong>nullus</strong></span> <span class='ocrx_word' id='word_1_334' title='bbox 2351 2426 2490 2482; x_wconf 78' lang='lat' dir='ltr'><strong>spem</strong></span> <span class='ocrx_word' id='word_1_335' title='bbox 2519 2409 2696 2462; x_wconf 86' lang='lat' dir='ltr'><strong>habeat</strong></span> <span class='ocrx_word' id='word_1_336' title='bbox 2718 2410 2859 2478; x_wconf 84' lang='lat' dir='ltr'><strong>apud</strong></span> <span class='ocrx_word' id='word_1_337' title='bbox 2900 2410 3081 2471; x_wconf 87' lang='lat' dir='ltr'><strong>Deum,</strong></span> <span class='ocrx_word' id='word_1_338' title='bbox 3113 2422 3152 2460; x_wconf 85' lang='lat' dir='ltr'><strong>et</strong></span> <span class='ocrx_word' id='word_1_339' title='bbox 3179 2409 3240 2460; x_wconf 86' lang='lat' dir='ltr'><strong>de</strong></span> <span class='ocrx_word' id='word_1_340' title='bbox 3282 2422 3430 2460; x_wconf 85' lang='lat' dir='ltr'><strong>carne</strong></span> 
     </span>
    </p>
   </div>
   <div class='ocr_carea' id='block_1_48' title="bbox 1931 2481 2493 2534">
    <p class='ocr_par' dir='ltr' id='par_1_48' title="bbox 1931 2481 2493 2534">
     <span class='ocr_line' id='line_1_48' title="bbox 1931 2481 2493 2534; baseline 0 0"><span class='ocrx_word' id='word_1_341' title='bbox 1931 2498 2033 2534; x_wconf 89' lang='lat' dir='ltr'><strong>non</strong></span> <span class='ocrx_word' id='word_1_342' title='bbox 2061 2481 2493 2534; x_wconf 84' lang='lat' dir='ltr'><strong>manducandum.</strong></span> 
     </span>
    </p>
   </div>
   <div class='ocr_carea' id='block_1_49' title="bbox 1928 2590 3431 2661">
    <p class='ocr_par' dir='ltr' id='par_1_49' title="bbox 1928 2590 3431 2661">
     <span class='ocr_line' id='line_1_49' title="bbox 1928 2590 3431 2661; baseline -0.006 -13"><span class='ocrx_word' id='word_1_343' title='bbox 1928 2593 1970 2648; x_wconf 91' lang='lat' dir='ltr'><strong>I.</strong></span> <span class='ocrx_word' id='word_1_344' title='bbox 1993 2593 2093 2658; x_wconf 83' lang='lat' dir='ltr'><strong>Qui</strong></span> <span class='ocrx_word' id='word_1_345' title='bbox 2121 2593 2327 2661; x_wconf 80' lang='lat' dir='ltr'><strong>nuptias</strong></span> <span class='ocrx_word' id='word_1_346' title='bbox 2347 2592 2424 2645; x_wconf 85' lang='lat' dir='ltr'><strong>vel</strong></span> <span class='ocrx_word' id='word_1_347' title='bbox 2445 2591 2707 2644; x_wconf 84' lang='lat' dir='ltr'><strong>mulierem</strong></span> <span class='ocrx_word' id='word_1_348' title='bbox 2732 2591 2856 2644; x_wconf 80' lang='lat' dir='ltr'><strong>dicit</strong></span> <span class='ocrx_word' id='word_1_349' title='bbox 2872 2590 3282 2651; x_wconf 84' lang='lat' dir='ltr'><strong>abominandam,</strong></span> <span class='ocrx_word' id='word_1_350' title='bbox 3302 2602 3431 2640; x_wconf 84' lang='lat' dir='ltr'><strong>ana-</strong></span> 
     </span>
    </p>
   </div>
   <div class='ocr_carea' id='block_1_50' title="bbox 210 2681 2142 2748">
    <p class='ocr_par' dir='ltr' id='par_1_50' title="bbox 210 2681 2142 2748">
     <span class='ocr_line' id='line_1_50' title="bbox 210 2681 2142 2748; baseline 0 -12"><span class='ocrx_word' id='word_1_351' title='bbox 210 2681 328 2736; x_wconf 82' lang='lat' dir='ltr'><strong>illius</strong></span> <span class='ocrx_word' id='word_1_352' title='bbox 354 2693 432 2737; x_wconf 88' lang='lat' dir='ltr'><strong>est</strong></span> <span class='ocrx_word' id='word_1_353' title='bbox 459 2682 755 2737; x_wconf 86' lang='lat' dir='ltr'><strong>voluntaria</strong></span> <span class='ocrx_word' id='word_1_354' title='bbox 781 2727 795 2748; x_wconf 93' lang='lat'><strong>,</strong></span> <span class='ocrx_word' id='word_1_355' title='bbox 838 2684 932 2738; x_wconf 89' lang='lat' dir='ltr'><strong>sed</strong></span> <span class='ocrx_word' id='word_1_356' title='bbox 960 2701 1025 2738; x_wconf 83' lang='lat' dir='ltr'><strong>ex</strong></span> <span class='ocrx_word' id='word_1_357' title='bbox 1068 2686 1425 2740; x_wconf 80' lang='lat' dir='ltr'><strong>necessitate:</strong></span> <span class='ocrx_word' id='word_1_358' title='bbox 1474 2685 1576 2739; x_wconf 88' lang='lat' dir='ltr'><strong>nisi</strong></span> <span class='ocrx_word' id='word_1_359' title='bbox 1615 2685 1749 2742; x_wconf 86' lang='lat' dir='ltr'><strong>forte</strong></span> <span class='ocrx_word' id='word_1_360' title='bbox 1795 2711 1816 2737; x_wconf 70' lang='grc' dir='ltr'><strong>ο</strong></span> <span class='ocrx_word' id='word_1_361' title='bbox 1859 2685 2027 2738; x_wconf 82' lang='lat' dir='ltr'><strong>thema</strong></span> <span class='ocrx_word' id='word_1_362' title='bbox 2056 2685 2142 2737; x_wconf 78' lang='lat' dir='ltr'><strong>sit;</strong></span> 
     </span>
    </p>
   </div>
   <div class='ocr_carea' id='block_1_51' title="bbox 210 2773 1749 2845">
    <p class='ocr_par' dir='ltr' id='par_1_51' title="bbox 210 2773 1749 2845">
     <span class='ocr_line' id='line_1_51' title="bbox 210 2773 1749 2845; baseline 0.004 -19"><span class='ocrx_word' id='word_1_363' title='bbox 210 2785 367 2839; x_wconf 66' lang='lat' dir='ltr'><strong>postea</strong></span> <span class='ocrx_word' id='word_1_364' title='bbox 412 2773 565 2841; x_wconf 88' lang='lat' dir='ltr'><strong>hujus</strong></span> <span class='ocrx_word' id='word_1_365' title='bbox 606 2774 774 2839; x_wconf 86' lang='lat' dir='ltr'><strong>ipsius</strong></span> <span class='ocrx_word' id='word_1_366' title='bbox 810 2775 1046 2828; x_wconf 88' lang='lat' dir='ltr'><strong>studium</strong></span> <span class='ocrx_word' id='word_1_367' title='bbox 1075 2784 1129 2828; x_wconf 84' lang='lat' dir='ltr'><strong>et</strong></span> <span class='ocrx_word' id='word_1_368' title='bbox 1159 2775 1290 2830; x_wconf 76' lang='lat' dir='ltr'><strong>fides</strong></span> <span class='ocrx_word' id='word_1_369' title='bbox 1321 2777 1606 2845; x_wconf 85' lang='lat' dir='ltr'><strong>probabilis</strong></span> <span class='ocrx_word' id='word_1_370' title='bbox 1637 2778 1749 2832; x_wconf 85' lang='lat' dir='ltr'><strong>fue-</strong></span> 
     </span>
    </p>
   </div>
   <div class='ocr_carea' id='block_1_52' title="bbox 209 2864 1156 2936">
    <p class='ocr_par' dir='ltr' id='par_1_52' title="bbox 209 2864 1156 2936">
     <span class='ocr_line' id='line_1_52' title="bbox 209 2864 1156 2936; baseline 0.001 -18"><span class='ocrx_word' id='word_1_371' title='bbox 209 2867 280 2931; x_wconf 90' lang='lat' dir='ltr'><strong>rit,</strong></span> <span class='ocrx_word' id='word_1_372' title='bbox 306 2864 328 2900; x_wconf 69' lang='grc' dir='ltr'>δ</span> <span class='ocrx_word' id='word_1_373' title='bbox 355 2876 438 2918; x_wconf 90' lang='lat' dir='ltr'><strong>aut</strong></span> <span class='ocrx_word' id='word_1_374' title='bbox 461 2864 735 2919; x_wconf 85' lang='lat' dir='ltr'><strong>hominum</strong></span> <span class='ocrx_word' id='word_1_375' title='bbox 767 2866 955 2920; x_wconf 73' lang='lat' dir='ltr'><strong>raritas</strong></span> <span class='ocrx_word' id='word_1_376' title='bbox 983 2877 1156 2936; x_wconf 78' lang='lat' dir='ltr'><strong>cogat.</strong></span> 
     </span>
    </p>
   </div>
   <div class='ocr_carea' id='block_1_53' title="bbox 1931 2775 3430 2849">
    <p class='ocr_par' dir='ltr' id='par_1_53' title="bbox 1931 2775 3430 2849">
     <span class='ocr_line' id='line_1_53' title="bbox 1931 2775 3430 2849; baseline -0.006 -17"><span class='ocrx_word' id='word_1_377' title='bbox 1931 2777 2169 2849; x_wconf 73' lang='grc'><strong>12011.</strong></span> <span class='ocrx_word' id='word_1_378' title='bbox 2207 2777 2308 2843; x_wconf 83' lang='lat' dir='ltr'><strong>Qui</strong></span> <span class='ocrx_word' id='word_1_379' title='bbox 2336 2793 2538 2831; x_wconf 86' lang='lat' dir='ltr'><strong>carnem</strong></span> <span class='ocrx_word' id='word_1_380' title='bbox 2571 2793 2686 2829; x_wconf 85' lang='lat' dir='ltr'><strong>cum</strong></span> <span class='ocrx_word' id='word_1_381' title='bbox 2710 2777 2956 2846; x_wconf 81' lang='lat' dir='ltr'><strong>religione</strong></span> <span class='ocrx_word' id='word_1_382' title='bbox 2981 2775 3291 2828; x_wconf 80' lang='lat' dir='ltr'><strong>manducare</strong></span> <span class='ocrx_word' id='word_1_383' title='bbox 3313 2788 3430 2840; x_wconf 85' lang='lat' dir='ltr'><strong>pro-</strong></span> 
     </span>
    </p>
   </div>
   <div class='ocr_carea' id='block_1_54' title="bbox 1854 2868 2004 2921">
    <p class='ocr_par' dir='ltr' id='par_1_54' title="bbox 1854 2868 2004 2921">
     <span class='ocr_line' id='line_1_54' title="bbox 1854 2868 2004 2921; baseline -0.007 -1"><span class='ocrx_word' id='word_1_384' title='bbox 1854 2868 2004 2921; x_wconf 81' lang='lat' dir='ltr'><strong>hibet.</strong></span> 
     </span>
    </p>
   </div>
   <div class='ocr_carea' id='block_1_55' title="bbox 264 3047 3426 3123">
    <p class='ocr_par' dir='ltr' id='par_1_55' title="bbox 264 3047 3426 3123">
     <span class='ocr_line' id='line_1_55' title="bbox 264 3047 3426 3123; baseline 0 -20"><span class='ocrx_word' id='word_1_385' title='bbox 264 3057 287 3086; x_wconf 73' lang='grc'><strong>⁸</strong></span> <span class='ocrx_word' id='word_1_386' title='bbox 307 3051 414 3105; x_wconf 91' lang='lat' dir='ltr'><strong>Duo</strong></span> <span class='ocrx_word' id='word_1_387' title='bbox 443 3051 742 3120; x_wconf 88' lang='lat' dir='ltr'><strong>Veronen.,</strong></span> <span class='ocrx_word' id='word_1_388' title='bbox 770 3053 972 3105; x_wconf 86' lang='lat' dir='ltr'><strong>admitti</strong></span> <span class='ocrx_word' id='word_1_389' title='bbox 1001 3069 1102 3106; x_wconf 86' lang='lat' dir='ltr'><strong>non</strong></span> <span class='ocrx_word' id='word_1_390' title='bbox 1133 3052 1293 3118; x_wconf 84' lang='lat' dir='ltr'><strong>debet,</strong></span> <span class='ocrx_word' id='word_1_391' title='bbox 1335 3062 1388 3107; x_wconf 91' lang='lat' dir='ltr'><strong>et</strong></span> <span class='ocrx_word' id='word_1_392' title='bbox 1418 3054 1538 3108; x_wconf 89' lang='lat' dir='ltr'><strong>dein</strong></span> <span class='ocrx_word' id='word_1_393' title='bbox 1570 3054 1623 3106; x_wconf 81' lang='lat' dir='ltr'><strong>in</strong></span> <span class='ocrx_word' id='word_1_394' title='bbox 1652 3047 1754 3107; x_wconf 51' lang='lat' dir='ltr'><strong>cleo</strong></span> <span class='ocrx_word' id='word_1_395' title='bbox 1777 3055 1823 3114; x_wconf 87' lang='lat' dir='ltr'><strong>C</strong></span> <span class='ocrx_word' id='word_1_396' title='bbox 1856 3053 2137 3123; x_wconf 69' lang='lat' dir='ltr'><strong>exemplum</strong></span> <span class='ocrx_word' id='word_1_397' title='bbox 2157 3051 2357 3121; x_wconf 83' lang='lat' dir='ltr'><strong>quidem</strong></span> <span class='ocrx_word' id='word_1_398' title='bbox 2382 3064 2428 3107; x_wconf 87' lang='lat' dir='ltr'><strong>et</strong></span> <span class='ocrx_word' id='word_1_399' title='bbox 2449 3053 2662 3122; x_wconf 80' lang='lat' dir='ltr'><strong>formant</strong></span> <span class='ocrx_word' id='word_1_400' title='bbox 2688 3052 2892 3104; x_wconf 84' lang='lat' dir='ltr'><strong>illorum</strong></span> <span class='ocrx_word' id='word_1_401' title='bbox 2913 3051 3234 3118; x_wconf 75' lang='lat' dir='ltr'><strong>septuaginta</strong></span> <span class='ocrx_word' id='word_1_402' title='bbox 3260 3051 3426 3123; x_wconf 85' lang='lat' dir='ltr'><strong>viden-</strong></span> 
     </span>
    </p>
   </div>
   <div class='ocr_carea' id='block_1_56' title="bbox 209 3131 365 3171">
    <p class='ocr_par' dir='ltr' id='par_1_56' title="bbox 209 3131 365 3171">
     <span class='ocr_line' id='line_1_56' title="bbox 209 3131 365 3171; baseline 0.006 -1"><span class='ocrx_word' id='word_1_403' title='bbox 209 3131 343 3171; x_wconf 83' lang='lat' dir='ltr'><strong>nratu</strong></span> <span class='ocrx_word' id='word_1_404' title='bbox 352 3159 365 3171; x_wconf 89' lang='lat'><strong>.</strong></span> 
     </span>
    </p>
   </div>
   <div class='ocr_carea' id='block_1_57' title="bbox 265 3190 1752 3260">
    <p class='ocr_par' dir='ltr' id='par_1_57' title="bbox 265 3190 1752 3260">
     <span class='ocr_line' id='line_1_57' title="bbox 265 3190 1752 3260; baseline 0 -14"><span class='ocrx_word' id='word_1_405' title='bbox 265 3190 288 3226; x_wconf 72' lang='grc'><strong>¹¹</strong></span> <span class='ocrx_word' id='word_1_406' title='bbox 311 3191 398 3246; x_wconf 88' lang='lat' dir='ltr'><strong>Sic</strong></span> <span class='ocrx_word' id='word_1_407' title='bbox 425 3193 594 3246; x_wconf 84' lang='lat' dir='ltr'><strong>nostri</strong></span> <span class='ocrx_word' id='word_1_408' title='bbox 611 3191 844 3247; x_wconf 88' lang='lat' dir='ltr'><strong>codices.</strong></span> <span class='ocrx_word' id='word_1_409' title='bbox 869 3191 1095 3258; x_wconf 68' lang='lat' dir='ltr'><strong>Queen,</strong></span> <span class='ocrx_word' id='word_1_410' title='bbox 1121 3193 1318 3260; x_wconf 75' lang='lat' dir='ltr'><strong>o/feret.</strong></span> <span class='ocrx_word' id='word_1_411' title='bbox 1350 3195 1467 3248; x_wconf 77' lang='lat' dir='ltr'><strong>Mox</strong></span> <span class='ocrx_word' id='word_1_412' title='bbox 1491 3194 1598 3248; x_wconf 92' lang='lat' dir='ltr'><strong>duo</strong></span> <span class='ocrx_word' id='word_1_413' title='bbox 1623 3207 1752 3249; x_wconf 86' lang='lat' dir='ltr'><strong>mss.</strong></span> 
     </span>
    </p>
   </div>
   <div class='ocr_carea' id='block_1_58' title="bbox 209 3257 938 3330">
    <p class='ocr_par' dir='ltr' id='par_1_58' title="bbox 209 3257 938 3330">
     <span class='ocr_line' id='line_1_58' title="bbox 209 3257 938 3330; baseline 0.007 -21"><span class='ocrx_word' id='word_1_414' title='bbox 209 3257 405 3323; x_wconf 68' lang='lat' dir='ltr'><strong>Verum,</strong></span> <span class='ocrx_word' id='word_1_415' title='bbox 433 3272 600 3315; x_wconf 86' lang='lat' dir='ltr'><strong>autem</strong></span> <span class='ocrx_word' id='word_1_416' title='bbox 622 3275 720 3330; x_wconf 86' lang='lat' dir='ltr'><strong>pro</strong></span> <span class='ocrx_word' id='word_1_417' title='bbox 750 3257 938 3314; x_wconf 82' lang='lat' dir='ltr'><strong>tamen.</strong></span> 
     </span>
    </p>
   </div>
   <div class='ocr_carea' id='block_1_59' title="bbox 266 3331 1754 3400">
    <p class='ocr_par' dir='ltr' id='par_1_59' title="bbox 266 3331 1754 3400">
     <span class='ocr_line' id='line_1_59' title="bbox 266 3331 1754 3400; baseline 0.002 -19"><span class='ocrx_word' id='word_1_418' title='bbox 266 3340 283 3366; x_wconf 71' lang='grc' dir='ltr'><strong>ο</strong></span> <span class='ocrx_word' id='word_1_419' title='bbox 303 3332 497 3394; x_wconf 82' lang='lat' dir='ltr'><strong>Quesn.</strong></span> <span class='ocrx_word' id='word_1_420' title='bbox 523 3333 944 3400; x_wconf 73' lang='lat' dir='ltr'><strong>inseritprazter:</strong></span> <span class='ocrx_word' id='word_1_421' title='bbox 967 3331 1158 3385; x_wconf 84' lang='lat' dir='ltr'><strong>melius</strong></span> <span class='ocrx_word' id='word_1_422' title='bbox 1189 3331 1366 3385; x_wconf 79' lang='lat' dir='ltr'><strong>delent</strong></span> <span class='ocrx_word' id='word_1_423' title='bbox 1391 3332 1546 3386; x_wconf 85' lang='lat' dir='ltr'><strong>Vind.</strong></span> <span class='ocrx_word' id='word_1_424' title='bbox 1574 3342 1623 3386; x_wconf 81' lang='lat' dir='ltr'><strong>et</strong></span> <span class='ocrx_word' id='word_1_425' title='bbox 1649 3332 1754 3385; x_wconf 86' lang='lat' dir='ltr'><strong>duo</strong></span> 
     </span>
    </p>
   </div>
   <div class='ocr_carea' id='block_1_60' title="bbox 209 3400 1752 3470">
    <p class='ocr_par' dir='ltr' id='par_1_60' title="bbox 209 3400 1752 3470">
     <span class='ocr_line' id='line_1_60' title="bbox 209 3400 1752 3470; baseline 0.002 -19"><span class='ocrx_word' id='word_1_426' title='bbox 209 3412 313 3470; x_wconf 79' lang='lat' dir='ltr'><strong>mss.</strong></span> <span class='ocrx_word' id='word_1_427' title='bbox 340 3400 532 3455; x_wconf 84' lang='lat' dir='ltr'><strong>Veron.</strong></span> <span class='ocrx_word' id='word_1_428' title='bbox 582 3402 760 3456; x_wconf 80' lang='lat' dir='ltr'><strong>Codex</strong></span> <span class='ocrx_word' id='word_1_429' title='bbox 805 3401 1132 3456; x_wconf 83' lang='lat' dir='ltr'><strong>Btrberiuus</strong></span> <span class='ocrx_word' id='word_1_430' title='bbox 1179 3411 1296 3468; x_wconf 88' lang='lat' dir='ltr'><strong>post</strong></span> <span class='ocrx_word' id='word_1_431' title='bbox 1331 3405 1521 3470; x_wconf 78' lang='lat' dir='ltr'><strong>privari</strong></span> <span class='ocrx_word' id='word_1_432' title='bbox 1573 3402 1752 3455; x_wconf 85' lang='lat' dir='ltr'><strong>addit:</strong></span> 
     </span>
    </p>
   </div>
   <div class='ocr_carea' id='block_1_61' title="bbox 211 3469 1752 3540">
    <p class='ocr_par' dir='ltr' id='par_1_61' title="bbox 211 3469 1752 3540">
     <span class='ocr_line' id='line_1_61' title="bbox 211 3469 1752 3540; baseline 0.003 -20"><span class='ocrx_word' id='word_1_433' title='bbox 211 3469 419 3523; x_wconf 75' lang='lat' dir='ltr'><strong>dixerunt</strong></span> <span class='ocrx_word' id='word_1_434' title='bbox 447 3487 536 3534; x_wconf 88' lang='lat' dir='ltr'><strong>per</strong></span> <span class='ocrx_word' id='word_1_435' title='bbox 555 3487 746 3533; x_wconf 85' lang='lat' dir='ltr'><strong>manus</strong></span> <span class='ocrx_word' id='word_1_436' title='bbox 774 3473 1144 3536; x_wconf 86' lang='lat' dir='ltr'><strong>itnpositionem</strong></span> <span class='ocrx_word' id='word_1_437' title='bbox 1175 3489 1321 3540; x_wconf 82' lang='lat' dir='ltr'><strong>posse</strong></span> <span class='ocrx_word' id='word_1_438' title='bbox 1353 3473 1576 3536; x_wconf 76' lang='lat' dir='ltr'><strong>dimitti;</strong></span> <span class='ocrx_word' id='word_1_439' title='bbox 1609 3487 1752 3539; x_wconf 75' lang='lat' dir='ltr'><strong>quae,</strong></span> 
     </span>
    </p>
   </div>
   <div class='ocr_carea' id='block_1_62' title="bbox 211 3540 1752 3610">
    <p class='ocr_par' dir='ltr' id='par_1_62' title="bbox 211 3540 1752 3610">
     <span class='ocr_line' id='line_1_62' title="bbox 211 3540 1752 3610; baseline 0.003 -21"><span class='ocrx_word' id='word_1_440' title='bbox 211 3553 257 3589; x_wconf 83' lang='lat' dir='ltr'><strong>ex</strong></span> <span class='ocrx_word' id='word_1_441' title='bbox 281 3540 504 3610; x_wconf 73' lang='lat' dir='ltr'><strong>Dionysii</strong></span> <span class='ocrx_word' id='word_1_442' title='bbox 529 3543 774 3596; x_wconf 85' lang='lat' dir='ltr'><strong>versione</strong></span> <span class='ocrx_word' id='word_1_443' title='bbox 795 3552 1028 3610; x_wconf 85' lang='lat' dir='ltr'><strong>sumpta,</strong></span> <span class='ocrx_word' id='word_1_444' title='bbox 1051 3556 1117 3596; x_wconf 84' lang='lat' dir='ltr'><strong>ex</strong></span> <span class='ocrx_word' id='word_1_445' title='bbox 1144 3543 1382 3610; x_wconf 83' lang='lat' dir='ltr'><strong>margine</strong></span> <span class='ocrx_word' id='word_1_446' title='bbox 1409 3542 1675 3610; x_wconf 86' lang='lat' dir='ltr'><strong>irrepsere</strong></span> <span class='ocrx_word' id='word_1_447' title='bbox 1701 3543 1752 3594; x_wconf 90' lang='lat' dir='ltr'><strong>in</strong></span> 
     </span>
    </p>
   </div>
   <div class='ocr_carea' id='block_1_63' title="bbox 211 3615 402 3663">
    <p class='ocr_par' dir='ltr' id='par_1_63' title="bbox 211 3615 402 3663">
     <span class='ocr_line' id='line_1_63' title="bbox 211 3615 402 3663; baseline 0.037 -7"><span class='ocrx_word' id='word_1_448' title='bbox 211 3615 402 3663; x_wconf 72' lang='lat' dir='ltr'><strong>lexlttm.</strong></span> 
     </span>
    </p>
   </div>
   <div class='ocr_carea' id='block_1_64' title="bbox 262 3676 1754 3752">
    <p class='ocr_par' dir='ltr' id='par_1_64' title="bbox 262 3676 1754 3752">
     <span class='ocr_line' id='line_1_64' title="bbox 262 3676 1754 3752; baseline 0 -19"><span class='ocrx_word' id='word_1_449' title='bbox 262 3676 283 3752; x_wconf 59' lang='grc' dir='ltr'><strong>εξ</strong></span> <span class='ocrx_word' id='word_1_450' title='bbox 308 3679 499 3743; x_wconf 79' lang='lat' dir='ltr'><strong>0son.,</strong></span> <span class='ocrx_word' id='word_1_451' title='bbox 523 3679 823 3752; x_wconf 28' lang='lat' dir='ltr'><strong>ItineaMox</strong></span> <span class='ocrx_word' id='word_1_452' title='bbox 851 3681 1180 3752; x_wconf 63' lang='lat' dir='ltr'><strong>permittenda</strong></span> <span class='ocrx_word' id='word_1_453' title='bbox 1211 3681 1536 3752; x_wconf 72' lang='lat' dir='ltr'><strong>saripsimus</strong></span> <span class='ocrx_word' id='word_1_454' title='bbox 1555 3696 1618 3733; x_wconf 80' lang='lat' dir='ltr'><strong>ex</strong></span> <span class='ocrx_word' id='word_1_455' title='bbox 1655 3695 1754 3733; x_wconf 86' lang='lat' dir='ltr'><strong>no-</strong></span> 
     </span>
    </p>
   </div>
   <div class='ocr_carea' id='block_1_65' title="bbox 210 3747 1752 3817">
    <p class='ocr_par' dir='ltr' id='par_1_65' title="bbox 210 3747 1752 3817">
     <span class='ocr_line' id='line_1_65' title="bbox 210 3747 1752 3817; baseline 0.006 -22"><span class='ocrx_word' id='word_1_456' title='bbox 210 3747 309 3817; x_wconf 71' lang='lat' dir='ltr'><strong>stris</strong></span> <span class='ocrx_word' id='word_1_457' title='bbox 335 3763 488 3814; x_wconf 71' lang='grc' dir='ltr'><strong>ωδε..</strong></span> <span class='ocrx_word' id='word_1_458' title='bbox 530 3749 820 3805; x_wconf 87' lang='lat' dir='ltr'><strong>accedente</strong></span> <span class='ocrx_word' id='word_1_459' title='bbox 852 3747 1016 3805; x_wconf 80' lang='lat' dir='ltr'><strong>etiam</strong></span> <span class='ocrx_word' id='word_1_460' title='bbox 1048 3751 1259 3804; x_wconf 83' lang='lat' dir='ltr'><strong>&#39;I‘huan.</strong></span> <span class='ocrx_word' id='word_1_461' title='bbox 1288 3751 1610 3817; x_wconf 83' lang='lat' dir='ltr'><strong>Quesnellus</strong></span> <span class='ocrx_word' id='word_1_462' title='bbox 1632 3765 1752 3804; x_wconf 91' lang='lat' dir='ltr'><strong>cum</strong></span> 
     </span>
    </p>
   </div>
   <div class='ocr_carea' id='block_1_66' title="bbox 213 3814 794 3882">
    <p class='ocr_par' dir='ltr' id='par_1_66' title="bbox 213 3814 794 3882">
     <span class='ocr_line' id='line_1_66' title="bbox 213 3814 794 3882; baseline 0.014 -14"><span class='ocrx_word' id='word_1_463' title='bbox 213 3814 354 3872; x_wconf 78' lang='lat' dir='ltr'><strong>Oxon.</strong></span> <span class='ocrx_word' id='word_1_464' title='bbox 366 3860 380 3882; x_wconf 90' lang='lat'><strong>,</strong></span> <span class='ocrx_word' id='word_1_465' title='bbox 412 3821 794 3876; x_wconf 85' lang='lat' dir='ltr'><strong>committenda.</strong></span> 
     </span>
    </p>
   </div>
   <div class='ocr_carea' id='block_1_67' title="bbox 266 3888 1755 3960">
    <p class='ocr_par' dir='ltr' id='par_1_67' title="bbox 266 3888 1755 3960">
     <span class='ocr_line' id='line_1_67' title="bbox 266 3888 1755 3960; baseline 0.003 -20"><span class='ocrx_word' id='word_1_466' title='bbox 266 3896 286 3960; x_wconf 59' lang='grc' dir='ltr'><strong><em>ξ</em></strong></span> <span class='ocrx_word' id='word_1_467' title='bbox 310 3889 417 3943; x_wconf 86' lang='lat' dir='ltr'><strong>Duo</strong></span> <span class='ocrx_word' id='word_1_468' title='bbox 441 3889 663 3960; x_wconf 88' lang='lat' dir='ltr'><strong>Veron..</strong></span> <span class='ocrx_word' id='word_1_469' title='bbox 692 3891 744 3942; x_wconf 85' lang='lat' dir='ltr'><strong>in</strong></span> <span class='ocrx_word' id='word_1_470' title='bbox 766 3891 937 3960; x_wconf 65' lang='lat' dir='ltr'><strong>eoderr.</strong></span> <span class='ocrx_word' id='word_1_471' title='bbox 963 3891 1074 3957; x_wconf 43' lang='lat' dir='ltr'><strong>ipso</strong></span> <span class='ocrx_word' id='word_1_472' title='bbox 1101 3891 1265 3960; x_wconf 74' lang='lat' dir='ltr'><strong>culpa:</strong></span> <span class='ocrx_word' id='word_1_473' title='bbox 1285 3905 1479 3960; x_wconf 82' lang='lat' dir='ltr'><strong>genere.</strong></span> <span class='ocrx_word' id='word_1_474' title='bbox 1509 3888 1755 3960; x_wconf 83' lang='lat' dir='ltr'><strong>Concinit</strong></span> 
     </span>
    </p>
   </div>
   <div class='ocr_carea' id='block_1_68' title="bbox 210 3955 1752 4030">
    <p class='ocr_par' dir='ltr' id='par_1_68' title="bbox 210 3955 1752 4030">
     <span class='ocr_line' id='line_1_68' title="bbox 210 3955 1752 4030; baseline 0.004 -23"><span class='ocrx_word' id='word_1_475' title='bbox 210 3955 324 4030; x_wconf 75' lang='lat' dir='ltr'><strong>vulg.</strong></span> <span class='ocrx_word' id='word_1_476' title='bbox 358 3960 404 4013; x_wconf 89' lang='lat' dir='ltr'><strong>Is</strong></span> <span class='ocrx_word' id='word_1_477' title='bbox 426 3959 508 4024; x_wconf 89' lang='lat' dir='ltr'><strong>d.,</strong></span> <span class='ocrx_word' id='word_1_478' title='bbox 561 3961 650 4027; x_wconf 91' lang='lat' dir='ltr'><strong>qui</strong></span> <span class='ocrx_word' id='word_1_479' title='bbox 679 3961 850 4012; x_wconf 82' lang='lat' dir='ltr'><strong>solum</strong></span> <span class='ocrx_word' id='word_1_480' title='bbox 882 3955 1020 4014; x_wconf 80' lang='lat' dir='ltr'><strong>delet</strong></span> <span class='ocrx_word' id='word_1_481' title='bbox 1050 3955 1378 4030; x_wconf 47' lang='lat' dir='ltr'><strong>ipsaII’aitlo</strong></span> <span class='ocrx_word' id='word_1_482' title='bbox 1427 3970 1547 4028; x_wconf 87' lang='lat' dir='ltr'><strong>post</strong></span> <span class='ocrx_word' id='word_1_483' title='bbox 1593 3958 1752 4013; x_wconf 82' lang='lat' dir='ltr'><strong>iidem</strong></span> 
     </span>
    </p>
   </div>
   <div class='ocr_carea' id='block_1_69' title="bbox 209 4027 894 4090">
    <p class='ocr_par' dir='ltr' id='par_1_69' title="bbox 209 4027 894 4090">
     <span class='ocr_line' id='line_1_69' title="bbox 209 4027 894 4090; baseline 0.01 -14"><span class='ocrx_word' id='word_1_484' title='bbox 209 4027 338 4081; x_wconf 89' lang='lat' dir='ltr'><strong>codd.</strong></span> <span class='ocrx_word' id='word_1_485' title='bbox 362 4030 586 4090; x_wconf 67' lang='grc' dir='ltr'><strong>νει-οη..</strong></span> <span class='ocrx_word' id='word_1_486' title='bbox 628 4030 894 4084; x_wconf 76' lang='lat' dir='ltr'><strong>cohibebit.</strong></span> 
     </span>
    </p>
   </div>
   <div class='ocr_carea' id='block_1_70' title="bbox 269 4093 1755 4168">
    <p class='ocr_par' dir='ltr' id='par_1_70' title="bbox 269 4093 1755 4168">
     <span class='ocr_line' id='line_1_70' title="bbox 269 4093 1755 4168; baseline 0.001 -19"><span class='ocrx_word' id='word_1_487' title='bbox 269 4093 284 4133; x_wconf 69' lang='grc' dir='ltr'>ί</span> <span class='ocrx_word' id='word_1_488' title='bbox 312 4097 460 4167; x_wconf 81' lang='lat' dir='ltr'><strong>Vulg.</strong></span> <span class='ocrx_word' id='word_1_489' title='bbox 490 4098 614 4152; x_wconf 88' lang='lat' dir='ltr'><strong>Isid.</strong></span> <span class='ocrx_word' id='word_1_490' title='bbox 641 4115 762 4151; x_wconf 88' lang='lat' dir='ltr'><strong>cttm</strong></span> <span class='ocrx_word' id='word_1_491' title='bbox 792 4098 1000 4151; x_wconf 85' lang='lat' dir='ltr'><strong>tluolius</strong></span> <span class='ocrx_word' id='word_1_492' title='bbox 1029 4099 1254 4162; x_wconf 89' lang='lat' dir='ltr'><strong>Veron.,</strong></span> <span class='ocrx_word' id='word_1_493' title='bbox 1285 4106 1401 4150; x_wconf 86' lang='lat' dir='ltr'><strong>ante</strong></span> <span class='ocrx_word' id='word_1_494' title='bbox 1431 4098 1638 4168; x_wconf 81' lang='lat' dir='ltr'><strong>triginta</strong></span> <span class='ocrx_word' id='word_1_495' title='bbox 1659 4115 1755 4151; x_wconf 83' lang='lat' dir='ltr'><strong>an-</strong></span> 
     </span>
    </p>
   </div>
   <div class='ocr_carea' id='block_1_71' title="bbox 212 4167 1756 4226">
    <p class='ocr_par' dir='ltr' id='par_1_71' title="bbox 212 4167 1756 4226">
     <span class='ocr_line' id='line_1_71' title="bbox 212 4167 1756 4226; baseline 0.005 -13"><span class='ocrx_word' id='word_1_496' title='bbox 212 4177 361 4219; x_wconf 72' lang='lat' dir='ltr'><strong>norum</strong></span> <span class='ocrx_word' id='word_1_497' title='bbox 390 4179 589 4220; x_wconf 49' lang='lat' dir='ltr'><strong>ditatem</strong></span> <span class='ocrx_word' id='word_1_498' title='bbox 620 4183 740 4222; x_wconf 87' lang='lat' dir='ltr'><strong>non.</strong></span> <span class='ocrx_word' id='word_1_499' title='bbox 792 4171 976 4222; x_wconf 73' lang='lat' dir='ltr'><strong>Poetea</strong></span> <span class='ocrx_word' id='word_1_500' title='bbox 1008 4184 1168 4221; x_wconf 80' lang='lat' dir='ltr'><strong>voces</strong></span> <span class='ocrx_word' id='word_1_501' title='bbox 1205 4178 1378 4221; x_wconf 86' lang='lat' dir='ltr'><strong>noster</strong></span> <span class='ocrx_word' id='word_1_502' title='bbox 1413 4169 1567 4221; x_wconf 82' lang='lat' dir='ltr'><strong>Jesus</strong></span> <span class='ocrx_word' id='word_1_503' title='bbox 1605 4167 1756 4226; x_wconf 82' lang='lat' dir='ltr'><strong>Chri—</strong></span> 
     </span>
    </p>
   </div>
   <div class='ocr_carea' id='block_1_72' title="bbox 209 4238 1341 4293">
    <p class='ocr_par' dir='ltr' id='par_1_72' title="bbox 209 4238 1341 4293">
     <span class='ocr_line' id='line_1_72' title="bbox 209 4238 1341 4293; baseline 0.007 -10"><span class='ocrx_word' id='word_1_504' title='bbox 209 4242 295 4286; x_wconf 84' lang='lat' dir='ltr'><strong>stus</strong></span> <span class='ocrx_word' id='word_1_505' title='bbox 321 4240 365 4290; x_wconf 90' lang='lat' dir='ltr'><strong>in</strong></span> <span class='ocrx_word' id='word_1_506' title='bbox 399 4238 586 4292; x_wconf 82' lang='lat' dir='ltr'><strong>iisdem</strong></span> <span class='ocrx_word' id='word_1_507' title='bbox 618 4253 742 4291; x_wconf 77' lang='lat' dir='ltr'><strong>mss.</strong></span> <span class='ocrx_word' id='word_1_508' title='bbox 776 4239 968 4292; x_wconf 91' lang='lat' dir='ltr'><strong>Veron.</strong></span> <span class='ocrx_word' id='word_1_509' title='bbox 1001 4240 1341 4293; x_wconf 88' lang='lat' dir='ltr'><strong>omittuntur.</strong></span> 
     </span>
    </p>
   </div>
   <div class='ocr_carea' id='block_1_73' title="bbox 267 4306 1574 4376">
    <p class='ocr_par' dir='ltr' id='par_1_73' title="bbox 267 4306 1574 4376">
     <span class='ocr_line' id='line_1_73' title="bbox 267 4306 1574 4376; baseline 0.002 -19"><span class='ocrx_word' id='word_1_510' title='bbox 267 4312 288 4376; x_wconf 66' lang='grc' dir='ltr'>β</span> <span class='ocrx_word' id='word_1_511' title='bbox 317 4307 510 4360; x_wconf 85' lang='lat' dir='ltr'><strong>Veron.</strong></span> <span class='ocrx_word' id='word_1_512' title='bbox 546 4306 638 4370; x_wconf 83' lang='lat'><strong>55,</strong></span> <span class='ocrx_word' id='word_1_513' title='bbox 668 4309 1013 4376; x_wconf 84' lang='lat' dir='ltr'><strong>presbyterum</strong></span> <span class='ocrx_word' id='word_1_514' title='bbox 1052 4309 1285 4361; x_wconf 86' lang='lat' dir='ltr'><strong>ordinari</strong></span> <span class='ocrx_word' id='word_1_515' title='bbox 1313 4323 1411 4360; x_wconf 89' lang='lat' dir='ltr'><strong>non</strong></span> <span class='ocrx_word' id='word_1_516' title='bbox 1443 4306 1574 4360; x_wconf 80' lang='lat' dir='ltr'><strong>licet.</strong></span> 
     </span>
    </p>
   </div>
   <div class='ocr_carea' id='block_1_74' title="bbox 266 4372 1750 4444">
    <p class='ocr_par' dir='ltr' id='par_1_74' title="bbox 266 4372 1750 4444">
     <span class='ocr_line' id='line_1_74' title="bbox 266 4372 1750 4444; baseline 0.003 -14"><span class='ocrx_word' id='word_1_517' title='bbox 266 4372 385 4431; x_wconf 72' lang='lat' dir='ltr'><strong>IISic</strong></span> <span class='ocrx_word' id='word_1_518' title='bbox 413 4392 544 4431; x_wconf 89' lang='lat' dir='ltr'><strong>mss.</strong></span> <span class='ocrx_word' id='word_1_519' title='bbox 579 4372 1014 4442; x_wconf 48' lang='lat' dir='ltr'><strong>Thitzm.,&#39;Vintl.,</strong></span> <span class='ocrx_word' id='word_1_520' title='bbox 1040 4389 1266 4444; x_wconf 88' lang='lat' dir='ltr'><strong>uterque</strong></span> <span class='ocrx_word' id='word_1_521' title='bbox 1296 4377 1495 4431; x_wconf 87' lang='lat' dir='ltr'><strong>Veron.</strong></span> <span class='ocrx_word' id='word_1_522' title='bbox 1514 4387 1568 4431; x_wconf 88' lang='lat' dir='ltr'><strong>et</strong></span> <span class='ocrx_word' id='word_1_523' title='bbox 1593 4377 1750 4433; x_wconf 82' lang='lat' dir='ltr'><strong>Barb.</strong></span> 
     </span>
    </p>
   </div>
   <div class='ocr_carea' id='block_1_75' title="bbox 214 4446 1607 4515">
    <p class='ocr_par' dir='ltr' id='par_1_75' title="bbox 214 4446 1607 4515">
     <span class='ocr_line' id='line_1_75' title="bbox 214 4446 1607 4515; baseline 0.006 -22"><span class='ocrx_word' id='word_1_524' title='bbox 214 4457 307 4515; x_wconf 84' lang='lat' dir='ltr'><strong>cunt</strong></span> <span class='ocrx_word' id='word_1_525' title='bbox 331 4448 475 4515; x_wconf 77' lang='lat' dir='ltr'><strong>vulg.</strong></span> <span class='ocrx_word' id='word_1_526' title='bbox 504 4447 626 4501; x_wconf 91' lang='lat' dir='ltr'><strong>Isid.</strong></span> <span class='ocrx_word' id='word_1_527' title='bbox 659 4447 1000 4514; x_wconf 72' lang='lat' dir='ltr'><strong>Quesnellus,</strong></span> <span class='ocrx_word' id='word_1_528' title='bbox 1033 4457 1078 4501; x_wconf 81' lang='lat' dir='ltr'><strong>et</strong></span> <span class='ocrx_word' id='word_1_529' title='bbox 1111 4450 1296 4501; x_wconf 85' lang='lat' dir='ltr'><strong>raritas</strong></span> <span class='ocrx_word' id='word_1_530' title='bbox 1324 4446 1607 4501; x_wconf 87' lang='lat' dir='ltr'><strong>hominum.</strong></span> 
     </span>
    </p>
   </div>
   <div class='ocr_carea' id='block_1_76' title="bbox 271 4513 1754 4585">
    <p class='ocr_par' dir='ltr' id='par_1_76' title="bbox 271 4513 1754 4585">
     <span class='ocr_line' id='line_1_76' title="bbox 271 4513 1754 4585; baseline 0.002 -16"><span class='ocrx_word' id='word_1_531' title='bbox 271 4513 456 4584; x_wconf 52' lang='lat' dir='ltr'><strong>iVulgi.</strong></span> <span class='ocrx_word' id='word_1_532' title='bbox 489 4517 615 4571; x_wconf 91' lang='lat' dir='ltr'><strong>Isid.</strong></span> <span class='ocrx_word' id='word_1_533' title='bbox 649 4513 790 4572; x_wconf 89' lang='lat' dir='ltr'><strong>delet</strong></span> <span class='ocrx_word' id='word_1_534' title='bbox 829 4535 966 4583; x_wconf 85' lang='lat' dir='ltr'><strong>non;</strong></span> <span class='ocrx_word' id='word_1_535' title='bbox 1009 4528 1062 4570; x_wconf 76' lang='lat' dir='ltr'><strong>at</strong></span> <span class='ocrx_word' id='word_1_536' title='bbox 1100 4534 1286 4571; x_wconf 88' lang='lat' dir='ltr'><strong>omnes</strong></span> <span class='ocrx_word' id='word_1_537' title='bbox 1307 4518 1472 4570; x_wconf 88' lang='lat' dir='ltr'><strong>nostri</strong></span> <span class='ocrx_word' id='word_1_538' title='bbox 1503 4527 1556 4570; x_wconf 91' lang='lat' dir='ltr'><strong>et</strong></span> <span class='ocrx_word' id='word_1_539' title='bbox 1584 4519 1754 4585; x_wconf 86' lang='lat' dir='ltr'><strong>Ques-</strong></span> 
     </span>
    </p>
   </div>
   <div class='ocr_carea' id='block_1_77' title="bbox 215 4584 1754 4652">
    <p class='ocr_par' dir='ltr' id='par_1_77' title="bbox 215 4584 1754 4652">
     <span class='ocr_line' id='line_1_77' title="bbox 215 4584 1754 4652; baseline 0.007 -21"><span class='ocrx_word' id='word_1_540' title='bbox 215 4584 309 4636; x_wconf 81' lang='lat' dir='ltr'><strong>nelli</strong></span> <span class='ocrx_word' id='word_1_541' title='bbox 335 4587 545 4640; x_wconf 86' lang='lat' dir='ltr'><strong>codices</strong></span> <span class='ocrx_word' id='word_1_542' title='bbox 573 4589 823 4652; x_wconf 77' lang='lat' dir='ltr'><strong>retinent,</strong></span> <span class='ocrx_word' id='word_1_543' title='bbox 850 4605 946 4642; x_wconf 89' lang='lat' dir='ltr'><strong>nec</strong></span> <span class='ocrx_word' id='word_1_544' title='bbox 977 4604 1079 4642; x_wconf 89' lang='lat' dir='ltr'><strong>non</strong></span> <span class='ocrx_word' id='word_1_545' title='bbox 1103 4591 1261 4642; x_wconf 90' lang='lat' dir='ltr'><strong>etiam</strong></span> <span class='ocrx_word' id='word_1_546' title='bbox 1283 4587 1568 4648; x_wconf 86' lang='lat' dir='ltr'><strong>Merlinus;</strong></span> <span class='ocrx_word' id='word_1_547' title='bbox 1592 4584 1646 4642; x_wconf 87' lang='lat' dir='ltr'><strong>et</strong></span> <span class='ocrx_word' id='word_1_548' title='bbox 1669 4603 1754 4642; x_wconf 87' lang='lat' dir='ltr'><strong>re-</strong></span> 
     </span>
    </p>
   </div>
   <div class='ocr_carea' id='block_1_78' title="bbox 212 4657 1752 4727">
    <p class='ocr_par' dir='ltr' id='par_1_78' title="bbox 212 4657 1752 4727">
     <span class='ocr_line' id='line_1_78' title="bbox 212 4657 1752 4727; baseline 0.004 -22"><span class='ocrx_word' id='word_1_549' title='bbox 212 4662 279 4705; x_wconf 86' lang='lat' dir='ltr'><strong>cte</strong></span> <span class='ocrx_word' id='word_1_550' title='bbox 301 4660 542 4722; x_wconf 73' lang='lat' dir='ltr'><strong>quidem,</strong></span> <span class='ocrx_word' id='word_1_551' title='bbox 578 4672 699 4709; x_wconf 88' lang='lat' dir='ltr'><strong>nam</strong></span> <span class='ocrx_word' id='word_1_552' title='bbox 734 4657 1058 4727; x_wconf 77' lang='lat' dir='ltr'><strong>Ferrandus,</strong></span> <span class='ocrx_word' id='word_1_553' title='bbox 1095 4659 1182 4727; x_wconf 90' lang='lat' dir='ltr'><strong>qui</strong></span> <span class='ocrx_word' id='word_1_554' title='bbox 1214 4657 1313 4711; x_wconf 86' lang='lat' dir='ltr'><strong>hac</strong></span> <span class='ocrx_word' id='word_1_555' title='bbox 1351 4657 1596 4710; x_wconf 89' lang='lat' dir='ltr'><strong>versione</strong></span> <span class='ocrx_word' id='word_1_556' title='bbox 1627 4674 1752 4712; x_wconf 87' lang='lat' dir='ltr'><strong>usus</strong></span> 
     </span>
    </p>
   </div>
   <div class='ocr_carea' id='block_1_79' title="bbox 213 4726 1748 4796">
    <p class='ocr_par' dir='ltr' id='par_1_79' title="bbox 213 4726 1748 4796">
     <span class='ocr_line' id='line_1_79' title="bbox 213 4726 1748 4796; baseline 0.005 -23"><span class='ocrx_word' id='word_1_557' title='bbox 213 4731 292 4796; x_wconf 61' lang='lat' dir='ltr'><strong>est,</strong></span> <span class='ocrx_word' id='word_1_558' title='bbox 317 4741 364 4778; x_wconf 90' lang='lat' dir='ltr'><strong>n.</strong></span> <span class='ocrx_word' id='word_1_559' title='bbox 393 4728 492 4780; x_wconf 77' lang='grc'><strong>105</strong></span> <span class='ocrx_word' id='word_1_560' title='bbox 525 4727 677 4780; x_wconf 83' lang='lat' dir='ltr'><strong>habet</strong></span> <span class='ocrx_word' id='word_1_561' title='bbox 707 4745 719 4778; x_wconf 88' lang='lat'><strong>:</strong></span> <span class='ocrx_word' id='word_1_562' title='bbox 752 4726 818 4780; x_wconf 89' lang='lat' dir='ltr'><strong>Ut</strong></span> <span class='ocrx_word' id='word_1_563' title='bbox 849 4726 1124 4796; x_wconf 81' lang='lat' dir='ltr'><strong>presbyteri</strong></span> <span class='ocrx_word' id='word_1_564' title='bbox 1143 4727 1353 4780; x_wconf 82' lang='lat' dir='ltr'><strong>alterius</strong></span> <span class='ocrx_word' id='word_1_565' title='bbox 1379 4727 1622 4796; x_wconf 82' lang='lat' dir='ltr'><strong>regionis,</strong></span> <span class='ocrx_word' id='word_1_566' title='bbox 1645 4738 1748 4781; x_wconf 89' lang='lat' dir='ltr'><strong>etc.</strong></span> 
     </span>
    </p>
   </div>
   <div class='ocr_carea' id='block_1_80' title="bbox 215 4787 1745 4867">
    <p class='ocr_par' dir='ltr' id='par_1_80' title="bbox 215 4787 1745 4867">
     <span class='ocr_line' id='line_1_80' title="bbox 215 4787 1745 4867; baseline 0.005 -25"><span class='ocrx_word' id='word_1_567' title='bbox 215 4787 547 4867; x_wconf 37' lang='lat' dir='ltr'><strong>IIIICI‘I-lgllllllll&#39;</strong></span> <span class='ocrx_word' id='word_1_568' title='bbox 572 4787 868 4866; x_wconf 79' lang='lat' dir='ltr'><strong>presbyteri</strong></span> <span class='ocrx_word' id='word_1_569' title='bbox 900 4787 1135 4861; x_wconf 73' lang='lat' dir='ltr'><strong>rurales,</strong></span> <span class='ocrx_word' id='word_1_570' title='bbox 1167 4805 1224 4850; x_wconf 89' lang='lat' dir='ltr'><strong>ut</strong></span> <span class='ocrx_word' id='word_1_571' title='bbox 1251 4812 1324 4867; x_wconf 10' lang='lat' dir='ltr'><strong>ex?</strong></span> <span class='ocrx_word' id='word_1_572' title='bbox 1346 4787 1532 4851; x_wconf 58' lang='lat' dir='ltr'><strong>Gri;ch</strong></span> <span class='ocrx_word' id='word_1_573' title='bbox 1564 4787 1745 4865; x_wconf 83' lang='lat' dir='ltr'><strong>liquet.</strong></span> 
     </span>
    </p>
   </div>
   <div class='ocr_carea' id='block_1_81' title="bbox 273 4862 1750 4934">
    <p class='ocr_par' dir='ltr' id='par_1_81' title="bbox 273 4862 1750 4934">
     <span class='ocr_line' id='line_1_81' title="bbox 273 4862 1750 4934; baseline 0.005 -21"><span class='ocrx_word' id='word_1_574' title='bbox 273 4862 284 4908; x_wconf 65' lang='grc' dir='ltr'>ἱ</span> <span class='ocrx_word' id='word_1_575' title='bbox 311 4862 454 4934; x_wconf 77' lang='lat' dir='ltr'><strong>vnlg.</strong></span> <span class='ocrx_word' id='word_1_576' title='bbox 477 4862 605 4918; x_wconf 82' lang='lat' dir='ltr'><strong>Isid.</strong></span> <span class='ocrx_word' id='word_1_577' title='bbox 621 4862 764 4918; x_wconf 77' lang='lat' dir='ltr'><strong>addit</strong></span> <span class='ocrx_word' id='word_1_578' title='bbox 779 4866 1349 4934; x_wconf 81' lang='lat' dir='ltr'><strong>sanctiﬁcatum.&#39;Vind.</strong></span> <span class='ocrx_word' id='word_1_579' title='bbox 1369 4874 1544 4919; x_wconf 86' lang='lat' dir='ltr'><strong>autem</strong></span> <span class='ocrx_word' id='word_1_580' title='bbox 1561 4862 1750 4920; x_wconf 77' lang='lat' dir='ltr'><strong>secun-</strong></span> 
     </span>
    </p>
   </div>
   <div class='ocr_carea' id='block_1_82' title="bbox 214 4925 1752 5006">
    <p class='ocr_par' dir='ltr' id='par_1_82' title="bbox 214 4925 1752 5006">
     <span class='ocr_line' id='line_1_82' title="bbox 214 4925 1752 5006; baseline 0.004 -23"><span class='ocrx_word' id='word_1_581' title='bbox 214 4925 265 5006; x_wconf 68' lang='lat' dir='ltr'><strong>Ila</strong></span> <span class='ocrx_word' id='word_1_582' title='bbox 287 4925 451 4999; x_wconf 67' lang='lat' dir='ltr'><strong>manu,</strong></span> <span class='ocrx_word' id='word_1_583' title='bbox 478 4951 703 4992; x_wconf 86' lang='lat' dir='ltr'><strong>sacrum.</strong></span> <span class='ocrx_word' id='word_1_584' title='bbox 730 4936 862 4991; x_wconf 84' lang='lat' dir='ltr'><strong>Cod.</strong></span> <span class='ocrx_word' id='word_1_585' title='bbox 891 4925 1072 5001; x_wconf 76' lang='lat' dir='ltr'><strong>B.irb.,</strong></span> <span class='ocrx_word' id='word_1_586' title='bbox 1097 4953 1185 4990; x_wconf 87' lang='lat' dir='ltr'><strong>nec</strong></span> <span class='ocrx_word' id='word_1_587' title='bbox 1213 4935 1539 5006; x_wconf 12' lang='lat' dir='ltr'><strong>panemidare</strong></span> <span class='ocrx_word' id='word_1_588' title='bbox 1557 4937 1610 4988; x_wconf 86' lang='lat' dir='ltr'><strong>in</strong></span> <span class='ocrx_word' id='word_1_589' title='bbox 1633 4953 1752 4990; x_wconf 88' lang='lat' dir='ltr'><strong>ora-</strong></span> 
     </span>
    </p>
   </div>
   <div class='ocr_carea' id='block_1_83' title="bbox 215 5005 1749 5074">
    <p class='ocr_par' dir='ltr' id='par_1_83' title="bbox 215 5005 1749 5074">
     <span class='ocr_line' id='line_1_83' title="bbox 215 5005 1749 5074; baseline 0.01 -30"><span class='ocrx_word' id='word_1_590' title='bbox 215 5005 386 5064; x_wconf 81' lang='lat' dir='ltr'><strong>tionem,</strong></span> <span class='ocrx_word' id='word_1_591' title='bbox 417 5023 505 5059; x_wconf 84' lang='lat' dir='ltr'><strong>nec</strong></span> <span class='ocrx_word' id='word_1_592' title='bbox 533 5007 774 5060; x_wconf 83' lang='lat' dir='ltr'><strong>calicem:</strong></span> <span class='ocrx_word' id='word_1_593' title='bbox 799 5022 920 5074; x_wconf 65' lang='lat' dir='ltr'><strong>quae</strong></span> <span class='ocrx_word' id='word_1_594' title='bbox 947 5005 1218 5061; x_wconf 87' lang='lat' dir='ltr'><strong>sententia</strong></span> <span class='ocrx_word' id='word_1_595' title='bbox 1240 5021 1360 5060; x_wconf 90' lang='lat' dir='ltr'><strong>cum</strong></span> <span class='ocrx_word' id='word_1_596' title='bbox 1388 5005 1575 5058; x_wconf 67' lang='lat' dir='ltr'><strong>Graeco</strong></span> <span class='ocrx_word' id='word_1_597' title='bbox 1603 5007 1749 5059; x_wconf 85' lang='lat' dir='ltr'><strong>aliis-</strong></span> 
     </span>
    </p>
   </div>
   <div class='ocr_carea' id='block_1_84' title="bbox 215 5076 1750 5186">
    <p class='ocr_par' dir='ltr' id='par_1_84' title="bbox 215 5076 1750 5186">
     <span class='ocr_line' id='line_1_84' title="bbox 215 5076 1750 5186; baseline 0.004 -62"><span class='ocrx_word' id='word_1_598' title='bbox 215 5081 297 5186; x_wconf 58' lang='lat' dir='ltr'><strong>gu:</strong></span> <span class='ocrx_word' id='word_1_599' title='bbox 319 5076 644 5130; x_wconf 81' lang='lat' dir='ltr'><strong>versionibus</strong></span> <span class='ocrx_word' id='word_1_600' title='bbox 691 5077 945 5131; x_wconf 86' lang='lat' dir='ltr'><strong>concinit.</strong></span> <span class='ocrx_word' id='word_1_601' title='bbox 979 5076 1178 5131; x_wconf 86' lang='lat' dir='ltr'><strong>Veron.</strong></span> <span class='ocrx_word' id='word_1_602' title='bbox 1200 5076 1302 5144; x_wconf 85' lang='lat'><strong>55,</strong></span> <span class='ocrx_word' id='word_1_603' title='bbox 1333 5076 1544 5128; x_wconf 87' lang='lat' dir='ltr'><strong>calicem</strong></span> <span class='ocrx_word' id='word_1_604' title='bbox 1579 5087 1750 5130; x_wconf 88' lang='lat' dir='ltr'><strong>autem</strong></span> 
     </span>
     <span class='ocr_line' id='line_1_85' title="bbox 245 5153 392 5186; baseline 0 0"><span class='ocrx_word' id='word_1_605' title='bbox 245 5153 268 5186; x_wconf 80' lang='grc' dir='ltr'><em>α</em></span> <span class='ocrx_word' id='word_1_606' title='bbox 297 5156 392 5186; x_wconf 79' lang='lat' dir='ltr'><strong>unt-</strong></span> 
     </span>
    </p>
   </div>
   <div class='ocr_carea' id='block_1_85' title="bbox 245 5153 393 5196">
    <p class='ocr_par' dir='ltr' id='par_1_85' title="bbox 245 5153 393 5196">
     <span class='ocr_line' id='line_1_86' title="bbox 245 5153 393 5196; baseline 0.034 -5"><span class='ocrx_word' id='word_1_607' title='bbox 245 5153 393 5196; x_wconf 74' lang='lat' dir='ltr'><strong>unum.</strong></span> 
     </span>
    </p>
   </div>
   <div class='ocr_carea' id='block_1_86' title="bbox 271 5205 1749 5284">
    <p class='ocr_par' dir='ltr' id='par_1_86' title="bbox 271 5205 1749 5284">
     <span class='ocr_line' id='line_1_87' title="bbox 271 5205 1749 5284; baseline 0.005 -20"><span class='ocrx_word' id='word_1_608' title='bbox 271 5205 302 5284; x_wconf 50' lang='lat' dir='ltr'><strong>Il</strong></span> <span class='ocrx_word' id='word_1_609' title='bbox 321 5212 463 5284; x_wconf 80' lang='lat' dir='ltr'><strong>Vulg.</strong></span> <span class='ocrx_word' id='word_1_610' title='bbox 495 5214 646 5276; x_wconf 84' lang='lat' dir='ltr'><strong>Isid.,</strong></span> <span class='ocrx_word' id='word_1_611' title='bbox 675 5216 742 5268; x_wconf 87' lang='lat' dir='ltr'><strong>ad</strong></span> <span class='ocrx_word' id='word_1_612' title='bbox 761 5216 983 5268; x_wconf 75' lang='lat' dir='ltr'><strong>dandam</strong></span> <span class='ocrx_word' id='word_1_613' title='bbox 999 5217 1300 5270; x_wconf 83' lang='lat' dir='ltr'><strong>orationem.</strong></span> <span class='ocrx_word' id='word_1_614' title='bbox 1327 5214 1522 5270; x_wconf 84' lang='lat' dir='ltr'><strong>Veron.</strong></span> <span class='ocrx_word' id='word_1_615' title='bbox 1544 5215 1614 5270; x_wconf 83' lang='lat'><strong>55</strong></span> <span class='ocrx_word' id='word_1_616' title='bbox 1635 5215 1749 5271; x_wconf 72' lang='lat' dir='ltr'><strong>IIch</strong></span> 
     </span>
    </p>
   </div>
   <div class='ocr_carea' id='block_1_87' title="bbox 218 5279 1747 5353">
    <p class='ocr_par' dir='ltr' id='par_1_87' title="bbox 218 5279 1747 5353">
     <span class='ocr_line' id='line_1_88' title="bbox 218 5279 1747 5353; baseline -0.001 -13"><span class='ocrx_word' id='word_1_617' title='bbox 218 5279 345 5340; x_wconf 64' lang='lat' dir='ltr'><strong>&quot;lita</strong></span> <span class='ocrx_word' id='word_1_618' title='bbox 374 5279 605 5353; x_wconf 70' lang='lat' dir='ltr'><strong>ignorat;</strong></span> <span class='ocrx_word' id='word_1_619' title='bbox 639 5287 798 5339; x_wconf 89' lang='lat' dir='ltr'><strong>habet</strong></span> <span class='ocrx_word' id='word_1_620' title='bbox 822 5297 995 5340; x_wconf 90' lang='lat' dir='ltr'><strong>autem</strong></span> <span class='ocrx_word' id='word_1_621' title='bbox 1015 5305 1026 5338; x_wconf 92' lang='lat'>:</span> <span class='ocrx_word' id='word_1_622' title='bbox 1047 5296 1092 5339; x_wconf 84' lang='lat' dir='ltr'><strong>et</strong></span> <span class='ocrx_word' id='word_1_623' title='bbox 1122 5285 1317 5338; x_wconf 81' lang='lat' dir='ltr'><strong>inuitati</strong></span> <span class='ocrx_word' id='word_1_624' title='bbox 1345 5295 1464 5338; x_wconf 83' lang='lat' dir='ltr'><strong>sunt</strong></span> <span class='ocrx_word' id='word_1_625' title='bbox 1481 5301 1502 5349; x_wconf 89' lang='lat'><strong><em>;</em></strong></span> <span class='ocrx_word' id='word_1_626' title='bbox 1531 5295 1650 5338; x_wconf 85' lang='lat' dir='ltr'><strong>tunc</strong></span> <span class='ocrx_word' id='word_1_627' title='bbox 1679 5286 1747 5338; x_wconf 89' lang='lat' dir='ltr'><strong>li-</strong></span> 
     </span>
    </p>
   </div>
   <div class='ocr_carea' id='block_1_88' title="bbox 216 5354 1749 5429">
    <p class='ocr_par' dir='ltr' id='par_1_88' title="bbox 216 5354 1749 5429">
     <span class='ocr_line' id='line_1_89' title="bbox 216 5354 1749 5429; baseline 0.006 -30"><span class='ocrx_word' id='word_1_628' title='bbox 216 5358 306 5429; x_wconf 62' lang='lat' dir='ltr'><strong>seat</strong></span> <span class='ocrx_word' id='word_1_629' title='bbox 327 5354 420 5408; x_wconf 81' lang='lat' dir='ltr'><strong>illis</strong></span> <span class='ocrx_word' id='word_1_630' title='bbox 462 5357 830 5429; x_wconf 74' lang='lat' dir='ltr'><strong>pattcmdare.</strong></span> <span class='ocrx_word' id='word_1_631' title='bbox 875 5356 1068 5429; x_wconf 82' lang='lat' dir='ltr'><strong>Veron.</strong></span> <span class='ocrx_word' id='word_1_632' title='bbox 1114 5355 1488 5429; x_wconf 76' lang='lat' dir='ltr'><strong>58_et_Barb.,</strong></span> <span class='ocrx_word' id='word_1_633' title='bbox 1519 5365 1566 5408; x_wconf 89' lang='lat' dir='ltr'><strong>et</strong></span> <span class='ocrx_word' id='word_1_634' title='bbox 1593 5357 1749 5425; x_wconf 78' lang='lat' dir='ltr'><strong>fuerit</strong></span> 
     </span>
    </p>
   </div>
   <div class='ocr_carea' id='block_1_89' title="bbox 217 5426 1392 5492">
    <p class='ocr_par' dir='ltr' id='par_1_89' title="bbox 217 5426 1392 5492">
     <span class='ocr_line' id='line_1_90' title="bbox 217 5426 1392 5492; baseline 0.004 -20"><span class='ocrx_word' id='word_1_635' title='bbox 217 5426 418 5492; x_wconf 47' lang='lat' dir='ltr'><strong>Inritatus</strong></span> <span class='ocrx_word' id='word_1_636' title='bbox 446 5432 510 5477; x_wconf 82' lang='lat' dir='ltr'><strong>ad</strong></span> <span class='ocrx_word' id='word_1_637' title='bbox 540 5426 991 5488; x_wconf 84' lang='lat' dir='ltr'><strong>orationetn,solus</strong></span> <span class='ocrx_word' id='word_1_638' title='bbox 1043 5427 1222 5492; x_wconf 84' lang='lat' dir='ltr'><strong>poterit</strong></span> <span class='ocrx_word' id='word_1_639' title='bbox 1249 5426 1392 5478; x_wconf 87' lang='lat' dir='ltr'><strong>dare.</strong></span> 
     </span>
    </p>
   </div>
   <div class='ocr_carea' id='block_1_90' title="bbox 278 5485 1747 5557">
    <p class='ocr_par' dir='ltr' id='par_1_90' title="bbox 278 5485 1747 5557">
     <span class='ocr_line' id='line_1_91' title="bbox 278 5485 1747 5557; baseline 0.001 -11"><span class='ocrx_word' id='word_1_640' title='bbox 278 5485 290 5523; x_wconf 88' lang='grc'><strong>¹</strong></span> <span class='ocrx_word' id='word_1_641' title='bbox 324 5491 460 5556; x_wconf 66' lang='lat' dir='ltr'><strong>Vulg.</strong></span> <span class='ocrx_word' id='word_1_642' title='bbox 488 5496 612 5548; x_wconf 92' lang='lat' dir='ltr'><strong>Isid.</strong></span> <span class='ocrx_word' id='word_1_643' title='bbox 642 5507 691 5550; x_wconf 88' lang='lat' dir='ltr'><strong>et</strong></span> <span class='ocrx_word' id='word_1_644' title='bbox 725 5485 852 5549; x_wconf 83' lang='lat' dir='ltr'><strong>mss.</strong></span> <span class='ocrx_word' id='word_1_645' title='bbox 873 5496 1023 5550; x_wconf 84' lang='lat' dir='ltr'><strong>Barb.</strong></span> <span class='ocrx_word' id='word_1_646' title='bbox 1043 5485 1115 5548; x_wconf 73' lang='lat' dir='ltr'><strong>ac</strong></span> <span class='ocrx_word' id='word_1_647' title='bbox 1145 5496 1336 5548; x_wconf 85' lang='lat' dir='ltr'><strong>Veron.</strong></span> <span class='ocrx_word' id='word_1_648' title='bbox 1363 5494 1452 5557; x_wconf 80' lang='lat'><strong>55,</strong></span> <span class='ocrx_word' id='word_1_649' title='bbox 1476 5508 1597 5548; x_wconf 91' lang='lat' dir='ltr'><strong>cum</strong></span> <span class='ocrx_word' id='word_1_650' title='bbox 1621 5494 1747 5548; x_wconf 82' lang='lat' dir='ltr'><strong>Fer-</strong></span> 
     </span>
    </p>
   </div>
   <div class='ocr_carea' id='block_1_91' title="bbox 216 5560 1746 5625">
    <p class='ocr_par' dir='ltr' id='par_1_91' title="bbox 216 5560 1746 5625">
     <span class='ocr_line' id='line_1_92' title="bbox 216 5560 1746 5625; baseline 0.002 -11"><span class='ocrx_word' id='word_1_651' title='bbox 216 5560 373 5625; x_wconf 74' lang='grc' dir='ltr'><strong>ττιηιιο,</strong></span> <span class='ocrx_word' id='word_1_652' title='bbox 404 5583 461 5619; x_wconf 80' lang='lat' dir='ltr'><strong>t-x</strong></span> <span class='ocrx_word' id='word_1_653' title='bbox 492 5582 611 5619; x_wconf 84' lang='lat' dir='ltr'><strong>can.</strong></span> <span class='ocrx_word' id='word_1_654' title='bbox 649 5568 712 5620; x_wconf 73' lang='lat' dir='ltr'><strong>Ili</strong></span> <span class='ocrx_word' id='word_1_655' title='bbox 739 5574 794 5619; x_wconf 87' lang='lat' dir='ltr'><strong>et</strong></span> <span class='ocrx_word' id='word_1_656' title='bbox 829 5567 887 5619; x_wconf 72' lang='lat' dir='ltr'><strong>I4</strong></span> <span class='ocrx_word' id='word_1_657' title='bbox 921 5582 1078 5618; x_wconf 89' lang='lat' dir='ltr'><strong>unum</strong></span> <span class='ocrx_word' id='word_1_658' title='bbox 1112 5565 1330 5619; x_wconf 83' lang='lat' dir='ltr'><strong>faciunt.</strong></span> <span class='ocrx_word' id='word_1_659' title='bbox 1354 5567 1424 5618; x_wconf 85' lang='lat' dir='ltr'><strong>At</strong></span> <span class='ocrx_word' id='word_1_660' title='bbox 1455 5564 1652 5618; x_wconf 85' lang='lat' dir='ltr'><strong>Veron.</strong></span> <span class='ocrx_word' id='word_1_661' title='bbox 1678 5565 1746 5618; x_wconf 81' lang='grc'><strong>58</strong></span> 
     </span>
    </p>
   </div>
   <div class='ocr_carea' id='block_1_92' title="bbox 217 5633 1742 5704">
    <p class='ocr_par' dir='ltr' id='par_1_92' title="bbox 217 5633 1742 5704">
     <span class='ocr_line' id='line_1_93' title="bbox 217 5633 1742 5704; baseline 0.007 -28"><span class='ocrx_word' id='word_1_662' title='bbox 217 5636 316 5679; x_wconf 67' lang='grc' dir='ltr'><strong>ιῖιιιιι</strong></span> <span class='ocrx_word' id='word_1_663' title='bbox 336 5636 479 5704; x_wconf 62' lang='grc' dir='ltr'><strong>φάει.</strong></span> <span class='ocrx_word' id='word_1_664' title='bbox 507 5635 662 5700; x_wconf 87' lang='lat' dir='ltr'><strong>hujus</strong></span> <span class='ocrx_word' id='word_1_665' title='bbox 690 5636 1024 5689; x_wconf 73' lang='lat' dir='ltr'><strong>collectiouis</strong></span> <span class='ocrx_word' id='word_1_666' title='bbox 1059 5651 1151 5689; x_wconf 71' lang='lat' dir='ltr'><strong>tros</strong></span> <span class='ocrx_word' id='word_1_667' title='bbox 1173 5636 1466 5704; x_wconf 80' lang='lat' dir='ltr'><strong>distinguit.</strong></span> <span class='ocrx_word' id='word_1_668' title='bbox 1500 5633 1554 5687; x_wconf 90' lang='lat' dir='ltr'><strong>In</strong></span> <span class='ocrx_word' id='word_1_669' title='bbox 1588 5634 1742 5687; x_wconf 85' lang='lat' dir='ltr'><strong>Barb.</strong></span> 
     </span>
    </p>
   </div>
   <div class='ocr_carea' id='block_1_93' title="bbox 219 5699 1746 5774">
    <p class='ocr_par' dir='ltr' id='par_1_93' title="bbox 219 5699 1746 5774">
     <span class='ocr_line' id='line_1_94' title="bbox 219 5699 1746 5774; baseline 0.009 -32"><span class='ocrx_word' id='word_1_670' title='bbox 219 5709 281 5745; x_wconf 65' lang='grc' dir='ltr'><strong>διε</strong></span> <span class='ocrx_word' id='word_1_671' title='bbox 301 5699 531 5760; x_wconf 71' lang='lat' dir='ltr'><strong>elici-tur:</strong></span> <span class='ocrx_word' id='word_1_672' title='bbox 575 5699 812 5772; x_wconf 80' lang='lat' dir='ltr'><strong>Episcopi</strong></span> <span class='ocrx_word' id='word_1_673' title='bbox 851 5704 868 5772; x_wconf 71' lang='grc' dir='ltr'>Ι</span> <span class='ocrx_word' id='word_1_674' title='bbox 887 5707 998 5774; x_wconf 75' lang='lat' dir='ltr'><strong>lt-ge</strong></span> <span class='ocrx_word' id='word_1_675' title='bbox 1037 5699 1422 5771; x_wconf 69' lang='lat' dir='ltr'><strong>Chor-episcopi]</strong></span> <span class='ocrx_word' id='word_1_676' title='bbox 1458 5720 1651 5772; x_wconf 79' lang='lat' dir='ltr'><strong>quoque</strong></span> <span class='ocrx_word' id='word_1_677' title='bbox 1679 5704 1746 5757; x_wconf 86' lang='lat' dir='ltr'><strong>ad</strong></span> 
     </span>
    </p>
   </div>
   <div class='ocr_carea' id='block_1_94' title="bbox 1778 4419 1831 4479">
    <p class='ocr_par' dir='ltr' id='par_1_94' title="bbox 1778 4419 1831 4479">
     <span class='ocr_line' id='line_1_95' title="bbox 1778 4419 1831 4479; baseline 0 0"><span class='ocrx_word' id='word_1_678' title='bbox 1778 4419 1831 4479; x_wconf 90' lang='lat' dir='ltr'><strong>D</strong></span> 
     </span>
    </p>
   </div>
   <div class='ocr_carea' id='block_1_95' title="bbox 1858 3122 3428 3189">
    <p class='ocr_par' dir='ltr' id='par_1_95' title="bbox 1858 3122 3428 3189">
     <span class='ocr_line' id='line_1_96' title="bbox 1858 3122 3428 3189; baseline 0 -15"><span class='ocrx_word' id='word_1_679' title='bbox 1858 3133 1943 3176; x_wconf 87' lang='lat' dir='ltr'><strong>tur</strong></span> <span class='ocrx_word' id='word_1_680' title='bbox 1989 3125 2219 3188; x_wconf 72' lang='lat' dir='ltr'><strong>existere,</strong></span> <span class='ocrx_word' id='word_1_681' title='bbox 2261 3133 2314 3176; x_wconf 83' lang='lat' dir='ltr'><strong>ut</strong></span> <span class='ocrx_word' id='word_1_682' title='bbox 2355 3123 2684 3175; x_wconf 87' lang='lat' dir='ltr'><strong>co‘mmiuistri</strong></span> <span class='ocrx_word' id='word_1_683' title='bbox 2716 3132 2884 3175; x_wconf 84' lang='lat' dir='ltr'><strong>autem</strong></span> <span class='ocrx_word' id='word_1_684' title='bbox 2961 3131 3162 3189; x_wconf 84' lang='lat' dir='ltr'><strong>propter</strong></span> <span class='ocrx_word' id='word_1_685' title='bbox 3205 3122 3428 3174; x_wconf 85' lang='lat' dir='ltr'><strong>studium</strong></span> 
     </span>
    </p>
   </div>
   <div class='ocr_carea' id='block_1_96' title="bbox 1856 3192 3051 3262">
    <p class='ocr_par' dir='ltr' id='par_1_96' title="bbox 1856 3192 3051 3262">
     <span class='ocr_line' id='line_1_97' title="bbox 1856 3192 3051 3262; baseline -0.001 -17"><span class='ocrx_word' id='word_1_686' title='bbox 1856 3194 1992 3261; x_wconf 85' lang='lat' dir='ltr'><strong>quod</strong></span> <span class='ocrx_word' id='word_1_687' title='bbox 2014 3209 2136 3262; x_wconf 84' lang='lat' dir='ltr'><strong>erga</strong></span> <span class='ocrx_word' id='word_1_688' title='bbox 2161 3209 2406 3259; x_wconf 81' lang='lat' dir='ltr'><strong>pauperes</strong></span> <span class='ocrx_word' id='word_1_689' title='bbox 2435 3193 2688 3256; x_wconf 72' lang='lat' dir='ltr'><strong>exhibent,</strong></span> <span class='ocrx_word' id='word_1_690' title='bbox 2719 3192 3051 3262; x_wconf 77' lang='lat' dir='ltr'><strong>honorantur.</strong></span> 
     </span>
    </p>
   </div>
   <div class='ocr_carea' id='block_1_97' title="bbox 1929 3261 3425 3330">
    <p class='ocr_par' dir='ltr' id='par_1_97' title="bbox 1929 3261 3425 3330">
     <span class='ocr_line' id='line_1_98' title="bbox 1929 3261 3425 3330; baseline 0 -13"><span class='ocrx_word' id='word_1_691' title='bbox 1929 3272 1967 3298; x_wconf 79' lang='grc' dir='ltr'>ω</span> <span class='ocrx_word' id='word_1_692' title='bbox 1999 3261 2114 3317; x_wconf 81' lang='lat' dir='ltr'><strong>Duo</strong></span> <span class='ocrx_word' id='word_1_693' title='bbox 2146 3261 2343 3318; x_wconf 87' lang='lat' dir='ltr'><strong>Veron.</strong></span> <span class='ocrx_word' id='word_1_694' title='bbox 2374 3273 2429 3317; x_wconf 89' lang='lat' dir='ltr'><strong>et</strong></span> <span class='ocrx_word' id='word_1_695' title='bbox 2451 3263 2606 3316; x_wconf 73' lang='lat' dir='ltr'><strong>Btll‘b.</strong></span> <span class='ocrx_word' id='word_1_696' title='bbox 2632 3277 2751 3316; x_wconf 91' lang='lat' dir='ltr'><strong>cum</strong></span> <span class='ocrx_word' id='word_1_697' title='bbox 2775 3261 2916 3330; x_wconf 79' lang='lat' dir='ltr'><strong>vulg.</strong></span> <span class='ocrx_word' id='word_1_698' title='bbox 2949 3261 3192 3324; x_wconf 87' lang='lat' dir='ltr'><strong>Isid.,cui</strong></span> <span class='ocrx_word' id='word_1_699' title='bbox 3213 3261 3425 3330; x_wconf 67' lang='lat' dir='ltr'><strong>regula.</strong></span> 
     </span>
    </p>
   </div>
   <div class='ocr_carea' id='block_1_98' title="bbox 1927 3331 3145 3396">
    <p class='ocr_par' dir='ltr' id='par_1_98' title="bbox 1927 3331 3145 3396">
     <span class='ocr_line' id='line_1_99' title="bbox 1927 3331 3145 3396; baseline -0.002 -11"><span class='ocrx_word' id='word_1_700' title='bbox 1927 3341 1954 3367; x_wconf 77' lang='grc' dir='ltr'><strong>η</strong></span> <span class='ocrx_word' id='word_1_701' title='bbox 1987 3333 2110 3388; x_wconf 67' lang='lat' dir='ltr'><strong>Ilaec</strong></span> <span class='ocrx_word' id='word_1_702' title='bbox 2137 3334 2370 3387; x_wconf 84' lang='lat' dir='ltr'><strong>clausula</strong></span> <span class='ocrx_word' id='word_1_703' title='bbox 2399 3334 2452 3386; x_wconf 92' lang='lat' dir='ltr'><strong>in</strong></span> <span class='ocrx_word' id='word_1_704' title='bbox 2476 3348 2577 3385; x_wconf 90' lang='lat' dir='ltr'><strong>ms.</strong></span> <span class='ocrx_word' id='word_1_705' title='bbox 2609 3331 2767 3385; x_wconf 82' lang='lat' dir='ltr'><strong>Vind.</strong></span> <span class='ocrx_word' id='word_1_706' title='bbox 2791 3345 2895 3384; x_wconf 88' lang='lat' dir='ltr'><strong>non</strong></span> <span class='ocrx_word' id='word_1_707' title='bbox 2938 3332 3145 3396; x_wconf 72' lang='lat' dir='ltr'><strong>legitur.</strong></span> 
     </span>
    </p>
   </div>
   <div class='ocr_carea' id='block_1_99' title="bbox 1929 3401 3429 3469">
    <p class='ocr_par' dir='ltr' id='par_1_99' title="bbox 1929 3401 3429 3469">
     <span class='ocr_line' id='line_1_100' title="bbox 1929 3401 3429 3469; baseline -0.003 -14"><span class='ocrx_word' id='word_1_708' title='bbox 1929 3409 1954 3437; x_wconf 85' lang='grc' dir='ltr'><strong>ο</strong></span> <span class='ocrx_word' id='word_1_709' title='bbox 1986 3404 2181 3456; x_wconf 84' lang='lat' dir='ltr'><strong>Horum</strong></span> <span class='ocrx_word' id='word_1_710' title='bbox 2206 3417 2469 3457; x_wconf 84' lang='lat' dir='ltr'><strong>canonum</strong></span> <span class='ocrx_word' id='word_1_711' title='bbox 2493 3403 2691 3463; x_wconf 85' lang='lat' dir='ltr'><strong>versio,</strong></span> <span class='ocrx_word' id='word_1_712' title='bbox 2707 3416 2827 3468; x_wconf 67' lang='lat' dir='ltr'><strong>qua:</strong></span> <span class='ocrx_word' id='word_1_713' title='bbox 2844 3401 3003 3469; x_wconf 77' lang='lat' dir='ltr'><strong>vulgo</strong></span> <span class='ocrx_word' id='word_1_714' title='bbox 3028 3401 3311 3454; x_wconf 84' lang='lat' dir='ltr'><strong>Isidoriana</strong></span> <span class='ocrx_word' id='word_1_715' title='bbox 3335 3415 3429 3468; x_wconf 81' lang='lat' dir='ltr'><strong>ap-</strong></span> 
     </span>
    </p>
   </div>
   <div class='ocr_carea' id='block_1_100' title="bbox 1858 3470 3426 3540">
    <p class='ocr_par' dir='ltr' id='par_1_100' title="bbox 1858 3470 3426 3540">
     <span class='ocr_line' id='line_1_101' title="bbox 1858 3470 3426 3540; baseline -0.002 -13"><span class='ocrx_word' id='word_1_716' title='bbox 1858 3473 2106 3539; x_wconf 82' lang='lat' dir='ltr'><strong>pellatur,</strong></span> <span class='ocrx_word' id='word_1_717' title='bbox 2141 3491 2203 3524; x_wconf 83' lang='lat' dir='ltr'><strong>t-o</strong></span> <span class='ocrx_word' id='word_1_718' title='bbox 2230 3473 2371 3540; x_wconf 91' lang='lat' dir='ltr'><strong>quod</strong></span> <span class='ocrx_word' id='word_1_719' title='bbox 2393 3479 2461 3527; x_wconf 73' lang='lat' dir='ltr'><strong>ex</strong></span> <span class='ocrx_word' id='word_1_720' title='bbox 2487 3470 2799 3526; x_wconf 85' lang='lat' dir='ltr'><strong>c&#39;ollectione</strong></span> <span class='ocrx_word' id='word_1_721' title='bbox 2831 3471 3106 3534; x_wconf 75' lang='lat' dir='ltr'><strong>lliSpabit-a</strong></span> <span class='ocrx_word' id='word_1_722' title='bbox 3135 3470 3202 3523; x_wconf 87' lang='lat' dir='ltr'><strong>ab</strong></span> <span class='ocrx_word' id='word_1_723' title='bbox 3223 3471 3426 3524; x_wconf 86' lang='lat' dir='ltr'><strong>Isidoro</strong></span> 
     </span>
    </p>
   </div>
   <div class='ocr_carea' id='block_1_101' title="bbox 1859 3540 3427 3610">
    <p class='ocr_par' dir='ltr' id='par_1_101' title="bbox 1859 3540 3427 3610">
     <span class='ocr_line' id='line_1_102' title="bbox 1859 3540 3427 3610; baseline -0.002 -15"><span class='ocrx_word' id='word_1_724' title='bbox 1859 3551 2064 3610; x_wconf 85' lang='lat' dir='ltr'><strong>recepta</strong></span> <span class='ocrx_word' id='word_1_725' title='bbox 2087 3542 2200 3596; x_wconf 78' lang='lat' dir='ltr'><strong>fuit.</strong></span> <span class='ocrx_word' id='word_1_726' title='bbox 2219 3548 2412 3610; x_wconf 68' lang='lat' dir='ltr'><strong>printer</strong></span> <span class='ocrx_word' id='word_1_727' title='bbox 2433 3542 2644 3595; x_wconf 87' lang='lat' dir='ltr'><strong>codices</strong></span> <span class='ocrx_word' id='word_1_728' title='bbox 2665 3549 2859 3592; x_wconf 63' lang='lat' dir='ltr'><strong>nostrae</strong></span> <span class='ocrx_word' id='word_1_729' title='bbox 2879 3540 3230 3610; x_wconf 86' lang='lat' dir='ltr'><strong>collectiouis,</strong></span> <span class='ocrx_word' id='word_1_730' title='bbox 3255 3542 3427 3593; x_wconf 82' lang='lat' dir='ltr'><strong>conti-</strong></span> 
     </span>
    </p>
   </div>
   <div class='ocr_carea' id='block_1_102' title="bbox 1859 3609 3421 3676">
    <p class='ocr_par' dir='ltr' id='par_1_102' title="bbox 1859 3609 3421 3676">
     <span class='ocr_line' id='line_1_103' title="bbox 1859 3609 3421 3676; baseline -0.001 -12"><span class='ocrx_word' id='word_1_731' title='bbox 1859 3622 2015 3664; x_wconf 91' lang='lat' dir='ltr'><strong>netur</strong></span> <span class='ocrx_word' id='word_1_732' title='bbox 2035 3613 2191 3662; x_wconf 69' lang='lat' dir='ltr'><strong>etiam</strong></span> <span class='ocrx_word' id='word_1_733' title='bbox 2217 3609 2268 3663; x_wconf 89' lang='lat' dir='ltr'><strong>in</strong></span> <span class='ocrx_word' id='word_1_734' title='bbox 2296 3611 2704 3664; x_wconf 85' lang='lat' dir='ltr'><strong>collectionibus</strong></span> <span class='ocrx_word' id='word_1_735' title='bbox 2735 3609 2960 3662; x_wconf 73' lang='lat' dir='ltr'><strong>bucensi</strong></span> <span class='ocrx_word' id='word_1_736' title='bbox 2984 3609 3421 3676; x_wconf 87' lang='lat' dir='ltr'><strong>88,Corbeiensi,</strong></span> 
     </span>
    </p>
   </div>
   <div class='ocr_carea' id='block_1_103' title="bbox 1862 3677 3428 3742">
    <p class='ocr_par' dir='ltr' id='par_1_103' title="bbox 1862 3677 3428 3742">
     <span class='ocr_line' id='line_1_104' title="bbox 1862 3677 3428 3742; baseline 0.003 -14"><span class='ocrx_word' id='word_1_737' title='bbox 1862 3681 2060 3734; x_wconf 77' lang='lat' dir='ltr'><strong>Veron.</strong></span> <span class='ocrx_word' id='word_1_738' title='bbox 2093 3679 2162 3734; x_wconf 76' lang='lat'><strong>55</strong></span> <span class='ocrx_word' id='word_1_739' title='bbox 2189 3689 2243 3734; x_wconf 85' lang='lat' dir='ltr'><strong>et</strong></span> <span class='ocrx_word' id='word_1_740' title='bbox 2262 3680 2354 3742; x_wconf 82' lang='lat'><strong>58,</strong></span> <span class='ocrx_word' id='word_1_741' title='bbox 2397 3689 2452 3734; x_wconf 91' lang='lat' dir='ltr'><strong>et</strong></span> <span class='ocrx_word' id='word_1_742' title='bbox 2481 3681 2638 3734; x_wconf 83' lang='lat' dir='ltr'><strong>Ba&#39;rb.</strong></span> <span class='ocrx_word' id='word_1_743' title='bbox 2663 3680 2826 3732; x_wconf 69' lang='lat'><strong>2888.</strong></span> <span class='ocrx_word' id='word_1_744' title='bbox 2857 3677 2934 3731; x_wconf 81' lang='lat' dir='ltr'><strong>Ex</strong></span> <span class='ocrx_word' id='word_1_745' title='bbox 2959 3679 3056 3732; x_wconf 91' lang='lat' dir='ltr'><strong>hac</strong></span> <span class='ocrx_word' id='word_1_746' title='bbox 3085 3683 3269 3733; x_wconf 84' lang='lat' dir='ltr'><strong>eadem</strong></span> <span class='ocrx_word' id='word_1_747' title='bbox 3304 3695 3428 3733; x_wconf 84' lang='lat' dir='ltr'><strong>ver-</strong></span> 
     </span>
    </p>
   </div>
   <div class='ocr_carea' id='block_1_104' title="bbox 1857 3749 3425 3819">
    <p class='ocr_par' dir='ltr' id='par_1_104' title="bbox 1857 3749 3425 3819">
     <span class='ocr_line' id='line_1_105' title="bbox 1857 3749 3425 3819; baseline 0.001 -16"><span class='ocrx_word' id='word_1_748' title='bbox 1857 3751 2007 3803; x_wconf 87' lang='lat' dir='ltr'><strong>sione</strong></span> <span class='ocrx_word' id='word_1_749' title='bbox 2035 3752 2142 3802; x_wconf 88' lang='lat' dir='ltr'><strong>sola</strong></span> <span class='ocrx_word' id='word_1_750' title='bbox 2167 3751 2390 3819; x_wconf 80' lang='lat' dir='ltr'><strong>epismla</strong></span> <span class='ocrx_word' id='word_1_751' title='bbox 2413 3752 2664 3819; x_wconf 79' lang='lat' dir='ltr'><strong>synodica</strong></span> <span class='ocrx_word' id='word_1_752' title='bbox 2685 3749 2841 3816; x_wconf 86' lang='lat' dir='ltr'><strong>hujus</strong></span> <span class='ocrx_word' id='word_1_753' title='bbox 2865 3750 3316 3816; x_wconf 81' lang='lat' dir='ltr'><strong>interpretationis</strong></span> <span class='ocrx_word' id='word_1_754' title='bbox 3339 3752 3425 3804; x_wconf 88' lang='lat' dir='ltr'><strong>tle-</strong></span> 
     </span>
    </p>
   </div>
   <div class='ocr_carea' id='block_1_105' title="bbox 1856 3819 3426 3889">
    <p class='ocr_par' dir='ltr' id='par_1_105' title="bbox 1856 3819 3426 3889">
     <span class='ocr_line' id='line_1_106' title="bbox 1856 3819 3426 3889; baseline 0.001 -16"><span class='ocrx_word' id='word_1_755' title='bbox 1856 3821 2053 3887; x_wconf 86' lang='lat' dir='ltr'><strong>scripta</strong></span> <span class='ocrx_word' id='word_1_756' title='bbox 2083 3829 2164 3873; x_wconf 90' lang='lat' dir='ltr'><strong>est</strong></span> <span class='ocrx_word' id='word_1_757' title='bbox 2193 3823 2244 3874; x_wconf 89' lang='lat' dir='ltr'><strong>in</strong></span> <span class='ocrx_word' id='word_1_758' title='bbox 2277 3821 2393 3874; x_wconf 88' lang='lat' dir='ltr'><strong>Vat.</strong></span> <span class='ocrx_word' id='word_1_759' title='bbox 2430 3821 2598 3882; x_wconf 73' lang='grc'><strong>1542,</strong></span> <span class='ocrx_word' id='word_1_760' title='bbox 2626 3821 2714 3887; x_wconf 86' lang='lat' dir='ltr'><strong>qui</strong></span> <span class='ocrx_word' id='word_1_761' title='bbox 2741 3833 2975 3873; x_wconf 88' lang='lat' dir='ltr'><strong>canones</strong></span> <span class='ocrx_word' id='word_1_762' title='bbox 2997 3834 3060 3872; x_wconf 80' lang='lat' dir='ltr'><strong>ex</strong></span> <span class='ocrx_word' id='word_1_763' title='bbox 3106 3819 3426 3889; x_wconf 79' lang='lat' dir='ltr'><strong>Dionysiaua</strong></span> 
     </span>
    </p>
   </div>
   <div class='ocr_carea' id='block_1_106' title="bbox 1858 3889 3427 3960">
    <p class='ocr_par' dir='ltr' id='par_1_106' title="bbox 1858 3889 3427 3960">
     <span class='ocr_line' id='line_1_107' title="bbox 1858 3889 3427 3960; baseline 0.001 -18"><span class='ocrx_word' id='word_1_764' title='bbox 1858 3891 2079 3954; x_wconf 85' lang='lat' dir='ltr'><strong>recepit.</strong></span> <span class='ocrx_word' id='word_1_765' title='bbox 2117 3890 2398 3960; x_wconf 82' lang='lat' dir='ltr'><strong>Dionysius</strong></span> <span class='ocrx_word' id='word_1_766' title='bbox 2429 3891 2568 3944; x_wconf 90' lang='lat' dir='ltr'><strong>enim</strong></span> <span class='ocrx_word' id='word_1_767' title='bbox 2607 3889 2912 3960; x_wconf 86' lang='lat' dir='ltr'><strong>synodicam</strong></span> <span class='ocrx_word' id='word_1_768' title='bbox 2951 3890 3161 3952; x_wconf 91' lang='lat' dir='ltr'><strong>omisit,</strong></span> <span class='ocrx_word' id='word_1_769' title='bbox 3202 3891 3427 3958; x_wconf 87' lang='lat' dir='ltr'><strong>ideoque</strong></span> 
     </span>
    </p>
   </div>
   <div class='ocr_carea' id='block_1_107' title="bbox 1859 3960 3424 4031">
    <p class='ocr_par' dir='ltr' id='par_1_107' title="bbox 1859 3960 3424 4031">
     <span class='ocr_line' id='line_1_108' title="bbox 1859 3960 3424 4031; baseline 0.001 -20"><span class='ocrx_word' id='word_1_770' title='bbox 1859 3961 1908 4012; x_wconf 91' lang='lat' dir='ltr'><strong>in</strong></span> <span class='ocrx_word' id='word_1_771' title='bbox 1941 3960 2445 4031; x_wconf 83' lang='lat' dir='ltr'><strong>purisDiouysianis</strong></span> <span class='ocrx_word' id='word_1_772' title='bbox 2473 3976 2602 4014; x_wconf 87' lang='lat' dir='ltr'><strong>mss.</strong></span> <span class='ocrx_word' id='word_1_773' title='bbox 2635 3975 2698 4031; x_wconf 80' lang='lat' dir='ltr'><strong>ea</strong></span> <span class='ocrx_word' id='word_1_774' title='bbox 2725 3974 2830 4031; x_wconf 76' lang='lat' dir='ltr'><strong>non</strong></span> <span class='ocrx_word' id='word_1_775' title='bbox 2857 3960 3333 4024; x_wconf 79' lang='lat' dir='ltr'><strong>invenitur.Quaru</strong></span> <span class='ocrx_word' id='word_1_776' title='bbox 3363 3976 3424 4012; x_wconf 83' lang='lat' dir='ltr'><strong>ca</strong></span> 
     </span>
    </p>
   </div>
   <div class='ocr_carea' id='block_1_108' title="bbox 1857 4029 3422 4096">
    <p class='ocr_par' dir='ltr' id='par_1_108' title="bbox 1857 4029 3422 4096">
     <span class='ocr_line' id='line_1_109' title="bbox 1857 4029 3422 4096; baseline 0 -14"><span class='ocrx_word' id='word_1_777' title='bbox 1857 4031 1993 4083; x_wconf 90' lang='lat' dir='ltr'><strong>sicut</strong></span> <span class='ocrx_word' id='word_1_778' title='bbox 2024 4031 2074 4083; x_wconf 92' lang='lat' dir='ltr'><strong>in</strong></span> <span class='ocrx_word' id='word_1_779' title='bbox 2103 4029 2314 4084; x_wconf 77' lang='lat' dir='ltr'><strong>laudato</strong></span> <span class='ocrx_word' id='word_1_780' title='bbox 2342 4031 2460 4085; x_wconf 88' lang='lat' dir='ltr'><strong>cod.</strong></span> <span class='ocrx_word' id='word_1_781' title='bbox 2493 4031 2609 4083; x_wconf 86' lang='lat' dir='ltr'><strong>Vat.</strong></span> <span class='ocrx_word' id='word_1_782' title='bbox 2643 4029 2798 4091; x_wconf 69' lang='grc'>1342,</span> <span class='ocrx_word' id='word_1_783' title='bbox 2829 4031 2898 4082; x_wconf 66' lang='grc' dir='ltr'><strong>ἤτε</strong></span> <span class='ocrx_word' id='word_1_784' title='bbox 2921 4031 2972 4081; x_wconf 87' lang='lat' dir='ltr'><strong>itt</strong></span> <span class='ocrx_word' id='word_1_785' title='bbox 2997 4043 3123 4081; x_wconf 60' lang='lat' dir='ltr'><strong>mss.</strong></span> <span class='ocrx_word' id='word_1_786' title='bbox 3150 4031 3422 4096; x_wconf 82' lang='lat' dir='ltr'><strong>exempla-</strong></span> 
     </span>
    </p>
   </div>
   <div class='ocr_carea' id='block_1_109' title="bbox 1860 4100 3426 4168">
    <p class='ocr_par' dir='ltr' id='par_1_109' title="bbox 1860 4100 3426 4168">
     <span class='ocr_line' id='line_1_110' title="bbox 1860 4100 3426 4168; baseline -0.003 -16"><span class='ocrx_word' id='word_1_787' title='bbox 1860 4100 2005 4152; x_wconf 91' lang='lat' dir='ltr'><strong>ribus</strong></span> <span class='ocrx_word' id='word_1_788' title='bbox 2026 4100 2353 4154; x_wconf 87' lang='lat' dir='ltr'><strong>collectionis</strong></span> <span class='ocrx_word' id='word_1_789' title='bbox 2386 4101 2717 4162; x_wconf 83' lang='lat' dir='ltr'><strong>Hadrianear,</strong></span> <span class='ocrx_word' id='word_1_790' title='bbox 2753 4114 2872 4164; x_wconf 66' lang='lat' dir='ltr'><strong>quae</strong></span> <span class='ocrx_word' id='word_1_791' title='bbox 2895 4113 3123 4151; x_wconf 86' lang='lat' dir='ltr'><strong>canones</strong></span> <span class='ocrx_word' id='word_1_792' title='bbox 3145 4114 3209 4152; x_wconf 81' lang='lat' dir='ltr'><strong>ex</strong></span> <span class='ocrx_word' id='word_1_793' title='bbox 3237 4100 3426 4168; x_wconf 84' lang='lat' dir='ltr'><strong>Diony-</strong></span> 
     </span>
    </p>
   </div>
   <div class='ocr_carea' id='block_1_110' title="bbox 1857 4169 3424 4235">
    <p class='ocr_par' dir='ltr' id='par_1_110' title="bbox 1857 4169 3424 4235">
     <span class='ocr_line' id='line_1_111' title="bbox 1857 4169 3424 4235; baseline 0 -13"><span class='ocrx_word' id='word_1_794' title='bbox 1857 4169 1936 4223; x_wconf 92' lang='lat' dir='ltr'><strong>sio</strong></span> <span class='ocrx_word' id='word_1_795' title='bbox 1966 4170 2291 4235; x_wconf 81' lang='lat' dir='ltr'><strong>tlerivarunt,</strong></span> <span class='ocrx_word' id='word_1_796' title='bbox 2323 4186 2388 4224; x_wconf 81' lang='lat' dir='ltr'><strong>ex</strong></span> <span class='ocrx_word' id='word_1_797' title='bbox 2409 4171 2528 4223; x_wconf 85' lang='lat' dir='ltr'><strong>aliis</strong></span> <span class='ocrx_word' id='word_1_798' title='bbox 2555 4169 2828 4224; x_wconf 87' lang='lat' dir='ltr'><strong>codicibus</strong></span> <span class='ocrx_word' id='word_1_799' title='bbox 2851 4169 3194 4223; x_wconf 85' lang='lat' dir='ltr'><strong>Isidorianant</strong></span> <span class='ocrx_word' id='word_1_800' title='bbox 3222 4170 3424 4222; x_wconf 83' lang='lat' dir='ltr'><strong>versio-</strong></span> 
     </span>
    </p>
   </div>
   <div class='ocr_carea' id='block_1_111' title="bbox 1859 4239 2816 4306">
    <p class='ocr_par' dir='ltr' id='par_1_111' title="bbox 1859 4239 2816 4306">
     <span class='ocr_line' id='line_1_112' title="bbox 1859 4239 2816 4306; baseline -0.001 -14"><span class='ocrx_word' id='word_1_801' title='bbox 1859 4255 1977 4292; x_wconf 91' lang='lat' dir='ltr'><strong>nem</strong></span> <span class='ocrx_word' id='word_1_802' title='bbox 2010 4239 2411 4299; x_wconf 72' lang='lat' dir='ltr'><strong>prmfercntibus</strong></span> <span class='ocrx_word' id='word_1_803' title='bbox 2431 4239 2672 4306; x_wconf 71' lang='lat' dir='ltr'><strong>suppleta</strong></span> <span class='ocrx_word' id='word_1_804' title='bbox 2701 4239 2816 4292; x_wconf 86' lang='lat' dir='ltr'><strong>fuit.</strong></span> 
     </span>
    </p>
   </div>
   <div class='ocr_carea' id='block_1_112' title="bbox 1931 4307 3423 4375">
    <p class='ocr_par' dir='ltr' id='par_1_112' title="bbox 1931 4307 3423 4375">
     <span class='ocr_line' id='line_1_113' title="bbox 1931 4307 3423 4375; baseline 0.003 -18"><span class='ocrx_word' id='word_1_805' title='bbox 1931 4318 1958 4357; x_wconf 75' lang='grc' dir='ltr'><strong>Ρ</strong></span> <span class='ocrx_word' id='word_1_806' title='bbox 1990 4308 2112 4364; x_wconf 65' lang='lat' dir='ltr'><strong>Haec</strong></span> <span class='ocrx_word' id='word_1_807' title='bbox 2139 4313 2414 4363; x_wconf 88' lang='lat' dir='ltr'><strong>annotatio</strong></span> <span class='ocrx_word' id='word_1_808' title='bbox 2457 4311 2573 4362; x_wconf 79' lang='lat' dir='ltr'><strong>licet</strong></span> <span class='ocrx_word' id='word_1_809' title='bbox 2619 4310 2668 4362; x_wconf 86' lang='lat' dir='ltr'><strong>iit</strong></span> <span class='ocrx_word' id='word_1_810' title='bbox 2708 4308 2862 4362; x_wconf 89' lang='lat' dir='ltr'><strong>codd.</strong></span> <span class='ocrx_word' id='word_1_811' title='bbox 2897 4307 3054 4375; x_wconf 89' lang='lat' dir='ltr'><strong>hujus</strong></span> <span class='ocrx_word' id='word_1_812' title='bbox 3095 4307 3423 4367; x_wconf 83' lang='lat' dir='ltr'><strong>collectionis</strong></span> 
     </span>
    </p>
   </div>
   <div class='ocr_carea' id='block_1_113' title="bbox 1858 4378 3421 4445">
    <p class='ocr_par' dir='ltr' id='par_1_113' title="bbox 1858 4378 3421 4445">
     <span class='ocr_line' id='line_1_114' title="bbox 1858 4378 3421 4445; baseline 0.001 -14"><span class='ocrx_word' id='word_1_813' title='bbox 1858 4393 1991 4445; x_wconf 82' lang='lat' dir='ltr'><strong>quos</strong></span> <span class='ocrx_word' id='word_1_814' title='bbox 2014 4380 2328 4442; x_wconf 84' lang='lat' dir='ltr'><strong>Quesnellns</strong></span> <span class='ocrx_word' id='word_1_815' title='bbox 2356 4379 2619 4442; x_wconf 86' lang='lat' dir='ltr'><strong>adhibuit,</strong></span> <span class='ocrx_word' id='word_1_816' title='bbox 2645 4387 2699 4432; x_wconf 92' lang='lat' dir='ltr'><strong>et</strong></span> <span class='ocrx_word' id='word_1_817' title='bbox 2724 4380 2778 4431; x_wconf 91' lang='lat' dir='ltr'><strong>in</strong></span> <span class='ocrx_word' id='word_1_818' title='bbox 2812 4389 2996 4431; x_wconf 90' lang='lat' dir='ltr'><strong>nostro</strong></span> <span class='ocrx_word' id='word_1_819' title='bbox 3027 4378 3421 4432; x_wconf 88' lang='lat' dir='ltr'><strong>Vindeboueusi</strong></span> 
     </span>
    </p>
   </div>
   <div class='ocr_carea' id='block_1_114' title="bbox 1856 4447 3421 4516">
    <p class='ocr_par' dir='ltr' id='par_1_114' title="bbox 1856 4447 3421 4516">
     <span class='ocr_line' id='line_1_115' title="bbox 1856 4447 3421 4516; baseline -0.001 -14"><span class='ocrx_word' id='word_1_820' title='bbox 1856 4448 2220 4510; x_wconf 84' lang='lat' dir='ltr'><strong>desideretur,</strong></span> <span class='ocrx_word' id='word_1_821' title='bbox 2254 4463 2372 4503; x_wconf 88' lang='lat' dir='ltr'><strong>Cum</strong></span> <span class='ocrx_word' id='word_1_822' title='bbox 2417 4460 2596 4502; x_wconf 81' lang='lat' dir='ltr'><strong>tamen</strong></span> <span class='ocrx_word' id='word_1_823' title='bbox 2635 4449 2840 4516; x_wconf 77' lang='lat' dir='ltr'><strong>legatur</strong></span> <span class='ocrx_word' id='word_1_824' title='bbox 2882 4449 2936 4500; x_wconf 90' lang='lat' dir='ltr'><strong>in</strong></span> <span class='ocrx_word' id='word_1_825' title='bbox 2986 4462 3085 4500; x_wconf 88' lang='lat' dir='ltr'><strong>ms.</strong></span> <span class='ocrx_word' id='word_1_826' title='bbox 3132 4447 3421 4501; x_wconf 87' lang='lat' dir='ltr'><strong>Hubertino</strong></span> 
     </span>
    </p>
   </div>
   <div class='ocr_carea' id='block_1_115' title="bbox 1857 4517 3419 4586">
    <p class='ocr_par' dir='ltr' id='par_1_115' title="bbox 1857 4517 3419 4586">
     <span class='ocr_line' id='line_1_116' title="bbox 1857 4517 3419 4586; baseline -0.001 -14"><span class='ocrx_word' id='word_1_827' title='bbox 1857 4518 2095 4584; x_wconf 87' lang='lat' dir='ltr'><strong>ejusdem</strong></span> <span class='ocrx_word' id='word_1_828' title='bbox 2115 4518 2444 4572; x_wconf 84' lang='lat' dir='ltr'><strong>collectionis</strong></span> <span class='ocrx_word' id='word_1_829' title='bbox 2471 4533 2628 4586; x_wconf 89' lang='lat' dir='ltr'><strong>quem</strong></span> <span class='ocrx_word' id='word_1_830' title='bbox 2655 4517 2996 4571; x_wconf 82' lang='lat' dir='ltr'><strong>Constantius</strong></span> <span class='ocrx_word' id='word_1_831' title='bbox 3016 4517 3192 4570; x_wconf 82' lang='lat' dir='ltr'><strong>laudat</strong></span> <span class='ocrx_word' id='word_1_832' title='bbox 3223 4521 3272 4570; x_wconf 91' lang='lat' dir='ltr'><strong>in</strong></span> <span class='ocrx_word' id='word_1_833' title='bbox 3294 4532 3419 4585; x_wconf 69' lang='lat' dir='ltr'><strong>prae-</strong></span> 
     </span>
    </p>
   </div>
   <div class='ocr_carea' id='block_1_116' title="bbox 1857 4586 3425 4656">
    <p class='ocr_par' dir='ltr' id='par_1_116' title="bbox 1857 4586 3425 4656">
     <span class='ocr_line' id='line_1_117' title="bbox 1857 4586 3425 4656; baseline 0.001 -16"><span class='ocrx_word' id='word_1_834' title='bbox 1857 4588 1951 4640; x_wconf 85' lang='lat' dir='ltr'><strong>fat.</strong></span> <span class='ocrx_word' id='word_1_835' title='bbox 1983 4587 2058 4642; x_wconf 90' lang='lat' dir='ltr'><strong>t.I</strong></span> <span class='ocrx_word' id='word_1_836' title='bbox 2091 4588 2260 4653; x_wconf 85' lang='lat' dir='ltr'><strong>Epist.</strong></span> <span class='ocrx_word' id='word_1_837' title='bbox 2303 4588 2366 4642; x_wconf 83' lang='lat' dir='ltr'><strong>R.</strong></span> <span class='ocrx_word' id='word_1_838' title='bbox 2397 4588 2482 4652; x_wconf 90' lang='lat' dir='ltr'><strong>P.,</strong></span> <span class='ocrx_word' id='word_1_839' title='bbox 2517 4603 2634 4656; x_wconf 77' lang='lat' dir='ltr'><strong>pag.</strong></span> <span class='ocrx_word' id='word_1_840' title='bbox 2660 4589 2746 4648; x_wconf 72' lang='lat' dir='ltr'><strong>tt6,</strong></span> <span class='ocrx_word' id='word_1_841' title='bbox 2781 4588 2979 4641; x_wconf 86' lang='lat' dir='ltr'><strong>idcirco</strong></span> <span class='ocrx_word' id='word_1_842' title='bbox 3008 4601 3125 4640; x_wconf 86' lang='lat' dir='ltr'><strong>eam</strong></span> <span class='ocrx_word' id='word_1_843' title='bbox 3167 4586 3425 4652; x_wconf 59' lang='lat' dir='ltr'><strong>adjicicua</strong></span> 
     </span>
    </p>
   </div>
   <div class='ocr_carea' id='block_1_117' title="bbox 1855 4657 3418 4725">
    <p class='ocr_par' dir='ltr' id='par_1_117' title="bbox 1855 4657 3418 4725">
     <span class='ocr_line' id='line_1_118' title="bbox 1855 4657 3418 4725; baseline 0.002 -15"><span class='ocrx_word' id='word_1_844' title='bbox 1855 4658 1976 4711; x_wconf 91' lang='lat' dir='ltr'><strong>dam</strong></span> <span class='ocrx_word' id='word_1_845' title='bbox 2010 4674 2056 4712; x_wconf 87' lang='lat' dir='ltr'><strong>ct</strong></span> <span class='ocrx_word' id='word_1_846' title='bbox 2071 4658 2354 4722; x_wconf 87' lang='lat' dir='ltr'><strong>edidimus,</strong></span> <span class='ocrx_word' id='word_1_847' title='bbox 2399 4659 2471 4710; x_wconf 92' lang='lat' dir='ltr'><strong>uti</strong></span> <span class='ocrx_word' id='word_1_848' title='bbox 2505 4659 2820 4725; x_wconf 82' lang='lat' dir='ltr'><strong>Quesnellus</strong></span> <span class='ocrx_word' id='word_1_849' title='bbox 2859 4673 2924 4711; x_wconf 86' lang='lat' dir='ltr'><strong>ex</strong></span> <span class='ocrx_word' id='word_1_850' title='bbox 2958 4672 3066 4709; x_wconf 91' lang='lat' dir='ltr'><strong>uno</strong></span> <span class='ocrx_word' id='word_1_851' title='bbox 3106 4671 3208 4710; x_wconf 90' lang='lat' dir='ltr'><strong>ms.</strong></span> <span class='ocrx_word' id='word_1_852' title='bbox 3243 4657 3418 4713; x_wconf 75' lang='lat' dir='ltr'><strong>Oxon.</strong></span> 
     </span>
    </p>
   </div>
   <div class='ocr_carea' id='block_1_118' title="bbox 1856 4727 3423 4795">
    <p class='ocr_par' dir='ltr' id='par_1_118' title="bbox 1856 4727 3423 4795">
     <span class='ocr_line' id='line_1_119' title="bbox 1856 4727 3423 4795; baseline 0.002 -16"><span class='ocrx_word' id='word_1_853' title='bbox 1856 4727 1989 4781; x_wconf 87' lang='lat' dir='ltr'><strong>alias</strong></span> <span class='ocrx_word' id='word_1_854' title='bbox 2010 4729 2599 4782; x_wconf 79' lang='lat' dir='ltr'><strong>similcsannOtationes</strong></span> <span class='ocrx_word' id='word_1_855' title='bbox 2623 4728 2875 4795; x_wconf 89' lang='lat' dir='ltr'><strong>temporis</strong></span> <span class='ocrx_word' id='word_1_856' title='bbox 2898 4727 3192 4795; x_wconf 82' lang='lat' dir='ltr'><strong>Ancyranis</strong></span> <span class='ocrx_word' id='word_1_857' title='bbox 3212 4739 3266 4783; x_wconf 90' lang='lat' dir='ltr'><strong>et</strong></span> <span class='ocrx_word' id='word_1_858' title='bbox 3284 4727 3423 4782; x_wconf 85' lang='lat' dir='ltr'><strong>Neo-</strong></span> 
     </span>
    </p>
   </div>
   <div class='ocr_carea' id='block_1_119' title="bbox 1855 4797 3421 4859">
    <p class='ocr_par' dir='ltr' id='par_1_119' title="bbox 1855 4797 3421 4859">
     <span class='ocr_line' id='line_1_120' title="bbox 1855 4797 3421 4859; baseline 0.001 -10"><span class='ocrx_word' id='word_1_859' title='bbox 1855 4798 2260 4852; x_wconf 66' lang='lat' dir='ltr'><strong>caesariensibus</strong></span> <span class='ocrx_word' id='word_1_860' title='bbox 2283 4799 2575 4852; x_wconf 87' lang='lat' dir='ltr'><strong>canonihus</strong></span> <span class='ocrx_word' id='word_1_861' title='bbox 2621 4797 2864 4859; x_wconf 82' lang='lat' dir='ltr'><strong>praeﬁxit.</strong></span> <span class='ocrx_word' id='word_1_862' title='bbox 2909 4798 3054 4850; x_wconf 91' lang='lat' dir='ltr'><strong>llanc</strong></span> <span class='ocrx_word' id='word_1_863' title='bbox 3093 4800 3234 4852; x_wconf 91' lang='lat' dir='ltr'><strong>enim</strong></span> <span class='ocrx_word' id='word_1_864' title='bbox 3266 4809 3421 4851; x_wconf 85' lang='lat' dir='ltr'><strong>nota-</strong></span> 
     </span>
    </p>
   </div>
   <div class='ocr_carea' id='block_1_120' title="bbox 1855 4866 3424 4938">
    <p class='ocr_par' dir='ltr' id='par_1_120' title="bbox 1855 4866 3424 4938">
     <span class='ocr_line' id='line_1_121' title="bbox 1855 4866 3424 4938; baseline 0.002 -17"><span class='ocrx_word' id='word_1_865' title='bbox 1855 4871 2076 4938; x_wconf 88' lang='lat' dir='ltr'><strong>tionem,</strong></span> <span class='ocrx_word' id='word_1_866' title='bbox 2101 4885 2218 4938; x_wconf 65' lang='lat' dir='ltr'><strong>qnae</strong></span> <span class='ocrx_word' id='word_1_867' title='bbox 2250 4872 2301 4922; x_wconf 90' lang='lat' dir='ltr'><strong>in</strong></span> <span class='ocrx_word' id='word_1_868' title='bbox 2326 4870 2566 4932; x_wconf 60' lang='lat' dir='ltr'><strong>originali</strong></span> <span class='ocrx_word' id='word_1_869' title='bbox 2596 4866 2782 4922; x_wconf 73' lang='lat' dir='ltr'><strong>Graeco</strong></span> <span class='ocrx_word' id='word_1_870' title='bbox 2807 4869 2927 4922; x_wconf 90' lang='lat' dir='ltr'><strong>etin</strong></span> <span class='ocrx_word' id='word_1_871' title='bbox 2951 4868 3071 4921; x_wconf 86' lang='lat' dir='ltr'><strong>aliis</strong></span> <span class='ocrx_word' id='word_1_872' title='bbox 3089 4869 3424 4924; x_wconf 78' lang='lat' dir='ltr'><strong>versionibus</strong></span> 
     </span>
    </p>
   </div>
   <div class='ocr_carea' id='block_1_121' title="bbox 1853 4937 3422 5006">
    <p class='ocr_par' dir='ltr' id='par_1_121' title="bbox 1853 4937 3422 5006">
     <span class='ocr_line' id='line_1_122' title="bbox 1853 4937 3422 5006; baseline 0.001 -16"><span class='ocrx_word' id='word_1_873' title='bbox 1853 4937 2148 5002; x_wconf 88' lang='lat' dir='ltr'><strong>invenitur,</strong></span> <span class='ocrx_word' id='word_1_874' title='bbox 2179 4941 2477 4994; x_wconf 84' lang='lat' dir='ltr'><strong>certissime</strong></span> <span class='ocrx_word' id='word_1_875' title='bbox 2503 4938 2734 4992; x_wconf 67' lang='lat' dir='ltr'><strong>reddidit</strong></span> <span class='ocrx_word' id='word_1_876' title='bbox 2761 4939 2915 5000; x_wconf 88' lang='lat' dir='ltr'><strong>hujus</strong></span> <span class='ocrx_word' id='word_1_877' title='bbox 2937 4941 3194 4992; x_wconf 67' lang='lat' dir='ltr'><strong>versionis</strong></span> <span class='ocrx_word' id='word_1_878' title='bbox 3213 4947 3422 5006; x_wconf 86' lang='lat' dir='ltr'><strong>auctor,</strong></span> 
     </span>
    </p>
   </div>
   <div class='ocr_carea' id='block_1_122' title="bbox 1853 5008 3420 5068">
    <p class='ocr_par' dir='ltr' id='par_1_122' title="bbox 1853 5008 3420 5068">
     <span class='ocr_line' id='line_1_123' title="bbox 1853 5008 3420 5068; baseline -0.001 -8"><span class='ocrx_word' id='word_1_879' title='bbox 1853 5017 1913 5060; x_wconf 89' lang='lat' dir='ltr'><strong>ut</strong></span> <span class='ocrx_word' id='word_1_880' title='bbox 1940 5024 2004 5062; x_wconf 81' lang='lat' dir='ltr'><strong>ex</strong></span> <span class='ocrx_word' id='word_1_881' title='bbox 2037 5008 2157 5062; x_wconf 86' lang='lat' dir='ltr'><strong>aliis</strong></span> <span class='ocrx_word' id='word_1_882' title='bbox 2186 5009 2588 5064; x_wconf 83' lang='lat' dir='ltr'><strong>coIIeCIiouibus</strong></span> <span class='ocrx_word' id='word_1_883' title='bbox 2613 5008 2857 5068; x_wconf 87' lang='lat' dir='ltr'><strong>Lucensi.</strong></span> <span class='ocrx_word' id='word_1_884' title='bbox 2887 5008 3176 5062; x_wconf 78' lang='lat' dir='ltr'><strong>Barberina</strong></span> <span class='ocrx_word' id='word_1_885' title='bbox 3205 5017 3258 5062; x_wconf 92' lang='lat' dir='ltr'><strong>et</strong></span> <span class='ocrx_word' id='word_1_886' title='bbox 3291 5009 3420 5059; x_wconf 77' lang='lat' dir='ltr'><strong>dua-</strong></span> 
     </span>
    </p>
   </div>
   <div class='ocr_carea' id='block_1_123' title="bbox 1852 5076 3420 5145">
    <p class='ocr_par' dir='ltr' id='par_1_123' title="bbox 1852 5076 3420 5145">
     <span class='ocr_line' id='line_1_124' title="bbox 1852 5076 3420 5145; baseline -0.001 -15"><span class='ocrx_word' id='word_1_887' title='bbox 1852 5077 1953 5130; x_wconf 88' lang='lat' dir='ltr'><strong>bus</strong></span> <span class='ocrx_word' id='word_1_888' title='bbox 1981 5077 2380 5133; x_wconf 87' lang='lat' dir='ltr'><strong>Veronensibus</strong></span> <span class='ocrx_word' id='word_1_889' title='bbox 2416 5079 2656 5133; x_wconf 85' lang='lat' dir='ltr'><strong>eamdem</strong></span> <span class='ocrx_word' id='word_1_890' title='bbox 2700 5080 3189 5145; x_wconf 87' lang='lat' dir='ltr'><strong>interpretationem</strong></span> <span class='ocrx_word' id='word_1_891' title='bbox 3233 5076 3420 5145; x_wconf 74' lang='lat' dir='ltr'><strong>praele-</strong></span> 
     </span>
    </p>
   </div>
   <div class='ocr_carea' id='block_1_124' title="bbox 1853 5144 3418 5216">
    <p class='ocr_par' dir='ltr' id='par_1_124' title="bbox 1853 5144 3418 5216">
     <span class='ocr_line' id='line_1_125' title="bbox 1853 5144 3418 5216; baseline -0.003 -16"><span class='ocrx_word' id='word_1_892' title='bbox 1853 5147 2092 5200; x_wconf 89' lang='lat' dir='ltr'><strong>rentibus</strong></span> <span class='ocrx_word' id='word_1_893' title='bbox 2115 5147 2300 5216; x_wconf 87' lang='lat' dir='ltr'><strong>liquet.</strong></span> <span class='ocrx_word' id='word_1_894' title='bbox 2334 5150 2391 5202; x_wconf 89' lang='lat' dir='ltr'><strong>In</strong></span> <span class='ocrx_word' id='word_1_895' title='bbox 2429 5163 2557 5200; x_wconf 88' lang='lat' dir='ltr'><strong>mss.</strong></span> <span class='ocrx_word' id='word_1_896' title='bbox 2605 5155 2781 5201; x_wconf 85' lang='lat' dir='ltr'><strong>autem</strong></span> <span class='ocrx_word' id='word_1_897' title='bbox 2829 5144 3020 5200; x_wconf 85' lang='lat' dir='ltr'><strong>Veron.</strong></span> <span class='ocrx_word' id='word_1_898' title='bbox 3057 5147 3124 5199; x_wconf 81' lang='lat'><strong>55</strong></span> <span class='ocrx_word' id='word_1_899' title='bbox 3152 5155 3203 5216; x_wconf 90' lang='lat' dir='ltr'><strong>et</strong></span> <span class='ocrx_word' id='word_1_900' title='bbox 3236 5146 3304 5216; x_wconf 74' lang='lat'><strong>58</strong></span> <span class='ocrx_word' id='word_1_901' title='bbox 3333 5144 3418 5197; x_wconf 82' lang='lat' dir='ltr'><strong>his</strong></span> 
     </span>
    </p>
   </div>
   <div class='ocr_carea' id='block_1_125' title="bbox 1854 5215 3414 5284">
    <p class='ocr_par' dir='ltr' id='par_1_125' title="bbox 1854 5215 3414 5284">
     <span class='ocr_line' id='line_1_126' title="bbox 1854 5215 3414 5284; baseline -0.001 -17"><span class='ocrx_word' id='word_1_902' title='bbox 1854 5217 2032 5270; x_wconf 79' lang='lat' dir='ltr'><strong>verbis</strong></span> <span class='ocrx_word' id='word_1_903' title='bbox 2056 5215 2396 5282; x_wconf 83' lang='lat' dir='ltr'><strong>exprimitur:</strong></span> <span class='ocrx_word' id='word_1_904' title='bbox 2424 5217 2490 5270; x_wconf 85' lang='lat' dir='ltr'><strong>Et</strong></span> <span class='ocrx_word' id='word_1_905' title='bbox 2513 5218 2564 5269; x_wconf 89' lang='lat' dir='ltr'><strong>hi</strong></span> <span class='ocrx_word' id='word_1_906' title='bbox 2587 5233 2804 5268; x_wconf 85' lang='lat' dir='ltr'><strong>canones</strong></span> <span class='ocrx_word' id='word_1_907' title='bbox 2817 5218 2904 5284; x_wconf 87' lang='lat' dir='ltr'><strong>qui</strong></span> <span class='ocrx_word' id='word_1_908' title='bbox 2929 5218 3064 5283; x_wconf 80' lang='lat' dir='ltr'><strong>infra</strong></span> <span class='ocrx_word' id='word_1_909' title='bbox 3081 5215 3256 5284; x_wconf 84' lang='lat' dir='ltr'><strong>scripti</strong></span> <span class='ocrx_word' id='word_1_910' title='bbox 3275 5223 3414 5282; x_wconf 85' lang='lat' dir='ltr'><strong>sunt,</strong></span> 
     </span>
    </p>
   </div>
   <div class='ocr_carea' id='block_1_126' title="bbox 1851 5285 3418 5354">
    <p class='ocr_par' dir='ltr' id='par_1_126' title="bbox 1851 5285 3418 5354">
     <span class='ocr_line' id='line_1_127' title="bbox 1851 5285 3418 5354; baseline 0.001 -17"><span class='ocrx_word' id='word_1_911' title='bbox 1851 5294 1964 5354; x_wconf 89' lang='lat' dir='ltr'><strong>post</strong></span> <span class='ocrx_word' id='word_1_912' title='bbox 1993 5285 2232 5339; x_wconf 75' lang='lat' dir='ltr'><strong>Nicwnos</strong></span> <span class='ocrx_word' id='word_1_913' title='bbox 2255 5288 2469 5352; x_wconf 74' lang='lat' dir='ltr'><strong>expositi</strong></span> <span class='ocrx_word' id='word_1_914' title='bbox 2490 5297 2624 5340; x_wconf 88' lang='lat' dir='ltr'><strong>sunt.</strong></span> <span class='ocrx_word' id='word_1_915' title='bbox 2654 5286 2768 5351; x_wconf 85' lang='lat' dir='ltr'><strong>Quo</strong></span> <span class='ocrx_word' id='word_1_916' title='bbox 2791 5292 2966 5337; x_wconf 89' lang='lat' dir='ltr'><strong>autem</strong></span> <span class='ocrx_word' id='word_1_917' title='bbox 2990 5295 3226 5352; x_wconf 86' lang='lat' dir='ltr'><strong>tempore</strong></span> <span class='ocrx_word' id='word_1_918' title='bbox 3255 5299 3418 5354; x_wconf 89' lang='lat' dir='ltr'><strong>syno-</strong></span> 
     </span>
    </p>
   </div>
   <div class='ocr_carea' id='block_1_127' title="bbox 1850 5353 3417 5423">
    <p class='ocr_par' dir='ltr' id='par_1_127' title="bbox 1850 5353 3417 5423">
     <span class='ocr_line' id='line_1_128' title="bbox 1850 5353 3417 5423; baseline 0.001 -17"><span class='ocrx_word' id='word_1_919' title='bbox 1850 5357 1950 5409; x_wconf 88' lang='lat' dir='ltr'><strong>dus</strong></span> <span class='ocrx_word' id='word_1_920' title='bbox 1980 5354 2303 5423; x_wconf 79' lang='lat' dir='ltr'><strong>Gangrensis</strong></span> <span class='ocrx_word' id='word_1_921' title='bbox 2333 5357 2510 5410; x_wconf 88' lang='lat' dir='ltr'><strong>habita</strong></span> <span class='ocrx_word' id='word_1_922' title='bbox 2541 5354 2691 5409; x_wconf 83' lang='lat' dir='ltr'><strong>fuerit</strong></span> <span class='ocrx_word' id='word_1_923' title='bbox 2713 5394 2728 5414; x_wconf 84' lang='lat'><strong>.</strong></span> <span class='ocrx_word' id='word_1_924' title='bbox 2772 5353 2893 5406; x_wconf 90' lang='lat' dir='ltr'><strong>vide</strong></span> <span class='ocrx_word' id='word_1_925' title='bbox 2925 5356 3254 5421; x_wconf 68' lang='lat' dir='ltr'><strong>prmmissum</strong></span> <span class='ocrx_word' id='word_1_926' title='bbox 3287 5353 3417 5408; x_wconf 87' lang='lat' dir='ltr'><strong>Tra-</strong></span> 
     </span>
    </p>
   </div>
   <div class='ocr_carea' id='block_1_128' title="bbox 1849 5423 3415 5495">
    <p class='ocr_par' dir='ltr' id='par_1_128' title="bbox 1849 5423 3415 5495">
     <span class='ocr_line' id='line_1_129' title="bbox 1849 5423 3415 5495; baseline 0.003 -19"><span class='ocrx_word' id='word_1_927' title='bbox 1849 5434 2044 5478; x_wconf 90' lang='lat' dir='ltr'><strong>ctatum</strong></span> <span class='ocrx_word' id='word_1_928' title='bbox 2080 5435 2216 5493; x_wconf 89' lang='lat' dir='ltr'><strong>part.</strong></span> <span class='ocrx_word' id='word_1_929' title='bbox 2253 5441 2289 5488; x_wconf 85' lang='lat' dir='ltr'><strong>t,</strong></span> <span class='ocrx_word' id='word_1_930' title='bbox 2317 5442 2364 5479; x_wconf 74' lang='grc' dir='ltr'><strong>(ι.</strong></span> <span class='ocrx_word' id='word_1_931' title='bbox 2391 5425 2443 5485; x_wconf 82' lang='grc'><strong>4,</strong></span> <span class='ocrx_word' id='word_1_932' title='bbox 2479 5425 2504 5495; x_wconf 76' lang='lat'>§</span> <span class='ocrx_word' id='word_1_933' title='bbox 2544 5425 2594 5489; x_wconf 81' lang='lat' dir='ltr'><strong>l,</strong></span> <span class='ocrx_word' id='word_1_934' title='bbox 2628 5425 2713 5475; x_wconf 92' lang='lat' dir='ltr'><strong>ubi</strong></span> <span class='ocrx_word' id='word_1_935' title='bbox 2747 5423 2901 5491; x_wconf 89' lang='lat' dir='ltr'><strong>hujus</strong></span> <span class='ocrx_word' id='word_1_936' title='bbox 2931 5427 3293 5480; x_wconf 70' lang='lat' dir='ltr'><strong>annotationis</strong></span> <span class='ocrx_word' id='word_1_937' title='bbox 3324 5440 3415 5480; x_wconf 85' lang='lat' dir='ltr'><strong>ve-</strong></span> 
     </span>
    </p>
   </div>
   <div class='ocr_carea' id='block_1_129' title="bbox 1850 5494 2493 5549">
    <p class='ocr_par' dir='ltr' id='par_1_129' title="bbox 1850 5494 2493 5549">
     <span class='ocr_line' id='line_1_130' title="bbox 1850 5494 2493 5549; baseline 0.002 -1"><span class='ocrx_word' id='word_1_938' title='bbox 1850 5495 2060 5549; x_wconf 88' lang='lat' dir='ltr'><strong>ritatem</strong></span> <span class='ocrx_word' id='word_1_939' title='bbox 2085 5494 2493 5549; x_wconf 72' lang='lat' dir='ltr'><strong>vindicarimus.</strong></span> 
     </span>
    </p>
   </div>
   <div class='ocr_carea' id='block_1_130' title="bbox 1920 5563 3411 5628">
    <p class='ocr_par' dir='ltr' id='par_1_130' title="bbox 1920 5563 3411 5628">
     <span class='ocr_line' id='line_1_131' title="bbox 1920 5563 3411 5628; baseline 0.003 -14"><span class='ocrx_word' id='word_1_940' title='bbox 1920 5575 1947 5614; x_wconf 70' lang='grc' dir='ltr'><strong>τι</strong></span> <span class='ocrx_word' id='word_1_941' title='bbox 1986 5564 2096 5619; x_wconf 87' lang='lat' dir='ltr'><strong>Hos</strong></span> <span class='ocrx_word' id='word_1_942' title='bbox 2132 5564 2310 5628; x_wconf 81' lang='lat' dir='ltr'><strong>titulos</strong></span> <span class='ocrx_word' id='word_1_943' title='bbox 2347 5582 2409 5620; x_wconf 70' lang='lat' dir='ltr'><strong>ot</strong></span> <span class='ocrx_word' id='word_1_944' title='bbox 2447 5580 2574 5620; x_wconf 89' lang='lat' dir='ltr'><strong>mss.</strong></span> <span class='ocrx_word' id='word_1_945' title='bbox 2627 5563 3122 5620; x_wconf 54' lang='lat' dir='ltr'><strong>Vindeboncnsibus</strong></span> <span class='ocrx_word' id='word_1_946' title='bbox 3153 5566 3218 5618; x_wconf 66' lang='lat'><strong>.39</strong></span> <span class='ocrx_word' id='word_1_947' title='bbox 3259 5575 3313 5620; x_wconf 80' lang='lat' dir='ltr'><strong>et</strong></span> <span class='ocrx_word' id='word_1_948' title='bbox 3341 5564 3411 5619; x_wconf 74' lang='grc' dir='ltr'>Η</span> 
     </span>
    </p>
   </div>
   <div class='ocr_carea' id='block_1_131' title="bbox 1849 5634 2160 5704">
    <p class='ocr_par' dir='ltr' id='par_1_131' title="bbox 1849 5634 2160 5704">
     <span class='ocr_line' id='line_1_132' title="bbox 1849 5634 2160 5704; baseline 0.006 -16"><span class='ocrx_word' id='word_1_949' title='bbox 1849 5634 2160 5704; x_wconf 85' lang='lat' dir='ltr'><strong>adjecimus.</strong></span> 
     </span>
    </p>
   </div>
  </div>
