3888 6182
429 312 529 370 “7

1370 295 1710 353 APPENDIX
1751 294 1840 352 AD
1877 293 1935 351 S.
1975 293 2218 351 LEONIS
2259 286 2473 348 MAGNI
2511 284 2769 342 OPERA.

3588 286 3711 341 468

496 422 581 476 IlI.
619 419 685 474 Ut
706 434 875 473 servus
902 415 994 471 sub
1023 415 1285 487 religion's
1316 412 1542 465 habitum
1565 409 1829 463 dominum
1855 423 2002 462 suum
2032 410 2087 471 Α
2110 406 2230 463 dem
2276 404 2488 474 nuptias
2531 415 2813 465 accusare,
2866 396 2879 448 i
2935 397 3081 487 quod
3128 396 3307 452 nullus
3357 397 3409 452 in
3440 399 3722 469 coniugali

426 532 528 568 non
558 518 864 565 contemnat.

498 603 584 657 IV.
621 601 689 656 Ut
710 602 888 654 domus
917 596 1010 651 Dei
1041 592 1433 665 contemptibilis
1462 606 1564 645 non
1590 590 1679 644 sit.

499 697 564 753 V.
598 694 677 747 De
706 691 1091 746 conventiculis.

496 785 584 839 VI.
621 782 688 839 Ut
715 782 953 850 primitiis
983 781 1189 850 frugum
1219 772 1463 832 Ecclesia:
1489 774 1797 845 o/ferantur.

494 874 607 928 VII.
641 872 924 927 De-dundis
945 879 989 925 et
1004 869 1315 939 accipiendis
1343 868 1594 938 fructibus
1628 866 1736 918 sine
1765 878 2011 934 permissu

423 967 675 1035 episcopi.

498 1056 634 1111 VIII.
667 1056 771 1124 Qui
788 1055 1126 1128 virginitatem
1150 1053 1411 1123 professus
1435 1058 1527 1113 est,
1548 1042 1752 1116 nuptias
1772 1062 1870 1098 non
1898 1061 2013 1097 con-

426 1151 649 1205 damnet.

497 1241 590 1297 IX.
622 1240 689 1296 Ut
710 1242 1017 1295 continentes
1046 1255 1144 1293 non
1169 1236 1524 1304 vituperentin
1539 1232 1777 1303 conjugio
1794 1231 2010 1303 positos.

498 1333 568 1387 Χ.
597 1332 695 1396 Qui
721 1334 1088 1400 eleemosynam
1107 1330 1327 1401 faciunt,
1348 1344 1447 1380 non
1468 1342 1574 1379 csse
1593 1320 2008 1377 contemnendos.

501 1424 592 1481 XI.
620 1423 698 1477 De
726 1423 884 1491 pallio
908 1421 1118 1475 utendo.

501 1517 614 1572 XII.
651 1516 718 1571 Ut
745 1514 929 1569 mulier
950 1515 1084 1569 virili
1106 1522 1237 1567 veste
1266 1528 1368 1566 non
1398 1520 1590 1564 utatur.

501 1608 646 1663 XIII;
672 1606 738 1661 Ut
768 1607 949 1659 mulier
971 1607 1078 1659 sine
1105 1605 1357 1671 permissu
1387 1620 1487 1655 non
1515 1602 1736 1655 dimittat
1759 1617 1935 1653 utrum.

499 1698 638 1753 XIV.
670 1697 738 1753 Ut
767 1697 1111 1767 unusquisque
1138 1693 1274 1764 ﬁlios
1305 1710 1423 1747 suos
1445 1693 1654 1745 nutriat.

499 1790 616 1844 XV.
654 1788 721 1843 Ut
753 1789 850 1857 ﬁlii
878 1797 1112 1859 parentes
1138 1785 1277 1857 [lege
1303 1780 1619 1856 parentibus]
1650 1782 1905 1835 obediant.

506 1880 643 1935 XVI.
677 1879 744 1935 Ut
771 1881 955 1933 mulier
984 1895 1180 1931 comam
1206 1893 1307 1929 non
1347 1875 1523 1928 tundat
1546 1873 1691 1947 [lege
1712 1868 1962 1940 tondeat].

500 1972 664 2027 XVII.
701 1971 769 2026 Ut
799 1971 880 2024 die
904 1971 1170 2024 Dominico
1200 1985 1301 2021 non
1322 1969 1544 2038 jejunet.

501 2063 687 2118 XVIII.
718 2063 792 2117 De
820 2062 1131 2115 continentia
1159 2069 1204 2113 et
1236 2061 1452 2130 jejunio.

502 2154 645 2207 XIX.
672 2150 738 2208 Ut
762 2160 1030 2206 conventus
1051 2168 1141 2223 per
1162 2151 1271 2204 loca
1293 2159 1587 2203 sanctorum
1612 2156 1890 2217 martyrum
1914 2164 2014 2200 non

425 2254 773 2299 contemnant.

431 2338 585 2409 121
649 2337 887 2409 Dominis
948 2334 1359 2409 ItonoralLilibus
1422 2331 1896 2409 consacerdotibtls
1960 2332 2014 2385 in

492 2403 743 2462 Kﬁnenia
788 2405 1112 2469 constitutis,
1174 2403 1452 2465 Euseetus,
1507 2403 1771 2455 EULALIUS
1840 2403 2014 2456 EUGE-

496 2492 633 2541 unus,
664 2486 690 2514 ι
725 2478 995 2542 Βιτεκιυε,
1028 2476 1316 2535 Uerumrs,
1348 2473 1673 2537 Gnecomus,
1707 2472 1734 2509 δ
1761 2471 2009 2539 [ιἰιετυς,

500 2558 522 2586 ο
565 2549 828 2611 Ennaeas,
867 2547 1117 2611 Eunus,
1150 2542 1178 2579 ά
1202 2544 1410 2605 ΡΑιιιυς,
1445 2543 1698 2611 Brutus.
1747 2550 1770 2579 ε
1815 2543 2013 2596 Pnose-

497 2632 633 2677 tuus,
671 2609 931 2677 BASIUUS,
967 2609 1183 2677 Bassus,
1216 2613 1500 2676 Eucenws,
1538 2609 1556 2648 τ
1608 2612 1698 2681 qui
1740 2626 2011 2667 convene-

494 2696 621 2743 runt
647 2687 698 2741 in
728 2687 1036 2755 Gangrense
1060 2684 1372 2750 concilium,
1402 2683 1454 2736 in
1489 2684 1714 2737 Domino
1757 2683 2007 2737 salutem.

496 2801 759 2868 Quoniam
788 2800 1118 2854 conveniens
1146 2807 1334 2853 sancta
1358 2796 1599 2868 synodus
1637 2796 2009 2867 episcoporum

426 2895 480 2949 iu
520 2894 815 2963 Gaugrensi
849 2892 1096 2955 ecclesia,
1144 2901 1360 2961 propter
1387 2890 1643 2959 quasdam
1688 2891 2014 2945 ecclesiasti—

421 3000 514 3039 cas
568 2995 624 3039 et.
674 2983 1000 3039 necessarias
1051 2998 1243 3037 causas
1290 2983 1657 3052 inquirendas,
1708 2992 1762 3036 et
1802 2998 1864 3037 ea
1893 2998 2011 3052 quze

423 3085 448 3121 8
479 3073 771 3129 secundum
799 3073 1099 3127 Eustasium
1126 3083 1275 3143 gesta
1296 3081 1423 3127 sunt
1449 3073 1834 3143 dignoscenda,
1856 3075 2009 3130 inve-

2116 497 2281 568 gradu
2320 497 2521 566 positus
2551 509 2699 562 spcto
2726 492 2927 545 habeat
2948 478 3086 557 apud
3119 490 3304 547 Deum.
3332 490 3485 545 Unde
3508 493 3715 547 factum

2115 602 2197 647 est
2227 600 2283 647 ut
2310 590 2492 643 multm
2525 587 2780 641 mulieres
2826 599 2924 639 eos
2970 592 3191 650 secntte,
3227 583 3433 638 relictis
3478 599 3643 653 propr
3667 587 3717 639 is

2116 684 2266 747 viris,
2307 688 2362 734 et
2403 679 2501 733 viri
2541 676 2798 731 uxoribus
2854 674 2877 710 ¹ί
2924 673 3219 744 destitutis,
3261 674 3526 728 vinculum
3569 689 3716 729 con-

2108 775 2287 845 jugzile
2323 773 2704 835 dissolverent,
2736 767 3119 823 continentiam
3155 766 3471 836 proﬁtentes
3499 784 3515 821 :
3543 784 3713 838 quam

2115 881 2236 918 cum
2285 866 2519 918 retinere
2562 875 2668 915 non
2709 865 2952 929 possent,
2976 857 3237 913 adulteria
3290 859 3714 914 commiserunt.

2119 955 2138 994 ι
2177 956 2378 1011 Inventi
2406 955 2549 1008 enim
2591 960 2718 1006 sunt
2765 950 3135 1005 dissensiones
3163 965 3225 1004 ac
3271 951 3647 1018 separationes
3678 966 3710 1002 π

2115 1045 2408 1101 Dominicis
2431 1044 2739 1100 caustitutis
2765 1044 2816 1096 in
2848 1040 3107 1097 Ecclesiis
3136 1040 3232 1095 Dei
3260 1039 3473 1103 docere.
3507 1041 3560 1095 Id
3603 1052 3711 1105 est,

2115 1150 2170 1195 et
2192 1140 2508 1195 traditiones
2546 1137 2964 1200 ecclesiasticas.
3003 1143 3057 1189 et
3100 1150 3165 1189 ea
3194 1149 3313 1204 quae
3354 1135 3406 1187 in
3448 1133 3716 1191 Ecclesiis

2113 1241 2364 1303 aguntur,
2406 1231 2605 1285 debere
2654 1227 2961 1292 contemni;
3005 1226 3232 1297 privatis
3270 1234 3312 1261 ιιι
3353 1226 3718 1281 conventibus

2113 1325 2292 1378 taliter
2322 1322 2598 1386 institutis,
2630 1332 2791 1391 atque
2820 1320 2885 1374 ad
2935 1319 3290 1374 imitationem
3326 1321 3480 1391 122
3520 1334 3717 1375 eorum

2114 1432 2233 1486 qua:
2264 1417 2315 1469 in
2342 1400 2507 1481 domo
2551 1415 2643 1467 Dei
2676 1423 2926 1483 aguntur,
2958 1411 3138 1465 omnia
3180 1424 3509 1480 praesumere
3560 1410 3713 1467 cele-

2114 1507 2304 1569 brare;
2346 1505 2520 1559 adhuc
2566 1505 2727 1559 etiam
2770 1503 3011 1558 vestibus
3070 1501 3447 1557 communibus
3482 1504 3714 1571 spretis,

2117 1614 2285 1653 novos
2313 1607 2338 1634 η
2376 1608 2429 1652 et
2475 1598 2721 1651 insolitos
2748 1596 2962 1650 habitus
3004 1586 3389 1663 assumpsisse;
3428 1594 3718 1663 primitias

2115 1706 2327 1761 quoque
2366 1689 2451 1743 lru
2473 1699 2657 1755 tuum,
2682 1698 2737 1743 et
2764 1686 3060 1741 oblationes
3084 1700 3270 1741 earum
3299 1699 3430 1756 quas
3461 1696 3718 1744 veterum

2048 1777 2095 1837 B
2124 1784 2385 1839 institutio
2412 1792 2436 1818 ο
2464 1782 2670 1846 tribuit,
2701 1781 2917 1835 sibimet
2965 1778 3294 1845 vindicasse,
3339 1777 3390 1832 id
3421 1787 3525 1844 est,
3580 1794 3720 1848 pro-

2117 1878 2247 1948 ptia:
2285 1875 2695 1931 ratiocinatione
2736 1872 3018 1937 doctrinm,
3047 1881 3299 1940 tanquam
3348 1871 3553 1925 sanctis
3609 1870 3717 1927 sibi

2116 1984 2205 2023 eas
2235 1968 2319 2024 oti".
2342 1969 2415 2023 rri
2442 1967 2659 2032 debere,
2684 1977 2709 2014 ι’
2728 1974 2782 2020 et
2807 1964 2948 2035 apud
2969 1978 3028 2019 se
3049 1972 3105 2020 et
3126 1964 3269 2018 inter
3296 1977 3354 2018 se
3382 1962 3718 2031 dispensan-
3756 2004 3763 2007 .

2115 2062 2246 2127 das;
2288 2075 2471 2117 servos
2504 2075 2531 2111 a
2567 2057 2802 2111 dominis
2831 2055 3150 2111 recedentes
3182 2066 3203 2100 τι
3239 2069 3333 2123 per
3366 2055 3509 2108 hunc
3543 2056 3718 2108 inusi-

2118 2164 2285 2208 tatum
2318 2150 2589 2220 religionis
2615 2164 2817 2203 morem
2848 2148 3105 2202 dominos
3133 2147 3561 2214 contempsisse;
3592 2162 3718 2200 ntu-

2118 2245 2280 2299 lieres
2329 2252 2529 2312 praeter
2557 2236 3003 2295 consuetudinem
3041 2247 3095 2292 et
3144 2237 3226 2291 sui
3259 2251 3420 2291 sexus
3454 2246 3718 2291 ornatum

2119 2345 2141 2373 τ
2171 2335 2252 2389 his
2275 2348 2333 2389 se
2356 2332 2634 2403 iustiﬁcari
2678 2329 2983 2394 credentes,
3015 2327 3227 2395 virilem
3258 2327 3494 2381 habitum
3521 2341 3718 2381 susce-

2115 2428 2280 2497 pisse,
2324 2425 2611 2495 pluresque
2654 2437 2839 2478 earum
2879 2420 3166 2477 occasione
3206 2419 3480 2490 religionis
3522 2424 3720 2474 tonsas

2114 2519 2330 2589 genuini
2361 2518 2575 2574 decoris
2615 2531 2799 2572 comas
2851 2514 3061 2585 penitus
3111 2522 3447 2583 amputasse;
3497 2513 3718 2584 jejunis

2115 2630 2236 2684 quae
2267 2614 2318 2668 in
2351 2613 2595 2667 ecclesiis
2636 2611 2997 2682 praedicantur
3020 2611 3454 2665 'contemnendo
3475 2653 3489 2678 ,
3530 2610 3719 2668 ventri

2116 2704 2378 2769 servisse;
2404 2704 2690 2758 nonnullos
2721 2703 2882 2758 etiam
2925 2718 3110 2759 eorum
3139 2702 3286 2758 cibos
3315 2704 3557 2758 carnium
3582 2711 3717 2757 tan-

2115 2813 2272 2869 quam
2297 2797 2510 2853 illicitos
2539 2804 2849 2865 reput'isse;
2909 2795 2962 2849 in
3000 2792 3251 2849 domibus
3288 2795 3717 2865 coniugatorum

2115 2904 2215 2943 nec
2240 2889 2509 2943 orationes
2539 2887 2752 2957 quidem
2781 2887 2983 2942 debere
3008 2885 3272 2942 celebrari
3299 2887 3315 2922 ί
3347 2888 3719 2955 persuasisse.

2115 2984 2168 3038 in
2200 2991 2405 3037 tantum
2428 2992 2483 3035 ut
2514 2980 2728 3036 easdem
2752 2979 2868 3034 ﬁeri
2889 2988 3102 3045 vetent;
3131 2988 3161 3015 ιι
3182 2979 3544 3035 oblationibus
3571 2995 3711 3051 quo-

2115 3091 2219 3147 que
2247 3077 2298 3130 in
2328 3075 2577 3130 domibus
2601 3073 2756 3128 factis
2785 3072 3005 3126 minime
3034 3072 3542 3126 communicandum
3578 3087 3717 3128 esse

422 3164 502 3217 nit
533 3166 693 3215 multa
720 3163 831 3216 lieri
864 3138 1173 3217 indecenter
1203 3165 1271 3217 ab
1320 3164 1402 3217 bis
1436 3138 1531 3233 qui
1573 3164 1716 3219 hunc
1756 3138 2006 3222 eumdem
2035 3138 2082 3199 (ἶ
2115 3138 2449 3230 decernunt;
2490 3164 2832 3235 presbyteros
2885 3163 2975 3233 qui
3017 3162 3353 3218 matrimonia
3411 3171 3716 3220 contraxe-

421 3254 723 3308 Eustasium
767 3254 935 3309 secuti
984 3267 1101 3308 sunt
1142 3272 1154 3305 :
1187 3251 1215 3289 ιι
1243 3254 1550 3308 necessario
1593 3256 1796 3323 statuit,
1835 3257 2004 3325 palam

421 3346 576 3400 fat-tis
636 3345 885 3399 omnibus
922 3354 1202 3414 amputare
1243 3346 1496 3399 universa
1547 3362 1667 3417 qua:
1714 3347 1784 3402 ab
1816 3348 2004 3403 eodem

427 3435 443 3474 ί
478 3438 612 3491 mala
635 3438 922 3492 commissa
946 3448 1102 3503 sunt;
1133 3437 1460 3492 declaratum
1481 3446 1564 3493 est
1590 3439 1734 3494 enim
1759 3438 1857 3495 bos
1885 3455 2006 3496 ου’-

488 3632 513 3660 ι
546 3621 669 3678 Ilaec
699 3621 914 3676 nomina
947 3621 1098 3675 vario
1124 3620 1311 3674 ordine
1356 3621 1411 3674 in
1466 3620 1691 3674 diversis
1719 3619 1995 3674 collectio-

416 3694 572 3753 nibus
596 3704 646 3747 et
676 3695 730 3745 in
757 3692 946 3746 Graeco
983 3690 1309 3746 referuntur.
1352 3694 1497 3745 Ordo
1524 3708 1652 3745 vero
1695 3691 1851 3758 hujus
1887 3693 1996 3744 eol-

416 3762 664 3816 lectionis
717 3762 1096 3829 comprobatur
1140 3778 1168 3814 a
1209 3775 1310 3814 ms.
1359 3762 1480 3815 cod.
1536 3761 1737 3814 Veron.
1786 3763 1874 3824 58,
1906 3760 1994 3821 qui

418 3833 684 3900 puriorem
717 3833 855 3884 lianc
882 3831 1188 3885 versionem
1233 3832 1491 3885 continet.
1528 3832 1725 3883 Veron.
1758 3831 1857 3891 55,
1908 3830 1995 3882 Bi-

415 3902 651 3971 tanicus.
691 3901 876 3955 Melius
913 3901 964 3953 in
1013 3901 1205 3956 Veron.
1239 3901 1337 3965 58,
1387 3901 1719 3971 Bithynicus;
1757 3902 1992 3967 concinit

414 3976 556 4025 enim
589 3970 805 4025 Grmcus
842 3979 1039 4026 textus.

489 4040 760 4116 “Qui-sn”
818 4041 1032 4116 Siletus.
1072 4038 1416 4116 Corresimus
1466 4056 1527 4093 ex
1598 4055 1697 4093 ms.
1744 4040 1901 4094 Vind.
1940 4049 1995 4095 et

354 4162 361 4167 .
415 4107 624 4167 duobus
656 4110 879 4176 Verum,
911 4110 1234 4173 astipulante
1263 4107 1451 4162 Grmco
1484 4119 1649 4162 textu.

489 4192 511 4219 ε
548 4181 659 4234 Duo
700 4179 991 4243 Veronen.,
1032 4179 1289 4232 Jeracius.
1334 4179 1485 4240 Alii.,
1519 4178 1814 4234 Ileraclius.
1854 4180 1990 4234 Cor-

415 4251 665 4313 be'en~is,
696 4249 915 4303 Eraclis.
952 4248 1062 4303 Hoc
1091 4263 1283 4303 nomen
1316 4249 1367 4301 in
1401 4247 1589 4302 Grzeco
1632 4250 1987 4304 dusiderator.

483 4321 510 4357 α
552 4320 714 4375 Iidem
756 4319 951 4390 Veron.
1000 4333 1120 4390 ctt_t_n
1181 4316 1391 4388 Grmco,
1439 4317 1654 4390 Pappus
1707 4320 1984 4390 Hypatius.

412 4390 771 4454 Curlieieusis,
807 4388 1023 4459 Papius.
1056 4388 1277 4456 Epatus.

490 4471 513 4500 ο
542 4461 731 4514 Melius
760 4427 920 4514 ’mss’.’
956 4427 1151 4514 Veron].
1185 4475 1304 4513 cum
1338 4459 1526 4516 Graeco
1553 4460 1775 4528 aliisque
1801 4461 1985 4524 codd.,
2019 4427 2068 4486 θ

414 4530 732 4585 Proeresius.
759 4530 962 4584 Nomen
992 4530 1212 4584 Basilius
1243 4531 1544 4586 addidimus
1570 4548 1634 4585 ex
1666 4547 1764 4585 ms.
1805 4531 1984 4594 Vind.,

415 4600 806 4670 prml‘ertnrque
834 4602 888 4654 in
914 4602 1100 4655 Graeco
1131 4609 1279 4655 textu
1314 4601 1537 4670 aliisque
1580 4602 1988 4657 collectionibus

413 4679 572 4734 atque
615 4671 964 4725 \‘ersinnibus.
1050 4711 1055 4716 -

488 4739 507 4777 ί
544 4740 769 4794 Additur
812 4742 864 4794 in
891 4743 1031 4809 vulg.
1061 4740 1185 4794 Isid.
1217 4740 1373 4795 Osius
1420 4740 1793 4806 Cordubensis;
1835 4742 1989 4796 abest

416 4824 545 4862 vero
582 4824 691 4864 non
731 4812 902 4863 solum
951 4829 979 4865 a
1023 4826 1165 4864 mss.
1205 4811 1361 4879 hujus
1416 4812 1768 4874 collectione,
1801 4828 1983 4865 vornnt

415 4882 573 4950 etiam
602 4894 631 4931 a
661 4880 869 4950 ceteris
888 4880 1137 4932 omnibus
1162 4896 1281 4950 qua:
1314 4880 1654 4934 lsidorianam
1685 4885 1988 4935 versionem

414 4949 727 5017 prml'erunt,
762 4949 1057 5002 nimirnina
1096 4949 1224 5007 mss.
1288 4951 1505 5014 Veram,
1539 4952 1758 5010 Lucem.
1801 4950 1987 5014 COI‘II.,

415 5020 679 5083 Barb.,et
724 5019 792 5072 ab
829 5019 1032 5073 Isidoro
1073 5020 1318 5086 Merlini;
1375 5031 1429 5075 et
1473 5023 1612 5089 quod
1663 5022 1987 5089 praecipuum

415 5100 519 5156 cst,
551 5106 580 5143 a
612 5091 859 5161 versione
891 5090 1065 5143 Prisca
1102 5100 1155 5145 et
1184 5107 1213 5145 a
1245 5089 1454 5145 Graeco.
1496 5092 1679 5155 Neque
1703 5091 1898 5161 legitur
1935 5093 1989 5145 in

415 5177 545 5215 tnss.
569 5160 902 5214 collectiouis
927 5161 1260 5226 Hadrianem,
1288 5163 1363 5229 uti
1399 5172 1482 5215 est
1518 5163 1698 5216 Vallic.
1734 5160 1794 5215 Α.
1844 5163 1899 5227 ii,
1936 5164 1986 5215 in

414 5247 547 5297 quos
600 5231 823 5285 codices.
856 5230 969 5285 lucc
1013 5232 1264 5300 synodica
1311 5248 1377 5288 ex
1418 5233 1712 5288 lsidoriana
1742 5234 1989 5288 versione

417 5302 652 5355 traducta
677 5302 794 5363 fuit,
830 5311 885 5354 nt
914 5304 1216 5357 monuimus
1257 5314 1369 5357 not.
1405 5306 1456 5358 I.

488 5381 513 5417 8
540 5374 630 5426 Sic
648 5372 783 5425 Vind
836 5381 891 5442 et
917 5372 1023 5425 dno
1057 5373 1319 5429 Veronen.
1370 5389 1487 5428 com
1526 5371 1777 5442 vulgatis.
1823 5373 1993 5440 Quem

415 5441 606 5512 uellus,
650 5443 786 5512 circa
832 5440 1146 5498 Eustasium.
1175 5445 1370 5498 Veron.
1425 5460 1557 5498 utss.
1586 5440 1705 5496 enin
1744 5446 1886 5512 vulg.
1941 5454 1995 5497 et

415 5509 624 5583 βῖκοι),
650 5509 991 5583 Eustatltiunt,
1024 5523 1076 5566 ut
1108 5518 1175 5567 ita
1203 5515 1482 5583 deinceps.
1521 5512 1652 5568 Post
1679 5509 1859 5583 pauca
1885 5514 1992 5568 duo

417 5580 638 5649 Veron"
684 5582 747 5634 ab
768 5582 846 5649 his
871 5582 992 5646 ipsis
1021 5586 1129 5649 qui.

484 5648 755 5715 thesn.,
788 5648 1164 5706 Necessarium.
1207 5653 1376 5705 Codd.
1425 5652 1664 5717 Tbnan.,
1720 5654 1878 5709 Vind.
1941 5664 1994 5709 ct

415 5718 550 5775 duo:
584 5719 775 5775 Veron.
808 5736 869 5773 ac
899 5721 1036 5782 vnlg.
1073 5722 1189 5778 Isid.
1232 5725 1592 5784 praetulimus.

2114 3268 2258 3320 runt,
2291 3258 2472 3324 sperni
2491 3255 2710 3321 debere,
2730 3269 2830 3310 nec
2856 3261 3194 3309 sacramenta
3224 3270 3344 3323 qua:
3370 3252 3438 3308 ab
3462 3256 3543 3309 eis
3573 3270 3715 3325 con-

2117 3350 2366 3405 ﬁciuntur
2386 3348 2603 3418 attingi;
2636 3348 2751 3403 loca
2781 3356 3089 3402 sanctorum
3123 3330 3418 3418 martyrum
3450 3347 3534 3401 vel
3557 3347 3715 3402 basi-

2113 3440 2244 3494 licas
2273 3450 2299 3475 τ
2329 3450 2696 3504 contemnere,
2742 3446 2799 3493 et
2836 3451 3025 3493 omnes
3055 3438 3146 3508 qui
3198 3437 3321 3493 illuc
3367 3439 3714 3495 conveniunt

2180 3618 2209 3741 il
2229 3619 2341 3675 Duo
2372 3620 2643 3675 Veronen.
2673 3629 2726 3675 et
2753 3619 2899 3691 vulg.
2925 3620 3049 3676 Isid.
3082 3622 3280 3677 melius
3311 3635 3433 3676 cum
3473 3620 3709 3688 Greco.

2180 3708 2185 3741 1
2212 3708 2257 3741 ϐ.

2102 3706 2257 3744 ηταιθ.

2174 3761 2187 3830 i
2230 3760 2390 3814 Iidem
2420 3760 2575 3815 codd.
2606 3769 2661 3815 et
2688 3760 2888 3830 vulgati
2912 3761 3115 3817 addtmt
3138 3770 3184 3814 et
3223 3762 3423 3816 docere.

2170 3829 2195 3899 Β
2224 3830 2313 3883 Sic
2339 3848 2403 3884 ex
2424 3830 2644 3884 Vindi-b.
2672 3840 2727 3885 et
2753 3829 2892 3895 vnlg.
2918 3832 3039 3886 Isid.
3068 3832 3408 3899 Quesnellus,
3434 3831 3705 3887 destituti.

2180 3898 2197 3938 ι
2238 3902 2348 3954 Duo
2377 3900 2532 3954 codd.
2570 3901 2795 3964 Veron.,
2828 3899 3027 3959 Inventi
3053 3898 3172 3955 sunt
3194 3903 3367 3956 etiam.
3412 3902 3533 3957 Mox
3590 3902 3704 3957 Ve-

2097 3984 2217 4025 ron.
2251 3971 2339 4029 58.
2367 3971 2695 4025 discessiones
2719 3987 2752 4025 a
2779 3969 3078 4026 Dominicis.
3118 3972 3268 4040 Vulg.
3304 3972 3453 4038 Isid.,
3478 3970 3701 4027 Inventi

2094 4050 2210 4093 sunt
2233 4044 2365 4093 enim
2395 4041 2724 4095 discessiones
2752 4058 2813 4094 ac
2838 4045 3203 4110 separationes,
3234 4054 3338 4097 etc.

2154 4120 2206 4191 ξπ
2239 4111 2349 4191 Duo
2385 4111 2602 4177 Veron.,
2623 4111 2738 4165 Vat.
2772 4122 2827 4166 et
2848 4113 2991 4183 vulg.
3024 4113 3176 4179 Isid.,
3209 4113 3583 4167 conventiculis
3604 4114 3703 4167 in-

2096 4191 2309 4234 stitutts.

2166 4259 2191 4286 ι’
2225 4250 2379 4304 Vind.
2411 4264 2464 4305 et
2488 4250 2633 4317 Vat.,
2664 4253 2815 4305 etiam
2846 4251 3102 4307 insolitos.

2168 4330 2192 4356 ο
2220 4321 2534 4393 Addendum
2562 4338 2680 4375 cum
2706 4320 2834 4376 uiss.
2869 4323 3064 4379 Veron.
3085 4332 3139 4378 et
3157 4322 3466 4393 vulg.Isid.,
3490 4322 3695 4380 (ΣΙ-ιεοο

2097 4398 2240 4445 textu
2274 4391 2613 4455 sullragan'e,
2645 4393 2887 4446 ecclesiis.

2095 4531 2112 4584 Ι
2224 4462 2407 4516 Melius
2427 4463 2710 4517 deleturet
2739 4464 2792 4517 in
2818 4463 3010 4519 iisdem
3041 4478 3176 4519 mss.
3209 4463 3405 4518 Veron.
3450 4473 3505 4519 et
3533 4464 3690 4535 vulg.

2118 4547 2158 4584 sn
2207 4572 2218 4583 .
3118 4546 3123 4549 ‘

2118 4546 2218 4584 Sid.
3118 4546 3123 4549 Α

2164 4613 2190 4650 (ι
2226 4602 2423 4657 Veron.
2473 4603 2561 4669 55,
2609 4613 2656 4657 et
2686 4619 2773 4668 per
2800 4605 2932 4656 hunc
2962 4603 3263 4657 inusitatum
3301 4604 3525 4671 reqionis
3575 4622 3692 4657 sua!

2093 4673 2504 4738 Itatvittun,specie
2525 4674 2783 4741 religionis
2828 4674 3060 4727 dominos
3108 4678 3487 4736 contempsisse.
3532 4674 3687 4727 Idem

2094 4743 2286 4806 legitur
2316 4745 2369 4815 in
2406 4745 2597 4797 Veron.
2630 4745 2721 4807 53,
2771 4744 2860 4813 qui
2908 4745 3078 4798 solum
3123 4761 3215 4812 pro
3246 4746 3469 4815 regionis
3516 4744 3687 4799 liabet

2093 4814 2369 4891 religionis.
2441 4884 2451 4891 _
2722 4883 2753 4891 __
2860 4883 2872 4891 _
2960 4841 3051 4891 _.

2167 4892 2194 4955 ﬁ
2220 4883 2399 4955 Vind.,
2434 4884 2485 4935 in
2516 4899 2603 4948 se;
2633 4883 2823 4937 melius
2860 4883 2915 4936 in
2942 4882 3151 4937 du'obns
3204 4884 3397 4938 Veron.
3446 4893 3501 4937 et
3530 4888 3681 4955 vu'g.

2095 4953 2243 5016 Isid.,
2276 4952 2394 5005 hinc
2418 4971 2487 5008 se.

2167 5030 2187 5057 ³
2223 5024 2400 5087 Vind.,
2423 5022 2806 5077 contemnenda.
2826 5024 3056 5080 Tlntan..
3075 5022 3457 5085 contemnenda,
3486 5034 3535 5075 et
3561 5040 3684 5077 ven-

2094 5093 2161 5145 tri
2197 5096 2397 5147 servire.
2434 5093 2589 5159 Vulg.
2621 5092 2745 5147 Isid.
2797 5100 2852 5146 et
2905 5095 3137 5148 secunda
3183 5111 3339 5148 manu
3387 5096 3440 5146 in
3476 5094 3679 5149 Veron.

2095 5163 2182 5223 53$,
2207 5165 2594 5228 contemnenda,
2625 5165 2915 5217 asseruisse.

2171 5234 2189 5269 ⁸
2218 5232 2347 5301 Cod.
2383 5232 2613 5294 'l‘buan.,
2656 5241 2704 5286 et
2735 5234 3062 5301 persuasisse.

2168 5312 2191 5338 ιι
2224 5298 2339 5355 Duo
2365 5303 2562 5357 Veron.
2588 5318 2707 5357 cum
2728 5297 2865 5372 vulg.
2891 5304 3038 5370 Isid.,
3062 5311 3109 5357 et
3128 5303 3469 5356 oblationibus
3490 5318 3610 5368 qua?
3629 5304 3681 5356 in

2095 5376 2245 5428 domo
2276 5376 2424 5440 factm
2456 5374 2665 5441 fuerint,
2706 5375 2909 5425 minime
2933 5391 2960 5426 ε
2982 5374 3412 5428 :mmunicandum
3451 5390 3561 5427 esse
3586 5375 3678 5426 de-

2095 5455 2326 5498 cernant.
2364 5443 2516 5497 Vind.
2548 5444 2610 5496 Ita
2621 5445 2717 5509 bet,
2728 5452 2933 5499 tantum
2957 5444 3250 5497 decernant.
3264 5484 3277 5496 .

2167 5516 2433 5579 VQttcsn.,
2487 5515 2779 5586 conjentni,
2822 5522 2875 5568 et
2920 5515 3063 5586 dein,
3113 5512 3677 5586 repreliendi__debefe.

2098 5583 2435 5657 I’rauulimus
2458 5584 2614 5657 codd.
2648 5584 2805 5657 Vind.
2838 5596 2889 5657 et
2919 5582 3313 5657 'I‘Ituan..'cutn
3349 5582 3544 5650 quibus
3574 5583 3677 5635 duc

2103 5656 2294 5707 Veron.
2319 5652 2373 5708 ct
2394 5655 2535 5713 vulg.
2563 5654 2687 5708 Isid.
2713 5656 3021 5709 conciuunt.
3058 5656 3254 5709 Veron.
3281 5652 3387 5706 duo
3413 5662 3537 5719 post
3558 5666 3677 5704 com

2099 5725 2297 5779 veniunt
2328 5725 2527 5779 adduttl
2551 5742 2669 5779 Cllltl
2702 5725 2888 5780 Grmco
2920 5734 2963 5778 et
2997 5735 3311 5779 sacramenta
3339 5721 3651 5783 conﬁciunt.
