3888 6182
130 300 213 354 “9
527 290 757 346 COXIEX
797 290 1125 347 CANOXUSI
1170 290 1448 347 ECtZIJLS.
1494 293 1579 346 ΕΤ
1618 294 2195 351 (.UNSTITL'TORUM
2235 295 2291 351 S.
2336 297 2532 355 SEDIS
2577 301 2908 359 APOSTOL.

3248 314 3356 368 450

125 402 513 476 reprehendere;
559 400 760 492 divites
808 400 996 455 ﬁdeles
1038 402 1126 470 qui
1160 418 1264 455 non
1309 405 1557 457 omnibus
1584 420 1667 458 re-
1696 408 1743 465 Α
1772 406 2153 473 accusandam,
2191 418 2445 477 tanquam
2472 426 2579 467 non
2612 398 2771 482 posse
2799 416 3114 488 conjugatos
3148 421 3358 492 ingredi

124 496 327 553 nuntiant
354 506 470 560 quae
493 490 793 558 possident,
829 504 976 559 spem
1008 493 1146 560 apud
1172 492 1336 546 Deum
1375 509 1478 546 non
1504 493 1666 547 habe-

127 602 171 641 re
196 603 210 640 :
233 581 453 637 etmulta
477 580 605 646 alia,
637 595 756 649 quae
789 596 1075 636 numerare
1114 583 1245 636 nulli
1277 584 1533 650 possibile
1561 595 1662 650 est,

124 674 325 743 singulos
346 684 588 741 quosque
623 685 808 726 eorum
846 674 999 743 123
1033 687 1129 741 pro
1150 673 1374 728 arbitrio
1406 688 1506 728 suo
1530 690 1662 729 con-

118 768 327 826 stituere,
350 763 378 799 δ
408 777 847 832 unumquemque
878 778 1063 817 eorum
1095 779 1191 834 per
1224 766 1356 820 tales
1374 766 1665 821 institutio-

118 876 194 915 nes
218 860 275 912 ab
292 856 658 912 ecclesiastico
676 870 881 911 canone
908 855 1226 911 recedentes
1246 866 1494 927 tanquam
1522 859 1664 928 leges

115 950 321 1022 proprias
334 948 551 1002 sibimet
568 946 896 1002 eandidisse.
928 948 1037 1002 Nec
1058 952 1358 1003 cummun's
1390 950 1472 1002 his
1493 954 1665 1004 omni-

117 1045 194 1098 bus
220 1051 267 1095 et
290 1056 388 1094 una
421 1040 694 1094 sententia
721 1047 821 1094 est.
848 1040 1053 1108 Singuli
1075 1043 1242 1103 enim,
1269 1050 1427 1109 prout
1454 1042 1663 1097 videtur

117 1144 156 1187 et
177 1134 308 1198 libet,
329 1131 393 1184 ad
422 1131 825 1184 accusationem
856 1130 1113 1186 Ecclesiae
1143 1131 1386 1195 nitendo,
1409 1141 1661 1199 tanquam

117 1224 138 1263 δ
168 1224 338 1294 quibus
365 1230 544 1276 rector
576 1236 682 1274 non
710 1221 803 1287 sit,
835 1221 917 1275 vel
946 1221 1151 1275 addunt
1176 1221 1411 1287 decreta,
1444 1225 1528 1275 vel
1564 1224 1662 1276 nii-

117 1322 272 1368 nuunt.
294 1312 585 1379 Propterea
611 1325 742 1380 ergo
763 1321 1006 1365 coactum
1039 1322 1125 1365 est
1162 1312 1262 1367 hoc
1290 1314 1576 1367 concilium
1608 1314 1663 1367 in

117 1403 374 1474 Gangrensi
403 1404 631 1458 ecclesia
660 1402 935 1471 habitum,
967 1391 993 1442 έ
1017 1410 1073 1457 ιιι
1104 1417 1341 1458 canones
1391 1404 1523 1459 istos
1562 1419 1664 1459 ex-

119 1503 357 1568 ponerent,
389 1494 583 1565 quibus
609 1495 906 1564 probantur
948 1497 1229 1549 memorati
1280 1503 1438 1548 cxtra
1482 1494 1662 1548 Eccle-

117 1591 219 1644 siam
246 1603 378 1643 esse.
405 1587 558 1655 Quod
580 1586 626 1641 si
654 1600 747 1655 per
774 1588 1140 1655 paenitentiam
1184 1586 1663 1642 condemnaveriut

117 1681 205 1734 lucc
227 1679 396 1734 omnia
425 1692 545 1747 quas
573 1677 721 1751 male,
744 1687 1046 1742 senserunt,
1075 1685 1327 1745 tmquam
1379 1691 1408 1728 a
1459 1692 1516 1728 se
1553 1690 1657 1728 non

116 1772 220 1826 bene
244 1770 461 1841 prolata,
494 1769 857 1837 acceptabiles
886 1768 1049 1833 (iant;
1080 1781 1241 1837 atque
1283 1769 1404 1821 ideo
1452 1768 1566 1835 sing

116 1879 205 1935 qua
227 1864 451 1921 debeant
496 1861 895 1926 condemnare,
938 1861 1176 1933 synodus
1224 1860 1451 1915 credidit
1497 1876 1661 1930 expo-

118 1956 270 2015 nendu-
298 1954 453 2022 Quod
485 1954 530 2008 si
558 1952 678 2022 quis
708 1954 949 2007 renuerit
981 1954 1095 2006 haec
1125 1968 1244 2021 quae
1278 1951 1439 2007 hodie
1459 1953 1660 2005 consti-

121 2052 206 2101 tuta’
228 2056 369 2111 sunt,
413 2056 662 2114 tanquam
693 2043 1000 2109 hmreticus,
1020 2039 1047 2078 ἀ
1075 2053 1131 2097 et
1157 2043 1657 2109 anatheinatizatus,

119 2150 157 2192 et
176 2138 439 2194 damnatus
469 2136 773 2205 ahjiciatur.
807 2135 872 2189 Et
901 2136 999 2190 erit
1030 2151 1140 2190 non
1165 2137 1338 2190 solum
1362 2137 1663 2192 incommu-

120 2230 303 2295 nicalus,
338 2243 523 2284 verum
555 2227 718 2282 etiam
745 2226 814 2280 ab
844 2226 1082 2282 Ecclesia
1112 2227 1375 2282 habeatur
1394 2229 1657 2293 extorris;

120 2323 248 2377 donec
284 2320 609 2390 deprece'ur
659 2319 971 2388 episcopum
995 2360 1011 2384 ,
1058 2328 1111 2374 et
1148 2319 1216 2373 de
1256 2318 1517 2374 universis
1547 2334 1667 2387 qum

119 2429 242 2480 penes
266 2428 362 2468 eos
399 2422 522 2465 sunt
547 2410 887 2480 deprehensa
908 2420 931 2447 ε
949 2421 1106 2480 atque
1134 2410 1341 2465 detecta
1370 2410 1666 2479 prodiderit

115 2507 208 2574 quid
242 2506 430 2559 borum
455 2502 761 2571 su~ceperit
789 2501 1210 2557 observandum.

166 2597 197 2649 l.
217 2596 264 2653 Si
288 2598 413 2667 quis
437 2594 652 2663 nuptias
671 2594 722 2647 in
749 2594 1147 2649 accusationem
1180 2592 1483 2657 deduxerit,
1509 2582 1666 2663 125

113 2692 435 2745 etniulicrem
483 2688 501 2727 ί
536 2688 950 2743 abominandam
1008 2688 1319 2754 crediderit,
1371 2698 1462 2741 aut
1499 2689 1661 2743 etiam

164 2857 188 2885 ³
220 2847 329 2901 Duo
354 2848 644 2913 Veronen.,
689 2843 1015 2913 sull'ragatite
1053 2841 1241 2896 Grmco
1265 2852 1448 2897 textu:
1486 2841 1657 2897 Unus-

110 2919 283 2985 quisque
305 2935 485 2972 eorum
516 2934 604 2986 per
648 2914 799 2968 talem
830 2914 1195 2986 institutionem
1232 2913 1293 2967 ab
1323 2914 1663 2986 ecclesiastico

109 2983 268 3043 satione
294 2983 562 3049 recedens,
596 2997 838 3056 tanquam
870 2984 1104 3055 proprios
1135 2985 1267 3056 leges
1297 2983 1494 3056 sibimet
1549 3000 1665 3037 con-

109 3059 228 3114 didit.
258 3059 368 3114 Sed
404 3075 494 3114 nec
533 3052 838 3120 communis,
868 3052 975 3110 etc.
1010 3056 1087 3108 Ex
1134 3052 1290 3107 Vind.
1330 3055 1527 3108 sibimet
1570 3067 1665 3123 pro

110 3131 180 3182 tibi
203 3131 485 3184 edidimus.

162 3208 302 3265 bDuo
326 3209 532 3264 Veron.
558 3219 611 3262 et
640 3207 758 3260 Val.
787 3220 907 3261 cum
938 3203 1080 3274 vulg.
1100 3202 1227 3257 Isid.
1255 3202 1439 3258 delent
1461 3204 1664 3276 quibus.

162 3300 181 3328 ε
204 3287 636 3353 Codd.’I‘huan.,
666 3287 774 3342 duo
800 3286 998 3340 Veron.
1025 3270 1081 3338 et
1110 3283 1247 3338 alius
1272 3284 1418 3353 Vat.,
1448 3270 1666 3338 canones
1695 3270 1721 3314 ί

109 3361 201 3413 istos
221 3376 496 3431 exponere.

159 3438 179 3477 ‘
209 3442 310 3495 Duo
362 3440 515 3494 codd.
553 3438 754 3493 Veron.
793 3434 986 3490 melius
1026 3432 1206 3489 delent
1230 3433 1544 3501 particulam
1589 3444 1671 3501 et;

110 3522 148 3564 et
170 3522 273 3579 post
300 3511 568 3565 nonnulla
600 3524 696 3578 pro
725 3508 1015 3579 episcopum
1042 3519 1164 3565 cum
1200 3504 1412 3559 Thuan.
1440 3520 1542 3558 ms.
1576 3505 1671 3559 ha-

112 3581 209 3635 bent
253 3584 546 3652 episcopos.
1598 3612 1618 3633 ο

166 3673 187 3696 ι
210 3660 372 3715 Voces
428 3670 582 3728 atque
606 3655 801 3711 detecta
846 3671 911 3710 ex
943 3654 1145 3728 nostris
1170 3668 1301 3707 mss.
1350 3652 1667 3728 adjecimus,

114 3730 390 3786 concinente
422 3724 588 3784 etiam
614 3728 736 3781 cod.
789 3729 1030 3791 Thuan.,
1058 3724 1147 3794 qui
1193 3733 1452 3791 pra‘terea
1494 3725 1669 3791 prodi-

113 3802 242 3852 derint
266 3801 504 3863 exhibet,
541 3802 611 3853 ita
637 3807 696 3851 ut
724 3799 788 3853 ad
818 3813 1006 3853 vocem
1042 3793 1303 3866 episcopos
1328 3793 1383 3846 in
1423 3808 1490 3848 eo
1520 3808 1671 3848 rece-

111 3882 223 3937 ptam
242 3870 341 3926 hoc
372 3871 600 3925 verbum
629 3868 848 3924 referat.
1332 3912 1337 3917 .

165 3948 182 3985 ί
210 3950 368 4018 llnjus
402 3949 742 4003 Culleclionis
785 3957 977 4003 auctor
1014 3944 1198 4002 omisit
1226 3957 1386 4018 voces
1409 3957 1538 4018 quae
1572 3943 1673 4018 hic

109 4013 402 4086 adjiciuntur
432 4030 544 4073 tum
578 4021 633 4072 in
661 4034 792 4073 mss.
845 4018 1042 4073 Veron.
1072 4026 1187 4086 tum,
1235 4015 1288 4067 in
1336 4013 1478 4081 vulg.
1518 4014 1671 4086 lsid.,

109 4083 492 4158 astipulantibus
518 4090 640 4142 aliis
669 4090 1010 4144 versionibus
1059 4096 1114 4142 et
1151 4083 1351 4158 Graeco
1390 4093 1558 4158 textu,
1591 4085 1671 4138 ni-

110 4154 292 4227 mirum,
312 4161 520 4230 ﬁdelem
544 4176 608 4213 ac
626 4161 921 4230 religiosam
944 4176 1057 4214 cum
1078 4160 1185 4211 viro
1213 4171 1306 4209 suo
1317 4154 1669 4208 dormientem.

161 4242 363 4296 SCodd.
418 4241 646 4303 Veron.,
680 4239 840 4295 Barb.
889 4249 946 4293 et
974 4238 1116 4306 vulg.
1150 4235 1275 4290 Isid.
1330 4249 1451 4289 cum
1481 4235 1673 4289 Graeco

109 4310 277 4365 addunt
306 4322 353 4365 et
376 4308 493 4379 sui!
508 4319 719 4363 ναιαιη.
866 4342 892 4376 ι,

158 4387 183 4426 δ
210 4391 312 4446 Vox
343 4392 579 4445 alienum
608 4389 759 4442 deest
784 4400 841 4441 in
891 4388 1047 4443 codd.
1087 4387 1309 4453 Veron.,
1352 4386 1404 4440 in
1444 4399 1674 4454 quorum

109 4474 193 4515 uno
212 4462 447 4518 secunda
478 4474 642 4515 manu
670 4459 877 4528 adjecta
906 4459 1024 4514 fuit.
1098 4500 1103 4501 κ

167 4538 511 4608 iQuesnellus
533 4538 789 4608 huicloco
816 4540 1139 4593 notationem
1155 4534 1406 4608 appendit
1426 4534 1522 4587 sic:
1553 4532 1674 4588 «Ca-

1769 497 1822 550 in
1844 512 2065 568 regnum
2093 499 2217 565 Dei;
2247 505 2534 557 anathema
2566 504 2657 558 sit.

1840 587 1904 641 ll.
1936 587 1991 642 Si
2023 590 2141 657 quis
2170 604 2390 647 carnem
2415 594 2825 652 manducantem
2856 613 2919 652 ex
2951 600 3055 655 fide
3083 616 3203 657 cum
3234 604 3360 657 relic

1765 679 1943 746 gione,
1980 689 2175 749 praeter
2197 684 2512 751 sanguinem
2543 693 2597 739 et
2626 686 2768 740 idolo
2800 690 3160 763 immolatum,
3181 704 3207 742 ις
3236 713 3356 750 cre-

1765 769 1966 825 diderit
2014 774 2485 829 condemnandum
2519 787 2770 846 tanquam
2804 796 2955 847 spem
2999 799 3109 839 non
3148 785 3353 843 haben-

1765 869 1894 927 tem,
1922 864 2064 932 quod
2095 881 2188 919 eas
2214 868 2529 931 manducet;
2557 871 2842 925 anathema
2876 872 2963 926 sit.

1837 953 1924 1007 III.
1956 953 2009 1007 Si
2040 956 2157 1024 quis
2196 972 2407 1011 servum
2448 956 2474 994 ¹ι
2501 960 2735 1014 alienum
2767 962 3055 1019 occasione
3077 966 3356 1035 religionis

1764 1043 1953 1099 doleat
1988 1045 2262 1099 dominum
2295 1062 2449 1102 suum
2478 1059 2828 1107 contemnere
2869 1053 3091 1121 debere,
3122 1064 3179 1111 et
3236 1058 3356 1125 ejus

1766 1136 2122 1190 ministerium
2160 1138 2473 1207 dCSlituet‘e,
2499 1157 2560 1195 ac
2586 1159 2692 1199 non
2723 1148 2899 1213 potius
2940 1146 3185 1202 docuerit
3230 1163 3352 1202 eum

1764 1228 1987 1281 domino
2014 1246 2112 1282 suo
2138 1230 2274 1284 bona
2296 1233 2397 1286 lide
2412 1243 2465 1288 et
2491 1242 2612 1288 eum
2638 1238 2785 1291 omni
2810 1238 3215 1299 honoriﬁcentia
3237 1252 3354 1296 ser-

1770 1318 1925 1384 vire;
1956 1318 2239 1375 anathema
2271 1321 2361 1375 sit.

1842 1407 1857 1445 ί
1904 1409 1990 1463 IV.
2022 1410 2079 1465 Si
2126 1412 2244 1481 quis
2298 1412 2455 1468 docet
2504 1415 2721 1472 domum
2755 1418 2849 1473 Dei
2889 1424 3349 1491 contemptibilem

1763 1516 1885 1557 esse
1937 1503 2174 1569 debere,
2209 1515 2262 1558 et
2306 1508 2322 1555 l
2371 1523 2479 1561 non
2534 1512 3003 1581 congregationes,
3032 1530 3151 1583 quas
3200 1514 3254 1568 in
3285 1532 3347 1570 ea

1765 1594 1900 1648 ﬁunt
1929 1596 2200 1661 sequitur;
2234 1598 2517 1653 anathema
2558 1603 2651 1655 sit.

1840 1696 1903 1751 V.
1948 1696 2003 1751 Si
2031 1699 2149 1766 quis
2182 1709 2330 1753 extra
2364 1701 2647 1758 ecclesiam
2680 1703 2928 1775 privatim
2960 1708 3187 1776 p0pulos
3221 1724 3353 1763 con-

1574 1768 1657 1820 ¹¹¹³
1694 1771 1738 1831 Β
1764 1807 2010 1862 gregans,
2028 1798 2757 1854 contemnatecclesiasticas
2772 1802 3080 1856 sanctiones
3100 1800 3123 1839 ¹ι
3160 1802 3357 1870 ipsam-

1765 1905 1869 1958 que
1901 1888 2227 1955 Ecclesiam;
2260 1891 2399 1960 apud
2432 1908 2491 1947 se
2533 1906 2713 1950 autem
2745 1907 2833 1950 aut
2863 1897 2982 1952 sine
3011 1901 3350 1968 presbytero.

1764 1989 1995 2042 autsine
2024 1989 2252 2043 consilio
2280 1990 2516 2060 episcopi
2546 2004 2668 2061 agat
2692 2010 2706 2059 ;
2735 1995 3020 2048 anathema
3043 1997 3133 2049 sit.

1781 2080 1804 2087 ’”
1842 2088 1928 2141 Vl.
1954 2088 2149 2158 Siquis
2171 2091 2500 2146 oblationem
2534 2093 2821 2161 fructuum,
2853 2096 2935 2149 vel
2962 2095 3222 2162 primitias
3266 2113 3358 2153 ρο-

1768 2190 1945 2245 clesim
1975 2189 2208 2255 debitas,
2243 2190 2471 2244 voluerit
2521 2201 2671 2246 extra
2705 2194 2859 2265 125
2884 2196 3167 2250 ecclesiam
3215 2197 3359 2250 acci-

1773 2305 1900 2359 pere
1929 2290 2012 2343 νιιι
2036 2291 2187 2355 dare,
2209 2300 2402 2359 praeter
2424 2291 2807 2347 conscientiam
2833 2295 3090 2363 episcopi,
3125 2294 3139 2332 ¹
3165 2308 3217 2351 et
3247 2312 3354 2351 non

1772 2390 1941 2456 magis
1968 2404 2088 2442 cum
2119 2389 2348 2445 consilio
2378 2389 2493 2459 ejus
2534 2389 2601 2445 de
2636 2392 2721 2446 his
2749 2392 3014 2462 agendum
3058 2401 3354 2462 putaverit;

1768 2489 2053 2545 anathema
2083 2489 2174 2544 sit.

1838 2587 1949 2642 VII.
1985 2587 2041 2643 Si
2089 2588 2209 2657 quis
2256 2589 2526 2665 acceperit
2553 2589 2634 2644 vel
2667 2590 2874 2645 dederit
2906 2590 3171 2645 fructuum
3203 2592 3293 2644 obl
3313 2612 3354 2643 ι-

1771 2688 1967 2765 tiunein
1996 2698 2149 2743 extra
2175 2689 2485 2758 episcopum
2506 2690 2542 2710 "‘
2577 2693 2658 2746 vel
2689 2690 2983 2758 quemlibet
3022 2694 3349 2756 intui-trum,

1766 2843 2033 2915 synodicae
2062 2842 2111 2894 iu
2129 2852 2256 2915 «crta
2291 2842 2473 2915 tibide
2501 2843 2825 2912 presbyteris
2843 2844 3143 2914 coniugatis
3170 2862 3348 2901 sermo

1768 2913 1870 2967 cst.
1900 2914 1952 2967 Id
1991 2913 2311 2978 Quesnellus
2340 2913 2523 2966 tribuit
2570 2915 2738 2969 codic.
2772 2913 3025 2969 Romanae
3060 2918 3354 2983 Ecclesiae;

1769 2984 1863 3037 Sed
1917 2998 2218 3051 perperam,
2278 2983 2353 3035 uti
2410 2985 2607 3049 patebit
2661 2998 2726 3038 ex
2767 2984 3238 3041 Observationibus
3283 2991 3350 3042 ad

1771 3054 1939 3118 ipsius
1981 3052 2411 3117 dissertationcm
2449 3053 2501 3107 in
2550 3055 2690 3107 hunc
2710 3059 2951 3111 codicem
2984 3072 3102 3123 cap.
3132 3058 3185 3118 2.
3215 3076 3265 3110 n.
3298 3060 3352 3113 9.

1773 3127 1971 3178 Omnes
1998 3123 2087 3176 alii
2115 3123 2329 3177 codices
2361 3132 2415 3176 et
2450 3123 2792 3178 collectiones
2838 3141 2959 3193 quae
3005 3127 3347 3183 lsidorianam

1772 3197 2072 3248 versionem
2105 3202 2442 3259 receperunt,
2474 3194 2614 3248 hunc
2654 3209 2915 3248 canouetn
2946 3199 3270 3264 praeferunt;
3303 3209 3355 3254 et

1772 3265 2098 3328 Ferrandus,
2133 3268 2219 3334 qui
2243 3265 2428 3317 eadem
2460 3267 2707 3318 versione
2733 3280 2858 3319 usus
2881 3274 2985 3329 est,
3013 3283 3066 3320 ιι.
3095 3268 3163 3322 89
3199 3286 3349 3321 cunt-

1771 3336 1891 3388 dem
1917 3336 2236 3396 conmendm
2262 3334 2495 3389 exhibet.
2518 3336 2571 3387 In
2600 3351 2700 3388 nis.
2726 3335 2882 3388 Itarb.
2909 3338 2986 3390 sic
3009 3338 3257 3393 eﬂ‘ertur:
3288 3338 3349 3392 Si

1770 3410 1883 3475 quis
1927 3406 2272 3472 preiby'esum
2321 3407 2668 3475 quiritaforem
2713 3406 2887 3475 habuit
2926 3406 3057 3474 forte
3092 3412 3349 3470 discernit,

1770 3474 1906 3546 quod
1929 3493 2029 3546 non
2048 3475 2193 3526 habet
2219 3491 2281 3528 eo
2312 3474 2714 3546 ministrantede
2736 3474 3031 3546 oblatione;
3078 3479 3353 3530 anathema

1772 3542 1856 3600 in.
1903 3547 1958 3597 ιι.
1993 3545 2294 3597 Hardninus
2343 3553 2383 3596 ι.
2412 3542 2453 3597 Il
2482 3544 2684 3611 Concil.
2732 3545 2862 3597 Ven.
2901 3547 3057 3611 edil.,
3088 3551 3191 3599 col.
3222 3549 3349 3609 457,

1774 3627 1885 3669 not.
1918 3617 1970 3677 4,
1992 3629 2060 3682 ex
2091 3614 2197 3667 alio
2222 3614 2408 3668 codice
2436 3612 2514 3666 sic
2549 3630 2560 3662 :
2596 3608 2658 3667 Si
2689 3615 2804 3681 quis
2850 3608 3090 3667 discernit
3119 3617 3182 3668 de
3211 3608 3352 3669 oblu-

1773 3687 1998 3741 tionibus
2049 3699 2151 3735 non
2180 3684 2559 3754 communicaris
2589 3699 2710 3751 quas
2747 3683 3006 3754 presbyter
3031 3685 3352 3740 celebraverit

1772 3760 2109 3826 conjugatus;
2140 3751 2412 3806 anathema
2441 3753 2527 3806 sit.

1848 3837 1862 3884 i
1898 3835 2016 3888 Duo
2046 3832 2205 3914 codd.
2238 3832 2363 3887 Ver.
2396 3841 2450 3886 et
2478 3831 2636 3887 Barb.
2666 3846 2786 3887 cum
2826 3833 2967 3903 vulg.
3002 3832 3127 3889 Isid.
3170 3833 3351 3890 delent

1773 3921 1875 3960 non
1904 3916 1962 3959 et
2002 3914 2245 3972 sequitur.

1846 3984 1873 4022 κ
1902 3985 2060 4054 Vulg.
2092 3980 2218 4038 Isid.
2249 3981 2394 4036 addit
2427 4000 2439 4034 :
2472 3982 2720 4049 aliterque
2749 3998 2808 4035 ea
2829 3998 2942 4051 quo:
2968 3992 3086 4037 sunt
3118 3982 3355 4037 Ecclesia

1772 4056 1986 4111 voluerit
2016 4069 2281 4123 usurpare,
2297 4070 2395 4107 non
2422 4055 2744 4123 conveniente
2774 4056 3062 4123 presbytero
3084 4055 3239 4120 juxta
3266 4055 3353 4105 de-

1774 4139 1967 4181 cretum
2003 4122 2227 4196 episcopi
2256 4127 2517 4196 ipsamque
2532 4122 3000 4196 Ecclexiam,_etc.,
3030 4126 3349 4196 qutenecin

1776 4197 1878 4252 hac
1906 4192 2245 4260 collectione,
2276 4192 2381 4249 'nec
2402 4192 2451 4246 in
2476 4195 2595 4246 aliis
2622 4194 2960 4247 versionibus
2985 4192 3057 4249 et
3085 4192 3355 4245 collemio-

1775 4268 1932 4322 nibus
1981 4266 2343 4335 reperiuntur.
2387 4265 2517 4317 Cod.
2572 4263 2728 4317 Barb.
2778 4265 2963 4335 solum
2998 4263 3164 4335 variat
3191 4264 3357 4335 inse-

1775 4333 2060 4404 quentibus
2091 4351 2106 4389 :
2138 4335 2276 4401 apud
2300 4350 2354 4387 se
2379 4345 2547 4386 autent
2567 4350 2627 4386 ea
2642 4349 2754 4401 qua
2768 4345 2890 4387 sunt
2920 4333 3162 4387 Ecclesite
3176 4334 3353 4385 votae—

1775 4410 1840 4462 rit
1870 4422 2035 4477 agere,
2068 4422 2167 4459 non
2201 4405 3127 4477 convenientepresbyterousecundum
3156 4405 3352 4472 episco-

1776 4480 1830 4549 pi
1850 4473 2170 4549 jussionem;
2192 4475 2573 4549 anathemasit.
2607 4474 2799 4527 νει-(ιιι.
2819 4473 2888 4549 55
2902 4482 3066 4549 totum
3092 4488 3351 4549 curionem

1778 4542 1933 4601 aliier
1971 4548 2125 4600 ell‘ert
2150 4549 2264 4597 sic:
2299 4542 2357 4597 Si
2400 4545 2514 4610 quis
2557 4553 2701 4595 extra
2735 4544 3001 4596 ecclesiam
3030 4544 3081 4595 in
3111 4543 3215 4595 alto
3243 4544 3354 4594 loco

107 4605 298 4685 nonem,
326 4612 423 4682 qui
450 4612 503 4666 in
535 4607 653 4685 aliis
674 4609 946 4663 eodicibus
967 4618 1191 4676 quartus
1206 4605 1422 4685 est,_hic_
1453 4615 1667 4685 prseter-

1784 4621 1995 4685 privato,
2018 4625 2341 4668 contemnens
2364 4605 2642 4666 Ecclesium
2671 4612 2788 4677 Dei,
2823 4612 3041 4685 populos
3064 4624 3355 4683 congregat,

108 4683 238 4736 mittit
264 4675 496 4752 uterque
525 4680 693 4734 codex
724 4694 853 4742 ms.,
884 4675 1139 4752 quemue}
1195 4680 1261 4730 ah
1303 4675 1536 4752 Ecclesia
1553 4676 1675 4752 Ito-

106 4765 233 4808 mana
261 4755 332 4808 ob
378 4745 435 4808 id
486 4766 592 4806 non
640 4745 915 4819 receptum
944 4749 1286 4810 crediderim,
1332 4763 1398 4819 ne
1430 4745 1674 4799 videlicet

108 4820 161 4893 de
183 4825 494 4893 presbytero
543 4818 829 4893 conjttgato
857 4820 1198 4893 coniugiique
1241 4818 1451 4887 jurihus
1490 4825 1672 4870 uteute

105 4890 384 4948 intellectus
408 4897 652 4947 incautos
674 4890 983 4956 deciperet;
1017 4901 1069 4942 et
1114 4891 1234 4959 quia
1269 4903 1362 4959 per
1387 4902 1503 4940 eam
1533 4896 1671 4938 tem-

104 4973 340 5035 Pestntem
370 4979 480 5035 qua
520 4976 754 5035 canones
798 4962 883 5015 isti
914 4961 983 5013 ab
1017 4958 1255 5035 Ecclesia
1284 4958 1537 5035 humana
1583 4970 1672 5009 re-

102 5034 223 5101 cepti
270 5029 417 5099 sunt,
460 5031 882 5102 jampridemrea
931 5031 1222 5102 necessitas
1266 5029 1499 5102 desierat
1552 5043 1671 5094 quae

101 5098 212 5157 olim
259 5098 549 5173 itnpttlerat
578 5098 651 5157 ἰιι
689 5101 963 5170 catujtigati
1001 5101 1066 5173 ad
1109 5098 1463 5173 sacerdmitrni
1487 5112 1669 5173 __assu-

102 5168 384 5242 merentur,
414 5174 575 5228 modo
603 5188 629 5225 a
659 5168 974 5242 coniugibus
1022 5172 1372 5242 abstinerent.
1406 5168 1549 5242 'I‘alis
1586 5174 1671 5242 est

103 5258 247 5307 porro
270 5236 449 5299 can'on
473 5246 561 5298 ille
590 5245 626 5298 4
678 5236 1120 5309 ειμιίᾱΊείάοι-ιιιιι
1152 5257 1165 5293 :
1192 5240 1251 5294 Si
1289 5240 1400 5306 quis
1431 5236 1670 5309 discernit

102 5315 433 5387 presbyterum
448 5318 803 5387 conjngatnm,
822 5323 1073 5387 tanquam
1089 5310 1352 5387 occasione
1373 5308 1671 5387 nuptiarum

100 5377 432 5451 quod'oﬂerre
460 5377 560 5439 non
595 5377 805 5450 debeat,
863 5392 910 5436 et
922 5377 999 5435 ἰώ
1028 5385 1139 5451 ejus
1162 5377 1589 5451 oblationeideo
1617 5393 1673 5430 se

102 5449 369 5517 abstineat;
398 5457 674 5509 anathema
702 5449 834 5508 sit.»
872 5453 995 5506 Ha'c
1020 5449 1126 5506 ille.
1146 5449 1310 5518 _llunc
1334 5449 1549 5518 quidem
1582 5462 1674 5502 ca-

104 5508 276 5581 lloiietn
316 5508 515 5582 omisit
564 5508 747 5580 noster
791 5524 1063 5585 collector,
1117 5508 1564 5586 qitemadinodum
1616 5518 1669 5570 in

102 5598 380 5667 canentibus
410 5597 704 5667 Aneyranis
735 5594 834 5648 alia
862 5593 1034 5663 quoad
1063 5592 1315 5667 diaconos
1343 5590 1583 5667 mutarit,
1615 5596 1673 5641 ut

103 5666 413 5721 Occidentali
451 5659 744 5734 disciplina:
774 5659 893 5719 sese
924 5662 1390 5734 accommodaret;
1424 5659 1516 5712 scd
1567 5674 1671 5734 non

105 5736 517 5793 advertiteadeui
542 5729 751 5793 ultione
798 5735 1022 5790 delenda
1051 5732 1213 5787 fuisse
1243 5733 1482 5785 uua-dam
1513 5729 1671 5783 verba

1778 4681 1825 4743 et
1850 4681 1990 4744 citra
2030 4686 2377 4754 presbyterum
2405 4685 2481 4737 vel
2502 4685 2792 4754 episcopum
2841 4681 3216 4754 Eucharistiom
3244 4681 3358 4735 ero-

1776 4771 1901 4830 gat;
1928 4752 2204 4830 anathema
2228 4757 2311 4830 sit.
2342 4752 2537 4807 Veron.
2571 4754 2638 4807 58
2672 4767 2834 4830 putus
2860 4752 3206 4830 _|sidurianns
3235 4768 3358 4804 cum

1776 4822 2018 4884 Variante
2053 4841 2084 4881 a
2116 4826 2333 4881 Lahbeo
2360 4834 2608 4878 annotata
2644 4823 2801 4876 habet
2829 4824 2907 4877 sic
2940 4841 2951 4876 :
2987 4822 3046 4880 Si
3072 4825 3186 4892 quis
3215 4835 3358 4876 enim

1778 4900 2062 4954 Ecclesium
2119 4899 2357 4965 privatim
2408 4898 2623 4965 populos
2670 4910 3016 4963 congregans,
3074 4904 3359 4946 contemnat

1775 4970 2098 5029 Ecclesium;
2137 4970 2276 5037 apud
2320 4983 2373 5019 se
2425 4976 2591 5017 autem
2620 4965 2727 5017 sine
2756 4966 3046 5037 presbytero
3083 4974 3224 5037 agat,
3248 4978 3358 5014 cum

1775 5042 2004 5112 [corrige
2026 5053 2148 5112 cum
2172 5033 2376 5092 Labbei
2405 5038 2591 5091 codice
2619 5046 2666 5089 et
2689 5033 2822 5104 sine]
2854 5033 3074 5089 consilio
3099 5035 3358 5101 episwp‘;

1773 5108 2046 5165 anathema
2072 5110 2158 5162 sit.

1841 5187 1859 5226 1
1892 5188 2047 5255 Vulg.
2083 5185 2206 5239 Isid.
2253 5183 2422 5250 addit,
2453 5184 2532 5255 vel
2561 5183 2719 5255 hujus
2743 5182 2824 5235 cui
2863 5179 3162 5255 hujusmodi
3199 5177 3360 5255 adicio

1774 5249 2045 5310 commissa
2059 5263 2179 5309 sunt
2203 5272 2215 5304 :
2239 5269 2358 5321 quae
2388 5249 2544 5307 verba
2569 5249 2637 5306 ei
2666 5249 3149 5322 Dionysio'sumpta
3172 5249 3359 5300 viden-

1775 5336 1878 5396 tur,
1911 5328 2100 5382 Graeco
2131 5333 2285 5378 textu
2316 5322 2660 5389 suﬂ‘ragante.

1847 5392 1882 5428 ⁸⁵
1928 5404 2086 5474 Vulg.
2131 5401 2367 5474 Isid._ex
2403 5399 2639 5474 Dionysii
2690 5397 2957 5474 versione,
3009 5397 3089 5474 uel
3118 5392 3362 5474 _enm__qui

1776 5466 2080 5532 constituth
2126 5484 2195 5527 est
2237 5472 2300 5524 ab
2340 5485 2397 5523 eo
2431 5468 2500 5520 ad
2538 5466 2931 5531 dispensandam
2962 5468 3358 5520 misericordium

1779 5547 2103 5619 pauperibus.
2128 5545 2213 5609 qui
2236 5543 2326 5619 dat
2359 5548 2407 5619 et
2431 5538 2520 5619 qui
2547 5539 2726 5619 accipit
2747 5537 3061 5619 ;_anatlteina
3090 5537 3357 5619 sitlliatb.

1781 5609 1901 5688 post
1928 5632 2110 5673 vorem
2139 5616 2305 5686 operis
2344 5609 2491 5666 addit
2520 5618 2567 5662 et
2587 5609 2672 5679 qui
2693 5609 2804 5674 dat,
2835 5618 2878 5659 et
2906 5611 2991 5678 qni
3013 5609 3221 5672 accipit.
