3960 6188
405 277 515 335 455

1348 260 1687 321 APPENDIX
1729 261 1819 315 AD
1858 258 1915 314 S.
1958 254 2202 333 LEONIS
2241 253 2454 309 MAGNI
2490 252 2743 309 OPERA.

3568 244 3678 304 456

414 385 655 455 quamvis
696 394 751 441 et
792 384 856 440 ad
887 380 1276 454 presbyterium
1310 378 1449 433 idem
1478 374 1763 431 Ctefestius
1810 383 1993 439 postea
2023 371 2071 431 Α
2101 382 2215 421 ram
2240 372 2263 424 ?
2292 365 2308 403 ί
2355 383 2459 421 non
2487 365 2821 421 attendentes
2851 361 2988 433 quod
3020 361 3276 430 scriptum
3300 369 3383 415 est
3409 379 3422 415 :
3456 361 3687 429 Spiritus

420 479 730 546 Pervenisse
756 478 982 540 dicatur,
1014 473 1114 529 nisi
1146 472 1258 525 haec
1286 468 1621 537 apertissime
1649 463 2001 519 anathemati-

417 570 680 633 zaverint,
739 568 882 637 ipsos
923 559 1366 619 anathematizari
1397 566 1644 626 oportere
1669 572 1682 609 :
1710 565 1763 608 ut
1791 556 1833 608 si
1857 554 2001 622 ipso-

420 676 538 716 rum
570 676 673 713 non
707 657 959 728 petuerit,
991 654 1181 709 saltem
1213 664 1398 705 eorum
1448 647 1540 716 qui
1586 647 1651 701 ab
1680 648 1761 699 eis
1790 643 2006 712 decepti

422 760 545 804 sunt
575 749 657 802 vel
686 748 859 815 decipi
891 754 1133 814 possunt,
1162 741 1374 810 cognita
1400 740 1663 793 sententia
1692 752 1812 806 qua:
1834 738 1885 791 in
1908 749 2002 788 eos

422 840 528 892 lata
556 847 656 903 est,
690 837 891 889 sanitas
925 841 1259 903 procuretur.

499 925 808 997 130'Cse.
840 924 904 978 ll.
927 951 998 965 -—
1024 921 1138 975 Hoc
1167 920 1345 988 itaque
1374 924 1605 988 gestum,
1650 913 1867 968 domine
1895 912 2001 966 fra-

423 1027 527 1081 ter,
562 1027 586 1052 ι
618 1025 817 1070 sanctae
847 1013 1097 1068 cbaritati
1142 1022 1242 1067 tute
1271 1010 1623 1064 intimandum
1651 1006 1916 1071 duximus,
1948 1011 2010 1057 ut

424 1106 636 1161 statutis
665 1103 691 1142 δ
718 1116 917 1159 nostra:
939 1101 1325 1158 mediocritatis
1347 1104 1508 1152 etiam
1536 1098 1845 1165 apostolica:
1864 1095 2009 1148 sedis

426 1197 745 1250 adhibeatur
774 1196 1086 1257 auctoritas,
1120 1208 1216 1262 pro
1245 1192 1441 1245 tuenda
1482 1191 1654 1243 salute
1696 1188 2004 1253 multorum,
2044 1217 2057 1228 ο

428 1304 475 1338 et
512 1288 864 1357 quorumdam
910 1284 1260 1353 perversitate
1298 1290 1320 1319 ε
1368 1281 1529 1335 etiam
1572 1276 1907 1347 corrigenda.
1954 1275 2011 1330 ld

428 1378 571 1430 enim
611 1388 771 1445 agunt
817 1375 904 1435 isti
948 1372 1341 1428 damnabilibus
1384 1368 1830 1439 disputationibus
1877 1367 2009 1436 suis,

432 1478 488 1521 ut
517 1483 625 1520 non
656 1466 1013 1531 defendendo,
1062 1464 1153 1517 sed
1199 1464 1375 1533 potius
1405 1462 1458 1515 iu
1497 1460 1802 1529 superbiam
1848 1458 2015 1513 sacri—

437 1559 608 1627 legam
650 1556 962 1611 extollendo
992 1555 1218 1611 liberum
1254 1536 1566 1615 arbitrium,
1594 1551 1798 1605 nullum
1838 1538 2015 1604 locum

432 1650 738 1718 relinquant
760 1648 955 1718 gratiae
987 1641 1106 1711 Dei,
1149 1660 1252 1715 qua
1282 1643 1578 1700 Christiani
1605 1658 1808 1708 sumus,
1835 1655 1936 1711 qua
1963 1648 2018 1695 et

2102 462 2318 532 adjurat
2343 459 2691 527 inﬁrmitatem
2716 464 2941 510 nostram
2966 454 3140 525 (Rom.
3169 450 3418 522 vmﬂﬁ);
3446 462 3535 508 et:
3565 451 3687 509 Non

2101 550 2336 613 volentis,
2368 565 2525 616 neque
2545 547 2831 608 currentis;
2869 545 3267 599 srdmiserentis
3295 554 3367 597 est
3401 543 3493 598 Dei
3520 543 3684 615 (lbitl.

2106 657 2180 703 Ix,
2209 639 2328 708 16);
2355 638 2369 689 i
2404 650 2457 692 et
2474 656 2486 690 :
2503 637 2644 707 quod
2668 651 2826 691 unum
2850 652 3035 701 corpus
3058 651 3228 688 sumus
3243 636 3296 687 iu
3312 634 3513 690 Christo
3534 636 3683 706 Jesu,

2106 730 2297 800 singuli
2337 739 2504 781 autem
2543 726 2672 781 alter
2714 728 2927 799 alterius
2967 725 3188 778 membra
3220 740 3239 777 :
3273 725 3512 781 habentes
3538 728 3690 782 dorsa

2109 820 2328 882 diversa,
2358 820 2636 871 secundum
2665 818 2904 888 gratiam,
2937 832 3047 880 qua:
3077 817 3198 868 data
3222 826 3304 869 est
3333 817 3478 870 nobis
3521 816 3689 888 (Ibid.

2107 924 2201 975 xu,
2232 909 2321 978 5);
2347 921 2401 963 et
2427 928 2439 962 ι
2463 906 2644 975 Gratia
2672 909 2763 961 Dei
2783 925 2895 960 sum
2919 908 2973 960 id
2994 906 3129 975 quod
3156 923 3268 960 sum
3283 923 3303 973 ;
3324 917 3372 961 et
3393 912 3555 978 gratia
3578 911 3690 979 ejus

2107 999 2160 1051 iu
2182 1016 2261 1052 me
2280 1014 2436 1052 vacua
2473 1014 2572 1052 non
2607 999 2742 1066 fuit;
2770 997 2856 1050 sed
2880 998 3001 1069 plus
3025 997 3257 1051 omnibus
3295 998 3399 1050 illis
3428 997 3689 1059 laborari;

2110 1109 2212 1165 non
2235 1102 2402 1145 autem
2423 1107 2537 1160 ego,
2562 1092 2649 1147 sed
2671 1092 2836 1161 gratia
2861 1090 2953 1144 Dei
2984 1106 3177 1143 mecum
3199 1091 3242 1160 (ι
3265 1088 3385 1143 Cor.
3429 1105 3517 1159 xv,
3567 1093 3691 1157 10);

2111 1192 2201 1238 et:
2229 1181 2433 1237 Gratias
2462 1199 2559 1253 ago
2582 1181 2824 1247 Domina,
2847 1186 2935 1252 qui
2963 1182 3105 1234 dedit
3141 1181 3287 1236 nobis
3316 1182 3579 1238 uictoriam
3601 1201 3696 1255 per

2111 1274 2285 1331 Jesum
2323 1275 2580 1330 Christum
2613 1274 2884 1328 Dominum
2925 1288 3158 1328 nostrum
3206 1275 3393 1344 (lbid.,
3424 1277 3551 1345 57);
3597 1287 3697 1332 et:

2116 1366 2239 1421 Non
2272 1368 2391 1436 quia
2425 1367 2597 1421 idonei
2630 1365 3061 1434 sumusrctgitare
3090 1364 3305 1432 aliquid,
3339 1366 3489 1434 quasi
3515 1382 3577 1419 rx
3607 1382 3700 1419 no.

2116 1457 2456 1526 bismetipsis;
2499 1457 2586 1511 sed
2618 1456 2920 1526 suﬁicien'ia
2952 1466 3128 1509 nostra
3154 1471 3215 1509 ea:
3244 1455 3349 1509 Deo
3375 1465 3448 1510 est
3485 1457 3548 1527 (ll
3572 1458 3697 1512 Cor.

2119 1567 2198 1615 tit,
2222 1550 2308 1621 5);
2346 1559 2440 1605 et:
2474 1547 2734 1602 Habemus
2760 1548 3050 1601 thesaurum
3084 1548 3234 1603 istum
3272 1548 3326 1600 iu
3354 1549 3485 1601 uasis
3520 1548 3703 1616 ﬁctili-

2120 1642 2242 1708 bus;
2268 1652 2322 1697 ut
2351 1641 2624 1695 eminentia
2660 1641 2723 1693 sit
2746 1640 2943 1692 virtutis
2973 1637 3089 1707 Dei,
3118 1637 3139 1673 εί
3164 1656 3264 1691 non
3287 1656 3347 1693 ea;
3374 1639 3703 1709 uobis(lbitl.

433 1742 606 1810 ipsum
644 1750 841 1795 nostra:
878 1737 1170 1793 Voluntatis
1210 1736 1490 1792 arbitrium
1527 1743 1654 1789 Vere
1680 1734 1738 1789 fit
1763 1735 2013 1799 liberum,
2043 1735 2093 1796 Β
2121 1750 2193 1799 tv,
2226 1735 2315 1803 7);
2348 1743 2403 1787 et
2424 1732 2825 1786 innumerabilia
2855 1747 2973 1799 quae
3014 1733 3079 1786 de
3104 1732 3405 1799 Scripturis
3426 1740 3704 1797 omnibus,

434 1832 559 1885 dum
602 1845 631 1883 a
668 1829 961 1886 carnalium
1008 1826 1557 1895 concupiscentiarum
1581 1821 1609 1861 τι
1650 1822 2011 1879 dominatione

434 1922 710 1985 liberatur,
756 1922 970 1975 dicente
1003 1910 1266 1974 Domino:
1295 1916 1355 1972 Si
1395 1933 1481 1970 vos
1504 1914 1672 1969 Filius
1711 1914 2012 1978 liberaverit,

433 2021 554 2066 tunc
574 2028 684 2066 vere
707 2012 851 2066 liberi
891 2011 1076 2068 eritis:
1105 2008 1245 2079 quod
1277 2008 1535 2063 auxilium
1569 2006 1700 2061 fides
1743 2004 2011 2074 impetrat,

435 2119 554 2173 quae
576 2114 658 2158 est
688 2103 741 2156 in
770 2100 984 2156 Christo
1022 2100 1148 2156 Jesu
1175 2099 1403 2154 Domino
1434 2105 1638 2153 nostro.
1674 2096 1763 2150 lsti
1788 2105 1811 2132 °
1839 2103 2014 2148 autem

436 2203 709 2259 asserunt,
755 2194 896 2246 sicut
925 2205 956 2245 a
989 2191 1245 2245 fratribus
1274 2191 1364 2259 qui
1413 2190 1573 2243 etiam
1620 2201 1806 2242 eorum
1854 2185 2019 2238 libros

436 2286 680 2355 legerunt
708 2284 1079 2353 cognovimus,
1102 2280 1155 2335 in
1181 2295 1248 2335 eo
1275 2276 1615 2350 gratiam'Dei
1636 2277 2016 2347 deputandum,

436 2376 578 2444 quod
612 2376 770 2429 talem
800 2372 819 2410 ί
852 2372 1081 2426 heninis
1122 2362 1350 2425 instituit
1396 2355 1708 2438 creavitque
1753 2381 2017 2431 naturam,

438 2483 558 2536 qum
590 2482 682 2535 per
724 2464 991 2534 propriam
1022 2462 1351 2517 voluntatem
1383 2461 1555 2539 legem
1589 2460 1681 2513 Dei
1713 2467 1894 2528 posset
1921 2456 2021 2512 int-

440 2559 612 2626 plere,
642 2557 755 2610 sive
781 2554 1098 2608 naturaliter
1123 2552 1177 2606 in
1200 2555 1362 2606 corde
1390 2550 1770 2621 conscriptam,
1821 2549 1934 2602 sive
1967 2549 2019 2601 iit

440 2646 634 2701 litteris
662 2646 873 2711 datam;
917 2642 1160 2698 eamdem
1208 2656 1421 2712 quoque
1469 2641 1641 2707 legem
1683 2640 1748 2693 ad
1794 2640 2021 2708 gratiam

442 2737 535 2793 Dei
569 2738 858 2807 pertinere,
889 2737 1035 2804 quod
1066 2735 1210 2789 illam
1245 2733 1379 2788 Deus
1404 2735 1460 2787 in
1492 2733 1810 2803 adjutorium
1848 2732 2020 2784 Itami—

441 2829 589 2887 uibus
610 2830 749 2883 dedit
776 2827 934 2901 (Isai.
956 2843 1070 2892 vtit,
1095 2827 1186 2896 9.0,
1211 2843 1315 2880 sec.
1340 2812 1538 2895 LXX):
1569 2823 1716 2878 lllam
1747 2836 1875 2876 vero
1900 2836 2023 2891 gra-

441 2922 570 2978 tiam
611 2937 735 2992 qua,
792 2931 847 2975 ut
886 2921 1086 2975 dictum
1128 2929 1231 2986 est,
1282 2915 1572 2971 Christiani
1615 2928 1822 2980 sumus,
1870 2914 2023 2982 cujus

445 3017 729 3086 Apostolus
759 3013 1079 3083 praedicator
1105 3018 1209 3074 est,
1258 3009 1443 3064 dicens
1485 3025 1505 3061 ι
1524 3008 1853 3064 Condelector
1884 3007 2022 3083 enim

2117 1824 2164 1877 si
2190 1823 2438 1891 colligere
2463 1823 2717 1889 velimus,
2741 1818 2760 1858 1
2789 1832 2964 1877 tomus
2987 1838 3091 1876 non
3119 1823 3343 1889 sufficit;
3370 1834 3426 1878 et
3451 1840 3706 1876 verentur

2119 1929 2186 1969 ne
2222 1913 2360 1983 apud
2405 1923 2456 1968 te
2486 1914 2583 1967 ista
2628 1914 2737 1982 ipsa
2780 1914 3277 1980 commemorandi,
3322 1930 3441 1983 quae
3485 1915 3701 1982 majore

2117 2007 2284 2073 gratia
2323 2005 2392 2059 de
2431 2003 2559 2059 sede
2597 2004 2885 2070 apostolica
2930 2004 3211 2072 praedicas,
3258 2005 3706 2061 inconvenieutcr

2121 2092 2296 2149 facere
2330 2095 2623 2150 videamur.
2650 2094 2775 2148 'Sed
2828 2094 2949 2147 ideo
2976 2094 3219 2158 facimus,
3251 2097 3372 2164 quia
3402 2105 3439 2132 ω
3468 2112 3531 2151 eo
3556 2098 3710 2166 quod

2120 2184 2445 2241 inﬁrmiores
2491 2199 2695 2249 sumus,
2748 2201 3150 2254 quaquaversus
3202 2189 3559 2258 unusquisque
3601 2206 3713 2244 πως

2122 2287 2292 2331 strum
2324 2279 2549 2331 verbum
2575 2276 2669 2331 Dei
2700 2277 3040 2345 p'rmdicaudo
3062 2288 3269 2346 putatur
3290 2282 3557 2345 attentior,
3584 2298 3714 2335 ere.

2123 2369 2275 2424 brius
2296 2384 2389 2423 eos
2419 2370 2647 2438 patimur
2669 2372 2695 2404 ιι
2720 2371 2772 2423 iu
2807 2386 2904 2425 nos
2929 2380 2981 2423 rt
3011 2356 3262 2425 audaces
3289 2372 3646 2442 insurgentes.

2194 2461 2321 2515 Car.
2353 2460 2437 2513 lll.
2464 2489 2535 2517 -τ-
2565 2461 2620 2514 Si
2647 2472 2775 2529 ergo
2805 2461 3051 2531 Pelagius
3078 2462 3465 2531 episcopalibus
3512 2467 3712 2534 gestis,

2125 2564 2244 2620 qua:
2277 2552 2328 2604 in
2359 2551 2576 2606 (Mente
2605 2554 2851 2606 confecta
2878 2553 3150 2618 dicuntur,
3203 2553 3363 2608 etiam
3411 2564 3511 2610 tua:
3540 2571 3717 2611 vene-

2124 2643 2314 2696 rationi
2339 2643 2483 2711 juste
2514 2644 2674 2698 fuerit
2702 2645 2846 2697 visus
2872 2644 3173 2709 absolutus,
3206 2660 3356 2718 error
3376 2655 3551 2701 tamen
3586 2648 3714 2716 ipse

2122 2747 2177 2791 et
2203 2736 2468 2805 impietas,
2521 2753 2639 2804 qutt-
2668 2746 2692 2772 ο
2719 2738 2829 2805 jatn
2861 2739 3057 2790 multos
3087 2749 3381 2793 assertores
3415 2740 3569 2794 habet
3607 2757 3720 2809 per

2124 2827 2337 2882 diversa
2370 2828 2664 2895 dispersos,
2688 2830 2847 2889 etiam
2880 2830 3199 2884 auctoritate
3227 2833 3533 2899 apostultcae
3556 2834 3718 2891 sedis

2126 2918 2626 2975 anatltetnatizanda
2679 2928 2780 2981 est.
2838 2918 3155 2975 Consideret
3184 2932 3225 2979 ρ,
3256 2924 3398 2976 enim
3448 2926 3718 2982 sanctitas

2128 3022 2237 3079 tua,
2288 3021 2342 3067 et
2387 3011 2748 3081 pastoralibus
2793 3014 2946 3068 nobs
2995 3016 3344 3083 compatiatur
3386 3017 3712 3082 visceribus,

432 3109 543 3176 tegi
565 3104 661 3159 Dei
689 3104 969 3159 secundum
1008 3102 1298 3156 interiorem
1340 3099 1627 3164 hominem;
1672 3098 1815 3151 video
1854 3108 2024 3150 autem
2048 3101 2094 3161 C
2128 3118 2284 3173 quam
2309 3105 2380 3157 sit
2408 3103 2719 3171 pestiferum
2748 3113 2796 3156 et
2829 3104 3100 3159 exitiabile
3125 3106 3311 3160 ovibus
3327 3106 3540 3170 Christi,
3560 3113 3716 3177 quod

444 3198 604 3253 aliam
632 3198 795 3268 legem
821 3196 876 3248 in
917 3193 1152 3247 membris
1173 3192 1298 3246 meis
1322 3201 1684 3263 repugnantem
1711 3189 1811 3260 legi
1841 3191 2023 3242 mentis

446 3306 594 3356 mete,
633 3300 680 3344 et
703 3290 1043 3361 captivantem
1080 3302 1158 3340 me
1183 3294 1209 3333 ε
1238 3287 1292 3338 in
1323 3286 1431 3357 lege
1469 3285 1684 3354 peccati,
1730 3298 1842 3352 qua:
1875 3284 2026 3336 estin

446 3384 683 3438 membris
708 3382 856 3436 meis.
894 3380 1056 3434 Miser
1091 3396 1182 3451 ego
1221 3380 1393 3441 homo,
1443 3379 1554 3447 quis
1592 3393 1671 3431 me
1709 3377 1935 3455 liberabit
1961 3379 2027 3430 de

447 3492 663 3546 corpore
687 3475 863 3528 mortis
889 3472 1085 3543 hujus?
1122 3469 1300 3525 Gratia
1326 3469 1423 3526 Dei
1449 3486 1536 3541 per
1559 3466 1737 3524 Iesum
1767 3467 2027 3523 Christum

450 3568 730 3624 Dominum
764 3575 999 3625 nostrum
1047 3564 1226 3631 (Rom.
1276 3579 1367 3631 \‘ll,
1411 3562 1503 3632 22)
1531 3579 1545 3624 ;
1573 3563 1762 3616 nolunt
1807 3562 2028 3617 omnino

446 3673 791 3729 cognoscere,
844 3670 943 3711 nec
974 3667 1157 3725 aperte
1195 3654 1410 3724 quidem
1455 3667 1765 3723 oppugnare
1809 3651 2026 3706 audent.

446 3748 552 3803 Sed
581 3747 707 3817 quid
737 3745 884 3800 aliud
916 3753 1084 3816 agunt
1120 3759 1243 3799 cum
1281 3743 1569 3797 hominibus
1596 3742 1901 3796 animalibus
1926 3758 2029 3795 non

448 3839 839 3911 percipientibus
883 3855 997 3908 quea
1035 3844 1153 3892 sunt
1198 3835 1406 3904 spiritus
1446 3833 1543 3889 Dei
1577 3833 1623 3905 (ι
1649 3833 1768 3887 Cor.
1804 3847 1860 3897 tt,
1906 3832 2027 3901 li),

451 3930 775 3999 persuadere
804 3926 833 3967 ιι
859 3926 1054 4000 quippe
1090 3944 1196 3982 non
1219 3936 1434 3981 cessant
1459 3926 1526 3979 ad
1556 3927 2033 3994 operatidaniper-

450 4022 838 4090 liciendamque
863 4018 1153 4089 justitiam;
1200 4025 1256 4071 et
1294 4015 1388 4069 Dei
1422 4014 1669 4068 mandata
1713 4016 2032 4083 complenda

451 4110 616 4165 solam
666 4110 769 4165 sibi
809 4110 1096 4163 humanam
1150 4106 1303 4176 131
1354 4103 1604 4159 sufficere
1662 4117 1821 4173 posse
1872 4116 2029 4162 natu-

520 4320 546 4347 ⁸
578 4310 715 4364 Edit.
743 4307 1069 4376 antiquiores
1097 4305 1280 4361 delent
1307 4314 1516 4358 sanctis.

521 4380 547 4416 δ
573 4382 705 4434 Cod.
736 4378 961 4441 Ttitt.tn.,
997 4396 1027 4428 α
1055 4386 1227 4430 nostra
1250 4378 1611 4435 mediocritate.

526 4461 546 4487 ι
583 4450 894 4505 Addidimus
916 4449 1065 4503 etiam
1083 4464 1149 4503 ex
1170 4449 1417 4511 omnibus
1442 4447 1643 4500 nostris
1673 4459 1803 4499 mss.
1833 4454 1889 4500 et
1911 4445 2031 4499 aliis

452 4522 792 4577 editiuntbus.

521 4588 547 4627 (ι
585 4609 603 4641 ι
628 4592 699 4647 Ita
725 4591 865 4652 vulg.
891 4588 1018 4641 edit.
1053 4597 1107 4641 et
1134 4602 1263 4641 mss.
1295 4588 1505 4641 Tlman.
1529 4596 1583 4642 et
1601 4587 1774 4640 Oxon.
1794 4584 1955 4652 (adde
1978 4594 2033 4638 et

450 4676 638 4713 attines
652 4657 864 4724 nostri).
887 4657 1044 4713 Solus
1061 4657 1252 4724 Garu.,
1267 4659 1615 4724 damnatione,
1635 4658 1812 4710 minus
1826 4664 1989 4710 recte.
2004 4674 2024 4706 ι

450 4735 819 4797 ρυεεκειιυε.
920 4775 928 4781 .

527 4809 548 4835 ε
583 4801 676 4851 Ms.
711 4799 943 4861 Thuan.,
972 4800 1131 4852 enim.

528 4866 547 4903 ί
576 4872 775 4931 Usum,
806 4869 1093 4922 hominibus
1112 4868 1333 4919 instituit
1357 4879 1614 4919 naturam.
1634 4865 1763 4918 Post
1784 4865 2037 4918 nonnulla

450 4937 585 4991 edit.
617 4942 750 5005 Aug.
787 4947 841 4991 et
876 4941 934 4990 Ρ.
963 4936 1309 5009 Constantius
1341 4953 1462 4989 cum
1493 4950 1674 4989 nostro
1694 4933 1813 4987 Vat.
1841 4935 1898 4999 2,
1924 4953 2040 5003 pos-

454 5011 521 5062 sit
548 5013 775 5062 t'mntere.
810 5034 813 5037 λ

523 5025 905 5201 έὲςζῖεἱῖίοης,
960 5077 1012 5129 in
1052 5077 1230 5147 legtm.
1282 5076 1423 5130 Edit.
1465 5077 1608 5145 Aug.
1642 5084 1695 5129 ct
1733 5075 2038 5141 C0u:tant.,

598 5165 705 5201 eae.

455 5151 549 5204 sub
580 5151 705 5205 leue.

524 5166 549 5254 ἰ
755 5217 887 5286 Aug.
920 5227 974 5271 et
1001 5216 1183 5272 Const.
1216 5216 1397 5270 delent
1425 5218 1649 5286 quippe:
1675 5216 1885 5269 melius.

529 5289 542 5324 ί
578 5285 1126 5353 λιιιέινίιρίυεδηθιιυε
1173 5287 1224 5339 ἰιι
1267 5285 1509 5355 margine
1535 5305 1546 5338 :
1577 5285 1827 5340 tileudosa
1867 5288 2028 5343 inter-

448 5363 656 5429 puuctt‘o
686 5375 884 5429 sensum
909 5358 990 5410 ltic
1017 5360 1252 5429 pervertit
1280 5362 1331 5409 in
1360 5359 1528 5429 editis.

525 5428 543 5478 l
576 5428 883 5479 Addidimus
911 5436 958 5480 et
983 5424 1104 5482 cum
1135 5426 1319 5493 Vind"
1353 5428 1533 5493 Barb.,
1566 5437 1621 5489 et
1645 5425 1851 5481 duobus
1879 5424 2023 5490 Vat.,

451 5496 903 5566 consentientibus
928 5500 1055 5552 edit.
1096 5508 1227 5566 Aug.
1260 5511 1311 5552 et
1343 5504 1527 5552 titiust.

521 5565 543 5602 ⁸
582 5566 718 5617 Ισῖιιὶι.
748 5569 875 5635 Aug.
914 5578 966 5620 et
990 5564 1315 5621 Cuustfunu
1346 5567 1445 5621 Vat
1492 5567 1606 5619 “lati
1633 5570 1739 5621 lutit
1769 5577 1833 5619 et.
1868 5564 2021 5623 Barb.

445 5650 497 5692 ct
527 5634 645 5690 Vat.
684 5641 700 5690 l
732 5634 979 5701 ignbtant
1008 5655 1105 5690 uou
1126 5654 1189 5691 ea:
1214 5640 1372 5691 tubis.

2056 4314 2110 4373 D

2130 3194 2354 3249 istorum
2392 3195 2682 3264 sacrilegas
2727 3195 3113 3264 disputationes
3166 3203 3467 3252 necessario
3515 3216 3718 3257 conse-

2133 3289 2347 3356 quitur:
2378 3296 2434 3341 ut
2461 3304 2559 3341 nec
2580 3303 2737 3342 orare
2768 3288 3059 3344 debeamus
3095 3306 3158 3343 ne
3180 3291 3422 3344 intremus
3466 3292 3519 3344 iu
3543 3302 3719 3347 tenta-

2133 3381 2319 3451 tionem
2366 3378 2578 3451 (Matth.
2622 3395 2704 3445 v1,
2764 3379 2889 3449 l5),
2940 3380 3078 3449 quod
3124 3379 3378 3434 Dominus
3418 3383 3721 3450 discipulos

2134 3469 2356 3534 lliOﬂtlll,
2389 3481 2445 3523 et
2475 3468 2651 3540 posuit
2682 3471 2753 3523 ‘in
2796 3470 3043 3527 oratione
3083 3456 3239 3540 quam
3273 3473 3477 3537 docuit;
3526 3484 3622 3525 aut
3652 3490 3722 3527 ne

2133 3550 2339 3629 {eliciat
2377 3564 2530 3634 132
2572 3564 2699 3629 ﬁdes
2738 3575 2911 3616 nostra
2938 3561 3090 3632 (Luc.
3123 3578 3253 3628 nit,
3281 3564 3403 3633 3‘2),
3446 3565 3587 3633 quod
3619 3581 3724 3634 pro

2137 3654 2381 3723 apostolo
2409 3655 2566 3708 Petro
2590 3670 2651 3708 se
2672 3669 2889 3722 rogasse
2919 3656 3035 3721 ipse
3060 3664 3280 3709 testatus
3310 3668 3410 3710 est.
3465 3659 3518 3710 Si
3564 3659 3721 3713 enim

2135 3757 2160 3797 ιι
2177 3747 2526 3816 possibilitate
2544 3757 2745 3802 natum
2762 3748 3049 3802 et'arbierio
3076 3748 3362 3803 voluntatis
3380 3750 3430 3802 in
3449 3759 3722 3820 potestate

2140 3848 2265 3893 sunt
2289 3840 2598 3904 constituta,
2620 3838 2739 3908 quis
2765 3855 2869 3893 non
2892 3854 2952 3892 ea
2986 3838 3161 3893 videat
3191 3840 3418 3893 inaniter
3435 3854 3462 3892 a
3484 3842 3721 3895 Domino

2143 3930 2252 4000 peti
2281 3940 2335 3984 et
2381 3928 2642 3983 fallaciter
2684 3930 2847 3995 arari,
2892 3944 3012 3983 cum
3042 3929 3246 3984 orando
3277 3940 3562 3998 poscuntur
3592 3946 3723 3999 qua:

2137 4028 2346 4075 naturae
2376 4022 2448 4073 ita
2490 4021 2601 4088 jam
2652 4021 2880 4075 condita:
2922 4019 3309 4075 sufficientibus
3333 4019 3536 4075 vii-ibus
3574 4023 3723 4077 nlui.

2138 4108 2372 4165 nentur?
2392 4108 2502 4164 Nec
2531 4110 2780 4166 debuisse
2805 4110 2985 4166 dicere
3015 4108 3294 4164 Dominum
3320 4109 3499 4165 lesum
3523 4127 3535 4161 :
3571 4108 3722 4182 Vigi-

2210 4304 2225 4343 ¹
2254 4306 2397 4360 Edit.
2428 4308 2754 4362 recentiore;
2800 4311 2934 4378 Aug.
2966 4325 3086 4361 cum
3120 4323 3266 4362 ωδε.
3297 4307 3457 4364 Corb.
3487 4319 3543 4363 et
3580 4311 3726 4371 Ger-

2141 4393 2357 4450 maneu.
2388 4378 2612 4450 laudatis
2643 4395 2671 4430 a
2705 4380 2764 4433 P..
2791 4381 3089 4450 Cou:ta_nt.,
3122 4392 3337 4446 tempus.
3380 4384 3451 4434 At
3478 4382 3726 4450 antiqua)

2141 4449 2404 4501 editiones
2453 4458 2507 4503 et
2536 4449 2595 4501 P.
2638 4450 2820 4503 tiousz.
2852 4466 2915 4502 ex
2951 4448 3070 4503 aliis
3108 4450 3378 4503 codicibus
3412 4448 3739 4517 nostrorum

2143 4526 2199 4569 et
2226 4518 2495 4582 Quesnelli
2524 4520 2908 4587 exemplarium
2943 4520 3223 4573 lectionem
3250 4521 3564 4587 approbant.
3592 4523 3726 4577 Mox

2138 4587 2363 4658 Questa,
2394 4588 2589 4656 sufﬁcit
2633 4604 2831 4658 capere.
2865 4589 3167 4647 Delevimus
3207 4605 3385 4656 capere
3423 4607 3487 4644 ex
3521 4598 3728 4648 uostris

2140 4672 2270 4711 mss.
2290 4656 2448 4711 Vind.
2465 4668 2517 4711 et
2535 4656 2717 4723 Bari»,
2744 4660 3201 4714 consentientibus
3226 4660 3345 4713 aliis
3373 4662 3727 4719 editiouibus.

2215 4736 2252 4763 ω
2284 4728 2373 4783 Stc
2399 4729 2555 4781 codd.
2604 4726 2763 4783 Vind.
2794 4734 2848 4783 'et
2877 4730 3033 4783 Barb.
3075 4730 3214 4783 Edtt.
3241 4731 3376 4798 Aug.
3418 4742 3471 4784 et
3504 4731 3724 4796 Cuust.,

2140 4813 2198 4852 eo
2222 4812 2343 4869 quo.
2380 4798 2605 4869 Quem”
2634 4798 2701 4869 (in
2741 4815 2798 4850 eo
2841 4804 2999 4869 quod.
3043 4801 3165 4855 Post
3211 4816 3396 4867 pauca,
3445 4802 3590 4854 verba
3623 4803 3727 4859 Ι)τὲ

2141 4868 2473 4937 pmdicando
2504 4886 2600 4921 ius.
2629 4868 2785 4922 llarb.
2817 4884 2937 4923 cum
2969 4870 3126 4927 editis
3158 4872 3289 4939 Aug.
3322 4878 3376 4923 et
3398 4870 3582 4925 Const.

2215 4946 2243 4973 ιι
2274 4938 2428 4991 Barb.
2451 4947 2505 4991 et
2520 4940 2649 4992 edit.
2671 4938 3303 4997 (Junciliorum'etCouSt.
3323 4941 3501 4995 delent
3532 4944 3583 4994 in
3599 4957 3723 4996 nos.

2218 5016 2243 5043 °
2271 5009 2581 5075 Garnerius,
2615 5016 2717 5061 tam
2749 5012 2954 5064 multos.
3236 5071 3253 5075 λ
3430 5006 3443 5011 ”

2144 5079 2340 5201 1υεῦιιιιει
2363 5093 2434 5199 ξι
2474 5071 2602 5132 mss.
2632 5076 2788 5133 Vind.
2820 5092 2873 5134 et
2899 5079 3055 5163 ΒΜ).
3088 5096 3208 5136 cum
3236 5071 3428 5136 ‘editis.
3456 5083 3728 5147 Quesiiel-

2234 5189 2244 5201 .
2273 5165 2358 5201 era
2396 5184 2413 5200 ο

2165 5163 2244 5206 08.
2273 5163 2413 5206 ergo.
2970 5160 2975 5163 ’

2214 5166 2565 5271 :ggliits'in
2591 5217 2737 5290 pedit.
2772 5219 2907 5290 Aug.
2944 5228 3010 5290 et
3053 5219 3237 5290 Const.
3288 5221 3544 5276 inseritur
3585 5220 3719 5275 hac.

2134 5286 2290 5340 Nutat
2335 5289 2387 5340 in
2436 5288 2673 5354 margine
2703 5286 3065 5355 Quesnellus:
3106 5287 3297 5355 Carm,
3343 5292 3401 5347 Si
3430 5290 3571 5347 enim
3603 5293 3726 5344 hac

2134 5372 2253 5425 Quae
2296 5357 2650 5423 Possibilitate
2699 5370 2900 5414 natura:
2930 5369 2983 5413 et
3012 5361 3233 5414 atbitrio
3263 5362 3552 5416 voluntatis
3578 5376 3724 5429 Ρτω·

2134 5436 2360 5490 stantur,
2377 5438 2506 5495 etc.,
2534 5432 2738 5501 omnino
2764 5435 2919 5496 male,
2941 5443 3118 5482 contra
3142 5430 3301 5501 ﬁdem
3328 5434 3478 5485 codd.
3504 5447 3729 5483 excuso-

2135 5512 2249 5548 rum
2273 5500 2740 5618 e.tdiiis.~..,sermouis
2778 5509 3092 5567 contextum,
3129 5513 3177 5556 ct
3208 5503 3432 5557 auctoris
3470 5513 3722 5568 mentem,

2135 5583 2194 5618 ne
2220 5583 2304 5618 aut
2366 5583 2530 5618 verus.
3460 5576 3477 5577 ί

2134 5583 2194 5618 ne
2220 5576 2341 5636 quid
2364 5583 2530 5635 pejus.
3460 5576 3477 5577 ί
