3888 6182
188 241 258 296 £57
585 231 810 287 CODEX
854 230 1177 288 CANONUM
1223 233 1500 290 ECClJiS.
1546 235 1632 289 ET
1672 236 2248 292 (IONSTJUTORL‘M
2289 237 2346 292 S.
2388 237 2582 294 SEDIS
2622 239 2948 298 APOSTOL.

3294 247 3398 304 453

182 355 252 404 (at:
279 352 319 398 et
345 353 500 407 orate,
534 343 630 397 sed
661 343 1029 398 tantummodo
1060 345 1283 414 vigilate,
1331 362 1392 398 ne
1433 347 1629 400 intretis
1662 349 1712 402 in
1741 355 1790 413 Α
1820 349 1970 403 multi
1996 352 2080 416 qui
2110 365 2295 404 eorum
2332 353 2678 420 perhibentur
2697 370 2817 411 esse
2837 358 2919 412 vel
2948 357 3109 412 luisse
3130 359 3393 430 discipuli,

178 437 486 498 tentalt'ouent;
535 449 634 489 nec
686 435 998 489 beatissimo
1029 435 1188 492 Petro
1234 438 1406 504 primo
1447 439 1718 504 apostolo-

176 550 277 596 rum,
320 527 508 596 Rogavi
539 544 631 594 pro
665 537 732 591 te,
765 536 791 564 ι
837 527 930 580 sed
980 528 1204 596 impero,
1261 528 1346 581 vel
1392 543 1606 592 moneo,
1655 544 1719 584 ac

177 627 403 696 percipio,
452 637 512 674 ne
557 621 765 687 deﬁciat
809 621 936 688 ﬁdes
986 630 1092 675 tua.
1125 620 1523 674 Contradicitur
1557 621 1717 676 etiam

176 721 358 773 inurunt
388 714 732 767 cotttentione
778 712 1239 767 benedictionibus
1281 713 1479 767 nostris
1501 752 1516 776 ,
1548 721 1607 766 ut
1639 714 1720 767 in-

182 822 348 863 cassum
371 821 528 874 super
557 793 811 872 populum
841 803 1020 858 dicere
1052 804 1328 858 rideamur
1351 804 1607 873 quidquid
1640 804 1718 858 eis

183 915 202 952 τι
227 897 418 952 Domino
463 910 777 963 precamur,
826 902 883 947 ut
930 892 1123 948 recteh
1164 909 1225 947 ac
1256 894 1341 962 pie
1378 894 1609 948 vivendo
1639 894 1716 949 illi

185 992 406 1059 placeant;
432 987 512 1041 vel
545 987 638 1039 illa
669 1002 786 1056 qua:
814 1001 910 1054 pro
942 985 1186 1039 ﬁdelibus
1217 985 1507 1053 Apostolus
1534 999 1718 1052 preca-

185 1093 246 1134 tor
273 1080 435 1132 dicens
472 1095 484 1128 :
514 1074 698 1130 Flecto
743 1093 911 1146 genua
959 1093 1072 1130 mea
1115 1076 1181 1127 ad
1213 1075 1423 1129 Patrem
1455 1086 1476 1113 ε
1507 1074 1718 1129 Domini
1778 1080 1782 1084 ’

183 1171 306 1223 nostri
331 1167 448 1222 Jesu
470 1168 683 1233 Christi,
712 1183 776 1222 ea:
799 1185 899 1237 quo
926 1169 1092 1222 omnis
1131 1169 1412 1238 puternitas
1441 1168 1495 1220 in
1521 1170 1646 1221 ctelo
1671 1177 1718 1221 et

184 1264 221 1314 ia
241 1278 353 1313 terra
375 1262 689 1322 nominatur,
715 1269 767 1312 ut
797 1260 878 1312 det
908 1259 1044 1314 vobis
1067 1261 1350 1314 secundum
1376 1261 1581 1314 divitias
1607 1261 1718 1331 glo-

183 1351 343 1403 rimata
355 1351 536 1402 virtute
561 1337 882 1402 corroborari
900 1365 993 1417 per
1006 1349 1244 1418 spiritum
1257 1351 1370 1421 ejus
1399 1349 1612 1421 (Ephes.
1631 1363 1712 1418 ut,

184 1445 266 1511 lt).
290 1442 337 1496 Si
361 1457 482 1511 erga
513 1442 838 1496 voluerimus
862 1457 1023 1512 super
1051 1443 1304 1512 populum
1350 1441 1717 1497 benedicendo

181 1537 317 1590 dicere
340 1554 350 1588 :
370 1532 480 1588 Dad
500 1534 601 1600 illi,
626 1535 860 1601 Domine,
884 1537 1122 1590 virtutem
1147 1536 1473 1590 corroborari
1501 1551 1590 1602 per
1607 1535 1718 1605 spi-

182 1628 295 1678 ritum
333 1637 498 1690 tuum,
552 1627 778 1679 istorum
817 1626 975 1681 nobis
1023 1626 1312 1693 diSptttatio
1360 1625 1713 1691 eontradicet,

180 1718 406 1771 afﬁrmans
448 1717 678 1771 liberum
723 1717 906 1788 negari
963 1717 1266 1782 arbitrium,
1317 1718 1501 1773 si'boc
1537 1734 1567 1773 a
1608 1719 1719 1773 Deo
1748 1725 1797 1784 B

183 1813 390 1879 poscitur,
417 1811 554 1879 quod
583 1813 634 1864 in
666 1823 845 1866 nostra
871 1821 954 1867 est
973 1822 1258 1882 potestate.
1284 1822 1308 1850 ο
1334 1813 1534 1867 Virtute
1561 1814 1716 1876 enim,

183 1902 389 1971 aninnt,
419 1903 740 1957 corroborari
777 1922 1065 1974 possumus,
1091 1907 1136 1960 si
1173 1907 1428 1972 volumus,
1461 1924 1520 1961 ea
1546 1907 1717 1977 possi-

183 1996 328 2048 bilitate
367 2006 568 2050 natura:
610 2014 767 2067 quam
812 2014 915 2052 non
958 2015 1093 2052 nunc
1128 2000 1426 2067 accipimus,
1478 2001 1568 2053 sed
1603 2015 1719 2052 cum

184 2104 420 2142 crearemur
452 2091 756 2160 accepimus.

230 2179 331 2232 Cir.
355 2179 441 2234 ιγ.
473 2210 544 2223 -—
575 2181 829 2236 Parvulos
855 2181 1018 2236 etiam
1053 2192 1270 2250 propter
1297 2184 1547 2251 salutem,
1597 2198 1719 2251 qua:

185 2286 252 2339 par
275 2272 592 2327 Salvatorem
627 2273 902 2327 Clu-istum
931 2273 1109 2339 datur,
1133 2273 1477 2342 baptizandus
1495 2284 1718 2344 negant;

186 2361 259 2416 tac
279 2366 344 2418 sic
364 2380 455 2420 eos
479 2367 750 2420 mortifera
771 2367 870 2420 ista
887 2365 1127 2420 doctrina
1145 2366 1196 2420 in
1214 2374 1471 2420 aeternum
1497 2376 1716 2421 necant:

181 2459 528 2522 promittentes,
561 2458 770 2512 etiamsi
805 2473 910 2512 non
939 2459 1300 2527 baptizentur,
1344 2458 1620 2512 habituros
1644 2460 1720 2511 vi-

181 2555 260 2598 tam
285 2558 524 2603 aeternam
553 2565 566 2601 :
593 2559 616 2594 ες
643 2564 742 2603 nec
788 2551 1059 2618 pertinere
1089 2550 1157 2607 ad
1204 2564 1298 2604 eos
1328 2548 1393 2604 de
1422 2550 1618 2617 quibus
1645 2549 1721 2603 ait

179 2637 395 2693 Dominus
424 2660 434 2692 :
458 2640 604 2694 Venit
631 2645 762 2695 enim
785 2640 953 2695 Filius
972 2642 1196 2696 hominis
1215 2658 1436 2712 querere
1457 2652 1503 2695 et
1525 2643 1721 2696 sulcare

179 2732 279 2794 quod
313 2733 525 2801 perierat
573 2729 722 2794 (Luc.
792 2747 906 2796 ιιι,
955 2733 1066 2801 10).
1114 2734 1245 2801 Quia
1291 2733 1398 2799 isti,
1451 2735 1715 2803 inquiunt,

177 2835 257 2874 non
281 2825 558 2892 perierant,
585 2838 684 2878 nec
715 2832 797 2878 est
822 2826 960 2893 quod
989 2825 1042 2877 in
1069 2824 1146 2879 eis
1175 2824 1430 2889 salvetur,
1454 2835 1547 2878 aut
1572 2834 1721 2880 tanto

176 2919 311 2981 pretio
345 2917 639 2970 redimatur
665 2933 680 2969 :
710 2917 831 2984 quia
854 2914 882 2952 ιι
914 2916 1043 2970 nihil
1075 2917 1227 2987 133
1260 2917 1311 2970 in
1339 2915 1422 2971 bis
1450 2917 1716 2983 vitiatum,

173 3006 274 3060 nihil
315 3017 521 3062 tenetur
561 3008 661 3063 sub
690 3007 888 3063 diaboli
930 3017 1194 3077 potestate
1234 3009 1522 3078 captivum,
1554 3009 1574 3046 ί
1619 3024 1720 3065 nec

1822 440 1938 495 hsce
1968 442 2108 495 mala
2152 443 2345 510 quibus
2375 445 2494 499 ﬁdei
2526 444 2846 503 Christianae
2873 451 3217 506 fundamenta
3253 453 3270 506 Ι
3305 469 3400 510 eo-

1822 543 2016 584 nantur
2040 543 2304 599 evertere,
2347 550 2665 606 quacunque
2689 548 2914 607 possunt
2942 538 2966 578 ¹ι
2996 541 3266 600 afﬁrmare
3295 563 3400 599 non

1820 630 2049 675 cessant.
2087 622 2236 678 Unde
2265 624 2470 680 etiamsi
2503 627 2743 697 Pelagius
2771 629 3155 702 Ctelesﬁusque
3175 643 3402 694 correcti

1821 720 1961 776 sunt,
1994 715 2074 767 vel
2104 715 2148 767 si
2180 713 2276 767 ista
2304 731 2570 785 nunquam
2602 719 2836 774 sensisse
2865 735 2924 776 se
2948 722 3149 789 dicunt,
3181 736 3233 780 et
3258 744 3404 796 qum-

1819 818 2028 872 cunqtte
2057 806 2252 876 scripta
2283 819 2468 864 contra
2500 825 2594 864 eos
2623 813 2829 880 prolata
2858 813 3072 882 fuerint,
3105 832 3200 870 sua
3230 833 3350 875 esse
3381 819 3397 857 ι

1821 896 2109 964 negabunt.
2142 913 2244 954 nec
2271 907 2355 953 est
2392 901 2841 968 quemadmodum
2869 903 2938 960 de
2961 907 3240 962 mendacio
3269 924 3400 965 cono

1820 982 2127 1050 vincantur;
2178 988 2502 1053 generaliter
2551 999 2726 1046 tamen
2758 995 3059 1062 quicunque
3084 998 3405 1066 dogmatisat

1821 1087 1874 1130 et
1903 1076 2135 1133 afﬁrmat
2165 1079 2451 1137 humanam
2496 1084 2596 1139 sibi
2642 1084 2707 1139 ad
2759 1087 3014 1142 vincenda
3056 1101 3292 1158 peccata,
3345 1103 3406 1147 et

1821 1170 1915 1225 Dei
1945 1172 2189 1226 mandata
2217 1173 2458 1229 facienda
2499 1176 2746 1232 sufﬁcere
2774 1193 2928 1247 posse
2951 1191 3221 1250 naturam,
3249 1193 3310 1238 et
3335 1199 3405 1240 eo

1822 1262 1984 1316 modo
2015 1265 2199 1328 gratia:
2225 1264 2344 1330 Dei,
2377 1281 2495 1336 quze
2523 1277 2832 1322 sanctorum
2869 1271 3168 1328 evidentius
3207 1275 3404 1328 oratio-

1821 1352 1978 1407 nibus
2007 1353 2326 1417 dcclaratur,
2378 1353 2721 1412 adversarius
2748 1337 3060 1425 invenitur;
3103 1371 3156 1415 et
3185 1364 3406 1432 quicun-

1821 1458 1927 1513 que
1955 1453 2114 1514 negat
2159 1445 2408 1515 parvulos
2451 1462 2549 1516 per
2590 1447 2910 1517 baptismum
2939 1451 3136 1506 Christi
3165 1466 3194 1504 a
3225 1453 3407 1523 perdi-

1788 1538 1970 1594 tione
2019 1539 2257 1605 liberari,
2305 1548 2360 1594 et
2400 1542 2628 1598 salutem
2682 1545 2958 1614 percipere
3001 1551 3404 1617 sempiternam.

1822 1631 2103 1687 anathema
2135 1633 2223 1687 sit.
2251 1633 2596 1706 Quaecunque
2623 1647 2800 1692 autem
2826 1639 2904 1694 eis
2931 1640 3034 1694 alia
3057 1640 3404 1710 objiciuntur,

1821 1723 1858 1746 "
1891 1740 1996 1779 non
2039 1725 2258 1782 dubium
2291 1730 2694 1784 venerationem
2728 1740 2892 1794 tuam,
2935 1747 3056 1787 cum
3102 1743 3250 1803 gesta
3287 1735 3408 1804 epi-

1821 1806 2056 1885 scopalis
2101 1819 2439 1888 perspexerit
2477 1835 2596 1890 quae
2620 1821 2673 1875 in
2695 1822 2915 1878 Oriente
2952 1823 3004 1878 in
3033 1824 3221 1880 eadem
3247 1841 3407 1882 causa

1820 1909 2062 1964 confecta
2102 1911 2374 1981 dicuntur,
2421 1912 2471 1966 id
2516 1913 2895 1982 judicaturam,
2943 1917 3086 1973 unde
3134 1933 3323 1976 omnes
3351 1921 3406 1978 in

1821 2003 1914 2058 Dei
1947 2003 2314 2059 misericordia
2356 2004 2704 2074 gaudeamus.
2729 2016 2757 2044 η
2803 2008 2906 2062 Ora
2953 2025 3051 2080 pro
3091 2012 3281 2078 nobis,
3307 2012 3405 2069 do-

1820 2095 1965 2148 mine
1995 2095 2306 2150 beatissime
2329 2110 2483 2165 papa.

2240 2206 2396 2278 134
2432 2207 2831 2265 CAPITULUM
2871 2211 2984 2266 Vll.

2000 2304 2025 2332 °
2067 2297 2389 2367 Rescriptum
2418 2297 2705 2354 Innocentii
2733 2318 2884 2372 papa:
2913 2304 2979 2356 ad
3008 2307 3226 2358 eosdem.

1821 2407 2170 2486 Innocentius
2205 2412 2445 2486 Annulo
2467 2451 2480 2474 ,
2512 2421 2566 2465 et
2603 2412 2854 2486 omnibus
2901 2415 3098 2486 sanctis
3142 2418 3407 2486 episcopis

1896 2489 1922 2527 Ρ
1955 2481 2283 2553 vel_caeteris
2318 2482 2481 2553 quiin
2512 2483 2741 2536 concilio
2767 2481 3203 2553 Carthaginensis
3226 2481 3409 2544 adlue-

1893 2560 2020 2603 runt
2050 2551 2324 2617 Ecclesia),
2359 2551 2726 2607 dilectissimis
2763 2551 3038 2623 fratribus,
3083 2557 3137 2611 in
3181 2558 3409 2614 Destino

1899 2623 2152 2676 salutem.

1893 2730 2025 2785 CAP.
2069 2730 2112 2784 ι.
2130 2742 2245 2781 -ίι
2273 2731 2330 2786 ln
2366 2733 2690 2803 requirendo
2714 2735 2783 2790 de
2813 2736 2896 2790 his
2923 2736 3084 2792 rebus
3112 2753 3243 2808 quas
3263 2743 3410 2794 omisi

1822 2837 1943 2878 cum
1981 2823 2346 2880 sollicitudine
2373 2825 2528 2880 decet
2555 2841 2583 2880 a
2613 2827 2984 2884 sacerdotibus
3020 2837 3043 2867 ι’
3070 2831 3410 2901 maximeque

1822 2929 1852 2968 a
1879 2930 2025 2969 ’νει-ο
2057 2916 2309 2986 justoque
2336 2931 2390 2972 et
2418 2917 2685 2973 catholico
2729 2920 2944 2974 tractari
2980 2923 3228 2989 concilio,
3273 2925 3409 2978 anti-

1825 3021 1944 3076 qua:
1983 3009 2286 3062 traditionis
2326 3010 2568 3079 exempla
2607 3023 2888 3066 servantes
2934 3024 2988 3068 et
3029 3013 3440 3070 ecclesiastica:-

174 3111 248 3166 pro
272 3103 338 3155 eis
377 3103 526 3157 rusus
573 3119 694 3157 esse
745 3103 962 3170 sanguis
1010 3103 1066 3157 in
1111 3104 1478 3159 remissionem
1528 3104 1721 3173 legitur
1747 3088 1794 3152 C
1825 3115 2093 3155 memores
2113 3099 2444 3170 disciplinae;
2471 3110 2491 3135 ε
2519 3110 2719 3157 nostra:
2745 3104 3019 3174 religionis
3044 3107 3278 3176 vigorem
3303 3123 3409 3162 non

174 3204 494 3259 peccatorum.
527 3196 842 3263 Quanquam
868 3211 968 3263 per
988 3194 1309 3264 baptismum
1337 3194 1532 3250 ChriSti
1556 3205 1716 3250 etiam

174 3285 473 3347 parvulorum
508 3284 622 3339 ﬁeri
648 3285 1073 3353 redemptionem
1101 3285 1280 3340 libello
1312 3300 1412 3340 suo
1431 3285 1718 3342 leestius

173 3373 211 3424 in
247 3374 645 3447 Cartllaginensi
689 3377 928 3432 Ecclesia
967 3377 1081 3446 jam
1129 3378 1410 3434 confessus
1456 3386 1560 3434 est.
1606 3377 1716 3434 Sed

228 3552 368 3606 nDuo
396 3553 561 3608 codd.
593 3552 835 3608 V'aticoni
865 3569 986 3609 cum
1015 3553 1170 3618 cdit.,
1202 3553 1291 3607 sed
1321 3569 1501 3608 moneo
1525 3563 1592 3617 te,
1640 3553 1717 3606 vel

177 3623 348 3687 impero,
371 3641 430 3677 ac
456 3625 721 3705 pra’cipio,
759 3626 981 3692 Quesn.,
1008 3624 1354 3705 setlhiorpero,
1399 3625 1476 3676 vel
1516 3639 1715 3705 moneo,

176 3695 229 3762 te!
270 3694 522 3762 prtrrtpio.
569 3698 874 3749 Lectionem
922 3711 1021 3748 ms.
1077 3694 1306 3749 Vindeb.
1364 3695 1715 3762 prtetulimus.

176 3759 298 3830 llein,
342 3759 661 3820 Contradicit
705 3768 853 3819 etiam
902 3767 1117 3819 istorum
1163 3759 1418 3820 contentio
1461 3767 1512 3818 in
1558 3763 1716 3818 codd.

174 3831 298 3904 Both.
329 3847 378 3889 et
407 3836 529 3891 Vat.
566 3836 616 3890 1.
890 3893 892 3896 .
1028 3897 1036 3904 .

205 3902 248 3981 ,δ
275 3908 393 3981 Cod.
418 3909 462 3962 Τ
467 3913 634 3961 huan.
661 3906 833 3981 addit,
880 3902 1155 3978 accipiant.
1187 3905 1372 3972 Barb.,
1411 3916 1543 3959 recte
1581 3904 1719 3958 acci—

201 3990 288 4026 tant
313 3990 546 4030 t-tvendo.
575 3990 628 4030 ΠΙ
655 3990 751 4030 ll“.
786 3990 890 4030 εις.

176 3978 288 4037 piant
313 3978 546 4041 vivendo,
575 3987 628 4030 ut
655 3978 751 4043 illi,
786 3987 890 4030 etc.

229 4045 432 4102 cVoces
484 4048 692 4101 Domini
740 4049 897 4100 nostri
943 4045 1069 4100 Iesu
1120 4044 1310 4102 Christi
1362 4063 1428 4103 ex
1473 4044 1722 4102 omnibus

173 4120 335 4187 nostris
355 4120 630 4172 codicibus
658 4129 712 4172 et
736 4121 891 4172 editis
918 4119 1231 4187 adjceintus.

197 4183 246 4264 ,ἀ
275 4187 420 4259 Vulg.
455 4193 594 4258 Aug.
628 4197 682 4243 et
710 4203 812 4243 ms.
838 4183 1036 4255 Oxum,
1066 4190 1191 4242 illis.
1219 4187 1341 4244 Mox
1373 4188 1534 4243 iidem
1553 4185 1720 4257 vulg,

171 4269 331 4309 EiTllllt’.

228 4336 245 4364 ⁸
273 4330 396 4384 Cod.
414 4329 603 4386 Vini.
627 4328 822 4383 Virtute
841 4330 971 4383 enim
993 4329 1312 4383 corroborari
1327 4330 1372 4382 si
1395 4328 1722 4394 voluerimus,

172 4394 391 4467 inquiunt,
445 4417 715 4465 possumus
746 4417 802 4453 ea
834 4401 1187 4467 possibilitate,
1231 4411 1337 4454 etc.
1385 4400 1530 4454 Idem
1557 4407 1642 4454 est
1671 4400 1723 4452 itt

173 4469 386 4588 inligatis,
434 4484 665 4541 excepto
698 4473 862 4526 verbo
891 4473 1223 4540 voluerimus,
1269 4485 1365 4540 pro
1390 4486 1497 4540 quo
1527 4470 1727 4524 habent

173 4551 214 4588 ro
236 4557 386 4588 timus-

170 4551 386 4595 coturnus.

229 4607 356 4664 ills.
386 4613 622 4677 Thuan.,
651 4628 710 4664 ac
738 4613 782 4666 si
810 4628 896 4666 eos
934 4613 1202 4682 mortifera
1250 4611 1350 4665 ista
1393 4610 1628 4663 doctrina
1673 4610 1726 4662 in

170 4689 379 4734 uternum
401 4693 566 4736 necet.

224 4751 351 4806 BSic
380 4755 592 4807 'l'huan.
631 4767 752 4807 cum
800 4753 948 4824 vulg.
989 4754 1267 4810 Accedunt
1313 4750 1468 4807 Vind.
1505 4759 1729 4820 uterque

168 4813 268 4891 Fat.
295 4835 344 4876 et
374 4826 559 4886 Barb.,
588 4824 676 4890 qui
703 4825 874 4878 solum
898 4813 1090 4879 delent
1122 4826 1189 4878 ad
1219 4841 1326 4880 eos.
1364 4824 1566 4891 Qucsu.
1601 4813 1721 4876 cum

165 4889 338 4965 Oxon"
365 4910 456 4948 nec
480 4889 689 4964 periisse
715 4911 829 4948 cum
861 4898 924 4950 iis
954 4897 1017 4949 de
1038 4896 1242 4965 quibus,
1277 4904 1381 4950 etc.

274 4964 437 5018 Codd.
478 4958 637 5019 Barb.
675 4974 730 5020 et
767 4965 889 5022 Vat.
931 4958 1060 5021 cuni
1092 4958 1260 5036 vulg.',
1303 4965 1436 5019 nihil
1464 4973 1536 5018 est
1572 4964 1626 5018 in
1654 4964 1726 5018 cis

165 5038 391 5086 vitiatum.

226 5098 240 5137 ί
282 5105 378 5160 Ms.
415 5104 598 5172 Barb.,
628 5122 716 5159 nec
746 5123 838 5174 pro
858 5107 928 5161 eis
957 5110 1204 5179 fusnsﬁest
1233 5106 1444 5179 sanguis
1468 5107 1518 5159 in
1545 5105 1726 5159 remis-

163 5168 352 5248 sionem,
395 5185 450 5248 ut
479 5168 685 5245 tegitur,
730 5168 1070 5248 peccatorum.
1101 5177 1221 5233 Vat.
1252 5180 1303 5241 1,
1328 5168 1388 5231 iit
1426 5177 1722 5248 legiturisi-

162 5245 340 5300 miler
361 5247 600 5302 exhibet.
621 5245 760 5300 Edit.
788 5250 983 5304 Bened.
1010 5259 1064 5304 et
1083 5249 1266 5304 Const.
1283 5263 1402 5303 cum
1427 5245 1722 5316 potioribus

163 5324 302 5390 mss”
332 5333 422 5393 nec
448 5334 540 5393 pro
568 5319 640 5371 eis
666 5318 811 5385 [usus
836 5329 908 5373 est
928 5321 1156 5393 sanguis,
1185 5321 1272 5390 qui
1297 5322 1439 5390 [usus
1465 5319 1516 5372 in
1547 5322 1722 5371 remis-

161 5381 331 5457 sionem
354 5381 541 5457 legitur
573 5381 916 5457 peccatorum.

222 5451 237 5502 ἱ
281 5455 352 5509 lta
382 5451 583 5529 attines
606 5461 770 5511 nostri
804 5461 960 5514 codd.
994 5475 1113 5516 cum
1133 5459 1349 5516 Thuan.
1391 5467 1446 5517 et
1471 5459 1718 5529 vulgatis.

160 5519 483 5590 Quesnellus,
513 5537 822 5582 evertuntur.

219 5592 245 5633 ι
283 5597 422 5650 Edit.
460 5597 609 5650 Rom.
643 5599 788 5652 addit
810 5601 1018 5654 astutia.

223 5662 243 5704 ι
281 5668 433 5725 Edit.
464 5669 656 5722 Bened.
684 5679 738 5723 et
762 5669 971 5729 Coust..
996 5682 1201 5740 negant.

431 5764 702 5828 Ps'rnoL.
748 5765 904 5830 LVI.

1825 3190 2004 3246 minus
2033 3207 2175 3246 nunc
2198 3196 2250 3246 in
2282 3191 2635 3257 consulendo,
2661 3209 2818 3261 quam
2842 3204 2998 3250 antea
3021 3211 3148 3250 cum
3178 3213 3412 3265 preuen-

1824 3285 2064 3348 tiaretis,
2108 3299 2230 3339 vera
2262 3285 2470 3339 ratione
2497 3285 2513 3320 τ
2544 3284 2768 3339 ﬁrmatis
2795 3303 2810 3342 :
2833 3287 2923 3356 qui
2953 3289 3016 3341 ad
3046 3299 3290 3344 nostrum
3315 3307 3408 3346 re-

1825 3377 2102 3434 ferendum
2141 3377 2479 3447 approbastis
2521 3391 2640 3432 esse
2676 3378 2959 3446 judicium.
3006 3379 3250 3436 Scieutes
3281 3383 3409 3453 quid

1895 3561 1935 3589 m
1974 3550 2138 3604 Iidem
2166 3549 2318 3615 editi,
2345 3567 2447 3602 non
2477 3550 2787 3604 dubitamus.

1893 3629 1921 3657 ιι
1961 3622 2196 3688 Uterque
2228 3620 2345 3673 Vat.
2380 3631 2433 3674 et
2463 3621 2622 3674 Barb.
2657 3623 2732 3674 uti
2757 3629 2812 3674 et
2845 3621 3082 3674 nonnulli
3105 3623 3261 3676 codd.
3291 3623 3412 3680 Gal.

1823 3691 1982 3746 licani
2010 3708 2038 3745 a
2071 3691 2434 3745 Benedictinis
2465 3693 2743 3760 Augustini
2779 3691 3074 3746 editoribus
3099 3693 3295 3749 laudati
3320 3711 3409 3751 ca-

1823 3773 1947 3816 rent
1973 3763 2054 3816 bis
2080 3763 2366 3831 postremis
2396 3762 2575 3815 verbis
2607 3761 2733 3826 Ora,
2763 3771 2866 3814 etc.

1901 3842 1925 3868 ο
1969 3836 2176 3895 Exsutt,
2207 3842 2263 3886 et
2287 3833 2618 3902 recognitum
2641 3832 2739 3886 fuit
2762 3848 2882 3886 cum
2915 3831 3104 3887 iisdem
3136 3835 3411 3894 codicibus

1824 3918 1944 3958 cum
1975 3903 2168 3974 quibus
2193 3905 2500 3970 prrettedens
2521 3903 2834 3974 capitulum.

1898 3985 1924 4023 Ρ
1965 3975 2137 4029 Voces
2157 3974 2233 4028 vel
2259 3974 2452 4026 caeteris
2476 3973 2772 4042 adjecimus
2802 3989 2869 4026 ex
2897 3973 3104 4027 Thuan.
3144 3985 3199 4030 et
3247 3978 3406 4034 Vind.

1827 4045 1918 4099 Sic
1957 4045 2153 4099 habent
2182 4045 2395 4098 codices
2420 4054 2616 4097 nostra;
2654 4045 3009 4108 t-ollectionis,
3044 4061 3251 4102 necnon
3286 4048 3404 4104 Vat.

1830 4115 1854 4168 1
1885 4125 1936 4170 et
1962 4116 2119 4169 Bari).
2147 4131 2209 4168 ac
2236 4124 2444 4168 veteres
2478 4115 2775 4168 lsidoriani.
2814 4119 2880 4168 At
2910 4117 3186 4184 Augustini
3222 4135 3409 4173 exem-

1825 4187 1913 4252 pla
1943 4189 2312 4254 episcoporum
2346 4187 2558 4238 nomina
2591 4186 2858 4248 referunt,
2894 4186 2964 4238 uti
3001 4189 3050 4238 in
3083 4188 3409 4243 etlitionihus

1828 4255 2295 4330 Benetlictinorutn
2328 4256 2726 4330 et_Coustantii,
2757 4258 2807 4308 in
2839 4257 3034 4330 quibus
3065 4269 3182 4330 post
3209 4275 3268 4314 ea
3293 4262 3404 4330 epi.

1828 4342 2113 4404 scaporum
2132 4329 2356 4404 numina
2389 4326 2613 4380 habetur
2633 4335 2683 4380 et
2724 4328 2920 4380 caeteris
2948 4328 3035 4395 qui
3061 4330 3112 4381 in
3144 4326 3410 4404 Cio-tham-

1830 4398 1974 4450 nensi
1999 4397 2216 4449 concilio
2245 4397 2539 4466 adfuerunt.

1902 4478 1927 4516 ει
1969 4467 2093 4521 Haec
2113 4476 2195 4521 est
2221 4465 2415 4520 nostris
2437 4465 2769 4520 collectionis
2790 4465 2969 4520 lectio.
3001 4465 3054 4519 ln
3079 4469 3199 4522 cod.
3231 4469 3410 4534 Vind..

1833 4539 1918 4607 qui
1951 4539 2120 4606 prima
2152 4553 2310 4590 manu
2342 4537 2502 4590 habet
2533 4536 2598 4588 In
2627 4538 2879 4607 requiren.
2920 4539 2982 4590 de
3008 4540 3087 4590 Itis
3113 4541 3295 4603 rebus,
3327 4556 3412 4596 se-

1832 4610 2005 4664 cunda
2033 4624 2221 4661 manus
2249 4623 2315 4662 ex
2345 4609 2407 4660 de
2433 4609 2510 4660 liis
2531 4609 2764 4662 correxit
2791 4607 2905 4660 Dei.
2930 4607 3044 4661 Duo
3064 4609 3222 4664 codd.
3248 4609 3409 4667 ’Barb.

1833 4689 1887 4734 et
1910 4680 2028 4734 Val.
2054 4679 2079 4732 1
2108 4679 2319 4744 melius,
2353 4677 2419 4731 In
2440 4679 2754 4748 requirendis
2793 4677 2890 4732 Dei
2930 4681 3096 4750 rebus,
3130 4695 3286 4750 quam
3331 4683 3412 4739 le-

1834 4751 2065 4805 ctionem
2098 4750 2160 4804 P.
2206 4749 2548 4805 Coustantius
2585 4750 2638 4802 in
2677 4750 2845 4804 tribus
2885 4749 3004 4804 aliis
3045 4749 3175 4804 mss.
3226 4763 3412 4810 nactus

1759 4847 1811 4907 Β
1838 4822 2105 4904 praetulit,
2139 4820 2393 4907 ecquod.
2416 4819 2668 4902 Alrorum
2708 4819 3412 4907 epistola_a_d_'l‘heodorum

1840 4907 2031 4962 papam
2064 4893 2263 4947 inserta
2291 4891 2488 4947 actioni
2523 4891 2772 4946 secundae
2799 4892 3008 4962 concilii
3041 4892 3413 4949 Lateraueusis

1833 4961 1932 5016 Sub
1958 4963 2015 5017 S.
2039 4963 2266 5017 Martino
2289 4963 2331 5026 1,
2354 4963 2480 5016 dum
2508 4962 2712 5016 exordii
2737 4961 3030 5016 sententias
3057 4965 3216 5017 sumit
3237 4980 3308 5019 ex
3333 4965 3414 5018 bis

1831 5033 2024 5088 litteris
2054 5034 2371 5098 Innocentii,
2396 5033 2637 5087 eamdem
2662 5033 2942 5088 lectionem
2964 5033 3262 5088 conﬁrmat.

1907 5113 1928 5141 τ
1974 5103 2156 5172 \’ulg.,
2189 5105 2408 5157 niaxime
2429 5121 2461 5156 a
2489 5118 2624 5157 vero.
2656 5101 2786 5157 Post
2821 5117 2986 5172 pauca
3018 5103 3208 5169 Garn.,
3239 5117 3410 5157 serva-

1830 5175 1946 5227 stis.

1907 5253 1929 5280 ο
1971 5241 2338 5306 Garn.,Labb.
2362 5252 2416 5297 et
2435 5243 2642 5306 Coust.,
2671 5251 2865 5296 vestrar.
2895 5241 3022 5313 Dein
3038 5239 3229 5313 ﬂaui,
3259 5257 3412 5313 quam

1832 5324 2099 5382 antequam
2142 5325 2277 5366 retro
2315 5313 2532 5380 epistola
2575 5311 2992 5384 pronuntiantis.
3031 5311 3216 5368 Simile
3252 5311 3411 5384 quip-

1831 5387 1995 5454 piam,
2029 5384 2122 5437 sed
2146 5384 2400 5438 mendose
2429 5384 2623 5452 legitur
2652 5386 2701 5455 i_n
2735 5382 2918 5455 Barb.,
2959 5397 3112 5451 quam
3138 5394 3257 5438 ante
3272 5382 3410 5455 ηαδ-

1830 5452 1946 5508 rnm
1984 5456 2251 5525 epistolam
2278 5469 2396 5506 cum
2424 5452 2841 5525 pronuntiantis.
3067 5509 3073 5524 ι
3146 5491 3170 5511 .

1906 5529 1924 5561 ί
1970 5523 2275 5594 [ιὶιεθηόυιη
2299 5539 2418 5578 cum
2449 5523 2567 5576 Vat.
2603 5523 2627 5576 l
2653 5531 2709 5578 et
2744 5524 2929 5588 Barb.,
2959 5524 3414 5580 consentientibus

1830 5596 1977 5665 vulg.
2005 5598 2200 5651 Bencd.
2224 5605 2280 5649 et
2298 5596 2504 5663 Coust.,
2525 5595 2786 5666 ﬁrmastis.
2811 5595 2926 5650 Mox
2952 5597 3097 5651 solus
3116 5595 3305 5664 Carm,
3328 5597 3413 5666 qui

1835 5670 1898 5721 de
1928 5683 2081 5722 causa
2107 5673 2171 5721 ad
2204 5677 2451 5723 nostrum.

3373 5805 3422 5842 ,ι’
