3888 6182
477 265 581 323 1219

1405 267 1745 324 ΛῬΡΞΞΝΣἈΧ
1787 269 1876 323 AD
1915 268 1971 324 S.
2014 267 2259 326 LEONZS
2298 271 2347 325 Μ
2379 269 2508 327 .G\'l
2550 269 2800 328 Oi‘Em.

3585 287 3674 341 ‘70

473 384 783 455 apostolicae
813 385 950 450 sedi,
980 400 1099 439 cnut
1133 398 1322 438 omnes
1367 383 1466 436 hoc
1510 383 1629 437 loco
1678 383 1834 450 positi
1884 383 2055 452 ipsum
2087 387 2138 445 Α
2165 386 2395 455 aliquem
2426 385 2583 456 hujus
2614 383 2813 441 terreni
2842 383 3085 453 corporis
3116 387 3561 460 esse-languorem,
3584 414 3679 451 Illa-

474 475 626 545 scqui
663 474 1033 531 desideremus
1066 474 1402 543 Apostolnm,
1436 473 1723 539 debeatur;
1752 489 1781 528 a
1812 489 1917 544 quo
1945 475 2058 544 ipse

475 568 814 635 episcopatus
835 576 889 620 et
914 574 1021 620 tota
1048 566 1338 620 auctoritas
1367 563 1601 619 nominis
1632 564 1789 633 hujus
1816 567 2053 620 emersit.

476 662 521 725 ρ
546 674 645 715 tem
680 667 965 723 sequentes
996 667 1100 710 tam
1127 657 1266 711 mala
1296 665 1323 694 ι
1357 656 1467 726 jam
1499 657 1755 712 damnare
1784 658 2055 725 novimus,

477 764 634 812 quam
675 748 903 818 probare
944 747 1228 801 laudanda.
1252 745 1282 786 ιι
1308 747 1402 802 Vol
1435 747 1485 802 id
1519 762 1648 802 vero
1675 747 1817 817 quod
1850 756 2057 814 patrum

475 839 718 894 instituta
743 838 1063 894 sacerdotali
1084 838 1451 894 custodientes
1471 837 1670 903 olﬂcio,
1696 853 1801 893 non
1827 837 2060 893 censetis

475 944 598 986 csse
626 928 903 993 calcanda,
932 928 1073 1000 quod
1108 929 1183 983 illi
1211 946 1317 984 non
1349 930 1603 996 humana,
1635 928 1730 984 sed
1758 928 1938 983 divina
1969 929 2061 981 de-

473 1034 695 1076 crevere
730 1021 1021 1086 sententia,
1048 1031 1105 1074 nt
1134 1020 1668 1091 quidquid~qnamvis
1691 1029 1716 1060 θ
1746 1018 1813 1075 de
1852 1018 2059 1087 disjun-

475 1111 576 1165 ctis
600 1111 931 1182 remotisque
961 1110 1248 1181 provinciis
1277 1122 1558 1181 ageretur,
1590 1125 1697 1165 non
1732 1112 1876 1180 prius
1898 1109 2059 1165 duce-

478 1212 599 1259 rent
627 1200 943 1269 ﬁniendum,
970 1202 1069 1257 nisi
1100 1200 1167 1257 ad
1196 1202 1354 1272 hujus
1374 1202 1519 1257 sedis
1541 1202 1783 1256 n0titiatn
1808 1203 2059 1271 perveni-

472 1305 591 1363 ret;
620 1305 679 1351 ut
707 1304 818 1350 tcta
860 1294 1022 1364 hujus
1048 1295 1366 1350 auctoritate
1403 1294 1544 1364 justa
1572 1309 1694 1365 qua:
1741 1293 1900 1349 fuerit
1936 1308 2058 1363 pro-

474 1390 771 1459 nuntiatio,
814 1389 1149 1458 ﬁrmaretur,
1188 1386 1219 1427 ἀ
1268 1388 1501 1460 indeque
1538 1397 1808 1444 sumerent
1848 1396 2059 1442 cteterte

476 1479 764 1545 Ecclesia,
805 1489 861 1534 et
900 1479 1056 1552 135
1100 1478 1245 1534 velut
1272 1477 1341 1533 de
1367 1478 1525 1533 natali
1575 1493 1675 1532 suo
1721 1476 1868 1547 fonte
1905 1491 2058 1546 aqua:

476 1581 681 1628 cuncta:
727 1573 1097 1642 procederent,
1150 1580 1205 1627 et
1248 1586 1345 1642 per
1381 1572 1622 1627 diversas
1665 1572 1827 1627 tutius
1872 1570 2058 1626 mundi

477 1665 723 1735 regiones
764 1674 787 1702 ο
831 1664 950 1733 puri
991 1663 1183 1735 capitis
1224 1664 1545 1735 incorruptae
1574 1671 1883 1729 manarent,
1927 1663 2054 1733 quid

2164 491 2327 545 gnum
2356 490 2467 530 sure
2493 478 2624 531 artis
2657 477 2670 528 i
2714 476 2943 530 aestimat
2974 473 3360 546 documentum,
3389 481 3429 536 si
3448 484 3541 537 cito
3559 492 3678 555 quis,

2163 569 2307 624 illius
2355 568 2679 632 interventu,
2721 568 3034 637 desperatus
3060 567 3271 639 evadat;
3303 570 3381 624 vel
3422 587 3528 628 cum
3555 589 3681 645 pium

2163 662 2357 715 vulnus
2401 661 2695 730 aSpevorit,
2726 659 2944 713 adhibet
2976 658 3229 728 fomenta,
3267 660 3345 715 vel
3382 674 3554 719 caetera
3577 670 3677 737 qui-

2162 753 2262 807 bus
2294 752 2419 807 illud
2464 753 2602 820 quod
2645 763 2826 805 natum
2870 750 3067 814 fuerat,
3107 753 3269 819 possit
3293 754 3474 809 vulnus
3499 757 3676 815 obduci.

2156 849 2252 911 At,
2283 845 2326 899 si
2352 844 2401 899 id
2432 858 2657 898 manens
2694 842 2872 897 sanari
2903 857 3008 897 non
3041 842 3289 911 potuerit,
3322 859 3385 897 ne
3411 859 3583 911 corpus
3613 866 3683 905 re-

2161 935 2360 1005 liquum
2389 948 2481 989 sua
2515 932 2635 988 tabe
2663 943 2989 1003 corrumpat,
3026 932 3170 988 ferro
3196 945 3426 1002 amputat
3457 938 3581 1007 quod
3608 956 3686 995 no.

2161 1029 2337 1099 eebat,
2372 1026 2397 1066 ιι
2430 1042 2538 1098 quo
2565 1026 2831 1097 reliquum
2861 1033 3042 1081 servet
3082 1027 3340 1096 integrum
3366 1039 3413 1081 et
3446 1029 3684 1086 intactum.

2162 1119 2569 1176 Praeridendum
2600 1119 2650 1174 id
2679 1133 2807 1187 ergo
2836 1127 2916 1172 cst
2935 1160 2950 1185 ,
2983 1119 3122 1188 quod
3157 1118 3299 1171 velut
3336 1133 3457 1173 sano
3487 1135 3688 1190 puroque

2163 1213 2381 1269 nimium
2413 1212 2628 1281 corpori
2663 1211 2820 1283 1'36
2847 1209 3041 1264 vulnus
3069 1210 3335 1278 obrepsit;
3373 1226 3436 1264 ne
3464 1226 3570 1265 cum
3602 1225 3690 1264 tar-

2164 1303 2281 1359 d'ns
2313 1302 2654 1373 abstergitur,
2686 1302 2740 1356 in
2783 1301 2913 1371 ipsis
2945 1315 3080 1371 pene
3108 1299 3402 1354 visceribus
3423 1301 3565 1371 hujus
3588 1304 3691 1357 mali

2166 1395 2182 1435 ί
2219 1412 2327 1451 non
2352 1394 2711 1451 exltanricnda
2749 1403 2869 1464 post
2899 1392 3109 1449 sentina
3140 1392 3398 1448 considat.
3428 1392 3546 1447 Nam
3584 1397 3687 1465 quid

2159 1504 2259 1544 nos
2286 1497 2488 1543 rectum
2516 1497 2555 1525 ιιι
2580 1488 2649 1544 de
2682 1488 2765 1543 his
2794 1495 2911 1557 post
2936 1486 3050 1542 haec
3078 1486 3346 1542 mentibus
3370 1487 3687 1555 aestimemus,

2159 1581 2249 1651 qui
2274 1581 2373 1635 sibi
2396 1596 2455 1635 se
2482 1588 2668 1651 putant
2689 1578 2889 1633 debere
2910 1578 3049 1648 quod
3085 1586 3114 1615 ιι
3143 1578 3264 1632 boni
3288 1587 3428 1647 sunt,
3455 1592 3545 1632 nec
3570 1580 3689 1632 illum

2161 1675 2509 1751 tonsi-lerant
2532 1671 2685 1742 cujus
2715 1670 2951 1739 quotidie
2983 1670 3215 1741 gratiam
3238 1672 3637 1739 consequuntur?

477 1757 858 1829 praeciperent,
907 1771 1043 1827 quos
1091 1756 1392 1819 abluerent,
1440 1770 1578 1826 quos
1623 1756 1770 1811 velut
1799 1756 1851 1809 in
1899 1768 2052 1810 caeno

2228 1769 2356 1823 (lar.
2401 1766 2467 1823 Ill
2489 1796 2560 1806 —
2583 1773 2608 1802 ο
2637 1764 2743 1822 Sed
2773 1765 2884 1836 jam
2930 1763 3017 1818 isti
3061 1762 3157 1834 qui
3206 1763 3337 1817 tales
3374 1772 3493 1816 sunt
3527 1762 3691 1815 nullam

476 1850 859 1907 incmundabili
910 1850 1217 1906 sordidatos
1263 1850 1479 1906 mundis
1529 1849 1686 1921 digna
1738 1848 2053 1920 COIpll’ibUS

472 1943 613 1997 unda
646 1945 857 1997 vitaret.

542 2031 672 2089 CAP.
716 2032 774 2088 ll.
797 2032 1128 2089 -—-Gratulor
1150 2033 1330 2103 igitur,
1354 2032 1547 2089 fratres
1568 2032 1889 2095 cbarissimi,
1911 2031 2051 2101 quod

471 2137 570 2192 per
616 2122 833 2178 fratrem
863 2130 920 2178 et
947 2124 1326 2195 coepiscopum
1356 2133 1599 2179 nostrum
1629 2124 1826 2179 Julinm
1856 2124 1923 2178 ad
1956 2138 2053 2179 nos

474 2216 676 2269 litteras
696 2213 1028 2270 destinastis.
1062 2215 1148 2283 Et,
1185 2231 1308 2270 cum
1338 2213 1356 2254 τ
1377 2232 1474 2287 pro
1503 2216 1605 2271 illis
1631 2229 1814 2271 curam
1845 2216 2050 2285 geritis,

470 2308 662 2375 quibus
710 2308 1006 2378 praesidetis
1047 2308 1326 2375 Ecclesiis,
1376 2308 1790 2364 sollicitudinem
1820 2316 2050 2364 vestram

463 2415 567 2468 .pro
596 2402 835 2455 omnium
866 2399 1096 2455 utilitate
1123 2399 1468 2465 monstratis;
1508 2409 1562 2455 et
1593 2415 1690 2469 per
1717 2409 1938 2454 cunctas
1969 2405 2051 2453 to-

472 2496 578 2547 t‘us
601 2492 750 2547 orbis
780 2490 1045 2547 Ecclesias
1074 2490 1325 2545 omnibus
1357 2505 1459 2545 una
1489 2489 1631 2559 quod
1661 2489 1826 2556 prosit
1858 2489 2050 2544 decet--

471 2582 705 2637 nendum
735 2596 857 2637 esse
883 2581 1171 2652 deposcitis
1196 2597 1213 2635 :
1237 2591 1296 2636 ut
1334 2583 1446 2635 s‘uis
1474 2579 1814 2636 constabilita
1856 2579 2055 2650 regulis

452 2675 733 2738 Ecclesia,
777 2686 825 2730 et
862 2682 887 2722 ε
923 2676 1026 2729 ltoc
1055 2688 1162 2744 quo
1202 2674 1324 2728 illos
1365 2680 1553 2727 caveat
1600 2672 2055 2742 pronuntiationis

445 2768 625 2840 justas
655 2769 860 2825 firmata
887 2771 1126 2833 decreto,
1158 2767 1357 2823 talibus
1394 2774 1580 2837 patere
1606 2781 1712 2821 non
1743 2764 1931 2836 possit,
1965 2764 2055 2832 qui

471 2862 740 2930 perversis
784 2862 1057 2926 instructi,
1088 2861 1254 2915 immo
1291 2859 1551 2916 destructi
1580 2859 1870 2914 verborum
1900 2873 2057 2927 argu-

471 2953 589 3017 tiis,
623 2955 722 3008 sub
750 2953 982 3024 imagine
1020 2952 1300 3008 catholicae
1349 2953 1471 3008 ﬁdei
1521 2953 1880 3022 disputantes,
1910 2952 2058 3006 velut

445 3047 778 3117 pestiferum
800 3044 833 3084 ιι
852 3047 1167 3102 exhalantes
1192 3046 1357 3110 virus.
1380 3057 1438 3100 nt
1459 3046 1734 3101 hominum
1761 3055 1910 3103 recte
1933 3060 2056 3102 sen-

2160 1861 2250 1916 Dci
2280 1859 2503 1929 gratiam
2545 1865 2971 1928 consequuntur,
3015 1856 3109 1927 qui
3140 1857 3258 1909 sine
3298 1854 3390 1908 illo
3427 1863 3611 1908 tantum
3647 1868 3696 1906 sc

2156 1966 2311 2021 pOSse
2335 1954 2544 2018 assequi
2575 1948 2878 2014 confidunt,
2908 1955 3176 2018 quantum
3210 1946 3292 2000 vix
3328 1946 3397 2000 illi
3437 1946 3519 2016 qui
3539 1946 3596 1999 ait
3622 1945 3694 1998 illo

2157 2045 2425 2114 postulant
2450 2053 2476 2092 tt
2498 2053 2550 2097 et
2571 2041 2859 2111 accipiunt,
2888 2046 3286 2109 promerentur.
3309 2036 3443 2102 Quid
3461 2036 3589 2090 enim
3611 2044 3696 2088 tum

2156 2135 2394 2203 iniquum
2425 2147 2544 2188 esse
2574 2141 2767 2201 potest,
2803 2140 2908 2185 tam
2936 2129 3256 2195 barbarum,
3279 2136 3386 2182 tum
3417 2127 3567 2181 totius
3593 2141 3615 2179 r
3644 2126 3700 2177 Ιτ-

2155 2224 2328 2296 gionis
2358 2224 2624 2294 ignarum,
2651 2231 2758 2276 tam
2787 2220 3117 2276 Christianis
3140 2217 3404 2273 mentibus
3429 2216 3698 2278 inimicum,

2162 2328 2184 2366 ιλ
2222 2317 2347 2371 huic
2370 2328 2421 2371 te
2443 2329 2640 2386 negare
2670 2312 2892 2377 debere,
2924 2310 3190 2382 quidquid
3220 2310 3271 2364 in
3297 2307 3584 2379 quotidiana
3604 2320 3703 2374 gra-

2157 2409 2227 2463 tia
2247 2405 2616 2477 consequeris,
2639 2406 2721 2460 cui
2748 2415 2800 2460 te
2829 2404 2945 2472 ipse
2970 2402 3175 2457 debere
3194 2399 3462 2456 conﬁteris
3481 2396 3606 2469 quod
3628 2410 3702 2449 na-

2157 2511 2243 2556 tus
2266 2511 2345 2557 es‘.
2368 2500 2508 2569 Ergo
2528 2499 2634 2553 eris
2666 2496 2759 2552 tibi
2781 2497 2832 2551 in
2856 2493 3197 2566 providendo
3222 2490 3552 2564 praestantior
3568 2502 3698 2558 quam

2160 2603 2182 2632 ι’
2217 2601 2397 2662 potest
2418 2591 2470 2645 in
2505 2598 2556 2644 te
2581 2603 2701 2645 esse
2727 2587 2819 2658 qui
2857 2594 2911 2643 te
2936 2594 2996 2641 ut
3018 2600 3176 2641 esses
3206 2583 3418 2649 etfacit;
3446 2591 3496 2636 et
3524 2595 3628 2634 cntu
3662 2590 3703 2629 te

2157 2694 2313 2753 putes
2338 2682 2389 2738 ei
2417 2681 2616 2735 debere
2645 2679 2786 2749 quod
2818 2678 2971 2741 vivis,
3018 2678 3301 2753 quomodo
3341 2684 3393 2728 te
3434 2689 3532 2726 non
3572 2681 3703 2739 putas

2159 2752 2235 2828 illi
2265 2772 2463 2827 debere
2493 2769 2633 2841 quod
2664 2768 3028 2839 quotidianam
3050 2766 3177 2837 ejus
3205 2752 3571 2836 coiisequettdo
3595 2774 3697 2824 ara-

2154 2865 2285 2921 tiam
2318 2863 2497 2918 taliter
2528 2861 2704 2916 vivis?
2728 2869 2751 2897 ·
2787 2859 2852 2914 Et
2876 2860 2965 2929 qui
2997 2874 3105 2914 nos
3127 2857 3395 2928 adjutoriu
3420 2868 3569 2923 negas
3592 2850 3706 2906 iudi-

2156 2971 2285 3028 gere
2311 2956 2514 3020 divino,
2559 2953 2708 3023 quasi
2752 2964 2820 3006 ex
2867 2958 3051 3004 nostra
3095 2948 3153 3004 in
3195 2957 3369 3003 to'nm
3401 2942 3708 3015 possibilitate

2159 3047 2459 3118 perfectos,
2504 3047 2522 3081 ι
2559 3042 2827 3114 quomodo
2867 3057 2973 3097 non
3014 3040 3352 3110 adjutorium
3388 3041 3439 3093 in
3476 3050 3582 3104 nos,
3610 3049 3711 3088 cum

470 3137 714 3192 tientium
745 3137 798 3191 in
827 3137 1151 3192 deteriorem
1196 3148 1399 3206 partem
1446 3136 1610 3191 corda
1662 3146 2048 3206 corrumpant,
2080 3130 2127 3196 C
2161 3139 2295 3194 tales
2325 3140 2486 3193 etiam
2518 3151 2547 3190 a
2581 3136 2732 3191 nobis
2757 3148 2876 3190 esse
2903 3134 3204 3204 possimus,
3230 3126 3604 3204 provocamus?
3628 3125 3712 3191 Qui

470 3237 636 3283 totam
676 3227 787 3283 veri
818 3227 1083 3298 dogmatis
1127 3236 1373 3299 quaerunt
1417 3237 1659 3284 evertere
1689 3227 2050 3299 disciplinam.

457 3318 773 3376 'Banandum
795 3335 924 3391 ergo
948 3319 1197 3385 celerius,
1223 3334 1292 3375 ne
1314 3319 1527 3390 longius
1551 3321 1912 3376 exsecrandns
1933 3322 2053 3374 ani-

469 3412 574 3468 mis
610 3413 829 3468 morbus
864 3409 881 3449 ί
916 3412 1149 3482 iuserpat
1174 3429 1187 3465 :
1213 3421 1267 3467 ut
1296 3413 1350 3467 si
1383 3412 1653 3481 medicus,
1695 3427 1816 3468 cum
1860 3413 2056 3469 viderit

474 3617 489 3629 ⁴
543 3559 570 3588 ⁸
608 3548 766 3605 Bat'b.
810 3547 929 3603 Vat.
978 3550 1042 3613 1,
1088 3547 1286 3604 Bened.
1316 3558 1377 3602 ct
1412 3547 1591 3604 CouS'.
1638 3547 1827 3604 melius
1870 3549 2054 3602 εἰςιιειιι

460 3636 688 3744 ΝἚἸῑα
714 3705 836 3744 cum
866 3688 1077 3743 'I‘ltuan.
1111 3704 1213 3743 ms.
1249 3689 1410 3743 Vind.
1440 3688 1733 3757 caeterique
1755 3691 1923 3743 nostri
1954 3704 2050 3743 co-

469 3762 635 3827 dices,
664 3771 716 3815 et
742 3776 929 3815 omnes
958 3761 1171 3827 vulgati.
1209 3762 1366 3815 Solus
1395 3759 1596 3827 Queen.
1632 3759 1919 3829 recepitex
1946 3777 2047 3815 nis.

470 3834 645 3888 Oxon.
672 3830 818 3886 Unde
845 3831 898 3883 id
920 3831 1049 3883 venit
1074 3831 1230 3900 quod.

547 3912 569 3941 ο
611 3903 684 3956 lta
714 3902 880 3957 nostri
921 3897 1095 3955 codd.
1120 3910 1174 3956 et
1204 3901 1345 3971 vnlg.
1377 3897 1695 3967 Quesncllus
1714 3939 1731 3965 ,
1761 3901 1813 3953 in
1843 3901 2050 3973 disjun-

470 3974 585 4028 etis.

542 4039 569 4082 τι
611 4040 798 4106 Garn.,
846 4039 995 4095 Un‘de
1033 4057 1193 4108 aquas
1235 4050 1493 4095 sumerent
1536 4051 1732 4096 creterra
1771 4040 2046 4108 Ecclesiaz,

471 4115 603 4170 velut
634 4114 696 4167 de
738 4112 902 4166 natali
918 4126 1021 4182 suo
1050 4111 1212 4178 fonte,
1249 4128 1280 4165 α
1308 4128 1409 4182 quo
1439 4122 1633 4166 cuncta:
1660 4109 1966 4182 procedunt,
2005 4121 2052 4167 et

468 4202 560 4255 per
584 4184 807 4238 diversas
837 4181 991 4236 totius
1020 4182 1196 4255 mundi
1224 4198 1488 4255 regiones.
1595 4222 1611 4237 .
1642 4181 2055 4255 manantrUnde

469 4252 808 4324 perciperent,
839 4266 986 4324 quos.
1004 4290 1017 4304 .
1037 4292 1051 4305 .
1072 4292 1086 4307 .
1108 4252 1333 4307 abluere.
1364 4254 1494 4324 Dein
1514 4254 1576 4306 de
1601 4254 1789 4306 natalis
1815 4253 1896 4306 sui
1914 4253 2055 4324 [ante

470 4322 611 4396 apud
638 4322 1212 4396 Quesn.Correxiutus
1238 4339 1303 4379 ex
1337 4323 1561 4379 Vindeb.
1592 4324 1817 4394 aliisque
1856 4322 2055 4380 nostra

466 4394 629 4451 cedd.
656 4403 712 4449 et
730 4394 876 4463 vulg.

544 4475 569 4503 ο
613 4465 768 4535 Vulg.
796 4464 995 4520 Bened.
1027 4474 1083 4521 et
1104 4465 1312 4530 Consu,
1344 4466 1460 4533 puri
1479 4464 1650 4519 latices
1676 4464 1857 4533 capitis
1885 4464 2054 4518 incor-

469 4538 608 4606 rupti
638 4545 925 4590 manarent.
950 4537 1072 4590 hlox
1101 4535 1283 4591 Const.
1313 4551 1432 4591 cum
1457 4538 1587 4591 edit.
1615 4535 1819 4589 Concil.
1844 4544 1897 4589 et
1919 4536 2051 4588 duu-

472 4608 569 4662 hus
596 4606 778 4669 codd..
806 4606 928 4675 quid
957 4608 1253 4677 precipere,
1279 4622 1404 4676 quos
1425 4607 1648 4673 abluere,
1681 4606 1752 4659 ita
1779 4619 1835 4659 ut
1853 4608 2049 4660 subau-

453 4679 555 4731 «dia
565 4687 650 4733 tur
668 4679 932 4732 deberent.

545 4745 565 4787 ί
612 4747 767 4801 Vind.
799 4764 920 4801 cntn
942 4744 1126 4800 Const.
1160 4754 1214 4799 et
1241 4747 1439 4802 Beued.
1468 4744 1611 4800 delet
1637 4761 1750 4814 pro.

543 4828 568 4866 ε
607 4817 916 4887 Adiecimus
944 4818 1040 4870 hoc
1076 4830 1198 4869 cunt
1233 4815 1582 4887 VindLBurb.
1621 4817 1845 4884 aliisque
1885 4818 2043 4873 codd.

470 4885 711 4958 allegatis
734 4902 764 4940 a
793 4888 979 4941 Const.
1019 4886 1346 4958 Garnerius:
1369 4885 1619 4958 Ecclesia,
1657 4896 1706 4941 et
1746 4891 2048 4954 pronuntia-

471 4961 623 5016 tionis
640 4959 800 5030 justo:
822 4958 1032 5025 ﬁrmata
1069 4957 1401 5030 decretalibus
1430 4957 1547 5011 illos
1579 4975 1760 5028 pavere
1794 4976 1895 5013 non
1924 4977 2045 5030 pos-

466 5034 535 5086 sit
562 5044 580 5084 :
610 5043 675 5085 ac
704 5029 828 5083 dein
861 5030 1056 5082 omittit
1084 5028 1238 5081 immo
1259 5030 1447 5083 destrui
1462 5029 1518 5081 ti.

542 5099 571 5139 ι·
611 5101 687 5154 Ita
719 5098 873 5154 Vind.
905 5111 959 5154 et
984 5098 1141 5152 Bari).
1184 5115 1304 5155 cutn
1344 5102 1483 5169 vulg.
1518 5100 1860 5167 Quesnellus,
1893 5099 2052 5155 exha-

470 5176 580 5228 lant
610 5172 769 5237 virus,
789 5181 834 5224 et
857 5181 910 5223 ut
932 5171 1213 5222 hominum.
1796 5200 1811 5219 ι

548 5244 566 5282 ί
592 5243 721 5309 ,Αιη
737 5242 962 5311 irrepat.

546 5314 561 5365 i
608 5315 810 5381 Quesn.
849 5310 997 5366 addit
1036 5327 1145 5365 esse
1181 5327 1200 5365 :
1237 5310 1530 5367 dclcvimus
1569 5315 1886 5368 auctoritate
1925 5313 2046 5366 cod.

472 5383 659 5450 Viud.,
684 5383 1145 5455 consentientibus
1174 5384 1438 5455 _vulgatis.
1478 5387 1601 5438 l’ost
1635 5398 1807 5455 pauca
1841 5382 2001 5439 Garn.
2031 5424 2045 5449 ,

473 5456 770 5527 desperatus
791 5468 896 5506 non
925 5452 1266 5527 evadat.__Sed
1292 5458 1448 5506 cum.‘

544 5519 576 5563 ε
612 5519 800 5597 Bari!”
821 5534 876 5597 ut
914 5523 1051 5593 quod
1074 5522 1322 5597 reliiuum
1350 5526 1602 5597 integrum
1631 5534 1704 5577 est
1732 5534 1889 5579 servat
1914 5527 2051 5579 inta-

474 5606 625 5648 ctum.
658 5595 761 5651 Alii
793 5592 932 5660 vnlg.
955 5632 970 5653 .
1011 5609 1110 5660 quo
1140 5595 1391 5663 reliquum
1420 5592 1672 5667 integram
1699 5607 1859 5651 servet
1890 5607 1936 5649 et
1966 5596 2048 5650 in-

474 5676 684 5720 tactum.

557 5748 575 5787 ι
617 5736 729 5791 \at.
763 5735 788 5789 i
819 5742 874 5788 et
900 5732 1053 5787 Barb.
1090 5747 1152 5791 ac
1182 5734 1414 5790 secunda
1454 5751 1611 5792 manu
1640 5736 1694 5790 in
1720 5735 1905 5791 \'in.l..
1939 5753 2043 5793 non

2161 3230 2304 3287 enim
2351 3227 2675 3298 adjutoriunt
2712 3226 2806 3280 Dei
2840 3234 3020 3294 negat,
3049 3225 3253 3279 vellem
3278 3223 3595 3290 interrogare
3611 3214 3717 3287 quid

2158 3322 2321 3378 dicat.
2368 3320 2478 3375 Nos
2522 3334 2627 3373 non
2669 3316 2903 3373 mereri?
2937 3330 3006 3369 an
3033 3314 3191 3370 illum
3223 3314 3328 3370 hoc
3369 3320 3606 3385 praestare
3629 3323 3717 3363 non

2159 3414 2358 3485 posse?
2397 3429 2464 3468 an
2506 3410 2639 3466 nihil
2665 3424 2784 3465 esse
2809 3416 3030 3479 propter
3059 3406 3213 3480 quod
3254 3404 3610 3477 unusquisque
3636 3402 3721 3455 hoc

2244 3569 2258 3600 1
2356 3567 2361 3575 ’
2429 3587 2441 3599 .

2156 3559 2554 3674 “gail‘li‘l‘elius
2577 3617 2638 3671 de
2662 3633 2859 3688 eorum,
2885 3626 2940 3669 nt
2963 3614 3163 3684 legitur
3194 3615 3247 3669 in
3273 3612 3524 3688 Capitulis
3546 3610 3609 3665 de
3626 3623 3723 3688 ara-

2159 3688 2252 3745 tia.
2285 3709 2303 3741 ι
2335 3688 2671 3757 Quesuellus.
2716 3687 2836 3743 Mox
2882 3697 2994 3757 post
3026 3687 3129 3757 hac
3163 3702 3263 3754 pro
3292 3695 3407 3750 post
3438 3684 3543 3736 lucc
3569 3698 3613 3734 tn
3642 3684 3721 3757 its-

2157 3762 2277 3815 dem
2304 3751 2563 3827 capitulis
2583 3768 2638 3813 et
2657 3758 2778 3813 aliis
2805 3751 3058 3827 vulgatis.
3085 3751 3227 3811 Dein
3256 3757 3452 3820 Carm,
3480 3751 3725 3807 nutantibus

2158 3846 2259 3899 pro
2287 3830 2560 3886 mentibus.
2772 3896 2781 3899 Α
2898 3896 2908 3899 _
3224 3898 3233 3899 ί
3276 3834 3285 3840 ’

2157 3890 2188 4025 ἓ,
2226 3910 2255 3938 ιι
2293 3902 2384 3958 Sic
2403 3914 2591 3957 omnes
2618 3896 2783 3955 nostri
2815 3896 3028 3954 codices
3063 3907 3120 3953 et
3146 3897 3377 3968 vulgati.
3405 3890 3718 3963 Quesuellns,

2192 3988 2322 4025 οηω.

2192 3988 2322 4026 οηω.

2231 4051 2257 4081 ⁸
2298 4042 2486 4107 Garn.,
2514 4041 2618 4099 Sed
2638 4043 2798 4112 juste.

2232 4124 2259 4163 ρ
2297 4102 2532 4179 Ουοέηλ,
2574 4102 2938 4181 αιάσοίράηι.
2985 4109 3233 4173 Bened.,
3274 4109 3529 4176 accipere.
3569 4102 3730 4181 ςζᾳυξι.

2158 4199 2280 4239 cum
2304 4172 2816 4251 Cartt.,etacciperc.
2846 4182 3008 4249 Magis
3032 4172 3246 4251 placuit
3271 4172 3434 4236 lectio
3454 4172 3732 4251 mS‘.‘V_ind.,

2159 4270 2319 4324 quam
2364 4245 2718 4324 cont-probati}
2743 4252 2876 4306 edit.
2902 4245 3116 4306 Concil.
3164 4268 3296 4306 cum
3346 4266 3484 4324 mss.
3524 4245 3650 4301 i’ith.
3686 4250 3730 4294 ct

2163 4320 2285 4380 Isid.
2316 4324 2444 4380 Post
2471 4320 2635 4393 pauca
2663 4322 2852 4381 (ἴθι-η..
2885 4332 2986 4375 tam
3011 4320 3583 4394 religiosismentibus.

2234 4405 2263 4446 σι
2302 4386 2526 4461 QuestL,
2568 4411 2722 4464 quam
2761 4394 3019 4461 denegari.
3064 4386 3430 4447 Praetulimus
3477 4386 3735 4464 lectionem

2160 4457 2384 4521 aliarum
2409 4457 2724 4530 editionum,
2747 4457 2905 4534 quani
2932 4479 3096 4517 sensu
3129 4465 3396 4534 exigente
3427 4457 3736 4534 p_r.el'ert_uo«

2161 4547 2272 4591 ster
2299 4537 2464 4592 codex
2500 4536 2679 4600 B.arb.,
2705 4527 3087 4590 accedentibus
3121 4527 3295 4588 etiam
3332 4527 3495 4585 Vind.
3524 4540 3587 4600 et
3626 4527 3739 4579 duo-

2075 4590 2127 4651 Ῑ)
2154 4590 2253 4660 bus
2281 4590 2425 4672 Vat.,
2455 4608 2508 4662 in
2536 4590 2731 4676 quibus
2773 4605 2944 4659 solum
2979 4620 3072 4673 pro
3116 4615 3169 4658 te
3200 4619 3417 4676 negare
3436 4598 3572 4676 facili
3608 4609 3739 4676 atus-

2153 4665 2433 4733 ttuunsium
2455 4665 2638 4733 errore
2666 4676 2891 4730 habetur
2911 4665 3190 4743 denegare.
3222 4665 3349 4729 mox
3385 4672 3544 4727 BH").
3566 4676 3619 4724 et
3638 4665 3738 4718 Vat.

2153 4750 2176 4803 1
2221 4748 2404 4804 delent
2435 4746 2869 4815 praepositionem
2898 4746 2951 4799 in
2977 4759 3103 4798 ante
3135 4745 3483 4815 quotidiana.
3709 4803 3719 4815 ο

2226 4828 2248 4855 ³·
2288 4814 2499 4879 Const..
2531 4814 2771 4888 potestiin
2797 4833 2857 4870 eo
2885 4832 3010 4870 esse.
3050 4815 3201 4869 Edit.
3247 4814 3489 4888 (ΣοωξιιἼ
3520 4816 3670 4888 pqtest
3703 4814 3740 4855 ts

2150 4906 2278 4945 esse.
2310 4890 2440 4945 Post
2469 4878 2631 4959 pa'uca
2666 4887 2850 4951 Vind.,
2879 4896 2924 4959 e_t
2966 4902 3081 4939 cum
3125 4896 3288 4954 putes
3320 4885 3447 4959 debe
3476 4878 3531 4939 ἐξ
3555 4878 3705 4959 Corn.
3729 4918 3742 4942 ,

2150 4962 2273 5013 etsi
2310 4962 2429 5014 huic
2470 4952 2613 5031 pater
2652 4960 2852 5031 debere.
2881 4957 3066 5011 Const.
3089 4952 3205 5031 ,et
3244 4957 3334 5009 cui
3379 4966 3528 5021 pater
3557 4952 3740 5031 debere.

2229 5038 2250 5066 ⁸
2296 5024 2481 5097 Bari»,
2507 5028 2568 5083 Et
2594 5029 2717 5098 quid
2738 5068 2751 5082 .
2780 5068 2793 5080 .
2813 5067 2826 5080 .
2850 5067 2865 5082 .
2892 5029 3127 5098 perfecti.
3158 5024 3649 5098 Coust.,_quasi_ex
3668 5032 3745 5069 n0-

2154 5112 2260 5156 stra
2288 5104 2446 5156 simus
2466 5092 2528 5156 in
2553 5092 2713 5155 totum
2739 5092 3078 5171 possibilitate
3109 5098 3361 5171 perfecti.
3398 5092 3746 5171 δειειτ-ΊΊιυτιρ..Γ

2158 5172 2366 5241 perfecti
2414 5173 2591 5226 simus.
2641 5158 2896 5241 (Lodicem
2948 5158 3122 5241 Vind:
3170 5158 3598 5223 concinentibus
3643 5158 3745 5211 aliis

2155 5240 2297 5313 vnlg.
2329 5244 2499 5313 secuti
2528 5255 2734 5313 sumus.
2765 5240 2993 5307 Quesn..
3025 5240 3077 5293 in
3107 5247 3282 5313 toto.‘
3443 5307 3457 5313 _
3611 5305 3623 5313 _
3708 5298 3719 5309 .

2232 5305 2274 5348 τ’
2302 5331 2321 5366 t
2354 5310 2577 5367 Garner.
2594 5352 2610 5378 ,
2649 5310 2747 5366 Dic
2775 5305 3028 5383 quomodo
3056 5325 3179 5363 vere
3206 5307 3545 5383 adiutorium
3575 5305 3679 5374 ejus
3696 5305 3748 5383 in

2158 5400 2250 5438 nos
2271 5424 2284 5437 .
2307 5421 2322 5438 .
2345 5422 2361 5438 .
2382 5424 2395 5436 .
2427 5380 2800 5454 provocemus:
2833 5382 2970 5454 male
3003 5391 3057 5436 et
3086 5380 3293 5434 contra
3326 5390 3567 5454 mentem
3595 5380 3747 5441 ponti-

2160 5456 2294 5522 tlcis,
2320 5457 2409 5525 qui
2428 5448 2671 5524 probare
2699 5452 2948 5518 intendit,
2984 5460 3041 5506 ut
3066 5465 3143 5505 ex
3175 5448 3652 5529 consequenttbus
3670 5454 3748 5529 pu-

2161 5536 2258 5594 tet,
2282 5521 2487 5597 ju'smt'n
2529 5536 2756 5597 vttaisna
2799 5535 3090 5597 provocare
3128 5521 3415 5597 annilintn
3440 5521 3579 5597 ρίξί,Δ
3602 5524 3655 5567 ιιι
3677 5521 3748 5597 jtt:

2157 5586 2306 5652 stins'
2343 5599 2505 5652 vivat.
2544 5616 2562 5648 ι
2599 5596 2690 5651 Sic
2715 5586 2917 5662 ansn.
2956 5594 3012 5647 in
3051 5593 3338 5662 margine.
3374 5588 3520 5646 Edit.
3550 5586 3679 5655 Aug.
3704 5586 3749 5632 el

2158 5667 2342 5725 Const.
2372 5682 2555 5724 vocem
2585 5668 2698 5738 ejus
2727 5667 2987 5724 inserunt.
3030 5722 3033 5725 ,
