3888 6182
259 221 334 276 εισι
681 220 902 276 CEJBEX
943 220 1263 277 CANONUM
1307 224 1583 281 ECCLES.
1629 227 1714 280 ET
1756 230 1804 278 tl

1914 225 2324 282 ὶῖιῖιζῖοἱὶωι
2364 228 2420 282 S.
2462 227 2649 284 ὅμως
2690 226 3014 286 ΑΡΟΒΤΟῘ..

3378 233 3480 290 ita

258 337 469 389 debeat.
498 333 800 399 postulare?
833 333 997 389 Posse
1042 335 1142 390 hoc
1182 337 1346 391 Deum
1378 353 1536 406 opera
1568 339 1680 407 ipsa
1721 349 1799 392 tco
1832 340 1880 400 Α
1909 338 2057 391 illum
2103 339 2377 408 tiCFpiClitl,
2418 339 2746 414 orationibus
2784 356 2978 411 pronus
3024 336 3272 410 exoptat;
3305 353 3354 399 et
3389 363 3480 413 per

258 435 456 479 stantur.
487 424 768 492 Adjutorio
796 425 1107 494 quotidiano
1138 441 1234 481 nos
1262 441 1442 497 egere,
1472 443 1668 496 negare
1697 443 1804 482 non

257 530 539 584 possumus;
573 514 673 570 hoc
694 517 836 570 enim
859 531 950 571 seu
973 516 1107 572 bene
1133 521 1360 573 vivimus
1382 518 1408 557 δ
1433 533 1804 593 provocamus,

258 623 296 663 ut
323 608 506 661 melius
535 610 876 678 sanetiusqne
900 608 1168 676 vivamus;
1199 627 1291 665 seu
1323 627 1483 680 prave
1510 614 1806 666 sentientes

257 718 276 754 τι
297 701 438 754 bonis
459 699 775 766 avertimur,
803 709 858 753 ιιι
875 700 940 754 ad
964 709 1162 755 rectam
1183 703 1465 760 redeamus
1485 703 1623 757 viam
1651 704 1804 774 137

257 792 350 858 eius
370 789 561 842 auxilio
587 790 703 856 plus
733 805 971 859 egemus.
1005 790 1138 845 Nam
1162 793 1286 860 quid
1314 806 1416 846 tam
1447 795 1802 857 mortiferum,

260 890 271 931 t
298 895 340 932 tn
371 892 604 946 prmceps
635 877 880 932 videatur
906 880 968 933 ad
998 895 1176 935 casum
1201 920 1217 945 ,
1266 889 1374 936 tam
1402 885 1704 950 expositum
1736 884 1802 937 ad

259 972 406 1025 omnia
450 971 709 1039 pericula,
749 971 794 1025 si
843 973 940 1027 hoc
978 975 1147 1028 solum
1191 976 1344 1029 nobis
1373 976 1618 1031 sulticere
1649 991 1806 1046 posse

261 1073 494 1132 putantes,
530 1065 674 1133 quod
703 1064 926 1118 liberum
955 1065 1232 1120 arbitrium
1260 1077 1282 1106 ο
1306 1068 1428 1121 dum
1460 1085 1809 1124 nasceremur

259 1155 551 1223 accepimus,
587 1155 724 1208 ultra
749 1155 858 1223 jam
891 1170 921 1209 a
953 1157 1176 1212 Domino
1208 1159 1336 1213 nihil
1367 1176 1672 1227 qumramus
1702 1180 1714 1214 :
1747 1163 1799 1215 id

261 1254 337 1307 est,
377 1244 605 1298 auctoris
651 1245 818 1299 nostri
860 1246 1030 1310 obliti,
1078 1248 1195 1316 ejus
1246 1252 1560 1318 potentiam,
1607 1260 1663 1305 ut
1706 1267 1803 1306 nos

261 1335 571 1391 ostendamus
603 1336 822 1404 liberos,
854 1337 1200 1406 abjurcmus?
1235 1344 1384 1410 quasi
1424 1343 1533 1410 jam
1574 1345 1803 1412 amplius

261 1427 372 1494 quod
392 1427 518 1482 dare
547 1427 714 1494 possit
745 1444 850 1482 non
875 1429 1088 1494 habeat,
1117 1434 1203 1500 qui
1241 1443 1289 1488 te
1321 1434 1371 1488 in
1403 1445 1490 1489 tuo
1519 1445 1638 1490 ortu
1660 1436 1802 1490 libe-

261 1535 352 1573 rum
377 1519 494 1573 fecit
519 1536 534 1572 :
558 1522 859 1575 nescientes
884 1523 1024 1590 quod
1053 1524 1153 1578 nisi
1185 1527 1390 1594 magnis
1413 1528 1660 1594 precibus
1687 1545 1806 1596 gra-

260 1612 310 1664 tia
330 1612 377 1665 in
399 1628 490 1665 nos
522 1612 802 1680 implorata
829 1613 1139 1680 descendat,
1164 1616 1191 1652 ά
1218 1633 1548 1688 nequaquam
1573 1627 1800 1674 terrena:

1910 445 2100 497 corpus
2132 445 2290 483 omne
2314 429 2549 498 psalterii
2586 431 2744 501 138
2774 432 2873 485 hoc
2912 441 2965 485 et
3005 431 3254 499 prmdicztt
3281 442 3332 486 et
3374 436 3480 486 ela-

1911 530 2020 573 mat
2051 518 2094 573 ί.
2125 519 2178 573 Si
2209 534 2334 588 ergo
2371 519 2472 574 hoc
2502 520 2592 574 ille
2619 523 2688 574 ita
2721 535 2969 588 magnum
3002 523 3122 588 scit,
3171 534 3230 576 ut
3267 523 3479 577 assidue

1909 610 2145 672 diceret;
2187 612 2255 664 ita
2287 613 2645 665 necessarium
2685 610 2967 666 confessus
2996 615 3185 676 est,"ut
3223 613 3478 669 doceret:

1908 702 2348 770 quemadmodum
2376 702 2618 771 Pelagius
2645 703 3051 772 Ctelestiusque,
3074 703 3306 772 seposita
3334 709 3478 758 omni
3513 713 3526 728 ν

1909 793 2256 860 responsione
2299 794 2644 860 psalmorum,
2688 795 2887 859 talique
2931 793 3171 848 abdicata
3214 794 3477 858 doctrina,

1907 897 2159 936 suasuros
2188 898 2246 937 se
2277 884 2540 954 aliquibus
2565 899 2685 938 esse
2711 884 3002 946 conﬁdunt,
3036 900 3131 938 nos
3155 883 3480 952 adjutorinm

1910 973 2002 1027 Dei
2033 989 2130 1028 nec
2165 975 2359 1028 debere
2385 990 2646 1044 quaerere,
2678 990 2775 1030 nec
2802 989 2868 1030 eo
2903 975 3102 1044 egere?
3134 990 3252 1029 cum
3292 991 3478 1030 omnes

1908 1063 2080 1118 sancti
2113 1064 2241 1118 nihil
2272 1080 2329 1118 se
2358 1067 2472 1119 sine
2508 1066 2606 1119 hoc
2635 1081 2792 1134 agere
2822 1080 2981 1135 posse
3018 1074 3301 1122 testentur.
3337 1067 3353 1118 l
3393 1068 3480 1123 Li-

1909 1156 2095 1211 berum
2123 1156 2264 1211 cnim
2291 1158 2566 1210 arbitrium
2600 1158 2725 1210 olim
2767 1158 2856 1213 ille
2885 1173 3190 1226 perpessus,
3217 1176 3335 1214 eum
3367 1164 3478 1225 suis

1909 1247 2262 1302 inconsultius
2297 1249 2461 1302 utitur
2498 1249 2673 1314 bonis,
2703 1249 2901 1303 cadens
2939 1251 2992 1303 in
3022 1254 3478 1319 praevaricatiooit

1911 1340 2168 1409 profunda
2198 1340 2475 1395 demersus
2503 1351 2605 1408 est,
2638 1352 2692 1395 et
2723 1341 2852 1396 nihil
2878 1344 3326 1411 quemadmodum
3355 1346 3478 1401 inde

1907 1446 2198 1500 exsurgere
2221 1441 2402 1500 posset
2428 1424 2861 1504 invetiit,suaque
2882 1436 2932 1487 in
2955 1444 3209 1489 mternum
3234 1435 3479 1491 libertate

1909 1524 2181 1592 deceptos,
2207 1525 2363 1594 hujus
2393 1526 2542 1579 ruina
2568 1522 2592 1562 ιι
2611 1526 2870 1594 jacuisset
2897 1542 3203 1595 oppressus.
3233 1529 3334 1582 nisi
3356 1544 3476 1584 eum

1908 1625 2091 1680 postea
2113 1614 2310 1669 Cbrisd
2336 1631 2429 1684 per
2455 1631 2603 1669 suam
2633 1618 2852 1685 gratiam
2883 1619 3174 1672 relevasset
3197 1621 3475 1675 adventus.

261 1701 370 1756 labis
396 1712 446 1755 et
476 1703 730 1756 mundani
761 1705 1002 1770 corporis
1029 1705 1242 1761 vincere
1271 1722 1481 1762 errores
1504 1723 1796 1775 conemur,
1841 1690 1887 1750 Β
1915 1708 2012 1774 Qui
2059 1723 2151 1775 per
2197 1722 2348 1761 novae
2395 1709 2814 1778 regenerationis
2861 1711 3278 1778 purificationem
3321 1729 3482 1768 omne

261 1809 355 1847 cum
379 1810 525 1860 pares
548 1810 645 1849 nos
661 1795 726 1849 ad
752 1796 1104 1851 resistendum
1129 1814 1232 1852 non
1259 1799 1483 1856 liberum
1507 1801 1806 1869 arbitrium,

263 1885 331 1937 sed
355 1884 440 1938 Dei
465 1885 638 1938 solum
671 1885 847 1942 facere
877 1888 1042 1954 possit
1068 1887 1340 1943 auxilium.

316 1976 430 2029 (Str.
463 1975 548 2028 lV.
573 2005 640 2016 —
660 1976 789 2030 Nam
818 1977 861 2031 si
891 1979 979 2034 ille
1007 1980 1203 2034 clamat
1229 1981 1494 2050 adjutorio
1536 1982 1634 2038 sibi
1676 1998 1810 2053 Opus

262 2080 360 2120 esse
387 2069 581 2135 divino,
615 2069 703 2137 qui
735 2069 895 2138 digne
924 2071 1025 2124 hoc
1053 2088 1156 2125 non
1187 2083 1470 2142 qumreret,
1499 2075 1541 2129 si
1570 2076 1655 2130 cui
1681 2077 1812 2132 libe-

262 2174 356 2212 ram
381 2159 652 2215 arbLtrium
678 2162 795 2231 plus
821 2163 1099 2232 prodesset
1123 2180 1138 2218 :
1163 2167 1358 2235 quippe
1379 2183 1500 2222 cum
1526 2168 1606 2222 vir
1624 2168 1811 2225 beatus

260 2263 301 2306 et
319 2254 418 2322 jam
441 2256 643 2309 electus
666 2271 694 2308 a
721 2256 945 2310 Domino
969 2258 1096 2311 nihil
1119 2267 1322 2328 egeret,
1349 2268 1524 2314 tamen
1550 2261 1618 2314 ita
1645 2261 1809 2318 Deum

261 2345 548 2412 deprecatur
570 2347 848 2414 postulans
871 2364 884 2400 :
917 2348 1137 2418 Adjator
1164 2365 1306 2404 meus
1335 2360 1462 2418 esto,
1496 2367 1560 2405 ne
1587 2352 1811 2406 derelin-

261 2451 366 2503 quas
387 2451 476 2498 me,
505 2451 666 2506 neque
688 2437 938 2506 despicias
964 2455 1060 2503 me,
1091 2437 1229 2493 Deus
1249 2439 1488 2494 salutaris
1512 2457 1648 2495 meus
1669 2457 1689 2496 :
1711 2458 1809 2498 nos

260 2526 393 2579 nobis
421 2525 640 2579 liberum
674 2528 974 2594 arbitrium,
1009 2529 1098 2583 ille
1129 2538 1153 2567 °
1199 2531 1366 2586 Deum
1398 2533 1628 2600 postulat
1652 2533 1804 2601 adju-

261 2625 429 2670 torem.
467 2616 618 2684 Quod
653 2618 764 2672 nali
791 2633 998 2685 sumus,
1028 2619 1277 2676 s‘ul‘licere
1303 2621 1459 2675 nobis
1493 2637 1650 2692 posse
1678 2624 1810 2679 dici-

257 2723 386 2771 mus;
409 2707 494 2763 ille
510 2709 700 2775 Deum,
717 2725 785 2765 ne
805 2710 1204 2779 derelinquatur
1229 2710 1248 2750 ί
1276 2721 1483 2767 exorat.
1501 2713 1638 2779 Non,
1653 2730 1804 2784 rogo,

257 2802 514 2857 inanileste
541 2803 800 2857 discimus
825 2804 952 2874 quid
977 2819 1210 2870 oremus,
1244 2820 1365 2860 cum
1396 2806 1485 2862 ille
1509 2816 1806 2877 tantopere,

256 2901 310 2945 ut
346 2907 495 2961 supra
538 2893 790 2960 diximus,
829 2893 1017 2949 beatus
1053 2895 1159 2960 vir,
1199 2910 1267 2951 ne
1307 2896 1651 2966 despiciatur,
1681 2913 1810 2952 exo-

257 2985 395 3050 ptat?
435 2985 506 3038 Illi
549 2986 692 3038 enim
736 3000 958 3042 necesse
995 2996 1124 3041 est!
1152 2988 1250 3042 ista
1292 2998 1536 3058 arguant,
1584 2988 1676 3059 qui
1718 2989 1807 3043 illa

253 3076 572 3130 conﬁrmant.
602 3075 767 3130 David
793 3078 936 3130 enim
968 3079 1225 3133 orationis
1251 3079 1466 3148 ignarus
1495 3090 1552 3135 et
1574 3095 1685 3136 suae
1715 3097 1810 3136 na-

253 3173 376 3219 tura:
400 3169 606 3221 nescius
632 3169 929 3235 accusetur,
968 3169 1058 3238 qui
1087 3184 1208 3224 cum
1236 3170 1370 3224 sciat
1397 3179 1598 3226 tantum
1629 3171 1681 3226 in
1711 3186 1807 3226 sua

254 3271 362 3312 esse
391 3268 594 3326 natura,
623 3260 920 3328 adjutorem
950 3263 1049 3317 sibi
1074 3262 1262 3327 Deum,
1293 3259 1393 3318 eth
1416 3263 1684 3318 assiduum
1713 3264 1807 3320 ad-

255 3350 499 3417 iutorem;
532 3366 630 3406 nec
660 3351 735 3406 illi
761 3353 956 3408 suilicit
985 3353 1278 3422 assiduum,
1308 3354 1402 3409 sed
1424 3369 1493 3410 ne
1519 3356 1806 3424 aliquando

319 3515 340 3542 ι
365 3507 456 3582 _Sic
480 3521 613 3565 mss.
643 3507 798 3582 Vind.
834 3517 888 3562 et
911 3507 1018 3562 duo
1043 3508 1166 3565 Vat.
1196 3524 1316 3564 cum
1349 3511 1598 3566 omnibus
1620 3511 1802 3582 vulga-

249 3576 330 3647 tis.
360 3579 512 3633 Solus
536 3579 852 3643 Quesnellus
879 3593 999 3632 cum
1031 3583 1143 3633 suis
1171 3581 1354 3647 corld.,
1387 3583 1689 3647 prtestolari.

314 3646 339 3684 δ
378 3649 511 3701 Edit.
540 3651 694 3701 Hom.
718 3659 771 3700 et
795 3653 1119 3703 recentiores
1145 3646 1503 3705 Conciliat-um
1527 3667 1644 3706 cum
1669 3652 1802 3706 Gar-

247 3719 408 3781 nerio,
450 3734 732 3780 precamur.
793 3718 983 3782 Vind.,
1027 3721 1183 3774 θυι».
1223 3729 1278 3773 et
1307 3721 1420 3773 Vat.
1455 3722 1478 3773 1
1517 3724 1800 3787 mendose,

247 3803 588 3855 provocamur,
619 3798 676 3843 et
697 3788 818 3844 hinc
843 3789 980 3844 lorte
1005 3790 1130 3844 alibi
1152 3791 1488 3846 emendatum
1519 3808 1798 3860 precamur.

314 3868 334 3896 ε
372 3861 633 3920 Al.,cum.

309 3927 335 3963 ‘
373 3931 559 3992 Garn.,
589 3948 650 3984 ne
671 3933 948 4002 quidquam
976 3948 995 3986 :
1019 3939 1075 3986 et
1103 3931 1256 3996 inira,
1290 3932 1426 3985 Nam
1451 3933 1495 3986 si
1525 3931 1692 3986 David
1721 3934 1802 3987 itt-

244 3997 447 4072 clamat.
479 4002 592 4052 Mos
631 3997 823 4056 errares
851 4003 1185 4072 prtetulituus
1205 4019 1324 4058 cum
1348 4005 1545 4057 nostris
1571 4004 1728 4058 codd.
1747 4014 1801 4057 et

244 4070 378 4136 vulg.
405 4071 746 4136 Quesnellos,
769 4070 1008 4125 errorem.

314 4150 336 4174 '
378 4140 523 4207 Vulg.
566 4145 770 4197 addunt
791 4145 907 4196 sibi.
943 4143 1062 4196 Most
1093 4141 1250 4196 Vind.
1281 4157 1399 4197 cum
1431 4142 1563 4198 edit.
1597 4142 1800 4199 Bened.

243 4216 293 4258 et
312 4207 487 4281 (must.
518 4227 610 4264 nos
632 4213 792 4265 habet
824 4228 919 4281 pro
947 4213 1108 4266 nobis.

315 4275 334 4313 ί
374 4276 621 4352 Carnem,
650 4275 847 4336 exorat.
889 4282 1000 4336 Nos
1028 4283 1240 4335 dicimus
1264 4281 1532 4346 manifeste
1553 4299 1572 4336 :
1601 4291 1654 4335 ut
1682 4283 1804 4352 quid

244 4361 438 4421 oremus
465 4350 662 4421 Deum;
687 4355 794 4412 ille,
825 4364 930 4406 etc.
967 4353 1102 4406 lnl’ra
1121 4364 1321 4420 exoptat
1346 4355 1660 4421 scripsimus
1683 4350 1802 4407 eum

246 4431 368 4490 mss.
403 4417 557 4474 Vind.
582 4433 636 4476 et
662 4424 891 4478 Thom”
921 4438 1040 4476 cum
1071 4417 1261 4486 quibus
1290 4424 1429 4490 vnlg.
1459 4417 1730 4478 ltenedict.
1751 4433 1805 4478 et

247 4485 414 4560 Const.
446 4506 566 4543 eum
594 4493 822 4560 antiquis
851 4485 1206 4546 Concilinrunt
1230 4485 1553 4546 editionibus
1580 4508 1807 4547 consen-

249 4557 392 4611 liunt.
422 4561 619 4626 Quesn.
655 4557 772 4616 cuin
812 4562 1005 4628 Labb.,
1039 4571 1256 4625 exorat;
1295 4562 1454 4632 idque
1500 4562 1600 4616 alia
1644 4578 1802 4616 manu

249 4634 489 4693 scriptum
523 4635 578 4685 in
615 4647 716 4686 ms.
751 4632 974 4686 Vintleb.

314 4705 336 4772 ξ
373 4698 557 4772 Garm,
587 4703 661 4754 ita
685 4718 704 4758 :
732 4713 784 4755 et
807 4719 948 4756 mox.
976 4717 1098 4772 ergo
1126 4715 1222 4768 pro
1240 4703 1394 4755 enim.

313 4763 338 4841 ξ
373 4763 556 4831 Garn.,
589 4774 852 4824 assiduum
873 4763 1163 4841 adjutorerit
1196 4775 1412 4828 invocat.
1446 4772 1557 4825 Nec
1582 4772 1659 4824 illi
1687 4773 1802 4841 suf-

250 4835 344 4908 ﬁcit
365 4844 623 4892 assiduum
654 4847 910 4904 invocare,
934 4835 1020 4895 sed
1045 4857 1126 4903 ne,
1145 4852 1249 4894 etv.
1275 4841 1432 4895 Notat
1453 4835 1801 4908 Quesnellus:

251 4902 767 4983 Gornerius_ita_tegit,
789 4902 954 4983 addit,
977 4922 1023 4965 et
1044 4902 1334 4979 distinguit,
1350 4902 1521 4983 minas
1543 4926 1674 4965 recte
1695 4929 1804 4965 meo

253 4975 444 5050 iudicia.
486 4980 650 5046 Nulli,
677 4975 831 5050 'quod
863 4984 1120 5050 sciamus,
1169 4975 1382 5036 codices
1425 4982 1548 5035 huic
1591 4983 1803 5036 lectioni

252 5047 604 5113 astipulantur.

318 5114 334 5191 ξ
373 5118 456 5173 Sic
479 5136 543 5175 ex
572 5137 675 5176 ms.
694 5120 1154 5191 Vindeb._Quesn.
1181 5119 1360 5174 omisit
1388 5119 1505 5184 hoc.
1530 5131 1585 5177 et
1611 5135 1708 5191 pro
1735 5121 1806 5173 ita

251 5186 408 5251 primo
437 5191 552 5243 loco
581 5193 741 5245 habet
761 5201 878 5244 tam.
913 5186 1100 5256 Germ,
1126 5190 1186 5246 Si
1218 5207 1336 5258 ergo
1356 5192 1452 5245 hoc
1472 5192 1546 5245 illi
1564 5186 1668 5246 ta'm
1697 5207 1806 5244 nta-

250 5271 388 5331 guum
411 5263 573 5314 visunt
608 5263 694 5324 sit,
727 5273 778 5313 ut
817 5278 907 5314 nos
934 5265 1155 5315 doceret.
1191 5262 1520 5316 Benedictini
1554 5279 1565 5313 :
1599 5262 1659 5316 Si
1685 5277 1803 5331 ergo

245 5325 331 5402 hoc
358 5330 440 5382 ille
463 5339 568 5383 tam
591 5349 838 5402 magnus,
855 5332 983 5384 sicut
1009 5332 1215 5384 assidue
1248 5333 1435 5397 dicere,
1467 5339 1538 5384 ita
1567 5325 1804 5386 necessa-

243 5397 385 5464 rium,
409 5411 509 5455 etc.
561 5397 748 5456 (Satist.
766 5446 779 5469 ,
806 5401 866 5455 Si
895 5418 1011 5468 ergo
1039 5405 1131 5454 hoc
1165 5402 1259 5472 ille
1282 5405 1354 5455 ita
1380 5418 1592 5472 magnus
1617 5403 1734 5464 scit,
1754 5410 1805 5453 nt

160 5507 182 5530 .
241 5472 430 5525 assidue
450 5473 635 5535 dicere,
662 5477 735 5526 ita
757 5472 1113 5537 necessarium,
1127 5483 1231 5526 etc.
1250 5471 1308 5525 ltt
1331 5471 1605 5526 notatione
1625 5482 1803 5526 autem

236 5539 456 5595 afﬁrmat
476 5543 557 5598 sic
580 5543 758 5607 plures
781 5557 843 5596 ac
865 5543 1260 5596 vetustissimos
1279 5542 1492 5598 codices
1516 5543 1804 5610 prazl'erre;

234 5623 282 5665 at
305 5614 486 5668 mallet
518 5612 618 5679 legi
662 5629 673 5665 :
712 5614 783 5667 ita
809 5627 1018 5683 magnus
1047 5611 1188 5666 scivit
1213 5615 1414 5666 assidue
1439 5612 1629 5674 dicere.
1660 5621 1709 5665 et
1734 5612 1804 5664 ita

1913 1798 2236 1869 praeteritum
2265 1799 2452 1862 vitium
2487 1795 2568 1853 sui
2607 1800 2942 1874 baptismatis
2971 1803 3182 1858 lavacro
3210 1809 3476 1874 purgavit,

1909 1889 2104 1956 eteius
2145 1885 2164 1927 ι
2196 1889 2411 1943 ﬁrmans
2443 1899 2636 1944 statum
2663 1907 2768 1960 quo
2797 1893 2994 1946 rictius
3028 1895 3480 1966 con~tabiliusque

1913 1982 2245 2049 procederet,
2296 1990 2470 2035 tamen
2519 1997 2666 2034 suam
2707 1985 2929 2049 gratiam
2976 1985 3028 2036 in
3073 1997 3342 2053 posterum
3374 2005 3478 2042 non

1910 2074 2140 2141 negavit.
2170 2073 2299 2127 Nam
2327 2074 2570 2142 quamvis
2593 2073 2860 2127 hominem
2888 2076 3258 2132 redemissetIn
3284 2096 3311 2131 a
3343 2095 3480 2149 prte-

1911 2168 2081 2220 teritis
2111 2165 2201 2220 ille
2239 2165 2491 2232 peccatis,
2534 2175 2708 2219 tamen
2739 2170 2915 2220 sciens
2943 2167 3132 2222 iterum
3169 2185 3291 2224 eum
3325 2187 3480 2240 posse

1911 2271 2154 2326 peccare,
2177 2257 2240 2311 ad
2271 2255 2658 2321 reparationem
2681 2255 2801 2319 sibi,
2825 2258 3269 2326 quemadmodum
3299 2273 3480 2329 posset

1911 2347 2057 2402 illum
2075 2357 2129 2403 et
2155 2357 2272 2415 post
2289 2348 2386 2401 ista
2401 2347 2690 2415 corrigere,
2710 2351 2874 2399 multa
2896 2349 3152 2402 servavit:
3171 2351 3476 2418 quotidiana

1911 2445 2129 2509 prttistat
2157 2439 2244 2492 ille
2272 2437 2528 2500 remedia,
2566 2437 2758 2506 quibus
2783 2438 2882 2490 nisi
2919 2437 3036 2492 freti
3067 2440 3364 2510 eonﬁsique
3392 2444 3477 2495 ni-

1911 2541 2102 2594 tamur,
2139 2532 2439 2585 nullatenns
2471 2531 2729 2582 humanos
2758 2532 2971 2583 vincere
3012 2531 3303 2598 poterimus
3331 2548 3480 2588 erro-

1910 2638 2018 2678 res.
2049 2624 2277 2678 Necesse
2303 2634 2385 2676 est
2411 2622 2552 2674 enim
2581 2631 2638 2675 ut
2664 2635 2772 2690 quo
2797 2620 3087 2676 auxiliante
3113 2623 3391 2690 vincimus,
3414 2641 3480 2680 eo

1909 2715 2100 2770 iterum
2142 2729 2246 2766 non
2289 2713 2572 2781 adjuvante
2616 2712 2912 2766 vincamur.
2953 2711 3053 2766 Sed
3087 2727 3298 2782 possem
3329 2713 3476 2783 plura

1909 2807 2110 2872 dicere,
2135 2806 2233 2860 nisi
2264 2820 2357 2858 vos
2384 2813 2650 2859 constaret
2679 2817 2868 2856 cuneta
2899 2803 3117 2859 dixisse.

1979 2895 2110 2952 CAP.
2141 2895 2200 2949 V.
2223 2925 2292 2936 —
2314 2895 2564 2962 Quisquis
2592 2907 2720 2962 ergo
2765 2895 2886 2946 huic
2930 2893 3233 2947 assentiens
3269 2895 3480 2950 videtur

1912 3002 2032 3044 esse
2053 2988 2328 3042 sententiae
2342 2999 2443 3054 qua
2457 2984 2591 3036 dicat
2621 2982 2885 3052 adjutorio
2905 2982 3054 3037 nobis
3076 2999 3180 3037 non
3201 2999 3336 3053 opus
3359 3000 3478 3039 esse

1913 3079 2095 3134 divino
2116 3077 2386 3132 inimicum
2410 3090 2468 3128 se
2488 3073 2764 3128 catltolicre
2789 3074 2930 3140 lidei,
2961 3083 3015 3128 et
3039 3076 3128 3130 Dei
3157 3082 3183 3110 ⁵
3207 3075 3478 3131 beneﬁciis

1913 3170 2190 3244 proﬁtetur
2215 3169 2477 3239 ingratum
2511 3173 2573 3229 0;
2608 3179 2706 3218 ore
2736 3174 2914 3218 nostra
2952 3169 3328 3221 communione
3356 3181 3478 3220 sunt

1914 3263 2080 3335 digni,
2113 3263 2268 3334 139
2293 3275 2450 3330 quam
2483 3257 2817 3327 prtcdicando
2839 3258 3012 3312 taliter
3041 3259 3356 3327 polluerunt.
3391 3260 3479 3314 Sic

1915 3356 2058 3412 enim
2087 3370 2182 3408 sua
2222 3361 2432 3423 sponte,
2464 3350 2588 3404 dum
2618 3357 2912 3416 sequuntur
2942 3348 3033 3402 illa
3066 3359 3094 3398 ι³
3121 3365 3240 3417 qua:
3268 3349 3472 3415 dicunt,

1904 3509 2260 3565 necessarium.
2277 3505 2432 3559 Vind.
2463 3517 2674 3573 quoque
2701 3501 2859 3556 habet
2889 3503 3072 3555 dicere.
3094 3503 3284 3558 Noster
3308 3507 3480 3563 codex

1906 3581 2027 3635 Vat.
2059 3581 2111 3641 1,
2150 3577 2209 3631 Si
2235 3592 2355 3643 ergo
2383 3573 2476 3626 hoc
2499 3573 2589 3626 ille
2616 3576 2690 3624 ita
2721 3586 2926 3624 manum
2951 3573 3015 3624 sit
3051 3575 3255 3626 assidue
3291 3576 3476 3639 dicere,

1905 3651 1978 3703 ita
2005 3648 2360 3707 necessarium,
2379 3654 2508 3715 etc.,
2524 3647 2611 3698 ubi
2633 3657 2838 3694 manum
2855 3644 2918 3695 sit
2942 3643 3200 3698 mendose
3216 3646 3476 3715 scriptun:

1906 3731 1989 3776 est
2020 3734 2116 3790 pro
2141 3731 2382 3790 magnum
2407 3714 2519 3790 s_r_it.

1982 3781 2123 3844 l'lta
2155 3781 2376 3842 ex'cod.
2410 3785 2616 3837 Thnan.
2651 3781 2805 3851 hujus
2833 3781 3186 3849 rollectionis,
3215 3799 3335 3839 cum
3367 3786 3480 3839 hm:

1908 3861 2065 3917 lectio
2091 3872 2200 3914 non
2232 3868 2336 3910 tam
2369 3855 2488 3910 aliis
2511 3864 2566 3908 et
2594 3855 2739 3922 vulg.
2762 3864 2814 3904 et
2839 3869 2974 3924 mss.
3020 3855 3292 3919 probetur,
3321 3873 3478 3924 quant

1905 3936 1974 3987 ab
2005 3937 2300 3998 Augustino
2326 3927 2417 3979 lih.
2464 3941 2497 3998 Il
2536 3934 2719 3998 contra
2763 3923 3478 3998 epistolasPelagianorum,

1905 4017 1963 4056 rt.
1993 4003 2048 4063 6.
2073 3992 2168 4054 eia
2195 4000 2456 4064 Prospero
2485 3997 2538 4048 in
2570 3997 2704 4048 libro
2731 4002 2912 4064 contra
2930 3992 3251 4047 Cullatorem
3275 4010 3325 4048 c.
3348 3994 3400 4058 5.
3421 4013 3478 4051 η.

1909 4071 1996 4134 15,
2023 4072 2106 4125 ubi
2133 4073 2245 4122 lucc
2265 4063 2448 4121 eadem
2471 4064 2764 4119 Innocentii
2792 4063 2949 4116 verba
2979 4064 3479 4134 recitantur.Ques-

1906 4133 2083 4196 nellus
2113 4157 2231 4193 eum
2259 4139 2380 4191 aliis
2404 4136 2561 4201 huius
2589 4134 2918 4190 collectionis
2944 4133 3325 4196 codd.,Libero
3345 4137 3478 4188 enim

1907 4214 2119 4264 arbitrio
2142 4210 2262 4262 olim
2291 4208 2378 4260 ille
2399 4221 2678 4272 perversos.
2706 4204 2861 4256 Barb.
2891 4217 3015 4268 ms.,
3039 4201 3218 4255 Libero
3239 4206 3371 4257 enim
3395 4222 3482 4258 ar-

1909 4281 2056 4334 bitrio
2084 4281 2204 4333 olim
2224 4279 2313 4331 ille
2336 4291 2629 4346 perpessus.
2648 4273 2944 4326 Innocentii
2970 4273 3232 4326 sententia
3259 4284 3481 4346 notante

1831 4326 1883 4386 Ῑ)
1910 4326 2452 4416 Eiiiiitiﬁ'tio’pbiiiis’
2470 4326 2745 4412 permissus
2787 4358 2942 4412 quatn
2971 4360 3229 4413 perversus
3257 4345 3336 4399 vel
3367 4361 3482 4414 per-

1913 4437 2088 4490 pessus
2114 4420 2366 4490 postulat:
2440 4485 2451 4490 _
2551 4481 2563 4490 .
2661 4484 2673 4490 Δ
2814 4481 2862 4490 η
3319 4486 3330 4490 _
3393 4467 3396 4470 .

1987 4488 2013 4528 ιι
2058 4481 2172 4544 vin.
2203 4489 2228 4542 1
2256 4496 2310 4541 et
2335 4485 2515 4550 B:trb.,
2545 4481 2796 4536 latuisset.
2814 4481 2930 4536 Mox
2964 4497 3055 4550 pro
3075 4498 3169 4535 sua
3195 4486 3362 4552 gratia
3387 4487 3482 4541 all-

1911 4571 2190 4631 quotm~s.
2219 4555 2501 4631 comedit.
2536 4553 2809 4631 Denediet.

1990 4629 2005 4668 ι
2049 4628 2256 4683 Concil.
2283 4627 2435 4685 edit..
2464 4625 2792 4686 conﬁrmans.

1982 4710 2022 4739 ω
2059 4703 2256 4761 Οιου..
2294 4714 2323 4748 a
2348 4694 2777 4764 prOpriis,tnale.

1985 4779 2009 4807 ο
2051 4769 2196 4824 Idem
2225 4763 2422 4829 Uxon.,
2451 4763 2714 4826 beneﬁcio.

1985 4849 2010 4877 ο
2047 4859 2064 4891 t
2107 4837 2515 4892 PutatJoannes
2539 4830 2844 4887 Gorneritts
2878 4830 3078 4899 aliquid
3115 4830 3216 4887 hoc
3243 4835 3362 4890 loco
3389 4837 3482 4890 de.

1910 4927 2051 4965 esse.
2077 4908 2216 4964 Nihil
2261 4917 2438 4960 tamen
2477 4902 2706 4970 amplius
2742 4915 2898 4970 quam
2926 4902 3106 4955 excusi
3146 4904 3358 4959 codices
3389 4906 3483 4957 lia-

1912 4983 2041 5035 bent
2069 4995 2195 5032 mss.
2229 4977 2516 5030 'l'huaneus
2557 4985 2612 5027 et
2642 4972 3000 5036 Uxoniensis;
3032 4973 3272 5040 nihilque
3297 4989 3478 5028 revera

1911 5065 2098 5105 sensus
2123 5047 2551 5102 desiderabilem
2575 5057 2734 5109 porro
2760 5042 2850 5094 ille
2875 5056 2939 5093 ex
2963 5042 3176 5110 proprio
3204 5057 3338 5107 penu
3360 5058 3482 5110 snp-

1910 5122 2022 5189 plet
2062 5119 2115 5172 in
2151 5119 2424 5189 margine:
2456 5111 2727 5189 Pelagith
2760 5113 2916 5189 igitur
2947 5119 2993 5160 et
3031 5109 3335 5189 antestium,
3357 5109 3483 5189 quos

1910 5179 2139 5241 auctores
2169 5186 2356 5251 nefarii
2379 5197 2586 5254 prorsus
2606 5180 2737 5233 etab
2759 5179 2987 5254 omnibus
3015 5179 3481 5254 anatltetnatizo‘ndi

1909 5257 2097 5312 erroris
2125 5246 2433 5318 advenistis,
2463 5255 2619 5322 justa
2637 5252 2881 5322 sententia
2905 5246 3183 5322 damnastis
3207 5262 3227 5301 :
3261 5267 3350 5322 nec
3378 5250 3478 5316 illi,

1907 5339 2012 5382 etc.
2054 5345 2073 5378 ι
2105 5326 2179 5380 lta
2209 5317 2546 5388 Quesnellits.
2578 5319 2759 5372 Nostri
2785 5329 2996 5388 quoque
3024 5325 3078 5369 et
3105 5317 3480 5375 Benedictino-

1908 5413 2027 5452 rum
2056 5399 2111 5450 in
2133 5383 2368 5449 editione
2407 5390 2710 5456 Augustini,
2743 5383 2901 5454 atque
2922 5383 3233 5442 Constantii
3271 5393 3485 5445 codices

1909 5469 2039 5523 nihil
2061 5463 2323 5532 ejusmodi
2345 5460 2618 5516 exhibent.
2653 5459 2713 5532 Ili
2737 5466 2913 5532 autem
2936 5457 3236 5532 moraliter
3249 5474 3482 5529 sequun-

1909 5548 1995 5592 tur
2021 5554 2033 5588 :
2063 5523 2202 5589 Nam
2227 5548 2316 5588 nec
2341 5540 2515 5586 nostra
2541 5544 2559 5582 :
2590 5537 2643 5582 et
2676 5528 2822 5595 dein,
2853 5523 2965 5596 Ipsi
2992 5529 3124 5581 enim
3164 5544 3256 5582 sua
3285 5523 3477 5602 sponte.

1984 5617 2010 5657 r
2048 5605 2236 5664 Garn..
2271 5617 2380 5673 ante
2410 5602 2666 5654 dicuntur.
