3960 6188
331 368 433 424 467

1173 349 1183 352 ’
1267 371 1607 426 ΑΡΡΕΝθιΧ
1646 373 1736 426 an
1775 372 1832 425 s.
1876 371 2112 425 LEU‘NIS
2153 373 2363 428 MAch
2399 375 2646 431 orans.

3478 377 3578 430 168

327 483 513 538 fallere
541 485 816 538 asseiitur.
847 483 1218 536 Verumtamen
1256 482 1421 535 multo
1450 483 1626 550 plures
1661 483 1748 551 qui
1787 483 1901 551 ejus
1930 489 1971 543 Α
2008 484 2248 552 misistis,
2284 488 2409 540 mihi
2437 487 2462 527 δ
2489 487 2830 556 inopinanter
2862 491 3109 560 ingessit;
3151 487 3582 556 Carthagincnsis

331 591 521 630 sensus
544 574 850 644 diligentius
878 574 1130 642 indagare
1158 581 1470 641 potuerunt,
1501 574 1756 628 adversus
1781 589 1902 628 eum

329 683 428 736 pro
455 669 622 738 gratia
659 666 855 720 Christi
903 677 954 720 et
997 665 1276 719 catholicas
1321 665 1444 720 fidei
1471 672 1496 700 ⁸
1530 667 1751 721 veritate
1777 680 1907 721 con-

330 763 546 829 tligunt;
596 758 690 812 scd
737 758 1000 826 praecipue
1029 767 1248 812 sanctus
1289 756 1428 811 (ilius
1473 767 1614 822 tuus,
1663 756 1822 811 frater
1851 766 1903 811 et

329 849 731 919 compresbyter
758 856 941 902 noster
964 848 1306 918 Jeronymus.

399 941 527 995 CAP.
552 939 636 994 lll.
659 969 731 980 —
757 939 860 994 Sed
890 940 1236 1008 arbitramur,
1270 941 1551 1009 adjuvante
1595 941 1901 995 Illisel‘lC0l‘-

328 1031 410 1082 dia
435 1029 641 1084 Domini
672 1029 764 1083 Dei
794 1031 986 1096 nostri,
1007 1047 1126 1098 qum
1156 1041 1206 1086 te
1228 1041 1281 1086 et
1305 1049 1490 1099 regere
1513 1033 1902 1098 consulentem,

335 1119 491 1191 144
517 1129 567 1174 et
598 1129 838 1173 orantem
869 1122 1124 1175 exaudire
1157 1122 1429 1189 dignatur,
1453 1123 1750 1176 auctoritati
1782 1137 1900 1174 san-

327 1211 526 1263 ctitntis
568 1219 669 1264 tute
689 1207 717 1248 δ
748 1211 816 1263 de
847 1224 1120 1262 sacrarum
1151 1211 1543 1278 Scripturarnm
1589 1213 1902 1265 auctoritate

327 1303 674 1369 depromptae,
709 1300 917 1355 ficilius
957 1316 1049 1354 eos
1087 1303 1174 1370 qui
1219 1311 1324 1355 tam
1355 1317 1604 1369 periersa
1637 1311 1695 1356 et
1723 1303 1900 1368 perni-

331 1407 470 1448 t‘tOSﬂ
499 1392 755 1455 sentiunt,
775 1406 893 1444 esse
913 1405 1180 1455 cessuros,
1201 1401 1255 1444 ut
1277 1392 1344 1447 de
1366 1394 1696 1446 correctione
1725 1393 1901 1460 potius

327 1498 512 1535 eorum
541 1492 563 1520 ε
592 1483 920 1549 gratulemur
945 1497 1102 1551 quam
1129 1485 1506 1538 contristentur
1547 1485 1780 1551 interitu,
1806 1487 1901 1540 do-

329 1575 472 1626 mine
498 1573 822 1628 beatissime.
856 1571 1136 1638 Quodlibet
1167 1585 1339 1628 autem
1373 1574 1473 1642 ipsi
1505 1575 1720 1643 eligant,
1755 1586 1900 1631 certe

327 1668 411 1721 vel
432 1668 571 1733 aliis,
599 1683 732 1737 quos
755 1667 1018 1738 plurimos
1047 1677 1286 1736 possunt,
1318 1668 1364 1722 si
1390 1668 1457 1723 ab
1486 1670 1566 1724 eis
1597 1670 1893 1724 dissimule-

329 1776 435 1824 trir,
466 1762 575 1815 suis
605 1762 811 1830 laqueis
842 1762 1139 1832 implicare,
1171 1760 1344 1815 cernit
1392 1761 1770 1814 venerabilitas
1811 1771 1894 1814 tua

2007 579 2165 632 etiam
2204 576 2218 615 ί
2251 581 2440 652 synodi
2486 580 2718 650 querela:
2772 583 2957 651 parilis
3001 582 3193 651 scripta
3234 581 3578 648 subjungvns.

2005 669 2264 723 Nimirum
2321 673 2553 727 exsultat
2600 673 2842 728 Ecclesia
2915 683 3113 730 tantam
3166 673 3577 728 sollicitudinem

2004 763 2305 817 commissis
2341 764 2494 835 145
2526 767 2772 835 gregibus
2801 765 3063 821 exhibere
3095 777 3356 835 pastores,
3389 773 3445 819 nt
3473 781 3579 819 non

2005 856 2174 907 solum
2206 871 2272 909 ex
2304 856 2384 908 liis
2411 857 2426 906 l
2455 857 2720 911 neminem
2752 857 3020 926 patiantur
3043 871 3244 921 errare,
3273 856 3366 910 sed
3397 857 3576 917 etiam,

2004 947 2048 1000 si
2080 962 2210 1014 quas
2236 949 2414 1001 ovium
2434 950 2615 1018 .magis
2647 965 2835 1003 scaeva:
2880 950 3253 1004 delectationis
3299 947 3458 1002 herba
3492 963 3576 1001 se~

2004 1037 2186 1103 duxit;
2213 1053 2273 1092 ac
2312 1039 2356 1092 si
2387 1041 2438 1092 in
2470 1055 2656 1093 errore
2685 1037 3154 1106 permanserint,"
3185 1049 3271 1091 ant
3309 1040 3576 1107 segregari

2004 1127 2216 1196 penitus
2243 1129 2426 1192 velint,
2463 1138 2554 1182 aut
2582 1129 2764 1184 illicite
2788 1131 2990 1184 dudum
3022 1131 3184 1198 petita
3217 1131 3462 1194 vitantes,
3487 1145 3579 1182 cu-

2003 1221 2193 1274 stodite
2230 1221 2466 1289 priStina:
2517 1221 2999 1290 circumSpectione
3039 1221 3196 1275 tutari
3227 1237 3242 1275 :
3275 1223 3325 1273 in
3358 1231 3578 1288 utraque

2002 1321 2151 1381 parte
2178 1313 2422 1368 videlicet
2445 1315 2808 1377 consulentes,
2841 1331 2904 1366 ne
2923 1311 2942 1350 ι
2975 1312 3057 1366 vel
3087 1310 3426 1380 suscipiendo
3449 1311 3578 1364 tales

2002 1404 2161 1458 simili
2191 1414 2401 1459 αιτιοι-ω
2431 1404 2690 1458 ducantur
2719 1405 2989 1470 exemplo,
3024 1405 3106 1456 vel
3141 1402 3445 1472 spernendo
3493 1417 3579 1455 re-

2002 1497 2226 1550 deuntes
2250 1495 2490 1564 luporum
2516 1497 2775 1549 morsibus
2801 1496 3079 1550 videantur
3105 1503 3145 1531 ω
3169 1495 3408 1561 ingeSIaa.
3438 1492 3573 1546 Pruo

2002 1591 2134 1641 deus
2163 1585 2472 1656 admodum,
2504 1595 2559 1642 et.
2593 1587 2874 1641 catholica:
2914 1586 3038 1640 fidei
3075 1587 3228 1655 plena
3252 1595 3278 1620 ι·
3305 1583 3579 1638 consulta-

2002 1679 2096 1732 tio.
2129 1679 2256 1744 Quis
2283 1679 2424 1733 enim
2450 1688 2537 1731 aut
2581 1679 2809 1732 tolerare
2839 1677 3004 1746 possit
3025 1685 3313 1738 errantem,
3343 1683 3431 1728 ant
3461 1689 3567 1726 non

2003 1769 2240 1836 recipere
2275 1768 2672 1834 corrigentem?
2716 1766 2847 1820 Nam
2877 1775 2935 1820 ut
2977 1768 3167 1820 durum
3196 1766 3424 1818 arbitror
3451 1778 3578 1817 con-

324 1854 590 1908 instanter
612 1864 665 1907 et
687 1855 934 1911 celeriter
961 1854 1370 1924 providendum.
1396 1853 1520 1909 llmc
1545 1855 1611 1908 ad
1645 1856 1896 1910 sanctita—
1930 1853 1978 1912 Β
2006 1859 2293 1912 niventiam
2319 1866 2344 1894 ο
2367 1861 2606 1926 prrehere
2631 1859 2994 1927 peccantibus,
3027 1858 3097 1912 ita
3139 1858 3355 1927 impium
3393 1855 3577 1925 judico

326 1956 431 1996 tem
484 1954 622 1998 tnam
673 1946 741 2000 de
779 1948 1008 2003 concilio
1050 1947 1311 2002 Numidia:
1353 1935 1550 2016 scripta
1582 1947 1891 2038 direximus,

325 2034 598 2088 imitantes
620 2032 645 2070 ἀ
671 2036 1140 2107 Cartliaginensem
1170 2037 1495 2100 Ecclesiam,
1532 2043 1585 2090 et
1626 2032 1898 2106 Cartli'agi-

327 2125 505 2180 nensis
537 2129 825 2196 provinciae
845 2131 1188 2199 coepiscopos
1218 2141 1451 2196 nostros,
1473 2144 1605 2200 quios
1626 2128 1693 2183 ad
1716 2130 1896 2184 sedem

324 2218 709 2285 apostolicam,
754 2236 915 2289 quam
964 2221 1154 2274 beatus
1199 2220 1462 2287 illustras,
1491 2220 1559 2275 de
1609 2219 1708 2275 hac
1739 2235 1896 2273 causa

325 2311 604 2380 scripsisse
629 2313 1009 2380 comperimus.
1045 2312 1108 2366 Et
1139 2312 1247 2366 alia
1272 2329 1427 2366 manu
1457 2329 1474 2366 :
1503 2313 1704 2367 Memor
1731 2313 1896 2366 nostri

330 2413 353 2438 ε
389 2404 439 2456 in
473 2403 567 2458 Dei
607 2405 775 2473 gratia
804 2405 1074 2475 angearis,
1106 2405 1322 2459 domine
1360 2403 1696 2468 beatissime,
1733 2402 1896 2457 meri-

326 2506 486 2563 tuque
536 2495 886 2564 venerabilis,
919 2506 973 2550 et
1021 2496 1075 2550 in
1101 2497 1314 2552 Christo
1354 2493 1663 2549 honorande
1713 2501 1897 2548 sancte

326 2596 479 2652 papa.

851 2678 1244 2736 CAPITULUM
1283 2681 1370 2736 IX.

397 2787 584 2861 Incipit
615 2789 632 2828 τ
659 2791 873 2860 epistola
914 2793 1204 2848 Innocentii
1251 2811 1398 2864 papa:
1440 2796 1509 2847 ad
1547 2793 1826 2848 Concilium

929 2865 982 2918 Μ
991 2865 1301 2919 ilevitannm.

327 2973 670 3048 inuocas-rtus
696 2977 924 3032 Summo
948 2978 1097 3045 Seni,
1129 2979 1436 3035 VALENTINO
1467 2990 1521 3034 et
1549 2980 1759 3036 cretei-ii
1804 2980 1893 3048 qui

397 3046 452 3119 in
506 3046 805 3119 Milevitana
864 3050 1068 3119 synodo
1113 3051 1484 3119 interfuerunt,
1533 3046 1895 3106 dilectissimis

397 3113 670 3179 fratribus,
705 3118 756 3170 in
788 3113 1010 3172 Domino
1039 3119 1285 3173 salutem.

2002 1967 2216 2006 manum
2246 1966 2442 2022 negare
2471 1953 2772 2006 conversis.

2069 2043 2198 2098 CAP.
2233 2045 2291 2098 ll.
2337 2073 2406 2085 —-
2443 2043 2728 2111 ltiligenzer
2764 2058 2891 2112 ergo
2930 2052 2981 2096 et
3022 2056 3257 2113 congrue
3297 2040 3576 2110 apostolici

2001 2135 2276 2189 consulitis
2306 2134 2525 2188 honoris
2551 2145 2578 2184 Ρ
2608 2134 2818 2188 arcanis
2859 2134 3136 2205 (honoris,
3171 2133 3404 2203 inquam,
3439 2133 3579 2185 iliius

2000 2240 2190 2293 quem,
2223 2234 2414 2293 praeter
2441 2226 2530 2279 illa
2561 2240 2683 2296 quae
2721 2235 2846 2281 sunt
2883 2226 3244 2290 extrinsecus,
3275 2222 3576 2278 sollicitudo

2000 2329 2176 2371 manet
2205 2317 2440 2370 omnium
2466 2316 2864 2386 Ecclesiarum),
2896 2333 3060 2388 super
3079 2318 3249 2371 anxiis
3280 2317 3438 2371 rebus
3459 2332 3577 2382 qua:

2001 2409 2071 2461 sit
2099 2410 2324 2464 tenenda
2353 2411 2613 2464 sententia
2641 2419 2699 2475 tt;
2735 2411 2964 2478 antiquae
3001 2408 3206 2464 scilicet
3239 2409 3434 2476 regula:
3465 2405 3575 2460 for-

2001 2514 2144 2555 tnam
2171 2500 2338 2555 secuti
2363 2541 2379 2565 ,
2409 2516 2566 2568 quam
2601 2511 2711 2553 toto
2740 2515 2951 2567 semper
2976 2499 3044 2552 ab
3080 2501 3208 2554 urbe
3243 2513 3448 2554 mecum
3481 2514 3576 2552 no-

1999 2592 2096 2646 stis
2118 2606 2237 2648 esse
2276 2602 2565 2646 servatam.
2613 2591 2811 2646 Verum
2852 2593 2967 2645 haec
3001 2591 3156 2644 mi~sa
3191 2589 3323 2644 facio
3358 2607 3371 2643 :
3406 2603 3576 2658 neque

2000 2690 2142 2743 enim
2171 2686 2270 2741 hoc
2298 2684 2460 2741 credo
2484 2694 2714 2739 vestram
2747 2685 2912 2738 latere
2959 2683 3290 2752 prudentiam
3317 2723 3332 2744 ,
3366 2691 3387 2719 τ
3435 2680 3574 2750 quod

2000 2778 2160 2831 etiam
2205 2777 2413 2831 actione
2463 2774 2744 2839 firmastis;
2792 2775 3020 2829 scientes
3065 2774 3206 2844 quod
3253 2789 3345 2842 per
3391 2787 3576 2827 omnes

2001 2867 2302 2939 provincias
2343 2867 2410 2922 de
2458 2867 2750 2936 apostolico
2791 2864 2942 2920 fonte
2985 2865 3285 2934 petentibus
3323 2877 3574 2932 responsa

1999 2975 2212 3030 semper
2235 2966 2505 3015 emanent.
2559 2957 2864 3012 Prmsertim
2901 2957 3107 3026 qunties
3141 2956 3258 3010 fidei
3287 2957 3421 3010 ratio
3447 2972 3576 3008 ven-

1999 3055 2201 3119 tilatur,
2217 3052 2450 3106 arbitror
2473 3059 2658 3105 omnes
2684 3049 2879 3104 fratres
2897 3060 2949 3103 et
2968 3050 3315 3118 COCpiSCOpOS
3340 3058 3574 3108 nostros.

2003 3162 2108 3202 non
2139 3145 2238 3200 nisi
2269 3145 2335 3198 ad
2365 3143 2622 3207 Petrum,
2667 3142 2719 3196 id
2761 3150 2844 3196 est
2879 3142 2961 3195 sui
2993 3141 3224 3195 nominis
3259 3152 3312 3195 et
3360 3139 3578 3194 honoris

389 3227 518 3281 Car.
538 3223 967 3284 l.lnterc:eteras
980 3230 1233 3286 Ecclesia:
1249 3231 1500 3287 Romana:
1522 3247 1678 3288 curas
1691 3241 1742 3288 et
1769 3248 1897 3302 apo-
1922 3220 1971 3284 C
2002 3242 2274 3293 auctorem
2294 3277 2310 3303 ,
2340 3235 2541 3289 referre
2571 3224 2801 3298 debere,
2833 3232 2976 3287 velut
3009 3247 3148 3286 nunc
3185 3232 3366 3286 retulit
3403 3239 3577 3286 vestra

327 3318 534 3372 stolicte
572 3319 714 3373 sedis
740 3322 1137 3388 occupationes,
1170 3322 1364 3391 quibus
1397 3323 1732 3377 diversorum
1771 3338 1899 3377 con-

330 3409 468 3462 sulta
490 3407 626 3463 fideli
645 3424 707 3464 ac
724 3419 749 3458 ε
767 3411 971 3466 medica
995 3411 1708 3492 disceptationey'actamus,
1740 3414 1899 3469 frater

331 3510 383 3553 rt
406 3504 752 3568 coepiscopus
773 3513 956 3556 noster
975 3503 1145 3557 Julius
1166 3503 1466 3558 dilectionis
1484 3519 1672 3559 vestrae
1696 3506 1899 3562 litteras

331 3607 464 3659 quas
503 3610 570 3648 ex
609 3594 909 3650 Milevitana
949 3595 1178 3651 concilio
1216 3609 1342 3650 cura
1381 3597 1504 3652 fidei
1551 3597 1898 3666 propensiore

405 3761 428 3788 α
455 3753 510 3806 ln
544 3768 644 3806 ms.
678 3754 834 3808 Vind.
865 3766 1051 3808 manus
1090 3752 1304 3822 antiqua
1344 3753 1651 3807 emendavit
1680 3755 1892 3814 unitate.

404 3823 428 3859 ¹⁸
463 3823 617 3876 Vind.
659 3827 825 3891 prima
866 3837 1043 3887 manu,
1077 3823 1451 3876 declaraturam
1478 3824 1896 3889 Scripturarum;

331 3894 559 3945 secunda
602 3894 814 3962 antiqua
861 3910 1018 3947 manu
1064 3893 1403 3947 emendatum
1456 3894 1789 3947 decretorum.
1841 3896 1895 3949 In

331 3980 460 4015 tnss.
503 3962 624 4016 Isid.
657 3979 792 4032 qiios
841 3965 967 4016 vidit
1006 3963 1213 4026 Consl.,
1244 3963 1308 4015 de
1337 3964 1563 4025 clarum;
1603 3973 1657 4017 et
1694 3967 1746 4016 in
1791 3981 1896 4017 uno

331 4033 578 4087 t-t‘Ctlnde
604 4035 766 4100 emis,
799 4035 1142 4087 declaratione
1177 4048 1458 4086 sacrarum.
1495 4033 1892 4097 litlit..(loncil.,

330 4105 393 4154 de
437 4105 578 4156 claro
610 4103 992 4174 Scr'pturarum
1024 4103 1212 4174 lumine
1247 4104 1577 4174 deprompttc.
1615 4102 1806 4174 lli-ned.
1841 4113 1897 4158 et

330 4175 536 4237 tionst.,
572 4175 632 4224 de
675 4172 964 4226 sanctarum
1011 4172 1415 4238 Scripturarum.
1461 4172 1582 4226 Hoc
1631 4172 1892 4227 Africanae.

332 4245 584 4298 Ecclesia:
615 4243 819 4312 insigne
864 4243 1222 4297 testimonium
1253 4241 1474 4295 Romani
1508 4243 1772 4310 pontilic's
1801 4260 1895 4296 au-

328 4315 624 4368 ctoritatem
667 4327 728 4366 ex
777 4315 904 4377 ipsis
951 4313 1258 4380 Scriptnris,
1310 4329 1405 4367 seu
1446 4328 1511 4367 cx
1549 4315 1729 4368 divino
1772 4313 1894 4382 jure

328 4398 543 4438 manare
575 4383 742 4447 palam
775 4383 1053 4452 significat.

403 4465 426 4492 ο
458 4454 598 4507 Edit.
633 4453 829 4506 Bened.
859 4464 911 4508 et
941 4454 1148 4511 t1onst..
1182 4452 1610 4520 congratulantur.

397 4520 423 4560 ά
457 4525 625 4578 Voces
647 4522 1093 4592 Carthaginenscnt
1124 4522 1399 4576 Ecclesium
1427 4533 1476 4575 et
1495 4529 1742 4576 omittunt
1766 4522 1897 4577 Gar-

2003 3325 2219 3379 dilectio
2247 3367 2263 3388 ,
2303 3321 2442 3392 quod
2499 3336 2591 3390 per
2637 3329 2805 3374 totum
2836 3319 3088 3374 mundum
3135 3321 3298 3389 possit
3333 3321 3578 3374 onmihus

2006 3415 2164 3488 146
2211 3414 2464 3469 Ecclesiis
2491 3415 2543 3466 in
2583 3427 2864 3467 commune
2905 3412 3180 3481 prodesse.
3235 3412 3386 3465 Fiant
3431 3413 3576 3466 enim

1999 3502 2271 3563 cautiores
2294 3518 2514 3559 necesse
2542 3511 2664 3564 est,
2704 3518 2822 3556 cum
2868 3503 3169 3555 inventores
3209 3503 3466 3556 malorum
3508 3504 3577 3554 ad

2002 3600 2228 3670 duplicis
2254 3598 2566 3652 relationem
2595 3595 2805 3666 synodi,
2830 3592 3111 3648 sententia:
3141 3605 3336 3647 noStrte
3365 3595 3580 3650 statutis

2076 3753 2100 3792 ιε
2141 3755 2318 3822 ansn
2370 3748 2725 3822 in_margine:
2759 3748 2868 3802 Ilus
2897 3760 3111 3822 quatuor
3137 3749 3455 3822 vocesdelet,
3488 3765 3578 3801 nec

2003 3828 2112 3878 sine
2136 3819 2378 3888 consilio,
2405 3820 2717 3883 Carntrius;
2755 3829 2804 3874 et
2832 3831 2942 3888 post
2969 3821 3086 3893 legit
3115 3837 3229 3873 cum
3260 3819 3456 3873 Thuan.
3484 3831 3578 3872 aut

2004 3897 2288 3950 illicetttor.

2081 3964 2095 4002 ι
2138 3966 2228 4020 Sic
2262 3959 2482 4015 Vindeb.
2520 3975 2640 4014 cum
2681 3959 2926 4013 omnibus
2969 3959 3108 4028 vnlg.
3152 3958 3375 4026 Questt.,
3420 3960 3494 4012 tul
3523 3960 3577 4012 in

2003 4036 2324 4102 suscipiendo
2351 4033 2476 4084 tales
2508 4031 2674 4084 caeteri
2711 4033 3033 4085 reducantur.
3077 4031 3215 4084 Edit.
3254 4030 3451 4084 Bened.
3490 4046 3578 4086 re-

2000 4107 2141 4170 cepit
2178 4106 2504 4156 scrlucantur.

2069 4184 2109 4210 ιη
2147 4174 2340 4235 Οκοη..
2377 4171 2621 4238 ingerere.

2070 4253 2096 4280 ιι
2141 4245 2295 4297 Vind.
2337 4237 2456 4295 cum
2497 4243 2732 4294 Colhert.
2759 4283 2775 4306 ,
2823 4253 2978 4309 quem
3006 4237 3348 4295 Constantius
3377 4239 3576 4298 laudat.

2001 4315 2404 4368 consultation‘s.
2442 4310 2752 4380 Suppletuin
2781 4327 2846 4364 ex
2880 4326 3010 4364 mss.
3034 4311 3156 4364 Isid.
3188 4313 3240 4362 in
3269 4312 3411 4377 vulg.
3436 4311 3578 4362 Con-

1998 4386 2089 4438 cil.
2117 4384 2369 4436 roluutas.
2406 4380 2568 4435 Garn.
2606 4397 2724 4434 eum
2761 4380 2988 4449 antiquis
3024 4381 3297 4448 Augustini
3329 4382 3580 4432 editioni-

2004 4458 2127 4509 Iins.
2161 4454 2455 4505 consolatio.
2497 4452 2702 4504 Thuan.
2735 4459 2789 4502 et
2816 4465 2934 4504 eum
2964 4463 3029 4503 eo
3059 4451 3419 4508 Constantius.
3452 4466 3573 4502 con-

2001 4527 2152 4576 sultio
2178 4539 2195 4576 :
2225 4525 2274 4574 in
2307 4538 2461 4589 quam
2501 4523 2780 4575 lectionem
2819 4529 2963 4571 notat
2995 4521 3310 4584 Ounsnellus
3341 4538 3352 4572 :
3390 4519 3572 4572 Melius

329 4597 526 4655 uerius.
567 4605 617 4647 et
662 4572 897 4647 Romada
937 4595 1289 4658 Epistolarum
1336 4594 1519 4647 editio.
1550 4595 1749 4657 Qui-sn.
1779 4603 1894 4657 post
1925 4572 1973 4630 D
1998 4595 2167 4662 quoad
2205 4572 2434 4652 sensum,
2467 4593 2558 4645 etsi
2588 4591 2807 4662 barbara
2833 4605 2946 4662 vox.
2973 4572 3276 4662 Legionem
3307 4601 3478 4644 textus
3505 4592 3574 4642 ali

329 4677 510 4718 vocem
555 4665 836 4731 provincia:
887 4665 1032 4716 addit
1074 4663 1259 4732 fratres
1296 4673 1365 4717 ct.
1420 4663 1722 4717 Delcvimus
1771 4680 1890 4717 cum

331 4733 483 4802 Vind.
518 4736 740 4802 aliisque
771 4735 1013 4800 vulgatis.

402 4811 426 4838 ⁸
450 4800 634 4865 Carm,
659 4800 714 4855 in
748 4803 927 4864 Deum,
962 4803 1137 4855 minus
1166 4803 1299 4854 hu-ne

402 4871 422 4909 τ
453 4873 656 4932 Exstat,
687 4883 739 4924 et
767 4875 1033 4939 ret-.ognita
1065 4880 1147 4925 est
1175 4887 1293 4924 cum
1328 4870 1512 4925 iisdem
1534 4870 1807 4925 codicibus
1839 4881 1892 4925 et

325 4942 503 5003 editis,
538 4957 655 4994 cum
686 4943 878 5007 quibus
907 4947 1164 4995 anterior.

398 5022 423 5059 κ
456 5013 508 5066 lu
538 5012 666 5064 edit.
685 5012 904 5066 ltotn.et
931 5012 1158 5072 (iuncil..
1185 5011 1404 5063 modica.
1437 5009 1728 5065 Garnerius
1752 5027 1894 5065 meno

325 5083 451 5136 dum
477 5093 816 5138 carrecturns
843 5082 1044 5135 addidit
1074 5098 1175 5134 non
1202 5091 1324 5135 ante
1354 5084 1572 5138 modica.

397 5152 423 5192 δ
451 5152 635 5218 Garn.,
663 5162 1001 5221 peraptanter.

405 5224 416 5261 ¹
465 5227 537 5279 Ita
591 5219 755 5277 nostri
795 5223 950 5276 codd.
1003 5230 1056 5276 et
1103 5223 1247 5292 vnlg.
1289 5221 1627 5289 Quesnellus,
1667 5219 1894 5275 comitii.

325 5297 496 5350 Oxon.
529 5294 718 5347 omittit
749 5294 966 5362 querela:
993 5294 1192 5364 parilis.

399 5364 414 5416 i
468 5365 628 5418 Garn.
684 5361 879 5418 omittit
925 5361 1205 5422 nensinem.
1244 5372 1298 5416 et
1345 5372 1524 5430 po~tea
1575 5377 1692 5414 cum
1736 5361 1890 5413 Vind.

327 5437 550 5502 aliisque
589 5433 729 5500 vulg.
771 5437 942 5486 etiam.
976 5434 1090 5486 Mox
1127 5434 1418 5502 ailjeenius
1450 5435 1609 5500 magis
1639 5448 1700 5485 ex
1734 5430 1889 5483 Vind.

327 5507 675 5568 omnibusque
709 5506 918 5557 excusis
952 5505 1106 5557 codd.
1153 5504 1282 5558 Dein
1319 5518 1412 5572 pro
1451 5518 1621 5555 scu'vtc
1663 5503 1895 5566 antiqua:

325 5577 588 5627 «(itiones
630 5573 864 5635 Concil.,
905 5589 1084 5635 rantur;
1136 5572 1298 5628 Garn.
1344 5587 1463 5625 cum
1511 5573 1894 5625 reci-nvim-ihns

328 5644 532 5697 timicil.
585 5644 945 5705 editionibus,
999 5645 1256 5694 obscwnw.
1320 5641 1476 5694 Notat
1527 5642 1888 5706 Quesnellos:

333 5715 611 5777 ('trumqne
642 5713 769 5763 ntnlc
791 5751 806 5776 ,
839 5723 885 5764 et
914 5722 1085 5764 contra
1117 5728 1234 5765 mss.
1283 5710 1511 5764 codicum
1548 5712 1687 5762 'fdt‘m
1725 5725 1769 5762 et
1803 5726 1894 5759 un-

260 5840 265 5844 ,
330 5799 434 5840 t'ltzr
457 5801 477 5836 s
509 5796 739 5838 mentem.

2000 4659 2185 4716 eodem
2229 4663 2498 4728 pra-latam
2535 4677 2654 4716 cum
2692 4660 2975 4714 novissima
3029 4659 3304 4730 Augustini
3338 4661 3573 4714 editione

2001 4745 2337 4786 ΐρῑεηιιινιιης.

2073 4811 2097 4837 °
2139 4804 2229 4857 Sic
2264 4802 2414 4857 Vind.
2458 4818 2557 4855 ms.
2598 4817 2716 4854 cum
2761 4801 2970 4854 cazleris
3012 4801 3187 4854 editis.
3235 4800 3575 4867 Q'iesnellus,

2003 4882 2261 4940 pra’starc.

2074 4954 2099 4992 ιι
2139 4944 2228 4999 Sic
2254 4940 2526 5007 Quesnelli
2555 4941 2768 4993 codices
2800 4941 2957 5006 hujus
2986 4939 3345 5001 collectionis,
3384 4941 3578 4993 melius

1998 5029 2157 5078 quam
2195 5017 2242 5066 in
2279 5013 2432 5065 Vind.
2469 5022 2518 5064 et
2549 5013 2655 5063 alio
2685 5011 3014 5075 Collieriino,
3039 5029 3195 5076 quem
3229 5011 3400 5063 landat
3436 5014 3570 5062 (Iou-

1997 5085 2245 5145 stantius,
2275 5083 2471 5134 arcani.
2511 5081 2730 5134 Consule
2755 5083 2915 5137 enim.
2949 5098 3067 5132 cum
3097 5080 3162 5133 de
3194 5081 3418 5142 petendo
3448 5098 3577 5133 cott-

2001 5156 2120 5206 silio
2147 5157 2334 5222 agitur,
2369 5155 2734 5222 accusativum
2753 5151 2953 5217 recipit.
2986 5149 3270 5204 Gzirncrius
3295 5168 3411 5202 cum
3441 5155 3575 5205 edit.

2005 5221 2197 5282 lamin,
2227 5221 2516 5290 Apostolico
2560 5221 2819 5273 consulitis
2863 5222 3041 5274 honori
3089 5222 3322 5284 (honori.
3350 5222 3573 5285 inquam.

2000 5294 2126 5355 illi).
2155 5293 2283 5344 Dein
2311 5306 2404 5357 pro
2427 5293 2734 5344 ettrinsccus
2757 5292 2944 5346 melius
2967 5291 3080 5344 Vat.
3108 5291 3230 5344 Isid.
3259 5301 3310 5345 el
3335 5291 3581 5344 Lailn-ns

2003 5363 2056 5416 in
2087 5364 2324 5424 margine
2353 5362 2674 5414 intrinsecus.
2859 5367 2862 5370 ’

2073 5443 2099 5480 q
2139 5433 2300 5485 Garn.
2350 5431 2493 5483 addit
2539 5435 2872 5500 requirentes,
2918 5431 3093 5492 nullo,
3141 5431 3279 5498 quod
3324 5431 3578 5494 sciamus,

2001 5502 2185 5554 co-tice
2215 5503 2554 5568 suffragante.

2078 5583 2097 5608 τ
2145 5572 2294 5638 Vulg.
2321 5572 2508 5634 Cottc.,
2535 5571 2621 5639 qni
2642 5571 2695 5620 id
2715 5571 2881 5622 etiam.
2915 5569 3100 5628 Carm.
3127 5568 3228 5623 Cur
3251 5572 3304 5623 id
3325 5571 3572 5622 eu'nt.....

2005 5643 2102 5693 nisi
2152 5643 2479 5694 scicntcs.....
2540 5643 2820 5693 minuent?
2869 5642 3001 5693 (Ind.
3065 5641 3217 5692 \‘invl.
3273 5642 3432 5692 habet
3480 5655 3578 5690 ηεκι

2001 5714 2229 5779 scicnlcr,
2260 5715 2350 5765 sed
2389 5724 2494 5764 tttm
2523 5711 2861 5766 scrib-nilum
2896 5719 3038 5765 esset
3073 5714 3188 5778 qui,
3223 5712 3303 5766 vel
3347 5710 3468 5781 quid
3497 5705 3575 5763 ill.
