3888 6182
240 363 322 418 469
660 355 890 411 CODEX
928 355 1251 410 CANOAUM
1292 354 1573 410 ECCLES.
1617 355 1702 409 ET
1743 356 1776 408 (2

1891 355 2315 414 STTUTORUM
2455 359 2658 414 SEDISV
2688 358 3010 415 APOSTOL.

485 483 505 505 ι·
557 471 624 524 ab
662 468 1014 524 ecclesiastica
1068 467 1442 522 communione
1490 466 1778 535 sejunctos.
1817 472 1858 525 Α
1890 468 2096 538 dignius
2126 470 2307 526 dolore
2336 474 2634 544 communi)
2651 475 2760 539 jam
2796 473 3035 543 plurimis
3068 472 3307 541 Pelagius
3339 473 3456 526 Cm.

236 473 441 526 Vith'ri-‘ll

236 564 441 620 Gemino
468 563 626 630 igitur
654 560 796 614 bono
839 559 1072 615 cbaritas
1108 567 1284 613 vestra
1326 557 1568 620 fungetur
1609 575 1622 610 :
1664 573 1784 610 nam

237 671 276 712 rt
301 670 555 711 canonum
583 653 852 724 patiemini
883 653 1048 722 gratia
1075 659 1431 710 servatorum,
1456 660 1508 704 et
1528 650 1788 705 beneflcio

238 750 260 791 ι
282 759 447 806 vestro
473 757 613 802 totus
643 745 790 800 orbis
818 752 1014 798 utetur.
1061 742 1190 809 Quis
1217 741 1358 796 enim
1401 741 1783 796 catholicorum

237 845 446 896 virorum
468 854 588 894 cum
611 837 929 891 adversariis
949 835 1144 890 Christi
1172 834 1301 888 velit
1321 835 1540 888 ulterius
1561 837 1784 889 miscere

235 930 552 988 sermonem?
598 930 728 995 Quis
759 928 945 981 saltem
975 927 1142 991 ipsam
1180 926 1352 979 lucem
1390 925 1511 978 vitae
1545 939 1784 978 commu-

236 1025 374 1079 uioue
419 1020 647 1090 partiri?
703 1017 863 1072 Novm
907 1015 1170 1070 htereseos
1218 1015 1465 1068 nimirum
1515 1013 1783 1084 fugiantur

234 1126 473 1171 auctores.
507 1112 644 1178 Quid
689 1112 830 1166 enim
877 1109 1118 1164 acerbius
1168 1109 1218 1161 iu
1271 1108 1550 1161 Dominum
1584 1108 1781 1176 lingere

233 1215 531 1280 potuerunt,
558 1217 719 1273 quam
760 1211 783 1240 ε
816 1216 935 1254 cum
974 1198 1237 1269 adjutoria
1277 1198 1454 1253 divina
1486 1211 1777 1266 cassaren',

233 1295 893 1366 causamque-quotidianae
941 1291 1258 1360 precationis
1311 1289 1617 1344 auferrent?
1665 1290 1780 1345 Hoc
1832 1348 1837 1357 ,

234 1401 299 1446 est
325 1389 493 1443 dicere
523 1405 539 1437 -.
578 1386 605 1423 ά
635 1385 753 1452 Quo
782 1383 908 1436 mihi
937 1396 1070 1451 Optts
1099 1391 1182 1436 est
1212 1381 1471 1434 Domino?
1509 1381 1696 1435 Merito
1725 1383 1780 1435 in

234 1485 315 1536 hos
337 1480 470 1534 dicat
488 1474 836 1548 Hymnidicus
866 1490 880 1526 :
915 1472 1046 1527 Ecce
1073 1473 1296 1525 homines
1333 1472 1419 1538 qui
1462 1487 1560 1524 nou
1600 1487 1780 1534 posue-

231 1581 332 1626 runt
371 1569 530 1623 Deum
581 1568 866 1637 adjutorem
908 1563 1003 1618 sibi
1045 1562 1234 1630 (Psat.
1264 1579 1334 1627 ιν,
1364 1563 1456 1628 9).
1515 1561 1780 1630 Negantes

230 1679 339 1729 ergo
363 1659 608 1716 auxilium
636 1657 764 1720 Dei,
797 1655 1044 1723 inquiunt
1071 1654 1337 1706 hominem
1367 1667 1522 1720 posse
1544 1651 1640 1706 sibi
1670 1654 1780 1705 suf-

230 1755 406 1817 ﬁcere,
435 1765 533 1805 nec
573 1751 742 1819 gratia
780 1749 917 1802 hunc
958 1761 1117 1817 egere
1147 1745 1356 1806 divina.
1397 1761 1499 1815 qua
1544 1745 1780 1814 privatus

3353 361 3464 430 ire

1892 560 2178 631 lestiusqtte
2217 564 2574 632 persuadent?
2614 565 2908 620 Multifariis
2942 565 3184 632 equidem
3212 563 3236 602 ⁸
3267 565 3330 617 ad
3362 567 3457 619 de-

1888 653 2198 707 struendum
2229 655 2333 710 tale
2367 657 2725 724 magistr-rium
2756 657 2830 710 uti
2863 672 3142 725 possemus
3167 657 3450 721 exemplis.

1888 743 1986 798 nisi
2028 745 2288 799 sciremus
2316 749 2647 801 sanctitatem
2689 757 2920 802 vestram
2960 748 3023 802 ad
3067 748 3280 815 plenum
3312 747 3455 802 Scri-

1885 842 2068 900 pturas
2089 848 2276 890 omnes
2299 835 2490 892 callere
2515 837 2720 892 divinas
2753 855 2765 890 :
2797 840 3090 908 praasertim
3123 853 3240 892 cum
3277 848 3452 893 vestra

1884 925 2074 980 relatio
2107 926 2264 980 tantis
2289 942 2352 982 ac
2381 929 2571 983 talibus
2604 931 2920 984 testimoniis
2949 930 3016 984 sit
3040 929 3251 995 referta,
3286 939 3352 984 ut-
3372 929 3454 984 his

1881 1015 2010 1068 stilis
2044 1017 2214 1071 valeat
2245 1033 2479 1086 praesens
2518 1020 2705 1088 dogma
2752 1020 2979 1076 rescindi
3007 1060 3021 1083 ,
3065 1035 3306 1090 oprrque
3347 1037 3451 1074 non

1881 1119 2002 1158 esse
2031 1107 2350 1173 recondit’s,
2386 1106 2404 1146 ι
2436 1123 2557 1164 cum
2597 1110 2708 1177 his,
2745 1128 2862 1180 qnze
2899 1111 3052 1166 facile
3082 1111 3232 1164 vobis
3269 1127 3459 1166 occur-

1881 1195 2051 1251 rentia
2084 1199 2353 1267 posuistis,
2393 1215 2490 1254 nec
2531 1201 2760 1257 audeant
2797 1202 3048 1270 obviare,
3091 1217 3190 1258 nec
3231 1206 3452 1270 possint.

1883 1289 2022 1356 Ergo
2042 1290 2266 1359 gratiam
2293 1291 2383 1347 Dei
2402 1300 2663 1348 conantur
2681 1294 2912 1363 auferre,
2931 1311 3088 1365 quam
3110 1309 3328 1351 necesse
3350 1307 3450 1361 est,

1881 1380 2039 1434 etiam
2072 1382 2311 1436 restituta
2340 1382 2494 1438 nobis
2527 1393 2694 1440 status
2722 1385 2928 1452 pristini
2958 1385 3222 1453 libertate,
3249 1403 3454 1455 qua-ra-

1882 1486 2000 1524 mus
2027 1491 2039 1526 :
2067 1481 2104 1508 ιιι
2123 1473 2321 1542 quippe
2353 1475 2445 1544 qui
2472 1489 2570 1530 nec
2599 1477 2802 1546 aliquas
2831 1476 3026 1532 diaboli
3062 1477 3332 1533 machinas
3362 1476 3464 1532 nisi

1881 1563 2067 1616 eadem
2093 1578 2374 1631 possumus
2396 1565 2616 1633 juvante
2636 1570 2825 1622 vitare.

1951 1652 2079 1708 CAP.
2127 1653 2216 1710 IV.
2255 1685 2326 1696 ——
2389 1654 2523 1711 lllod
2563 1672 2691 1711 vero
2728 1657 2870 1726 quod
2922 1672 3015 1712 eos
3053 1659 3243 1715 asserit
3280 1670 3466 1716 vestra

1883 1741 2186 1797 fraternitas
2208 1744 2513 1812 praedicare,
2539 1747 2783 1815 parvulos
2805 1757 3019 1818 a-ternze
3038 1748 3160 1804 vitm.
3180 1759 3204 1786 ιι
3225 1752 3456 1820 prmmiis

231 1859 428 1900 necesse
459 1852 538 1902 est
573 1842 770 1898 diaboli
813 1841 1012 1910 laqueis
1055 1840 1288 1894 irretitus
1325 1839 1626 1902 occumbat,
1655 1839 1782 1896 dum
1816 1826 1859 1884 Β
1886 1836 2046 1890 etiam
2068 1837 2185 1893 sine
2207 1837 2540 1907 baptismatis
2561 1839 2726 1909 gratia
2751 1855 2906 1910 posse
2936 1842 3139 1904 d0uari,
3166 1843 3462 1908 perfatuuur

233 1941 285 1993 ad
311 1939 481 1994 omnia
506 1937 629 1992 vitae
658 1935 978 2005 perficienda
1008 1933 1251 1988 mandata
1279 1935 1390 1987 sola
1421 1935 1787 1990 tantummodo

235 2031 452 2084 bbertate
480 2027 789 2083 contendat.
836 2025 882 2080 Ο
915 2025 1345 2092 pravissimarnm
1379 2026 1633 2079 mentium
1665 2041 1787 2095 per-

231 2135 365 2175 versa
392 2119 664 2172 doctrina!
701 2129 724 2154 ο
758 2117 986 2172 Adverte
1019 2115 1226 2170 tandem
1259 2116 1396 2185 quod
1433 2117 1662 2186 primum
1693 2117 1786 2171 ho-

232 2213 408 2264 minem
435 2212 504 2263 ita
539 2210 758 2264 libertas
788 2208 901 2276 ipsa
928 2208 1160 2276 decepit,
1192 2217 1248 2261 ut
1277 2208 1400 2261 dum
1429 2207 1787 2278 indulgentius

231 2301 372 2356 frenis
395 2298 506 2367 ejus
531 2298 696 2353 utitur
721 2296 740 2335 ί
767 2297 818 2352 in
843 2299 1328 2366 praevaricationem
1360 2299 1786 2368 priesumptioais

231 2390 532 2455 conciderit;
564 2403 663 2444 nec
687 2404 752 2448 ex
780 2389 878 2442 hac
906 2389 1075 2458 potuit
1098 2389 1235 2451 erui,
1259 2389 1358 2444 nisi
1382 2388 1428 2444 ei
1456 2390 1784 2459 providentia

233 2482 632 2549 regenerationis
675 2491 868 2533 statum
910 2479 1142 2548 pristinae
1174 2479 1432 2533 libertatis
1460 2478 1652 2534 Clu-issi
1687 2483 1786 2535 Do-

232 2575 336 2625 iuioi
361 2571 700 2626 reformasset
719 2570 966 2624 adventu.
1002 2579 1028 2618 ι
1058 2571 1193 2626 Audi
1215 2580 1269 2625 et
1291 2571 1456 2625 David
1479 2571 1739 2626 dicentem
1766 2591 1780 2626 :

233 2665 425 2733 Adjotor
451 2679 590 2716 nisus
617 2670 743 2726 esto,
770 2678 830 2716 ne
856 2663 1177 2731 derelinquas
1206 2677 1320 2726 me;
1355 2679 1510 2732 neque
1538 2663 1784 2728 despicias

231 2772 311 2816 me,
343 2754 479 2807 Deus
502 2753 760 2806 salutans
791 2768 933 2805 meus
985 2750 1160 2820 (Paul.
1196 2766 1321 2804 xxvi
1365 2751 1459 2818 ~9);
1496 2749 1655 2820 147
1689 2761 1778 2806 et:

233 2848 547 2915 Adjutoriuut
575 2855 813 2898 nostrum
844 2845 900 2896 iu
932 2845 1139 2897 nomine
1167 2831 1382 2895 Domini
1401 2841 1778 2913 (l’sal.cuttt,

235 2942 312 3008 8);
339 2954 460 3009 qua:
494 2952 774 2993 incassum
805 2937 1069 2997 dixerit,”
1105 2934 1151 2990 si
1180 2947 1388 2988 tantum
1435 2942 1553 2988 erat
1579 2933 1632 2986 in
1661 2933 1781 3003 ejus

231 3032 446 3098 positum
485 3031 790 3092 voluntate,
819 3029 964 3097 quod
995 3042 1025 3080 a
1053 3027 1283 3081 Domino
1318 3026 1484 3080 flebili
1527 3039 1785 3080 sermone

231 3126 487 3192 poscebat.

1888 1939 1966 1982 est
1995 1946 2008 1980 :
2037 1929 2139 1983 nisi
2160 1928 2303 1984 enim
2327 1929 2762 1986 manducaveriot
2783 1947 2996 1986 carnem
3019 1933 3140 1988 Filii
3163 1934 3387 1989 hominis
3405 1944 3456 1989 et

1887 2017 2120 2072 biberint
2148 2021 2456 2090 sanguinem
2486 2021 2601 2090 ejus
2621 2067 2634 2085 ,
2669 2037 2775 2075 non
2805 2022 3072 2078 habebunt
3101 2026 3258 2078 vitam
3291 2026 3344 2078 in
3368 2039 3456 2078 see

1887 2110 2148 2178 metipsis.
2183 2111 2281 2180 Qui
2315 2123 2489 2169 autem
2524 2115 2656 2168 hanc
2690 2117 2768 2170 eis
2797 2117 2913 2171 sine
2943 2119 3340 2187 regeneratione
3367 2120 3454 2174 de-

1887 2199 2140 2265 fendunt,
2174 2202 2420 2258 videntur
2451 2204 2578 2257 mihi
2619 2204 2793 2273 ipsum
2835 2205 3151 2276 baptismum
3176 2207 3309 2262 velle
3337 2224 3455 2263 cis-

1886 2304 2026 2357 sare,
2057 2306 2175 2346 cum
2210 2291 2498 2360 prmdicant
2532 2293 2629 2348 hos
2670 2295 2885 2355 habere,
2913 2295 3052 2364 quod
3085 2296 3134 2349 in
3170 2311 3263 2351 eos
3289 2305 3316 2334 °
3342 2312 3455 2354 cre-

1885 2384 2016 2435 dunt
2038 2397 2142 2436 non
2164 2383 2265 2438 nisi
2287 2385 2602 2452 baptismate
2621 2384 3022 2442 conferendum.
3043 2385 3097 2444 Si
3123 2402 3249 2457 ergo
3272 2388 3461 2444 volunt

1887 2473 2016 2527 nihil
2039 2473 2275 2542 ofﬁcere,
2302 2492 2407 2532 non
2444 2479 2682 2541 renasci,
2717 2478 2979 2533 fateantur
3009 2494 3226 2535 necesse
3246 2489 3328 2536 est
3360 2496 3460 2536 nec

1887 2568 2304 2634 regenerationis
2330 2584 2480 2624 sacra
2503 2570 2698 2625 fluenta
2732 2571 3008 2642 prodesse.
3043 2573 3257 2639 Verum,
3284 2583 3340 2627 ut
3370 2590 3463 2628 sn-

1887 2660 2208 2725 rerlluorum
2251 2663 2523 2717 hominum
2581 2678 2742 2733 prava
2803 2663 3043 2719 doctrina
3083 2667 3244 2722 celeri
3292 2669 3457 2736 possit

1885 2750 2122 2804 veritatis
2153 2753 2358 2806 ratione
2384 2765 2408 2802 τ’
2435 2754 2591 2825 148
2615 2755 2860 2825 discingi,
2896 2757 3188 2826 proclamat
3217 2758 3317 2812 hoc
3354 2761 3456 2813 Do-

1884 2844 2060 2898 minus
2091 2843 2141 2898 iti
2169 2844 2455 2912 Evangelio
2480 2847 2660 2901 dicens
2695 2865 2710 2902 :
2744 2848 2906 2901 Sinite
2936 2849 3189 2918 infantes,
3221 2861 3266 2903 et
3304 2853 3454 2905 nolis

1883 2935 2144 3004 prohibere
2171 2953 2256 2989 eos
2290 2937 2460 2989 venire
2488 2937 2556 2989 ad
2586 2952 2663 2990 me
2701 2947 2726 2986 (ι
2757 2936 2907 3008 (Luc.
2935 2953 3097 3002 xvtn,
3132 2938 3240 3006 16).

1954 3025 2084 3079 Car.
2123 3025 2187 3081 V.
2228 3054 2298 3067 —
2326 3025 2500 3094 Quare
2535 3027 2802 3096 Pelagium
2833 3027 3264 3099 leeStiutnque,
3289 3029 3340 3083 id
3371 3039 3455 3086 est

1886 3119 2189 3170 inventores
2217 3133 2408 3172 vocum
2436 3133 2690 3172 novarum
2711 3161 2727 3182 ,
2754 3134 2898 3188 quaz,
2923 3121 3060 3174 sicut
3079 3121 3210 3174 dixit
3228 3121 3459 3188 Aposto-

281 3206 405 3262 Ωιι».
437 3205 521 3260 lll.
561 3235 630 3246 -—
667 3205 796 3272 Qua:
839 3204 1077 3259 cum'ita
1114 3205 1254 3274 sint,
1297 3221 1415 3260 cum
1447 3208 1500 3261 in
1530 3211 1778 3264 omnibus
1805 3193 1850 3253 Ο
1884 3208 1984 3272 lus,
2013 3207 2374 3264 zrdilicationis
2397 3208 2557 3275 nihil,
2581 3209 2673 3264 sed
2709 3201 2878 3280 magis
2897 3211 3209 3266 vanissimas
3229 3227 3453 3266 censue.-

223 3295 394 3354 divinis
421 3300 627 3368 paginis
666 3298 920 3353 voluntati
953 3298 1138 3354 libera:
1176 3314 1280 3353 non
1321 3300 1420 3354 nisi
1456 3301 1778 3368 adjutorium

229 3389 302 3443 Dei
322 3391 558 3460 legamus
582 3404 702 3444 esse
731 3392 1068 3455 nec'endum,
1094 3405 1316 3460 eamque
1338 3391 1464 3444 nihil
1490 3407 1640 3460 po‘sc
1664 3408 1775 3448 cm-

225 3481 418 3540 lcstibus
452 3485 470 3522 ί
505 3484 767 3554 praesidiis
812 3484 1150 3550 destitutam,
1193 3501 1420 3554 quonam
1454 3485 1610 3538 modo
1655 3487 1783 3542 huio

224 3577 304 3629 soli
333 3577 738 3646 possibilitatem
769 3577 903 3629 hanc
933 3578 1372 3644 pertinaciter,ut
1399 3577 1662 3640 as-eritis,
1681 3577 1772 3632 de-

223 3665 515 3734 frudentes,
566 3668 824 3733 sibimet,
879 3669 1040 3723 immo
1090 3668 1274 3739 (quod
1317 3669 1442 3722 esti
1484 3672 1692 3739 gravius
1723 3679 1777 3726 et

281 3813 302 3840 ⁸
337 3805 419 3858 Sic
449 3804 622 3858 nostri
648 3802 802 3858 codd.
834 3811 888 3856 et
924 3818 1111 3856 omnes
1134 3802 1273 3870 vulg.
1292 3803 1444 3858 Solus
1471 3804 1696 3868 Quesn.,
1725 3818 1778 3856 se

221 3873 271 3925 rb
294 3876 630 3927 erclesiasrica
659 3874 1008 3926 communione
1036 3874 1255 3944 sejungi.

281 3943 302 3980 ⁵
335 3945 492 4000 Solus
530 3944 765 4011 Quesn.,
809 3953 1011 4014 nostro,
1057 3943 1230 3996 minus
1269 3943 1422 3996 bene.
1469 3944 1587 3998 Mox
1626 3956 1774 4014 vutg.

219 4015 426 4076 ifoncilu
451 4016 720 4077 tutabitur,
751 4024 803 4066 et
840 4013 890 4065 in
918 4014 1174 4076 margine,
1198 4024 1384 4066 utetur.

277 4095 296 4121 ε
334 4087 557 4152 Quesn.,
583 4097 639 4136 ut
663 4083 921 4153 adjutoria
949 4083 1118 4153 divina
1140 4094 1408 4153 cessarent.
1444 4084 1776 4140 Praetulimus

217 4157 337 4222 vulg.
360 4151 682 4209 concinente
705 4151 804 4207 tus.
833 4151 1204 4222 VindebrMox
1227 4152 1540 4218 Garnerius,
1568 4157 1770 4220 dictum,

215 4225 259 4273 it
285 4221 349 4276 est
375 4227 693 4290 quotidiana:
722 4239 740 4277 :
769 4234 823 4277 et
861 4225 983 4278 dein
1027 4221 1142 4275 Hoc
1169 4224 1323 4276 etiam
1352 4225 1593 4276 dicerent.

272 4292 295 4330 ἀ
335 4297 470 4349 ιίιἸξι.
519 4294 720 4348 Bened.
764 4303 814 4347 et
855 4293 1077 4356 C0u$t.,
1126 4293 1378 4359 Quid.....
1435 4294 1571 4346 Deo?
1620 4295 1748 4349 Dein

214 4363 666 4483 {tiratdscripsimus
687 4381 805 4418 cum
831 4362 986 4420 Vind.
1010 4375 1063 4418 et
1083 4363 1330 4418 erunibus
1350 4364 1493 4434 vulg.
1515 4366 1774 4430 Quesnel-

232 4450 296 4483 us.
362 4447 465 4483 ms-

232 4450 297 4495 us,
325 4438 466 4490 dicit.

273 4515 293 4541 ⁸
320 4507 412 4559 Ed.
442 4505 670 4564 Bened.,
693 4505 930 4557 Advertet
948 4505 1000 4557 id
1016 4506 1238 4558 laudent.
1263 4504 1473 4564 Coust.,
1506 4506 1772 4558 advertens

212 4576 413 4630 tandem.
431 4576 680 4630 Nostram
696 4577 973 4628 lectionem
989 4578 1305 4628 continuant
1317 4575 1555 4640 Capitula
1568 4577 1633 4629 de
1647 4574 1772 4631 Gra-

210 4652 287 4700 ta.
311 4647 358 4697 in
381 4650 574 4709 quibus
611 4647 712 4698 hoc
740 4645 1028 4699 Innocentii
1055 4645 1413 4698 testimonium
1437 4647 1708 4700 recitatur.

272 4713 288 4750 ί
330 4716 399 4768 Ita
438 4717 655 4770 Thuan.
686 4731 786 4769 ms.
833 4715 982 4780 Vulg.
1013 4731 1133 4768 curn
1172 4715 1432 4780 Capitulis
1467 4715 1533 4768 de
1566 4717 1767 4776 Gratia,

208 4783 250 4834 in
273 4788 734 4849 prmriratiouem
766 4789 1174 4854 prrcsmuptioue.
1219 4785 1368 4838 Vind.
1402 4799 1521 4838 eum
1548 4786 1772 4841 Merlino

208 4865 250 4903 et
277 4854 500 4921 Crabbo,
525 4859 580 4910 in
611 4856 1062 4924 praevaricationis.
1108 4859 1225 4909 ilox
1266 4857 1426 4918 potuit
1461 4858 1771 4924 scripsimus

207 4935 309 4993 cum
345 4942 444 4980 nis.
495 4927 752 4984 Vinduet
785 4925 994 4979 creteris
1039 4925 1217 4980 editis.
1265 4925 1488 4992 Quesn..
1529 4930 1766 4993 potuerit.

210 4991 321 5047 item
350 5012 444 5061 pro
480 4998 703 5049 adventu
737 4996 856 5049 alias
891 4995 1154 5051 editiones
1191 5011 1312 5049 cum
1349 4991 1577 5050 laudatis
1613 4997 1771 5064 Capi-

209 5065 314 5118 tulis
340 5066 406 5118 de
437 5066 918 5134 Gratia,adveutus.

267 5143 290 5179 8
330 5135 478 5206 Vulg.
522 5152 643 5190 euut
681 5136 832 5189 Vind.
875 5151 975 5187 ins.
999 5176 1013 5194 ,
1049 5135 1226 5188 audiat
1259 5135 1419 5188 David
1447 5150 1466 5188 .°
1492 5151 1648 5200 quam
1692 5134 1769 5188 le-

207 5203 686 5260 ctionem-libenter
724 5207 1082 5273 reciperetnus
1105 5249 1122 5272 ,
1155 5208 1252 5258 nisi
1293 5216 1610 5272 repugnaret
1646 5221 1770 5258 ora-

209 5275 350 5327 tionis
385 5278 752 5331 antecedentis
785 5286 1098 5338 contextus,
1138 5276 1187 5328 in
1220 5292 1324 5342 quo
1356 5290 1462 5328 non
1503 5276 1764 5336 Advertat.

206 5349 284 5394 sed
317 5347 532 5399 Adverte
554 5363 675 5400 cuttt
712 5347 926 5410 optiuns
956 5355 1152 5399 nostra:
1185 5345 1523 5400 collectionis
1553 5361 1681 5399 mss.
1717 5355 1770 5400 ct

207 5413 448 5486 Capitulis
468 5418 540 5470 de
571 5416 748 5470 Gratia
781 5418 1129 5486 praetulimus.

266 5485 292 5520 λ
324 5485 516 5548 Carm,
540 5487 583 5538 si
602 5496 778 5539 totum.

275 5555 286 5589 ί
325 5556 528 5622 Quesn.
563 5559 616 5610 in
646 5572 811 5625 n'arg.
840 5556 1018 5619 Vulg”
1047 5556 1274 5608 auxiliis.

271 5625 284 5670 1
330 5625 644 5696 Vulg.cunt
688 5623 788 5678 nis}
835 5627 985 5677 Vind.
1038 5627 1218 5678 delent
1263 5626 1460 5696 gravius
1508 5635 1576 5678 et.
1639 5623 1766 5678 Dein

212 5691 357 5748 Corn.
377 5736 390 5757 ,
423 5691 620 5760 dolore,
651 5708 979 5749 communiter
1009 5697 1256 5762 plurimis.

268 5763 291 5802 ι
328 5769 579 5831 Antiqua
600 5768 856 5822 editiones
879 5765 1080 5819 Conczl.
1115 5782 1232 5819 C'ltll
1269 5774 1451 5818 nostro
1484 5763 1635 5815 Vind.
1664 5778 1762 5816 ms.

1796 4613 1852 4673 D

1890 3310 2072 3354 verunt
2097 3316 2283 3370 parere
2309 3303 2628 3371 qumstiones
2649 3342 2663 3365 ,
2689 3301 3046 3357 ecclesiastica
3083 3304 3454 3359 communione

1886 3393 2120 3459 privari,
2167 3392 2446 3461 apostolici
2505 3391 2702 3462 vigoris
2767 3393 3080 3448 auctoritate
3136 3408 3452 3459 censemus;

1883 3482 2043 3538 donec
2063 3484 2357 3551 resipiscam
2378 3485 2440 3535 de
2461 3483 2648 3535 diaboli
2671 3482 2882 3552 laqueis,
2908 3499 2940 3535 α
2959 3500 3055 3550 quo
3079 3487 3262 3556 captivi
3287 3497 3448 3539 lenm.

1885 3584 1963 3628 tur
1987 3575 2263 3629 s’cundum
2300 3574 2460 3644 ipsius
2490 3572 2796 3626 voluntatem
2834 3570 2903 3644 (11
2930 3572 3058 3625 Tim.
3105 3607 3110 3610 -
3153 3585 3188 3623 tt
3222 3609 3238 3633 ,
3324 3576 3449 3643 ‘26),

1883 3681 2082 3738 eosque
2114 3665 2324 3720 interim
2354 3665 2404 3718 in
2441 3663 2712 3717 Dominit-o
2743 3663 2867 3717 ovili
2899 3679 3002 3717 non
3040 3664 3224 3732 recipi,
3258 3674 3280 3703 τ
3313 3666 3450 3734 quod

1877 3811 1933 3853 ot
1951 3800 2156 3854 duobus
2181 3799 2504 3854 Colbertinis
2523 3797 2661 3868 apud
2684 3797 3072 3865 Constantium,
3107 3800 3175 3852 ad
3202 3812 3454 3856 instruen-

1879 3872 1913 3923 d
1919 3888 2021 3923 unt.

1955 3939 1972 3977 ι
2017 3942 2202 4006 Garn.,
2233 3957 2348 3994 cum
2389 3955 2452 3994 ea:
2489 3939 2583 4004 iis;
2617 3949 2680 3993 et.
2703 3939 2858 4008 paulo
2887 3947 3004 4008 post
3041 3957 3052 3992 :
3096 3938 3231 4008 Ergo
3269 3956 3332 3994 ne
3364 3942 3452 3996 Dei

1915 4023 2113 4063 mttunt.

1875 4028 2189 4134 argmgi}...
2220 4123 2234 4146 ,
2268 4081 2454 4150 quippe
2490 4079 2736 4149 nefarias.
2794 4078 2981 4150 Vulg.,
3020 4082 3203 4149 quippe
3239 4085 3326 4148 qui
3365 4099 3452 4137 ueo

1876 4154 2026 4205 alios.

1949 4233 1972 4258 ο
2015 4224 2087 4277 lta
2109 4237 2228 4276 cum
2261 4221 2401 4281 vulg.
2432 4234 2563 4276 mss.
2588 4221 2800 4275 codices
2833 4219 3040 4274 'l‘huan.
3074 4234 3135 4272 ac
3168 4221 3323 4276 Vind.
3356 4224 3452 4276 tm.

1871 4292 1956 4360 jus
1977 4293 2324 4347 collectionis.
2347 4292 2526 4362 Quesn
2554 4331 2568 4352 .
2589 4292 2846 4360 promissis
2863 4291 3124 4362 cutnicod.
3144 4291 3338 4355 Oxum,
3361 4295 3450 4362 qui

1877 4373 1994 4429 post
2039 4377 2212 4429 pauca.
2242 4362 2402 4415 habet
2437 4361 2589 4414 vitam
2625 4375 2886 4429 (sternam,
2910 4361 3102 4416 deletis
3144 4363 3362 4418 vocibus
3386 4361 3451 4416 tu

1874 4435 2172 4486 semetipsis.

1947 4451 2280 4557 2mlt'ltpi‘iiiones
2302 4501 2481 4563 Rom.,
2499 4499 2687 4562 Labb.,
2704 4501 2899 4556 Bened.
2917 4512 2969 4556 et
2988 4501 3192 4564 Coust.,
3209 4502 3446 4555 creditur.

1875 4573 1928 4626 Si
1959 4586 2135 4626 autem
2166 4572 2450 4627 tenendum
2481 4571 2551 4624 sit
2578 4573 2808 4633 credunt,
2835 4573 3190 4638 respiceretur
3213 4573 3312 4622 ltm'.
3336 4576 3454 4626 loco

1877 4659 2096 4707 regnum
2143 4643 2434 4702 caelorum,
2485 4646 2551 4694 ad
2599 4642 2738 4708 quod
2783 4641 3044 4708 baptisma
3089 4645 3449 4696 necessarium

1877 4714 2143 4780 Pelagiani
2191 4712 2518 4766 astruebant.
2569 4711 2697 4764 Vide
2737 4712 3010 4777 Augustini
3067 4711 3156 4764 lib.
3210 4728 3221 4762 ι
3267 4725 3450 4766 contra

1873 4786 2029 4850 epist.
2064 4783 2364 4852 Pelagian.,
2403 4799 2454 4835 c.
2485 4781 2577 4835 2'2.
2617 4782 2802 4835 Melior
2842 4793 3052 4845 tamen,
3085 4792 3138 4836 et
3178 4787 3451 4836 eontestui

1873 4854 2228 4908 cohaerentius
2258 4852 2466 4908 videtur
2502 4852 2659 4906 lectio
2693 4852 2942 4918 creditur,
2972 4868 3090 4922 qua:
3130 4853 3370 4920 pluribus
3397 4862 3450 4906 et

1875 4925 2172 4995 petioribus
2193 4938 2321 4978 mss.
2339 4925 2506 4995 etiam
2532 4923 2764 4977 fulcitur.

1948 5006 1974 5044 ιι
2014 4996 2091 5049 Ita
2117 4997 2224 5047 duo
2250 4994 2408 5049 codd.
2439 4993 2639 5060 Quesu.
2669 5009 2787 5046 cum
2823 4991 2976 5046 Vind.
3006 5001 3060 5047 et
3085 4995 3190 5047 alio
3215 4993 3445 5046 Colbert.

1872 5065 2017 5128 apud
2043 5066 2430 5127 Constantium.
2479 5064 2732 5117 Merlinus
2757 5078 2876 5116 curn
2915 5079 3020 5116 uno
3059 5064 3320 5121 Colbert..
3366 5061 3448 5110 di-

1871 5135 2082 5203 stingui,
2106 5146 2161 5188 et
2190 5136 2259 5187 ita
2288 5131 2519 5188 secunda
2562 5148 2716 5185 manu
2755 5135 2806 5184 in
2849 5133 3026 5203 Vind.,
3063 5136 3234 5203 minus
3277 5139 3444 5203 recte.

1875 5200 1994 5256 Vat'.
2029 5205 2188 5267 579i,
2216 5205 2447 5272 distiugi.
2479 5203 2680 5270 Aliquzr
2706 5204 2862 5272 etlit.,
2893 5202 3127 5272 discindi.
3161 5201 3229 5272 At
3258 5200 3447 5252 discin-

1873 5290 1935 5341 ρο
1973 5287 2068 5334 pro
2106 5269 2400 5328 dissolvere
2446 5273 2531 5326 vel
2574 5269 2858 5325 retundere
2895 5269 3033 5335 apud
3081 5270 3261 5335 probae
3307 5281 3446 5323 uotae

1873 5343 2160 5408 scriptores
2198 5343 2480 5396 invenitur.

1946 5407 2083 5466 q'tta
2136 5414 2291 5478 hujus
2334 5410 2661 5464 collectionis
2709 5408 3055 5472 exemplaria.
3103 5407 3338 5471 Caetera,
3383 5424 3445 5461 cs

1875 5484 2066 5548 quibus
2097 5481 2185 5534 alii
2225 5480 2454 5550 vulgati,
2487 5481 2690 5534 addunt
2720 5497 2732 5531 :
2767 5478 2944 5531 talium
2974 5487 3047 5531 est
3079 5482 3212 5532 enim
3240 5495 3447 5549 regnum

1873 5555 1992 5606 rato
2000 5569 2106 5603 rum
2116 5592 2129 5607 ,

1945 5633 1965 5659 τ
2011 5622 2152 5676 Edit.
2175 5620 2376 5675 Concil.
2405 5629 2519 5686 post
2543 5619 2697 5672 Jiont
2731 5661 2743 5678 .
2768 5621 2934 5688 quoad
2957 5620 3053 5687 ipsi
3075 5637 3313 5687 pertersit
3335 5611 3444 5672 uite.

1871 5692 2000 5745 Alae
2044 5694 2302 5746 editiones
2347 5693 2548 5745 addunt
2581 5705 2777 5763 {quam
2821 5694 2973 5744 secuti
3021 5705 3132 5743 sum
3181 5692 3445 5754 tramitem,

1872 5768 2096 5816 (leset’ere
2123 5763 2386 5817 volucr-iur.
