3888 6182
185 286 260 345 ιῖό
442 294 459 303 “
589 279 821 336 CUDEX
860 278 1186 336 (IANONUM
1228 278 1508 339 ECCLES.
1554 282 1638 338 ET
1676 283 2252 343 CONSTITL'TORUM
2292 287 2349 342 S.
2391 286 2582 344 SEDIS
2620 288 2950 346 APOSTOL.

3293 288 3393 346 ‘71

182 402 431 467 prasettun
461 392 577 460 quia
623 393 674 444 in
704 391 956 455 Oriente,
1000 392 1090 446 ubi
1129 391 1303 461 degit,
1347 404 1493 461 gesta
1525 392 1702 448 eecle-
1737 400 1787 455 Α
1817 395 1943 449 tiam
1973 412 2094 452 esse
2123 398 2254 467 legis
2282 407 2645 467 prmceptum;
2690 399 2820 453 nihil
2850 415 3035 454 eorum
3067 399 3214 460 dicit.
3238 399 3403 475 llquae

179 488 358 543 siastica
402 483 532 536 facta
584 497 704 537 esse
742 482 1048 550 jactantur,
1096 481 1288 552 quibus
1330 490 1550 553 putatur
1594 496 1716 537 esse

178 590 425 653 purgatus;
476 578 562 631 ubi
602 577 817 644 quidem
860 578 904 631 si
947 577 1187 646 episcopi
1226 591 1349 633 eum
1392 576 1714 631 catholicum

178 673 563 746 pronuntiarunt,
595 685 701 724 nou
731 671 801 725 ob
831 669 976 724 aliud
1008 668 1207 724 factum
1238 684 1361 725 esse
1388 669 1715 729 credendum

176 779 264 832 est,
305 765 398 820 nisi
426 766 545 831 quia
577 779 636 816 se
663 762 796 815 dixit
823 764 1046 831 gratiam
1086 763 1178 817 Dei
1218 763 1497 828 confiteri,
1547 773 1600 817 et
1645 763 1714 818 ita

179 874 310 929 posse
337 856 601 910 hominem
629 868 730 907 suo
755 853 935 908 labore
961 868 1024 907 ac
1049 854 1325 909 voluntate
1346 854 1491 921 juste
1513 854 1714 920 vivere,

175 963 216 1003 ιιι
246 949 303 1002 ad
350 946 636 1000 boct'eum
681 943 921 1012 adjuvari
962 944 1058 999 Dei
1106 945 1270 1013 gratia
1322 961 1427 998 non
1475 954 1713 1015 negaret.

177 1041 247 1094 llis
272 1040 399 1092 enim
430 1037 626 1090 auditis
668 1036 868 1098 verbis,
911 1035 1159 1090 catholici
1200 1037 1467 1092 antistites
1512 1038 1719 1091 nullam

175 1133 302 1184 aliam
332 1129 420 1183 Dei
448 1129 677 1198 gratiam
719 1127 1020 1197 intelligere
1062 1139 1380 1195 potuerunt,
1425 1130 1529 1185 nisi
1558 1144 1717 1201 quam

178 1228 216 1278 iu
249 1225 380 1277 libris
411 1223 499 1275 Dei
533 1223 742 1291 legere,
788 1233 842 1275 ct
884 1221 1094 1291 populis
1122 1221 1219 1276 Dei
1254 1222 1544 1291 prtedicare
1583 1237 1717 1276 con-

179 1326 463 1379 sueverunt;
495 1331 611 1369 eam
645 1317 825 1383 utique
851 1314 919 1369 de
949 1330 1049 1384 qua
1081 1316 1208 1369 dicit
1239 1316 1560 1384 Apostolus:
1597 1316 1717 1370 Non

176 1410 337 1460 irritam
364 1407 492 1475 {acia
520 1407 738 1475 gratiam
776 1404 912 1458 Dei:
954 1421 1072 1457 nam
1111 1407 1155 1457 si
1187 1423 1275 1469 per
1302 1407 1460 1475 legem
1488 1408 1713 1478 justitia,

178 1514 269 1568 ergo
292 1495 509 1551 Christus
554 1497 714 1566 gratis
756 1504 984 1549 mortuus
1027 1505 1097 1549 est
1125 1495 1268 1567 (Gal.
1307 1512 1372 1559 ιι,
1415 1498 1551 1568 2|):
1601 1498 1718 1551 sine

177 1590 304 1642 dubio
326 1586 543 1658 gratiam
573 1604 672 1656 qua
711 1587 1069 1656 justiticamur
1098 1589 1165 1641 ab
1196 1588 1499 1655 iniquitate,
1531 1597 1587 1643 ct
1612 1603 1713 1658 qua

177 1681 405 1735 salvamur
432 1679 500 1731 ab
532 1679 862 1742 inﬁrmitate,
892 1693 1000 1732 non
1028 1694 1129 1748 qua
1170 1679 1336 1733 creati
1380 1693 1566 1734 sumus
1594 1694 1714 1734 cum

1820 501 1917 556 per
1942 488 2510 544 sumministrationem
2544 489 2776 559 Spiritus
2816 490 2985 543 sancti
3028 491 3294 559 pertinent
3334 491 3402 547 ad

1818 582 2307 651 concupiscentiam
2341 582 2771 651 tentationesque
2798 583 3085 638 vincendas
3109 602 3120 636 :
3146 603 3295 656 quem
3321 586 3406 640 tti-

1820 674 2007 727 tissime
2043 673 2227 740 effudit
2256 690 2408 745 super
2433 691 2557 741 nos,
2603 677 2691 745 qui
2719 676 2944 728 ascendit
2979 670 3043 727 ἔνι’
3063 675 3262 738 artum,
3293 674 3309 714 ί
3346 686 3399 730 et

1819 768 2075 836 captivam
2100 768 2394 833 captivitate
2425 769 2562 821 dedit
2589 768 2729 822 dona
2754 769 3039 823 hominibus
3070 767 3198 840 (Tit.
3226 785 3301 833 ttt,
3337 771 3402 836 6;

1820 856 2017 925 Ephes.
2041 874 2113 926 tv,
2142 858 2208 923 8;
2248 857 2397 911 Rom.
2424 874 2539 922 viu,
2561 859 2671 925 26).
2724 859 2858 913 llinc
2887 859 3027 913 enim
3057 876 3299 925 oramus,
3346 871 3405 915 ιιι

1819 959 2163 1018 peccatorum
2193 948 2535 1004 tentationem
2566 964 2821 1019 superare
2851 950 3148 1019 possimus;
3199 963 3252 1003 ut
3283 951 3403 1019 Spio

1818 1038 1953 1093 ritus
1984 1040 2096 1106 Dei,
2129 1040 2268 1094 unde
2301 1041 2489 1109 pignus
2519 1042 2844 1107 accepimus,
2878 1041 3087 1110 adjuvet
3121 1042 3403 1097 iniit-mita-

1819 1138 1929 1185 tem
1955 1140 2214 1186 nostram.
2247 1134 2347 1199 Qui
2376 1135 2532 1204 152
2551 1143 2727 1187 autem
2756 1144 2891 1197 orat,
2923 1145 2978 1187 et
3002 1136 3166 1187 dicit:
3204 1134 3281 1188 Ne
3310 1152 3401 1187 nos

1818 1224 2011 1292 inferas
2051 1226 2104 1278 in
2148 1226 2477 1280 teutationem
2503 1225 2714 1294 (Matth.
2738 1229 2950 1295 “,15),
2990 1244 3093 1280 non
3127 1229 3304 1295 utique
3350 1229 3401 1283 id

1820 1325 1973 1379 orat,
2010 1324 2069 1370 ut
2106 1314 2269 1370 homo
2294 1317 2393 1382 sit,
2432 1318 2446 1366 l
2479 1316 2729 1384 quoniam
2764 1328 2845 1370 est
2876 1327 3060 1370 natura
3088 1335 3102 1383 ;
3148 1334 3320 1386 neque
3350 1319 3400 1373 id

1821 1416 1939 1459 orat
1971 1414 2030 1459 ut
2060 1406 2253 1460 habeat
2279 1407 2506 1461 liberum
2538 1407 2837 1468 arbitrium,
2871 1410 3009 1475 quod
3035 1407 3141 1475 jam
3174 1409 3399 1475 at'CPpil,

1821 1509 1942 1549 eum
1976 1505 2253 1550 crearetur
2284 1497 2396 1564 ipsa
2431 1507 2650 1561 natura;
2685 1511 2857 1563 neque
2884 1506 2999 1549 erat
3029 1498 3401 1551 reuiissiottem

1819 1597 2160 1656 peccatorum
2189 1631 2204 1655 ,
2256 1589 2377 1656 quia
2426 1587 2529 1643 hoc
2562 1589 2858 1657 Insuperius
2909 1589 3144 1643 dicitur:
3199 1588 3402 1644 Dimitte

1819 1680 1963 1733 nobis
1985 1680 2155 1733 debita
2177 1691 2375 1747 nostra;
2399 1695 2574 1743 neque
2596 1689 2718 1735 orat
2740 1689 2797 1735 ut
2816 1681 3042 1750 accipiat
3065 1682 3401 1747 mandatum;

180 1773 355 1841 propria
380 1771 674 1825 voluntate.
718 1771 847 1824 Nam
877 1772 923 1825 si
953 1770 1344 1826 intellexissent
1373 1772 1452 1825 illi
1478 1772 1716 1842 episcopi
1749 1767 1799 1827 B
1824 1771 1918 1827 sed
1949 1772 2106 1841 plane
2132 1783 2250 1827 orat
2286 1782 2345 1827 ut
2370 1772 2530 1827 faciat
2558 1773 2890 1829 mandatum.
2944 1774 2995 1827 Si
3026 1777 3167 1827 enim
3199 1775 3247 1827 iu
3281 1784 3401 1827 ten-

181 1880 272 1919 eam
305 1866 441 1918 illum
472 1865 656 1919 dicere
696 1867 922 1933 gratiam
965 1880 1125 1933 quam
1167 1866 1330 1920 etiam
1372 1882 1495 1922 eum
1542 1868 1719 1937 impiis

182 1960 415 2019 labentes,
442 1973 567 2012 cum
596 1957 788 2027 quibus
821 1956 1064 2011 homines
1093 1972 1302 2023 sumus,
1339 1958 1491 2029 151
1521 1973 1720 2028 negare

177 2060 277 2102 vero
313 2048 446 2101 iilam
486 2062 591 2114 qua
631 2046 921 2101 Christiani
971 2059 1024 2102 et
1072 2047 1160 2102 lilii
1194 2048 1286 2103 Dei
1329 2064 1554 2111 sumus;
1598 2054 1718 2119 quis

181 2155 275 2194 eum
302 2141 554 2209 patienter
581 2139 970 2194 catholicorum
1000 2139 1363 2204 sacerdotum,
1398 2138 1426 2178 ι’
1452 2156 1556 2196 non
1586 2142 1719 2196 dici-

181 2247 272 2286 tuus
289 2232 500 2295 audiret,
526 2232 622 2285 sed
649 2241 776 2293 ante
794 2232 979 2285 oculos
1006 2246 1133 2286 suos
1159 2230 1357 2286 ferret?
1377 2232 1716 2302 Quapropter

179 2339 263 2377 non
284 2324 512 2392 culpandi
545 2332 670 2377 sunt
687 2322 922 2392 judices,
947 2324 1070 2392 quia
1099 2324 1461 2383 ecclesiastica
1487 2340 1718 2380 consue-

180 2415 326 2469 tudine
359 2426 379 2453 ε
406 2415 591 2483 gratia:
636 2431 833 2469 nomen
884 2415 1199 2481 audierunt,
1248 2417 1550 2471 nescientes
1588 2418 1712 2485 quid

180 2505 437 2571 ltugnemodi
471 2507 713 2561 homines
738 2506 822 2559 vel
852 2506 908 2559 in
931 2522 1044 2561 sua:
1066 2508 1323 2563 doctrina:
1355 2508 1532 2572 libris,
1554 2510 1633 2564 vel
1662 2509 1713 2565 in

177 2611 355 2651 suorum
378 2598 595 2652 antibus
623 2598 797 2652 solent
824 2613 1100 2667 spargere.

229 2688 339 2743 CAP.
369 2690 428 2743 ll.
455 2720 521 2728 —
548 2690 663 2744 Non
690 2692 863 2759 agitur
895 2690 962 2744 de
1001 2706 1106 2744 uno
1147 2691 1384 2762 Pelagio,
1409 2689 1435 2729 ἀ
1457 2694 1576 2762 quia
1600 2693 1714 2762 jam

175 2776 369 2832 fortasse
394 2788 668 2836 correctus
696 2791 814 2844 est,
857 2782 999 2850 quod
1029 2784 1228 2837 utinam
1260 2782 1330 2836 ita
1361 2785 1467 2850 sit;
1512 2785 1608 2838 sed
1646 2785 1714 2839 de

175 2876 260 2921 tum
285 2870 455 2923 multis
479 2871 674 2939 quibus
704 2871 1000 2939 loquaciter
1027 2874 1506 2939 contendentibus,
1550 2884 1604 2929 et
1634 2876 1716 2928 in-

172 2958 323 3014 timas
365 2972 519 3031 atque
566 2964 862 3017 ineruditus
908 2965 1115 3020 animas
1163 2966 1310 3020 velut
1344 2977 1367 3004 ο
1402 2967 1712 3022 eonvinetas

170 3054 485 3119 trahentibus,
525 3054 705 3109 firmas
743 3066 924 3109 autem
974 3065 1030 3110 et
1076 3057 1129 3110 in
1179 3057 1281 3111 [ide
1328 3058 1549 3113 etabiles
1597 3058 1708 3125 ipsa

1826 1864 2078 1919 lationem
2112 1864 2362 1919 inductus
2394 1864 2581 1928 fuerit,
2611 1864 2712 1919 hoc
2739 1874 2822 1919 est
2850 1866 2899 1919 in
2933 1866 3223 1919 tentatione
3252 1865 3405 1919 defe-

1821 1958 1976 2021 cerit,
2007 1955 2129 2011 facit
2162 1957 2343 2026 utique
2374 1968 2670 2024 peccatum,
2694 1957 2832 2026 quod
2862 1967 2944 2012 est
2972 1968 3153 2011 (‘outra
3185 1958 3402 2009 manda-

1822 2057 1956 2104 tum.
1984 2049 2114 2103 Orat
2144 2065 2273 2119 ergo
2303 2056 2359 2102 ut
2387 2063 2493 2101 non
2523 2058 2731 2117 peccet,
2762 2047 2863 2102 hoc
2887 2058 2969 2102 est
2997 2065 3064 2102 ne
3091 2049 3211 2117 quid
3245 2049 3401 2101 faciat

1821 2141 1985 2195 mali:
2016 2141 2158 2211 quod
2208 2154 2307 2210 pro
2329 2137 2624 2194 Corinthiis
2660 2150 2777 2194 orat
2819 2129 3132 2208 Apostolus,
3174 2141 3397 2195 dicens:

1823 2231 2042 2285 Oramus
2081 2239 2248 2284 autem
2284 2232 2353 2283 ad
2380 2230 2679 2299 Dominum,
2710 2247 2770 2284 ne
2797 2232 2919 2301 quid
2947 2232 3147 2300 fueintis
3173 2233 3295 2285 ma’i
3324 2232 3342 2305 (
3359 2231 3401 2286 ll

1819 2320 1942 2375 Cor.
1970 2337 2083 2387 xut,
2112 2321 2193 2391 7).
2245 2320 2398 2377 Unde
2435 2322 2565 2375 satis
2601 2330 2822 2390 apparet
2859 2323 2999 2391 quod
3039 2322 3104 2376 ad
3137 2338 3239 2376 non
3272 2338 3398 2391 peca

1816 2414 2075 2481 cundum,
2129 2411 2180 2468 id
2229 2425 2314 2469 est
2356 2414 2425 2470 ad
2471 2431 2576 2469 non
2615 2417 2756 2471 male
2795 2416 3125 2477 faciendum,
3158 2418 3400 2486 quamvis

1815 2519 1938 2560 esse
1967 2520 2072 2559 non
2101 2504 2377 2559 dubitetur
2404 2503 2722 2560 1arbitrium
2748 2507 3057 2572 voluntatis,
3087 2519 3258 2562 tamen
3284 2510 3400 2575 ejus

1819 2606 2054 2665 potestas
2084 2614 2187 2650 non
2216 2598 2467 2666 sufﬁciat,
2498 2600 2596 2653 nisi
2626 2600 2908 2669 adjuvetur
2939 2602 3237 2655 iuiirtnitws.
3286 2603 3398 2669 Ipsa

1815 2688 1975 2755 igitur
1999 2689 2169 2742 oratio
2190 2688 2486 2743 clarissima
2518 2699 2601 2744 est
2627 2693 2812 2759 gratia:
2840 2693 3161 2745 teStificntio.
3191 2701 3229 2728 ιι
3257 2694 3400 2745 llaiic

1816 2779 1910 2832 ille
1935 2779 2274 2845 confiteatur,
2303 2789 2355 2833 et
2374 2795 2494 2833 eum
2522 2781 2872 2850 gaudebimus
2899 2783 3013 2835 sive
3041 2795 3264 2847 reatum,
3289 2784 3400 2837 sive

1815 2880 2138 2925 correctum.
2188 2872 2567 2941 Di~tinguenda
2601 2885 2682 2926 est
2728 2873 2813 2927 lex
2852 2884 2903 2927 et
2934 2873 3124 2942 gratia.
3174 2874 3279 2927 Lex
3309 2873 3400 2942 ju-

1816 2965 1946 3020 bere
1979 2968 2153 3031 novit,
2183 2967 2350 3037 gratia
2374 2966 2586 3035 juvare.
2630 2968 2738 3023 Nec
2767 2968 2852 3022 lex
2881 2967 3097 3037 juberet
3129 2969 3227 3021 nisi
3258 2981 3401 3023 esset

1813 3057 2093 3123 voluntas;
2141 3073 2240 3112 nec
2278 3060 2444 3126 gratia
2472 3058 2713 3128 jnvaret,
2745 3059 2789 3112 si
2833 3066 2918 3111 sat
2960 3066 3104 3112 esset
3133 3058 3399 3114 voluntas.

172 3148 477 3203 contentione
517 3149 897 3218 fatigantibus,
949 3165 1327 3222 usquequaque
1369 3153 1481 3221 jam
1529 3157 1707 3208 omnia
1733 3125 1782 3189 (ἶ
1812 3157 2042 3214 Jubetur
2070 3169 2126 3223 ut
2151 3125 2443 3215 habeamus
2469 3125 2821 3222 intellectum,
2850 3158 2939 3213 ubi
2971 3159 3198 3214 dicitur:
3226 3157 3402 3213 Nolite

171 3235 299 3302 plena
318 3251 431 3292 sunt
455 3238 498 3292 τ.
532 3242 639 3293 Aut
664 3255 792 3308 ergo
818 3255 847 3293 a
876 3252 963 3296 tua
987 3244 1331 3298 veneratione
1356 3245 1712 3301 accersendus

169 3338 235 3382 est
258 3329 485 3396 Romam,
524 3342 581 3387 ‘et
618 3333 902 3401 diligenter
930 3334 1349 3406 interrogandus
1378 3353 1539 3407 quam
1569 3337 1713 3392 dicat

171 3425 384 3488 gratiam,
410 3439 571 3494 quam
603 3423 862 3491 fateatur;
904 3427 951 3479 si
993 3424 1168 3482 tamen
1193 3436 1218 3475 ε
1243 3427 1477 3484 fateatur
1505 3429 1570 3483 ad
1602 3444 1713 3484 non

168 3516 455 3578 peccandum
500 3517 754 3586 justeque
796 3517 1087 3573 vivendum
1136 3518 1383 3574 homines
1428 3521 1671 3591 adjuvari
1693 3504 1714 3588 ;'

170 3613 239 3657 ιιιι
261 3605 356 3661 hoc
380 3609 552 3677 ipsum
584 3623 704 3663 cum
734 3624 800 3663 eo
830 3624 926 3679 per
951 3611 1158 3665 litteras
1181 3612 1467 3681 agendum.
1498 3613 1706 3669 Etcum

169 3689 382 3754 inretitus
406 3698 566 3755 fuerit
599 3702 737 3756 hanc
761 3702 942 3758 dicere
969 3718 1127 3773 quam
1157 3704 1317 3759 docet
1346 3705 1711 3761 ecclesiastica

166 3799 205 3842 et
226 3795 502 3861 apostolica
535 3795 753 3862 veritas,
789 3805 916 3850 tunc
943 3798 1062 3852 sine
1099 3798 1210 3853 ullo
1239 3800 1494 3867 scrupulo
1523 3798 1710 3855 Eccle—

164 3881 263 3951 sic,
304 3887 419 3940 sine
463 3884 688 3939 latibulo
735 3887 1097 3956 ambiguitatis
1146 3889 1307 3945 ullius
1350 3890 1712 3944 absolvendus

162 3982 255 4035 est.
289 3982 411 4031 tunc
439 3986 523 4030 est
548 3991 733 4031 revera
762 3977 829 4032 de
859 3978 974 4048 ejus
1004 3982 1315 4049 purgatione
1341 3980 1702 4050 gaudendum.

164 4062 265 4119 Sive
288 4067 425 4121 enim
456 4067 655 4121 dixerit
697 4069 922 4137 gratiam
959 4084 1082 4124 esse
1124 4071 1348 4125 liberum
1393 4072 1706 4134 arbitrium,

164 4153 253 4207 sive
270 4159 486 4228 gratiam
513 4171 636 4212 esse
660 4158 1036 4216 remissionem
1061 4172 1423 4231 peccatorum,
1446 4164 1560 4219 sive
1586 4176 1708 4231 gra-

219 4315 399 4390 fldem
428 4317 605 4373 codex
637 4337 755 4375 cum
780 4322 925 4390 vnlg.
954 4316 1097 4374 delet
1121 4335 1258 4374 eum.

214 4382 477 4453 ‘Quesn.,
509 4391 625 4443 dico
657 4382 904 4456 patiente?
932 4391 1153 4443 audiret.
1185 4390 1361 4443 Seruti
1392 4405 1578 4445 sumus
1606 4406 1707 4445 no-

166 4463 305 4508 strum
336 4460 457 4513 cod.
481 4460 707 4515 Vindeb.
739 4461 1193 4515 consentientibus
1221 4461 1339 4513 aliis
1367 4460 1547 4515 editis.
1579 4462 1707 4515 Dein

164 4525 251 4577 duo
268 4545 393 4582 mss.
413 4532 675 4599 Colhert.,
694 4543 890 4585 tantum
912 4544 1029 4583 ante
1047 4532 1242 4599 oculos,
1269 4531 1456 4598 majori
1483 4532 1708 4593 quadam

163 4599 399 4662 emphasi,
420 4611 475 4652 ιιι
498 4606 702 4656 notavit
727 4603 782 4658 P.
807 4603 1166 4656 Conatatttins.
1205 4600 1422 4654 Acet'tlit
1445 4600 1626 4662 Vittd.,
1655 4603 1707 4656 in

164 4679 380 4745 quemue
403 4682 545 4723 tanta
565 4674 738 4725 oculos
760 4674 1008 4745 corrupte
1028 4674 1284 4741 scriptum
1309 4671 1428 4740 fuit,
1448 4685 1511 4726 ac
1533 4682 1712 4741 poste-

162 4743 269 4788 riori
299 4753 455 4794 manu
483 4758 582 4795 vox
614 4750 755 4796 tanto
780 4743 977 4797 deleta.

220 4811 347 4863 'Sic
376 4811 547 4882 rViutt.
592 4815 714 4866 cod.
759 4828 878 4866 cum
929 4812 1094 4882 vulg,
1142 4812 1332 4867 melius
1373 4827 1531 4882 quam
1573 4812 1714 4882 apud

161 4870 501 4951 Qﬂf‘snetlum,
534 4885 752 4951 gratiam
777 4870 1070 4938 audierunt.

219 4946 243 4983 ⁴
269 4950 446 5020 ulg.,
469 4946 574 5020 qui.

218 5019 618 5097 "ltitiamcum
657 5024 832 5097 Meri”
866 5027 1191 5097 cattjuuctns.
1240 5023 1417 5097 Oxon.
1459 5036 1581 5076 eum
1622 5037 1714 5076 re-

158 5091 475 5162 centioribus
502 5095 732 5162 vulgatis
760 5091 991 5158 CaucilI,
1025 5098 1303 5155 convictus,
1338 5094 1513 5148 utiuus
1545 5106 1709 5147 reete.

156 5155 423 5235 Qttesuetli
447 5155 733 5235 lectidueiu
767 5168 951 5228 probat
980 5155 1162 5218 noster
1188 5165 1407 5219 Vindeb.
1433 5176 1487 5219 ct
1508 5165 1597 5218 alii
1624 5180 1715 5232 po-

156 5233 310 5302 tiores
327 5233 483 5285 codd.
507 5250 643 5302 quos
664 5233 1002 5288 Coustantius
1032 5236 1321 5290 comuluit.

216 5298 237 5336 ¹
259 5302 459 5375 Queso.
478 5298 684 5357 addidit
705 5306 833 5358 loca.
868 5304 1237 5375 Expuuximus
1259 5318 1381 5360 cum
1402 5318 1586 5360 nostro
1606 5322 1709 5359 ius.

157 5364 297 5421 Vind.
327 5382 382 5424 et
409 5376 618 5427 castoris
644 5376 817 5429 editis.

211 5440 359 5516 fids.
387 5440 505 5498 Vat.
538 5445 663 5499 Isid.
692 5459 811 5498 cum
842 5446 980 5510 vulg.
1011 5445 1159 5497 addit.
1180 5447 1310 5516 jam.

213 5507 237 5585 ξ·
264 5510 449 5585 Υιιιπτε
473 5507 993 5575 cuneiuentaViutl,,
1025 5517 1159 5581 quod
1323 5518 1554 5581 pertinet.

217 5578 231 5614 ί
257 5578 390 5656 Coti.
414 5583 592 5647 Viuit,
616 5596 661 5636 et
680 5588 946 5647 cuptivarit
968 5578 1331 5656 capacitatem;
1354 5589 1541 5640 melius
1560 5587 1709 5652 editi,

153 5654 192 5701 et
212 5653 472 5725 captivam
496 5656 855 5725 captivitatem.

216 5720 228 5768 ἰ
261 5722 369 5779 ΑΙ..
396 5720 568 5778 quod;
590 5725 711 5778 Mos
739 5726 916 5781 Imbeut
943 5728 1250 5800 scripsimus
1278 5739 1397 5782 eum
1430 5740 1528 5781 ms.
1554 5728 1707 5783 Vind.

1813 3276 1920 3314 esse
1958 3260 2087 3314 sicut
2129 3275 2292 3323 equus
2335 3268 2384 3314 st
2427 3258 2631 3325 mulus,
2678 3260 2859 3330 quibus
2888 3275 2987 3313 non
3017 3269 3089 3313 est
3119 3258 3405 3312 intellectus

1814 3356 1987 3429 (Psal.
2006 3372 2153 3426 xxxi,
2176 3356 2270 3428 9):
2298 3366 2353 3411 ct
2381 3367 2558 3412 tamn
2585 3372 2802 3411 oramus
2832 3368 2887 3411 ut
2917 3357 3208 3410 habeamus
3241 3358 3401 3411 intel-

1816 3459 2049 3513 lectum:
2085 3459 2174 3512 ubi
2204 3459 2439 3511 dicitur:
2477 3457 2559 3509 Da
2588 3457 2716 3509 mihi
2744 3457 3088 3519 intellectum,
3126 3469 3179 3513 at
3207 3461 3413 3512 discam.

1814 3561 2059 3613 mandata
2085 3567 2175 3612 tua
2201 3556 2374 3628 (Put.
2397 3570 2582 3620 cxvm,
2605 3550 2721 3626 5t).
2767 3556 2994 3610 Jubetur
3020 3568 3075 3609 ut
3104 3558 3401 3614 habeamus

1809 3660 2148 3731 sapientiam,
2179 3657 2270 3713 ubi
2300 3657 2495 3711 dicitur
2520 3674 2535 3712 :
2561 3662 2590 3694 ι
2630 3656 2794 3713 Stulti
2823 3658 3104 3727 aliquando
3134 3660 3316 3727 sapite,
3346 3670 3400 3716 et

1811 3769 1990 3816 tamen
2020 3768 2223 3824 oratur,
2254 3768 2315 3813 ut
2346 3756 2639 3812 habeamus
2668 3756 3008 3825 sapientiam,
3040 3757 3126 3811 ubi
3160 3759 3396 3812 dicitur:

1814 3860 1878 3919 Si
1896 3861 2005 3925 quis
2029 3871 2194 3915 autem
2215 3867 2438 3914 vestrum
2458 3859 2649 3930 indiget
2672 3859 2945 3929 sapientia,
2972 3858 3193 3944 postulet
3212 3876 3244 3912 a
3269 3858 3396 3931 Deo.

1812 3964 1900 4035 qui
1930 3963 2019 4016 dat
2053 3962 2288 4015 omnibus
2316 3962 2610 4031 afﬂuenter,
2641 3969 2689 4013 et
2718 3976 2818 4013 non
2850 3962 3197 4029 imprOperat;
3236 3968 3281 4011 et
3310 3961 3401 4012 da-

1813 4063 1947 4117 bitur
1973 4063 2019 4116 ei
2048 4060 2252 4131 (Iacob.
2280 4077 2318 4128 ι,
2347 4057 2428 4131 5).
2460 4059 2686 4115 Jubetur
2714 4067 2772 4113 ut
2798 4058 3094 4113 habeamus
3120 4059 3401 4113 continen-

1816 4164 1968 4228 tiam,
1995 4163 2082 4216 ubi
2113 4161 2340 4217 dicitur:
2367 4168 2392 4194 ο
2412 4158 2537 4214 Cum
2564 4160 2747 4213 scirem
2773 4162 2895 4228 quia
2923 4173 3071 4213 nemo
3103 4168 3264 4227 potest
3293 4175 3401 4213 esss

1818 4328 1875 4377 et
1901 4320 2044 4388 vulg.
2071 4319 2297 4387 Quesn.,
2324 4318 2542 4389 accipiat

1888 4389 1915 4427 ιι
1938 4387 2164 4458 ριιιθςιη.⁹
2192 4387 2443 4456 inferius.
2472 4387 2888 4445 Emendavlmus
2918 4401 3040 4443 cum
3070 4387 3279 4443 duobus
3306 4404 3403 4443 no-

1815 4460 1945 4516 stris
1974 4460 2132 4515 codd.
2162 4471 2214 4511 et
2240 4461 2382 4525 vulg.

1889 4531 1909 4571 ι
1944 4532 1998 4585 lu
2032 4547 2132 4583 ms.
2157 4530 2317 4584 Vind.
2349 4544 2537 4583 manus
2568 4529 2785 4599 antiqua
2819 4527 2967 4584 addit
2999 4529 3235 4594 liberum,
3264 4530 3403 4586 utin

1816 4603 1974 4658 editis
2001 4600 2361 4654 Coucilioruut
2395 4600 2605 4668 legitur.

1888 4683 1927 4711 ω
1953 4673 2042 4729 Sic
2074 4673 2241 4725 nostri
2264 4672 2482 4724 codices
2501 4680 2554 4725 et
2577 4672 2694 4724 alia!
2716 4670 2998 4724 editiones.
3018 4669 3245 4735 Queen,
3267 4685 3403 4724 eam.

1887 4751 1916 4781 ιι
1938 4743 2227 4812 Srqttentia
2270 4755 2438 4809 usque
2468 4742 2532 4793 ad
2565 4739 3058 4812 repetit-inuentum
3093 4741 3281 4793 dicitur
3313 4757 3405 4806 per

1818 4806 2250 4868 snitum'omissa
2298 4806 2363 4865 iu'
2394 4825 2495 4864 ms.
2526 4806 2699 4865 Oxon.
2733 4806 3055 4878 Questieltus
3085 4812 3139 4863 in
3169 4827 3406 4879 margine

1820 4886 2028 4939 incurrit
2070 4896 2133 4937 ex
2179 4883 2298 4936 aliis
2339 4882 2665 4937 edittoutbtts
2716 4883 3019 4937 inserenda.
3077 4881 3405 4935 Insatttiuitts

1818 4968 1979 5016 vero,
2028 4969 2152 5024 quia
2196 4952 2356 5009 etiam
2406 4953 2463 5007 in
2507 4966 2616 5008 ms.
2659 4952 2818 5007 V'ind.
2871 4952 3025 5021 hujus
3071 4954 3407 5006 collectione

1816 5024 2084 5078 leguntur.

2005 5043 2032 5072 ll
2070 5060 2084 5074 ι

1871 5038 2017 5148 8111ιιιξι
2041 5040 2244 5146 ruoster
2276 5093 2434 5146 Vind.
2464 5106 2585 5146 cum
2618 5092 2862 5152 Merlino,
2901 5089 3134 5153 Crablm,
3177 5098 3227 5142 et
3271 5103 3400 5142 mss.

1820 5167 2224 5233 qttamplurtluts
2251 5176 2386 5231 quos
2414 5162 2640 5215 contulit
2671 5161 2728 5215 P.
2759 5162 3159 5233 Constantius.“
3179 5159 3405 5219 insignis

1823 5226 2301 5301 liujus'aonotatio
2347 5235 2447 5285 huc
2494 5233 2612 5284 loco
2659 5230 3032 5301 appendeuda.
3090 5226 3190 5301 llic
3235 5240 3405 5281 toturn

1819 5298 2015 5374 aliquid
2037 5302 2318 5374 desiderari
2350 5302 2670 5374 manifestum
2697 5310 2790 5353 est.
2830 5300 3081 5374 Quocirca
3109 5298 3278 5352 editor
3303 5302 3407 5351 Ito-

1821 5368 2001 5427 manus
2045 5372 2184 5427 istud
2231 5372 2365 5423 inter
2411 5372 2821 5441 uncinosvtlturo
2859 5368 3152 5441 charactere
3190 5374 3398 5441 adjecit.

1822 5446 1941 5515 (llic
1969 5442 2168 5513 aliquid
2194 5441 2345 5495 deest
2372 5439 2672 5507 liujnsmodi
2695 5456 2707 5492 :
2730 5441 2864 5515 ‘Siut
2890 5440 3052 5515 lumbi
3078 5446 3235 5515 vestri
3253 5439 3407 5515 prnu-

1821 5510 2010 5569 cincti:
2036 5510 2090 5569 et
2121 5523 2298 5566 tamen
2323 5526 2537 5565 oramus
2569 5526 2683 5563 eam
2710 5511 2824 5563 dari
2857 5512 3012 5563 nobis
3044 5510 3132 5564 ubi
3162 5514 3404 5577 tltt'itttt‘.)

1824 5586 1974 5648 Quod
1999 5595 2044 5637 et
2072 5593 2243 5654 postea
2263 5585 2318 5635 in
2336 5582 2634 5651 quibusdam
2662 5583 2779 5635 aliis
2801 5581 3108 5654 editiottibus
3130 5593 3400 5654 retentum.

1822 5652 2163 5709 Adtlttnmemi
2194 5653 2347 5723 hujus
2373 5659 2481 5706 loco
2516 5655 2706 5716 Quem.
2735 5652 2992 5705 substituit
3019 5667 3038 5705 .'
3071 5656 3111 5705 Α
3149 5653 3397 5716 νοιιιτιι-ο-
3491 5712 3497 5716 _

1821 5729 1961 5782 tibus
1994 5726 2096 5781 tuis
2127 5733 2400 5789 avertere,
2451 5734 2505 5779 et
2554 5735 2732 5778 tamen
2774 5733 2956 5778 oratur
3005 5731 3062 5777 ut
3112 5724 3400 5776 habt-amns
