3888 6182
411 324 515 382 4³15

1346 312 1689 371 APPENDIX
1728 311 1819 366 AD
1858 311 1917 367 Β.
1961 312 2202 369 LEONIS
2240 312 2452 368 MAGNI
2493 312 2741 370 OPEllA.
3374 288 3417 329 Ι
3575 309 3689 368 ιτς

410 442 694 504 continens,
727 438 880 510 153
907 437 1002 490 nisi
1035 435 1168 489 Deus
1197 434 1309 494 det.
1354 444 1398 486 et
1430 432 1524 487 hoc
1550 432 1718 502 ipsum
1751 439 1864 487 erat
1906 446 1990 485 sa-
2016 434 2070 494 Α
2094 443 2199 483 non
2223 428 2574 497 improbanda
2598 430 2807 485 ratione
2832 427 3027 484 dicitur
3050 430 3218 498 gratia
3243 429 3359 494 Dei,
3390 443 3494 498 qua
3517 429 3685 484 creati

410 532 615 606 pientia:
651 531 777 584 scire
812 530 963 599 cujus
1001 534 1127 579 esset
1156 524 1253 579 hoc
1282 524 1508 589 donum;
1547 523 1657 576 adii
1686 521 1984 589 Dominum,

407 638 458 684 et
488 629 781 694 deprecatus
806 637 919 674 sum
946 619 1094 672 illum
1122 616 1276 690 (Sap.
1302 631 1413 681 vni,
1436 614 1554 686 2|).
1605 614 1883 670 Postremo
1924 627 1992 669 ne

408 720 633 775 nimium
658 716 871 784 longum
895 713 966 767 sit
991 716 1179 765 cuncta
1206 723 1543 780 percurrere,
1563 706 1783 778 jubetur
1805 714 1863 761 ut
1883 720 1988 760 non

408 811 667 865 faciamus
697 805 894 860 malum
915 846 928 867 ,
972 802 1061 859 ubi
1090 799 1322 857 dicitur:
1366 797 1580 853 Declina
1608 814 1639 851 a
1666 797 1805 851 malo
1827 804 1887 862 ις
1935 804 1991 850 et

407 911 589 955 tamen
623 905 807 952 oratur
833 903 892 950 ut
918 908 1028 947 nun
1066 890 1325 945 faciamus
1354 890 1549 944 malum
1570 929 1585 953 ,
1631 888 1719 942 ubi
1749 886 1946 942 dicitur
1972 902 1986 939 :

412 991 634 1046 Oramus
658 998 831 1041 autem
859 983 925 1037 ad
957 981 1144 1045 Deum,
1176 996 1239 1035 ne
1265 979 1389 1049 quid
1418 979 1622 1050 faciatis
1651 978 1794 1032 mali.
1825 976 1990 1033 Juba-

409 1093 495 1137 tur
523 1090 581 1135 ut
610 1079 869 1134 faciamus
898 1075 1117 1139 bonum,
1146 1072 1238 1127 ubi
1264 1071 1497 1135 dicitur:
1532 1069 1743 1123 Declina
1767 1085 1799 1122 a
1826 1069 1985 1135 malo,

407 1183 452 1228 et
483 1174 565 1244 [ac
590 1171 779 1225 bonum
805 1165 974 1236 (Psal.
1003 1178 1199 1227 xxxvi,
1223 1162 1351 1233 27);
1396 1169 1451 1215 et
1491 1168 1669 1214 tamen
1706 1168 1891 1213 oratur
1929 1167 1990 1214 ut

408 1265 665 1319 faciamus
698 1262 918 1322 bonum,
964 1255 1050 1311 ubi
1078 1254 1312 1309 dicitur:
1345 1250 1469 1306 Non
1504 1266 1757 1305 cessamus
1786 1258 1989 1304 orantes

409 1373 504 1429 pro
536 1355 702 1419 vobis,
745 1360 970 1412 orantes,
1002 1357 1047 1400 et
1075 1344 1390 1416 postulantes
1418 1343 1614 1415 (Calas.
1642 1360 1681 1409 t,
1705 1343 1792 1412 9);
1825 1352 1990 1412 atque

409 1450 549 1501 inter
572 1453 765 1498 cretata
795 1456 911 1510 qum.
942 1439 1044 1493 illis
1071 1448 1219 1502 orat,
1257 1436 1383 1490 dicit
1409 1451 1423 1488 :
1458 1445 1511 1488 ut
1539 1433 1806 1487 ambuletis
1833 1432 1989 1503 digne

412 1537 519 1591 Dgo
565 1537 621 1590 in
667 1551 812 1589 omne
857 1531 1121 1604 placitum,
1169 1529 1222 1582 in
1266 1528 1405 1583 omni
1444 1543 1615 1595 apere,
1662 1533 1710 1579 et
1755 1540 1988 1579 sermone

411 1630 559 1681 lano.
603 1626 749 1680 Sicut
790 1638 917 1693 ergo
952 1619 1289 1692 agnoscimus
1314 1618 1677 1681 voluntatem,
1718 1631 1838 1671 cum
1870 1615 1988 1671 haec

411 1717 827 1791 prrecipinutur;
887 1715 966 1769 sic
1012 1722 1068 1768 et
1123 1712 1237 1782 ipse
1280 1719 1536 1779 agnoscat
1582 1708 1807 1780 gratiam
1863 1721 1987 1763 cum

411 1820 686 1879 petun'ur.

482 1902 607 1955 (tu.
646 1899 732 1954 ill.
759 1927 829 1940 —
848 1897 1087 1952 Misimus
1114 1898 1435 1952 reverentia:
1466 1907 1568 1950 tute
1603 1896 1796 1950 librum
1824 1909 1984 1963 quem

411 1992 672 2045 dederunt.
703 1989 918 2059 quidam
961 1988 1197 2058 religiosi
1245 1996 1299 2042 et
1365 1986 1574 2041 honesti
1619 1986 1988 2043 adolescentes

410 2083 552 2138 servi
584 2081 700 2149 Dei,
726 2096 952 2150 quorum
983 2080 1144 2136 etiam
1183 2080 1400 2133 nomina
1441 2092 1549 2134 non
1576 2089 1834 2140 tacemus.
1864 2094 1987 2134 nam

411 2174 677 2229 Timasius
704 2184 759 2228 et
788 2172 1018 2228 Jacohus
1039 2180 1316 2228 vocantur.
1344 2170 1465 2238 Qui,
1496 2172 1635 2227 sicut
1657 2171 1986 2238 audivimus,

412 2277 465 2321 et
490 2266 649 2320 etiam
676 2266 791 2334 ipse
833 2278 993 2319 nosse
1022 2263 1282 2332 dignaris,
1317 2262 1483 2332 ipsius
1512 2263 1710 2331 Pelagii
1738 2264 1991 2319 exhorta-

414 2361 558 2411 tione
585 2370 734 2426 spem
762 2336 918 2424 quam
940 2354 1207 2409 habebant
1234 2353 1287 2408 in
1312 2353 1510 2408 stnculo
1539 2354 1891 2424 reliquerunt,
1938 2364 1992 2411 et

415 2462 557 2502 nunc
611 2448 946 2501 continentes
991 2445 1102 2500 Deo
1154 2447 1416 2500 serviunt.
1471 2444 1572 2512 Qui
1635 2460 1754 2500 cum
1800 2448 1989 2503 coda-nl

413 2553 600 2594 errore
626 2536 837 2591 tandem
879 2535 1164 2606 aliquando
1192 2551 1289 2606 per
1313 2535 1740 2607 qualemcunque
1772 2552 1991 2607 operam

415 2641 676 2696 nostram,
713 2629 940 2684 Domino
969 2630 1281 2699 inspirante,
1308 2630 1626 2698 caruissent,
1657 2631 1993 2701 protulerunt

413 2721 658 2776 eumdem
701 2721 917 2785 librutn,
962 2719 1159 2790 Pelagii
1195 2734 1317 2776 esse
1356 2720 1613 2788 dicentes,
1657 2731 1711 2777 et
1740 2735 1797 2776 ut
1829 2723 1878 2777 ei
1910 2738 1993 2778 re-

414 2811 771 2878 spottderetur
796 2812 1067 2880 impendio
1090 2820 1430 2881 rogaverunt.
1462 2812 1683 2869 Factum
1710 2824 1815 2881 est,
1844 2823 1901 2870 et
1928 2815 1993 2871 ad

417 2902 637 2958 eosdem
667 2904 928 2973 rescripta
956 2914 1036 2959 est
1063 2906 1176 2972 ipsa
1202 2904 1501 2973 responsio.
1533 2907 1767 2975 Agentes
1794 2909 1994 2976 gratias

419 2993 828 3062 rescripseram.
863 2992 1158 3063 Utrumque
1182 2995 1444 3064 misimus,
1477 3004 1533 3049 et
1560 2995 1646 3049 cui
1676 3011 1993 3066 responsum

418 3095 520 3151 est,
552 3093 605 3141 et
632 3083 774 3156 quod
818 3098 1128 3151 responsum
1159 3094 1269 3148 est;
1317 3094 1369 3139 et
1406 3100 1473 3140 ne
1501 3086 1725 3140 nimium
1753 3102 1994 3144 essemus

2096 536 2302 588 sumus,
2327 532 2385 578 ut
2414 539 2519 578 non
2543 524 2673 578 nihil
2698 536 2960 589 essemus,
2994 536 3095 577 nec
3121 521 3192 576 ita
3213 536 3456 577 esscmus
3480 520 3684 591 aliquid

2094 622 2152 666 ut
2181 612 2434 679 cadaver,
2458 613 2599 683 quod
2626 629 2733 669 non
2764 613 2922 679 vivit;
2950 622 2974 652 ο
2999 621 3054 668 et
3074 611 3258 676 arbor,
3281 627 3400 681 qum
3433 627 3536 665 non
3558 629 3685 666 sen-

2092 710 2186 768 tit;
2218 711 2310 757 aut
2339 720 2520 772 pecus,
2553 703 2694 775 quod
2726 719 2832 759 non
2863 703 3141 774 intelligit;
3184 703 3279 758 sed
3321 713 3378 756 ut
3408 702 3680 769 homines,

2092 800 2183 869 qui
2210 806 2267 852 et
2293 811 2558 860 essemus,
2588 807 2644 851 et
2681 784 3008 860 viveremus,
3036 803 3090 850 et
3120 795 3463 860 sentiremus,
3497 809 3546 849 et
3591 797 3679 851 in-

2092 892 2474 961 telligeremus,
2503 896 2557 945 et
2584 889 2651 944 de
2689 887 2791 943 hoc
2821 898 2972 943 tanto
3006 886 3265 942 beneﬁcio
3297 886 3540 942 Creatori
3580 906 3682 942 nri-

2090 991 2206 1038 stro
2226 981 2426 1053 gratias
2448 995 2609 1050 agere
2630 980 2928 1045 valeamus;
2955 979 3097 1034 unde
3118 978 3309 1034 merito
3339 989 3396 1035 et
3417 980 3516 1034 ista
3549 994 3673 1051 gra-

2091 1074 2164 1129 tia
2213 1073 2316 1128 dici
2350 1079 2550 1142 potest,
2592 1069 2715 1142 quia
2763 1085 2869 1125 non
2908 1070 3328 1141 praecedentium
3370 1071 3681 1141 aliquorum

2091 1178 2314 1231 operum
2346 1163 2570 1229 meritis,
2594 1160 2686 1216 sed
2709 1160 2934 1231 gratuita
2959 1160 3055 1215 Dei
3086 1160 3326 1216 bonitate
3345 1160 3543 1215 donata
3568 1173 3649 1216 est
3665 1204 3684 1231 ,

2090 1254 2192 1309 alia
2232 1264 2314 1309 est
2343 1264 2544 1318 tamen,
2573 1269 2675 1324 qua
2707 1252 3070 1324 prae-destinati
3101 1268 3382 1318 vocamur,
3413 1253 3684 1318 iustiﬁca-

2091 1361 2233 1411 mur,
2265 1345 2644 1415 gloriﬁcamnr,
2695 1354 2749 1399 ut
2775 1344 2955 1400 dicere
2981 1344 3250 1412 possimus
3283 1362 3295 1397 :
3321 1344 3383 1400 Si
3414 1345 3554 1399 Deus
3581 1361 3681 1413 pro

2091 1437 2257 1504 nobis,
2285 1440 2396 1507 quis
2420 1448 2597 1492 contra
2623 1439 2751 1492 nos?
2776 1438 2859 1505 qui
2888 1438 3097 1507 praprio
3132 1433 3268 1490 Filio
3290 1433 3317 1473 ἀ
3341 1453 3435 1491 suo
3463 1454 3567 1490 non
3589 1453 3682 1507 pe-

2090 1532 2284 1602 percit,
2337 1529 2428 1585 sed
2472 1546 2566 1591 pro
2601 1530 2743 1584 nobis
2786 1528 3018 1603 omnibus
3056 1527 3269 1583 tradidit
3310 1529 3455 1583 illum
3485 1530 3671 1600 (Rom.

2089 1638 2201 1684 vtu.
2235 1623 2349 1688 51).

2163 1711 2293 1766 (Σιιιι.
2341 1709 2427 1765 ιν.
2458 1709 2631 1764 —De
2686 1709 2788 1764 hac
2837 1710 3006 1779 gratia
3047 1710 3275 1778 qumstio
3325 1711 3683 1776 vertebatur,

2014 1800 2304 1869 B‘qnando
2355 1798 2424 1854 ab
2471 1799 2577 1866 his,
2616 1813 2751 1870 quos
2807 1798 3050 1869 Pelagius
3086 1800 3323 1870 graviter
3368 1800 3687 1855 offendebat

2089 1901 2249 1961 atque
2281 1890 2545 1955 turbabat,
2570 1889 2846 1945 dicebatur
2869 1890 2942 1957 ei,
2975 1891 3114 1961 quod
3144 1907 3264 1946 eam
3298 1892 3409 1946 suis
3436 1892 3687 1961 disputa-

2090 1984 2326 2038 tionibus
2370 1989 2734 2052 oppugnaret;
2785 1981 2977 2052 quibus
3016 1991 3284 2037 assereret
3314 1992 3340 2021 ο
3378 1985 3524 2053 quod
3568 2000 3682 2038 non

2090 2072 2266 2127 solum
2293 2073 2357 2127 ad
2389 2071 2651 2136 iacienda,
2680 2087 2863 2126 verum
2886 2071 3049 2127 etiam
3080 2072 3143 2126 ad
3174 2074 3500 2142 perﬁcienda
3527 2090 3691 2128 man-

2090 2163 2214 2220 data
2245 2165 2418 2219 divina
2444 2179 2539 2233 per
2565 2163 2792 2219 liberum
2820 2162 3101 2219 arbitrium
3132 2165 3233 2220 sibi
3263 2165 3495 2220 humana
3528 2166 3691 2221 sum-

2092 2265 2239 2312 ceret
2270 2264 2478 2311 natura.
2524 2254 2668 2309 lianc
2706 2254 2997 2324 apostolica
3037 2256 3281 2311 doctrina
3307 2258 3531 2326 gratiam
3575 2258 3691 2313 isto

2093 2349 2313 2405 nomine
2337 2345 2588 2417 appellat,
2613 2358 2716 2415 Qua
2743 2348 3012 2403 salvantur
3030 2347 3458 2418 etjustilleamur
3479 2366 3544 2405 es
3574 2350 3695 2407 ﬂde

2091 2442 2312 2497 Christi.
2366 2441 2440 2496 De
2497 2440 2598 2495 hac
2649 2423 2913 2510 scriptu'm
2963 2449 3047 2497 est
3095 2441 3266 2498 :Non
3306 2445 3503 2497 irritam
3541 2444 3692 2515 facio

2094 2534 2317 2606 gratiam
2347 2531 2438 2586 Dei
2466 2548 2485 2596 ;
2516 2547 2631 2586 nam
2656 2533 2702 2586 si
2739 2547 2830 2603 per
2855 2534 3014 2605 legem
3024 2532 3255 2603 justitia,
3296 2550 3415 2606 ergo
3446 2533 3694 2590 Christus

2096 2624 2257 2694 gratis
2296 2632 2525 2675 mortuus
2568 2632 2642 2676 est
2669 2621 2870 2692 (lialat.
2910 2638 2970 2690 tt,
2999 2622 3116 2694 21).
3149 2624 3224 2680 De
3273 2627 3373 2679 hac
3418 2628 3695 2694 scriptum

2097 2725 2180 2770 cst
2214 2733 2226 2768 :
2257 2715 2505 2769 Evacuati
2532 2714 2651 2769 estis
2671 2731 2702 2767 a
2724 2712 2947 2779 Christo,
2974 2716 3059 2784 qui
3084 2715 3137 2769 in
3164 2716 3273 2786 lege
3290 2716 3693 2787 justiﬁcamini,

2097 2825 2128 2861 a
2159 2810 2326 2878 gratia
2346 2809 2606 2865 excidistis
2638 2808 2799 2878 (Ibid.
2826 2826 2878 2875 v,
2914 2808 2993 2881 4).
3028 2811 3105 2865 De
3134 2810 3235 2867 hac
3263 2811 3521 2881 scriptum
3553 2821 3649 2867 est.
3673 2832 3691 2867 :

2100 2900 2160 2957 Si
2189 2910 2359 2955 autem
2378 2903 2565 2972 gratia,
2583 2903 2699 2972 jam
2723 2919 2828 2957 non
2847 2918 2911 2958 ea:
2930 2903 3169 2971 operibus
3192 2920 3211 2970 ;
3242 2904 3468 2973 alioquin
3507 2908 3697 2976 gratia

2098 2993 2205 3059 iam
2235 3007 2339 3046 non
2369 2990 2388 3030 τ
2417 2995 2582 3063 gratia
2608 2992 2795 3065 (Rom.
2815 3010 2890 3060 ιι,
2921 2994 2999 3062 6).
3033 2995 3109 3050 De
3136 2994 3234 3050 hac
3266 2995 3521 3065 scriptum
3551 3001 3645 3050 est
3672 3014 3693 3053 :

2099 3088 2146 3139 ci
2179 3095 2350 3141 autem
2392 3086 2477 3156 qui
2517 3097 2779 3158 operatur,
2819 3104 3009 3143 merces
3038 3104 3139 3141 non
3183 3089 3462 3156 imputatur
3497 3104 3699 3143 secun-

415 3177 651 3243 onerosi,
682 3175 831 3245 signa
868 3173 1090 3229 fecimus
1133 3174 1218 3229 his
1246 3175 1396 3240 locis,
1429 3175 1516 3230 ubi
1562 3177 1794 3245 petimus
1828 3178 1997 3249 inSpi-
2022 3177 2069 3240 C
2099 3176 2225 3230 dum
2245 3177 2486 3246 gratiam,
2514 3178 2604 3232 sed
2632 3177 2910 3231 secundum
2935 3178 3159 3232 debitum
3179 3193 3198 3241 ;
3222 3179 3268 3232 ei
3286 3188 3455 3232 autem
3475 3180 3565 3247 qui
3581 3196 3698 3235 non

416 3282 543 3322 cere
582 3281 650 3323 ne
687 3268 949 3336 graveris,
996 3267 1444 3336 quemadmodum
1473 3268 1575 3323 sibi
1604 3270 1813 3339 objecta
1842 3287 1991 3342 quae-

415 3360 615 3425 stinne,
646 3358 788 3430 quod
833 3360 1059 3429 gratiam
1101 3360 1194 3414 Dei
1235 3369 1474 3430 negaret,
1503 3359 1575 3415 ita
1603 3363 1903 3432 respondit,
1934 3373 1995 3419 ut

413 3466 535 3505 eam
576 3465 697 3508 esse
728 3466 832 3505 non
863 3452 1067 3506 diceret
1098 3452 1200 3506 nisi
1246 3461 1490 3507 naturam
1523 3454 1574 3508 in
1605 3469 1707 3523 qua
1738 3470 1836 3510 nos
1862 3471 1993 3512 con-

413 3544 549 3599 didit
584 3545 746 3600 Deus.
793 3544 849 3599 Si
880 3553 1059 3599 autem
1090 3545 1229 3599 hunc
1258 3559 1377 3600 esse
1402 3545 1596 3601 librum
1627 3562 1780 3602 suum
1809 3560 1989 3620 negat,

412 3642 507 3688 aut
522 3633 709 3689 eadem
732 3635 784 3688 in
809 3635 941 3689 libro
960 3635 1097 3697 loca,
1119 3650 1223 3690 non
1245 3635 1641 3691 contendimus.
1662 3635 1991 3693 Anathema-

415 3727 544 3778 tizct
581 3739 667 3788 ea,
714 3733 769 3779 et
817 3725 962 3779 illam
1007 3728 1230 3793 gratiam
1280 3726 1595 3782 conﬁteatur
1633 3729 1990 3798 apertissime,

412 3828 570 3883 quam
616 3814 857 3870 doctrina
903 3813 1207 3875 Christiana
1255 3816 1584 3871 demonstrat
1637 3827 1690 3872 et
1740 3819 1993 3887 prmd'cat

413 3922 535 3961 csse
565 3908 831 3978 propriam
863 3907 1320 3964 Christianorum;
1353 3923 1473 3976 qua:
1524 3923 1627 3961 non
1668 3919 1750 3963 est
1779 3920 1989 3975 natura,

413 3998 506 4052 sed
531 3999 556 4037 δ
581 4015 683 4070 qua
712 4000 947 4053 salvatur
978 4007 1193 4061 natura;
1229 4013 1347 4066 quas
1391 4014 1494 4051 non
1522 3997 1738 4053 auribus
1765 4013 1990 4057 sonante

412 4089 444 4142 ιι
471 4092 677 4156 ctrina,
700 4091 783 4144 vel
804 4087 985 4158 aliqtio
1010 4088 1317 4156 adjumento
1346 4088 1542 4142 visibili
1572 4089 1841 4158 plantatur
1858 4107 1989 4161 quo-

410 4179 697 4235 dammodo
727 4189 781 4234 et
811 4179 1061 4248 irrigatur
1082 4179 1435 4241 astrinsecus.
1467 4179 1559 4234 sed
1591 4183 1988 4237 sumministra-

413 4272 555 4324 tinne
584 4269 829 4337 Spiritus,
860 4280 910 4322 et
940 4268 1144 4322 occulta
1173 4268 1561 4335 mist-ricordia,
1590 4270 1725 4323 sicut
1749 4271 1873 4326 facit
1897 4273 1988 4330 ille

409 4364 498 4432 qui
525 4364 615 4418 dat
643 4363 1030 4419 incrementum
1064 4360 1220 4417 Deus.
1256 4361 1368 4416 Etsi
1404 4362 1546 4416 enim
1579 4363 1735 4435 15h.
1757 4367 1985 4434 quadam

2101 3277 2364 3335 operatur,
2394 3269 2615 3323 credenti
2638 3279 2809 3323 autem
2837 3270 2889 3323 in
2910 3285 3022 3323 eum
3051 3271 3136 3335 qui
3149 3270 3410 3341 justiﬁcat
3440 3270 3696 3337 impium,

2096 3358 2367 3429 deputatur
2404 3359 2531 3428 ﬁdes
2578 3362 2690 3431 ejus
2738 3359 2804 3414 ad
2838 3360 3096 3433 justi:iam
3152 3357 3319 3431 (Ibid.
3375 3377 3451 3424 Iv,
3485 3361 3565 3430 ι).
3623 3362 3697 3417 Et

2096 3450 2259 3502 multa
2286 3449 2409 3516 alia,
2443 3465 2559 3519 qua:
2595 3450 2786 3505 melius
2820 3459 2977 3521 potes
3003 3451 3116 3519 ipse
3152 3452 3483 3517 meminisse,
3514 3462 3571 3506 et
3604 3452 3700 3507 in-

2096 3542 2340 3612 telligere
2376 3543 2723 3612 prudentius,
2765 3555 2822 3599 et
2869 3543 3129 3600 illustrius
3169 3546 3483 3615 praedicare.
3529 3546 3698 3602 Illam

2096 3647 2224 3687 vero
2259 3634 2485 3702 gratiam
2524 3648 2627 3704 qua
2655 3634 2821 3690 creati
2856 3649 3042 3690 sumus
3073 3636 3338 3736 holnines,
3362 3637 3583 3691 etiamsi
3614 3639 3696 3693 ita

2096 3725 2471 3795 appellandam
2504 3741 2607 3780 non
2652 3726 2922 3783 immerito
2962 3725 3328 3798 intelligimus,
3372 3731 3569 3784 mirum
3600 3739 3694 3786 est

2099 3828 2276 3871 tamen
2322 3817 2367 3870 si
2412 3818 2483 3870 ita
2511 3818 2828 3887 appellatam
2875 3819 2926 3872 in
2973 3820 3094 3874 ullis
3123 3820 3370 3890 legitimis
3399 3820 3695 3890 propheti-

2096 3907 2192 3975 cis,
2223 3909 2575 3976 evangelicis,
2608 3910 3020 3980 apostolicisque
3048 3912 3239 3966 litteris
3270 3912 3517 3981 legimus.
3545 3913 3693 3968 Cum

2098 4001 2282 4069 itaque
2316 4003 2382 4055 de
2412 4004 2510 4055 hac
2538 4004 2707 4070 gratia
2745 4002 3059 4058 Christianis
3097 4004 3342 4059 ﬁdelibus
3370 4004 3694 4060 catholicis-

2092 4107 2197 4162 que
2226 4092 2499 4147 notissima
2533 4102 2558 4138 Β
2595 4093 2669 4147 illi
2697 4092 3027 4162 objiceretur
3052 4095 3280 4164 quaestio
3311 4105 3367 4149 ut
3412 4111 3534 4149 eam
3580 4111 3695 4163 op-

2093 4201 2330 4257 pugnare
2353 4184 2649 4253 desineret,
2681 4186 2806 4255 quid
2830 4196 2914 4241 est
2942 4187 3081 4257 quod
3106 4203 3227 4242 cum
3261 4189 3362 4243 hoc
3390 4188 3491 4242 sibi
3526 4188 3583 4241 in
3615 4190 3693 4243 li-

2095 4280 2339 4350 brogsuo,
2373 4279 2515 4333 velut
2542 4279 2610 4334 ab
2632 4281 2951 4335 adversante
2986 4295 3235 4350 persona,
3271 4280 3411 4336 idem
3437 4281 3559 4354 ipse
3585 4282 3694 4334 ob-

2091 4371 2336 4439 iecisset.
2398 4383 2453 4426 ιιι
2492 4386 2552 4426 se
2599 4372 2973 4442 respondendo
3014 4385 3292 4445 purgaret,
3340 4375 3473 4429 nihil
3521 4374 3692 4447 155

409 4590 816 4665 continentiam,
869 4591 958 4645 uhi
996 4592 1229 4645 dicitur:
1282 4590 1532 4665 Neutrum
1579 4597 1985 4664 supplementum
2015 4601 2064 4661 υ
2088 4598 2279 4653 locniu
2311 4614 2414 4656 ms.
2451 4596 2607 4651 Vind.
2639 4608 2692 4651 et
2718 4597 2837 4650 aliis
2868 4597 3011 4665 vulg.

409 4662 593 4732 placet.
628 4662 740 4732 Quo
766 4672 933 4715 autem
959 4674 1105 4731 pacto
1134 4663 1485 4716 resarciendus
1513 4665 1579 4717 sit
1605 4662 1687 4717 hic
1715 4670 1884 4732 lorus,
1925 4684 1987 4720 ea;

408 4730 684 4802 aliosintili
706 4730 974 4802 Augustini
992 4733 1252 4802 expiscori
1273 4733 1407 4786 licet.
1442 4731 1498 4787 Is
1521 4739 1696 4787 doctor
1714 4730 1905 4802 cpistJ
1920 4738 1986 4791 47

409 4800 474 4852 nd
508 4798 869 4872 llilarium,’n.
902 4800 1501 4872 9,7idemargutnentum
1530 4798 1872 4871 pertractans,
1913 4809 1987 4861 ita

407 4869 611 4942 scribit;
641 4871 771 4922 Cum
801 4871 925 4924 dicit
958 4871 1065 4942 lex,
1094 4869 1604 4940 Non'ctmeupisces,
1625 4877 1749 4942 quid
1774 4869 1986 4931 νιίιιιιιιτ

407 4939 551 5014 aliud
580 4939 873 5014 imperare,
918 4941 1020 4993 nisi
1055 4944 1124 4995 ab
1164 4943 1367 4996 Illicitis
1396 4939 1778 5014 cupiditatibus
1806 4950 1982 5002 conti-

406 5010 678 5064 nentiam?
853 5021 906 5065 et
938 5021 1112 5067 tamen
1152 5023 1338 5069 oratur
1378 5023 1438 5068 ut
1469 5010 1766 5069 habeamus
1805 5020 1982 5072 eunti~

405 5081 666 5145 nentiam,
697 5082 783 5135 ubi
814 5081 1007 5135 dicitur
1030 5099 1061 5152 :7
1086 5084 1217 5136 lium
1247 5085 1440 5140 scirem
1471 5086 1592 5152 quia
1622 5101 1779 5141 nemo
1808 5098 1983 5152 potest

404 5167 528 5228 csse
563 5152 875 5228 continens,
914 5166 1010 5206 etc.
1041 5151 1265 5228 Moxque
1301 5151 1557 5209 concludit
1601 5171 1620 5210 :
1657 5151 1818 5213 Junet
1852 5174 1981 5228 ergo

404 5220 545 5275 Dens
573 5224 979 5286 continentiam,
1009 5234 1064 5278 et
1089 5220 1615 5281 dat'conttnentiam.
1657 5229 1736 5281 Ad
1767 5220 1980 5283 menté'm

404 5291 560 5359 igitur
584 5294 853 5361 Augustini
886 5295 1078 5363 integer
1103 5297 1186 5363 ﬁet
1225 5298 1306 5349 hic
1342 5311 1508 5351 noster
1538 5300 1701 5360 locus,
1746 5298 1791 5350 si
1828 5301 1979 5351 resti-

405 5374 653 5415 tnmnus:
701 5364 925 5418 iubetur
977 5377 1032 5418 ut
1080 5367 1371 5422 habeamus
1418 5369 1835 5432 continentiam,
1890 5370 1977 5422 uhi

403 5432 620 5494 dicitur,
648 5433 763 5485 Non
791 5438 1166 5503 concupisces;
1198 5448 1253 5491 et
1283 5450 1458 5492 tamen
1490 5448 1673 5491 oratur
1701 5451 1758 5491 ut
1786 5440 1979 5492 hahea-

403 5515 523 5571 tnus
558 5505 974 5567 continentiam,
1027 5507 1112 5559 uhi
1153 5508 1365 5570 dicitur,
1417 5511 1548 5561 (Σιιιιι
1589 5511 1780 5561 scirem
1811 5550 1824 5571 ,
1877 5520 1975 5561 etc.

405 5569 650 5648 Proxima
669 5575 958 5648 earumdem
981 5590 1154 5648 uocum
1172 5581 1421 5648 repetitio,
1442 5579 1656 5648 fecunda
1677 5569 1977 5631 lacunarum

401 5657 564 5708 "ges,
596 5645 710 5693 huic
741 5644 1050 5695 occasionem
1081 5646 1239 5698 dedit.

472 5732 496 5758 ι
529 5716 725 5778 Quesn.
772 5712 920 5767 addit
956 5725 1002 5764 ct
1036 5719 1114 5784 {ac
1150 5715 1378 5771 bonum:
1407 5717 1596 5771 melius
1639 5718 1844 5772 deletur
1877 5718 1975 5773 hoc

2165 4668 2193 4708 ι»
2223 4668 2364 4723 idem
2389 4668 2536 4723 addit
2558 4669 2744 4738 gratia.
2785 4667 3151 4738 Expumtimus
3180 4680 3302 4738 eum
3329 4667 3523 4721 eodem
3552 4667 3687 4722 cod.

2091 4740 2319 4807 aliisque
2358 4740 2536 4792 editis.
2562 4736 2699 4791 Mox
2732 4738 2887 4807 Vind.
2927 4737 3072 4790 delet
3094 4753 3226 4804 quat.
3270 4736 3442 4791 Locus
3479 4737 3534 4790 in
3577 4738 3692 4793 Ima

2090 4806 2430 4873 collectione,
2458 4809 2681 4875 aliisque
2706 4822 2834 4861 mss.
2865 4806 3171 4877 lsidnrianis
3191 4809 3346 4862 valde
3363 4820 3689 4877 corruptus.

2091 4880 2336 4935 Editores
2363 4878 2563 4932 Bened.
2589 4894 2656 4932 ex
2688 4892 2790 4932 ms.
2830 4878 2967 4941 ναι..
2998 4886 3054 4931 et
3079 4875 3423 4932 Constantius
3446 4893 3520 4931 ex
3539 4875 3696 4932 iduu-

2089 4949 2189 5002 bus
2211 4950 2368 5002 codd.
2398 4949 2640 5003 Colbert.
2666 4951 2743 5004 sic
2762 4948 3147 5002 emendarunt:
3172 4963 3287 5018 qua:
3315 4956 3556 5000 naturam
3579 4966 3694 5004 tum

2088 5020 2295 5073 auribus
2324 5028 2540 5074 sonante
2560 5018 2818 5079 doctrina,
2836 5018 2923 5090 (uel
2951 5018 3127 5090 aliqua
3156 5019 3458 5090 adjumento
3490 5020 3695 5074 uisibili

2092 5093 2246 5154 fovet,
2267 5091 2395 5143 sicut
2420 5089 2681 5161 plantntor
2705 5088 3108 5158 quodammodo,
3136 5098 3185 5143 et
3213 5088 3455 5158 irrigator
3482 5094 3697 5143 extrin-

2090 5176 2255 5222 secus,
2281 5173 2385 5214 etc.

2164 5240 2186 5267 ι·
2216 5230 2346 5284 ιὶοά.
2380 5229 2497 5282 Vat.
2520 5244 2640 5283 cum
2667 5230 2837 5297 vnlg.,
2867 5239 2977 5283 aut.

2159 5298 2183 5336 ἀ
2211 5300 2532 5354 lnseruimus
2553 5315 2648 5353 suo
2666 5300 2982 5354 auctoritate
3003 5309 3307 5353 nostrorum
3330 5297 3493 5352 codd.
3516 5300 3693 5355 \‘ind.

2087 5377 2143 5424 et
2169 5369 2287 5422 Vat.
2323 5386 2444 5425 cum
2472 5372 2681 5425 caeteris
2715 5371 2893 5424 editis.

2162 5450 2185 5478 ·
2220 5440 2371 5508 Vulg.
2403 5456 2523 5494 cum
2557 5453 2658 5493 ms.
2696 5440 2812 5494 Vat.
2852 5439 3033 5494 delent
3055 5439 3192 5508 quod
3217 5453 3235 5491 :
3256 5447 3311 5493 et
3339 5437 3465 5493 dein
3496 5440 3696 5491 [tumu-

2088 5527 2205 5562 nam
2234 5513 2455 5579 suﬁicei’e
2484 5522 2742 5565 naturam.

2163 5580 2181 5618 τ
2221 5582 2371 5650 Vulg.
2401 5595 2523 5634 cum
2552 5581 2669 5634 Vat.
2698 5580 2823 5634 isid.
2851 5579 3053 5633 addunt
3076 5590 3168 5632 est.

2160 5660 2184 5699 ι
2218 5648 2543 5705 Ιειςιὶιηιίιιιιις
2572 5652 2653 5703 illi
2682 5666 2800 5704 cum
2829 5653 3027 5703 nostris
3054 5651 3209 5702 cmld.
3244 5659 3297 5703 et
3330 5649 3474 5718 vulg.
3513 5648 3695 5706 ιιιυιι.

2089 5740 2184 5794 pro
2213 5723 2474 5777 notissima
2506 5722 2663 5777 habet
2703 5721 2998 5777 novissima.
