3888 6182
147 345 221 400 477
547 340 777 397 CODEX
815 341 1136 398 CANONUM
1176 342 1458 399 ECCLES.
1501 342 1587 398 ΕΤ
1624 342 2187 404 CONSTITUTOKUM
2227 346 2283 403 S.
2323 350 2514 408 SEDlS
2552 351 2882 410 APOSTOL.
3235 354 3343 408 478

149 459 249 512 aliud
291 454 581 522 respondit,
622 457 735 529 nisi,
767 466 1012 513 naturam
1050 457 1216 513 creati
1246 464 1271 493 ⁸
1311 456 1543 512 hominis
1585 472 1672 510 t'c-
1700 462 1748 518 Α
1777 472 1938 528 esset,
1965 462 2231 518 hominem
2267 463 2412 529 fecit,
2455 473 2510 521 et
2538 480 2759 523 manens
2781 468 2943 537 Deus,
2972 468 3134 526 homo
3155 470 3348 542 laetus,

148 550 235 605 turri
272 548 335 601 ad
361 548 585 619 gratiam
611 548 917 616 Creatoris;
953 562 1115 619 atque
1157 550 1229 605 ita
1268 565 1328 605 se
1365 549 1545 605 dicere
1573 549 1676 604 itn-
1776 553 1961 609 refecit
1983 555 2096 625 ipse
2125 556 2265 625 quod
2293 557 2437 612 fecit.
2476 624 2485 629 ί

76 666 80 671 ·
147 638 246 713 μοιτί
272 654 423 709 posse
458 639 577 694 sine
604 652 821 709 peccato
845 640 1104 710 justitiam
1136 655 1233 709 per
1265 639 1491 695 liberum
1532 639 1677 694 arbi-
1845 643 1974 699 CAP.
2022 645 2111 700 γι.
2131 675 2203 689 —
2229 647 2363 702 Puto
2389 658 2565 704 autem
2607 649 2746 716 quod
2778 646 2805 687 ιι
2832 666 2956 706 eum
2994 650 3157 708 lateat
3191 653 3348 708 tidem

147 734 270 786 trium
302 745 418 784 cum
450 729 716 798 adiutorio
761 731 954 786 ditinae
984 732 1190 800 gratim,
1233 730 1372 801 quod
1405 730 1546 786 Deus
1577 732 1677 786 hoc
1776 734 1993 805 Christi,
2025 753 2144 807 qua:
2173 750 2352 807 postea
2382 740 2434 794 in
2460 740 2837 795 revelationem
2860 743 3024 809 venit,
3056 744 3109 798 in
3139 745 3350 800 occulto

145 824 311 879 deterit
342 824 541 877 homini
575 825 687 892 ipsa
719 823 1070 891 possibilitate
1100 832 1324 878 natum.
1354 823 1449 876 Cui
1486 824 1679 877 merito
1779 830 1942 885 fuisse
1974 832 2301 900 temporibus
2342 843 2546 899 patrum
2592 844 2917 900 nostrorum,
2959 850 3053 904 per
3077 817 3234 904 quam
3266 846 3349 889 ta-

146 914 492 984 respondetur:
521 914 666 985 Ergo
696 928 993 969 evacuatum
1027 922 1100 968 est
1142 914 1444 968 scandalum
1471 917 1631 968 crucis
1657 930 1677 968 ἔ
1781 938 1900 987 men
1947 923 2109 977 etiam
2158 924 2256 991 ipsi
2302 922 2393 977 Dei
2442 925 2608 992 gratia
2658 925 2862 979 liberati
2894 934 3018 979 sunt
3048 926 3351 994 quicunque

147 1023 237 1076 ago
256 1003 478 1060 Christus
500 1007 664 1076 gratis
690 1018 919 1060 mortuus
939 1014 1011 1061 est
1034 1006 1232 1074 (Colat.
1255 1022 1308 1072 v,
1340 1006 1398 1060 Η
1424 1022 1439 1071 ;
1472 1021 1534 1072 ιι,
1560 1006 1674 1077 2i).
1779 1013 2028 1067 omnibus
2071 1012 2287 1067 humani
2316 1015 2526 1081 generis
2557 1015 2883 1082 temporibus
2918 1015 3131 1069 liberari
3160 1024 3346 1084 potueo

150 1103 406 1173 5Nuuquid
447 1104 617 1169 enim,
659 1104 703 1157 si
749 1118 854 1157 non
904 1111 1204 1158 moreretur
1233 1112 1451 1170 propter
1483 1101 1679 1156 delicta
1781 1110 1905 1157 runt
1945 1101 2155 1156 occulto
2205 1103 2297 1155 Dei
2333 1102 2556 1172 judicio,
2606 1119 2713 1160 non
2771 1118 2944 1160 tamen
2992 1108 3345 1175 vituperabili.

151 1207 311 1260 nostra,
331 1203 381 1248 et
400 1202 703 1262 resurgeret
725 1193 1390 1263 propterjustillcationem
1410 1203 1676 1258 nostram;
1783 1194 1936 1251 Unde
1974 1194 2104 1249 dicit
2132 1193 2419 1262 Apostolus
2445 1211 2457 1248 :
2489 1194 2746 1250 [labentes
2780 1209 2952 1252 autem
2983 1200 3213 1253 eumdem
3240 1202 3350 1269 spi-

152 1294 227 1338 ιει
246 1284 286 1336 si
312 1299 411 1336 non
435 1283 754 1338 ascenderet
782 1285 833 1337 in
859 1286 1049 1345 altum,
1078 1289 1134 1337 et
1160 1284 1437 1351 captivans
1459 1280 1680 1349 captivi-
1779 1286 1934 1338 ritum
1959 1284 2080 1353 ﬁdei
2104 1283 2306 1355 (utique
2334 1285 2576 1339 eumdem
2614 1284 2629 1323 ί
2664 1301 2819 1356 quem
2857 1297 2911 1341 et
2938 1289 3036 1358 illi)
3070 1292 3351 1346 secundum

149 1382 280 1427 tatem
302 1372 445 1427 daret
471 1373 611 1426 dona
635 1372 960 1437 hominibus,
992 1373 1091 1426 ista
1114 1382 1320 1428 natura:
1350 1372 1680 1443 possibilitas
1741 1377 1749 1387 '
1781 1378 1915 1445 quod
1938 1376 2182 1442 scriptum
2211 1388 2281 1430 est
2307 1392 2325 1430 :
2353 1375 2584 1442 Credidi,
2604 1388 2812 1448 propter
2832 1380 2966 1442 quod
2988 1382 3182 1435 locutus
3202 1399 3315 1438 sunt
3330 1402 3351 1451 ;

148 1479 269 1534 quam
282 1462 551 1528 defendit,
586 1461 638 1516 in
683 1462 984 1516 hominibus
1016 1478 1120 1516 non
1151 1462 1326 1516 esset?
1783 1474 1829 1518 et
1856 1484 1946 1520 nos
1975 1466 2247 1530 credimus,
2277 1475 2480 1537 promer
2514 1469 2651 1538 quod
2677 1479 2724 1521 et
2755 1469 3011 1538 loquimur
3039 1472 3104 1543 (Il
3132 1470 3251 1527 Cor.
3275 1489 3352 1537 tv,

197 1552 308 1609 CAP.
334 1552 393 1606 ν.
414 1582 485 1594 -—
505 1556 586 1606 An
611 1551 748 1607 forte
777 1552 870 1606 Dei
899 1552 1209 1605 mandatum
1237 1550 1443 1619 deerat,
1476 1560 1530 1605 et
1559 1549 1683 1606 ideo
1786 1555 1897 1629 l3).
1928 1555 2057 1610 inde
2084 1564 2169 1610 est
2194 1556 2333 1625 quod
2372 1556 2449 1611 ait
2481 1558 2595 1626 ipse
2624 1558 2879 1615 Mediator
2904 1577 2916 1613 :
2946 1561 3205 1617 Abraham
3231 1580 3354 1617 con-

150 1643 350 1697 Cliristus
385 1652 631 1696 mortuus
674 1640 797 1696 est?
825 1641 989 1696 immo
1014 1642 1123 1710 jam
1148 1649 1211 1719 et
1259 1640 1364 1696 hoc
1405 1647 1524 1695 erat
1550 1655 1682 1694 san-
1783 1648 1974 1714 cupivit
2024 1647 2195 1700 uidere
2243 1662 2410 1700 meum
2459 1648 2629 1712 diem;
2671 1660 2718 1703 et
2761 1651 2902 1718 vidit,
2950 1660 2996 1705 et
3043 1656 3241 1721 gavisus
3285 1663 3356 1708 est

149 1744 260 1786 (uita
286 1742 333 1787 et
356 1733 561 1800 justum
592 1742 646 1786 et
678 1732 893 1785 bonum.
937 1730 1053 1786 .lam
1092 1730 1291 1785 dictum
1316 1730 1524 1784 luerat:
1556 1728 1680 1784 Non
1784 1735 1965 1809 (Joan.
2013 1752 2125 1801 vm,
2168 1736 2283 1806 56).
2331 1737 2454 1792 Inde
2492 1739 2824 1797 bleh-hisede:
2847 1743 2877 1795 ιι
2917 1740 3068 1814 (Gen.
3099 1760 3209 1809 stv,
3244 1745 3357 1814 l8),

149 1826 426 1893 rencupisces
465 1822 665 1895 (Exod.
710 1840 801 1890 xx,
848 1823 936 1893 17)
969 1840 983 1876 :
1016 1821 1041 1860 δ
1070 1823 1187 1878 .Iam
1230 1822 1429 1877 dictum
1460 1821 1634 1876 fuerat
1665 1838 1679 1875 :
1710 1827 1760 1889 B
1788 1829 1995 1898 prolato
2037 1838 2373 1884 sacramento
2412 1846 2612 1886 mensa:
2647 1831 2970 1899 Dominicaa,
3013 1836 3161 1889 novit
3200 1846 3358 1892 teter-

153 1919 305 1988 Diliges
322 1920 610 1987 proximum
634 1926 776 1971 tuum
796 1928 1040 1987 tanquam
1061 1927 1109 1972 te
1129 1913 1524 1989 ipsum(Leuit.
1556 1923 1671 1968 xm
1782 1936 1908 1976 num
1953 1921 2068 1989 ejus
2099 1922 2113 1972 l
2151 1921 2508 1977 sacerdotium
2555 1923 2801 1992 ﬁgurare.
2840 1926 2954 1980 Jatn
2988 1916 3114 1981 vero
3139 1927 3262 1982 data
3307 1930 3359 1983 in

154 2006 252 2079 l8):
280 2010 326 2062 in
352 2024 459 2078 quo
498 2022 750 2063 sermone
780 2007 1072 2077 Apostolus
1108 2023 1321 2063 omnem
1351 2007 1521 2076 legem
1547 2005 1681 2062 dicit.
1783 2010 1974 2067 litteris
2019 2012 2153 2082 lege,
2195 2028 2352 2081 quam
2401 2012 2532 2067 dicit
2574 2014 2862 2083 Apostolus
2902 2015 3254 2083 subintrasse,
3304 2028 3359 2071 ut

152 2099 338 2168 impleri.
371 2100 433 2154 Et
459 2101 712 2169 quoniam
754 2100 853 2153 nisi
886 2100 1075 2167 diligat
1103 2100 1293 2165 Deum,
1328 2113 1488 2153 nemo
1511 2098 1682 2168 diligit
1781 2102 2064 2157 abundaret
2097 2104 2337 2157 delictum
2368 2105 2543 2173 (Rom.
2603 2125 2665 2172 ν,
2692 2105 2785 2177 20)
2816 2124 2829 2160 :
2856 2116 2907 2162 et
2950 2106 3017 2163 de
3057 2124 3158 2178 qua
3187 2109 3314 2163 dicit
3343 2150 3356 2163 .

154 2190 375 2259 scipsum;
417 2191 540 2246 ideo
570 2190 828 2245 Dominus
872 2190 926 2244 in
956 2189 1037 2242 his
1059 2188 1268 2244 duobus
1289 2189 1571 2258 praeceptis
1600 2198 1680 2241 ιο·
1783 2194 1845 2247 Si
1872 2209 1991 2263 ergo
2034 2208 2097 2246 ea:
2134 2190 2244 2263 lege
2277 2193 2569 2260 Itwreditas,
2585 2194 2701 2265 jam
2728 2211 2830 2249 non
2878 2212 2943 2250 ea:
2982 2197 3314 2264 promissione
3337 2214 3358 2253 :

153 2290 229 2333 tam
275 2280 432 2350 legem
472 2281 602 2335 dicit
648 2280 1042 2349 prophetasque
1092 2279 1324 2347 pendere
1358 2297 1370 2332 :
1413 2293 1532 2347 quae
1573 2278 1681 2333 duo
1782 2283 2000 2337 Abrahas
2025 2292 2194 2337 autem
2214 2300 2304 2354 per
2326 2285 2767 2351 repromissionem
2798 2287 2999 2342 donauit
3029 2288 3188 2343 Deus.
3220 2289 3358 2355 Quid

151 2383 366 2440 pret-cpta
391 2373 500 2440 jam
528 2379 685 2425 erant
712 2371 1018 2426 hominibus
1049 2380 1073 2408 ²
1098 2369 1354 2424 divinitus
1391 2368 1535 2422 data.
1588 2368 1670 2422 An
1782 2390 1899 2445 ergo
1926 2372 2045 2427 lex?
2075 2375 2494 2444 transgressionis
2532 2376 2700 2446 gratia
2727 2374 2750 2412 ι
2784 2379 3043 2445 ριόροςίἷα
3074 2386 3167 2447 est,
3198 2380 3360 2434 donec

149 2461 598 2527 aternumjustitim
620 2462 894 2532 praemium
927 2459 1249 2530 promissum
1275 2458 1509 2513 nondum
1532 2460 1681 2514 erat?
1780 2466 1969 2519 ueniret
2000 2480 2190 2529 semen,
2230 2464 2313 2517 cui
2344 2466 2646 2531 promissum
2681 2477 2773 2529 εει,
2817 2468 3066 2536 disposita
3095 2485 3183 2536 per
3207 2485 3361 2541 auge.

152 2556 225 2610 hoc
249 2558 354 2625 ipse
381 2572 483 2610 non
520 2556 673 2619 dicit,
699 2558 787 2626 qui
819 2556 873 2611 in
909 2557 1019 2612 suis
1050 2556 1242 2610 litteris
1282 2554 1479 2624 posuit,
1517 2554 1680 2610 etiam
1784 2556 1860 2610 los
1894 2557 1950 2609 in
1988 2571 2146 2609 manu
2189 2557 2487 2611 mediatoris
2514 2572 2532 2609 :
2561 2557 2811 2611 mediator
2847 2570 3014 2612 autem
3063 2560 3214 2614 unius
3262 2576 3360 2614 non

149 2651 186 2701 in
210 2651 355 2704 veteri
386 2648 729 2704 Testamento
763 2663 983 2719 regnum
1022 2649 1281 2711 cmlorum
1309 2639 1429 2703 esse
1458 2648 1683 2716 promis—
1784 2657 1891 2714 est;
1934 2647 2068 2701 Deus
2111 2659 2280 2702 autem
2323 2666 2456 2703 unus
2498 2658 2593 2704 est.
2645 2649 2753 2706 Lex
2794 2668 2910 2722 ergo
2962 2652 3205 2705 adversus
3245 2671 3361 2722 pro-

145 2757 256 2797 sum.
275 2741 326 2796 Si
346 2757 472 2811 ergo
491 2741 557 2795 ad
588 2741 883 2796 faciendam
910 2742 1394 2811 perlicit-ndamque
1422 2739 1679 2809 justitiam
1785 2740 1942 2793 missa
1974 2737 2110 2793 Dei?
2147 2739 2299 2794 absit.
2334 2739 2394 2795 Si
2430 2741 2565 2794 enim
2594 2741 2714 2793 data
2754 2752 2878 2795 esset
2912 2742 3014 2806 lex,
3042 2758 3155 2812 qua:
3194 2752 3361 2812 posset

144 2833 230 2899 jam
255 2842 365 2892 erat
399 2844 601 2889 natura:
642 2833 969 2903 possibilitas
1000 2849 1094 2903 per
1127 2833 1348 2887 liberum
1379 2832 1680 2898 arbitrium,
1785 2830 2059 2897 rivi/itare,
2099 2829 2304 2883 omnino
2342 2845 2404 2883 es:
2426 2830 2533 2899 lege
2559 2840 2685 2884 esset
2704 2831 2933 2901 justitia.
2967 2830 3072 2884 Sed
3115 2830 3360 2884 conclusit

143 2924 230 2992 iam
253 2934 363 2981 erat
391 2925 521 2995 legis
549 2926 642 2981 Dei
663 2930 927 2995 sanct‘um,
944 2909 1175 2994 .justum,
1204 2926 1509 2994 bonumque
1533 2940 1685 2978 man-
1786 2924 2057 2994 Scriptura
2080 2924 2249 2976 omnia
2270 2923 2361 2975 sub
2385 2929 2614 2990 peccato,
2646 2931 2701 2975 ut
2728 2923 2996 2991 promissio
3018 2940 3081 2976 ea:
3107 2923 3206 2984 ﬁde
3233 2922 3360 2975 Jesu

144 3014 318 3082 datum,
342 3015 452 3084 jam
479 3025 597 3070 erat
619 3016 939 3085 promissum
963 3016 1239 3085 pra'minm
1268 3015 1680 3084 sempiternum:
1788 3016 1977 3070 Christi
2023 3016 2230 3069 daretur
2264 3014 2580 3070 credentibus
2603 3013 2799 3085 (Colat.
2826 3032 2905 3081 ιιι,
2931 3016 3142 3086 18-22).
3174 3015 3361 3071 Nonne

144 3121 245 3174 ergo
262 3106 496 3162 Christus
527 3107 697 3178 gratis
720 3118 962 3161 mortuus
986 3116 1100 3172 est;
1123 3120 1251 3173 ergo
1280 3088 1454 3173 neque
1482 3120 1579 3175 per
1607 3106 1679 3160 le-
1748 3146 1749 3149 η
1788 3107 1918 3161 satis
1942 3106 2240 3161 ostenditur
2263 3105 2364 3160 hoc
2389 3114 2564 3161 actum
2596 3120 2717 3162 esse
2740 3121 2832 3175 per
2860 3107 3053 3176 legem,
3083 3116 3139 3162 ut
3172 3122 3360 3176 pecca-

141 3199 469 3268 getujustitia,
499 3214 672 3269 neque
699 3215 793 3268 per
822 3211 1024 3254 natum
1049 3198 1479 3267 possibilitatem,
1502 3197 1595 3252 sed
1617 3213 1685 3252 ex
1710 3191 1757 3255 C
1790 3204 1900 3252 tum
1940 3206 2338 3267 agnosceretur,
2377 3206 2432 3251 et
2456 3198 2892 3268 praevaricatione
2921 3208 3245 3268 augeretur:
3278 3199 3361 3251 ubi

144 3286 225 3343 title
246 3304 303 3343 ac
330 3289 472 3343 dono
511 3289 606 3345 Dei
637 3305 729 3357 per
756 3290 936 3345 Jesum
961 3289 1232 3343 Christum
1264 3288 1546 3343 Dominum
1585 3305 1683 3343 no-
1785 3289 1921 3342 enim
1949 3289 2031 3341 lea:
2057 3304 2159 3341 non
2206 3298 2299 3352 est,
2333 3305 2423 3342 nec
2466 3290 2816 3358 priet-orientia
2838 3288 3010 3356 (Rom.
3047 3304 3114 3351 tv,
3152 3287 3274 3354 l5);
3308 3297 3361 3343 et

143 3387 277 3433 nrum
306 3396 467 3433 unum
509 3381 857 3436 mediatorem
889 3380 983 3436 Dei
1031 3388 1087 3434 et
1126 3379 1432 3442 hominum;
1462 3378 1552 3447 qui
1582 3380 1681 3435 nisi
1783 3381 1861 3435 sic
1895 3379 2161 3433 adversus
2196 3379 2472 3434 victoriam
2508 3379 2708 3448 pet-cati
2735 3379 2801 3433 ad
2842 3378 3074 3433 divinam
3114 3379 3359 3447 gratiam,

143 3465 181 3520 in
200 3468 511 3538 plenitudine
530 3472 783 3539 temporis
812 3480 1056 3525 mortuus
1078 3481 1219 3526 esset
1243 3480 1459 3540 propter
1486 3470 1681 3526 delicta
1783 3485 1901 3539 qua:
1939 3470 1991 3524 in
2023 3471 2469 3539 promissionibus
2510 3479 2612 3534 est,
2642 3470 3057 3537 conlugeretnr;
3088 3479 3246 3536 atque
3290 3470 3359 3522 ita

143 3563 308 3627 nostra,
337 3560 359 3599 ί
391 3572 443 3616 et
470 3563 854 3617 resurrexisset
883 3570 1102 3631 propter
1123 3560 1561 3629 jttstilicationem
1586 3576 1682 3616 uo-
1784 3563 1866 3616 lex
1896 3576 2000 3614 non
2036 3571 2180 3615 esset
2213 3561 2471 3615 adversus
2513 3561 2779 3629 promissa
2811 3561 2926 3616 Dei.
2964 3562 3094 3628 Qu'a
3121 3563 3240 3615 ideo
3264 3575 3358 3630 per

141 3659 289 3717 stram,
335 3652 573 3718 profecto
611 3661 668 3708 et
699 3654 1036 3721 antiquorum
1076 3653 1207 3708 ﬁdes
1234 3661 1583 3707 evacuaretur
1628 3662 1684 3709 et
1783 3652 1927 3706 illam
1957 3652 2014 3707 lit
2042 3651 2277 3721 cognitio
2312 3651 2543 3722 peccati,
2582 3662 2637 3707 et
2662 3662 2728 3706 ex
2758 3654 3196 3721 praevaricatione
3225 3652 3358 3723 legis
3406 3654 3409 3657 ’

143 3752 326 3798 nostra:
358 3745 460 3801 lide
501 3762 625 3801 versi
654 3756 931 3816 evacuata,
960 3762 1079 3816 quia:
1122 3747 1322 3800 homini
1351 3745 1551 3816 iustitia
1597 3762 1683 3801 re-
1784 3745 2112 3800 abundantia
2159 3746 2386 3813 peccati,
2438 3754 2495 3798 ut
2535 3744 2600 3798 ad
2650 3745 3019 3801 liberationem
3057 3754 3360 3815 quaerantur

140 3846 339 3902 maneat,
372 3837 686 3906 cumjustus
723 3853 790 3891 ex
831 3838 934 3892 (ide
962 3838 1139 3891 vivat?
1176 3838 1253 3893 Ex
1282 3852 1389 3905 quo
1419 3838 1564 3891 enim
1593 3853 1685 3905 per
1787 3835 2173 3905 promissiones
2206 3834 2321 3901 Dei,
2358 3834 2499 3904 quod
2529 3844 2612 3891 est
2635 3836 2799 3907 gratia
2830 3835 2954 3901 Dei;
2983 3844 3039 3889 et
3066 3836 3281 3905 incipiat
3306 3836 3359 3892 in

139 3941 266 3979 unum
288 3930 542 3982 hominem
583 3941 843 4000 peccatum
881 3930 1088 3984 intrarit
1119 3930 1173 3985 in
1214 3931 1478 3995 mundum,
1508 3939 1555 3983 et
1592 3945 1683 4000 per
1785 3925 2003 3980 homine
2039 3940 2160 3979 esse
2190 3925 2415 3993 iustitia,
2440 3942 2545 3980 non
2571 3942 2686 3993 sua,
2727 3926 2821 3980 sed
2853 3925 2969 3993 Dei,
3005 3926 3102 3980 hoc
3124 3933 3208 3980 est
3236 3926 3359 3980 data

136 4026 365 4080 precium
389 4037 554 4085 mors;
579 4013 626 4076 ei
654 4023 725 4076 ita
753 4021 805 4075 in
832 4038 1001 4076 omnes
1024 4020 1254 4076 homines
1285 4022 1678 4090 pertransii!,in
1784 4019 1928 4079 dono
1963 4018 2116 4089 157
2145 4018 2262 4073 Dei.
2297 4018 2464 4086 Quam
2505 4019 2665 4073 etiam
2705 4034 2843 4073 nunc
2882 4018 3117 4088 quidam,
3148 4018 3285 4073 sicut
3308 4027 3361 4075 et

137 4121 212 4171 quo
237 4124 403 4164 atnnes
424 4121 753 4183 peccaverunt
789 4112 968 4183 (liam.
1001 4109 1210 4181 v,12);
1244 4112 1429 4179 procul
1456 4111 1622 4165 dubio
1651 4126 1682 4166 a
1787 4117 1913 4164 tunc
1941 4110 2007 4164 de
2035 4109 2232 4163 .Iudazis
2266 4110 2465 4164 dictum
2507 4118 2609 4175 est,
2641 4111 2931 4179 ignorantes
2964 4109 3057 4164 Dei
3076 4110 3355 4182 justitiam,

135 4211 329 4265 corpore
361 4204 547 4256 mortis
571 4204 748 4271 huius,
776 4205 863 4257 ubi
888 4204 989 4258 alia
1016 4205 1100 4277 lex
1127 4214 1385 4274 repugnat
1414 4203 1515 4272 legi
1540 4217 1684 4258 men-
1784 4210 1830 4253 et
1851 4216 1998 4253 suam
2025 4200 2248 4255 volentes
2272 4203 2593 4268 constituere,
2610 4203 2831 4274 justitite
2860 4202 2955 4256 Dei
2980 4220 3081 4256 non
3108 4211 3221 4258 sunt
3242 4201 3358 4256 sub-

139 4288 207 4351 lis,
241 4294 505 4348 nemiuem
538 4296 695 4365 156
717 4294 963 4349 liberavit
993 4304 1086 4348 aut
1111 4294 1302 4348 liberat
1323 4302 1349 4342 8
1376 4308 1471 4349 sua
1505 4293 1680 4362 pOssi-
1774 4293 1904 4365 jeeti
1929 4291 2107 4362 (Rom.
2136 4308 2191 4361 ι,
2230 4293 2308 4363 5).
2336 4293 2438 4348 Per
2469 4295 2637 4363 legem
2666 4294 2864 4365 quippe
2887 4305 2940 4351 et
2970 4297 3045 4351 illi
3076 4310 3136 4351 se
3159 4296 3355 4365 justiﬁ-

137 4377 299 4449 lsiiitas,
324 4401 445 4454 qum
467 4388 671 4456 perdita
696 4388 1035 4455 redemptore
1056 4386 1277 4456 indiget,
1300 4387 1480 4442 saucia
1507 4387 1684 4442 salva-
1784 4385 1897 4440 cari
1923 4385 2268 4449 arbitrantur,
2316 4385 2619 4441 sulliciente
2646 4388 2749 4441 sibi
2790 4389 2857 4441 ad
2893 4403 3011 4442 eam
3054 4389 3358 4444 custodien-

138 4478 255 4538 tore;
284 4479 376 4530 sed
405 4479 575 4546 gratia
612 4478 704 4532 Dei
735 4493 829 4546 per
869 4478 1026 4532 tidem
1052 4477 1211 4532 unius
1249 4477 1561 4531 mediatoris
1588 4476 1681 4531 Dei
1785 4476 1907 4531 dam
1939 4475 2106 4529 libero
2141 4476 2381 4540 arbitrio,
2426 4474 2527 4530 hoc
2563 4485 2669 4542 est,
2696 4476 2898 4547 justitia
2930 4493 3021 4531 sua
3053 4480 3253 4548 prolata
3291 4495 3359 4534 ex

135 4572 176 4615 et
202 4564 467 4624 hominum
511 4570 744 4625 hominis
769 4570 896 4627 Jesu
936 4570 1156 4639 Christi,
1199 4572 1288 4640 qui
1315 4580 1370 4625 et
1396 4569 1538 4626 Deus
1561 4584 1682 4625 cum
1708 4559 1761 4620 D
1786 4578 1974 4624 natura
1999 4568 2253 4636 humana,
2281 4582 2389 4622 non
2412 4566 2607 4623 donata
2635 4584 2700 4624 ex
2723 4568 2892 4641 gratia
2911 4569 3111 4638 divina,
3143 4582 3358 4642 propter

190 4830 349 4903 {Vox
383 4833 605 4887 hominis
646 4834 843 4888 inserta
889 4850 955 4889 ex
989 4834 1177 4889 iisdem
1220 4849 1353 4890 mss.
1396 4845 1451 4889 et
1495 4836 1674 4891 editis.
1781 4845 1833 4892 et
1861 4838 2067 4889 cunctis
2095 4836 2252 4889 etiam
2286 4834 2612 4892 editionibus
2641 4834 2864 4903 adjectae
2892 4841 3036 4888 sunt.

132 4900 240 4954 Cod.
268 4901 474 4956 Tbuan.
497 4920 618 4958 cum
647 4906 815 4975 vnlg,
839 4905 1056 4959 hominis
1077 4907 1264 4971 referre
1280 4908 1498 4974 gratiam
1526 4908 1680 4961 Crea-
1856 4915 1880 4953 ε
1906 4907 1964 4961 ln
1988 4906 2144 4959 Vind.
2176 4919 2225 4960 et
2255 4907 2375 4960 aliis
2403 4922 2558 4971 mss.,
2584 4921 2692 4960 suae
2708 4900 3048 4975 possibilitas,
3083 4903 3356 4958 mendose.

129 4974 268 5046 toris:
289 4984 344 5027 at
358 4976 535 5046 nostri
560 4974 724 5046 codd.
748 4990 868 5029 cum
890 4976 1063 5030 Oxon.
1092 4978 1387 5042 Que‘snelli,
1410 4980 1591 5046 referri
1611 4976 1680 5030 ad
1783 4975 1918 5031 Ilinc
1942 4976 2078 5031 forte
2104 4980 2223 5029 data
2252 4979 2462 5030 occasio
2486 4974 2728 5030 addendi
2747 4983 2966 5037 naturai,
2990 4977 3066 5029 uti
3091 4976 3282 5046 legitur
3294 4978 3354 5046 in

128 5045 320 5116 gratiam
343 5043 615 5116 Creatoris.
653 5048 777 5099 Post
808 5061 967 5111 pauca
998 5046 1191 5098 dederit
1226 5043 1480 5111 scriptum
1505 5063 1571 5102 ex
1593 5063 1681 5103 no-
1782 5046 1953 5102 Oxon.
1982 5046 2103 5102 cod.
2133 5062 2197 5102 ex
2227 5061 2332 5116 quo
2358 5049 2560 5114 Quesn.
2593 5047 2762 5102 edidit
2791 5057 2990 5100 natura
3017 5059 3123 5099 sum
3148 5043 3361 5112 possibi‘

128 5114 419 5183 striseodd.
444 5125 497 5167 et
534 5116 653 5168 aliis
677 5116 1017 5168 editionibus.
1048 5116 1274 5183 Quesn.,
1301 5120 1462 5176 dedit.
1782 5117 1920 5172 litas.

184 5182 209 5219 δ
237 5181 395 5254 find.
418 5199 534 5238 cum
553 5186 940 5239 reeetttimibus
963 5178 1101 5253 vnlg:
1125 5178 1360 5253 ConciL,
1387 5187 1505 5241 Non
1523 5189 1675 5243 enim.
1860 5185 1887 5222 ιι
1908 5187 1998 5241 Sic
2029 5200 2149 5239 cum
2182 5185 2328 5254 vulg.
2361 5185 2530 5239 nostri
2553 5184 2711 5254 codd.
2745 5193 2797 5236 t-t
2829 5178 3354 5254 Thuan.‘Qnesnell_i,

183 5260 205 5288 ε
237 5250 417 5327 Vind.,
462 5270 553 5327 nec
594 5256 856 5318 ascendit;
903 5249 1093 5327 melius
1128 5258 1181 5310 in
1229 5249 1356 5311 aliis,
1384 5259 1547 5327 vulg.,
1588 5274 1679 5311 nec
1783 5256 1870 5324 qui
1900 5256 2134 5327 prmtulit
2157 5249 2510 5327 cum'Oson"
2544 5251 2811 5327 Pelagium
2839 5256 3012 5305 lateat.
3033 5252 3101 5327 lu
3127 5249 3357 5321 secunda

125 5322 421 5396 ascenderet.
448 5326 672 5396 Quesn.,
708 5328 760 5377 in
788 5328 989 5379 ctelum.
1016 5326 1404 5382 Substituitnus
1428 5320 1499 5381 inv
1516 5320 1681 5381 altum
1785 5320 1951 5396 ipsius
1981 5325 2219 5396 editione
2248 5324 2450 5396 excidit
2476 5327 2648 5376 lateat.
2676 5320 3042 5396 Cat-nv‘quod
3077 5324 3249 5396 lateat.

125 5393 448 5463 exoutmbus
477 5390 638 5448 editis
662 5397 967 5463 nostrisque
1004 5398 1296 5451 codicibus.
1806 5390 1820 5396 ’
1859 5394 1876 5432 ί
1914 5396 2001 5450 Sic
2026 5408 2125 5447 ms.
2154 5393 2380 5445 Vintleb.
2405 5407 2523 5445 cum
2541 5394 2750 5445 caeteris
2769 5391 3110 5445 editionibus.
3133 5390 3357 5460 Quesn.,

181 5458 205 5496 ⁸³
230 5468 430 5536 Questa.
457 5465 608 5519 addit
632 5482 735 5518 rem
763 5458 983 5530 proximi
1030 5470 1125 5521 tui.
1158 5468 1525 5536 Expunxituus
1553 5481 1678 5523 cum
1780 5481 1927 5536 quem
1957 5464 2065 5536 illi,
2087 5464 2216 5516 sicut
2244 5463 2612 5536 scriptum‘est.

126 5545 209 5585 ms.
242 5534 478 5605 \iindcet
505 5537 624 5587 aliis
652 5537 896 5605 vulgatis.
1240 5530 1253 5536 ’
1792 5530 1803 5536 ⁷
1857 5535 1871 5585 i
1916 5535 1988 5589 lta
2019 5535 2159 5588 idem
2190 5534 2311 5587 cod.
2349 5530 2412 5587 et
2444 5531 2593 5587 editi.
2636 5533 2861 5600 Quesn.,
2890 5530 3219 5602 sacriﬁcium,
3256 5531 3356 5586 mi-

183 5612 202 5636 θ
226 5602 540 5658 Additlimus
564 5602 821 5667 ώυὶηὶιὶιε.
847 5618 901 5661 et
928 5605 1048 5661 dein
1081 5607 1232 5661 etiam
1261 5621 1326 5663 ex
1363 5606 1555 5662 eodem
1588 5620 1674 5660 co-
1784 5620 1883 5659 nus
1910 5604 2063 5658 bene.

126 5672 224 5743 ilice
270 5674 499 5740 aliisque
522 5676 863 5730 etlilimtiltus.
1152 5722 1157 5725 .
1856 5673 1878 5710 κ
1912 5674 2084 5741 Vulg,
2135 5674 2297 5743 posita
2342 5681 2457 5737 est;
2506 5682 2558 5725 et
2600 5672 2725 5727 dein
2759 5670 3062 5742 dispositum
3107 5672 3266 5727 etiam
3306 5673 3357 5727 in

184 5742 200 5778 ‘
246 5744 494 5842 Quinque
531 5757 815 5816 sequentes
856 5763 1014 5803 voces
1059 5763 1121 5802 ex
1158 5747 1355 5803 nostris
1403 5745 1675 5803 codicibus
1784 5760 1882 5797 m5.
1919 5745 2071 5797 Vind.
