3888 6182
489 401 589 458 479

1412 399 1748 455 APPENDIX
1794 399 1884 452 AD
1922 399 1979 455 S.
2023 399 2264 456 [.50le
2303 399 2512 456 MAG.“
2555 402 2803 457 UPERA.

3623 409 3719 462 ΗΟ

484 516 623 585 quod
660 515 862 582 jttstitia
894 512 990 568 Dei
1019 513 1212 565 dicitur
1241 530 1252 565 :
1289 512 1429 566 unde
1469 513 1595 565 item
1641 514 1896 578 scriptum
1933 523 2016 566 est
2045 530 2058 565 :
2090 523 2135 575 Α
2169 514 2455 569 rectionem
2480 514 2702 581 Christi,
2730 525 2948 584 pectora
2977 514 3151 569 lidelia
3182 523 3236 568 et
3263 515 3722 584 suupliciteert-i-

485 607 590 661 Per
621 609 778 675 legem
805 607 945 670 enim.
966 604 1186 673 cognitio
1216 605 1442 675 peccati;
1465 620 1597 656 nunc
1627 613 1793 655 autem
1824 606 1932 656 sine
1956 604 2064 673 lege

481 699 684 770 justitia
715 696 808 748 Dei
829 695 1156 761 manifestata
1177 704 1267 757 est,
1295 695 1563 760 testiﬁcata
1588 709 1676 762 per
1698 693 1857 763 legem
1889 705 1932 747 et
1953 711 2065 762 pro-

487 788 663 856 phetas
715 781 1123 858 (Rom.tu,2tl).
1179 783 1312 838 Cum
1366 786 1529 849 dicit,
1581 786 1907 855 manifestata
1954 795 2060 851 est,

487 878 724 932 ostendit
765 879 889 944 quia
921 886 976 930 et
1004 885 1128 930 tunc
1153 885 1295 941 erat;
1329 876 1420 931 sed
1466 882 1716 944 tauquam
1766 877 1855 930 illa
1886 877 2062 945 pluvia

483 985 642 1040 quam
676 967 894 1022 Gedeon
944 968 1271 1035 impetravit,
1311 979 1438 1021 tunc
1471 969 1617 1022 velut
1647 968 1700 1021 in
1742 968 1940 1022 vellere
1976 984 2066 1021 oc-

486 1061 648 1122 culta,
679 1075 819 1113 nunc
842 1071 1019 1114 autem
1044 1061 1188 1114 velut
1218 1061 1269 1113 in
1298 1075 1422 1114 area
1456 1061 1754 1116 manifesta.
1785 1059 1916 1113 Cum
1939 1075 2067 1128 ergo

485 1153 571 1207 lex
594 1153 711 1206 sine
731 1151 920 1220 gratia,
951 1167 1058 1204 non
1101 1166 1245 1205 mors
1273 1153 1477 1221 peccati
1514 1153 1775 1220 potuisset
1804 1167 1944 1217 esse,
1973 1152 2067 1206 sed

485 1247 654 1300 virtus
679 1260 696 1300 :
721 1248 797 1298 sic
832 1244 974 1297 enim
1013 1243 1214 1296 dictum
1254 1252 1372 1298 est:
1404 1243 1624 1296 Aculeus
1668 1245 1844 1295 mortis
1891 1259 2068 1310 pecea-

493 1348 622 1399 tum,
669 1337 830 1388 virtus
873 1345 1040 1386 autem
1078 1335 1270 1402 peccati
1301 1333 1385 1386 lea:
1418 1333 1463 1400 (l
1492 1331 1611 1386 Cor.
1641 1349 1730 1398 xv,
1767 1334 1858 1404 56)
1886 1349 1900 1386 :
1932 1335 2069 1387 sicut

485 1427 797 1494 ronl'ugiuut
817 1426 970 1480 multi
997 1439 1027 1477 a
1057 1425 1190 1478 facie
1213 1425 1484 1493 regnantis
1513 1425 1717 1494 peccati
1747 1425 1811 1478 ad
1839 1427 2066 1494 gratiam

486 1517 627 1570 velut
654 1517 706 1570 in
729 1533 909 1570 aream
940 1532 1078 1580 nunc
1107 1526 1410 1587 patentem;
1442 1519 1509 1570 ita
1537 1517 1688 1585 pauci
1713 1517 1778 1570 ad
1802 1533 1917 1571 eam
1941 1533 2070 1572 eon-

486 1609 756 1676 IUgiebant
789 1609 935 1662 velut
964 1611 1014 1662 in
1046 1610 1242 1663 vellere
1268 1620 1414 1664 tunc
1454 1609 1730 1663 latentem.
1778 1609 1901 1664 lltnc
1940 1627 2067 1666 vero

485 1701 783 1770 temporum
815 1705 1114 1758 distributio
1141 1706 1370 1759 refertur
1397 1705 1464 1758 ad
1492 1705 1827 1759 altitudinem
1856 1706 2067 1761 divitia-

487 1812 602 1849 rum
633 1795 910 1863 sapientite
953 1805 1007 1848 et
1046 1797 1283 1850 scientia:
1329 1796 1445 1860 Dei,
1482 1795 1548 1852 de
1577 1810 1678 1864 qua
1711 1797 1908 1849 dictum
1937 1807 2066 1851 est:

2166 607 2337 659 stiana
2384 606 2638 670 turbare;
2687 606 2778 660 sed
2832 605 3006 673 potius
3040 605 3328 674 adjuvante
3379 608 3720 666 misericordia

2169 697 2282 761 Dei,
2305 696 2734 752 concertantibus
2756 697 3029 751 nobiscum
3055 696 3316 750 charitate
3339 712 3400 752 ac
3423 697 3606 765 pietate
3631 701 3717 755 lla-

2165 791 2441 858 grautibus
2463 792 2793 845 orationibus
2822 792 2944 859 tuis,
2977 806 3084 845 non
3109 792 3281 845 solum
3306 800 3365 845 ut
3390 794 3444 845 in
3483 806 3719 848 :nternutn

2167 881 2336 946 beati,
2359 897 2542 934 verum
2572 882 2732 934 etiam
2763 881 2890 946 justi
2923 890 2978 934 et
3005 881 3176 935 sancti
3210 882 3318 934 sint
3347 878 3391 942 τ,
3422 897 3528 934 non
3557 882 3604 934 itt
3640 900 3718 936 sua

2169 972 2368 1025 virtute
2399 1014 2412 1036 ,
2445 971 2537 1025 sed
2570 971 2622 1024 in
2646 971 2831 1024 eadem
2861 972 3030 1039 gratia
3068 971 3386 1026 conlisuros.
3420 971 3570 1026 Unde
3593 982 3641 1026 et
3665 976 3722 1026 ad

2168 1063 2342 1130 ipsum
2365 1062 2615 1130 scriptam
2641 1070 2666 1107 Β
2689 1064 2756 1115 ab
2780 1077 2885 1114 uno
2911 1073 3153 1115 nostrum
3183 1063 3460 1128 epistolam
3479 1063 3564 1132 (ad
3585 1081 3721 1133 quem

2171 1168 2269 1221 per
2315 1152 2598 1222 quemdam
2637 1152 2918 1206 diaconum
2948 1153 3273 1208 Orientaletn
3302 1196 3317 1219 ,
3366 1157 3538 1209 civem
3568 1170 3722 1211 autem

2171 1242 2566 1310 Hipponensem
2589 1283 2602 1307 ,
2637 1253 2886 1312 tanquam
2930 1248 3255 1312 purgationis
3286 1259 3397 1297 sua:
3441 1241 3471 1281 ι
3502 1247 3721 1309 quadam

2169 1334 2365 1402 scripta
2397 1332 2714 1400 transmisit)
2746 1344 2850 1386 tuae
2873 1333 3189 1388 beatitudini
3215 1337 3390 1403 potius
3418 1337 3724 1391 credidimus

2168 1425 2534 1494 dirigendam,
2567 1425 2758 1480 melius
2791 1425 3092 1494 iudicantes
3123 1437 3175 1481 et
3205 1437 3447 1494 petentes
3487 1439 3548 1481 ut
3573 1445 3675 1483 eam
3705 1428 3718 1466 ί

2169 1520 2418 1572 emittere
2441 1520 2554 1585 ipse
2576 1518 2926 1586 digneris;sic
2941 1519 3084 1573 enim
3108 1533 3224 1572 eam
3247 1521 3422 1587 legere
3446 1521 3620 1588 potius
3633 1536 3722 1573 non

2169 1609 2573 1680 detlignabitur,
2602 1611 2770 1680 magis
2819 1611 2873 1664 in
2907 1609 2995 1664 illa
3025 1625 3146 1664 eum
3183 1612 3274 1681 qui
3304 1613 3449 1667 misit
3469 1629 3624 1681 quam
3649 1614 3723 1681 qui

2169 1703 2388 1770 scripsit
2412 1702 2718 1756 attendens.

2242 1793 2368 1848 CAP.
2387 1794 2521 1847 Vill.
2549 1794 2764 1848 —lllud
2783 1808 2908 1849 vero
2929 1795 3071 1864 quod
3094 1795 3294 1859 dicunt,
3320 1810 3479 1864 posse
3505 1812 3620 1850 esse
3640 1797 3722 1851 bo-

494 1892 662 1959 Quam
692 1891 1042 1945 inscrulabilia
1070 1902 1183 1945 sunt
1202 1899 1228 1928 ⁸
1245 1891 1451 1964 judicia
1477 1889 1592 1955 Dei,
1622 1891 2062 1962 et-‘investigabiles
2094 1886 2140 1945 B
2168 1885 2365 1938 minem
2397 1885 2512 1938 sine
2531 1895 2766 1952 peccato,
2799 1894 2857 1940 et
2883 1885 3130 1938 mandata
3161 1885 3254 1940 Dei
3286 1887 3562 1940 custodire
3589 1883 3724 1943 facile

487 1985 578 2036 ιεἰε
600 1986 707 2054 ejus
732 1981 908 2047 (Rom.
935 1997 1010 2046 ιι,
1035 1981 1160 2051 '55)!
1199 1982 1537 2050 Quapropter
1566 1979 1594 2019 δ
1625 1990 1680 2035 et
1703 1992 1827 2036 ante
1861 1992 2068 2051 tempus

487 2073 641 2139 legis,
680 2082 735 2127 et
763 2082 1005 2140 tempore
1043 2073 1160 2141 ipso
1190 2073 1322 2140 legis
1348 2071 1524 2139 justos
1550 2082 1726 2140 patres
1755 2086 1822 2125 ex
1859 2073 1961 2127 [ide
1991 2074 2069 2126 vi-

486 2172 670 2216 ventes
693 2177 796 2214 non
829 2163 1154 2230 possibilitas
1171 2171 1374 2216 natura:
1402 2161 1649 2226 inlirmte,
1676 2170 1731 2216 et
1759 2172 1781 2201 ο
1813 2163 2065 2233 indigine,

487 2268 549 2306 ac
585 2254 806 2319 vittatae,
841 2263 897 2305 et
941 2253 1041 2306 sub
1069 2262 1286 2319 peccato
1313 2252 1659 2315 venundatae;
1692 2252 1785 2306 sed
1821 2254 1913 2307 Dei
1943 2268 2068 2322 gra-

487 2342 559 2394 tia
589 2356 685 2410 per
713 2343 870 2395 (idem
900 2341 1247 2410 justiﬁcabat,
1291 2350 1347 2394 et
1368 2355 1509 2395 nunc
1538 2340 1722 2394 eadem
1749 2341 1799 2394 ill
1825 2350 2067 2411 apertum

487 2431 591 2498 jam
624 2431 843 2485 veniens
873 2431 1102 2484 revelata
1122 2429 1398 2498 justiﬁcat.

555 2520 686 2577 Car.
723 2521 919 2576 Vll.-—
948 2520 1382 2576 Anathetnatizet
1418 2536 1545 2590 ergo
1596 2523 1842 2592 Pelagius
1871 2524 2067 2592 scripta

490 2629 608 2678 sua,
645 2615 732 2668 ubi
768 2625 952 2669 contra
981 2629 1121 2676 eam,
1153 2613 1252 2666 etsi
1285 2627 1389 2666 non
1422 2627 1517 2680 per
1546 2615 1955 2676 contumaciam.
1990 2626 2070 2670 ta-

490 2722 614 2758 tuen
646 2720 739 2772 per
772 2705 1123 2774 ignorantiam
1155 2704 1424 2773 disputat,
1448 2705 1852 2772 possibilitatem
1885 2707 2069 2761 defen-

492 2796 670 2850 dendo
694 2805 898 2849 natura:
925 2796 992 2849 ad
1021 2795 1280 2849 vincenda
1312 2806 1523 2861 peccata
1541 2806 1597 2850 et
1624 2797 1888 2866 implenda
1919 2811 2071 2851 man-

486 2895 640 2948 ttata;
671 2895 763 2939 aut
790 2887 834 2940 si
867 2902 930 2942 ea
966 2901 1086 2941 esse
1137 2901 1232 2939 sua
1271 2893 1466 2954 negat,
1499 2882 1526 2921 ἀ
1558 2896 1648 2940 aut
1698 2887 1914 2956 scriptis
1958 2892 2069 2941 suis

487 2982 551 3035 ab
578 2980 810 3034 inimicis
839 2981 951 3034 suis
980 2979 1111 3034 dicit
1142 2980 1379 3034 immissa
1407 3020 1420 3042 ,
1451 2994 1570 3047 qua:
1600 2995 1694 3032 sua
1725 2993 1848 3034 esse
1878 2988 2064 3049 negat,

487 3071 901 3124 anatltetnatizet
930 3084 992 3123 ea
1021 3079 1198 3123 tamen
1219 3078 1273 3122 et
1295 3069 1511 3122 damnet
1543 3069 1700 3139 158
1729 3079 1946 3138 paterna
1977 3087 2070 3124 ex-

488 3167 881 3234 liortatione,et
910 3167 1226 3220 auctoritate
1245 3165 1613 3218 sanctimoniae
1641 3173 1744 3217 tua:
1771 3173 1815 3217 ε.
1840 3165 1896 3220 Si
1928 3167 2062 3227 vult,

2168 1975 2212 2028 si
2244 1975 2678 2045 velit;~quamvis
2719 1992 2838 2029 cum
2881 1975 2984 2030 hoc
3029 1991 3123 2046 per
3158 1977 3481 2045 adjutorium
3534 1981 3724 2046 gratiae,

2169 2079 2287 2135 quae
2318 2075 2495 2119 tamen
2523 2081 2615 2133 per
2636 2065 3058 2120 incarnationem
3085 2069 3339 2134 unigeniti
3367 2069 3490 2134 ejus
3524 2072 3724 2123 retela'a

2169 2166 2328 2224 atque
2349 2155 2544 2209 donata
2569 2167 2651 2210 est
2675 2195 2690 2220 ,
2723 2156 2953 2220 dicitur,
2985 2157 3316 2210 tolerabilius
3339 2158 3444 2212 dici
3478 2160 3725 2221 videant;

2170 2255 2351 2300 tamen
2385 2246 2398 2296 i
2437 2247 2687 2315 quoniam
2718 2261 2824 2298 non
2851 2247 3120 2302 immerito
3151 2249 3314 2316 quaeri
3349 2260 3551 2313 potest,
3583 2251 3659 2299 ubi
3684 2258 3727 2300 et

2169 2338 2384 2408 quando
2411 2353 2503 2406 per
2525 2340 2766 2392 eamdem
2793 2340 3014 2407 gratiam
3045 2341 3094 2393 id
3119 2340 3381 2394 efﬁciatur
3410 2343 3461 2392 in
3496 2341 3660 2402 nobis,
3685 2356 3728 2389 ιιι

2170 2431 2289 2485 sine
2321 2432 2428 2483 ullo
2455 2445 2673 2499 prorsus
2702 2439 2920 2498 peccato
2955 2430 3122 2484 simus
3155 2449 3165 2482 :
3210 2441 3385 2483 utrum
3416 2432 3471 2483 in
3522 2433 3614 2484 bac
3640 2432 3728 2481 viti

2169 2524 2386 2592 quando
2425 2540 2542 2577 caro
2573 2524 2882 2592 concupiscit
2928 2523 3170 2577 adversus
3205 2525 3484 2592 spiritum;
3532 2541 3593 2577 an
3625 2541 3730 2575 \‘t‘tll

2169 2617 2226 2671 in
2266 2616 2354 2670 illa
2396 2632 2515 2671 eum
2566 2617 2658 2670 [iet
2697 2630 2874 2670 sermo
2909 2615 2994 2685 qui
3036 2615 3266 2683 scriptus
3293 2625 3374 2670 est
3413 2635 3425 2668 :
3468 2615 3627 2685 159
3656 2615 3728 2665 ubi

2171 2715 2243 2758 cst
2267 2707 2651 2770 mors,rictoria
2682 2707 2892 2773 tua,ubi
2911 2717 2982 2761 est
3010 2723 3144 2761 mars
3167 2705 3191 2742 ¹ι
3221 2706 3424 2760 oculeus
3449 2713 3605 2758 tuus?
3627 2724 3732 2758 acu-

2171 2798 2278 2851 leus
2325 2799 2457 2850 enim
2491 2799 2664 2851 mortis
2705 2807 2965 2868 peccatum
3001 2808 3072 2851 est
3122 2798 3164 2868 (Ι
3193 2795 3311 2851 Car.
3338 2813 3424 2865 xv,
3465 2798 3597 2868 55);
3627 2797 3731 2849 tlili-
3761 2786 3764 2788 ’

2169 2890 2377 2959 gentius
2400 2892 2829 2957 pertractandum
2858 2901 2940 2945 est
2970 2891 3339 2959 propteralios
3366 2891 3628 2958 quosdam
3659 2890 3736 2954 qui

2170 2989 2453 3034 senserunt
2482 2990 2640 3050 atque
2679 2981 2733 3033 in
2772 2981 2881 3034 suis
2925 2958 3119 3034 litteris
3153 2976 3426 3033 memoria:
3462 2980 3737 3031 tuatitlavc-
3776 3046 3777 3049 η

2169 3083 2315 3140 runt,
2349 3074 2508 3127 etiam
2539 3073 2594 3126 in
2611 3073 2709 3126 hac
2733 3074 2840 3126 vita
2864 3087 3018 3141 posse
3044 3087 3162 3127 esse
3181 3073 3448 3126 hominem
3476 3074 3597 3126 sine
3629 3085 3738 3137 pec-

2170 3173 2432 3227 cato,non
2459 3163 2526 3217 ab
2551 3163 2704 3217 initio
2733 3163 3023 3217 nativitatis
3050 3178 3182 3228 suae,
3213 3163 3308 3216 sed
3337 3165 3686 3216 convetsiuue
3712 3178 3736 3211 :t

487 3272 768 3312 onerosum
793 3256 894 3310 sibi
919 3265 974 3310 et
998 3255 1355 3324 perniciosum
1369 3255 1539 3310 discat
1567 3255 1820 3310 Ecclesia:
1842 3255 2064 3309 scanda-
2089 3245 2136 3306 C
2170 3253 2401 3322 peccatis
2423 3253 2487 3306 ad
2502 3253 2853 3321 justitiam,et
2870 3251 2887 3291 ι
2906 3269 2934 3308 a
2952 3255 3034 3307 via
3053 3255 3275 3322 reproba
3293 3253 3355 3308 ad
3378 3256 3485 3308 bon
3498 3273 3578 3306 :tm
3593 3256 3739 3306 vitam

488 3347 592 3398 lttttt
608 3345 836 3410 auferre,
849 3345 989 3414 quod
1004 3345 1311 3398 scandalum
1329 3345 1680 3410 auditores,ct
1693 3347 1744 3399 in
1760 3359 2061 3413 perversum

487 3437 770 3492 dilectores
798 3438 914 3504 ejus
936 3449 1316 3504 usquequaque
1343 3451 1600 3506 spargere
1629 3452 1736 3490 non
1756 3435 2063 3504 quiescunt.

487 3528 541 3583 Si
567 3528 707 3581 enim
739 3526 1092 3592 cognoverint
1112 3527 1359 3580 eumdem
1391 3526 1778 3596 librum,quem
1813 3526 1957 3580 illius
1977 3526 2064 3580 vel

487 3627 671 3685 putant
700 3633 816 3673 esse
841 3659 856 3683 ,
887 3619 970 3672 vel
1003 3624 1235 3679 norunt,
1261 3618 1635 3686 episcoporum
1678 3615 2064 3670 catholicorum

485 3711 799 3764 auctoritate
828 3749 843 3772 ,
875 3720 928 3763 et
968 3708 1200 3762 maxime
1229 3707 1525 3762 sanctitatis
1555 3716 1660 3762 tute
1679 3748 1695 3772 ,
1737 3723 1895 3777 quam
1923 3706 2066 3777 apud

487 3817 610 3854 eum
643 3815 762 3856 esse
808 3801 1026 3870 majoris
1070 3799 1324 3869 ponderis
1373 3801 1594 3853 minime
1623 3799 1964 3861 dubitamus,
1999 3798 2068 3852 ab

487 3890 679 3946 eodem
711 3895 826 3960 ipso
857 3907 976 3946 esse
1008 3890 1512 3946 anathematizatum
1541 3903 1701 3958 atque
1725 3889 2064 3954 damnatum;

487 3997 592 4036 non
616 3998 710 4037 eos
740 3983 962 4038 ulterius
988 3983 1314 4036 aestimamus
1326 3994 1571 4044 ausuros,
1592 3980 1858 4049 loquendo
1881 3992 2066 4035 contra

485 4075 707 4142 gratiam
737 4075 850 4140 Dei,
876 4087 995 4142 quae
1008 4072 1242 4127 revelata
1269 4064 1354 4126 est
1380 4085 1471 4126 oer
1488 4070 1790 4140 passionem
1806 4080 1860 4125 et
1881 4085 2068 4125 resur-

556 4353 579 4380 ι
619 4341 749 4397 Coti.
781 4335 901 4396 Vat.
931 4356 1052 4396 cum
1083 4339 1206 4395 aliis
1230 4339 1417 4404 editis,
1440 4341 1643 4412 judicia
1680 4343 1810 4410 ejus.

551 4413 581 4452 δ
617 4414 721 4468 Abi
751 4412 905 4466 codd.
936 4413 1152 4475 excusi,
1197 4413 1240 4466 si
1263 4421 1308 4464 et
1337 4409 1493 4466 ante:
1525 4409 1716 4473 Garn.,
1742 4412 1817 4462 sic
1843 4420 1888 4463 et
1917 4419 2054 4464 ante.

558 4495 580 4520 ⁶
622 4483 762 4538 Edit.
790 4483 1018 4548 Lovan.,
1039 4493 1093 4536 et
1122 4481 1394 4536 Benedict.
1426 4495 1549 4534 cum
1576 4483 1783 4541 Cuust.,
1815 4479 2008 4547 indiga:
2036 4497 2057 4534 :

482 4569 640 4623 quam
675 4553 952 4607 let-tionem
987 4567 1169 4608 veram
1215 4552 1576 4623 contendunt,
1637 4553 1704 4604 ita
1743 4550 2058 4623 utindigna:

487 4621 762 4690 perperam
793 4625 1044 4690 scriptum
1073 4623 1234 4676 fuerit
1273 4637 1337 4674 ex
1367 4622 1575 4689 indigne
1595 4636 1614 4674 :
1643 4624 1718 4676 sic
1741 4621 1884 4673 enim
1912 4624 2056 4673 anti-

483 4709 583 4760 qua
617 4695 822 4746 ratione
851 4694 1088 4747 scribere
1117 4692 1362 4746 solebant
1393 4707 1487 4758 pro
1516 4692 1707 4760 indiga.

2173 3341 2260 3415 (S.
2301 3343 2534 3395 Ambros.
2570 3343 2624 3396 in
2669 3359 2685 3397 ι
2733 3343 2891 3412 Ltte.,
2922 3343 3001 3411 6).
3035 3343 3123 3398 Sic
3165 3345 3304 3399 enim
3363 3344 3738 3399 intellexerunt

2170 3433 2314 3502 quod
2340 3433 2407 3488 de
2443 3433 2700 3488 Zacharia
2743 3439 2796 3488 et
2820 3433 3097 3489 Elizabetb
3126 3435 3379 3504 scriptum
3423 3448 3539 3500 ρει,
3570 3434 3740 3487 ambtt~

2171 3523 2312 3578 lasse
2333 3539 2425 3580 eos
2453 3527 2508 3579 in
2534 3527 2767 3580 omnibus
2785 3527 3244 3598 jnstiﬁcationibus
3275 3527 3488 3581 Domini
3516 3532 3624 3582 sine
3640 3542 3740 3590 qtte-

2170 3615 2281 3668 rela
2309 3613 2464 3684 (Luc.
2497 3631 2534 3680 ι,
2567 3615 2646 3686 ϐ).
2681 3617 2791 3672 Hoc
2817 3617 2959 3686 quod
2995 3618 3193 3672 dictum
3223 3627 3304 3672 est
3325 3659 3339 3682 ,
3381 3618 3501 3671 sine
3529 3618 3738 3686 querela.

2171 3707 2288 3761 sine
2318 3717 2538 3776 peccato
2567 3705 2630 3773 ’³,
2659 3707 2858 3762 dictum
2892 3717 3240 3776 acceperunt,
3270 3723 3376 3762 non
3403 3709 3627 3777 quidem
3659 3723 3742 3759 ne-

2170 3808 2380 3868 gantes,
2399 3799 2564 3853 immo
2583 3798 2767 3867 etiam,
2796 3800 2938 3868 quod
2961 3799 3078 3853 aliis
3099 3800 3229 3854 locis
3253 3800 3305 3852 in
3333 3792 3540 3854 litteris
3569 3812 3738 3852 eorum

2171 3892 2463 3958 invenitur,
2499 3891 2586 3961 pie
2607 3890 2924 3945 conﬁtentes
2944 3891 3265 3960 adjutoriutu
3306 3891 3500 3957 gratim
3544 3886 3742 3944 Domini

2172 3983 2364 4045 nostri,
2396 3997 2502 4034 non
2531 3997 2626 4050 per
2648 3984 2946 4036 naturalem
2978 3982 3221 4049 spiritum
3255 3978 3633 4045 botninis,sed
3661 3991 3742 4046 per

2172 4071 2518 4140 principalem
2571 4073 2817 4142 spiritum
2859 4073 2974 4127 Dei.
3019 4072 3120 4140 Qui
3163 4088 3344 4142 parum
3377 4073 3746 4126 considerasse

2169 4340 2330 4395 missa
2353 4382 2368 4405 ,
2391 4357 2510 4409 quae
2539 4341 2605 4396 ad
2639 4357 2737 4396 nos
2760 4356 2866 4396 non
2899 4345 3158 4411 pervenit.
3188 4342 3280 4394 ille
3302 4345 3444 4397 enim
3485 4359 3623 4396 unus
3642 4343 3744 4407 opi-

2168 4413 2316 4465 stole
2345 4413 2574 4478 scriptor
2594 4454 2611 4476 ,
2637 4414 2701 4466 ad
2729 4428 2886 4480 quem
2914 4414 3157 4480 Pelagius
3187 4413 3380 4480 scripti
3417 4414 3747 4480 purgationis

2167 4497 2277 4554 sine
2300 4481 2463 4554 misit,
2497 4484 2821 4554 Augustinus
2848 4484 2966 4550 iuit,
2993 4495 3048 4536 ut
3070 4485 3234 4550 liquet
3263 4499 3324 4536 ex
3358 4482 3450 4536 lib.
3489 4486 3558 4538 de
3576 4482 3747 4537 Gestis

2168 4549 2365 4619 Pelagii
2393 4569 2442 4606 c.
2465 4555 2553 4606 5'2.

2239 4641 2265 4680 ιι
2309 4642 2502 4695 Vocem
2531 4660 2683 4697 causa
2715 4643 2952 4699 bocloco
2982 4659 3009 4696 a
3038 4643 3744 4710 Quesn’elloinsertamcum

2168 4727 2272 4766 ms.
2317 4713 2472 4766 Vind.
2507 4727 2562 4767 et
2591 4715 2708 4766 abis
2749 4718 2893 4780 vulg.
2946 4715 3263 4777 deltzvitnus,
3291 4725 3341 4765 et
3373 4717 3597 4768 rectius.
3626 4720 3745 4778 Quae

554 4761 580 4852 Id
611 4767 832 4827 Qut-an
857 4765 1145 4852 et’scriptis,
1177 4772 1229 4816 et
1253 4761 1471 4842 mov,ab
1488 4761 1707 4852 magna:
1733 4761 1878 4815 dicit.
1904 4760 2054 4816 Prte-

2176 4787 2307 4837 enitn
2343 4783 2426 4836 hic
2457 4785 2770 4852 purgationis
2801 4767 2906 4837 sua:
2933 4787 3121 4852 scripta
3149 4760 3425 4845 Vocantur,
3458 4789 3514 4838 in
3539 4760 3747 4836 laudato

485 4831 700 4884 tul-mus
725 4848 852 4884 mss.
889 4833 1045 4885 Vind.
1078 4848 1196 4884 cum
1224 4831 1435 4889 caneris
1458 4831 1636 4884 editis.

557 4910 580 4937 ο
611 4902 833 4966 ριιθςη.ν
860 4903 909 4968 si
937 4918 1036 4954 non
1065 4901 1205 4965 vult;
1247 4917 1511 4954 onerosum
1531 4901 1624 4953 sibi
1651 4910 1699 4954 et
1721 4901 2056 4968 perniciosum

484 4987 592 5024 esse
633 4971 793 5041 discat
839 4967 1080 5024 Ecclesia:
1115 4969 1418 5023 scandalum
1443 4971 1658 5036 afferre,
1691 4967 1827 5041 quod
1857 4973 2058 5024 audito-

483 5057 583 5102 res,
615 5050 720 5094 etc.
752 5039 1025 5108 Vulgatam
1061 5042 1342 5095 lectionem
1373 5057 1400 5094 a
1437 5053 1619 5093 nostro
1647 5039 1832 5095 cetlice
1860 5041 2059 5095 Vintle-
2106 5049 2127 5070 ⁸

487 5112 701 5164 tmnensi
732 5115 1098 5164 eonlirmatam
1128 5116 1517 5164 revocavimtts.
1547 5112 1729 5166 Solum
1755 5113 1808 5164 in
1829 5112 2056 5178 vulgatis

486 5185 747 5235 habetur:
791 5182 849 5234 Si
893 5184 997 5234 vult
1035 5198 1152 5249 ergo
1177 5221 1193 5242 ,
1239 5183 1321 5234 vel
1354 5180 1415 5236 Si
1443 5198 1562 5247 ergo
1588 5184 1727 5247 vult;
1761 5192 1814 5236 et
1846 5183 1896 5234 itt
1925 5182 2050 5235 edit.

482 5252 687 5306 [ωηιξη.
711 5295 724 5317 ,
757 5252 954 5320 inferre.
978 5267 1072 5318 pro
1103 5251 1302 5319 auferre
1326 5295 1340 5316 ,
1375 5253 1548 5306 minus
1587 5265 1751 5306 reete.
1791 5254 2051 5305 ltesntuta

483 5335 610 5373 vero
639 5323 795 5376 lectio
823 5338 941 5376 cum
971 5337 1001 5375 c
1026 5333 1228 5375 intextu
1268 5338 1495 5374 tuaxuue
1524 5322 1776 5385 uolueret,
1815 5321 1872 5376 Si
1911 5321 2051 5375 enim

487 5390 727 5458 Polagtus
753 5394 942 5445 librum
965 5393 1132 5460 ipsius
1161 5407 1380 5444 nomtne
1411 5393 1676 5461 vulgatum
1701 5393 2056 5445 anathemati-

484 5475 604 5512 vare
634 5463 776 5521 vt-lit,
809 5463 1042 5528 enisc0pi
1065 5462 1372 5514 Scandalttm
1397 5478 1466 5514 on
1489 5477 1680 5514 ‘rosttm
1711 5462 1833 5524 sibi,
1861 5474 1914 5514 et
1947 5462 2047 5515 Ec-

481 5531 657 5582 clesiae
682 5534 1032 5597 pet'uieiosmn
1060 5532 1406 5586 auferendum
1431 5549 1535 5584 non
1564 5533 1829 5585 dubittnt.

560 5599 578 5637 ί
610 5605 805 5664 Qttcsn.
831 5618 947 5652 cum
973 5604 1086 5654 solo
1113 5602 1415 5655 Oxott.cotl.
1443 5603 1587 5653 adtlit
1608 5602 2048 5655 verbumcmzori:

482 5669 620 5720 ttuoti
654 5672 845 5723 reetius
869 5672 1014 5723 abest
1041 5687 1067 5722 a
1095 5686 1224 5722 mss.
1255 5672 1407 5726 \‘intl.
1433 5683 1487 5724 et
1514 5672 1720 5724 'l‘ltuan.
1755 5687 1815 5724 ac
1839 5677 2047 5725 cadetis

481 5739 712 5789 (κνημὶς.
747 5740 858 5790 ΜΟ(
897 5739 1070 5800 \tnti.,
1104 5742 1364 5803 conﬁsnri.

555 5805 575 5838 ⁵³
608 5809 871 5862 ιηάλςυιιιι·
907 5826 1018 5870 epis
1047 5813 1126 5860 ola
1171 5810 1444 5871 Augustini
1478 5810 1540 5862 ad
1574 5811 1740 5874 ipsum
1776 5811 2038 5876 l‘eltgiutn

2163 4855 2304 4906 lbro
2324 4853 2391 4907 de
2422 4851 2598 4907 GeStis
2621 4853 2820 4923 Pelagii
2849 4870 2900 4910 c.
2923 4855 2993 4909 29
3024 4855 3336 4924 purgationis
3365 4871 3473 4909 ut:
3501 4867 3647 4927 gesta
3673 4855 3747 4905 dt-

2165 4935 2380 4978 cuntur.
3653 4942 3656 4944 ⁷

2241 5001 2255 5038 ί
2291 5002 2482 5055 Sanior
2502 5011 2585 5057 est
2602 5002 2829 5058 aliorum
2852 5002 3096 5059 codicum
3118 5003 3295 5066 lectio,
3312 5017 3378 5056 ex
3408 5020 3516 5071 qua
3541 5018 3610 5058 ca.
3626 5013 3750 5056 term

2164 5071 2428 5126 editiones
2445 5112 2460 5135 ,
2495 5074 2540 5125 ei
2570 5074 2784 5127 mittere.
3421 5083 3426 5088 ’

2235 5151 2250 5199 t‘
2289 5151 2424 5203 Cod.
2444 5149 2624 5210 Vind..
2643 5151 2884 5219 quoniam
2899 5151 3148 5219 immerito
3165 5149 3344 5203 debere
3363 5160 3551 5219 potest.
3565 5151 3747 5210 Crab..

2101 5244 2108 5250 -
2159 5222 2405 5281 quoniam
2431 5222 2608 5272 merito
2637 5217 2793 5283 quwri
2821 5232 3002 5290 potest.
3033 5217 3254 5273 Caetera?
3287 5217 3557 5273 etiittones
3583 5264 3596 5278 .
3628 5237 3750 5282 qna-

2159 5292 2299 5342 niam
2317 5307 2415 5342 non
2449 5291 2704 5343 inmerito
2732 5308 2930 5344 movere
2943 5301 3123 5361 potest.
3157 5291 3281 5343 Post
3315 5306 3503 5354 pauca,
3538 5303 3748 5360 prorsus

2162 5373 2283 5412 cum
2327 5375 2526 5414 ItOSll’lS
2557 5375 2687 5416 mss.
2721 5371 2774 5415 et
2801 5362 2919 5415 aliis
2943 5364 3101 5415 editis
3131 5363 3482 5429 pt‘aatulttuus.
3520 5371 3746 5426 Quem”

2159 5431 2389 5498 proprio.

2233 5513 2258 5552 ¹ί
2290 5515 2377 5569 Sic
2405 5516 2574 5568 nostri
2602 5515 2759 5568 codd.
2787 5526 2840 5570 et
2871 5517 3014 5582 vuig.
3049 5516 3204 5568 Solus
3237 5515 3431 5580 Qnesn.
3483 5514 3750 5572 ειὲτιιιιτιιε,

2163 5585 2296 5640 Dein
2328 5589 2576 5650 quaedam
2606 5586 2900 5653 adjecimus
2937 5602 3001 5640 ex
3033 5587 3219 5639 iisdem
3247 5602 3373 5639 mss.
3402 5596 3450 5635 et
3488 5587 3680 5638 editis.

2243 5661 2261 5701 ι
2291 5664 2452 5718 (iam.
2480 5674 2534 5716 et
2561 5665 2691 5717 edit.
2723 5668 2880 5731 Aug”
2913 5682 2942 5716 (ι
2975 5675 3074 5717 υιιιι
3102 5665 3336 5730 rcproba.

2228 5753 2265 5778 πη
2305 5745 2494 5795 Voconi
2532 5747 2716 5796 dictum
2762 5760 2880 5798 cuto
2927 5746 3120 5796 nostris
3161 5759 3288 5798 mss.
3340 5752 3386 5796 et
3417 5742 3576 5811 Vulg.
3606 5742 3753 5796 addi-

2154 5814 2347 5866 ιίέιιιιιδ.
