3888 6182
80 5432 89 5479 l

181 230 261 287 hil

591 220 817 278 CODEX
858 217 1182 275 CANONUM
1225 214 1507 272 ECCLES.
1555 212 1640 267 ET
1678 209 2259 267 CONSTITUTORUM
2298 209 2357 265 S.
2398 208 2594 267 SEDiS
2633 211 2961 268 APOSTOL.

3309 214 3417 274 ιδει

184 345 394 397 sileretur
412 337 588 408 ipsum
618 335 930 391 Zachariam
956 334 1121 387 fuisse
1142 332 1323 400 utique
1351 328 1720 384 sacerdotem:
1753 331 1803 391 Α
1830 325 2043 379 tissime
2073 324 2310 379 suavitas
2336 325 2517 379 cordis
2545 325 2642 391 tui,
2668 326 2807 396 quod
2842 328 3191 396 prolixiorem
3219 331 3419 399 cpisto-

181 444 332 490 omues
352 440 531 483 autem
560 438 585 467 ι
607 426 926 484 Sacerdotes
954 436 1177 477 necesse
1200 419 1475 475 habebant
1502 432 1569 471 ex
1601 418 1719 486 lege

184 526 254 581 Dei
286 522 521 592 primitus
550 534 651 587 pro
696 515 931 588 peccatis
973 516 1086 570 suis
1131 515 1325 569 offerre
1359 509 1720 573 sacriﬁcium;

181 616 343 671 deinde
361 627 456 681 pro
472 610 672 680 populi.
688 608 835 665 Sicut
855 624 985 677 ergo
1007 621 1147 660 nunc
1167 620 1261 675 per
1273 605 1535 659 orationis
1554 604 1724 658 sacri-

182 707 327 762 itciutu
356 702 727 757 cuuvincituur
753 714 862 752 non
890 714 1012 754 esse
1041 699 1157 752 sine
1188 706 1437 762 peccato,
1469 696 1721 766 quoniam

182 800 286 867 jussi
327 810 509 850 sumus
564 793 747 847 dicere
787 808 803 844 :
846 789 1056 848 Dimitte
1111 789 1253 843 nobis
1320 789 1488 843 debita
1552 796 1726 842 nostra

182 887 363 961 (Matth.
387 900 456 951 rt,
490 883 611 954 13);
645 886 715 937 ita
745 893 802 937 et
827 892 952 936 tunc
981 897 1075 952 per
1101 880 1360 936 sacrificia
1386 880 1725 935 victimarum

181 979 458 1034 animalium
497 976 954 1029 convincebantur
1002 973 1310 1027 sacerdotes
1348 974 1462 1026 sine
1506 979 1728 1040 peccato

185 1089 269 1127 non
293 1086 433 1135 esse,
474 1073 565 1140 qui
609 1084 706 1139 pro
746 1069 859 1121 suis
902 1068 1133 1137 peccatis
1159 1067 1482 1135 jubebantur
1508 1063 1723 1119 olerre.

184 1168 305 1234 Quod
334 1166 499 1219 sires
527 1164 601 1216 ita
643 1179 703 1216 se
733 1162 931 1226 habet,
965 1170 1020 1213 ut
1060 1175 1153 1229 per
1186 1163 1409 1230 gratiam
1436 1159 1731 1215 deatoris

185 1256 490 1325 proﬁciamus
511 1254 729 1324 quidem
757 1254 810 1306 in
834 1254 934 1306 hac
956 1253 1085 1320 vita,
1108 1251 1395 1307 deﬁciente
1412 1251 1725 1320 cupiditate,

186 1349 411 1402 cbantate
432 1357 745 1400 crescente:
784 1345 1123 1413 perticiamur
1160 1354 1341 1399 autem
1374 1345 1427 1397 in
1464 1344 1553 1397 illa
1582 1345 1727 1407 vita,

190 1439 440 1507 cupiditate
488 1452 588 1489 exs
615 1437 755 1490 inc‘a
781 1476 796 1496 .
837 1435 1099 1488 cbaritate
1128 1437 1428 1503 completa;
1487 1434 1728 1503 profecto

192 1534 293 1590 illud
320 1531 447 1597 quod
477 1532 735 1598 scriptum
761 1540 842 1583 est
868 1544 886 1578 :
914 1530 1016 1592 Qui
1045 1526 1071 1567 δ
1101 1538 1253 1581 natus
1274 1537 1347 1580 est
1383 1543 1448 1581 ea:
1479 1526 1605 1592 Deo,
1626 1543 1730 1581 non

195 1636 331 1694 pectit
352 1621 391 1693 tl
423 1622 579 1675 Joan.
603 1638 635 1674 v
661 1664 673 1678 .
726 1621 814 1689 18)
842 1638 855 1674 :
886 1622 1179 1674 secundum
1208 1620 1379 1684 ipsam
1411 1619 1727 1673 charitatem

1826 421 1929 475 lam
1957 421 2187 476 fortasse
2211 437 2369 491 quam
2390 421 2581 487 velles,
2601 423 2841 477 misimus
2861 425 3129 479 sanctitati
3156 434 3274 480 tum.
3299 424 3419 482 Non

1826 513 1968 566 enim
1988 512 2217 565 rivulum
2241 524 2487 566 nostrum
2514 523 2605 567 tuo
2630 513 2779 583 largo
2807 513 2935 568 fonti
2959 515 3208 586 augendo
3238 516 3418 573 reluu-

1827 604 2024 669 tlimus,
2074 605 2168 658 sed
2215 606 2269 657 iu
2302 604 2402 657 hac
2437 619 2544 658 non
2587 620 2744 672 parva
2782 607 3074 660 lcn'atione
3118 607 3377 670 temporis
3401 650 3420 675 ,

1828 697 1972 750 unde
2004 710 2105 750 nos
2137 696 2354 761 liberet,
2382 695 2466 751 Cui
2496 697 2762 751 dicimus:
2797 695 2881 749 Ne
2906 714 2999 751 uos
3019 699 3213 765 inferas
3237 701 3288 753 in
3311 708 3424 754 ἴση·
3462 748 3465 753 ι

1826 789 2073 843 tationem
2096 787 2309 858 (Matth.
2335 805 2417 853 vt,
2444 787 2533 857 l5)
2565 807 2576 843 :
2604 799 2784 843 utrum
2813 791 2976 846 etiam
3001 799 3184 846 noster
3214 789 3260 855 τ,
3293 791 3421 847 licet

1829 882 2056 950 exiguus
2082 895 2146 935 ex
2171 880 2386 943 eodem,
2410 896 2516 949 quo
2540 883 2700 934 etiam
2730 889 2853 935 tuus
2876 882 3175 949 abundans,
3207 892 3423 937 emanet

1829 973 2007 1041 capite
2035 971 2391 1035 ﬂuentorum,
2426 972 2526 1025 hoc
2548 987 2575 1024 a
2608 982 2661 1026 te
2686 973 2896 1040 probari
2927 973 3194 1038 volumus,
3218 982 3264 1038 ις,
3290 972 3425 1028 tuis-

1828 1082 1934 1138 que
1972 1066 2253 1134 rescriptis
2275 1065 2343 1120 de
2364 1066 2634 1119 communi
2673 1066 3081 1134 participatione
3112 1069 3268 1121 unius
3296 1081 3420 1140 gra-

1830 1161 1922 1215 tize
1947 1159 2238 1215 consolari.

2366 1271 2759 1329 CAPlTL’LUM
2797 1273 2893 1329 XI.

1906 1386 1932 1425 δ
1957 1388 2277 1459 Rescriptunt
2303 1388 2526 1459 q‘usdem
2558 1403 2708 1458 papae
2727 1387 2793 1441 ad
2820 1390 3046 1458 quinque
3070 1405 3350 1461 epssropos.

1836 1503 2192 1558 [auersas-tus
2234 1516 2508 1573 scaeua,
2553 1516 2758 1566 ALYMO,
2823 1516 3149 1570 aucus'rmo,
3190 1503 3423 1573 Evomo,

2233 1571 2476 1627 Pessime
2495 1573 2766 1642 episc0pis
2785 1573 3035 1628 salutem.

195 1717 359 1771 tliztum
401 1725 509 1780 est,
539 1729 663 1783 quae
714 1715 825 1767 sols
864 1729 974 1767 non
1018 1724 1229 1784 peccat.
1281 1713 1362 1766 Ad
1406 1714 1734 1766 nativitatem

1913 1728 2041 1785 Car.
2074 1728 2118 1784 l.
2137 1759 2206 1769 —
2227 1728 2604 1783 Fraternitatis
2618 1736 2812 1781 vestrae
2846 1728 3051 1783 litteras
3076 1729 3262 1796 plenas
3284 1728 3428 1796 litiei,

195 1810 377 1877 quippe,
404 1822 522 1878 quas
549 1824 614 1860 ex
646 1806 755 1862 Deo
777 1816 858 1861 est
878 1846 892 1870 ,
917 1808 1157 1876 augenda
1173 1816 1226 1860 et
1256 1806 1578 1875 perﬁcienda
1600 1805 1732 1861 cha-

197 1903 299 1954 ritas
323 1900 693 1968 pertinetmon
712 1913 801 1966 ea,
834 1914 952 1967 quae
968 1900 1261 1951 minuenda
1285 1908 1338 1951 et
1369 1898 1735 1953 consumenda

199 2005 279 2053 est.
300 1995 578 2062 cupiditas;
622 2007 741 2062 qute
768 2005 975 2057 tamen,
1000 1992 1238 2061 quandiu
1276 1999 1361 2045 est
1396 1992 1449 2045 in
1480 1991 1736 2045 membris

201 2092 381 2150 nostris,
422 2086 537 2153 lege
567 2084 796 2154 quadam
828 2099 921 2136 sua
958 2082 1338 2152 repugnatlegi
1373 2082 1590 2135 mentis.
1624 2079 1733 2136 Sed

202 2190 389 2231 natusex
414 2177 674 2243 Deo,non
703 2175 960 2229 obediens
987 2175 1271 2229 desideriis
1296 2181 1492 2239 carnis,
1522 2188 1621 2226 nec
1646 2188 1739 2227 ex-

204 2267 609 2321 hibensmembra
636 2282 729 2319 sua
753 2281 901 2319 arma
935 2265 1231 2333 iniquitatis
1264 2274 1484 2333 peceato
1504 2306 1518 2328 ,
1561 2275 1740 2334 potest

201 2359 342 2412 dicere
363 2376 378 2415 :
400 2358 519 2412 lam
548 2376 649 2411 non
672 2374 763 2428 ego
790 2375 969 2429 operor
995 2358 1167 2421 illud;
1190 2358 1281 2411 sed
1310 2369 1332 2395 ε
1355 2359 1409 2411 id
1430 2360 1564 2428 quod
1592 2358 1739 2410 habi-

200 2461 252 2502 tat
272 2453 317 2503 in
345 2469 416 2504 me
447 2462 706 2519 peccatum
731 2453 909 2522 (Ilum.
943 2466 1032 2507 vu.
1060 2450 1178 2520 20).
1207 2449 1312 2504 Sed
1338 2466 1554 2520 quoquo
1580 2449 1740 2503 modo

197 2556 245 2596 se
267 2544 439 2596 habt-at
460 2546 556 2595 ista
579 2545 827 2612 qumstio,
854 2544 977 2611 quia
1010 2545 1106 2595 etsi
1131 2557 1238 2595 non
1267 2542 1536 2594 invenitur
1567 2543 1620 2594 in
1643 2542 1742 2596 hac

198 2634 282 2686 vita
309 2635 457 2689 homo
485 2637 603 2688 sine
644 2641 884 2702 peccato,
919 2635 969 2687 id
1003 2644 1181 2687 tamen
1214 2645 1375 2702 posse
1402 2632 1516 2687 ﬁeri
1545 2633 1743 2689 dicitur

200 2742 280 2794 per
310 2728 617 2795 adjutorium
650 2727 868 2795 spintus
914 2726 1009 2780 Dei
1050 2736 1105 2780 et
1143 2726 1356 2791 gratim:
1389 2726 1528 2795 quod
1561 2735 1616 2779 ut
1654 2726 1745 2781 ﬁat

200 2823 461 2874 consulum
490 2830 655 2884 atapte
686 2819 1010 2889 poscendum
1051 2829 1167 2883 est;
1212 2819 1564 2874 tolerabiliter
1597 2819 1650 2874 in
1678 2833 1744 2874 eo

200 2917 392 2985 quisque
443 2918 598 2988 160
627 2918 855 2978 fallitur,
904 2931 1003 2970 nec
1032 2917 1295 2972 diabolica
1341 2919 1616 2986 imp'etas,
1649 2915 1743 2972 sed

201 3022 327 3061 error
350 3008 606 3062 humanus
628 3018 709 3063 est
737 3009 1063 3063 elaburauda
1096 3018 1148 3061 et
1189 3010 1417 3078 optanda
1447 3009 1740 3077 afﬁrmare,

204 3098 376 3151 etiamsi
418 3102 557 3168 quod
586 3098 820 3152 affirmat
854 3113 962 3151 non
992 3100 1157 3165 possit
1183 3098 1489 3153 ostendere.
1516 3098 1571 3152 ld
1601 3101 1744 3154 enim

206 3192 462 3245 creditftcri
488 3206 668 3259 pos~e,
700 3193 841 3259 quod
869 3203 1017 3246 certe
1042 3191 1309 3245 laudabile
1336 3202 1420 3244 est
1442 3189 1602 3244 velle.
1632 3189 1745 3245 Νο-

208 3282 437 3337 hi~auteut
467 3282 665 3337 sufﬁcit
685 3283 825 3351 quod
853 3283 1095 3337 nullusin
1113 3283 1349 3338 Ecclesia
1380 3283 1471 3337 Dei
1504 3282 1745 3337 fidelium

210 3379 497 3441 reperituritt
520 3378 757 3447 quolibet
778 3385 1029 3447 provectu
1054 3378 1479 3446 excellentiaque
1501 3377 1748 3444 justitite,

209 3468 276 3529 qui
301 3469 390 3520 sibi
410 3471 601 3522 audeat
616 3468 795 3523 dicere
812 3484 921 3522 non
943 3469 1299 3522 necessariam
1322 3465 1350 3504 ἀ
1384 3468 1748 3537 precationem

211 3556 438 3615 Orationis
490 3563 780 3616 Dominica:
839 3579 853 3614 :
905 3561 1119 3615 Dimitte
1172 3563 1314 3616 nobis
1353 3562 1523 3614 debita
1577 3571 1751 3615 nostra

202 3649 298 3717 (ila
318 3653 468 3717 Ilt.\'l,
506 3653 593 3723 l2)
623 3671 635 3707 :
666 3665 719 3709 et
749 3655 963 3709 dicatse
995 3670 1103 3708 non
1132 3655 1330 3709 habere
1350 3661 1649 3723 peceatum,
1682 3668 1750 3708 uc

199 3745 405 3811 seipsum
444 3745 712 3813 decipiat,
755 3752 810 3799 et
838 3747 1034 3800 veritas
1065 3746 1205 3800 ineo
1236 3761 1343 3799 non
1383 3746 1473 3810 sit,
1504 3745 1748 3813 quamvis

185 3834 283 3904 jam
326 3837 437 3891 sine
474 3838 695 3906 querela
735 3839 899 3892 vivat.
946 3837 1063 3891 Non
1106 3836 1250 3893 enim
1285 3847 1309 3875 ο
1349 3837 1749 3907 qualescunque

183 3928 334 3981 etiam
369 3931 689 3983 tirntationes
731 3929 1009 3993 humanas,
1041 3930 1134 3984 sed
1158 3945 1317 3998 grave
1346 3939 1623 3999 peccatum
1644 3937 1747 3993 est,

177 4018 313 4086 quod
348 4020 395 4072 in
416 4022 690 4090 querelam
707 4022 1087 4076 venit.C:ctera
1110 4037 1228 4091 qute
1258 4021 1332 4075 illi
1367 4022 1576 4090 objecta
1600 4031 1747 4087 sunt,

184 4110 311 4164 sicut
337 4114 498 4178 gestis
513 4112 733 4167 defensa
763 4112 1072 4181 perviderit,
1093 4114 1162 4167 ita
1181 4113 1247 4167 de
1270 4114 1351 4166 his
1374 4112 1560 4183 procul
1588 4108 1751 4167 dubio

172 4212 260 4256 tua
290 4202 560 4258 beatiutdo
584 4204 864 4273 judicabit.
897 4203 1054 4260 Dabit
1074 4219 1206 4260 sane
1231 4204 1387 4260 nobis
1407 4203 1618 4259 veniam
1652 4202 1753 4257 mi-

243 4415 268 4442 ⁸
297 4406 397 4460 ιιι.
427 4405 546 4460 Vat.
573 4419 694 4460 cum
720 4404 861 4475 vulg.
899 4406 1046 4462 addit
1077 4415 1217 4459 tunc.

239 4476 268 4515 ι)
302 4477 458 4532 Vind.
478 4492 580 4531 ius.
605 4492 725 4529 cum
754 4478 861 4532 alio
881 4476 1116 4532 Colliert.
1150 4475 1298 4531 delet
1327 4480 1500 4528 natus.

241 4558 268 4587 ε
302 4546 377 4633 En!
408 4550 597 4633 eodem
640 4547 927 4633 min-Vind.
964 4548 1304 4633 'ipseruimus
1327 4560 1510 4602 vocem
1531 4545 1620 4612 id,
1655 4561 1753 4615 pro

172 4634 271 4690 qua
294 4619 413 4672 alia:
443 4618 709 4672 editiones
742 4620 939 4674 habent
959 4618 1113 4673 illud.
1526 4687 1536 4696 _
1567 4687 1577 4696 _

239 4687 267 4727 ὁ
299 4689 387 4742 Sic
410 4689 582 4743 nostri
620 4689 779 4743 codd.
802 4691 1025 4758 ct'vulg.
1064 4687 1404 4755 Quesnellus,
1438 4695 1746 4753 petitionem.

244 4769 268 4797 ι
300 4759 445 4813 Edit.
468 4760 661 4830 Cone,
689 4762 823 4827 Aug.
853 4770 907 4814 ct
936 4758 1123 4815 CouSt.
1150 4800 1166 4825 ,
1214 4761 1561 4830 qualecunque
1588 4761 1750 4813 etiam

178 4831 459 4884 lentationis
486 4829 745 4883 humanm.

246 4900 266 4938 ί
302 4902 502 4965 Quesu.
536 4900 728 4953 inserit
773 4897 989 4954 rivulus.
1020 4898 1326 4955 Delevimus
1354 4913 1475 4953 cum
1505 4897 1662 4951 Vind.
1692 4906 1750 4953 ct

175 4974 385 5025 ezrteris
417 4969 555 5035 vulg.
589 4969 663 5023 Ex
697 4971 1136 5025 antecedentibus
1163 4969 1596 5036 subintrlligitur.

239 5052 268 5087 ε
296 5044 391 5093 ais.
428 5039 653 5093 Vindch.
683 5041 960 5104 mendose,
989 5040 1066 5094 Itis
1091 5056 1204 5108 quin
1224 5042 1503 5109 rescriptis.
1526 5040 1750 5095 Correo-

174 5114 375 5165 tiwneui
414 5112 758 5180 suppeditant
786 5112 869 5165 alii
897 5112 1053 5166 codd.
1084 5126 1205 5163 cum
1238 5110 1427 5178 quibus
1461 5110 1661 5165 Beued.
1693 5121 1750 5165 et

168 5184 354 5236 Const.
402 5185 599 5250 tuisque
633 5183 909 5246 rescriptis.
963 5183 1096 5236 Αιὶειε
1125 5180 1407 5244 editiones,
1439 5191 1487 5232 et
1527 5186 1749 5245 misr-e-

167 5254 393 5319 scn‘ptis.
431 5254 754 5319 Quesnellus
778 5255 878 5306 alia
905 5267 1122 5321 prorsus
1154 5251 1384 5306 lectione
1416 5259 1578 5304 latam
1610 5252 1746 5305 hanc

168 5330 459 5391 ρρτισομριι
503 5325 771 5392 expressit
802 5341 814 5376 :
847 5333 901 5376 ut
944 5325 1021 5376 Itis
1047 5337 1162 5392 quia
1208 5322 1296 5375 tibi
1326 5322 1626 5375 videbantur
1669 5338 1749 5375 re-

162 5397 301 5464 scrip
327 5396 367 5448 is
379 5394 442 5448 de
468 5395 727 5447 communi
748 5394 1137 5461 participatione
1151 5394 1433 5464 gratiteuos
1452 5392 1746 5464 cottsoleris.

230 5462 498 5519 1{Pro-ter
546 5480 677 5518 mss.
734 5465 889 5532 hujus
935 5463 1268 5518 colli-cuiauis
1314 5474 1366 5517 et
1421 5462 1747 5523 Isidortante,

159 5547 342 5591 exstat
363 5539 525 5589 etiam
558 5538 612 5587 in
636 5536 802 5588 collcc
831 5538 949 5587 ioue
981 5536 1249 5589 Avellaua.
1286 5533 1597 5600 “elegimus
1626 5547 1746 5585 cum

158 5608 443 5661 culicibus
463 5604 857 5675 Vindebonensi
889 5604 955 5658 59
988 5604 1142 5675 hujus
1171 5605 1525 5668 collecxiouis,
1550 5612 1603 5657 et
1629 5601 1747 5656 Vat.

72 5702 73 5747 ι
153 5678 297 5737 5791
330 5676 418 5733 col
440 5689 545 5731 eet.
580 5674 887 5730 lsidoriamc

70 5776 73 5803 ι

1784 4406 1839 4467 D

1839 1833 2061 1895 totoque
2091 1823 2369 1894 religionis
2398 1822 2677 1876 catholica:
2704 1821 2889 1891 vigore
2913 1822 3148 1876 firmatas
3179 1820 3196 1861 ί
3231 1838 3260 1877 a
3290 1823 3431 1879 duo.

1841 1915 1939 1968 ltus
1971 1916 2161 1967 missas
2184 1913 2443 1976 conciliis,
2480 1926 2574 1980 per
2601 1912 2815 1964 fratrem
2848 1923 2897 1965 et
2925 1912 3300 1979 coepiscopum
3332 1929 3433 1967 uo-

1840 2018 2009 2063 strutn
2032 2005 2228 2060 Juliutn
2252 2017 2495 2073 pergrata
2510 2003 2846 2070 suscepimus
2867 2003 3064 2066 animo,
3081 2002 3222 2072 quod
3244 2020 3428 2061 carum

1844 2106 1998 2149 tenor
2046 2094 2329 2162 omnisque
2371 2092 2650 2147 contestio
2690 2093 2743 2147 ia
2793 2093 3224 2148 coasideratioue
3252 2094 3431 2165 quoti-

1842 2184 2016 2239 diana:
2071 2185 2254 2253 gratia:
2307 2182 2438 2250 Dei,
2488 2191 2541 2236 et
2604 2183 2657 2236 in
2713 2196 2901 2237 eorum
2955 2184 3288 2238 correctione
3334 2184 3429 2252 qui

1843 2288 2028 2333 contra
2060 2275 2298 2330 sentiunt
2344 2276 2359 2326 i
2391 2318 2406 2342 ,
2439 2276 2641 2345 integra
2686 2277 2898 2330 ratione
2953 2277 3199 2331 consistit
3241 2295 3253 2330 :
3288 2288 3344 2333 ιιι
3374 2288 3430 2334 et

1844 2370 1949 2426 illis
1977 2375 2188 2423 omnem
2224 2368 2413 2423 tollere
2448 2366 2597 2438 161
2635 2363 2657 2402 ιι
2701 2367 2870 2432 pessit
2903 2382 3174 2433 errorem,
3227 2379 3283 2423 et
3315 2368 3431 2423 ido-

1845 2476 2028 2523 neum,
2046 2460 2173 2513 dato
2203 2460 2392 2528 quovis
2423 2468 2619 2513 nostra:
2647 2457 2782 2526 legis
2798 2457 3071 2526 exemplo,
3095 2475 3254 2528 quem
3277 2461 3430 2530 sequi

1845 2553 2095 2615 debeant,
2125 2551 2343 2620 dignum
2371 2547 2615 2619 1possint
2634 2551 2875 2619 praebere
2903 2551 3199 2606 doctorem.
3230 2550 3334 2606 Sed
3363 2551 3433 2605 da

1849 2644 1931 2698 his
1958 2646 2063 2712 jam
2089 2646 2241 2708 satis,
2274 2650 2332 2695 ut
2370 2643 2584 2710 Opinor,
2615 2657 2773 2710 supra
2802 2642 3062 2705 diximus,
3089 2657 3207 2696 cum
3240 2644 3432 2698 vestris

1847 2737 2199 2792 relationibus
2229 2733 2617 2802 reSpondentes
2647 2734 3056 2802 rescripsimus,
3100 2734 3225 2802 quid
3253 2736 3335 2788 vel
3363 2737 3432 2791 de

1848 2843 2036 2883 eorum
2081 2824 2339 2896 perfidia.
2366 2827 2448 2879 vel
2479 2825 2547 2879 de
2572 2834 2751 2878 vestra
2782 2824 3047 2879 sententia
3080 2828 3428 2882 sentiremus.

1850 2919 1956 2976 Sed
1987 2918 2213 2974 subinde
2246 2930 2431 2972 contra
2460 2933 2554 2972 eos
2586 2917 2833 2972 subvenit
2871 2927 2927 2971 et
2951 2919 3258 2988 suppeditat
3288 2919 3432 2986 quod

1850 3011 2060 3066 dicatur
2088 3030 2101 3075 ;
2152 3025 2253 3065 nec
2282 3019 2457 3081 putest
2506 3010 2789 3080 aliquando
2817 3018 2857 3047 ιιι
2895 3024 3017 3066 esse
3048 3011 3188 3081 quod
3231 3010 3433 3080 vincat,

1774 3083 1818 3144 Ο
1851 3121 1972 3162 cum
2002 3115 2109 3161 tam
2142 3107 2392 3160 miserum
2424 3104 2749 3174 impiumque
2790 3105 2860 3159 sit
2901 3104 3043 3174 quod
3085 3116 3280 3160 nostra:
3312 3106 3436 3165 fidei

1853 3200 2050 3255 virtute
2087 3208 2140 3254 et
2184 3199 2293 3268 ipsa
2324 3199 2532 3269 plenius
2566 3200 2792 3252 veritate
2833 3200 3100 3252 vincatur.
3150 3198 3249 3266 Qui
3293 3201 3437 3254 enim

1856 3308 2069 3348 omnem
2100 3292 2224 3345 vita:
2254 3306 2402 3359 spem
2438 3289 2643 3358 respuit
2666 3297 2823 3358 atque
2854 3289 3198 3359 contempsit,
3225 3291 3438 3346 inimica

1856 3381 2254 3449 damuabilique
2283 3394 2375 3432 cor
2394 3394 2548 3432 suum
2564 3379 2925 3445 disputatione
2941 3379 3293 3442 confundens,
3317 3396 3439 3435 cum

1858 3472 2176 3528 creditttiltil
2209 3487 2328 3525 esse
2358 3472 2496 3538 quod
2520 3486 2552 3525 a
2584 3470 2694 3524 Deo
2723 3471 2974 3538 accipiat,
3004 3473 3326 3539 necaliqtaitl
3346 3489 3441 3525 su-

1857 3579 2093 3636 peresse,
2124 3564 2266 3633 quod
2299 3572 2441 3628 petat
2467 3561 2535 3615 ad
2565 3562 2862 3615 sanandum
2889 3571 2915 3598 υ
2947 3577 3047 3626 se;
3078 3564 3169 3632 qui
3196 3562 3296 3617 sibi
3338 3563 3441 3620 hoc

1857 3655 2079 3709 abstulit
2105 3694 2122 3720 ,
2146 3653 2371 3707 ulterius
2401 3652 2525 3719 quid
2574 3652 2831 3721 reliquit?
2858 3649 2913 3707 Si
2948 3668 3075 3718 ergo
3117 3666 3240 3708 sunt
3277 3654 3441 3726 aliqui

1853 3760 1989 3815 quos
2025 3745 2078 3798 in
2101 3746 2180 3799 sui
2213 3743 2581 3798 defensionem
2604 3747 2926 3813 perversitas
2957 3754 3101 3799 tanta
3132 3754 3157 3782 ο
3180 3746 3441 3814 devinxit,

1852 3838 1942 3905 qui
1972 3837 2096 3891 huic
2136 3850 2198 3891 se
2245 3836 2479 3906 dogmati
2511 3836 2708 3889 dedant
2736 3846 2895 3903 atque
2918 3836 3270 3907 conjuugant,
3318 3854 3444 3905 spe-

1853 3936 2036 3984 rantes
2068 3931 2167 3983 hoc
2196 3928 2262 3981 ad
2303 3917 2620 3982 catholicam
2651 3927 2922 3996 pertinere
2952 3926 3273 3994 doctrinam,
3300 3930 3442 3999 quod

1854 4022 2151 4075 abhorrens
2172 4021 2401 4089 longius,
2429 4028 2484 4074 et
2509 4020 2722 4089 penitus
2740 4020 3065 4088 approbatur
3080 4021 3365 4075 adversum
3390 4032 3442 4087 ι),

1856 4114 2034 4169 inlecti
2066 4113 2279 4167 illorum
2312 4123 2369 4167 et
2403 4112 2654 4176 monitis,
2693 4122 2748 4167 ct
2776 4112 2989 4178 verbis,
3019 4121 3079 4167 ut
3107 4112 3442 4180 laberentur,

1852 4194 2091 4270 inducti;
2122 4212 2387 4275 quatenus
2416 4203 2485 4258 ad
2518 4211 2724 4258 rectum
2766 4203 2863 4257 viae
2890 4205 3156 4260 tramitem
3200 4205 3444 4275 redeant,

1941 4401 1955 4440 ί
1997 4400 2163 4457 Garu.
2194 4401 2341 4456 addit
2367 4413 2415 4456 et
2442 4403 2593 4457 alios.

1941 4473 1956 4523 i
1994 4475 2138 4529 ldum
2163 4472 2327 4526 Garn.
2345 4514 2360 4536 ,
2390 4476 2593 4544 integra
2619 4474 2802 4528 relatio
2818 4474 2896 4526 ita
2916 4474 3162 4527 consistit.

1928 4541 1955 4581 lt
1994 4545 2194 4610 Quesn.
2238 4557 2360 4596 cum
2402 4541 2515 4598 suis
2561 4560 2724 4612 mss.,
2770 4546 2984 4612 possint.
3028 4544 3249 4598 Rectius
3290 4542 3446 4601 Vind.

1857 4628 1977 4668 cum
2004 4614 2126 4668 aliis
2156 4628 2289 4668 mss.
2323 4623 2379 4670 et
2406 4615 2584 4679 editis,
2612 4617 2794 4684 possit,
2825 4618 2872 4667 nd
2905 4623 3005 4679 est,
3036 4618 3290 4669 eontextio
3327 4615 3448 4670 litte-

1855 4701 2055 4757 rarum.
2087 4685 2241 4757 Dein,
2266 4687 2448 4739 idoneo
2477 4686 2596 4740 dato
2619 4689 2779 4740 cuivis
2809 4686 2861 4740 in
2894 4685 3282 4757 recentioribus
3304 4689 3447 4757 vulg.

1853 4753 2091 4821 Ctmcil.;
2122 4756 2173 4809 in
2204 4757 2434 4824 antiquis
2467 4772 2597 4811 vero
2620 4761 2881 4812 retinetur
2902 4757 3092 4825 quovis.
3117 4755 3307 4826 Garn.,
3333 4753 3450 4813 ido-

1854 4841 2007 4897 neum
2035 4826 2194 4881 cuivis
2223 4826 2345 4880 dato
2371 4829 2516 4897 legis.

1930 4894 1947 4934 ¹
1983 4897 2148 4950 Garu.
2174 4909 2228 4954 et
2253 4894 2565 4960 Vitttlfms"
2602 4900 2781 4964 possit.

1921 4977 1960 5038 φ
1990 4966 2159 5022 Garri.
2197 4984 2319 5022 cum
2355 4969 2617 5034 Merliuo,
2644 4969 2891 5036 Ct-abbo,
2918 4968 3118 5024 Bcucd.
3159 4977 3215 5023 et
3250 4969 3453 5038 aliquot

1851 5037 2009 5093 codd.
2048 5039 2163 5092 Vat.
2187 5082 2201 5106 ,
2237 5039 2424 5091 deesse.

1924 5116 1952 5144 ιι
1986 5108 2141 5161 Vind.
2163 5149 2179 5173 ,
2207 5108 2272 5160 si.
2305 5108 2423 5163 Vat.
2444 5148 2458 5170 ,
2492 5109 2600 5162 sed.
2630 5108 2985 5162 Correximus
3024 5123 3077 5160 re
3105 5122 3167 5160 es
3198 5106 3450 5177 emcnda-

1852 5179 2077 5234 tieribus
2106 5177 2257 5232 libris
2285 5181 2520 5231 excusis.
2547 5178 2750 5244 Quesu.
2784 5190 3067 5246 utrumque
3103 5176 3301 5228 omisit.

1926 5258 1953 5286 ο
1985 5250 2310 5308 Garnerius,
2340 5249 2645 5312 devinxerit,
2678 5249 2889 5317 quique.
2921 5244 3107 5317 Postea
3142 5260 3237 5313 pro
3263 5244 3452 5298 abhor-

1853 5336 1970 5373 rens
1993 5319 2208 5389 quidam
2240 5316 2370 5371 editi
2398 5317 2596 5370 habent
2614 5313 2878 5389 ubinam,
2908 5316 2992 5369 vel
3014 5313 3288 5389 operulas.

1926 5400 1954 5440 ιι
1980 5384 2166 5444 Const.
2208 5401 2277 5440 ea
2319 5389 2485 5440 veteri
2527 5386 2650 5451 cod.
2680 5386 2835 5440 Colit.
2872 5386 3088 5453 corrigit
3128 5384 3356 5452 affectu;
3400 5397 3454 5444 ot

1854 5470 2003 5516 recte
2035 5460 2248 5526 quidem
2279 5474 2293 5510 :
2328 5458 2443 5511 haec
2472 5456 2617 5510 enim
2648 5456 2973 5524 respondent
3001 5455 3064 5510 iis
3087 5458 3268 5511 νοιιιιε
3298 5458 3455 5527 quino

1854 5548 1959 5597 que
1985 5532 2362 5598 episcoporum
2397 5529 2450 5581 in
2480 5530 2705 5597 epistola
2733 5528 3052 5597 praecedenti
3079 5547 3092 5584 :
3130 5527 3283 5595 Quod
3310 5544 3456 5581 scan-

1854 5603 2030 5654 dalum
2050 5600 2327 5663 auditores,
2349 5609 2394 5651 et
2410 5602 2458 5650 in
2481 5614 2768 5669 perversum
2786 5614 3116 5656 ωιεῦτοιεε
3136 5600 3246 5670 ejus
3268 5614 3458 5670 usque-

1855 5688 2055 5739 quoque
2075 5686 2317 5740 spargere
2345 5685 2445 5723 non
2478 5680 2695 5725 (88801".
