3960 6188
492 261 598 313 ιεδ

1416 249 1752 306 APPENDiX
1795 249 1880 302 AD
1922 247 1977 302 S.
2023 246 2258 301 LEONIS
2301 245 2507 300 MASS!
2547 241 2794 298 Ol’lZRA.

3657 236 3772 286 λιιι

495 365 819 421 lestinabuut
861 381 873 416 2
908 373 933 402 ι
958 378 1025 417 ne
1053 362 1247 416 diutius
1279 369 1508 414 mentem
1533 359 1784 412 obsidens
1813 360 1955 412 velut
1980 373 2070 411 eo-
2101 365 2146 420 Α
2245 356 2374 412 Car.
2407 357 2490 412 Ill.
2515 363 2622 404 -ι
2663 355 2766 407 Sed
2811 353 3008 405 utinatn
3031 390 3046 414 ,
3088 347 3223 417 quod
3262 346 3547 416 optandum
3591 352 3772 414 mags

497 473 615 513 rum
647 455 893 511 sensibus
917 463 1096 522 pastus
1126 467 1277 506 error
1302 448 1539 503 invadat.

565 545 694 602 CAP.
730 543 1032 598 ll.—-‘Nam
1069 541 1111 594 si
1147 540 1389 604 Pelagius
1418 551 1733 605 quocunque
1766 537 1885 590 loco
1921 537 2081 591 resti-

503 641 596 703 tit,
625 650 810 690 eorum
842 633 1080 696 animos,
1113 630 1200 698 qui
1241 630 1393 682 facile
1431 628 1514 682 vel
1550 627 1868 694 simpliciter
1897 627 2084 681 crede-

502 736 625 782 rent
653 725 976 791 disputanti,
1009 723 1106 776 hac
1132 721 1486 774 afﬁrmatione
1523 720 1768 788 decepit,
1811 717 1837 757 δ
1877 736 1968 773 seu
2001 719 2086 772 ltic

503 821 581 874 illi
617 818 671 872 in
716 817 856 872 Urbe
897 815 1004 869 sint
1045 814 1204 885 (quod
1247 815 1544 865 nescientes
1590 826 1687 865 nec
1725 810 2084 874 manifestare,

505 924 604 964 nec
643 922 836 976 negare
870 920 1183 973 possumus;
1216 918 1358 968 cum,
1389 911 1442 955 et
1471 901 1514 954 si
1553 911 1696 965 sunt,
1732 903 1959 965 lateant;
1991 918 2088 955 nec

507 1000 795 1070 aliquando
824 997 1054 1051 audeant
1082 997 1164 1050 vel
1195 997 1341 1048 illum
1379 995 1752 1064 przrdit-antetn
1781 995 1877 1047 ista
1903 993 2088 1048 defen-

505 1093 656 1155 dere,
683 1091 766 1142 vel
801 1089 920 1142 talia
954 1088 1129 1156 aliquo
1160 1099 1461 1141 nostrorum
1493 1097 1756 1154 praesente
1781 1085 2004 1154 jactare,
2036 1097 2088 1141 ct

505 1185 557 1236 in
593 1192 735 1236 tanta
767 1194 788 1220 ο
827 1182 1137 1249 populorum
1183 1181 1336 1248 162
1372 1179 1708 1232 multitudine
1754 1195 1856 1232 non
1896 1179 2088 1247 depre-

507 1275 664 1330 hendi
704 1275 894 1343 aliquis
922 1274 1096 1334 facile,
1131 1273 1214 1325 vel
1251 1273 1444 1325 alicubi
1479 1271 1940 1342 possitagnosci).
1978 1274 2090 1326 sive

507 1368 560 1418 in
587 1366 771 1431 quovis
803 1371 1063 1416 terrarum
1094 1361 1212 1414 loco
1244 1361 1439 1433 degant
1472 1380 1484 1415 :
1515 1360 1538 1398 ἀ
1575 1364 1781 1417 Domini
1806 1365 1970 1417 nOStri
2003 1363 2094 1416 mi-

508 1455 794 1510 sericordia
824 1456 1099 1524 gratiaque
1129 1453 1394 1509 credimus
1415 1495 1428 1517 ,
1461 1455 1598 1524 quod
1637 1455 1788 1510 facile
1820 1458 2092 1524 corrigan-

510 1557 616 1614 tur,
651 1548 827 1601 audita
864 1548 980 1615 ejus
1013 1549 1352 1601 damnatione
1385 1557 1408 1585 ⁸
1440 1548 1528 1618 qtti
1574 1549 1733 1601 fuerit
1771 1549 2007 1614 pertitax
2039 1558 2094 1602 et

510 1640 765 1693 resistens
789 1639 944 1708 bujus
975 1639 1238 1709 dogmatis
1265 1649 1454 1694 auctor
1480 1641 1745 1694 inventus.
1785 1641 1892 1695 Nec
1929 1643 2090 1696 inter-

2185 458 2293 512 est,
2331 449 2488 499 etiam
2528 460 2584 498 se
2629 445 2719 497 ille
2757 443 2822 495 ad
2855 456 3032 496 veram
3073 437 3346 491 catholicae
3381 436 3501 490 fidei
3531 438 3668 491 viam
3703 439 3774 488 alt

2188 540 2277 592 illo
2304 537 2641 590 sni'trantitis
2679 549 2864 588 errore
2901 538 3208 590 convertat,
3239 536 3297 582 ut
3333 529 3505 593 cupiat
3535 529 3775 594 velitque

2186 648 2315 701 pttrg
2335 632 2419 693 tri,
2452 630 2802 686 Considerans
2826 625 3187 694 quotidianam
3222 621 3312 674 Dei
3341 622 3582 688 gratiam,
3613 621 3775 687 adju-

2189 723 2488 789 toriumque
2515 732 2846 787 cognoscens
2879 734 2890 768 :
2925 726 2981 768 ut
3019 714 3260 767 videatur
3288 711 3314 748 ¹ι
3347 726 3469 764 vere
3494 720 3548 765 et
3576 725 3772 778 appro-

2187 812 2341 866 betnr
2375 812 2442 862 ab
2482 809 2729 862 omnibus
2765 805 3045 860 manifesta
3083 804 3292 856 ratione
3321 811 3624 860 cutrectus,
3660 814 3770 853 non

2187 913 2456 972 gestorum
2510 900 2746 963 indicio,
2798 897 2892 951 sed
2940 897 3002 950 ad
3049 893 3364 950 catholicam
3416 893 3566 962 163
3609 891 3770 944 fidem

2189 995 2349 1048 corde
2375 994 2647 1045 universo.
2680 989 2830 1044 Unde
2860 1003 2961 1042 non
2989 1001 3271 1055 possumus
3302 984 3509 1036 illorum
3545 997 3645 1035 nec
3672 997 3771 1048 ap-

2191 1085 2438 1156 probare,
2468 1099 2564 1137 nec
2588 1082 2801 1150 culpare
2823 1080 3097 1146 judicium,
3121 1092 3239 1130 eum
3271 1089 3380 1129 tteSt
3398 1074 3566 1128 iatnns
3593 1083 3773 1126 utrum

2190 1193 2314 1232 vera
2345 1179 2452 1230 sint
2479 1188 2657 1240 gesta;
2685 1183 2770 1226 aut
2796 1173 2840 1225 si
2868 1186 2990 1225 vera
3023 1178 3167 1232 sunt,
3200 1169 3346 1221 illum
3375 1175 3580 1221 constet
3604 1165 3774 1232 magis

2191 1267 2575 1335 sttbterfugisse
2597 1307 2612 1327 ,
2648 1278 2806 1333 quam
2836 1277 2894 1316 se
2924 1269 3030 1314 tota
3059 1259 3288 1312 veritate
3321 1269 3588 1321 lttrgasse.
3622 1251 3636 1290 ¹
3673 1254 3775 1320 Qui

2191 1363 2235 1415 si
2267 1359 2486 1412 confidit
2516 1357 2766 1422 novitque
2797 1369 2900 1405 non
2944 1360 3120 1404 nnetra
3150 1347 3365 1415 dignum
3405 1360 3524 1401 esse
3552 1345 3774 1397 damna-

2194 1457 2366 1518 tione,
2397 1454 2537 1524 quod
2585 1453 2756 1514 dicat,
2787 1461 2874 1504 attt
2916 1450 3024 1518 jam
3071 1449 3169 1500 ltoc
3211 1457 3372 1498 totum
3415 1459 3470 1498 se
3511 1442 3776 1497 rt-futasso

2194 1549 2331 1617 quod
2363 1547 2578 1601 dixerat
2599 1586 2614 1609 ,
2655 1559 2757 1597 non
2793 1559 2823 1596 a
2867 1543 3020 1596 nobis
3049 1538 3322 1600 accersiri,
3355 1537 3446 1592 sed
3475 1536 3589 1600 ipse
3617 1535 3776 1588 drbet

2196 1638 2374 1705 potius
2403 1637 2679 1699 festinare,
2711 1643 2765 1686 ιιι
2797 1633 2964 1699 possit
2996 1629 3230 1693 absolvi;
3266 1644 3386 1681 natu
3415 1629 3456 1680 si
3487 1627 3664 1679 adhuc
3695 1637 3776 1678 ta-

512 1738 596 1784 est
627 1729 712 1784 ubi
741 1731 824 1783 isti
857 1730 1073 1792 fuerint,
1100 1745 1219 1784 cum
1253 1730 1552 1799 ubicunque
1577 1731 1797 1785 inveniri
1830 1731 2094 1800 potuerint
2128 1719 2169 1778 B
2199 1730 2320 1784 liter
2363 1727 2552 1789 sentit,
2583 1734 2622 1762 ω
2649 1722 2861 1794 quando
2898 1737 2958 1776 se
3003 1732 3185 1774 nostro
3226 1719 3320 1787 jud
3345 1717 3459 1780 cio,
3499 1717 3778 1784 quibusvis

513 1820 620 1874 sint
657 1820 899 1874 sanandi.
946 1819 1107 1873 Nobis
1149 1829 1325 1873 tamen
1369 1818 1389 1857 ί
1434 1835 1532 1875 nec
1572 1821 1879 1890 persuaderi
1925 1831 2095 1890 potest

513 1927 634 1965 eum
663 1926 784 1964 esse
811 1921 1109 1979 purgatum,
1141 1911 1380 1979 quamvis
1410 1912 1475 1964 ad
1505 1928 1601 1965 nos
1632 1927 1659 1964 a
1689 1913 1868 1967 nescio
1907 1914 2098 1982 quibus

515 2001 667 2054 laicis
703 2000 808 2053 sint
849 2008 997 2068 gesta
1040 2000 1271 2067 pet-lata,
1311 2001 1502 2067 quibus
1543 2001 1629 2055 ille
1669 2013 1724 2056 et
1761 2003 1998 2056 auditum
2041 2017 2100 2058 se

515 2091 758 2146 crederet
790 2097 846 2144 et
875 2091 1174 2144 absolutum
1207 2107 1218 2142 :
1253 2106 1369 2159 quae
1397 2099 1569 2144 utrum
1602 2107 1724 2146 vera
1757 2095 1862 2145 sint
1887 2092 2099 2146 dubita-

523 2195 665 2247 mus,
689 2181 828 2250 quod
853 2182 952 2234 sub
982 2182 1120 2234 nulla
1147 2181 1284 2236 illius
1309 2183 1518 2236 concilii
1547 2183 1918 2251 prosecutione
1948 2191 1971 2228 ε
2009 2199 2099 2238 ve-

519 2271 712 2338 nerint,
747 2286 845 2326 nec
867 2286 1051 2325 eorum
1083 2272 1286 2342 aliquas
1318 2274 1620 2342 accepimus
1649 2274 1716 2326 de
1746 2273 1842 2326 ltac
1874 2288 1932 2328 re
1959 2274 2101 2326 litte-

523 2377 645 2429 ras,
673 2362 806 2430 apud
835 2377 968 2428 quos
1000 2362 1151 2415 isdus
1181 2363 1258 2416 rei
1299 2364 1398 2415 iste
1431 2364 1678 2430 praestitit
1713 2377 1922 2418 causas.
1951 2364 2101 2429 Quod

520 2454 565 2508 si
614 2453 680 2506 de
725 2467 818 2505 sua
864 2452 954 2506 ille
1003 2452 1266 2519 potuisset
1316 2454 1629 2522 purgatione
1670 2454 1959 2518 conlidere,
2003 2457 2102 2508 hoc

523 2544 690 2610 magis
728 2543 996 2595 credimus
1032 2542 1170 2608 quod
1209 2544 1435 2612 egisset,
1472 2543 1612 2612 quod
1657 2545 1824 2598 multo
1863 2542 1890 2581 ιι
1927 2545 2106 2600 verius

523 2648 643 2686 esse
672 2640 932 2701 potuerat,
961 2642 1021 2686 ιιι
1050 2633 1169 2686 illos
1201 2643 1414 2703 cogeret
1437 2636 1674 2704 epistolis
1709 2637 1839 2702 suis,
1873 2638 1994 2706 qttid
2021 2639 2105 2707 ju—

525 2723 836 2776 dicaverant
868 2724 1122 2780 indicare.
1161 2725 1351 2779 Verum
1387 2741 1507 2780 cum
1544 2727 1650 2781 sint
1689 2729 1859 2798 aliqua
1893 2729 1944 2783 in
1977 2731 2104 2799 ipsis

526 2814 698 2884 posita
735 2815 930 2884 gestis,
969 2832 1088 2885 quae
1124 2817 1331 2885 objecta
1371 2821 1560 2887 partim
1601 2821 1688 2876 ille
1727 2821 1940 2875 vitando
1983 2839 2109 2891 sup-

526 2907 740 2972 pressit,
779 2907 969 2974 partim
1008 2907 1170 2960 tnnlta
1210 2909 1260 2960 in
1305 2923 1362 2963 se
1400 2911 1560 2963 verba
1598 2913 1958 2980 retorquendo
1998 2923 2105 2967 tota

527 2995 849 3050 obscuritate
879 2997 1134 3062 confudit,
1157 2999 1329 3069 aliqua
1361 3001 1528 3070 magis
1560 3003 1702 3055 falsis
1733 2999 1748 3039 ί
1775 3016 2108 3072 argumenta-

2199 1821 2430 1885 acceplis
2456 1817 2662 1876 litteris.
2689 1830 2810 1869 cum
2838 1829 2896 1868 se
2925 1812 3061 1866 sciat
3083 1811 3439 1864 damnandum
3465 1821 3608 1868 esse,
3633 1822 3778 1861 com-

2201 1909 2418 1964 mittet?
2452 1907 2603 1972 Quod
2636 1907 2681 1960 si
2710 1913 2737 1941 ³
2767 1903 3140 1958 aceersiendus
3174 1907 3348 1962 esset,
3379 1897 3447 1952 ab
3480 1899 3560 1966 Itis
3591 1897 3778 1951 melius

2202 2002 2386 2065 lit-ret,
2418 1998 2508 2065 qui
2551 1996 2720 2063 magis
2770 1993 3031 2062 proximi,
3065 2003 3118 2046 et
3167 2006 3270 2045 non
3321 1991 3476 2056 longo
3517 1999 3780 2042 terrarum

2202 2094 2374 2161 Spalio
2403 2091 2649 2144 videntur
2681 2069 2800 2142 esse
2836 2085 3107 2154 disjuncti.
3139 2083 3176 2137 S
3209 2082 3241 2136 d
3281 2096 3383 2136 non
3424 2081 3598 2134 deerit
3633 2095 3779 2144 cura,

2202 2187 2244 2240 si
2293 2184 2568 2238 medicina:
2606 2179 2890 2250 pratltuerit
2935 2178 3024 2232 ille
3074 2177 3382 2234 materiam;
3423 2182 3590 2242 potest
3641 2173 3780 2228 enim

2203 2275 2460 2329 damnare
2491 2289 2607 2342 qua:
2638 2279 2882 2325 senserat
2903 2309 2916 2332 ,
2948 2283 3010 2322 ac
3045 2268 3180 2320 datis
3211 2267 3402 2320 litteris
3437 2264 3641 2318 erroris
3681 2268 3781 2326 sui.

2204 2376 2262 2421 ut
2284 2379 2582 2432 regressum
2610 2362 2674 2415 ad
2713 2376 2809 2414 nos
2839 2362 3011 2425 decet,
3042 2359 3249 2414 veniam
3281 2357 3568 2427 postulare,
3593 2356 3784 2412 fratres

2205 2453 2526 2508 charissimi.

2276 2544 2405 2599 Car.
2442 2543 2526 2598 IV.
2554 2572 2620 2586 -
2643 2542 2860 2598 Librum
2897 2557 3027 2597 sane
3063 2541 3154 2611 qui
3189 2542 3306 2608 ejus
3339 2553 3458 2594 esse
3493 2538 3786 2601 diceretur,

2207 2637 2357 2690 nobis
2395 2651 2422 2688 a
2456 2646 2631 2690 vestra
2678 2636 2939 2690 eltaritate
2973 2632 3343 2688 transmissum
3372 2631 3698 2695 evolvimus,
3738 2629 3787 2683 itt

2206 2746 2311 2798 quo
2343 2738 2368 2765 ο
2401 2729 2589 2795 (multa
2630 2738 2812 2783 contra
2854 2727 2950 2783 Dei
2990 2728 3210 2796 gratiam
3244 2726 3466 2794 legimus
3500 2739 3621 2778 esse.
3661 2739 3787 2776 con-

2207 2823 2423 2889 scripta)
2454 2824 2618 2876 multa
2658 2822 3000 2891 blaSpltema,
3037 2821 3164 2874 nihil
3192 2818 3333 2887 quod
3367 2819 3625 2885 placeret,
3663 2816 3788 2868 nibil

2207 2925 2236 2964 P
2267 2915 2406 2984 quod
2435 2929 2538 2968 non
2566 2915 2775 2983 penitus
2798 2913 3128 2978 distiliceret,
3158 2927 3184 2962 a
3212 2911 3401 2979 quovis
3425 2906 3787 2962 damnandum

2213 3017 2368 3074 atque
2398 3006 2710 3060 calcandum
2755 3022 2767 3057 :
2811 3003 2962 3074 cujus
2991 3001 3218 3068 similia,
3252 3001 3348 3053 nisi
3389 2999 3479 3068 qui
3517 3001 3614 3052 ista
3666 2998 3791 3051 scri-

529 3087 618 3151 tis,
649 3102 806 3155 quam
836 3103 960 3142 vera
991 3091 1226 3159 ratione,
1259 3100 1316 3144 nt
1341 3092 1404 3145 ad
1439 3103 1646 3162 tempus
1678 3107 1882 3155 t'merat
1909 3097 2098 3163 videri,

2219 3105 2419 3173 pserat,
2457 3111 2615 3150 nemo
2649 3097 2786 3150 alter
2827 3095 2880 3148 in
2920 3103 3154 3148 mentem
3192 3091 3450 3160 reciperet
3476 3099 3641 3160 atque
3678 3103 3792 3142 sen-

531 3179 790 3246 purgavit,
825 3181 1064 3250 negando
1085 3181 1208 3249 alia,
1243 3182 1342 3236 alia
1369 3181 1496 3238 falsa
1527 3184 1961 3255 interpretatione
1983 3203 2102 3245 ver-

531 3266 710 3322 Icttdo.

608 3552 632 3580 ι
660 3542 847 3601 Garn..
875 3555 966 3593 nec
987 3540 1270 3597 diutius....
1303 3542 1524 3596 invadet.

604 3611 634 3652 δ
661 3616 735 3670 Ita
773 3611 894 3667 cod.
924 3611 1075 3663 Vind.
1106 3626 1168 3664 ac
1199 3621 1306 3666 tres
1331 3614 1419 3667 alii
1455 3610 1592 3678 apud
1621 3609 2024 3666 Constantium.
2057 3611 2108 3665 id

535 3692 618 3740 est
661 3684 838 3746 Colb.,
883 3679 1046 3743 Pitlt.,
1091 3691 1143 3732 et
1183 3680 1345 3736 Corb.
1395 3685 1560 3751 prima
1602 3697 1778 3734 manu.
1815 3682 1933 3736 Vat.
1973 3681 2104 3736 5791

537 3755 681 3807 addit
706 3753 875 3806 solum
903 3751 1096 3813 decepti
1121 3760 1245 3805 ante
1271 3754 1394 3806 sint.
1423 3752 1555 3806 llinc
1577 3753 1678 3803 alia
1706 3751 1860 3804 lectio
1885 3769 1910 3802 a
1944 3754 2113 3818 Ques-

539 3826 679 3877 nello
711 3830 917 3887 recepta
953 3835 1021 3873 ex
1063 3821 1270 3875 duobus
1297 3823 1454 3876 codd.
1487 3821 1692 3874 Tltuan.
1726 3834 1777 3870 et
1820 3824 1991 3874 Oton.
2024 3837 2112 3873 seu

539 3893 619 3944 hic
650 3893 806 3960 aliqui
845 3892 1034 3960 decepti
1065 3892 1202 3954 sint,
1236 3907 1362 3960 quos
1391 3892 1685 3944 nescientes.
1722 3890 1907 3944 Nostra
1937 3903 2111 3943 autem

541 3964 699 4016 lectio
729 3961 896 4021 magis
919 3960 1149 4014 cohaeret
1180 3976 1303 4014 cum
1333 3961 1674 4027 sequentibus
1705 3977 1818 4012 cum
1847 3963 1939 4014 etsi
1964 3971 2112 4024 sunt;

541 4042 592 4086 et
617 4048 734 4086 cum
764 4033 879 4083 aliis
907 4047 992 4082 seu
1017 4029 1112 4081 hac
1141 4029 1214 4082 illi
1246 4031 1297 4084 in
1330 4031 1462 4085 Urbe
1490 4033 1624 4093 sint,
1651 4044 1813 4093 quos;
1846 4047 2002 4096 quam
2037 4031 2115 4082 Ie-

541 4103 766 4156 ctionetn
793 4099 1138 4170 Cottstantius
1177 4111 1390 4154 secutus
1412 4142 1425 4160 ,
1458 4102 1628 4153 solum
1662 4110 1881 4154 mutatnt
1908 4117 2033 4170 quos
2063 4101 2114 4154 in

542 4173 698 4241 quod.
728 4183 783 4224 ut
809 4171 861 4224 itt
890 4177 1030 4241 vulg.
1053 4169 1410 4222 Conciliorum
1434 4170 1644 4233 legitur.

623 4253 644 4280 ο
677 4244 788 4305 AL,
818 4240 995 4310 populi
1020 4241 1344 4310 titultttudtne
1370 4241 1675 4310 deprehendi
1704 4241 1888 4307 aliquis
1928 4241 2076 4306 facile
2101 4281 2115 4302 ,

543 4328 633 4366 nec
679 4311 884 4364 alicubi.
917 4309 1096 4380 AViud.
1143 4311 1262 4364 cod.
1310 4309 1509 4380 pariter
1561 4311 1732 4365 babet'
1769 4327 1858 4363 nec
1907 4311 2116 4364 alicubi.

545 4381 730 4437 Carm.
763 4395 851 4432 nec
875 4377 955 4430 ubi
980 4378 1152 4431 lateat.

613 4448 641 4490 ἀ
664 4449 1049 4504 Revocavimns
1073 4451 1330 4513 vulgatam
1356 4450 1632 4506 lectionem
1657 4466 1719 4504 ex
1746 4450 1940 4504 nostris
1963 4451 2118 4503 codd.

546 4521 707 4574 Vind.
736 4532 788 4573 et
816 4517 932 4571 Vat.
964 4521 1301 4586 Quesnellus,
1338 4528 1390 4575 in
1419 4521 1624 4575 Domini
1648 4523 1805 4576 nostri
1834 4523 2122 4574 misericor-

553 4592 640 4645 dia
665 4592 988 4656 confidimus,
1011 4593 1162 4656 quod.

621 4670 644 4697 ε
674 4661 762 4714 Sic
803 4660 959 4713 Vind.
1008 4675 1126 4714 cum
1172 4660 1293 4715 aliis
1333 4660 1512 4729 vulg.;
1554 4661 1746 4716 melius
1784 4676 1941 4729 quam
1981 4662 2119 4730 apud

549 4731 772 4796 Quesn.,
799 4731 1045 4795 quisquis.

623 4799 642 4838 ί
662 4797 856 4872 *ϐίιςιιη
887 4800 972 4872 vis:
999 4800 1328 4864 persuaderi;
1349 4809 1403 4852 et
1426 4799 1546 4872 dein
1577 4815 1696 4854 cum
1725 4801 1913 4868 priscis
1944 4802 2122 4872 Augu-

551 4870 674 4924 stini
700 4869 853 4934 etlit.,
883 4870 950 4919 ad
977 4884 1065 4919 nos
1087 4885 1116 4918 α
1147 4872 1330 4922 nostris
1351 4871 1653 4934 quibusdam
1683 4872 1848 4924 (uicis.

622 4949 646 4982 tt
679 4935 839 4989 Garn.
862 4979 876 5004 ,
901 4938 1193 4990 innotuerit.
1227 4940 1336 5004 A|.,
1370 4951 1624 4995 venerunt.

620 5006 648 5045 δ
677 5006 840 5080 Garn.
863 5045 897 5080 ,_
920 5007 1096 5080 melius
1110 5025 1136 5080 7;
1163 5019 1213 5080 et
1241 5019 1359 5076 post
1394 5025 1586 5076 pauca,
1617 5021 1749 5071 quod
1770 5012 2126 5080 judicat'erant

551 5095 692 5134 more
724 5078 1061 5150 ecclesiastico
1100 5079 1342 5132 indicate.
1371 5084 1572 5144 Qttesn.
1595 5123 1610 5143 ,
1637 5082 1760 5146 quid
1771 5078 2128 5150 Vjudicaverint

552 5150 794 5204 indicare.
829 5148 1160 5200 Prurtulimus
1195 5165 1294 5201 ms.
1325 5150 1506 5210 Vind..
1534 5148 1937 5206 concinentibus
1959 5155 2118 5206 codd.

551 5219 729 5280 Cnlb.,
765 5216 901 5270 Pitlt.
931 5227 984 5271 et
1021 5218 1218 5284 Corb.,
1254 5234 1389 5287 quos
1422 5218 1604 5276 Const.
1638 5234 1851 5276 secutus
1889 5235 1990 5276 est.
2020 5224 2123 5278 Alii

553 5290 711 5343 codd.
752 5295 808 5341 et
836 5287 1006 5362 \_ulg._,
1043 5291 1162 5352 quid
1199 5293 1586 5360 judicaverunt,
1623 5294 1703 5346 vel
1741 5293 1828 5361 qui
1857 5294 2122 5362 judicare-

554 5367 694 5422 runt,
720 5367 809 5410 aut
837 5359 1262 5425 dijudicauerunt.

633 5425 653 5466 ι
681 5429 878 5503 Qut-sn.
903 5443 1024 5482 cum
1049 5430 1166 5482 solo
1189 5429 1386 5503 Oxum,
1413 5434 1955 5503 argumentationibus.
1990 5433 2120 5487 Dein

556 5495 746 5572 Qarn.,
767 5498 961 5572 ratione
998 5495 1508 5572 purgauitnegando,
1534 5505 1638 5556 alia
1666 5504 1798 5572 {uisa
1824 5505 2123 5570 interpreta-

557 5566 724 5624 tione.
755 5580 820 5617 ne
849 5568 916 5640 ad
945 5566 1139 5634 tempus
1163 5566 1363 5630 quidem
1393 5572 1549 5626 videri
1585 5566 1801 5640 potuerit
1839 5566 2116 5640 absolutus,

563 5642 752 5698 praiter
777 5634 1017 5690 codicum
1039 5651 1100 5690 ac
1131 5640 1459 5708 vulganorunt
1484 5634 1658 5696 lide'in.

2211 3193 2354 3244 tiret.
2393 3189 2522 3243 Natu
2571 3189 2672 3244 hoc
2703 3189 2820 3243 loco
2853 3189 3012 3242 latius
3045 3187 3114 3242 de
3158 3186 3273 3254 lege
3315 3185 3616 3253 disputare.
3655 3183 3794 3237 velut

2216 3294 2394 3334 Coram
2445 3280 2616 3350 posito
2661 3288 3096 3349 repugnanteque
3136 3277 3384 3346 Pelagio,
3426 3275 3794 3331 necessarium

2293 3543 2304 3592 i
2350 3542 2660 3598 Addidimus
2689 3544 2793 3598 Sed
2823 3558 2942 3595 cum
2986 3550 3180 3594 nostris
3217 3555 3343 3594 mss.
3375 3539 3624 3595 eted-tis.
3677 3541 3794 3594 .‘tlos

2213 3615 2412 3695 Bonet].
2443 3624 2495 3695 et
2525 3613 2733 3695 βιιιιδι..
2759 3615 2868 3695 iam
2899 3629 2950 3664 se
2977 3628 3073 3695 pro
3095 3613 3252 3695 etiam
3281 3629 3350 3664 se.

2286 3683 2308 3721 ιι
2340 3686 2489 3752 Apttd
2519 3687 2649 3751 Aug.
2677 3693 2732 3736 ιιι
2762 3681 2813 3736 in
2842 3697 2940 3736 tus.
2977 3681 3154 3739 Vind”
3179 3697 3364 3752 rerum.

2292 3753 2307 3791 ι
2345 3751 2542 3816 Quesn.
2565 3796 2580 3818 ,
2615 3755 2713 3820 Qui
2744 3771 2796 3806 se
2829 3754 3038 3814 conﬁdit
3062 3792 3076 3813 ,
3109 3751 3340 3815 novitque
3377 3767 3476 3804 non
3517 3762 3699 3804 nostra
3723 3753 3796 3802 tli-

2213 3840 2368 3894 gnum
2397 3827 2736 3884 damnatione,
2766 3833 2818 3876 ut
2847 3823 3110 3894 conﬁrmet
3138 3837 3306 3894 verum
3335 3837 3442 3874 esse
3473 3827 3607 3882 quod
3628 3824 3793 3894 dicat,

2214 3891 2303 3947 aut
2333 3896 2482 3946 etiam
2509 3894 2602 3946 hoc
2642 3904 2819 3954 totum,
2851 3900 2955 3945 etc.
3000 3892 3053 3945 In
3101 3891 3338 3955 margine
3374 3901 3548 3943 autem
3592 3893 3798 3943 nutatit

2217 3967 2410 4026 verba,
2437 3974 2490 4014 ut
2528 3965 2786 4030 con/irritet
2827 3979 2995 4016 verum
3031 3977 3135 4014 esse
3161 3977 3278 4014 cum
3309 3961 3479 4028 aliqua
3513 3961 3800 4014 sententia:

2183 4035 2530 4108 ,diversitate
2552 4034 2741 4086 deesse
2771 4034 2820 4086 in
2852 4047 2953 4086 IIIS.
2976 4032 3266 4108 Tltttan:_et
3290 4033 3344 4108 _iu
3382 4030 3626 4108 vulgatis.
3669 4031 3798 4108 Cum

2217 4119 2346 4157 vero
2369 4104 2480 4156 lucc
2503 4104 2680 4156 desint
2702 4105 2861 4156 etiam
2891 4119 2939 4154 tn
2967 4115 3150 4156 nostro
3172 4102 3322 4154 Vind.
3348 4101 3466 4153 aliis
3487 4115 3571 4158 tue
3592 4102 3796 4153 codici-

2221 4177 2343 4234 ltus,
2381 4184 2520 4240 patet
2550 4175 2812 4241 glossema
2843 4175 3072 4226 esseuni
3102 4173 3268 4224 codici
3309 4171 3596 4224 Ottoniensi
3627 4172 3800 4223 inse-

2221 4255 2352 4300 tum.
2383 4247 2451 4294 ob
2476 4244 2614 4308 quod
2643 4260 2696 4296 se
2728 4243 2962 4296 additum
2995 4243 3126 4295 fuit:
3161 4242 3299 4296 unde
3331 4241 3413 4293 bic
3439 4242 3584 4293 locus
3615 4256 3800 4293 ett-en-

2224 4315 2430 4367 dandus
2457 4315 2574 4368 fttit.

2300 4393 2337 4419 ω
2368 4382 2557 4448 Garn.,
2588 4384 2860 4451 quomodo.
2907 4383 3023 4435 Mox
3067 4397 3166 4450 pro
3203 4395 3333 4436 voce
3357 4381 3576 4451 acceptis
3611 4378 3800 4434 COllrl.

2221 4470 2288 4509 ex
2316 4471 2415 4506 ms.
2439 4455 2600 4508 Corb.
2629 4455 2900 4507 substituit
2928 4455 3138 4505 accitus.

2296 4533 2322 4559 ιι
2361 4526 2432 4576 Ita
2480 4526 2637 4578 codd.
2683 4523 2985 4590 Qttesnelli,
3018 4533 3068 4575 et
3120 4525 3283 4574 nostri
3329 4536 3449 4575 cum
3501 4521 3704 4574 Benetl.
3751 4530 3802 4571 et

2222 4594 2408 4647 Coust.
2449 4596 2567 4660 AL,
2610 4593 2960 4647 accersendas.
3009 4592 3196 4646 l’ostea
3239 4607 3333 4660 pro
3373 4593 3642 4660 prtebuertt
3675 4594 3722 4643 al
3748 4604 3803 4642 as

2224 4667 2465 4731 prebeat.

2300 4744 2324 4770 ο
2360 4735 2536 4789 Verba
2566 4735 2726 4787 multa
2756 4742 2929 4785 contra
2963 4732 3052 4785 Dei
3085 4731 3300 4799 gratiam
3329 4731 3538 4802 legimus
3559 4747 3668 4783 esse
3688 4746 3802 4782 ccu-

2226 4806 2412 4871 scripta
2443 4817 2550 4858 tum
2592 4806 2642 4856 in
2684 4818 2810 4857 ιιι-ε.
2856 4804 3010 4871 ltttjtts
3052 4802 3410 4862 collectionis.
3445 4810 3550 4853 tttttt
3595 4802 3648 4852 in
3691 4802 3805 4852 alis

2233 4875 2929 4945 plerismteulesiderantur.
2959 4873 3092 4945 Cum
3120 4887 3252 4945 vero
3274 4887 3336 4925 ex
3370 4885 3497 4945 mss.
3527 4871 3750 4945 Augusti
3776 4871 3806 4919 ti

2238 4939 2353 4996 Vat.
2394 4956 2446 5000 et
2490 4943 2648 4998 C0rb.
2680 4960 2708 4998 a
2742 4944 3093 4996 Bcnedictinis
3129 4951 3180 4996 et
3215 4939 3525 4994 Constantio
3563 4943 3807 4992 restituta

2232 5018 2410 5069 sensui
2441 5017 2736 5070 neces<aria
2764 5018 2886 5071 sint,
2924 5015 3071 5066 uncis
3103 5013 3301 5066 inclusa
3335 5013 3677 5065 inserttitnus.
3709 5009 3807 5063 Ne-

2231 5102 2337 5152 que
2370 5089 2511 5139 enim
2556 5085 2722 5153 placet
2761 5089 2822 5134 ad
2863 5083 3176 5138 eliciendum
3219 5091 3590 5153 sensuurpost
3621 5095 3805 5153 vocem

2232 5151 2821 5209 calcandum-inserere
2863 5169 2982 5207 cum
3024 5155 3308 5218 Quesnello
3347 5151 3564 5207 verbum
3615 5152 3808 5202 inueni-

2233 5243 2365 5289 ntus,
2392 5226 2530 5288 quod
2561 5240 2684 5278 num
2719 5227 2897 5294 aliquo
2931 5224 2983 5277 in
3009 5224 3191 5277 codice
3215 5225 3437 5291 legatur,
3475 5223 3802 5286 ignoramus.

2233 5295 2390 5350 Deest
2418 5309 2563 5349 certe
2592 5297 2642 5346 in
2671 5294 2828 5347 Vind.
2851 5304 2905 5348 et
2933 5294 3079 5359 aliis,
3111 5294 3198 5362 qui
3225 5305 3386 5346 voces
3415 5293 3643 5362 insertas
3669 5304 3838 5362 prata

2233 5367 2534 5486 terltnittttnt
2561 5365 2842 5420 manifesto
2867 5363 3005 5418 saltu
3040 5378 3068 5416 a
3104 5361 3234 5417 voce
3259 5367 3420 5415 multa
3449 5362 3515 5416 ad
3552 5361 3712 5415 aliam
3739 5361 3808 5410 si.

2233 5451 2302 5486 ml
2327 5449 2435 5486 em.

2304 5515 2330 5554 ιι
2358 5506 2499 5559 Edit.
2527 5507 2661 5575 Aug.
2695 5515 2748 5560 et
2778 5501 2967 5558 Const.
3001 5518 3064 5558 ex
3102 5503 3379 5574 Augustini
3409 5500 3684 5558 codicibus
3715 5497 3811 5551 ad-

2229 5574 2358 5629 dunt
2387 5591 2527 5645 pene.
