3888 6182
224 217 314 276 435
655 210 884 266 CODEX
923 211 1244 267 CANONUM
1288 210 1566 265 EUCLES.
1608 210 1696 264 ΕΤ
1737 209 2312 266 C(lfv‘STileTOIiUM
2353 211 2410 265 S.
2454 211 2642 266 SlilllS
2684 211 3014 266 APOSTOL.

3367 209 3476 270 ωδ

225 343 326 384 esse
356 340 459 380 non
489 323 766 388 duximus;
798 337 918 376 cum
943 327 1216 376 vobiscum
1241 331 1264 358 ⁸
1289 331 1452 376 totam
1480 321 1790 382 scientibus.
1822 331 1870 385 Λ
1901 322 2136 391 epistola:
2172 327 2504 378 extrinsecus
2545 322 2720 378 missa)
2754 329 3082 393 respondere
3117 336 3131 376 ι
3170 327 3377 396 gesdri,
3411 343 3478 384 ne

229 420 427 492 parique
469 415 745 469 nobiscum
784 414 1094 468 assensione
1123 411 1477 482 gaudentibus
1518 411 1789 479 colloqua-

227 525 330 564 nnir
370 526 383 559 :
423 514 551 560 tunc
590 505 735 558 enim
784 503 976 556 melius
1028 503 1140 562 hac
1185 503 1431 570 exempla
1482 515 1788 570 pnntttttltt‘,

225 600 420 672 quando
441 614 560 652 cum
598 598 679 651 his
711 609 845 666 quos
877 595 1064 648 harum
1086 605 1295 650 eons'at
1321 610 1498 648 rerum
1530 591 1558 630 ι)
1591 593 1792 662 impru-

224 695 398 745 dentes
424 704 544 743 esse
577 697 889 741 tractamus.
919 686 1050 740 Nam
1075 686 1144 739 de
1174 696 1377 738 natura:
1415 684 1787 752 possibilitate,

225 786 282 838 de
319 781 482 836 libero
521 779 775 846 arbitrio,
813 788 868 832 et
902 777 968 833 de
1005 777 1150 831 omni
1189 776 1282 830 Dei
1323 779 1515 845 gratia,
1553 775 1710 846 164
1738 786 1790 829 et

226 874 510 944 quotidiana
540 873 707 940 gratia
729 913 743 937 ,
783 871 868 924 cui
899 885 1003 924 non
1035 871 1100 924 sit
1125 877 1269 924 recte
1301 869 1552 923 sentienti
1586 868 1793 923 uberri-

229 981 356 1019 mum
387 963 688 1032 disputare?
718 961 1143 1015 Anatliematizet
1179 974 1308 1028 ergo
1338 969 1360 997 ο
1392 961 1490 1014 ista
1520 974 1640 1028 qua:
1670 975 1794 1014 scn-

229 1057 282 1112 sii
303 1070 318 1120 ;
342 1063 395 1107 ut
429 1053 502 1106 illi
533 1052 623 1120 qui
654 1051 863 1104 fuerant
894 1051 1009 1118 ejus
1041 1049 1380 1105 sermonibus
1407 1048 1792 1118 praeceptisque

230 1149 426 1216 collapsi
447 1189 462 1212 ,
502 1147 628 1216 quid
671 1145 882 1199 tandem
917 1145 1106 1200 habeat
1135 1146 1268 1201 fides
1294 1161 1416 1200 vera
1443 1152 1790 1216 cognoscant.

232 1238 440 1292 Facilius
460 1235 599 1290 enim
633 1236 873 1290 revocari
906 1244 1170 1304 poterunt,
1203 1252 1325 1291 cum
1361 1238 1458 1291 ista
1490 1253 1520 1292 a
1542 1253 1640 1292 suo
1669 1253 1791 1294 scn-

233 1329 382 1382 serint
418 1337 636 1379 auctore
666 1326 930 1379 damnari.
962 1326 1115 1392 Quod
1155 1328 1198 1381 si
1238 1327 1325 1381 ille
1367 1328 1710 1396 pertinaciter
1741 1330 1792 1382 in

235 1416 848 1484 hacvolueritimpietate
879 1419 1186 1486 persistere,
1210 1418 1471 1487 agendum
1501 1426 1586 1473 est
1614 1414 1640 1454 δ
1668 1433 1794 1487 qua-

237 1521 372 1567 tenus
398 1509 472 1564 iel
501 1509 583 1563 his
614 1509 779 1577 possit
806 1509 1078 1563 subveniri
1100 1524 1235 1578 quos
1256 1524 1361 1564 non
1393 1524 1542 1575 suus,
1574 1510 1666 1564 sed
1699 1511 1791 1562 hu-

237 1601 306 1671 ius
345 1601 502 1670 magis
541 1615 691 1654 error
728 1599 967 1666 induxit;
1011 1615 1078 1655 ne
1118 1611 1170 1656 et
1220 1601 1326 1655 illis
1369 1600 1481 1654 haec
1531 1601 1790 1654 medicina

1893 414 2028 481 apud
2054 431 2136 466 me
2163 413 2380 467 f.irsitan
2409 427 2706 469 remaneret
2739 417 2892 485 pecul
2915 417 3020 470 aris
3048 427 3253 485 negata:
3283 419 3475 474 saluta-

1892 510 2054 564 tionis
2082 512 2283 565 oﬂ’i-ttSa
2303 555 2315 575 ,
2352 510 2515 566 frater
2544 495 2876 566 charissitne.
2909 512 3284 580 Sttpradictum
3324 514 3482 584 igitur

1894 599 2113 655 fratrem
2156 615 2394 657 nostium
2437 612 2540 657 tum
2571 603 2839 656 dilectoni
2872 604 3093 656 restituo
3121 619 3239 657 cuin
3269 619 3483 672 aposo~

1892 691 2006 746 licm
2054 693 2195 748 sedis
2243 695 2305 745 ad
2349 696 2662 748 relationem
2712 693 2944 762 duplicis
2981 694 3170 765 synodi
3206 695 3476 762 judicatis.

1893 781 2168 850 Superest,
2217 784 2370 855 165
2403 793 2458 837 tit
2487 796 2668 838 oratus
2699 799 2726 836 a
2757 785 2911 836 uoltis
2937 783 3192 840 Dominus
3225 796 3476 853 pra’staro

1891 874 2172 942 dignetur,
2223 887 2486 943 quaten'vs
2532 878 2707 930 omnis
2758 877 3008 932 Ecclesia
3049 876 3073 914 ¹ί
3119 893 3228 930 sua:
3277 878 3478 930 maciila

1893 968 2160 1021 continuis
2199 967 2470 1022 laliorilius
2509 972 2704 1022 nostris
2743 971 2901 1035 possit
2936 971 3186 1038 abstergi.
3226 970 3478 1024 Dominus

1893 1066 1946 1112 te
1986 1058 2085 1110 inci
2109 1059 2305 1112 liimein
2350 1061 2650 1126 custodiat,
2690 1061 2854 1114 frater
2890 1061 3224 1115 cliarissiiue.
3261 1061 3387 1114 Data
3427 1076 3476 1114 Vt

1894 1144 2148 1202 kalendas
2179 1146 2474 1201 Februarii.

2405 1259 2802 1317 CAPITELUM
2848 1261 2982 1316 Xlil.

1901 1394 1921 1435 ι
1978 1396 2266 1452 Concilium
2321 1397 2608 1466 plenari'um
2660 1395 2800 1466 apud
2836 1393 3212 1466 rCarJiaginem
3254 1393 3476 1452 Italiinim

2249 1478 2423 1520 contra
2450 1465 2720 1537 Pelagium
2741 1475 2788 1519 et
2818 1465 3126 1520 Caelestium.

1969 1602 2207 1657 Honorio
2276 1601 2518 1670 Augusto
2581 1599 2866 1655 duodecies
2922 1600 3185 1666 consule,
3239 1599 3482 1655 kalendis

238 1702 416 1762 pereat,
452 1693 602 1761 cujus
640 1693 764 1763 iste.
781 1693 941 1746 talem
984 1709 1088 1746 non
1125 1693 1389 1756 admittit,
1423 1710 1518 1748 nec
1566 1696 1799 1762 postulat
1831 1691 1874 1750 B
1901 1697 2076 1760 Maiis,
2108 1695 2489 1764 mCarthagine
2519 1694 2570 1748 in
2601 1693 2817 1746 basilca
2844 1692 3045 1760 Fausti,
3079 1708 3200 1747 cum
3232 1692 3480 1747 Aurelius

237 1801 418 1843 curam.
458 1793 482 1821 ο
519 1783 657 1838 Deus
690 1798 784 1838 vos
815 1785 1109 1841 incolumes
1135 1786 1417 1852 custodiat,
1453 1787 1798 1867 li'atres'cha-

240 1882 426 1938 tissimi.
457 1879 585 1935 Data
618 1896 669 1934 vt
693 1880 949 1935 kalendas
973 1881 1247 1936 Februarii
1276 1878 1318 1934 τ.

727 2015 1119 2074 CAPITULUM
1161 2017 1274 2071 XII.

241 2131 261 2166 ⁸
299 2128 520 2200 Fpistola
570 2129 839 2200 familiaris
887 2126 1174 2181 Innocentii
1226 2144 1372 2194 popa!
1417 2129 1484 2182 ad
1529 2128 1792 2182 Aurelium

595 2199 1046 2270 Cartliagineusem
1084 2201 1399 2267 episcopum.

338 2315 677 2369 laaocsa'rtus
707 2316 946 2368 Διτιιεωο
971 2312 1372 2382 Carthaginensi
1397 2313 1667 2381 episcopo.

299 2423 346 2476 ln
385 2423 735 2478 familiaribus
781 2424 992 2492 scriptis
1029 2422 1247 2476 dilectio
1296 2439 1416 2476 vera
1446 2419 1474 2459 Β
1532 2424 1792 2478 consistit.

239 2515 424 2568 Etenim
448 2516 537 2585 jus
559 2515 764 2569 firmius
790 2515 1068 2568 rharitatis
1093 2515 1266 2568 oflicia
1291 2516 1482 2569 melius
1510 2514 1522 2550 ί
1552 2531 1795 2570 seorsum

239 2619 540 2663 mercantur.
569 2607 925 2675 Quamobrem
961 2621 1054 2676 per
1077 2605 1294 2660 fratrem
1329 2616 1568 2660 nostrum
1596 2608 1794 2684 Juliunt

299 2772 324 2800 ι
353 2765 544 2829 Qucsn.
575 2764 629 2816 in
660 2777 852 2829 marg.,
875 2759 1076 2814 Atludit
1096 2759 1162 2812 ad
1185 2760 1317 2813 illud
1353 2760 1510 2814 Pauli
1532 2763 1749 2832 apostoli
1773 2777 1792 2814 :

237 2837 504 2904 scientibus
554 2835 724 2904 legem
770 2834 978 2901 loquor.
1033 2832 1202 2898 Quare
1249 2833 1380 2886 male
1424 2834 1594 2903 rulg.,
1633 2843 1796 2887 totam

237 2919 355 2966 rem,
380 2915 426 2957 rt
459 2903 651 2969 Carn.,
679 2912 866 2956 totum.

297 2973 322 3012 δ
351 2974 459 3028 Duo
499 2975 665 3028 nostri
697 2974 852 3028 codd.
881 2986 1002 3026 cum
1047 2971 1215 3026 tribus
1251 2972 1390 3038 apud
1421 2972 1793 3026 Constantium

234 3054 283 3098 et
306 3046 426 3100 edit.
464 3045 673 3099 lioncil.
695 3083 711 3106 ,
749 3045 1046 3112 prudentes.
1077 3041 1180 3112 Sed
1213 3044 1403 3098 melius
1429 3043 1792 3112 imprudentes,

235 3116 326 3168 hoc.
350 3129 428 3170 est
455 3111 896 3185 imperitos,'quos
924 3114 980 3168 S.
1012 3111 1249 3182 pontifex
1279 3130 1308 3168 a
1334 3111 1603 3168 scientibus
1639 3123 1793 3168 antei

235 3189 529 3240 memoratis
559 3185 854 3255 distinguit.

297 3265 321 3295 α
348 3255 554 3320 Const.,
583 3256 715 3309 istis.

301 3325 325 3362 ἀ
356 3325 554 3388 Garu.,
587 3327 840 3394 qualiter;
869 3334 922 3378 et
951 3323 1072 3378 dein
1104 3338 1222 3378 cum
1255 3323 1487 3394 antiquis
1522 3324 1653 3379 edit.
1693 3328 1803 3379 Au-

235 3401 395 3465 gustin
421 3438 436 3463 ,
462 3398 626 3451 scelus
658 3412 751 3464 pro
776 3413 920 3449 suus.

301 3475 323 3503 ε
350 3468 444 3522 Ed.
476 3471 616 3538 Aug.
656 3478 710 3522 et
747 3466 932 3522 Coust.
972 3481 1040 3520 ex
1069 3480 1169 3520 ins.
1197 3464 1360 3520 Corb.
1391 3463 1595 3519 addunt
1628 3475 1674 3518 et
1703 3467 1806 3519 a.’ia

302 3607 514 3663 tGarri.
559 3607 706 3661 addit
767 3605 1004 3660 Honorio
1056 3621 1108 3658 tu
1151 3615 1197 3657 et
1243 3602 1542 3660 Constantio
1589 3621 1625 3659 tt
1673 3622 1804 3659 coss.

244 3677 358 3732 Mss.
384 3680 575 3741 Corb.,
604 3678 733 3730 Data
763 3678 926 3746 pridie
953 3674 1059 3746 kal.
1094 3675 1617 3746 Febrisgloriosi'ssimi
1642 3675 1808 3729 Theo-

241 3749 377 3814 dosii,
403 3752 487 3817 qui
516 3758 564 3801 et
591 3746 738 3800 Junii
762 3745 942 3810 Quarti
966 3745 1192 3799 Palladii
1216 3745 1288 3817 η
1311 3745 1369 3799 C.
1398 3762 1529 3799 coss.
1559 3747 1806 3817 Erigiem

240 3813 576 3873 emendarnnt
608 3818 935 3872 Benedictini
965 3817 1216 3871 editoies.
1249 3814 1386 3868 Data
1419 3832 1469 3870 vr
1501 3817 1604 3870 Itiil.
1643 3813 1802 3869 Febr.

241 3901 338 3958 post
362 3890 681 3943 consulatum
701 3888 1051 3958 gloriosissimi
1069 3885 1342 3940 Theodosii
1370 3888 1501 3958 Aug.
1535 3903 1602 3941 vu
1623 3896 1681 3940 et
1709 3885 1807 3940 Ju-

241 3955 302 4010 nii
325 3960 502 4023 Quarti
528 3955 752 4011 Palladii
780 3956 846 4012 γ.
876 3955 934 4012 C.
969 3958 1114 4010 Hanc
1144 3955 1572 4012 emendationem
1603 3961 1808 4027 recepit

241 4031 432 4097 Const.,
463 4031 551 4098 qni
582 4040 635 4083 et
661 4042 763 4082 ms.
795 4028 918 4086 Vat.
947 4027 1365 4099 emendatiorem
1396 4031 1662 4099 allegavit.

305 4109 328 4146 ε
356 4099 543 4153 Exstat
571 4099 626 4152 in
657 4101 788 4153 solis
817 4114 946 4152 mss.
983 4099 1138 4167 hujus
1173 4098 1538 4162 collectiouis,
1581 4108 1633 4153 et
1670 4099 1808 4168 apud

243 4166 512 4233 lsidorum,
545 4171 635 4238 qui
671 4169 805 4242 hanc
837 4166 1148 4242 epistolam,
1185 4170 1269 4242 uti
1308 4169 1467 4223 etiam
1500 4166 1807 4242 praeceden-

244 4248 332 4309 tes,
361 4256 427 4294 ex
459 4251 644 4293 nostra
671 4241 988 4294 collectione
1021 4240 1243 4309 recepit.

298 4308 325 4347 δ
359 4310 496 4366 Cod.
522 4312 564 4363 Τ
571 4313 754 4370 linan.,
780 4317 994 4362 constat.

302 4382 320 4418 ί
354 4380 512 4434 Vind.
543 4396 661 4435 cum
693 4381 836 4448 vulg.
868 4379 1104 4446 Concil.,
1137 4394 1189 4431 se
1217 4395 1352 4432 orsa.

304 4451 317 4500 ἱ
351 4451 672 4517 Viiid.,gesti
694 4453 792 4504 divi
815 4466 835 4506 :
860 4466 974 4519 quae
1001 4465 1098 4502 vos
1121 4463 1240 4502 cuin
1267 4465 1371 4503 non
1396 4449 1799 4518 intelligeretur,

237 4521 366 4576 forte
391 4524 440 4574 iii
466 4524 570 4574 alio
596 4538 697 4574 ms.
724 4521 876 4587 hujus
903 4520 1257 4580 collectionis,
1285 4535 1444 4586 quem
1468 4520 1807 4574 Constantius

234 4595 451 4660 allegat,
482 4592 736 4655 scriptum
769 4591 868 4644 fuit
893 4589 1165 4643 maluimus
1192 4605 1253 4642 ne
1277 4599 1418 4660 apud
1441 4605 1554 4645 nos.

301 4660 328 4699 ι
358 4662 673 4716 Addidimus
704 4677 809 4714 sum
855 4677 917 4714 ex
969 4669 1166 4713 nostris
1222 4675 1352 4713 mss.
1390 4660 1544 4714 Vind.
1589 4670 1642 4714 et
1687 4660 1805 4715 Vat.

234 4731 360 4786 579i
377 4774 392 4794 ,
421 4733 827 4785 concinentibus
849 4729 1060 4784 ca‘teris
1085 4729 1262 4783 editis.

309 4800 320 4839 ¹
360 4806 466 4856 lloc
512 4803 794 4856 concilium
834 4817 954 4854 cum
993 4816 1181 4853 novem
1219 4801 1515 4855 canonibus
1552 4801 1811 4858 adversus

235 4874 540 4940 Pelagianos
569 4887 692 4926 cum
722 4872 982 4937 prommio
1005 4880 1060 4923 et
1085 4871 1275 4924 ordine
1306 4872 1390 4925 hic
1419 4871 1707 4940 propositis
1737 4891 1800 4925 es

235 4954 409 4997 nostra
433 4953 634 4996 tantum
665 4943 977 4996 collectione
1009 4941 1285 4994 habemus.
1305 4941 1434 4994 Ilinc
1451 4954 1602 4996 vetus
1627 4959 1810 4997 exem-

232 5016 347 5082 plar
367 5028 429 5067 ex
453 5029 560 5082 quo
591 5013 907 5080 prorninium
937 5020 993 5066 et
1013 5027 1275 5066 canonem
1308 5013 1522 5065 tertium
1572 5013 1641 5066 de
1689 5029 1810 5079 par-

233 5084 368 5136 vulis
392 5085 506 5137 sine
528 5085 795 5153 baptismo
822 5084 1206 5153 decedentibus
1239 5084 1290 5153 in
1314 5083 1434 5135 aliis
1470 5082 1810 5138 Collectioni-

230 5154 331 5208 bus-
359 5150 613 5207 umis-um
637 5154 878 5208 Crabhus
924 5154 1024 5221 (ν.
1060 5161 1098 5206 t.
1147 5151 1210 5206 Ill
1251 5150 1446 5206 Concil.
1494 5154 1620 5206 edit.
1679 5153 1808 5208 Ven.

233 5225 391 5277 Labb.
414 5225 515 5281 col.
545 5222 672 5287 ηδ,
702 5224 806 5278 522
834 5234 880 5277 et
908 5223 1034 5293 5‘25)
1062 5222 1338 5286 ediderat,
1389 5224 1453 5275 ad
1500 5225 1636 5277 hanc
1666 5239 1813 5278 eam-

233 5295 351 5348 dem
373 5297 742 5350 collecticiiem
773 5295 1048 5361 pertinuit,
1082 5296 1155 5346 uti
1183 5303 1342 5346 etiam
1371 5295 1602 5347 vidimus
1630 5294 1683 5347 in
1720 5295 1814 5348 ad-

232 5381 357 5418 mon
381 5369 525 5419 tione
552 5375 608 5419 et
638 5366 780 5418 notis
804 5365 870 5417 ad
892 5380 1011 5431 cap.
1034 5365 1100 5426 2,
1142 5364 1230 5416 tibi
1275 5363 1478 5432 aliquot
1523 5365 1814 5432 particulas

234 5436 487 5490 Breviarii
517 5437 876 5503 Hipponensis
919 5450 984 5488 ex
1039 5434 1226 5488 eodem
1273 5433 1430 5502 hujus
1480 5436 1814 5489 collectiouis

230 5507 416 5560 codice
455 5507 523 5559 ab
566 5508 684 5571 ipso
729 5505 938 5558 Ci-abbo
986 5514 1267 5570 excerptas
1310 5505 1809 5559 animadvertimus.

233 5577 401 5643 ilujus
431 5593 592 5644 porro
618 5576 849 5641 concilii,
890 5591 982 5628 seu
1014 5575 1238 5628 canonis
1287 5578 1462 5637 tertii,
1497 5575 1586 5642 qtti
1618 5577 1670 5629 in
1713 5577 1811 5630 hac

231 5650 546 5704 collectiine
575 5649 782 5719 legitur,
809 5647 1065 5701 vindicias
1093 5646 1332 5701 invenies
1364 5646 1416 5701 in
1463 5645 1714 5702 Tractatu
1743 5648 1809 5701 de

1834 4557 1889 4618 D

1901 1792 2190 1856 episcopus
2233 1787 2392 1841 simul
2433 1800 2552 1840 eum
2602 1785 2901 1839 Domitiano
2942 1785 3246 1852 Telepteiisi
3295 1788 3478 1853 primae

1900 1881 2043 1934 sedis
2072 1880 2324 1946 episcopo
2352 1879 2637 1947 provinciae
2665 1877 2977 1946 Byzacenm,
3007 1885 3059 1930 et
3087 1877 3202 1929 aliis
3232 1885 3260 1913 ιι
3285 1877 3488 1932 ducen-

1901 1973 1967 2025 tis
1992 1972 2160 2024 tribus
2180 1970 2514 2039 coepise0pis
2537 1970 2647 2022 suis
2673 1979 2776 2021 tam
2800 1983 2863 2021 ex
2889 1967 3166 2036 provincia
3185 1968 3478 2038 Byzacena,

1897 2077 2054 2130 quam
2106 2061 2414 2116 Mauritania
2474 2059 2744 2122 Sitifensi,
2785 2058 3112 2126 Tripolitana
3140 2097 3157 2123 ,
3203 2059 3477 2124 Numilia,

1899 2153 2209 2206 Mauritania
2233 2150 2571 2216 Caesariensi,
2602 2161 2654 2204 et
2685 2158 2709 2186 °
2740 2149 3008 2218 Hispania,
3025 2147 3079 2204 in
3105 2148 3333 2205 concilio
3352 2163 3483 2204 con—

1898 2233 2144 2308 sedisset,
2177 2243 2474 2298 astantibus
2501 2243 2852 2300 diaconibus:
2909 2261 2911 2263 ί

1970 2337 2012 2391 Ι.
2037 2343 2063 2386 ιι
2097 2337 2302 2390 Placuit
2340 2336 2588 2389 omnibus
2628 2336 2680 2388 in
2717 2345 2900 2389 sancta
2945 2335 3152 2405 synodo
3199 2333 3479 2405 Carthagi-

1901 2429 2081 2481 nensis
2112 2427 2362 2481 Ecclesia:
2385 2426 2711 2492 constitutis,
2736 2434 2796 2479 ut
2823 2427 3125 2494 quicunque
3149 2426 3342 2480 dixerit
3364 2435 3391 2476 (ι
3411 2425 3482 2481 de

1901 2517 2070 2572 Adam
2095 2517 2365 2571 hoininem
2395 2516 2674 2570 mortalem
2705 2515 2901 2570 factum
2947 2534 2958 2569 :
2992 2516 3061 2570 ita
3094 2527 3182 2580 ut,
3218 2517 3330 2571 sive
3360 2532 3476 2584 pec-

1902 2617 2066 2674 caret,
2095 2618 2117 2647 ι’
2144 2613 2256 2663 sive
2293 2609 2448 2679 166
2477 2623 2581 2663 non
2612 2619 2860 2676 peccaret
2886 2649 2902 2675 ,
2950 2617 3250 2662 moreretur
3281 2608 3332 2662 in
3363 2622 3482 2663 cor-

1901 2761 2321 2818 Collectionibus
2347 2774 2482 2829 part.
2514 2780 2570 2828 ll,
2603 2779 2651 2817 c.
2679 2765 2734 2829 5,
2762 2763 2790 2834 §
2820 2766 2942 2828 7,n.
2970 2764 3004 2816 ἓ
3025 2774 3078 2818 et
3109 2779 3258 2830 seqq.
3281 2764 3488 2821 Praeter

1903 2849 2003 2887 ms.
2063 2834 2217 2887 Vind.
2280 2833 2436 2902 hujus
2495 2833 2828 2890 collectioni!
2866 2849 3102 2888 canones
3157 2836 3480 2888 c0ntulintus

1900 2917 2021 2957 eum
2039 2905 2563 2976 editioneDionysii,
2599 2915 2652 2976 et
2676 2922 2795 2976 cum
2828 2906 3050 2966 Isidoro,
3076 2908 3162 2973 qui
3189 2907 3285 2959 hos
3319 2920 3477 2959 cano.

1901 2988 2000 3028 nes
2027 2974 2196 3028 edidit
2220 2975 2320 3029 sub
2344 2973 2562 3028 nutt'iine
2591 2973 2815 3028 Com-iiii
2843 2976 3158 3030 Milevitani.

1973 3053 2012 3080 ⁸³
2037 3045 2125 3100 Sic
2154 3060 2274 3098 cuin
2303 3061 2402 3100 nis.
2436 3045 2774 3099 Gandavensi
2806 3050 2942 3112 apud
2973 3044 3260 3100 Crabhum.
3288 3045 3341 3098 In
3361 3047 3481 3099 cod.

1904 3111 2132 3169 Vindcb.
2157 3115 2350 3170 desunt
2379 3118 2536 3169 verba
2581 3115 2706 3169 Cum
2748 3111 2983 3169 Aurelius
3031 3116 3294 3185 episcOpus
3334 3117 3481 3170 simul

1828 3177 1874 3240 C
1905 3185 1977 3239 ob
2002 3186 2192 3240 saltum
2228 3187 2425 3240 librarii
2449 3185 2516 3238 ab
2544 3201 2650 3238 uno
2674 3201 2787 3237 cum
2816 3186 2880 3237 ad
2904 3177 3154 3239 alterum.
3189 3177 3320 3239 Hinc
3343 3189 3480 3239 foite

1910 3257 2086 3310 minus
2115 3267 2263 3312 recta
2295 3255 2709 3324 transpositione
2731 3266 2878 3309 extra
2909 3257 3081 3310 locmu
3110 3260 3368 3325 suppletae
3392 3274 3484 3310 vo-

1908 3340 1998 3380 ces
2017 3327 2346 3390 deficientes,
2378 3330 2448 3379 uti
2483 3325 2798 3388 Quesuelliis
2829 3327 2991 3380 edidit
3034 3343 3048 3379 :
3091 3326 3220 3379 Cum
3248 3327 3486 3381 Aurelius

1909 3397 2179 3468 episcopus
2203 3396 2617 3468 Cartliaginensis
2647 3398 2698 3448 in
2730 3395 2942 3449 basilica
2969 3393 3151 3449 Fausti
3173 3413 3290 3450 cum
3314 3398 3484 3452 Dona-

1911 3467 2074 3529 tiaiio,
2107 3478 2211 3519 etc.

1980 3545 2008 3572 ιι
2041 3536 2114 3588 Ita
2148 3535 2304 3604 hujus
2330 3534 2662 3589 collectionis
2683 3533 2916 3589 codices.
2943 3533 3095 3601 Quod
3118 3536 3160 3586 si
3185 3535 3240 3590 S.
3260 3535 3490 3604 Prosper

1911 3607 1963 3659 in
1989 3605 2256 3658 Chronico
2278 3606 2342 3658 ad
2375 3620 2570 3658 annum
2596 3606 2722 3665 M8.
2751 3607 2801 3657 in
2830 3605 3179 3674 re~pnnsione
3207 3607 3268 3659 ad
3287 3607 3483 3675 object.

1910 3678 1947 3730 2
1970 3677 2264 3739 Gallorum,
2293 3688 2344 3729 et
2369 3676 2416 3727 ia
2453 3675 2588 3728 liliro
2619 3687 2800 3728 contra
2828 3676 3048 3739 Collat.,
3082 3689 3132 3728 c.
3168 3675 3261 3738 10,
3301 3692 3481 3732 recen-

1912 3757 1991 3800 set
2021 3748 2300 3814 episc0pos
2346 3745 2473 3812 2M,
2511 3746 2624 3799 ha‘c
2652 3745 2828 3799 omnia
2859 3745 2924 3799 ad
2954 3746 3111 3799 aliain
3160 3751 3481 3802 anteriori-in

1913 3818 2072 3887 hujus
2097 3817 2530 3888 annisynodutn,
2561 3832 2717 3884 quam
2749 3817 3079 3882 Augustinus
3117 3817 3166 3888 in
3197 3817 3353 3884 epist.
3382 3820 3480 3874 215

1913 3890 1976 3941 ad
2017 3887 2348 3942 Valentinum
2376 3903 2404 3939 a
2431 3898 2608 3941 nostra
2637 3888 2841 3956 synodo
2873 3887 3105 3955 plenaria
3133 3887 3486 3953 distinguens,

1913 3958 2219 4012 Africanam
2249 3959 2499 4024 appellat,
2531 3961 2796 4024 pertinere
2817 3958 3160 4010 ostendemus
3185 3958 3233 4007 iii
3262 3957 3486 4012 Obsi-rv.

1913 4030 1979 4082 ad
2000 4030 2217 4082 dissert.
2249 4027 2314 4081 15
2343 4029 2634 4094 Questielli.
2663 4045 2808 4081 num.
2841 4029 2903 4081 17
2928 4037 2979 4080 et
3006 4027 3095 4081 39.
3129 4026 3344 4080 Phillilh
3373 4029 3460 4094 qui

1914 4103 2032 4152 dein
2060 4100 2110 4152 iii
2147 4099 2394 4152 Biblioth.
2427 4099 2544 4151 cod.
2579 4100 2646 4151 55
2675 4101 2739 4149 de.
2765 4100 2861 4149 hac
2885 4110 3060 4149 nostra
3090 4102 3292 4166 synodo
3321 4098 3487 4164 loq=ii-

1916 4179 2020 4232 tur,
2053 4171 2209 4236 eique
2249 4177 2443 4235 praeter
2483 4169 2752 4221 Aurelium
2795 4177 2850 4222 ct
2883 4168 3231 4220 Dniiatianum
3272 4173 3486 4222 asuribt

1915 4241 2194 4307 episc0pos
2249 4237 2375 4291 2'24.
2425 4238 2574 4291 llunc
2622 4254 2751 4290 vero
2809 4240 3124 4301 scriptorem
3184 4237 3488 4293 adhibuisse

1917 4312 2287 4363 collectionem
2329 4310 2766 4360 documentorum
2805 4309 2869 4361 ad
2903 4309 3235 4375 Pelagianam
3274 4323 3487 4362 causam

1918 4381 2293 4448 pertinentium
2327 4378 2402 4430 illi
2432 4379 2597 4430 lenne
2629 4379 2878 4441 similem,
2911 4395 3029 4443 quin
3053 4393 3082 4430 a
3116 4387 3297 4431 nostro
3325 4381 3488 4432 colli--

1916 4462 2065 4503 ctore
2094 4451 2307 4503 inventa
2346 4452 2397 4500 in
2428 4463 2574 4499 suam
2619 4452 2790 4499 traditi
2809 4459 2856 4499 ta
2904 4448 3019 4506 fuit,
3068 4451 3404 4513 probavimus
3441 4454 3489 4502 in

1917 4521 2096 4574 'l‘ract.
2124 4522 2191 4574 de
2216 4517 2631 4572 Collectimiihus
2661 4529 2797 4581 part.
2833 4533 2895 4578 ll,
2921 4533 2969 4568 (τ.
2998 4519 3049 4576 3.
3075 4518 3100 4580 ᾗ
3124 4519 3174 4569 7.
3200 4518 3332 4571 Nunt
3367 4533 3491 4571 vero

1916 4596 1964 4644 in
1993 4607 2099 4644 uno
2127 4602 2181 4644 et
2213 4590 2450 4643 fortassis
2473 4590 2632 4641 etiam
2653 4589 2854 4641 Grmea:
2877 4588 3136 4640 versiouis
3159 4589 3364 4652 Codice,
3383 4607 3489 4656 quo

1919 4662 2136 4714 l’hotius
2165 4669 2247 4714 est
2273 4675 2424 4718 usus,
2455 4675 2520 4711 an
2553 4676 2601 4710 in
2634 4661 2880 4712 omnibus
2911 4673 2973 4709 ac
3003 4667 3106 4709 tam
3141 4665 3362 4713 vetustis
3395 4664 3495 4713 La-

1917 4733 2039 4786 tinis
2071 4743 2266 4785 nostra!
2289 4729 2623 4784 cotlcCtiouis
2647 4728 3044 4798 exemplaribus
3076 4743 3121 4781 ei
3140 4745 3228 4784 ror
3254 4735 3324 4784 sit
3355 4747 3494 4801 pra:-

1913 4805 2223 4864 suntendus,
2265 4804 2493 4870 quisque
2520 4802 2740 4865 judiciet.

1991 4881 2014 4908 °
2056 4869 2366 4926 Mauritania
2402 4871 2680 4939 Tingitana
2711 4869 2931 4939 intelligi
2967 4871 3194 4932 videtur,
3224 4887 3343 4939 qua:
3375 4872 3498 4924 licet

1915 4959 2073 4996 unam
2098 4943 2515 4996 ecclesiasticam
2544 4944 2867 5009 provuieiaiu
2902 4959 3020 4994 cum
3047 4943 3357 4996 Mauritania
3382 4941 3497 4994 Car-

1915 5015 2139 5067 sariensi
2171 5014 2540 5070 constitueiet,
2577 5013 2626 5064 in
2660 5015 2803 5066 civili
2837 5023 3016 5065 tamen
3049 5013 3394 5080 diSpositione
3425 5011 3493 5061 ad

1916 5083 2219 5151 Hispaniain
2249 5083 2568 5151 pertittejtat.
2767 5095 2777 5108 ι

1993 5147 2029 5200 ρ’
2061 5152 2212 5221 Apud
2250 5147 2396 5214 lsid.,
2432 5149 2636 5221 Placuit
2666 5150 2895 5203 omnibus
2916 5150 3165 5221 episcOpis
3188 5149 3273 5214 qui
3295 5147 3495 5216 [uerunt

1915 5225 1969 5276 in
1991 5224 2085 5275 hac
2115 5220 2294 5275 sancta
2322 5220 2539 5289 synodo.
2573 5222 2876 5272 constituere
2902 5220 3009 5272 lucc
3027 5235 3141 5286 qua:
3173 5224 3225 5271 in
3259 5221 3497 5287 pauenti

1914 5295 2128 5346 concilio
2153 5293 2363 5358 deﬁnita
2393 5297 2511 5342 sunt
2537 5303 2554 5340 :
2579 5298 2634 5340 ut
2659 5304 2957 5355 quicunque,
2989 5298 3095 5341 etc.

1991 5374 2018 5411 (ι
2064 5363 2215 5415 Dion.
2245 5372 2297 5413 et
2321 5360 2444 5415 Isid.
2476 5374 2598 5411 cum
2627 5372 2728 5410 ms.
2754 5358 2945 5422 Gand.,
2976 5359 3138 5411 Adam
3165 5359 3384 5429 primum
3411 5367 3498 5416 lio.

1918 5437 2124 5489 minem.

1994 5515 2013 5541 τ
2059 5505 2147 5556 δία
2191 5515 2290 5554 ins.
2339 5497 2496 5551 Vind.
2550 5510 2670 5547 eum
2719 5496 2871 5549 Dion.
2918 5509 2972 5552 et
3014 5499 3138 5556 Isid.
3185 5501 3500 5569 Quesuellus

1915 5575 2114 5629 omittit
2139 5575 2240 5626 sire
2271 5585 2369 5622 non
2403 5577 2650 5639 peccaret,
2681 5581 2733 5620 et
2761 5570 2808 5618 in
2833 5583 3064 5639 corpore.
