3888 6182
443 289 543 346 ᾹΒἹ

1338 280 1446 333 Al‘l
1474 277 1678 332 ENDlX
1719 277 1808 331 AD
1848 275 1903 335 S.
1951 274 2192 329 LE‘JNIS
2230 273 2441 330 MAGNl
2479 272 2728 328 OPERA.

3590 264 3695 321 £85

441 419 593 472 pore.
627 401 729 456 hoc
755 407 859 456 est.
883 397 950 451 de
977 409 1202 464 corpore
1229 392 1419 455 exiret,
1442 406 1545 443 non
1572 388 1777 458 peccati
1805 398 2017 456 merto,
2052 396 2099 451 Α
2133 389 2257 442 tiam
2301 387 2395 441 Dei
2441 401 2538 455 per
2594 384 2775 467 .lesum
2825 379 3093 436 Clnistum
3136 379 3419 436 Dominum
3465 393 3698 439 nostrum

444 494 535 550 sed
571 492 886 546 necessitate
912 500 1149 548 naturis;
1184 483 1462 537 anathema
1499 483 1590 537 sit.

2129 492 2349 552 prottter
2376 479 2481 534 hoc
2513 463 2719 533 tantum
2743 485 2769 524 ις
2797 474 3051 547 adjuvare
3081 475 3145 529 ad
3189 489 3294 529 non
3338 474 3653 541 peccandum
3678 517 3694 542 ,

514 587 576 641 ll.
603 587 731 640 ltetn
760 580 975 650 pinettil,
1003 587 1058 630 ut
1083 580 1385 646 quicunque
1417 572 1664 640 parvulos
1686 577 1929 624 recentes
1954 568 2023 623 ab

2151 577 2248 648 tuia
2274 592 2365 646 per
2396 576 2560 641 ipsum
2588 574 2742 628 nobis
2769 572 3006 641 aperitur
3030 579 3085 626 et
3114 568 3383 625 reveletur
3413 567 3695 639 intelligen-

441 690 560 731 utvr
581 691 607 729 s
628 686 852 727 matrum
877 668 1220 736 bztptizandos
1253 674 1441 733 negat,
1468 673 1556 716 aut
1585 660 1716 716 dicit
1754 660 1809 713 in
1847 660 2026 713 remis-

438 771 631 822 sionem
659 765 869 832 quidem
900 772 1220 830 peccatorum
1262 771 1356 810 eos
1396 754 1693 822 baptizari,
1745 751 1839 807 sed
1892 751 2025 805 nihil
2057 777 2065 784 -

443 868 467 896 ⁸
498 875 562 913 ex
587 857 751 910 Adam
784 855 997 908 trahere
1026 850 1300 920 originalis
1345 849 1587 915 peccati,
1628 845 1768 916 quod
1810 845 2025 898 lavacro

442 947 861 1017 regent-rationis
890 945 1135 1010 expietur
1166 959 1180 996 :
1214 941 1354 994 unde
1384 940 1442 994 lit
1481 951 1845 1007 consequens,
1882 944 1941 989 ut
1971 933 2025 988 in

442 1044 522 1095 eis
563 1041 729 1094 forma
775 1036 1129 1106 baptismatis,
1176 1032 1239 1086 In
1280 1031 1628 1086 remissionem
1679 1037 2024 1099 peccatorum,

443 1134 472 1172 ι’
504 1151 607 1188 non
636 1149 780 1197 vere,
799 1131 889 1185 sed
923 1128 1051 1182 false
1074 1127 1401 1194 intelligatur
1426 1140 1441 1188 ;
1467 1122 1753 1177 anathema
1769 1122 1861 1175 sit.
1882 1120 2028 1185 Quo-

445 1228 586 1280 niam
615 1241 720 1278 non
759 1223 827 1277 ali
854 1238 914 1276 er
944 1217 1345 1287 itttelltgcndttm
1381 1225 1463 1269 est
1502 1213 1642 1284 quod
1683 1211 1759 1266 ait
1788 1214 2029 1277 Aposto-

445 1319 525 1372 lus
560 1334 572 1369 :
609 1315 707 1368 Per
726 1330 879 1368 unum
899 1313 1150 1365 hominem
1172 1316 1433 1379 peccatum
1449 1306 1657 1360 intravit
1680 1304 1731 1358 in
1756 1302 2024 1369 mundum,

445 1417 491 1461 rt
519 1424 608 1480 per
629 1414 891 1476 peccatum
914 1418 1082 1467 mors;
1102 1413 1149 1456 et
1171 1402 1241 1453 ita
1261 1401 1314 1453 in
1335 1415 1504 1452 omnes
1517 1396 1744 1449 homines
1761 1408 2026 1463 pertrans-

446 1503 525 1566 iit,
551 1505 602 1552 :‘n
623 1514 724 1568 quo
751 1513 922 1551 omnes
944 1490 1462 1561 peccaveruntmoni.
1489 1507 1539 1554 ν,
1563 1488 1691 1555 ημ
1720 1487 1818 1541 nisi
1840 1501 2028 1557 quem-

446 1590 732 1642 admodum
766 1586 1001 1641 Ecclesia
1051 1584 1310 1637 catholica
1349 1581 1545 1651 ubique
1578 1578 1766 1633 diﬂ‘usa
1813 1592 2029 1647 semper

448 1681 737 1736 intellexit.
782 1679 1007 1745 Propter
1047 1676 1182 1728 hanc
1231 1673 1371 1727 enim
1421 1672 1661 1743 regulam
1710 1669 1836 1725 fidei
1867 1670 2026 1724 etiam

2130 670 2198 723 tia
2228 667 2626 730 mandatorum,
2649 664 2953 718 utsciamus
2976 661 3102 731 quid
3131 658 3539 728 appetere,quid
3563 661 3688 715 vita-

2127 776 2188 815 re
2217 760 2536 822 debeamus;
2569 771 2674 810 non
2707 765 2882 809 autent
2909 770 3001 822 per
3029 754 3173 807 illam
3200 752 3354 806 nobis
3383 751 3617 820 praestari
3639 761 3695 807 ut

2128 849 2267 923 quod
2294 848 2592 904 faciendum
2620 844 3067 917 cognoverimus,
3100 844 3260 897 etiam
3305 841 3480 897 facere
3518 842 3695 913 diliga-

2128 959 2245 1000 mus
2275 953 2434 1013 atque
2463 941 2765 1004 valeamus;
2792 939 3073 993 anathema
3094 938 3201 1000 _sit.
3235 935 3366 991 Cum
3398 937 3537 990 enim
3569 937 3702 991 dicat

2130 1036 2416 1105 Apostolus
2444 1051 2457 1086 :
2494 1032 2721 1089 Scientia
2751 1033 2924 1103 inﬂat,
2957 1031 3180 1084 Charitas
3226 1045 3341 1083 vero
3378 1028 3596 1095 wdiﬁcat
3635 1028 3699 1099 (l

2129 1130 2250 1186 Cor.
2276 1144 2389 1194 vm,
2421 1128 2498 1195 l),
2527 1127 2682 1180 valde
2710 1126 2930 1189 impium
2961 1134 3040 1178 est
3068 1132 3126 1177 ut
3170 1122 3454 1177 credamus
3490 1120 3555 1174 ad
3593 1136 3701 1176 eam

2130 1239 2249 1291 qua:
2295 1220 2445 1276 inﬂat
2476 1234 2576 1274 nos
2604 1218 2806 1273 habere
2848 1217 3074 1287 gratiam
3118 1213 3347 1280 Christi,
3387 1228 3438 1269 et
3486 1214 3551 1268 ad
3594 1228 3700 1268 cant

2129 1330 2247 1383 qtne
2277 1312 2505 1368 aadillcat
2528 1326 2632 1364 non
2664 1310 2892 1373 habere;
2911 1324 3032 1362 cum
3057 1310 3127 1363 s’t
3155 1304 3185 1345 ιι
3207 1316 3495 1376 utrumque
3520 1305 3701 1361 donum

2132 1405 2249 1467 Dei,
2281 1414 2335 1458 et
2356 1404 2494 1458 scire
2523 1401 2648 1472 quid
2677 1401 2853 1455 facere
2878 1399 3191 1460 debeamus,
3224 1408 3277 1453 et
3307 1398 3531 1467 diligere
3558 1408 3612 1452 ut
3636 1399 3704 1452 la-

2132 1499 2370 1560 ciamus;
2412 1504 2467 1550 ut
2507 1493 2808 1549 a-diticante
2854 1493 3154 1557 chatitate,
3203 1492 3425 1547 scientia
3467 1506 3565 1545 nos
3608 1506 3702 1546 non

2132 1590 2301 1659 possit
2346 1586 2551 1640 inflare.
2597 1585 2748 1640 Sicut
2796 1593 2975 1637 autem
3026 1582 3093 1638 de
3139 1582 3251 1636 Deo
3288 1583 3550 1650 scriptum
3585 1591 3699 1636 est:
3784 1586 3793 1594 ’

2135 1680 2235 1744 Qui
2281 1678 2422 1731 docet
2471 1675 2726 1729 hominem
2754 1675 3019 1729 scientiam
3066 1673 3086 1742 (
3112 1671 3256 1727 Psal.
3291 1688 3441 1736 xcm,
3470 1662 3560 1744 ΤΟ)
3592 1689 3605 1725 :
3635 1673 3703 1726 sic

452 1770 678 1842 parVuli,
701 1768 791 1839 qui
814 1768 944 1822 nihil
977 1775 1312 1836 peccatorum
1346 1765 1398 1818 in
1442 1763 1636 1831 seipSiS
1666 1761 1842 1815 adhuc
1882 1775 2030 1814 COm-
2058 1765 2107 1826 B
2133 1771 2291 1823 etiam
2315 1770 2573 1835 scriptum
2605 1774 2687 1820 est
2717 1763 2986 1819 :Cltaritas
3016 1780 3079 1818 ea;
3106 1763 3211 1817 Deo
3232 1762 3702 1836 est(lJoan.tv,7).

450 1868 664 1919 mittere
697 1872 1014 1932 patuerunt,
1065 1860 1185 1913 ideo
1223 1860 1279 1911 in
1324 1857 1669 1911 remissionem
1708 1864 2031 1924 peccatorum

453 1956 722 2011 veraciter
748 1954 1103 2021 haptixantur,
1143 1960 1201 2005 ttt
1228 1951 1280 2004 in
1311 1949 1390 2004 eis
1436 1947 1838 2018 regeneratione
1876 1959 2033 1999 mutt-

446 2047 608 2100 dctur
635 2044 773 2114 quod
798 2048 1141 2112 generatione
1161 2051 1460 2095 traxerunt.

523 2139 613 2193 Ill.
645 2148 667 2176 ε
702 2137 830 2192 ltem
861 2136 1079 2205 placuit,
1110 2143 1167 2189 ut
1192 2137 1234 2188 si
1258 2136 1376 2203 quis
1401 2132 1531 2187 dicit
1553 2131 1671 2186 ideo
1701 2129 1902 2185 dixisse
1926 2127 2031 2182 Do-

451 2232 655 2286 minum
689 2247 703 2283 :
743 2229 807 2282 In
839 2229 990 2282 domo
1016 2227 1187 2281 Patris
1226 2228 1326 2280 mei
1354 2227 1648 2279 mansiones
1687 2225 1859 2277 multa'
1886 2228 2032 2287 sunt,

454 2336 555 2375 etc.
576 2319 754 2393 (Joan.
790 2335 897 2381 xw,
928 2318 1012 2387 2),
1046 2328 1103 2371 ut
1133 2317 1459 2386 intelligatur
1493 2317 1615 2384 quia
1648 2316 1699 2367 in
1732 2327 1899 2382 regno
1925 2326 2038 2366 caa-

446 2412 625 2468 lorutn
658 2412 761 2465 erit
793 2410 985 2479 aliquis
1012 2409 1216 2461 medius
1240 2449 1255 2471 ,
1301 2416 1395 2461 aut
1432 2408 1575 2460 ullus
1614 2406 1808 2459 alicubi
1852 2405 2032 2470 locus,

454 2502 545 2556 ubi
577 2502 729 2555 beate
754 2500 928 2553 vivant
958 2500 1111 2570 167
1149 2498 1351 2566 parvuli
1393 2498 1483 2567 qui
1522 2496 1636 2552 sine
1676 2496 1942 2565 baptismo
1970 2511 2036 2549 ex

454 2592 557 2647 ltac
583 2592 684 2645 vita
710 2593 1025 2660 migrarunt,
1063 2590 1179 2643 sine
1208 2605 1312 2658 quo
1360 2589 1415 2643 in
1461 2603 1682 2657 regnum
1732 2586 1993 2641 cwlorum
2018 2626 2033 2651 ,

458 2684 601 2755 quod
621 2692 702 2738 est
723 2685 826 2737 vita
858 2695 1079 2746 :eterna,
1108 2684 1310 2737 intrare
1334 2697 1442 2735 non
1472 2690 1726 2751 possunt;
1756 2680 2036 2734 anathema

458 2779 549 2832 sit.
581 2777 711 2830 Nam
742 2790 861 2830 cum
895 2775 1148 2829 Dominus
1176 2775 1318 2828 dicat
1352 2792 1364 2826 :
1398 2772 1513 2827 Nisi
1552 2774 1663 2838 quis
1694 2782 1900 2826 renatus
1929 2772 2039 2842 fue-

459 2872 525 2921 r£t
550 2883 767 2937 exaqua
787 2876 835 2920 et
867 2865 1066 2937 Spiritu
1091 2876 1303 2929 sancto,
1349 2881 1450 2917 non
1496 2864 1702 2918 intrabit
1733 2866 1789 2919 in
1827 2880 2038 2936 regnum

454 2961 696 3011 calorum
715 2956 890 3025 (Joatt.
924 2974 1002 3022 ιιι,
1033 2956 1088 3027 5)
1120 2972 1135 3010 :
1170 2958 1290 3025 quis
1317 2958 1612 3011 catholicus
1637 2956 1845 3011 dubitet
1876 2957 2040 3024 parti-

461 3048 630 3115 cipem
658 3049 854 3102 daboli
899 3046 1014 3101 fore
1052 3062 1173 3102 eum
1217 3048 1309 3116 qtti
1350 3049 1590 3101 colueres
1629 3062 1735 3100 non
1783 3046 2039 3101 meruerit

2209 1860 2298 1916 Vl.
2332 1860 2460 1915 ltetn
2492 1860 2715 1929 placuit,
2750 1867 2805 1913 ut
2828 1859 3133 1928 quicunque
3171 1857 3366 1912 dixerit
3403 1856 3531 1912 ideo
3565 1854 3580 1894 ί
3618 1870 3706 1911 no~

2134 1952 2219 2007 bis
2248 1952 2471 2021 gratiam
2497 1949 2895 2020 justifieationis
2942 1949 3096 2017 dari,
3128 1959 3186 2003 ut
3226 1947 3369 2018 quod
3410 1948 3592 2003 facere
3628 1962 3707 2018 per

2135 2045 2361 2101 liberum
2385 2044 2665 2099 arbitrium
2700 2044 2717 2095 ἱ
2758 2057 3065 2115 possumus,
3096 2043 3305 2098 facilius
3331 2029 3602 2112 possimus
3625 2043 3708 2095 im-

2138 2136 2285 2205 plere
2317 2136 2701 2211 pergratiam;
2739 2145 2989 2204 tanquam
3019 2133 3228 2188 etiamsi
3258 2135 3433 2204 gratia
3478 2149 3586 2188 non
3620 2132 3707 2187 da-

2138 2238 2304 2293 retur,
2340 2243 2446 2281 non
2476 2226 2689 2296 quidem
2724 2226 2900 2291 facile,
2931 2226 3024 2283 sed
3048 2234 3228 2281 tamen
3258 2240 3548 2296 possemus
3574 2224 3711 2296 163

2139 2321 2257 2374 sine
2285 2319 2371 2373 illa
2402 2318 2631 2386 implere
2660 2317 2839 2372 divina
2868 2318 3121 2372 mandata
3147 2333 3163 2383 ;
3212 2316 3509 2372 anathema
3537 2318 3621 2371 sit.
3649 2316 3714 2371 De

2139 2412 2399 2468 fructibus
2437 2414 2581 2466 enim
2640 2410 3011 2464 mandatorum
3058 2409 3318 2464 Dominus
3361 2410 3710 2478 loquebatur,

2139 2506 2227 2560 ubi
2256 2520 2361 2559 non
2392 2504 2467 2558 ait
2508 2521 2521 2555 :
2562 2502 2688 2558 Sine
2718 2519 2798 2556 me
2827 2503 3081 2572 diﬂlcilius
3130 2504 3335 2571 potestis
3380 2505 3587 2572 facere;
3630 2499 3711 2558 sed

2140 2598 2218 2651 ait
2250 2613 2262 2648 :
2299 2595 2425 2651 Sine
2452 2612 2530 2647 me
2560 2594 2690 2647 nihil
2716 2595 2923 2665 potestis
2945 2593 3113 2662 facere
3145 2590 3323 2663 (Joan.
3355 2608 3444 2657 xv,
3473 2591 3556 2662 5).

2213 2688 2325 2742 Vll.
2360 2687 2489 2741 ltetn
2524 2686 2741 2756 placuit,
2783 2685 2922 2756 quod
2956 2686 3033 2739 ait
3075 2694 3291 2739 sanctus
3317 2683 3557 2738 Joannes
3599 2696 3717 2753 apo-

2136 2778 2338 2833 stolus:
2365 2778 2426 2832 Si
2447 2778 2727 2831 dixerimus
2749 2778 2869 2845 quia
2893 2784 3153 2846 peccatum
3180 2792 3279 2829 non
3309 2770 3716 2841 habemus,an

2139 2871 2277 2939 ipsos
2299 2869 2612 2936 sedas-imus,
2643 2877 2691 2922 et
2715 2868 2900 2921 veritas
2931 2866 2982 2921 in
3011 2866 3156 2920 nobis
3183 2882 3284 2919 non
3304 2876 3378 2919 est
3408 2864 3471 2934 (Ι
3496 2864 3649 2917 Joan.
3674 2878 3717 2924 ι.

2141 2958 2197 3030 8)
2242 2976 2255 3012 :
2300 2957 2544 3028 quisquis
2594 2957 2674 3011 sic
2722 2955 3092 3026 accipiendum
3150 2954 3440 3024 putaverit;
3497 2964 3555 3008 ut
3594 2953 3719 3009 dicat

2145 3058 2362 3120 propter
2392 3050 2748 3103 humilitatem
2783 3046 2805 3085 ι
2839 3064 2943 3102 non
2972 3057 3223 3116 oportere
3251 3048 3353 3102 dici
3384 3061 3487 3102 nos
3514 3063 3613 3102 non
3641 3047 3720 3100 lta-

461 3152 579 3191 esse
606 3136 842 3191 Christi?
869 3136 967 3203 Qui
999 3137 1138 3190 enim
1164 3136 1384 3190 dextera
1424 3147 1592 3201 caret,
1624 3135 1896 3191 sinistram
1920 3151 2040 3205 pro-
2067 3136 2114 3198 Ο
2146 3142 2276 3196 bere
2306 3149 2606 3208 peccatum,
2638 3156 2742 3194 non
2772 3140 2894 3209 quia
2926 3140 2994 3193 ita
3018 3154 3146 3194 vere
3175 3149 3290 3205 est;
3322 3142 3612 3194 anathema
3639 3139 3721 3192 sit.

461 3229 545 3282 col
585 3228 749 3281 dubio
776 3225 801 3263 ά
838 3238 1041 3296 partem
1071 3227 1332 3282 incurret.

532 3318 622 3373 ιν.
656 3318 782 3371 ltetn
815 3318 1036 3387 placuit,
1054 3330 1112 3372 ut
1142 3319 1447 3386 quicunque
1466 3317 1659 3372 dixerit
1679 3317 1902 3387 gratiam
1918 3317 2039 3387 Dei,

465 3425 565 3481 qua
601 3419 625 3448 ο
669 3412 1026 3479 justilicatnur
1081 3426 1177 3480 per
1229 3411 1408 3466 Jesum
1453 3412 1719 3466 Christum
1761 3412 2044 3467 Dominum

464 3511 722 3565 nostrum,
756 3504 818 3553 ad
847 3503 1012 3555 Solam
1056 3502 1425 3556 remissionem
1477 3514 1814 3573 peccatorum
1867 3504 2045 3558 valere

465 3608 583 3660 qua:
607 3594 715 3658 jam
743 3594 1032 3647 Commissa
1061 3603 1203 3659 sunt,
1252 3607 1358 3647 non
1388 3596 1547 3648 etiam
1578 3594 1644 3647 ad
1675 3594 1996 3663 adjutorium
2020 3634 2038 3660 ,

467 3697 523 3740 ut
555 3704 656 3740 non
686 3690 1124 3755 committantur;
1156 3691 1437 3744 anathema
1468 3692 1556 3745 sit.

546 3779 602 3832 ν.
642 3777 658 3815 ί
692 3779 819 3833 ltctn
849 3780 1063 3848 placuit,
1094 3793 1151 3836 ut
1178 3786 1223 3836 si
1248 3782 1366 3852 quis
1404 3784 1597 3838 dixerit
1636 3783 1880 3839 eamdem
1919 3798 2040 3854 gra-

545 4083 569 4111 ο
608 4075 810 4141 Quesn.
848 4070 1035 4124 inserit
1072 4087 1155 4123 eos
1184 4086 1204 4125 :
1228 4070 1522 4128 delerimus
1564 4086 1685 4126 cum
1717 4084 1819 4125 ins.
1859 4070 2041 4138 \’ind.,

472 4146 554 4199 cui
581 4145 865 4197 cottcinmtt
892 4145 1043 4194 Dion.
1072 4155 1121 4193 et
1153 4143 1273 4193 lsitl.

544 4214 571 4253 ι»
608 4214 788 4273 υιυιι.,
818 4228 917 4263 non
944 4227 1080 4269 ora,
1114 4217 1200 4264 sed
1225 4212 1376 4275 falsa.

549 4296 570 4324 c
610 4283 924 4347 Qttt-sttelltts
952 4282 1088 4333 hanc
1116 4284 1376 4345 postillatn
1408 4280 1577 4335 al‘l‘txit
1604 4299 1616 4333 :
1651 4281 1764 4335 Hoc
1790 4281 2045 4336 decretum

473 4358 527 4408 in
553 4355 801 4421 plerisque
821 4352 1123 4423 editiouibus
1146 4368 1246 4404 non
1276 4353 1478 4423 legitur.
1514 4352 1693 4405 Binitts
1717 4354 1903 4420 aliique
1934 4371 2048 4406 cort-

473 4420 943 4478 ciltorum'editores
968 4420 1100 4473 illud
1130 4424 1309 4476 excudi
1325 4420 1585 4477 'curarunt
1615 4424 1812 4477 diverso
1836 4424 1898 4475 ab
1928 4424 2045 4476 otiis

474 4496 684 4549 decretis
706 4501 1028 4557 charactere;
1054 4501 1200 4561 atque
1218 4493 1289 4545 ita
1312 4510 1377 4546 ea:
1394 4487 1597 4547 vetustis
1612 4495 1728 4545 :imo
1748 4492 1923 4546 codice
1949 4510 2042 4546 ms.

474 4582 529 4618 se
556 4566 806 4631 accepisse
839 4562 1160 4631 profitentur.
1194 4564 1510 4628 lotelligitur
1544 4565 1934 4617 vetustissimos
1953 4578 2045 4616 eo-

477 4636 575 4710 ειοςχ
620 4637 775 4710 huius
813 4633 1142 4710 catlvctionis
1179 4648 1209 4685 a
1250 4634 1461 4710 Grahbo
1502 4634 1912 4710 adhibitusan
1942 4646 2048 4702 quo

481 4699 626 4750 idem
676 4703 957 4754 decretum
1013 4703 1069 4755 in
1126 4707 1460 4772 posteriores
1514 4707 1639 4758 edd.
1672 4699 2041 4762 Conciliorum

483 4774 750 4844 t’runstvtt.
781 4774 987 4844 _t_;onler
1022 4777 1295 4844 annotal,
1336 4774 1485 4837 Mox,
1534 4775 1664 4827 dicit
1717 4777 2041 4844 scripsimus

477 4849 599 4896 cum
628 4839 750 4888 cod.
781 4837 939 4892 Vind.
974 4851 1027 4891 et
1064 4858 1164 4894 nis.
1195 4837 1414 4896 Ct'abhi.
1450 4847 1792 4909 Quesnellus,
1824 4837 2034 4899 dixerit.

547 4913 575 4949 ά
614 4909 925 4963 Addidimus
954 4918 1146 4978 portent
1175 4926 1294 4965 cum
1333 4926 1464 4967 mss.
1494 4916 1768 4968 codicibus
1803 4911 1960 4967 Vind.
1993 4921 2049 4967 et

477 4979 698 5043 Crabbi,
737 4979 826 5045 qui
872 4991 1189 5051 postremus
1243 4988 1402 5051 paulo
1452 4993 1579 5039 ante
1615 4984 1775 5040 habet
1820 4984 2047 5038 coheres

477 5066 582 5108 esse
602 5068 700 5103 non
722 5046 901 5102 meruit
924 5046 1130 5103 Christi.

547 5131 570 5194 ᾖ
614 5121 791 5194 Diom,
814 5119 1130 5194 justi/icatur
1157 5121 1308 5176 ltonto
1336 5139 1447 5194 per.

549 5189 569 5230 ΐ
614 5193 768 5264 Dion.
793 5202 850 5264 et
871 5191 1018 5264 lsid.,
1045 5189 1175 5264 Item
1195 5189 1423 5264 quisquis
1449 5194 1653 5249 dixerit.

544 5271 570 5308 ε
611 5263 772 5316 Iidem
819 5260 976 5315 Dion.
1026 5273 1079 5315 et
1126 5262 1249 5317 Isid.
1294 5260 1494 5317 addunt
1524 5280 1662 5319 nos:
1702 5281 1823 5320 cum
1853 5265 2044 5332 quibus

472 5331 592 5385 dein
620 5333 1022 5407 etnendavitnus
1049 5349 1138 5401 per
1158 5336 1356 5400 ipsam;
1387 5336 1437 5388 id
1461 5337 1602 5388 enim
1630 5338 1794 5406 exigit
1814 5331 2045 5407 sequens

458 5413 750 5474 contextus
779 5419 878 5474 per?
894 5406 1058 5474 illam.
1083 5407 1308 5469 Quesn..
1342 5422 1433 5471 per
1460 5411 1646 5474 ipsum.

541 5469 573 5506 ¹ι
609 5472 681 5524 lta
709 5468 833 5544 cod.
867 5468 1234 5544 Vittdebicutn
1266 5468 1539 5544 Dionysio,
1571 5476 1793 5539 Isidoro,
1821 5488 1875 5531 et
1908 5477 2043 5531 Pro-

470 5556 628 5611 spero
662 5557 710 5594 c.
752 5542 786 5593 5
813 5552 998 5595 contra
1027 5542 1281 5597 Collator.
1306 5542 1643 5611 Qtttistttelltts,
1675 5564 1791 5599 vere
1821 5549 1882 5601 de
1911 5550 2044 5602 dono

473 5610 568 5661 Dei
588 5614 609 5673 ,‘
633 5620 677 5662 tt
705 5612 831 5687 scirc
855 5615 978 5687 quid
1005 5615 1249 5682 [notamus
1269 5655 1282 5681 ,
1316 5610 1361 5669 et
1391 5618 1603 5683 diligere
1626 5618 1749 5685 quid
1786 5629 1838 5672 ut
1879 5619 2045 5687 facia-

469 5695 619 5738 mus;
646 5685 818 5734 minus
852 5683 1006 5735 bene.

2144 3235 2394 3307 Sequitur
2417 3241 2593 3288 autem
2619 3232 2912 3301 apostolus,
2945 3241 2999 3287 et
3020 3230 3260 3302 adiungit
3284 3249 3297 3284 :
3332 3231 3395 3286 Si
3414 3240 3593 3286 autem
3612 3246 3723 3285 con-

2147 3326 2268 3398 fessi
2293 3325 2539 3394 fuerimus
2572 3335 2777 3392 peccata
2802 3332 2998 3389 nostra,
3046 3322 3215 3394 ﬁdelis
3243 3332 3290 3375 et
3321 3324 3509 3393 justus
3538 3334 3608 3378 est
3649 3321 3725 3389 qui

2148 3419 2376 3472 dimittat
2406 3418 2550 3470 nobis
2581 3425 2820 3486 peccata,
2847 3425 2894 3468 et
2923 3417 3133 3468 mandet
3156 3430 3247 3468 nos
3274 3414 3337 3467 ab
3377 3417 3525 3468 omni
3558 3413 3727 3483 iniqui-

2148 3519 2248 3563 tate
2275 3507 2463 3580 (Ιθίά.)
2500 3523 2516 3563 ;
2546 3506 2634 3562 ubi
2656 3506 2789 3560 satis
2810 3515 3031 3576 apparet
3059 3506 3161 3560 hoc
3191 3520 3297 3559 non
3320 3514 3539 3560 tantum
3563 3504 3727 3559 liunti-

2151 3600 2293 3665 liter,
2324 3599 2419 3655 sed
2450 3599 2608 3654 etiam
2636 3602 2904 3653 veraciter
2929 3597 3056 3653 dici.
3088 3597 3307 3653 POterat
3330 3598 3473 3651 enim
3527 3606 3727 3667 aposto-

2151 3694 2234 3749 lus
2255 3694 2434 3750 dicere
2461 3711 2477 3748 :
2508 3694 2568 3749 Si
2593 3694 2871 3748 dixerimus
2895 3693 3017 3763 quia
3041 3708 3143 3746 non
3163 3691 3404 3744 habemus
3433 3700 3722 3761 peccatum,

2152 3802 2246 3840 nos
2263 3788 2400 3857 ipsos
2424 3786 2741 3853 extollimus,
2768 3793 2817 3837 et
2862 3782 3129 3836 humilitas
3171 3782 3226 3834 in
3272 3780 3418 3835 nobis
3463 3797 3575 3836 noti
3623 3791 3725 3846 at;

2227 4071 2245 4110 ί
2290 4071 2491 4138 Quesn.
2523 4071 2705 4144 omisit
2733 4071 2898 4128 nobis.
2930 4072 3309 4141 Sttpplevimus
3333 4090 3401 4131 ex
3442 4075 3630 4144 \‘intl.,
3657 4076 3727 4131 uti

2149 4144 2346 4213 legitur
2370 4145 2532 4196 etiam
2567 4143 2706 4209 apud
2741 4145 2893 4196 liion.
2925 4144 3128 4198 etlsitl.

2226 4218 2240 4264 i
2282 4213 2420 4268 Cod.
2474 4213 2707 4284 Thttan.,
2763 4213 3022 4267 debemus.
3076 4215 3233 4270 Vind.
3271 4218 3514 4272 secunda
3555 4234 3727 4284 man",

2149 4283 2653 4356 poteramus.__Dion.
2688 4292 2742 4337 et
2770 4285 2919 4356 lsitl.,
2944 4288 3227 4355 jubemur:
3258 4287 3313 4340 in
3354 4304 3523 4356 quam
3551 4283 3726 4343 lectio4

2151 4370 2271 4406 nem
2296 4363 2446 4407 notat
2464 4354 2811 4418 Quesnellus:
2837 4354 2885 4405 ill
2894 4356 3006 4407 inus
3028 4356 3168 4409 bene.
3186 4356 3353 4410 Immo
3374 4354 3592 4415 melius.
3608 4359 3727 4414 Nam

2153 4425 2210 4478 S.
2237 4428 2564 4496 Augustinus
2588 4439 2755 4496 Serm.
2788 4425 2910 4489 ιόι,
2940 4440 2990 4478 c.
3018 4425 3106 4490 12,
3128 4427 3541 4496 Pelagianorum
3577 4430 3725 4485 verbi

2155 4508 2489 4566 proponens,
2534 4493 2672 4549 hanc
2712 4495 2994 4549 lectionem
3046 4493 3283 4552 maxime
3321 4500 3604 4566 approbat.
3653 4500 3727 4555 Ad

2152 4563 2249 4617 hoc
2271 4564 2430 4640 dedit,
2461 4566 2722 4634 inquiunt,
2751 4566 2887 4618 Deus
2913 4566 3135 4640 gratiam
3163 4584 3308 4622 suam
3338 4563 3647 4640 nominibus,
3677 4579 3730 4623 ut

2151 4635 2291 4713 quod
2325 4635 2502 4713 facere.
2527 4650 2791 4690 suasa-run
2820 4652 2910 4713 per
2950 4637 3177 4713 liberum
3203 4640 3491 4704 attritrimn,
3535 4635 3731 4713 facilius

2151 4706 2347 4773 possint
2376 4706 2595 4772 implere.
2624 4722 2715 4773 per
2752 4708 2990 4773 gratiam.
3030 4706 3341 4763 Lectionetn
3371 4727 3507 4766 vero
3535 4706 3731 4768 nostra:

2152 4775 2486 4852 collectiouis
2513 4776 2598 4829 hic
2621 4775 2959 4831 exhibemus.
2989 4777 3111 4831 Mox
3165 4780 3317 4835 Dion.
3342 4790 3398 4837 et
3426 4782 3730 4852 lsid.vulg.,

2075 4887 2126 4948 ι)
2150 4845 2426 4948 νοιείττξξ

2229 4915 2254 4995 ξι
2296 4921 2369 4970 ita
2393 4916 2516 4995 cod.
2542 4914 2700 4995 Vind.
2722 4917 2969 4995 secunda
2982 4933 3141 4995 manu
3170 4935 3291 4995 cum
3321 4921 3476 4976 Dion.
3506 4931 3566 4977 ct
3587 4921 3729 4995 ls'tl_.,

2154 4987 2324 5056 prima
2356 4987 2506 5061 vero,
2546 5003 2643 5040 nos
2680 4989 2820 5058 ipsos
2846 4989 3160 5061 decipimus,
3209 4993 3283 5046 uti
3325 5002 3445 5058 post
3483 5000 3659 5061 pauca
3682 4993 3731 5046 iu

2156 5057 2452 5132 repetendo
2470 5064 2570 5132 hoc
2588 5057 2897 5113 testimonio
2918 5057 3112 5132 omnes
3128 5057 3290 5132 codd.
3304 5057 3361 5117 et
3382 5057 3579 5132 vulgati
3607 5078 3734 5130 [mu-
3778 5100 3790 5112 .

2150 5127 2355 5203 ferunt.
2377 5130 2455 5203 _At
2494 5131 2820 5203 Augustinus
2858 5131 3151 5203 sernt._lsl
3189 5127 3489 5188 sedas-imus
3524 5127 3735 5203 semper

2155 5198 2337 5268 habet.
2368 5198 2594 5263 Quesn.,
2625 5201 2724 5268 ipsi
2754 5215 2844 5250 nos
2868 5200 3183 5255 seducimur.

2233 5265 2251 5306 λ
2299 5268 2448 5333 Vulg.
2481 5265 2882 5344 Dtttn.'etlsitl.,
2910 5271 3308 5344 deletsdopiiei
3334 5275 3636 5344 negatione,
3654 5273 3733 5325 ἣκ-

2148 5339 2286 5393 bent
2323 5349 2556 5408 oportere
2583 5341 2683 5393 diei
2708 5356 2803 5393 nos
2834 5341 3036 5393 habere.
3068 5340 3138 5394 At
3162 5339 3223 5397 υ.
3257 5339 3561 5399 llarduitttts
3589 5339 3733 5397 non:

2155 5423 2256 5463 ms.
2288 5420 2340 5461 et
2363 5409 2994 5479 llerltnumlepercutin
3027 5422 3211 5468 nostro
3237 5413 3558 5469 texru.Cod.
3579 5413 3731 5467 Vind.

2150 5481 2636 5552 deletjpairticulam
2660 5499 2770 5535 non
2792 5480 3035 5535 secundo
3061 5480 3201 5552 loco,
3235 5487 3375 5549 quod
3408 5488 3578 5552 primo
3605 5499 3735 5552 quo-

2154 5566 2259 5619 que
2310 5550 2754 5624 lat-opdelepdam
2810 5551 3065 5608 insinuat.
3122 5550 3324 5612 Confer
3380 5550 3736 5624 Augustinum

2154 5635 2320 5676 serui.
2355 5622 2477 5688 tot,
2502 5636 2551 5676 (ι.
2585 5621 2620 5676 5
2646 5634 2699 5678 et
2720 5624 2778 5675 4.
