3960 6188
450 286 553 341 503

1362 286 1705 345 APPENDIX
1743 287 1833 344 AD
1870 287 1931 345 S.
1972 288 2213 345 LEONIS
2248 286 2465 347 MAGNI
2500 288 2747 347 OPEBA.

3581 290 3689 351 506

450 400 792 469 “enitentis,
826 400 921 458 sed
947 399 1253 459 communio
1279 411 1583 472 negaretur.
1616 402 1746 458 Nam
1770 418 1892 460 cum
1917 402 2021 460 illis
2045 411 2098 470 Α
2125 406 2345 463 lieribus
2361 447 2377 473 ,
2406 406 2617 478 prodito
2643 421 2828 463 earum
2856 406 3109 472 crimine,
3131 403 3437 463 communio
3464 404 3697 478 denega-

449 493 780 563 teinporibus
799 494 1001 549 crebrae
1030 494 1424 562 persecutiones
1452 504 1656 559 essent.
1687 511 1756 553 ne
1782 512 2021 553 commu-

449 586 623 640 nionis
660 599 917 640 concessa
946 586 1169 641 tacilitas
1205 586 1451 643 homines
1483 586 1551 643 de
1591 590 2023 645 reconciliatione

448 690 664 731 securos
688 690 795 728 non
820 686 1099 732 revocaret
1118 691 1147 731 a
1174 677 1345 745 lapsu,
1371 680 1584 747 merito,
1614 688 1641 716 ι
1667 689 1856 749 negata
1877 696 2022 736 com-

450 771 721 833 munione,
755 776 839 821 est
864 782 1118 823 concessa
1148 770 1480 838 pmnitentia,
1512 787 1579 825 ne
1610 780 1776 826 totum
1810 773 2022 840 penitus

448 866 732 921 negaretur
759 875 776 911 :
807 868 862 913 et
903 858 1173 915 duriorem
1206 862 1574 917 remissionem
1606 862 1733 919 fecit
1769 868 2021 933 temporis

449 952 603 1003 ratio.
629 948 734 1005 Sed
759 958 1035 1018 postquam
1068 951 1322 1006 Dominus
1349 963 1531 1008 noster
1559 968 1742 1022 pacem
1770 954 2022 1010 Ecclesiis

447 1040 557 1096 sitis
598 1041 864 1107 reddidit,
905 1041 1015 1110 jatu
1064 1042 1287 1112 depulso
1334 1053 1542 1099 terrore
1587 1048 2020 1102 communionem

446 1130 561 1185 dari
585 1128 614 1169 δ
644 1131 965 1187 obeuntibus
996 1132 1215 1203 placuit,
1247 1144 1300 1189 et
1329 1148 1544 1203 propter
1569 1137 1778 1192 Domini
1810 1138 2020 1193 miseri-

445 1223 685 1279 cordiam
724 1224 876 1293 quasi
908 1226 1155 1281 viaticum
1196 1228 1548 1298 proiecturis,
1575 1240 1597 1268 ο
1634 1245 1700 1285 ne
1740 1230 2023 1287 NOt'alialti

450 1318 684 1373 lucretici
730 1319 974 1387 negantis
1007 1321 1248 1385 veniam,
1288 1322 1630 1390 asperitatem
1675 1331 1729 1379 et
1771 1322 2020 1379 duritiam

446 1406 598 1477 sequi
638 1406 936 1463 videamur.
986 1408 1015 1446 ά
1055 1410 1328 1467 Tribuitur
1369 1428 1498 1482 ergo
1544 1428 1666 1468 cuin
1712 1414 2025 1482 poenitentia

448 1505 685 1550 extrema
724 1499 1058 1561 communio.
1100 1510 1157 1553 ttt
1188 1502 1431 1555 homines
1473 1502 1774 1571 littjusmodi
1804 1513 1827 1541 ⁸
1861 1504 1942 1559 vel
1972 1506 2023 1560 in

450 1588 717 1657 supremis
750 1589 890 1654 suis,
922 1591 1263 1658 permittente
1297 1593 1404 1648 ὅθι·
1425 1604 1577 1649 aiore
1607 1606 1815 1661 nostro,
1843 1610 1871 1649 a
1903 1610 2025 1665 pcr-

450 1691 608 1747 petuo
636 1681 798 1736 exitio
821 1681 1172 1737 vindicentur.

2128 509 2241 567 tur;
2272 501 2506 555 virorum
2552 507 2761 565 autem,
2796 499 2993 554 latente
3045 500 3355 566 commisso,
3388 515 3493 556 non
3537 500 3696 559 facile

2130 588 2146 627 ί
2167 589 2356 660 aliquis
2371 606 2433 645 ex
2450 590 2839 660 suspicionibus
2864 590 3196 657 abstinetur;
3225 592 3313 659 qui
3341 591 3521 662 utique
3548 606 3696 647 suin-

2124 680 2441 747 utovebitur,
2472 680 2518 735 si
2546 680 2663 749 ejus
2692 678 2945 752 ﬂagitium
2973 681 3269 751 delegatur.
3295 679 3425 734 Cum
3448 696 3574 751 ergo
3598 694 3697 752 par

2123 783 2283 823 causa
2315 769 2413 835 sit,
2462 768 2728 826 interdum
2776 770 3085 839 probatione
3130 780 3400 839 cessante,
3446 772 3696 827 vindictae

2125 864 2262 916 ratio
2291 862 2639 931 conquiescit.

2194 954 2321 1009 Car.
2359 957 2418 1009 ν.
2441 985 2513 995 --
2535 954 2666 1010 Illud
2687 955 2845 1010 etiam
2868 954 3125 1010 sciscitari
3148 954 3359 1011 voluisti
3384 973 3396 1008 :
3420 970 3485 1008 an
3511 969 3698 1025 preces

2125 1049 2448 1104 dictautihus
2480 1051 2701 1105 liberum
2728 1049 3073 1113 concedatur,
3096 1050 3279 1119 utique
3311 1060 3426 1117 post
3449 1049 3696 1119 baptismi

2125 1140 2618 1209 regenerationem,
2661 1155 2691 1194 a
2726 1138 3055 1209 principibus
3085 1154 3304 1208 poscere
3341 1150 3566 1192 mortem
3600 1139 3699 1192 ali-

2125 1233 2277 1301 cujus
2296 1273 2311 1297 ,
2335 1235 2415 1287 vel
2450 1234 2761 1302 sanguinem
2790 1233 2855 1286 de
2878 1240 3049 1287 reatu.
3082 1229 3251 1299 Quam
3289 1245 3402 1285 rem
3433 1229 3701 1300 principes

2126 1341 2394 1396 nunquam
2433 1326 2550 1380 sine
2589 1325 2896 1396 cognitione
2921 1324 3249 1391 concedunt;
3278 1322 3372 1379 sed
3407 1324 3470 1377 ad
3492 1324 3703 1393 judices

2124 1417 2409 1472 commissa
2443 1416 2457 1467 ἱ
2499 1418 2612 1486 ipsa
2634 1460 2648 1483 ,
2685 1417 2766 1471 vel
2798 1415 3020 1471 crimina
3060 1431 3274 1484 semper
3298 1415 3607 1481 remittunt,
3646 1424 3700 1469 ut

2125 1522 2285 1563 causa
2313 1508 2523 1577 cognita
2558 1507 2912 1562 vindicentur.
2956 1508 3087 1574 Quae
3122 1522 3243 1561 eum
3284 1504 3553 1574 quaesitori
3584 1504 3699 1560 fue-

2126 1598 2235 1652 rint
2270 1596 2543 1665 delegata,
2584 1607 2676 1652 aut
2703 1598 2998 1661 absolutio,
3029 1605 3120 1651 aut
3144 1597 3445 1660 damnatio,
3481 1610 3579 1662 pro
3609 1609 3703 1648 tte-

2126 1687 2255 1754 gotii
2279 1687 2532 1757 qualitate
2556 1685 2853 1757 profertur;
2883 1698 2939 1741 et
2967 1687 3090 1741 dum
3122 1687 3296 1755 legum
3331 1687 3623 1741 auctoritas
3646 1684 3701 1741 in

517 1774 643 1829 CAP.
676 1774 763 1830 Ill.
800 1806 862 1817 ——
888 1777 969 1843 Qu
989 1776 1177 1830 csitum
1206 1788 1288 1832 est
1321 1779 1477 1831 eti.=m
1502 1794 1661 1848 super
1685 1778 1767 1833 his
1793 1781 1878 1849 qui
1906 1790 2022 1845 post
2054 1789 2101 1847 Β
2127 1777 2397 1846 improbos
2420 1789 2720 1843 exercetur,
2748 1780 2850 1832 erit
2872 1778 3097 1832 dictator
3127 1775 3396 1832 immttnis.

452 1867 770 1937 baptismum
808 1868 1352 1932 administrare-runt,
1402 1881 1454 1923 et
1483 1879 1573 1923 aut
1617 1881 1878 1927 tormenta
1909 1872 2019 1925 sola

447 1968 823 2025 exercuerunt,
851 1968 943 2014 aut
970 1961 1127 2014 etiam
1153 1959 1431 2028 capitalem
1461 1959 1478 1998 ί
1513 1962 1783 2030 protulere
1809 1970 2025 2017 senten-

445 2046 595 2101 tiam.
626 2046 764 2102 Nihil
792 2046 858 2102 de
888 2049 951 2101 iis
978 2049 1200 2117 legimus
1223 2066 1251 2100 a
1277 2050 1569 2120 majoribus
1589 2049 1895 2106 diltinitum.
1919 2052 2024 2105 Me-

446 2135 715 2193 minerant
740 2139 881 2194 enim
903 2154 933 2193 a
960 2139 1066 2193 Deo
1093 2159 1103 2207 ι
1126 2148 1380 2195 otestates
1407 2142 1503 2195 has
1532 2141 1696 2197 fuisse
1716 2157 2020 2207 concessas.

444 2238 499 2286 et
529 2240 746 2301 propter
775 2230 1081 2285 vindictam
1104 2233 1384 2287 noxiorum
1426 2232 1658 2304 gladium
1705 2233 1867 2288 fuisse
1899 2251 2022 2304 per.

449 2320 689 2386 missum.
713 2331 767 2377 et
793 2322 885 2377 Dei
902 2323 1202 2376 ministrum
1218 2339 1339 2378 e-se
1359 2323 1544 2379 datum
1561 2324 1826 2379 vindicem
1856 2328 1906 2379 in
1928 2325 2022 2379 litt-

440 2414 700 2481 jusmodi.
720 2414 1176 2482 Quemadmodum
1206 2416 1362 2487 186
1385 2415 1546 2484 igitur
1571 2415 2022 2485 reprehenderent

447 2504 643 2559 (actum
661 2544 678 2571 ,
707 2503 847 2573 quod
877 2515 1097 2559 auctore
1133 2504 1357 2560 Domino
1386 2506 1633 2563 viderent
1660 2521 1776 2562 esse
1802 2522 2023 2563 conces-

445 2595 598 2650 sum?
628 2595 700 2650 De
731 2595 814 2650 bis
839 2610 967 2666 ergo
996 2605 1019 2641 8
1049 2595 1117 2650 ita
1151 2606 1201 2647 ιιι
1234 2594 1489 2652 hactenus
1516 2606 1785 2652 servatum
1813 2606 1915 2661 est,
1943 2600 2022 2653 sic

448 2689 744 2745 habemus:
778 2704 844 2745 ne
886 2698 975 2743 aut
1005 2688 1341 2756 disciplinam
1380 2702 1659 2755 evertere,
1704 2699 1794 2743 aut
1837 2699 2018 2744 contra

444 2780 812 2835 auctoritatem
845 2780 1053 2834 Domini
1079 2781 1258 2834 tcnire
1282 2779 1575 2835 videamur.
1603 2780 1735 2850 Ipsis
1761 2790 1866 2834 auti
1889 2796 1938 2834 in
1968 2780 2019 2835 in

447 2874 658 2930 ratione
683 2873 956 2931 reddenda
982 2884 1127 2945 gesta
1157 2890 1250 2930 sua
1280 2877 1457 2931 omnia
1487 2878 1865 2934 servabuntur.

511 2964 641 3021 Car.
673 2964 760 3021 lV.
799 2997 868 3008 —
894 2967 963 3022 Et
1005 2967 1138 3022 illud
1176 2968 1539 3023 de~idcratum
1588 2979 1671 3023 est
1716 2969 1872 3035 sciri,
1914 2972 2020 3024 cur

440 3058 901 3115 communicantes
923 3058 1021 3114 viri
1041 3073 1163 3115 cum
1188 3059 1447 3116 adulteris
1472 3059 1730 3115 uxoribus
1758 3075 1863 3114 non
1894 3075 2023 3115 con-

2196 1870 2325 1924 Car.
2359 1868 2446 1924 Vl.
2468 1898 2537 1907 —
2565 1868 2639 1923 De
2661 1868 2725 1923 iis
2749 1868 2906 1923 etiam
2937 1868 3212 1938 requisivit
3236 1868 3451 1924 dilectio
3476 1876 3590 1934 tua,
3609 1867 3701 1939 qui

2126 1960 2515 2017 interveniente
2535 1960 2781 2030 repudio,
2810 1960 2898 2013 alii
2925 1975 2984 2016 se
3006 1958 3342 2013 matrimonio
3361 1958 3699 2028 copularunt,

2127 2067 2260 2121 quos
2285 2052 2336 2105 in
2370 2061 2591 2121 utraque
2622 2062 2769 2121 parte
2788 2049 3060 2106 adulteros
3086 2064 3205 2105 esse
3234 2048 3573 2105 manifestum
3596 2058 3701 2103 est.

2128 2140 2152 2179 ¹ι
2185 2145 2281 2211 Qui
2325 2159 2455 2198 vero
2482 2143 2564 2198 vel
2598 2158 2763 2197 uxore
2793 2144 3035 2209 vivente,
3083 2141 3322 2212 quamvis
3359 2136 3703 2195 dissociatum

2129 2234 2373 2289 videatur
2399 2249 2519 2289 esse
2551 2235 2704 2305 187
2735 2234 3059 2303 conjugium,
3087 2233 3150 2288 ad
3173 2234 3330 2287 aliam
3352 2232 3596 2301 copulam
3629 2232 3708 2287 ie-

2126 2326 2424 2388 stinarunt,
2455 2339 2559 2380 non
2592 2334 2813 2394 possunt
2846 2325 3074 2380 adulteri
3109 2341 3213 2380 non
3254 2323 3419 2379 videri
3448 2340 3464 2379 :
3495 2324 3547 2378 in
3580 2332 3705 2378 tan.

2127 2427 2238 2471 tum
2271 2428 2325 2470 ut
2359 2413 2378 2454 ι
2411 2422 2569 2472 etiam
2616 2416 2698 2470 lue
2744 2431 2984 2485 personae
3024 2416 3218 2485 quibus
3261 2416 3391 2470 tales
3428 2415 3707 2483 conjuncti

2125 2515 2251 2562 sunt
2272 2548 2287 2575 ,
2330 2507 2491 2563 etiam
2531 2508 2660 2577 ipsa:
2688 2506 3004 2562 adulterium
3036 2506 3365 2561 commisisse
3399 2506 3706 2571 videantur,

2125 2598 2422 2655 secundum
2453 2599 2579 2655 illud
2621 2598 2761 2669 quod
2792 2596 3015 2670 legimus
3047 2599 3097 2651 iit
3129 2597 3452 2668 Evangelia:
3486 2597 3587 2663 Qui
3622 2597 3708 2650 di-

2126 2689 2317 2743 miserit
2346 2705 2553 2745 utorem
2582 2705 2749 2756 suam,
2780 2699 2828 2742 et
2856 2689 3057 2743 duxerit
3082 2689 3259 2756 aIiam,
3287 2689 3582 2745 machatur.
3614 2687 3708 2745 Si-

2125 2780 2311 2833 militer
2336 2788 2383 2834 et
2403 2780 2490 2848 qui
2509 2780 2772 2834 dimissam
2800 2781 3023 2845 duxerit,
3045 2780 3321 2835 maechatur
3350 2780 3561 2847 (Matth.
3587 2795 3701 2849 xtx,

2125 2870 2203 2941 9).
2238 2872 2303 2926 Et
2342 2872 2461 2927 ideo
2489 2888 2676 2928 omnes
2703 2888 2732 2925 a
2761 2873 3135 2928 communione
3161 2882 3199 2950 φ
3227 2872 3589 2929 abstineitdos.
3627 2873 3704 2927 De

2126 2963 2433 3032 parentibus
2460 2973 2639 3019 autem
2661 3008 2675 3032 ,
2716 2972 2808 3018 aut
2842 2964 3151 3035 propinquis
3184 2979 3405 3031 eorum,
3436 2964 3562 3018 nihil
3598 2963 3708 3021 tale
3788 2954 3792 2957 ’

2123 3056 2283 3109 statui
2325 3064 2535 3125 potest,
2575 3056 2676 3113 nisi
2719 3056 3020 3112 incentores
3049 3056 3217 3112 illiciti
3256 3056 3512 3111 consortii
3537 3056 3709 3112 luisse

444 3151 689 3219 veniant,
731 3165 851 3206 cum
897 3161 1114 3209 econtra
1146 3167 1340 3207 uxores
1369 3152 1422 3207 in
1460 3152 1732 3207 consortio
1759 3152 2028 3206 adultero.
2053 3154 2099 3216 ς
2132 3146 2466 3216 detegantur.

441 3258 557 3298 rum
577 3243 813 3299 virorum
836 3257 1053 3298 manere
1073 3243 1373 3298 videantur.
1395 3242 1568 3314 Super
1590 3241 1693 3298 hoc
1714 3242 2019 3299 Christiana

438 3335 626 3407 religio
654 3334 975 3391 adulterium
1015 3336 1073 3391 in
1094 3344 1323 3406 utroque
1348 3351 1481 3390 scxu
1515 3335 1627 3405 pari
1663 3335 1869 3390 ratione
1897 3349 2022 3389 con-

442 3430 693 3493 demnat;
721 3426 817 3483 sed
844 3428 988 3483 viros
1018 3444 1143 3483 suos
1170 3429 1420 3484 mulieres
1448 3428 1515 3484 de
1534 3427 1795 3484 adulterio
1822 3444 1925 3483 non
1951 3428 2022 3480 fa-

440 3520 544 3577 cile
582 3527 876 3587 accusant,
901 3527 955 3575 et
982 3534 1088 3575 non
1121 3520 1319 3575 habent
1349 3519 1566 3575 latentia
1597 3529 1811 3590 peccata
1842 3518 2023 3575 vindi-

436 3622 597 3668 ctam.
628 3612 745 3669 Viri
785 3622 963 3668 autem
1014 3628 1206 3668 uxores
1246 3611 1270 3650 ’³
1315 3628 1441 3667 suas
1483 3612 1703 3667 liberius
1746 3612 2018 3668 adulteras

435 3702 581 3773 apud
616 3702 921 3759 sacerdotes
947 3702 1155 3757 deferre
1193 3713 1631 3768 consueverunt;
1665 3711 1717 3758 et
1749 3703 1868 3758 ideo
1907 3717 2017 3758 mu-

567 3905 723 3979 Vulg.
754 3922 876 3965 cum
909 3905 1341 3979 Vahriieginm,
1362 3912 1545 3979 negata
1588 3905 1871 3979 communio
1911 3915 2014 3973 est,

438 3974 1014 4033 concessa'mitentia.
1049 3977 1234 4031 Melius
1255 3976 1343 4028 alii
1375 3974 1540 4028 nostri
1572 3974 1730 4030 codd.

507 4046 535 4088 δ
565 4045 733 4105 Codd.
776 4047 898 4103 Vat.
941 4046 1187 4115 Regium,
1235 4055 1291 4100 et
1328 4046 1465 4099 alius
1499 4060 1621 4100 cum
1661 4045 1820 4101 editis
1859 4048 2013 4103 Rom.

438 4120 597 4175 Dion.
614 4158 631 4185 ,
657 4131 787 4182 etc..
811 4120 1130 4172 abeuntibus.

511 4199 534 4229 ε
564 4189 771 4257 Quesn.
800 4204 921 4244 cum
951 4188 1068 4240 aliis
1099 4186 1240 4257 vulg.
1275 4184 1462 4242 inserit
1488 4198 1567 4250 et;
1603 4185 1793 4241 melius
1820 4186 2017 4241 deleti-

436 4274 559 4313 inus
578 4275 698 4315 cum
730 4268 927 4314 nostris
954 4257 1110 4313 codd.
1139 4257 1294 4311 Vind.
1319 4270 1372 4311 et
1406 4257 1525 4314 Vat.
1558 4257 1681 4311 Post
1709 4273 1871 4325 pauca
1900 4260 2015 4311 sub-

432 4331 577 4399 sequi
603 4330 740 4400 apud
766 4328 967 4397 Queen.
990 4344 1113 4385 cum
1138 4328 1370 4399 antiquis
1398 4326 1741 4384 editionibus.
1776 4331 1845 4382 At
1873 4329 2016 4398 sequi

436 4401 636 4458 habent
664 4401 749 4455 alii
779 4400 937 4455 codd.

434 4541 463 4595 ⁸
505 4469 532 4508 ἀ
567 4471 686 4528 Vat.
715 4485 819 4526 ms.
849 4485 970 4525 cum
999 4469 1129 4526 edit.
1163 4469 1352 4535 Rom.,
1382 4466 1537 4525 Dion.
1569 4478 1623 4524 et
1655 4466 1866 4535 Coust.,
1901 4469 1952 4521 Τ.
1972 4471 2015 4523 i-

470 4555 635 4595 uetur.

470 4555 635 4596 uetatr.

508 4620 533 4649 θ
561 4611 651 4668 Sic
680 4610 847 4668 nostri
877 4611 1035 4666 codd.
1065 4625 1186 4665 cum
1218 4610 1339 4666 aliis
1372 4609 1550 4665 editis.
1582 4608 1927 4677 Quesnellus,
1961 4612 2012 4663 in

435 4682 693 4737 extremis.

2197 3242 2323 3296 Car.
2355 3241 2460 3296 νη.
2488 3271 2557 3281 -—-
2576 3241 2677 3309 Qui
2701 3257 2828 3298 vero
2850 3242 2969 3298 libri
2990 3241 3314 3312 recipiantur
3340 3241 3391 3296 in
3419 3253 3628 3295 canone
3655 3247 3706 3304 ι.

2127 3332 2304 3387 brevis
2332 3347 2571 3388 annexus
2609 3335 2862 3391 ostendit.
2905 3333 3033 3389 Htec
3073 3342 3197 3388 sunt
3236 3348 3353 3399 qua
3395 3332 3709 3387 desiderata

2127 3438 2259 3479 voce
2298 3423 2503 3478 moneri
2533 3423 2763 3479 voluisti.
2798 3423 2924 3478 lilosi
2955 3423 3074 3479 libri
3106 3423 3357 3493 quinque,
3395 3421 3447 3477 id
3485 3431 3570 3476 est
3599 3418 3710 3475 Ge-

2126 3515 2299 3581 nesis,
2350 3515 2544 3583 Exodi,
2589 3514 2844 3580 Levitici,
2876 3514 3122 3583 Numeri,
3174 3512 3614 3578 Deuteronomii;
3655 3520 3711 3567 et

2128 3607 2295 3663 °1esu
2320 3608 2463 3663 Nave
2492 3606 2791 3675 I,Judicutn
2820 3607 2861 3677 Ι,
2890 3607 3193 3678 Regnorum
3221 3607 3339 3662 libri
3366 3616 3618 3677 quatuor,
3637 3605 3710 3659 si-

2128 3701 2243 3758 mul
2268 3713 2319 3757 et
2351 3701 2512 3767 Ruth,
2536 3701 2920 3772 Prophetarum
2952 3700 3074 3757 libri
3097 3698 3233 3767 XVI,
3259 3699 3561 3756 Salomonis
3582 3697 3707 3753 libri

2122 3905 2249 3960 bant
2279 3920 2408 3960 mss.
2440 3904 2609 3960 Vind.
2632 3912 2685 3959 et
2707 3902 2825 3958 Vat.
2857 3901 3102 3972 Reginae,
3136 3900 3356 3957 verbum
3382 3901 3709 3956 vindicentur

2122 3980 2353 4030 relertur
2373 3978 2437 4029 ad
2466 3976 2708 4041 crimina,
2739 3982 2795 4029 et
2822 3976 3178 4028 coluercutius
3202 3987 3323 4024 cum
3350 3975 3708 4041 sequentibus

2120 4048 2311 4115 fuerint
2349 4048 2579 4115 delegata
2602 4062 2621 4099 :
2660 4059 2757 4113 pro
2797 4058 2901 4110 quo
2930 4044 3143 4115 codices
3180 4043 3269 4111 qui
3306 4041 3502 4097 habent
3535 4054 3709 4098 eam

2124 4113 2370 4182 cognitor,
2407 4113 2694 4185 praeferunt
2722 4115 2905 4183 fuerint
2934 4113 3199 4185 delegauit.

2191 4187 2217 4226 ¹ι
2248 4182 2445 4254 Queen.
2469 4227 2483 4253 ,
2526 4186 2627 4250 Qui
2666 4182 2816 4254 ergo,
2862 4184 2938 4238 te!
2966 4182 3104 4251 qua),
3137 4185 3272 4249 viro,
3308 4182 3385 4236 rei
3426 4198 3587 4254 uxore
3626 4188 3707 4237 ω-

2120 4252 2350 4329 v'nte....
2383 4252 2909 4329 conjugiutn,'ta_tneir
2944 4254 3011 4329 ad
3040 4256 3197 4307 etiam
3227 4254 3462 4329 copulant
3490 4252 3711 4329 festina:

2120 4330 2297 4381 viriut.
2336 4324 2672 4381 Prtet'uliuius
2698 4326 2820 4381 cod.
2850 4324 3009 4379 Vind.
3035 4364 3049 4390 ,
3080 4340 3197 4378 cum
3228 4341 3335 4394 quo
3364 4324 3505 4392 Vulg.
3531 4334 3584 4376 et
3613 4326 3709 4379 alii

2122 4400 2277 4453 codd.
2309 4399 2616 4451 concinunt.

2198 4465 2571 4522 1Particulam
2620 4468 2771 4519 et'am
2816 4464 3107 4531 adiecimus
3153 4478 3273 4519 cum
3324 4479 3456 4519 mss.
3504 4461 3707 4531 Vind.,

2124 4538 2243 4592 Vat.
2276 4537 2520 4606 Reginae.
2556 4538 2780 4606 aliisque
2810 4539 2981 4605 vulg.;
3014 4546 3069 4589 et
3098 4550 3220 4589 mox
3246 4550 3364 4588 cum
3389 4535 3578 4588 iisdem
3610 4552 3711 4590 co-

2121 4609 2328 4663 dicibus
2368 4621 2421 4662 et
2454 4608 2663 4661 Lubbeo
2698 4609 3053 4661 cohmreutius
3086 4621 3205 4659 cum
3238 4607 3464 4659 lectione
3495 4620 3709 4673 pra'ce-

2122 4680 2492 4761 denti‘eonjuu:
2511 4680 2548 4730 li
2567 4694 2663 4761 pro
2688 4681 2970 4761 conjunctis
3000 4675 3420 4761 emendavintus:

510 4748 530 4788 ι
560 4749 784 4817 Quesn.,
819 4751 1090 4818 pertulere,
1122 4750 1190 4803 ob
1220 4752 1481 4804 incautam
1505 4747 1786 4802 lectionem
1817 4750 2014 4804 abbrr-
2044 4743 2099 4803 Β
2191 4758 2231 4786 ιι
2250 4752 2337 4804 Sic
2359 4743 2536 4811 Vind.,
2567 4743 2683 4800 Vat.
2710 4743 2945 4815 Reginae,
2970 4764 3032 4800 ac
3051 4762 3142 4818 sex
3165 4747 3252 4800 alii
3276 4746 3432 4818 codd.
3454 4744 3705 4818 a‘CQpSl.

438 4819 700 4883 \iationis,
735 4836 1010 4889 perperam
1042 4837 1061 4875 ε,
1092 4836 1211 4874 uani
1240 4822 1305 4873 de
1335 4820 1829 4889 administrantibus
1854 4822 2014 4887 justi-

434 4891 561 4945 tiam
603 4890 687 4944 hic
717 4887 897 4945 Sermo
922 4901 1024 4944 e~t.
1061 4891 1185 4945 POSt
1220 4887 1468 4943 nonnulla
1499 4889 1835 4958 Qttesltellus,
1874 4890 2012 4957 Quo-

432 4960 585 5016 modo
612 4960 788 5029 igitur.
822 4959 1045 5015 Nostros
1077 4962 1287 5016 Codices
1311 4961 1477 5014 seetiti
1500 4975 1703 5014 sumus.

506 5039 533 5079 ι
560 5029 660 5103 Sic;
674 5030 837 5103 codd.
875 5031 1053 5093 Vind.,
1089 5032 1201 5084 Vat.
1240 5030 1479 5102 Reginae,
1509 5038 1565 5084 et
1594 5032 1759 5101 vulg.,
1787 5044 2011 5103 excepto

430 5101 743 5170 Quesnello,
766 5103 854 5170 qui
888 5103 1083 5157 omittit
1112 5105 1202 5158 ita.

502 5168 534 5211 δ
561 5172 716 5241 Vulg.
747 5168 929 5228 delent
957 5190 1095 5229 suas.
1126 5172 1261 5228 Cod.
1289 5169 1472 5238 Vind.,
1500 5187 1619 5225 suas
1638 5171 2003 5240 adulterantes,

430 5249 489 5297 ct
516 5242 655 5298 delet
686 5242 917 5297 liberius.

509 5310 527 5382 ἦ
554 5311 644 5369 Sic
664 5315 832 5370 nostri
855 5312 1014 5369 codd.
1037 5326 1155 5366 cum
1184 5314 1328 5381 vulg.
1356 5312 1696 5381 Quesnellus.
1718 5312 2007 5382 quisquam.

505 5381 524 5435 t
560 5384 784 5451 Quean
816 5384 928 5439 illa.
957 5383 1146 5452 Melius
1171 5386 1331 5440 codd.
1370 5384 1522 5438 Vind.
1556 5394 1609 5438 et
1643 5381 1760 5436 Vat.
1792 5384 2008 5452 Regina:

429 5467 554 5508 cum
575 5448 795 5527 Leaeteris
816 5455 993 5527 editis.
1012 5448 1346 5527 Mosi-ausa:
1366 5454 1582 5527 Cagnin
1610 5448 1925 5527 vindicentur
1944 5454 2009 5527 _i_n

432 5537 534 5576 ius.
566 5522 738 5578 Oxon.
768 5537 831 5577 ac
867 5525 1105 5587 pluribus
1130 5525 1249 5580 aliis
1284 5522 1445 5579 codd:
1471 5538 1590 5578 eum
1625 5524 1855 5591 antiquis
1893 5523 2008 5577 edi-

435 5593 799 5665 tionibustlta
829 5593 986 5647 etiam
1030 5593 1313 5665 Dioiiysius
1342 5596 1599 5665 vulgatus.
1634 5594 1699 5665 At
1739 5594 2011 5661 exemplar

435 5663 652 5730 ltegiuut
684 5661 835 5717 Dion.
867 5678 985 5717 cum
1024 5661 1340 5719 mss.'t;olb.
1371 5677 1420 5718 et
1441 5661 1676 5717 Luccnsi
1696 5702 1711 5725 .
1740 5678 1895 5716 causa
1920 5677 2008 5715 co-

432 5733 571 5802 gnita
600 5732 891 5785 vindicetur.
930 5732 989 5786 lit
1024 5744 1199 5786 nostra
1240 5748 1366 5787 vero
1398 5732 1654 5797 lectione,
1689 5748 1844 5802 quam
1888 5749 2012 5801 pro-

2118 4820 2313 4874 laudati
2342 4835 2460 4874 cuin
2485 4818 2692 4873 ceteris
2720 4821 2859 4885 vulg.
2894 4817 3212 4882 Quesnrllus
3238 4826 3292 4870 et
3318 4816 3438 4870 cod.
3462 4815 3531 4870 ab
3557 4816 3708 4872 Har-

2115 4890 2277 4944 dtiino
2299 4893 2574 4960 allegatus,
2602 4887 2833 4960 fidelium
2854 4888 3160 4960 aizstinendi.

2185 4970 2210 4996 η
2244 4954 2575 5015 υἱοη.’;ιι1ιιὶι
2604 4954 3012 5027 Scripturarum.
3058 4957 3179 5012 Isid.
3220 4971 3340 5011 cum
3368 4954 3512 5018 vulg.
3554 4954 3710 5011 Con-

2112 5031 2228 5095 cll.,
2260 5041 2550 5084 sanctarum
2581 5026 2987 5095 Scripturarum.
3019 5031 3135 5082 Mox
3162 5028 3387 5095 Qttesn.,
3417 5026 3549 5081 Ha’c
3575 5038 3709 5081 sunt

2109 5118 2250 5170 ergo.
2308 5100 2603 5155 Delevimus
2623 5098 2742 5169 ergo
2778 5114 2895 5153 cunt
2922 5098 3079 5154 codd.
3114 5098 3295 5165 Vind.,
3334 5099 3448 5152 Vat.
3476 5098 3711 5167 Regina:

2114 5180 2171 5224 et
2195 5173 2378 5225 Const.
2411 5172 2662 5224 editione.
3416 5204 3421 5207 -

2191 5250 2215 5275 °
2249 5243 2321 5295 Ex
2350 5242 2453 5295 title
2475 5240 2794 5309 optimorum
2815 5239 2978 5293 codd.
3005 5238 3229 5297 Vindeb.
3254 5246 3309 5293 et
3331 5237 3449 5309 Vat.
3475 5236 3709 5305 Regina

2118 5311 2418 5364 ailditlitnus
2461 5307 2712 5365 numeros
2745 5312 2763 5364 l
2805 5311 2951 5363 libris
2988 5310 3114 5363 Jesu
3151 5312 3292 5363 Nave
3330 5318 3383 5363 et
3422 5307 3705 5366 Judicum.

2115 5380 2359 5436 Concinit
2385 5398 2483 5435 nis.
2520 5381 2659 5445 Val.,
2682 5380 2952 5449 quietiam
2977 5380 3137 5435 habet
3160 5378 3299 5433 Ruth
3321 5376 3372 5449 I.
3405 5378 3478 5432 Ex
3506 5379 3707 5449 iisdem

2118 5468 2249 5508 mss.
2276 5463 2329 5504 et
2361 5452 2571 5506 cteteris
2592 5450 2815 5521 vulgatis
2847 5452 3176 5504 correximus
3212 5448 3589 5521 PrOpltttarunt
3628 5448 3710 5521 κιε-

2120 5522 2194 5575 bri
2220 5521 2380 5585 XVI,
2412 5535 2511 5592 pro
2539 5519 2733 5592 XVII,
2765 5522 2836 5573 uti
2866 5521 3180 5589 pratferebat
3201 5519 3471 5592 Quesuelli
3503 5520 3708 5592 editi».

2121 5593 2348 5649 Econtra
2383 5587 2469 5647 ubi
2500 5590 2819 5659 Quesnellus
2848 5587 2968 5646 dein
3008 5587 3402 5658 εει-ἰρείιίΙυαω
3428 5587 3480 5653 ι,
3510 5599 3556 5642 et
3599 5590 3717 5642 Ja-

2116 5664 2225 5715 cobt'
2256 5662 2303 5731 Ι,
2328 5677 2446 5717 cum
2471 5662 2658 5716 iisdem
2687 5676 2817 5716 mss.
2844 5671 2898 5716 et
2924 5661 3061 5731 vulg.
3090 5660 3386 5715 deleviinus
3408 5674 3713 5714 numerum

2119 5735 2357 5799 unitatis,
2384 5748 2470 5802 qui
2502 5748 2563 5787 ex
2598 5744 2726 5787 voce
2760 5731 3331 5801 epistotaitttelligitur.
