3888 6182
235 258 323 317 509
684 254 907 312 CODEX
945 252 1271 313 (IANONUM
1310 250 1587 311 ECCLES.
1626 252 1714 311 ET
1751 252 1792 310 C

1903 250 2323 313 STlTUTOBUM
2361 254 2424 317 S.
2461 254 2651 313 SEDlS
2690 252 3016 313 APOSTOL.

3370 260 3474 319 5l0

234 382 327 425 non
349 363 629 425 dimissum
649 363 719 420 sit
748 378 848 435 pro
874 372 1113 436 peccato,
1146 364 1270 436 quia
1297 378 1365 421 ex
1390 363 1486 422 Dei
1514 365 1584 423 sit
1605 364 1798 421 rolun-
1825 366 1873 429 Α
1898 366 2138 422 remedio
2167 381 2232 424 ac
2278 368 2597 427 necessitate
2628 368 2882 436 temporis
2927 378 3181 424 statutum
3214 380 3315 437 est,
3350 388 3479 426 con-

235 468 327 515 tate
342 457 695 524 eoulpletnm.

286 550 415 606 Cn.
444 546 841 604 lib—Ventum
867 557 951 601 est
968 547 1033 602 ad
1051 547 1261 603 tertiam
1284 548 1656 617 quaestionem,
1674 562 1793 617 qum

230 657 316 711 pro
352 640 434 697 sui
488 638 800 703 difﬁcultate
838 638 1130 708 longiori-in
1163 638 1327 708 exigit
1356 638 1789 708 disputationem.

230 730 352 787 Cum
384 742 482 784 nos
513 729 759 783 dicamus
799 727 866 779 ab
916 727 1180 781 ba'teticis
1219 726 1492 781 ordinatos
1540 729 1789 782 vulnera-

234 832 332 877 tum
364 829 391 861 ι
419 834 514 888 per
542 818 687 872 illam
714 831 905 872 manus
944 820 1338 886 impositionem
1369 818 1566 873 habere
1610 828 1786 888 caput,

232 920 282 968 et
307 912 393 967 ubi
429 910 621 965 vulnus
648 908 869 965 inﬁxum
900 920 1000 971 est,
1030 911 1292 963 medii-im
1340 919 1423 963 cst
1468 910 1788 972 adhibenda,

234 1011 285 1058 ut
310 998 471 1070 possit
495 1003 735 1068 recipere
759 998 1073 1053 sanitatem:
1099 1016 1218 1065 qua:
1244 1004 1442 1054 sanitas
1466 1010 1581 1068 post
1604 1002 1790 1055 vulnus

234 1102 398 1150 secuta
434 1090 553 1147 sine
596 1088 848 1143 cicatrice
900 1102 1019 1144 esse
1067 1104 1171 1143 non
1225 1090 1445 1158 poterit;
1494 1103 1653 1161 atque
1704 1091 1789 1146 ubi

239 1181 547 1252 penitentite
575 1179 870 1234 remedium
902 1180 1261 1233 necessarium
1300 1190 1403 1243 est,
1442 1181 1551 1235 illic
1579 1182 1791 1235 ordini-

236 1274 379 1330 tiouis
398 1272 657 1327 honorem
687 1270 861 1326 locum
913 1268 1110 1326 habere
1156 1287 1262 1325 non
1307 1286 1483 1341 posse.
1515 1270 1539 1308 δ
1570 1272 1697 1325 Nam
1722 1272 1791 1337 si,

237 1379 287 1423 ut
305 1367 506 1435 legitur,
532 1364 670 1433 quod
714 1363 929 1435 titigerit
970 1364 1297 1431 immundus,
1340 1365 1659 1419 immundum
1700 1367 1791 1418 erit

237 1456 405 1529 (Nunt.
427 1470 545 1520 xix,
576 1453 682 1521 22;
704 1453 869 1509 Leuit.
895 1468 989 1525 xv,
1021 1453 1080 1525 4)
1115 1472 1128 1509 :
1160 1454 1429 1524 quomodo
1458 1453 1509 1510 ei
1534 1455 1793 1510 tribuetur

238 1547 358 1619 quod
385 1546 640 1602 mnditia
686 1559 753 1600 ac
798 1545 999 1614 put-itas
1038 1546 1316 1601 consuevit
1354 1546 1637 1615 accipere?
1684 1546 1789 1601 Sed

238 1650 429 1697 meum
453 1638 713 1694 asseritur
738 1652 859 1693 eum
889 1637 980 1706 qni
1010 1635 1267 1693 honorem
1297 1638 1499 1707 amisit,
1530 1636 1789 1694 honorem

1894 464 2001 513 stat
2024 458 2267 527 primitus
2282 472 2387 514 non
2412 458 2589 519 fuisse.
2616 474 2677 516 ac
2700 458 2862 519 fuisse
2885 462 3093 529 regulas
3118 470 3322 515 veteres
3345 479 3476 529 quas

1896 547 1965 603 ab
1988 548 2250 619 apostolis
2276 558 2367 604 aut
2396 547 2700 620 apostolicis
2720 549 2848 603 siris
2871 550 3087 605 traditas
3113 550 3346 605 Ecclesia
3371 550 3474 604 Ito.

1894 653 2048 695 mana
2079 639 2331 703 custodit,
2367 639 2850 710 custodiendasqne
2881 640 3098 697 mandat
3127 640 3207 694 bis
3237 642 3326 710 qui
3357 658 3473 695 caui

1891 729 2076 785 audire
2104 741 2515 785 consueverunt.
2548 731 2652 787 Sed
2682 731 2978 786 necessitas
3006 732 3260 799 temporis
3286 731 3335 785 id
3358 733 3472 786 neri

1894 835 2214 890 magnopere
2248 822 2569 889 postulabat.
2612 823 2748 893 Ergo
2774 822 2914 893 quod
2961 838 3057 893 pro
3102 823 3342 877 remedio
3381 839 3475 878 ne-

1892 910 2112 963 Cessitas
2139 907 2166 945 ιι
2198 914 2416 981 reperit,
2443 923 2685 967 cessante
2717 915 3035 969 necessitate
3084 913 3244 969 debet
3291 916 3473 984 utique

1893 1016 2105 1055 cessare
2128 1004 2323 1070 pariter
2354 1006 2493 1073 quod
2529 1008 2767 1075 urgebat,
2799 1007 2919 1077 quia
2952 1006 3087 1060 alius
3117 1014 3197 1059 est
3237 1005 3369 1060 ordo
3397 1007 3475 1060 le-

1892 1092 2127 1161 gitimus,
2160 1096 2261 1147 alia
2294 1096 2588 1166 usurpatio,
2619 1113 2776 1167 quam
2808 1097 2872 1151 ad
2916 1112 3152 1168 prmsens
3184 1096 3297 1153 ﬁeri
3339 1106 3474 1152 tem-

1896 1198 1995 1252 pus
2018 1183 2265 1252 impellit.

1965 1271 2068 1327 Sed
2095 1288 2328 1331 canones
2355 1276 2491 1346 apud
2526 1276 2751 1331 Nicm’am
2783 1279 3056 1334 constituti
3079 1280 3147 1334 de
3168 1279 3471 1338 Novatiauis

1895 1363 2013 1418 ﬁeri
2035 1367 2415 1435 permiserunt.
2451 1368 2604 1425 Prius
2625 1370 2715 1425 ille
2741 1386 2911 1425 canon
2942 1387 2971 1425 a
3002 1372 3246 1428 Patribus
3267 1374 3473 1429 institu-

1897 1463 1981 1507 tus
2009 1456 2283 1523 ponendus
2304 1468 2415 1527 est;
2446 1466 2503 1513 ut
2528 1460 2788 1530 possimus
2812 1461 3088 1517 advertere
3110 1463 3188 1517 vel
3217 1464 3364 1533 quid,
3389 1468 3469 1520 vel

1896 1547 2128 1616 qualiter
2166 1565 2381 1605 sensum
2412 1551 2483 1607 ab
2528 1551 2714 1608 iisdem
2755 1555 2844 1623 sit,
2884 1553 2967 1609 vel
3006 1564 3349 1625 praeceptum.
3400 1555 3472 1609 De

1892 1635 1977 1701 iis,
2009 1636 2199 1707 inquit,
2223 1641 2311 1709 qui
2334 1641 2522 1712 seipsos
2552 1643 2811 1696 nominant
2838 1644 3102 1708 Cat/raros,
3123 1644 3177 1697 id
3206 1655 3277 1698 est
3314 1645 3471 1699 Mun-

238 1730 466 1787 damma
488 1742 680 1799 posse;
714 1739 813 1782 nec
838 1726 986 1781 illum
1012 1726 1529 1797 aliquidiaccepisse,
1562 1728 1684 1798 quia
1709 1729 1786 1781 ni-
1817 1718 1866 1779 Β
1890 1728 1998 1795 dos,
2023 1738 2069 1784 et
2096 1732 2371 1800 aliquando
2392 1736 2595 1788 veniunt
2613 1736 2682 1789 ad
2709 1735 2984 1791 Ecclesium
3007 1736 3328 1799 cat/toliram,
3358 1737 3473 1807 pla-

242 1820 302 1874 hil
330 1821 375 1873 in
405 1820 563 1874 dante
587 1829 703 1873 erat
728 1816 867 1885 quod
893 1817 982 1872 ille
1008 1828 1190 1886 posset
1216 1819 1479 1888 accipere.
1516 1830 1537 1857 ο
1561 1821 1789 1889 Aequic-

246 1916 440 1977 seituus,
472 1924 526 1968 et
556 1928 741 1969 verum
769 1923 871 1969 est.
902 1910 1061 1968 Certe
1088 1912 1214 1981 quia
1250 1912 1389 1982 quod
1434 1928 1538 1966 non
1573 1912 1787 1980 habuit,

240 2006 349 2061 dare
376 2019 475 2059 non
501 2005 705 2074 potuit;
729 2004 1131 2059 damnationem
1164 2004 1365 2074 utique,
1390 2019 1548 2075 quam
1582 2004 1786 2073 habuit,

242 2108 321 2167 per
342 2112 549 2166 pravam
581 2112 771 2153 manus
790 2096 1185 2167 intpositionem
1215 2097 1389 2162 dedit;
1420 2108 1474 2152 et
1506 2098 1592 2167 qui
1626 2102 1791 2169 parti-

243 2205 347 2260 osps
389 2189 560 2246 lactus
585 2199 668 2245 ist
691 2190 963 2255 damnato,
991 2189 1259 2259 quomodo
1306 2188 1499 2245 debeat
1531 2190 1787 2245 honorem

239 2282 475 2350 accipere,
511 2281 750 2335 invenire
780 2294 883 2334 nun
915 2294 1152 2350 possunt.

299 2372 391 2428 Sed
419 2371 613 2426 dicitur
644 2386 769 2425 vera
797 2384 860 2425 ac
881 2370 1029 2440 justa
1064 2370 1282 2441 legitimi
1326 2372 1616 2429 sacerdotis
1643 2368 1667 2408 δ
1702 2373 1789 2426 be-

238 2464 445 2519 nedictio
492 2464 705 2518 auferre
753 2478 914 2517 omne
954 2463 1137 2517 vitium
1182 2462 1322 2530 quod
1362 2478 1395 2516 a
1448 2465 1640 2518 vitioso
1686 2464 1790 2519 lue-

241 2568 312 2610 rat
347 2555 614 2623 injectum.
648 2554 822 2623 Ergo,
858 2552 902 2607 si
930 2555 996 2607 ita
1026 2563 1141 2618 est,
1166 2554 1501 2621 applicentur
1538 2555 1601 2606 ad
1646 2555 1791 2608 ordi-

239 2647 485 2701 nationem
524 2645 818 2713 sacrilegi,
882 2643 1106 2697 adulteri
1177 2654 1338 2712 atque
1395 2647 1631 2697 omnium
1682 2649 1787 2697 Cri-

241 2739 422 2794 minum
470 2738 588 2805 rei,
634 2740 756 2809 quia
808 2751 900 2806 per
945 2736 1368 2791 benedictionem
1435 2737 1789 2792 ordinationis

247 2831 458 2888 crimina
548 2828 633 2884 vel
657 2829 778 2883 vitia
810 2836 1058 2896 putantur
1096 2826 1311 2882 auferri.
1354 2826 1541 2882 Nullus
1570 2832 1640 2883 sit
1680 2844 1792 2896 pce-

241 2922 463 2978 nitentite
492 2921 649 2993 193
678 2921 848 2985 locus,
873 2921 995 2989 quia
1024 2918 1075 2973 id
1106 2930 1279 2989 potest
1304 2929 1558 2989 prmstare
1584 2921 1791 2975 ordina-

239 3012 321 3078 tio,
346 3012 483 3083 quod
515 3012 668 3082 longa
697 3010 995 3065 satisfactio
1023 3017 1279 3080 praestare
1299 3012 1599 3067 consuevit.
1628 3021 1650 3049 ο
1680 3011 1786 3068 Sed

237 3112 422 3159 nostra
457 3102 545 3159 lex
592 3111 676 3157 est
721 3102 997 3167 Ecclesia,
1031 3101 1365 3158 venientibus
1392 3102 1461 3159 ab
1503 3104 1789 3170 bzereticis,
1818 3083 1863 3145 (ἶ

236 3198 313 3266 qui
338 3205 509 3252 tamen
540 3194 646 3252 illic
675 3195 929 3265 liaptizati
974 3203 1124 3263 sunt,
1153 3210 1250 3265 per
1278 3211 1467 3251 manus
1497 3198 1790 3268 impositio-

235 3303 365 3348 netu,
400 3287 588 3343 laicatn
623 3296 823 3341 tantum
854 3286 1090 3342 tribuere
1111 3288 1568 3355 communionem,
1596 3303 1695 3345 nec
1721 3306 1791 3345 ex

232 3377 315 3435 bis
336 3379 565 3448 aliquem
595 3378 651 3433 in
679 3378 962 3435 clericatus
991 3377 1248 3433 honorem
1273 3378 1360 3432 vel
1388 3378 1635 3448 exiguum
1668 3382 1793 3437 sub-

236 3483 444 3539 rogare;
474 3476 531 3523 at
559 3482 686 3523 vero
709 3468 742 3521 ii
764 3469 852 3539 qui
880 3483 909 3522 a
941 3466 960 3505 ί
986 3468 1244 3525 catholica
1267 3469 1332 3522 ad
1354 3469 1598 3525 haeresim
1623 3477 1797 3526 trans-

234 3562 419 3627 ierunt,
451 3575 585 3631 quos
622 3560 777 3616 aliter
804 3574 907 3616 non
933 3569 1143 3630 oportet
1170 3560 1271 3616 nisi
1303 3576 1400 3632 per
1426 3562 1792 3631 penitentiam

234 3653 439 3722 suscipi,
458 3644 598 3721 apud
620 3665 715 3707 vos
742 3666 847 3706 non
873 3652 1045 3704 solum
1077 3652 1443 3717 paenitentiam
1472 3667 1577 3708 non
1606 3664 1788 3723 agunt,

236 3756 401 3799 verum
435 3744 595 3798 etiam
628 3743 831 3798 honore
859 3742 1221 3796 cumulantur.

1894 1821 1997 1872 cuit
2022 1833 2207 1877 sancite
2234 1834 2277 1876 et
2308 1841 2502 1896 magna:
2522 1827 2739 1895 synodo.
2774 1835 2826 1879 ut
2855 1836 3058 1894 occepta
3090 1843 3270 1879 manus
3305 1828 3469 1897 impo-

1892 1910 2070 1967 ritione
2096 1914 2167 1967 sic
2193 1926 2424 1969 maneant
2444 1917 2496 1968 in
2515 1914 2647 1969 clero
2672 1915 2899 1986 (Nicen.
2917 1934 3032 1970 can.
3060 1916 3116 1988 8)
3143 1934 3155 1969 :
3193 1916 3207 1954 ί
3244 1917 3468 1972 Possum

1893 2016 2021 2058 vero
2050 2004 2232 2061 dicere
2259 2007 2324 2061 de
2355 2009 2482 2061 solis
2511 2008 2816 2062 Novatianis
2845 2009 2944 2063 hoc
2975 2023 3094 2062 esse
3120 2017 3463 2076 praeceptum,

1893 2110 1991 2151 nec
2023 2097 2087 2150 ad
2129 2098 2351 2152 aliarum
2382 2100 2644 2152 bmresum
2682 2097 2907 2153 clericos
2937 2098 3223 2167 pertinere.
3264 2098 3391 2152 Nam
3421 2101 3467 2153 si

1894 2192 2072 2260 utique
2103 2190 2172 2243 ita
2199 2187 2264 2242 de
2287 2188 2530 2242 omnibus
2558 2188 2867 2256 diftinirent,
2905 2188 3268 2242 addidissent:
3294 2206 3324 2241 a
3355 2187 3464 2241 No-

1894 2282 2107 2336 uatiunis
2127 2282 2339 2348 aliisque
2369 2280 2614 2333 Itu'reticis
2647 2288 2947 2334 reret-rentes
2986 2280 3159 2333 debere
3186 2281 3199 2330 i
3230 2281 3283 2333 in
3318 2297 3463 2334 suum

1892 2378 2118 2431 ordinem
2139 2374 2326 2445 recipi;
2358 2371 2513 2446 194
2540 2372 2678 2445 quod
2711 2373 2782 2426 ita
2804 2388 2941 2439 esse,
2969 2375 3124 2426 etiam
3149 2372 3276 2425 illud
3296 2374 3467 2425 mari-

1893 2482 1978 2521 me
2001 2466 2143 2535 quod
2164 2465 2230 2519 de
2254 2463 2591 2518 Panlianistis
2617 2463 2814 2516 dictum
2838 2472 2917 2516 est
2949 2462 3099 2534 (Can.
3123 2460 3323 2515 Niaen.
3356 2463 3464 2531 19}.

1895 2558 2082 2625 poterit
2104 2556 2444 2620 confirmare,
2467 2570 2494 2608 a
2520 2553 2711 2624 quibus
2735 2554 3006 2609 venientes
3024 2557 3183 2608 et‘am
3208 2554 3464 2623 baptizari

1895 2647 2227 2717 praecipiunt.
2252 2644 2625 2714 Nunquidnam
2651 2660 2770 2700 cum
2802 2645 2867 2699 de
2901 2644 3235 2698 Paulianistis
3254 2645 3464 2713 jnbent,

1893 2755 2079 2793 omnes
2110 2738 2198 2807 qui
2220 2738 2285 2791 ab
2310 2738 2575 2791 bmrcticis
2604 2747 2958 2801 revertuntur,
2983 2744 3138 2790 erunt
3166 2737 3265 2791 hoc
3285 2752 3469 2789 exem-

1894 2832 1981 2901 plo
2010 2828 2348 2898 baptizandi?
2387 2829 2538 2896 Quid
2583 2845 2702 2882 cum
2739 2827 2914 2882 nullus
2954 2828 3143 2881 audeat
3173 2826 3369 2894 facere,
3399 2827 3470 2881 de

1895 2923 2023 2993 ipsis
2052 2931 2255 2975 tantum
2286 2936 2407 2975 esse
2440 2929 2759 2990 praeceptum
2811 2920 2943 2973 ratio
2972 2920 3084 2988 ipsa
3116 2919 3467 2975 demonstrat.

1895 3015 2133 3084 Denique
2156 3013 2447 3081 baptizatos
2477 3014 2576 3067 rite
2610 3031 2638 3066 a
2669 3012 2909 3082 Philippo
2937 3013 3258 3081 evangelista
3283 3011 3470 3066 Petrus

1896 3115 1947 3159 et
1989 3105 2222 3159 Joannes
2278 3106 2389 3159 sola
2443 3118 2630 3158 manus
2682 3103 3019 3170 impositione
3060 3112 3468 3167 consummant;

1896 3197 2015 3252 illos
2042 3212 2170 3251 vero
2204 3211 2337 3267 quos
2367 3196 2642 3266 apostolus
2675 3193 2869 3248 Paulus
2919 3194 3210 3261 baptiattos
3253 3193 3473 3246 Joannis

1898 3288 2217 3358 baptismate
2246 3290 2461 3357 reperit,
2490 3286 2832 3354 interrogavit
2853 3298 2918 3337 an
2951 3284 3203 3353 Spiritum
3230 3294 3470 3339 sanctum

1896 3379 2253 3449 accepissent;
2280 3378 2673 3446 fatentibusque
2694 3390 2753 3431 se
2780 3374 2907 3429 illud
2942 3389 3008 3429 ne
3030 3374 3241 3444 quidem
3277 3388 3472 3429 nomen

1897 3473 2133 3538 audisse,
2158 3469 2319 3541 jussit
2342 3483 2436 3527 eos
2465 3469 2740 3538 baptizari.
2776 3466 2975 3524 Videtis
3009 3482 3139 3537 ergo
3169 3467 3270 3523 rite
3298 3467 3473 3537 bapti-

1896 3577 2046 3625 zatos
2068 3564 2161 3619 illo
2188 3564 2332 3619 dono
2362 3562 2543 3618 iterari
2572 3576 2680 3616 non
2707 3576 2883 3631 posse,
2914 3570 2970 3616 et
2994 3560 3149 3615 aliter
3181 3561 3292 3615 sola
3335 3576 3471 3630 aqua

1896 3660 2034 3713 lotos
2063 3655 2319 3727 baptizari
2342 3656 2399 3711 in
2426 3654 2641 3711 nomine
2666 3654 2857 3721 Patris,
2885 3662 2943 3711 et
2966 3636 3108 3721 Filii,
3145 3660 3199 3709 et
3239 3650 3473 3723 Spiritus

1896 3752 2064 3807 sancti
2096 3750 2457 3805 necessarium
2484 3746 2508 3785 ¹ι
2543 3745 2828 3819 pervideri.
2860 3746 2935 3801 Ita
2963 3754 3019 3801 et
3060 3747 3130 3801 de
3167 3743 3475 3800 Novatianis

296 3832 397 3888 Sed
448 3831 634 3905 Anysii
689 3831 954 3903 quondam
1002 3832 1182 3886 fratris
1229 3834 1393 3887 nostri
1465 3834 1823 3904 aliorumque.
1892 3841 2099 3911 jussum
2134 3847 2335 3894 tantum
2365 3852 2505 3903 esse,
2540 3836 2713 3892 lucida
2747 3834 3176 3890 manifeststione
3196 3834 3471 3902 rekgttur.

234 3934 257 3970 ε
284 3924 620 3979 sacerdotum
648 3937 856 3977 summa
893 3922 1211 3978 deliberatio
1246 3923 1357 3979 haec
1387 3924 1483 3979 fuit
1521 3942 1534 3978 :
1572 3941 1621 3979 ut
1662 3942 1794 3994 quos

234 4014 462 4072 Bonosus
483 4016 843 4085 ordinaverat,
866 4030 933 4070 ne
958 4031 1077 4069 cum
1107 4016 1295 4071 eodem
1333 4028 1690 4086 remanerent,
1736 4034 1798 4075 ac

236 4107 377 4161 ﬁeret
405 4122 509 4160 non
555 4106 823 4162 mediocre
859 4107 1188 4169 scandalum,
1226 4109 1453 4163 ordinati
1491 4109 1793 4178 reciperen-

234 4209 329 4252 tur.
363 4200 619 4264 V‘icimus,
647 4209 702 4252 ut
719 4198 931 4267 opinor,
954 4199 1217 4264 ambigua.
1240 4198 1357 4253 Jam
1386 4216 1512 4268 ergo
1538 4200 1676 4269 quod
1702 4218 1799 4271 pro

1902 3932 2052 4001 Quod
2080 3932 2280 3988 idcirco
2304 3929 2608 3986 distinctum
2632 3941 2750 3984 esse
2775 3927 2906 3999 ipsis
2929 3924 3133 3981 duabus
3160 3923 3474 3984 haustibus.

1903 4023 2185 4077 manifesta
2209 4022 2343 4076 ratio
2371 4021 2640 4085 declarat;
2669 4018 2787 4085 quia
2822 4015 3157 4072 Pauliattistze
3177 4015 3231 4070 in
3262 4015 3477 4072 nomine

1904 4112 2097 4181 Patris,
2131 4122 2185 4167 et
2216 4112 2359 4176 Filii,
2386 4122 2440 4166 et
2467 4109 2695 4180 Spiritus
2724 4107 2891 4164 sancti
2928 4107 3146 4163 minime
3192 4105 3209 4144 ι
3244 4108 3477 4177 baptiza-

1902 4203 2060 4267 bant;
2092 4212 2144 4257 et
2167 4201 2445 4256 Novatiani
2469 4200 2655 4254 iisdem
2686 4200 2986 4254 nominibus
3010 4198 3295 4253 tremendis
3322 4203 3478 4251 vene-

296 4347 318 4373 ι
338 4336 498 4391 Solus
522 4337 720 4403 Quesn.
748 4351 866 4392 cum
892 4334 1086 4400 Oxon.,
1110 4351 1201 4404 per
1220 4335 1363 4388 illam
1383 4336 1785 4401 ordinationem;
1814 4341 1871 4401 D
1892 4335 2121 4400 Concil,
2163 4336 2365 4388 invenit.
2417 4334 2550 4388 Dein
2602 4333 2667 4387 ad
2736 4332 2955 4388 verbum
3002 4334 3218 4404 urgebat
3272 4334 3478 4386 notavit

234 4418 280 4461 et
308 4418 427 4490 post
466 4422 653 4477 pauca,
685 4417 755 4462 est
796 4405 1105 4470 adhibenda,
1144 4422 1247 4473 qua
1293 4408 1452 4476 possit
1496 4406 1790 4460 uulneratus

231 4494 503 4616 "ipim.
537 4546 742 4601 Concil.
794 4556 911 4615 post
950 4545 1078 4600 edit.
1124 4546 1275 4599 Rom.
1330 4544 1531 4599 addunt
1575 4549 1793 4599 verbum

231 4619 566 4679 decernimus,
604 4617 741 4687 quod
774 4632 874 4673 nec
898 4616 1260 4679 Coustantius,
1308 4631 1406 4672 nec
1450 4631 1547 4670 nos
1590 4617 1640 4671 in
1688 4618 1795 4671 ullo

234 4704 329 4742 uts.
356 4689 678 4741 inwnimus.

301 4768 321 4796 ο
356 4758 584 4811 Verbum
615 4758 974 4826 acquiescimus
1005 4756 1055 4810 in
1081 4770 1209 4808 mss.
1238 4754 1354 4809 Vat.
1387 4765 1441 4810 et
1460 4754 1617 4826 Barb.
1652 4771 1713 4809 ac
1741 4755 1793 4810 in

236 4827 525 4883 Vindcb-vn.
559 4824 794 4882 secunda
831 4843 990 4881 manu
1032 4826 1267 4880 additum
1316 4828 1430 4879 fuit.
1457 4824 1582 4880 Post
1634 4841 1797 4894 pauca

228 4898 439 4966 quidam
463 4898 648 4961 codd.,
676 4904 1057 4964 comparu‘ceps.

298 4965 326 5003 ἀ
357 4968 553 5034 Quesn.
582 4983 701 5021 cum
726 4968 841 5022 solo
867 4972 1063 5033 Uxon.,
1094 4965 1365 5019 ordinatio.

303 5046 327 5074 ⁸
362 5036 707 5109 Cod.__Vind.
749 5052 877 5109 cum
923 5038 1116 5109 Diom,
1142 5037 1271 5109 Vat.
1307 5035 1521 5106 Regina:
1564 5048 1618 5091 et
1654 5040 1797 5109 vulg.

232 5107 457 5173 Concil.,
484 5106 693 5162 Nostra:
720 5124 832 5161 vero
860 5108 943 5161 lex
972 5117 1044 5160 est
1074 5108 1337 5164 Ecclesiw.

304 5176 323 5214 ¹
352 5180 553 5244 Quesn.
584 5188 639 5232 et
664 5179 805 5248 vulg.
834 5178 1059 5239 Concil.,
1090 5197 1121 5232 a
1148 5176 1398 5230 catholica
1435 5177 1554 5245 ﬁde.
1585 5176 1799 5231 Delevi-

231 5263 348 5302 mus
378 5251 477 5316 ﬁde
502 5250 818 5304 auctoritate
846 5248 965 5303 cod.
1006 5249 1226 5305 Vindeb.
1260 5248 1593 5317 aliorumque
1619 5263 1799 5317 exem-

229 5315 476 5387 plarium,
507 5335 629 5373 cum
656 5321 845 5387 quibus
875 5323 1163 5373 concinnnt
1198 5318 1283 5372 illa
1323 5315 1541 5371 inferius
1567 5335 1578 5370 :
1609 5315 1685 5370 De
1716 5335 1800 5369 ca-

225 5388 417 5458 tholica
442 5392 507 5442 ad
529 5391 761 5443 hwresim
789 5391 1070 5443 transiens:
1095 5391 1179 5444 ubi
1211 5388 1521 5458 intelligitur
1548 5388 1799 5441 catholica

232 5457 487 5524 Ecrlesia;
515 5460 737 5528 ipSeque
763 5461 962 5526 Quesu.
996 5462 1047 5513 in
1096 5457 1609 5528 marginaliposﬁlla
1644 5472 1798 5511 nota-

230 5528 335 5583 Vit:
362 5530 527 5583 Oxon.
558 5532 704 5582 addit
731 5531 852 5591 ﬁde.
890 5548 987 5583 non
1009 5540 1155 5584 recte.

298 5605 322 5647 ι
362 5605 399 5651 Α
411 5599 442 5652 1.
455 5642 467 5664 ,
495 5601 926 5655 consacerdotum.

300 5664 328 5706 θ’
360 5666 487 5724 Cod.
527 5669 683 5724 Vind.
725 5680 776 5725 et
822 5670 936 5722 Vat.
981 5670 1108 5727 Reg.
1160 5687 1278 5724 cum
1317 5670 1498 5724 Coust.
1551 5678 1602 5723 et
1658 5668 1799 5736 vulg.

1899 4406 2214 4473 Quesnellus
2241 4422 2254 4458 :
2291 4406 2484 4471 Supple
2508 4404 2643 4467 tieri,
2672 4404 2771 4456 nisi
2802 4405 2937 4472 legas
2964 4403 3191 4471 vigebat.

1979 4476 1992 4512 ί
2022 4476 2222 4542 Quesn.
2247 4485 2299 4529 et
2321 4475 2502 4540 Diom,
2530 4473 2827 4527 Possumus.

1974 4546 1988 4596 i
2020 4549 2230 4610 Coust.,
2261 4546 2312 4597 in
2334 4562 2425 4597 suo
2455 4545 2650 4597 ordine.
2682 4544 2812 4597 Dein
2833 4542 3059 4609 Quesn.,
3082 4544 3269 4611 suscipi
3293 4560 3311 4597 :
3340 4543 3477 4611 quod

1898 4617 1971 4669 ita
1997 4634 2094 4669 non
2123 4632 2249 4678 esse,
2282 4616 2457 4670 addita
2484 4614 2733 4679 particula
2756 4629 2858 4667 non
2887 4629 3005 4666 cunt
3033 4616 3151 4667 solo
3177 4629 3278 4667 ms.
3303 4618 3474 4668 Oxon.

1918 4699 2116 4755 prmter
2160 4702 2258 4739 IIIS.
2294 4686 2534 4740 Tbuunei
2562 4686 2897 4755 aliorumque
2929 4684 3172 4736 codicum
3222 4685 3399 4753 tidem,
3422 4696 3478 4738 et

1899 4754 2085 4811 eontra
2140 4768 2369 4810 mentem
2426 4756 2737 4811 Innocentii.
2786 4756 2840 4808 In
2885 4754 3154 4823 Dionysio,
3206 4764 3367 4822 atque
3413 4758 3479 4807 iis

1902 4828 2177 4882 codicibus
2200 4828 2287 4895 qui
2319 4845 2343 4877 ει
2375 4826 2531 4880 Dion.
2559 4828 2987 4895 proﬁciscuntur,
3022 4826 3252 4893 pessime
3291 4826 3476 4881 scribi-

1902 4906 1989 4952 tur
2014 4917 2025 4949 :
2065 4898 2212 4965 Quod
2233 4900 2275 4952 si
2298 4898 2368 4951 ita
2391 4908 2537 4951 esset.

1974 4968 2001 5005 ¹ι
2024 4964 2223 5034 Quesn.
2254 4983 2373 5022 eum
2398 4967 2711 5036 quibusdam
2744 4981 2896 5029 ηιμ..
2932 4966 3204 5035 provideri.
3233 4965 3364 5036 Dein
3393 4964 3476 5036 lq-

1903 5032 2443 5108 ridajntanifestatione
2462 5039 2703 5108 relegitur
2722 5032 3031 5108 scripsimus
3046 5050 3164 5087 cum
3187 5047 3288 5086 ms.
3318 5032 3471 5108 γιςιιι.

1904 5117 1959 5162 et
1986 5107 2102 5161 aliis
2131 5102 2190 5161 PZ
2217 5106 2533 5161 Constantii.
2559 5102 2805 5161 Concinit
2832 5102 2947 5160 Vat.
2983 5105 3218 5170 κυκιιιιιι,
3249 5102 3339 5165 qui
3382 5102 3477 5154 ha-

1904 5179 1991 5231 bet
2018 5189 2085 5247 ret
2109 5175 2359 5230 delucida
2398 5177 2807 5247 manifestntione
2836 5175 3092 5244 relegitttr.
3131 5172 3359 5237 Quum,
3406 5175 3474 5223 li-

1902 5246 2060 5317 quida
2081 5248 2485 5317 manifestatione
2512 5246 2803 5317 perlegitur.

1981 5314 1997 5353 ι
2022 5311 2246 5382 (1118911.)
2262 5311 2544 5383 baptizant.
2568 5318 2627 5367 At
2650 5311 2926 5366 Novatiani
2946 5312 3292 5379 baptizabant;
3320 5311 3472 5364 Dion.

1903 5397 1958 5441 et
1985 5386 2168 5440 Const.
2201 5394 2429 5455 utroque
2456 5387 2573 5439 loco
2604 5383 2879 5455 baptiaant.
2904 5384 3297 5455 Secutisumns
3318 5384 3475 5455 codd'

1907 5456 2086 5520 Vind.,
2119 5456 2236 5509 Vat.
2279 5452 2513 5523 Regium,
2553 5456 2713 5507 alium
2738 5453 2862 5523 Sat.
2894 5463 2947 5505 et
2988 5452 3145 5505 Barb.
3178 5466 3301 5523 cunt
3334 5454 3476 5520 vulg.

1906 5528 2070 5581 Conc.
2100 5526 2224 5580 Post
2242 5522 2497 5579 nonnulla
2522 5525 2573 5577 in
2602 5540 2700 5576 ms.
2735 5522 2887 5576 Vind.
2912 5536 3031 5576 cum
3064 5524 3244 5585 Diom,
3272 5522 3347 5575 De
3367 5539 3478 5578 om-

1909 5598 2055 5651 nibus
2092 5596 2383 5667 regregatis.
2418 5596 2600 5667 Melior
2634 5595 2845 5667 videtur
2878 5593 3035 5646 lectio
3062 5594 3285 5667 aliorum
3313 5593 3472 5647 codd.

1911 5678 1964 5723 et
1999 5664 2417 5736 volgfoninibm,
2450 5665 2498 5719 id
2528 5670 2606 5719 cst
2642 5664 2953 5729 bmresihus,
2979 5664 3269 5736 segregatas.
