3960 6188
458 283 565 340 5H

1420 282 1761 339 APPENDlX
1801 284 1889 339 AD
1931 284 1987 340 S.
2031 284 2278 343 LEONIS
2317 285 2531 343 MAGNI
2571 284 2825 342 OPERA.

3653 313 3755 375 si:

460 397 751 466 nudisque
779 394 1086 467 baptizant;
1117 407 1215 449 nec
1241 392 1382 463 apud
1413 393 1546 449 istos
1581 394 1647 450 de
1675 396 1879 452 unitate
1914 410 2063 467 potc-
2088 406 2137 461 Α
2168 414 2196 453 a
2229 401 2442 452 Bonoso
2482 398 2781 453 conﬁderet
2817 396 3145 461 ordinatum,
3181 398 3223 452 si
3272 408 3377 453 non
3402 402 3754 462 sacramenta

462 489 617 547 statis
644 488 856 553 divinis,
885 486 989 543 hoc
1012 495 1097 543 est
1129 486 1322 553 Patris,
1351 498 1403 543 et
1428 486 1571 554 Filii,
1600 498 1653 544 et
1681 488 1913 560 Spiritus
1943 505 2067 545 san-

461 582 552 644 cti,
579 578 867 650 aliquando
889 579 1119 649 quazstio
1145 589 1414 634 commota
1439 590 1541 634 est.
1562 579 1630 635 Et
1652 580 1792 649 ideo,
1816 585 2066 639 omnibus

465 671 780 740 segregans,
820 669 939 725 haec
978 674 1091 725 sola
1136 671 1309 726 electa
1338 678 1443 740 est,
1468 675 1555 728 cui
1599 673 1739 726 istud
1780 674 2067 730 crederent

463 764 897 829 concedendum,
923 766 1044 837 quia
1077 764 1209 820 nihil
1246 766 1300 821 in
1331 764 1531 832 Patris,
1554 777 1607 822 et
1636 766 1782 833 Filii,
1814 779 1870 824 et
1893 770 2065 838 Spiri-

464 866 554 909 tus
579 856 748 910 sancti
781 863 1118 911 sacramento
1150 865 1456 927 peccarent.
1488 857 1544 913 Si
1572 860 1691 927 quis
1720 876 1848 916 vero
1876 861 1944 916 de
1969 876 2062 916 ca-

463 947 663 1004 tholica
693 949 758 1003 ad
786 948 1034 1005 bteresim
1065 950 1350 1017 transiens,
1380 958 1472 1005 aut
1498 949 1669 1005 fidelis
1699 961 1726 990 ι
1756 953 1821 1007 ad
1845 966 2062 1022 aposta-

463 1038 599 1093 siam
640 1055 912 1104 reversus,
955 1041 1278 1111 resipiscens
1314 1042 1496 1098 redire
1534 1043 1784 1111 voluerit,
1825 1046 2061 1115 nunquid

461 1130 650 1185 eadem
693 1134 900 1188 ratione
949 1135 1141 1201 poterit
1178 1134 1245 1189 ad
1287 1134 1494 1190 clerum
1538 1133 1567 1174 δ
1607 1137 1866 1206 permitti,
1909 1140 2060 1210 cujus

463 1226 809 1279 commissum
829 1242 933 1280 non
959 1228 1058 1281 nisi
1088 1228 1586 1298 longa,pmnitentia
1610 1230 2059 1299 poteritaboleri?

459 1316 569 1374 Nec
600 1330 716 1387 post
747 1321 1113 1387 pmnitentiatn
1144 1321 1393 1375 clericum
1427 1321 1538 1376 ﬁeri
1566 1322 1666 1393 ipsi
1694 1338 1929 1378 canones
1958 1339 2057 1378 sua

459 1409 781 1463 auctoritate
810 1409 1149 1478 permittunt.
1183 1409 1332 1465 Unde
1354 1422 1563 1465 constat
1585 1412 1675 1482 qui
1705 1414 1772 1468 de
1798 1414 2057 1468 catholica

460 1499 529 1553 ad
564 1499 828 1555 Bonosum
857 1502 1117 1556 transiere
1144 1503 1476 1567 damnatum,
1504 1513 1662 1573 atque
1685 1520 1743 1559 se
1773 1506 1912 1571 passi
1935 1515 2058 1560 sunt

461 1590 551 1645 vel
581 1593 868 1661 cupierunt
888 1591 955 1645 ah
985 1591 1175 1647 eodem
1204 1593 1463 1657 ordinari,
1498 1611 1604 1648 non
1638 1597 1938 1662 oportuisse
1969 1612 2057 1651 ec-

456 1679 777 1736 clesiastica:
836 1683 1193 1738 ordinationis
1244 1686 1516 1753 suscipere
1570 1686 1903 1755 dignitatem,
1963 1686 2059 1752 qui

2168 490 2420 556 confecit,
2463 490 2508 545 si
2553 505 2658 545 non
2700 488 2955 559 populis‘
3000 489 3292 554 distribuit,
3334 492 3378 546 si
3422 505 3527 545 non
3568 493 3752 555 missas

2165 582 2460 638 secundum
2492 582 2934 637 consuetud‘nem
2964 583 3272 652 complevit,
3297 583 3424 655 quid
3445 584 3514 641 de
3534 584 3612 642 bis
3628 602 3754 643 cen-

2166 676 2351 741 seatis,
2376 689 2579 744 quaso,
2614 675 2873 745 promotis
2899 676 3153 742 apertius.
3188 676 3265 730 Ad
3311 690 3573 731 summam
3610 688 3750 736 certe

2165 766 2253 834 qui
2285 766 2416 820 nihil
2437 782 2464 820 a
2497 765 2707 820 Bouoso
2732 776 3080 835 acceperunt,
3110 765 3188 820 rei
3230 775 3356 821 sunt
3386 778 3651 838 usurpata:
3668 770 3749 827 di-

2162 858 2402 925 gnitatis,
2425 856 2513 926 qui
2547 856 2999 910 routicieudorum
3026 868 3484 913 sacramentorum
3512 860 3613 915 sibi
3634 863 3744 917 vin-

2165 948 2511 1012 dicaierunt,
2558 954 2583 993 ε
2620 956 2711 1002 aut
2755 963 2860 1001 non
2908 948 3316 1003 vindicaverunt
3361 952 3745 1023 auctoritatem,

2163 1048 2321 1106 atque
2361 1038 2409 1091 id
2450 1052 2509 1091 se
2561 1047 2881 1105 putaverunt
2923 1053 3064 1103 esse,
3095 1040 3235 1107 quod
3266 1041 3349 1095 eis
3389 1042 3533 1095 nulla
3579 1043 3748 1099 fuerat

2163 1130 2390 1199 regulari
2437 1130 2644 1184 ratione
2672 1144 3009 1185 Concessutm.
3046 1131 3329 1186 Pcrvideat
3365 1147 3495 1202 ergo
3532 1134 3743 1189 dilectio

2164 1233 2338 1277 vestra
2387 1220 2647 1276 hactenus
2680 1222 2801 1276 talia
2855 1222 3012 1293 196
3055 1224 3342 1288 transisse;
3374 1234 3427 1277 et
3464 1224 3741 1290 advertite,

2161 1317 2302 1384 quod
2350 1316 2555 1385 utique,
2595 1312 2622 1353 δ
2672 1325 2731 1370 ιιι
2785 1315 2982 1385 dicitis,
3017 1319 3311 1373 necessitas
3349 1318 3651 1387 imperavit,
3689 1322 3741 1375 in

2164 1423 2293 1478 pace
2320 1408 2427 1476 jam
2451 1409 2768 1463 constitutas
2793 1408 3059 1465 Ecclesias
3082 1423 3186 1464 non
3211 1423 3369 1477 posse
3391 1426 3737 1479 przcsum-re;

2161 1498 2277 1564 sed,
2313 1508 2369 1552 ut
2408 1514 2553 1568 sirpe
2583 1498 2798 1563 accidit,
2836 1499 3043 1568 quoties
3081 1514 3110 1553 a
3158 1500 3367 1570 populis
3396 1510 3487 1555 aut
3522 1516 3551 1555 a
3592 1504 3739 1559 turba

2163 1601 2433 1658 peccatur,
2467 1590 2589 1659 quia
2631 1589 2683 1642 in
2726 1604 2912 1642 omnes
2953 1599 3169 1659 propter
3208 1591 3602 1646 multitudinem
3640 1609 3737 1647 non

2162 1692 2332 1748 poteSt
2382 1681 2661 1745 vindicari,
2704 1683 2930 1735 inultum
2983 1680 2997 1719 ί
3048 1683 3224 1737 solere
3264 1685 3512 1738 transire.
3561 1684 3739 1739 Priora

448 1787 739 1829 commune
760 1775 997 1828 omnium
1030 1775 1394 1830 Ecclesiarum
1423 1776 1680 1845 judicium
1714 1778 2047 1845 deserentes,
2084 1777 2127 1837 B
2156 1790 2283 1843 ergo
2309 1774 2623 1828 dimittenda
2651 1774 2769 1827 dico
2806 1774 2895 1828 Dei
2921 1774 3142 1841 judicio,
3168 1784 3218 1829 vt
3245 1775 3313 1831 de
3344 1776 3549 1846 reliquo
3573 1779 3739 1832 maxi-

460 1866 617 1936 195
639 1881 787 1918 suam
813 1866 1153 1935 peculiariter
1176 1866 1231 1921 in
1258 1868 1471 1924 Bonoso
1507 1870 1795 1924 vanitatem
1819 1862 2050 1940 sequen-

451 1957 574 2009 dam
603 1970 723 2012 esse
743 1956 1031 2011 duxerunt.

524 2044 629 2100 Sed
660 2046 855 2101 multos
885 2057 1095 2103 constat
1139 2049 1245 2103 vim
1280 2064 1489 2118 passos,
1530 2060 1691 2121 atque
1729 2049 1924 2106 invitos
1962 2063 2047 2106 at-

450 2146 680 2204 tractos,
732 2152 1199 2211 repugnantesque
1230 2141 1298 2197 ab
1337 2142 1526 2197 eodem
1558 2142 1854 2198 ordinatos.
1896 2144 2049 2198 Dicat

448 2230 604 2294 mihi,
638 2231 782 2299 volo,
813 2232 1055 2302 quisquis
1084 2233 1133 2287 id
1163 2233 1354 2300 credit,
1381 2235 1425 2288 si
1458 2249 1567 2289 non
1598 2244 1716 2304 post
1755 2236 2046 2291 ordinatio-

447 2338 571 2376 nem
604 2333 625 2361 ε
662 2324 857 2378 Bouosi
890 2323 1150 2391 interfurit,
1181 2341 1304 2379 cum
1343 2327 1640 2382 conﬁceret
1680 2338 2044 2392 sacramenta;

445 2413 493 2467 si
533 2414 897 2469 communiOui
937 2416 1054 2483 ejus
1100 2416 1453 2485 participatus
1489 2431 1595 2471 non
1628 2425 1738 2482 est;
1778 2418 1821 2472 si
1863 2419 2043 2473 statim

446 2506 730 2561 discedens
750 2506 817 2562 de
846 2508 964 2576 ejus
991 2509 1227 2577 pessimo
1258 2509 1614 2563 conciliabulo
1648 2509 1713 2563 ad
1747 2509 2042 2566 Ecclesiam

446 2596 602 2652 rediit
629 2616 641 2652 :
677 2598 777 2653 iste
804 2595 926 2654 talis
956 2596 983 2636 ἀ
1018 2601 1287 2655 invenitur
1328 2601 1528 2657 habere
1558 2604 1919 2657 excusationis
1948 2603 2043 2657 ali-

441 2704 601 2757 quem
633 2692 891 2745 colorem.
925 2690 1238 2746 *Caaterum
1298 2692 1388 2762 qui
1430 2692 1512 2748 vel
1544 2705 1663 2761 post
1706 2708 1903 2747 annum
1958 2696 2040 2750 vel

447 2794 664 2834 menses
691 2782 757 2833 ad
791 2781 1083 2836 Ecclesium
1109 2783 1402 2847 redierunt,
1432 2783 1741 2851 intelligitur
1769 2799 1882 2849 eos,
1916 2785 2039 2854 quia

441 2869 496 2927 in
526 2872 788 2928 catholica
837 2885 1097 2929 noverant
1123 2891 1183 2929 se
1212 2885 1429 2944 pr0pter
1455 2879 1577 2930 vitia
1609 2892 1703 2930 sua
1746 2894 1851 2931 non
1883 2893 2039 2947 posse

439 2963 720 3033 suscipere
750 2966 1170 3032 ordinationem,
1201 2967 1401 3023 idcirco
1430 2969 1495 3023 ad
1527 2969 1673 3022 illum
1710 2971 2031 3039 perrexisse,

439 3058 529 3126 qui
562 3056 760 3126 passim
797 3067 851 3111 et
876 3058 995 3113 sine
1032 3058 1136 3112 ulla
1177 3059 1509 3115 discussione
1539 3061 1901 3114 ordinationes
1934 3061 2035 3115 illi-

2156 1880 2239 1918 ma
2271 1865 2637 1920 sollicitudPnc
2662 1866 3093 1934 pra‘cavendum.

2224 1956 2350 2010 CAP.
2376 1954 2465 2011 ιν.
2491 1986 2560 1995 -
2582 1955 2801 2009 Veniam
2828 1971 2966 2009 nunc
2991 1956 3056 2009 ad
3083 1956 3377 2012 maximum
3394 1958 3545 2026 quasi
3566 1958 3736 2028 quod-

2152 2049 2273 2102 dam
2307 2049 2480 2102 themu
2513 2047 2825 2113 Photinum;
2864 2056 2936 2112 et,
2968 2048 3108 2117 quod
3140 2048 3266 2101 mihi
3297 2049 3518 2102 anxium
3556 2057 3644 2105 est
3676 2064 3735 2105 ac

2150 2136 2584 2203 difﬁcillimuth
2617 2137 2880 2207 majorum
2909 2139 3178 2193 revolvam
3205 2140 3521 2198 sententias.
3547 2140 3735 2197 Fuerat

2150 2232 2216 2286 dc
2248 2231 2339 2286 illo
2368 2245 2582 2302 quoquo
2615 2239 2790 2299 pacto,
2829 2240 2887 2285 ut
2930 2231 3093 2285 etiam
3131 2231 3229 2301 ipsi
3267 2233 3733 2302 commeministis,

2149 2323 2348 2393 aliquid
2378 2323 2561 2392 utique
2589 2323 2803 2391 gravius
2828 2326 3197 2377 constitutum.
3228 2320 3257 2360 ι
3288 2324 3483 2378 Verum
3520 2325 3647 2395 quia
3687 2326 3733 2380 id

2150 2430 2244 2485 per
2285 2428 2557 2468 rumorem
2604 2412 2814 2482 falsum,
2854 2423 2911 2468 ut
2948 2415 3209 2480 asseritis,
3256 2414 3567 2487 subreptum
3613 2417 3731 2472 huic

2146 2504 2283 2571 sedi,
2308 2513 2362 2559 et
2401 2503 2638 2560 elicitum
2670 2521 2765 2574 per
2802 2505 3018 2560 insidias
3048 2506 3460 2563 demonstratis:
3488 2507 3615 2578 quia
3649 2523 3729 2564 res

2147 2598 2212 2653 ad
2236 2598 2462 2652 salutem
2477 2596 2695 2658 rediit.1
2723 2606 2777 2652 et
2809 2599 2887 2653 vel
2920 2614 2983 2652 ve
3010 2601 3127 2652 .ia'u
3161 2615 3259 2654 nos
3288 2600 3425 2655 hanc
3449 2601 3501 2656 in
3519 2608 3724 2656 tantum

2147 2689 2298 2744 vobis
2319 2689 2684 2745 annitentibus
2710 2699 2833 2759 post
2854 2692 3356 2747 condemnationem
3380 2702 3417 2729 ω
3440 2708 3587 2747 more
3610 2709 3726 2764 apo-

2143 2780 2332 2835 stolico
2373 2781 2756 2852 subrogamus;
2789 2783 3054 2852 tantisque
3080 2782 3275 2839 vestris
3312 2784 3720 2850 assertionibus.

2143 2873 2291 2927 Vultis
2315 2883 2420 2927 tam
2451 2872 2603 2927 bonis
2628 2882 2842 2943 tamque
2869 2872 3047 2927 charis
3082 2887 3187 2927 non
3215 2873 3342 2928 dare
3372 2878 3721 2939 consensum,

2137 2965 2386 3017 omnibus
2423 2964 2573 3019 duris
2615 2966 2777 3019 rebus
2808 2964 2998 3019 durius
3026 2964 3370 3021 arbitramur.
3418 2967 3521 3020 Pro
3548 2976 3722 3022 vestra

2137 3072 2267 3127 ergo
2291 3057 2699 3125 approbatione,
2721 3059 2912 3112 fratres
2939 3058 3265 3126 charissimi,
3289 3068 3345 3114 et
3372 3061 3641 3115 sententia
3663 3074 3723 3115 ac

435 3145 571 3201 cllas
595 3145 851 3213 faeiebat;
875 3149 1161 3204 credentes
1181 3165 1240 3205 se
1260 3166 1414 3220 posse
1442 3166 1535 3219 per
1560 3153 1711 3205 istam
1737 3152 2028 3206 institutio-
2058 3146 2103 3209 C
2140 3148 2495 3217 postulatione
2510 3150 2818 3219 episcOpum
2844 3150 3125 3204 Photlnum
3151 3149 3401 3206 habetote
3428 3151 3635 3206 licitum
3652 3152 3721 3207 ita

434 3252 559 3291 nem
592 3238 643 3292 in
670 3238 930 3294 catholica
955 3239 1197 3296 invenire
1222 3242 1417 3308 locum,
1447 3243 1515 3297 de
1535 3259 1641 3313 quo
1662 3254 1814 3297 antea
1836 3243 2028 3313 despe-

434 3336 641 3384 rarant.
670 3329 821 3385 Nunc
846 3332 998 3399 illud,
1018 3334 1157 3402 quod
1178 3345 1448 3405 superest,
1473 3334 1743 3404 i;.terrogo
1761 3352 1774 3388 :
1795 3337 1883 3406 qui
1908 3345 2026 3403 post

435 3436 699 3495 mensem,
727 3435 818 3481 aut
846 3440 913 3483 eo
940 3427 1169 3498 amplius
1195 3428 1373 3495 rediit,
1403 3443 1523 3483 cum
1552 3445 1611 3486 se
1653 3430 2023 3502 presbyterum

500 3616 531 3646 ⁸
558 3608 741 3679 Diom,
769 3610 836 3662 ad
855 3611 1165 3679 apostasiam
1197 3619 1485 3664 revertens:
1508 3610 1648 3678 quod
1672 3607 2018 3666 emendatum

437 3688 520 3734 est
548 3679 601 3732 in
636 3678 757 3733 Isid.
782 3686 837 3734 et
859 3678 1004 3750 vulg.
1035 3681 1267 3747 Concil.,
1299 3684 1360 3734 ab
1390 3683 1648 3750 apostasia
1681 3690 1930 3733 revertens
1973 3686 2021 3731 ct

424 3750 748 3815 resipiscens.

499 3817 528 3857 δ
552 3818 751 3891 Quesu.
792 3835 914 3875 cum
954 3821 1099 3891 vulg.
1136 3822 1363 3882 Coiicil..
1409 3821 1628 3876 admitti.
1677 3821 1807 3876 Dein
1852 3818 2013 3874 Vind.

426 3902 552 3959 cum
582 3890 733 3945 υιοιι.
760 3900 816 3947 et
837 3890 1215 3947 vetustioribus
1246 3907 1401 3955 tnss.,
1428 3909 1641 3959 quorum
1666 3891 2013 3944 commissum.

422 3958 561 4031 Tum
592 3960 793 4031 Quesu.
826 3978 946 4015 cum
981 3965 1099 4015 solo
1131 3963 1330 4023 Oxum,
1373 3958 1483 4031 post
1526 3961 1732 4031 longam
1769 3962 2014 4030 peniten-

424 4030 573 4086 tiam.
609 4030 765 4085 Vind.
790 4042 844 4086 et
870 4033 988 4084 Vat.
1016 4031 1257 4101 Reginae,
1282 4030 1505 4098 abutere,
1532 4033 1859 4087 nominativo
1885 4046 2012 4086 casu

421 4110 639 4171 accepta
662 4101 820 4171 longa
850 4104 1167 4169 pauitantia.

496 4182 518 4210 θ
541 4171 698 4226 Solus
719 4174 947 4237 Quesn.,
978 4171 1204 4227 Buuoso.
1248 4174 1370 4226 Post
1409 4187 1569 4237 pauca
1605 4172 1655 4225 in
1689 4187 1820 4226 mss.
1854 4171 2008 4227 Vind.

419 4250 476 4296 ct
505 4241 620 4311 Vat.
647 4243 883 4311 Reginae,
905 4258 1025 4296 cum
1053 4243 1231 4307 D:ou.,
1264 4246 1307 4297 si
1331 4245 1500 4296 statim
1533 4244 1921 4296 discedentibus.

492 4308 518 4349 ⁸³
545 4312 617 4366 lia
642 4308 806 4367 nostri
833 4315 1231 4379 pra-stautiores
1245 4314 1401 4370 codd.
1428 4314 1605 4377 Vind.,
1628 4313 1743 4365 Vol.
1768 4314 2006 4381 ReJnar,

419 4381 582 4479 Bari):
600 4390 655 4479 (λι
673 4384 811 4479 alios
979 4384 1299 4479 Quesnellus
1316 4397 1370 4439 et
1384 4384 1662 4479 COtt‘s'taAtil‘.
1688 4398 1807 4439 cum
1826 4383 1999 4447 Dion.,
2033 4419 2085 4479 Β

418 4462 582 4526 potest
610 4453 794 4507 habere
820 4454 1041 4508 colorem
1057 4459 1279 4526 aliquem
1308 4456 1667 4509 excusationis.

492 4535 517 4560 ⁸
543 4524 769 4591 Quesu.,
795 4527 883 4593 qui
906 4528 981 4578 uel
1009 4538 1121 4595 post
1142 4524 1333 4578 annum
1363 4536 1453 4578 aut
1490 4541 1706 4578 mensem
1726 4524 1793 4577 ad
1828 4526 2002 4578 Eccle—

411 4593 547 4666 sium
566 4595 845 4663 redierunt,
878 4593 1207 4666 intelligimus
1231 4614 1314 4650 eos
1344 4598 1431 4661 qui
1458 4612 1489 4648 a
1521 4596 1809 4654 catholica;
1842 4609 1889 4647 et
1917 4597 1987 4649 iu

413 4663 515 4727 Ira,
544 4682 633 4731 per
658 4669 809 4718 istam
837 4663 1201 4721 institutionem
1233 4670 1396 4719 locum
1420 4668 1469 4719 in
1502 4666 1728 4719 Ecclesia
1750 4668 2001 4719 catholica

407 4736 657 4801 reperire.
696 4736 849 4789 Vind.
884 4751 981 4791 ins.
1012 4739 1191 4801 lectio,
1228 4738 1347 4788 aliis
1385 4753 1511 4787 mss.
1544 4738 1856 4789 conliiniata
1891 4746 1943 4789 et
1971 4752 1997 4788 τι

410 4798 597 4873 coast.
618 4815 853 4871 recepta,
883 4811 1049 4870 magis
1073 4798 1288 4873 placuit.
1312 4806 1495 4860 Solum
1518 4806 1672 4859 Vind.
1695 4822 1811 4857 cum
1842 4807 1995 4860 Dum.

408 4882 465 4927 et
497 4871 611 4946 Vat.
646 4873 861 4942 Reginae
905 4878 1052 4928 add.t
1077 4871 1168 4929 alii
1197 4886 1320 4930 ante
1361 4892 1515 4930 Vt)Ct‘S
1542 4878 1629 4943 qui
1660 4877 1735 4927 vel
1760 4886 1871 4946 post
1903 4894 1999 4929 an-

404 4957 550 4998 imus.
578 4945 705 4999 Post
730 4948 1009 5011 nonnulla,
1036 4948 1239 5013 Quesn.
1270 4963 1390 5000 cum
1422 4947 1600 5009 Diou.,
1632 4962 1719 5014 per
1741 4945 1887 5000 istam
1914 4949 1994 4999 iu-

405 5014 719 5069 stitsttiouem
761 5014 930 5070 locmu
986 5020 1039 5072 in
1084 5018 1315 5072 Ecclesia
1355 5018 1607 5070 catholica
1654 5021 1895 5081 reperire,
1933 5019 1997 5071 de

403 5100 523 5153 quo,
541 5096 647 5140 etc.
678 5087 1017 5141 Pra‘tulimus
1046 5104 1175 5143 mss.
1203 5091 1354 5143 Vind.
1378 5098 1431 5143 et
1456 5088 1570 5142 Vat.
1595 5090 1830 5159 ltegiuaa.
1854 5089 1989 5142 Cou-

400 5159 632 5230 stantius
660 5159 907 5230 eamdem
939 5161 1223 5216 lectionem
1246 5161 1530 5230 recipiens,
1565 5164 1616 5213 in
1653 5161 1879 5215 Ecclesia
1900 5177 1991 5213 ca-

400 5227 595 5281 tholica
624 5229 865 5285 retinuit.

476 5294 498 5369 ε
533 5299 710 5369 Vulg..
741 5301 936 5358 tribuit.
975 5302 1164 5358 Melior
1201 5304 1313 5358 visa
1353 5313 1436 5358 est
1477 5303 1637 5357 lectio
1686 5318 1785 5357 ms.
1827 5302 1984 5358 γωδ.

397 5363 708 5445 Dein‘sol'us
734 5371 937 5439 Quesn.
971 5376 1095 5445 quid
1119 5374 1187 5427 de
1216 5374 1311 5445 hoc
1339 5376 1608 5428 censeatis.

469 5438 721 5515 (Queen.
746 5438 868 5496 cum
892 5438 1034 5515 vul'g.
1065 5443 1273 5515 Concil.
1303 5445 1572 5499 desiderat
1595 5445 1751 5499 verba
1780 5451 1985 5515 aatnon

385 5506 794 5581 vindicaverunt,
817 5528 935 5581 qua:
965 5506 1028 5570 ἐκ
1062 5531 1161 5568 tns.
1200 5514 1353 5569 Vind.
1386 5532 1504 5569 cum
1531 5515 1683 5568 Dion.
1719 5524 1771 5568 et
1798 5513 1984 5568 CouSI.

390 5577 625 5651 aliisque
650 5577 1056 5651 quampluribus
1085 5586 1244 5639 codd.
1284 5587 1670 5639 revocaviums.
1706 5584 1983 5639 Sententia

392 5646 557 5721 hujus
584 5646 684 5705 loci
714 5646 831 5715 inec
863 5665 965 5721 est,
995 5657 1269 5709 ordinatos
1306 5655 1491 5708 irlicite
1523 5671 1551 5706 a
1592 5655 1826 5715 Bonoso.
1871 5655 1983 5706 sive

389 5719 496 5781 sibi
527 5719 1079 5793 vimlicaveriut,'sive
1125 5741 1228 5781 nou
1269 5724 1654 5783 viudicavei’int
1694 5726 1980 5781 coniiciun-

2137 3248 2291 3293 (οη-ι
2313 3250 2493 3304 tuere,
2522 3250 2577 3294 ut
2601 3240 2983 3309 deprecamini.
3017 3241 3263 3297 Nostram
3295 3259 3421 3311 ergo
3449 3243 3499 3296 in
3526 3242 3722 3298 melius

2133 3345 2448 3386 conversam
2488 3332 2809 3387 sententiam
2851 3332 3032 3388 labore
3066 3335 3144 3390 vel
3193 3334 3497 3389 testimonio
3537 3345 3723 3390 vestro

2133 3433 2411 3493 compotes
2440 3425 2546 3477 voti
2584 3425 2860 3496 suscipite,
2891 3434 3049 3496 atque
3088 3434 3114 3461 ιι
3166 3424 3511 3480 Eustachium
3557 3441 3587 3480 a
3636 3442 3721 3482 me

2127 3606 2227 3659 (lor
2252 3622 2317 3659 rm
2350 3611 2803 3659 sacramentorum
2833 3601 3228 3663 auctoritatem,
3256 3614 3522 3671 usui-pauc
3543 3604 3715 3673 digiti-

2126 3680 2250 3731 tatis
2282 3692 2403 3730 reos
2432 3690 2573 3741 esse,
2600 3676 2799 3744 quippe
2818 3674 2907 3745 qui
2945 3673 3074 3725 nihil
3101 3676 3408 3741 acceperint
3439 3676 3713 3745 regularis,

2124 3762 2215 3801 seu
2252 3749 2498 3817 legitima:
2526 3743 2826 3812 potestatis.
2862 3743 2993 3817 Hinc
3025 3758 3125 3797 vox
3152 3746 3398 3817 regulazi,
3441 3761 3470 3797 a
3497 3743 3711 3811 'QueSn.

2124 3819 2174 3870 in
2221 3812 2568 3887 squenribus
2614 3819 2812 3868 omissa
2860 3812 3711 3887 (ibetvauteiP.7(Zoustuntio),

2125 3885 2422 3941 ltt‘Cttssat'ln
2447 3898 2551 3945 esu
2582 3887 2652 3938 titi
2677 3894 2848 3939 exstat
2872 3886 2921 3936 in
2944 3885 3189 3936 omnibus
3219 3886 3367 3938 libris
3388 3900 3505 3937 cum
3531 3889 3710 3953 editis,

2123 3968 2229 4009 tum
2261 3974 2414 4019 mss.,
2448 3956 2546 4009 nisi
2578 3957 2720 4025 quod
2754 3960 2805 4008 in
2831 3968 2961 4007 mss.
2994 3956 3149 4018 hujus
3180 3957 3517 4009 collectiouis
3556 3972 3721 4010 nieu-t

2119 4032 2252 4082 dose
2276 4031 2499 4081 habetur
2521 4027 2814 4087 relaxandi,
2831 4028 2910 4079 vel
2935 4026 3193 4078 relaxari:
3218 4026 3357 4093 quod
3382 4036 3710 4093 postremum

2123 4114 2294 4165 prima
2323 4114 2480 4153 manu
2503 4102 2759 4164 scriptum
2792 4100 2840 4149 in
2868 4098 2989 4149 cod.
3020 4095 3175 4147 Vind.
3200 4098 3434 4151 secunda
3457 4099 3710 4152 emenda-

2121 4180 2227 4222 tum
2262 4182 2363 4235 est,
2399 4169 2808 4222 ctsulistittttum
2838 4166 3083 4236 regulari.

2188 4238 2214 4275 δ
2254 4241 2347 4295 Ox:
2374 4258 2427 4294 ιι.
2472 4254 2569 4292 tus.
2606 4240 2743 4291 delet
2770 4250 2821 4289 ut
2846 4238 3034 4289 dicitis.
3065 4236 3219 4288 Vind.
3253 4244 3303 4289 et
3339 4236 3454 4292 Vat.
3487 4237 3709 4308 Regina:

2115 4312 2369 4363 emittunt
2411 4312 2600 4375 u'ique.
2638 4309 2766 4378 Dein
2810 4324 2910 4361 non
2938 4322 3264 4378 prwsumcrr,
3304 4309 3506 4361 omisso
3537 4315 3705 4364 verbo

2114 4398 2279 4447 posse,
2316 4382 2508 4447 legitur
2538 4381 2675 4447 apud
2707 4377 2914 4439 Coust.,
2940 4377 3024 4446 qui
3055 4379 3238 4429 mallet
3271 4380 3370 4445 legi
3404 4395 3501 4431 non
3524 4380 3706 4434 debere

2110 4468 2417 4518 prwsiunere
2446 4452 2620 4516 potius
2651 4466 2805 4519 quam
2838 4466 2936 4501 non
2967 4464 3132 4517 posse.
3163 4448 3295 4500 Cod.
3337 4450 3451 4501 Val.
3486 4449 3704 4518 lieginzn

2111 4524 2368 4577 uendosc
2400 4522 2559 4576 habet
2591 4538 2689 4573 non
2718 4536 2935 4586 prterunt
2968 4534 3094 4579 esse,
3124 4533 3221 4585 pio
3250 4535 3350 4570 non
3373 4534 3699 4588 prammerc.

2185 4601 2199 4628 ι
2222 4594 2308 4647 Sic
2330 4610 2459 4646 mss.
2488 4592 2645 4659 hujus
2668 4589 2999 4645 collectionis
3021 4602 3139 4639 cum
3157 4589 3243 4640 alii
3284 4629 3295 4642 .
3321 4591 3491 4646 liiou..
3512 4595 3695 4645 solem.

2108 4660 2260 4731 Vulg.
2292 4663 2496 4718 (foncil.
2527 4672 2581 4715 et
2612 4662 2798 4714 Const.
2835 4673 2963 4715 cum
2989 4660 3110 4731 aliis
3140 4661 3321 4719 codd.,
3357 4661 3494 4714 δυιιιι
3527 4673 3698 4714 trans-

2106 4728 2408 4804 irefpriora
2440 4735 2737 4785 dimittenda
2767 4732 2902 4785 dico.
2936 4732 3049 4804 Vat.
3082 4728 3301 4799 Regina:
3325 4732 3424 4804 deli
3448 4740 3467 4782 t
3491 4741 3695 4785 tantum

2102 4802 2241 4871 ergo.
2278 4805 2404 4859 Dein
2436 4804 2555 4856 cod.
2589 4804 2786 4865 0xou.,
2819 4802 3037 4853 maxime
3069 4802 3474 4871 prtecave‘ndam.

2175 4876 2190 4925 l
2232 4877 2397 4928 Codd.
2437 4875 2554 4926 Vat.
2585 4872 2821 4940 Regium,
2856 4873 3010 4924 Bari).
3039 4880 3090 4940 et
3120 4872 3255 4922 alius
3290 4869 3407 4925 Vat.
3432 4886 3552 4924 cum
3583 4886 3696 4925 cm-

2103 4947 2231 4997 tei-is
2253 4939 2815 4999 colllr-cliouibus’uiss.
2840 4952 2889 4996 et
2909 4939 3140 5000 excusis,
3162 4941 3418 5009 majorum
3443 4958 3691 4997 meorum.

2102 5015 2230 5068 Dein
2260 5034 2334 5070 sci
2353 5018 2570 5084 ipsimus
2595 5016 2787 5081 aliquid
2812 5015 2982 5083 utique
3001 5028 3119 5066 cum
3143 5017 3338 5064 nostris
3361 5014 3516 5065 codd.
3540 5015 3694 5081 Apud

2098 5088 2326 5152 Qucsii.,
2359 5087 2502 5139 aliud
2524 5088 2713 5152 tuique.

2171 5157 2193 5193 ¹ι
2223 5162 2446 5221 Quesn.,
2488 5155 2676 5210 Verum
2709 5154 3042 5226 quoniamid
3073 5171 3160 5221 per
3203 5169 3455 5207 rumorem
3500 5153 3695 5223 falsam

2096 5228 2323 5279 asseritis
2360 5230 2673 5296 subreptum,
2720 5224 2824 5279 etc.
2876 5224 3062 5281 Melior
3114 5226 3270 5277 lectio
3323 5226 3506 5292 optimi
3561 5226 3689 5278 cod.

2102 5296 2346 5360 Virdio-1).,
2375 5315 2495 5352 cum
2521 5314 2626 5365 quo
2650 5298 2737 5350 alii
2771 5297 2925 5349 codd.
2953 5306 3003 5348 ιιι
3028 5299 3167 5362 vnlg.
3195 5297 3502 5348 conciuunt.

2172 5366 2185 5403 ι
2226 5369 2375 5437 Vulg.
2406 5364 2585 5422 delent
2609 5378 2654 5421 et
2677 5368 2770 5429 vel,
2800 5380 2934 5434 quas
2964 5380 3120 5418 voces
3150 5364 3470 5419 illstillllllllla
3495 5381 3562 5417 ex
3598 5379 3690 5418 co-

2092 5438 2213 5491 dn-m
2246 5449 2367 5492 Cod.
2403 5439 2559 5494 Vind.
2602 5455 2663 5492 ac
2697 5439 2809 5489 Vat.
2846 5437 3081 5503 Regium,
3126 5438 3351 5503 aliisque
3400 5451 3493 5489 sex
3546 5451 3690 5503 pra:-

2092 5519 2141 5561 st
2179 5512 2442 5563 ntiorihus
2467 5524 2594 5561 inSs.
2629 5508 2767 5577 apud
2798 5506 3186 5577 Constantium.

2168 5589 2204 5614 ω
2229 5582 2411 5634 Const.
2447 5596 2568 5633 cum
2602 5574 2809 5632 duobus
2836 5592 2965 5630 mss.
2999 5576 3158 5630 Corh.
3188 5574 3435 5640 etColb.,
3464 5591 3567 5628 ore.

2160 5659 2184 5685 τι
2218 5650 2303 5705 Sic
2357 5666 2545 5705 omnes
2588 5650 2800 5703 codices
2838 5657 2892 5702 et
2934 5648 3115 5702 excusi
3155 5655 3210 5701 et
3259 5662 3413 5709 niss.,
3457 5655 3689 5713 excepto

2087 5720 2285 5787 0son.,
2321 5738 2380 5777 ex
2426 5738 2531 5792 quo
2569 5721 2713 5776 solus
2754 5718 2954 5785 Quesn.
2987 5716 3154 5773 edidit
3205 5715 3509 5771 Eustochia:
3535 5730 3687 5769 τινω-
