3888 6182
417 282 523 339 515

1351 272 1693 330 APPENDIX
1733 273 1825 326 AD
1864 273 1923 327 S.
1966 271 2213 327 LEONIS
2252 266 2465 325 MAGNI
2501 260 2749 324 OPERA.
3213 265 3253 302 δ’

407 392 690 450 credamus
716 435 731 460 ,
783 393 877 449 sed
919 400 974 447 ut
1006 391 1190 461 majori
1238 390 1557 443 auctoritate
1585 388 1671 441 vel
1702 394 1820 440 tuos
1848 386 1997 440 insti—
2026 392 2077 450 Α
2172 383 2298 438 Car.
2330 381 2419 437 IV.
2442 413 2510 423 —
2533 382 2767 438 Sabhato
2798 395 2926 434 vero
2953 378 3303 449 ieiunandum
3344 391 3467 433 esse
3492 419 3508 444 ,
3550 379 3700 433 ratio

416 496 533 538 tuas
559 523 573 549 ,
627 483 712 536 vel
745 481 789 535 si
815 482 909 551 qui
938 497 964 533 a
996 480 1246 533 Romanae
1288 475 1539 531 Ecclesia:
1581 474 1999 530 institutionibus

419 582 645 639 errant,
679 580 771 627 aut
800 584 1147 626 commoneas
1172 610 1187 633 ,
1218 579 1308 621 aut
1336 567 1575 622 indicare
1601 582 1708 622 non
1749 564 1998 631 differas;

420 678 476 719 ut
505 666 643 720 scire
674 666 946 718 valeamus
977 671 1001 699 ι
1043 662 1131 731 qui
1159 672 1282 715 sunt
1310 659 1397 728 qui
1429 668 1519 711 aut
1549 659 1810 712 novitates
1842 656 1999 710 indu-

419 764 576 817 cuut,
628 762 720 806 aut.
766 753 987 807 alterius
1021 749 1271 805 Ectlcsiae
1315 763 1472 818 quam
1525 747 1777 802 Romana:
1810 746 1997 801 existi-

418 854 564 898 mant
589 843 1033 899 consuetudinem
1064 856 1184 897 esse
1224 840 1566 894 servandam.

490 934 617 988 Car.
644 935 685 988 1.
709 963 777 972 -
800 933 988 987 Pacem
1018 933 1176 1001 igitur
1204 930 1401 986 asseris
1441 938 1567 983 ante
1608 930 1847 983 confecta
1881 943 1997 998 my-

416 1027 582 1079 steria
609 1026 866 1093 quosdam
914 1023 1123 1093 populis
1153 1023 1453 1089 impertire,
1476 1020 1552 1074 vel
1584 1022 1681 1073 sibi
1716 1022 1855 1074 inter
1882 1019 1909 1058 δ
1942 1036 2000 1075 se

416 1116 723 1170 sacerdotes
774 1113 1026 1177 tradere,
1080 1130 1198 1166 cum
1249 1122 1367 1181 post
1410 1112 1612 1174 omnia,
1644 1125 1761 1179 qua:
1791 1113 2000 1179 aperire

415 1223 522 1260 non
569 1207 762 1270 debeo,
815 1222 912 1274 pax
954 1205 1024 1259 sit
1052 1208 1354 1258 necessario
1384 1201 1688 1267 indicenda.
1722 1218 1813 1270 per
1842 1217 1998 1270 quam

420 1306 632 1350 constet
666 1294 916 1364 populum
950 1294 1015 1349 ad
1045 1294 1220 1348 omnia
1250 1308 1366 1362 qua:
1394 1293 1446 1345 in
1475 1292 1742 1362 mysteriis
1773 1301 1999 1361 aguntur

415 1399 576 1455 atque
608 1387 660 1439 iu
701 1386 926 1439 ecclesia
956 1385 1314 1447 celebrantur,
1337 1383 1626 1451 praebuisse
1655 1396 1996 1449 consensum,

414 1494 479 1530 ac
511 1477 657 1532 tinita
705 1492 825 1531 esse
857 1476 1001 1545 pacis
1046 1476 1413 1530 concludentis
1453 1474 1726 1543 signaculo
1772 1473 1997 1529 demon-

416 1577 675 1623 Sll‘BnlUl‘.
756 1622 763 1627 λ

482 1656 610 1712 Car.
644 1656 878 1713 ll.—De
904 1657 1213 1712 nominibus
1242 1671 1371 1713 vero
1401 1656 1688 1711 recitandis
1714 1666 1994 1728 antequam

2102 474 2497 529 evidentissima
2526 472 2538 522 i
2572 473 2924 527 demonstrat.
2951 469 3081 523 Nam
3111 467 3157 523 si
3183 468 3323 523 diem
3354 468 3689 523 Dominicum

2099 568 2172 623 ob
2202 565 2558 622 venerabilem
2603 563 3072 619 Resurreclionem
3108 560 3316 616 Domini
3360 560 3530 615 nostri
3557 560 3689 616 Iesu

2102 658 2341 724 Christi,
2385 672 2492 711 non
2536 656 2707 710 solum
2755 655 2806 708 iu
2848 652 3049 707 Pascha
3096 650 3451 715 celebramus,
3496 666 3686 706 verum

2102 752 2261 805 etiam
2310 765 2405 821 per
2452 749 2691 819 singulos
2732 748 2961 802 circulos
3011 744 3463 800 hebdomadarum
3516 744 3690 813 ipsius

2103 844 2207 897 diei
2239 842 2521 911 imaginem
2571 839 2969 908 frequentamus
2994 877 3008 903 ,
3058 850 3119 889 ac
3149 833 3174 871 ι
3208 843 3353 888 sexta
3402 834 3533 888 feria
3567 848 3691 903 pro-

2107 945 2223 1004 pter
2256 936 2561 989 l‘assionem
2606 930 2813 985 Domini
2848 930 3182 998 jejunamus;
3221 926 3502 980 sabbatum
3545 939 3689 994 ιιι-πο

2103 1026 2398 1081 tcrmittere
2453 1039 2559 1077 non
2616 1023 2913 1083 debemus,
2957 1022 3045 1090 qui
3091 1014 3286 1086 (dies)
3338 1016 3476 1070 inter
3522 1015 3695 1069 tristi-

2104 1120 2228 1172 tiam
2276 1127 2329 1170 ct
2386 1115 2622 1169 lzctitiam
2667 1113 2923 1179 temporis
2970 1111 3111 1164 illius
3156 1108 3367 1163 videtur
3420 1108 3688 1161 inclusus.

2064 1267 2069 1271 ,
2101 1211 2230 1264 Nam
2263 1210 2443 1277 utique
2486 1214 2695 1261 cumstat
2723 1203 2991 1273 apostolus
3034 1201 3196 1255 biduo
3240 1202 3339 1253 isto
3367 1208 3421 1252 et
3468 1200 3522 1252 in
3555 1212 3691 1253 mas-

2102 1316 2222 1354 rore
2276 1299 2471 1359 fuisse,
2523 1305 2578 1351 et
2626 1305 2840 1365 propter
2890 1302 3089 1346 metum
3131 1290 3432 1344 Judazorum
3478 1303 3540 1343 se
3601 1303 3697 1343 oc-

2100 1392 2355 1447 culuisse.
2384 1389 2536 1456 Quod
2570 1390 2750 1458 utique
2776 1401 2880 1440 non
2908 1385 3125 1439 dubium
3156 1393 3239 1439 est
3272 1383 3328 1436 in
3354 1391 3564 1435 tantum
3596 1396 3696 1436 eos

2096 1482 2370 1552 jejunasse
2400 1480 2562 1534 biduo
2593 1485 2909 1543 memorato,
2958 1483 3019 1529 ut
3052 1473 3266 1527 traditio
3307 1473 3564 1527 Ecclesia:
3601 1474 3692 1526 ba-

2102 1573 2226 1627 beat
2265 1572 2368 1625 isto
2415 1570 2575 1624 biduo
2621 1579 2953 1622 sacramenta
3000 1565 3210 1634 penitus
3260 1579 3369 1618 non
3396 1562 3692 1619 celebrari.

2100 1663 2229 1729 Qua:
2257 1662 2425 1715 forma
2449 1661 2633 1728 utique
2674 1672 2772 1728 per
2800 1658 3036 1725 singulas
3062 1654 3080 1693 ι
3110 1665 3191 1710 est
3220 1653 3447 1709 tenenda
3483 1653 3693 1708 hebdo-

414 1758 436 1786 '
484 1764 697 1819 precem
729 1749 983 1804 sacerdos
1029 1748 1225 1813 faciat,
1269 1756 1431 1817 atque
1469 1762 1653 1801 eorum
1701 1748 1997 1804 ob'ationes
2030 1757 2075 1816 Β
2104 1754 2287 1807 madas
2313 1794 2328 1818 ,
2360 1762 2576 1821 propter
2622 1750 2673 1804 id
2722 1748 2861 1818 quod
2911 1745 3348 1801 commemoratio
3388 1745 3497 1799 diei
3542 1742 3697 1797 illius

412 1854 637 1907 quorum
692 1839 906 1893 nomina
960 1838 1230 1892 recitanda
1259 1848 1404 1905 sunt,
1436 1840 1678 1894 oratione
1718 1853 1994 1893 commen-

410 1928 522 1992 det,
557 1944 713 1999 quam
746 1928 1071 1998 superﬂuum
1119 1929 1224 1995 sit,
1278 1938 1332 1983 et
1362 1928 1478 1997 ipse
1506 1924 1533 1965 δ
1575 1943 1670 1997 per
1705 1936 1849 1983 tuam
1878 1945 2001 2000 pru-

412 2019 650 2074 dentiam
678 2021 1022 2090 recognoscis
1055 2037 1068 2073 :
1099 2029 1156 2074 ut
1186 2020 1340 2088 cujus
1372 2020 1597 2074 hostiam
1628 2020 1853 2075 necdum
1887 2022 1996 2076 Deo

413 2109 637 2175 oti‘eras,
670 2111 792 2180 ejus
820 2126 1019 2167 nomen
1047 2123 1171 2166 ante
1207 2110 1467 2175 insinues,
1511 2114 1752 2180 quamvis
1795 2112 1873 2167 illi
1914 2112 1997 2166 in-

407 2200 681 2269 cognitum
711 2200 848 2256 nihil
878 2202 967 2256 sit.
1011 2198 1169 2255 Prius
1195 2215 1324 2271 ergo
1363 2201 1667 2256 oblationes
1695 2213 1819 2257 sunt
1844 2217 1996 2259 com-

411 2290 730 2346 mendandae
755 2332 771 2357 ,
821 2305 884 2347 ac
931 2302 1041 2347 tum
1080 2304 1269 2347 eorum
1320 2290 1536 2347 nomina
1582 2305 1810 2362 quorum
1851 2300 1996 2360 sunt,

411 2380 668 2437 edicenda
696 2396 712 2438 :
738 2392 794 2436 ut
825 2383 965 2437 inter
983 2396 1135 2436 sacra
1166 2381 1418 2451 mysteria
1448 2381 1812 2447 nominentur,
1843 2391 1869 2421 ο
1890 2398 1997 2439 non

407 2472 547 2528 inter
576 2473 678 2528 alia
722 2486 842 2543 qua:
883 2483 1010 2528 ante
1037 2474 1408 2543 praemittimus
1429 2514 1444 2539 ,
1481 2482 1540 2527 ut
1569 2473 1697 2543 ipsis
1724 2475 1997 2544 mysteriis

410 2568 547 2621 viam
579 2566 770 2621 futuris
796 2567 1044 2636 precibus
1068 2567 1394 2637 aperiamus.

478 2657 638 2727 200
660 2654 785 2711 Car.
816 2655 902 2710 Ill.
930 2683 1000 2696 —
1021 2656 1096 2711 De
1124 2656 1498 2725 consignandis
1527 2671 1656 2711 vero
1684 2656 1990 2723 infantibus,

406 2748 745 2802 manifestum
794 2757 878 2803 est
919 2762 1027 2801 non
1071 2748 1139 2801 ab
1185 2748 1291 2802 alio
1318 2761 1475 2818 quam
1507 2748 1853 2818 abepiscopo
1880 2748 1994 2803 fieri

404 2838 589 2894 licere.
622 2839 751 2895 Nam
782 2838 1102 2911 presbyteri,
1129 2840 1255 2894 licet
1284 2838 1304 2878 ί
1329 2841 1437 2893 sint
1463 2840 1791 2905 sacerdotes,
1822 2842 1993 2909 ponti-

402 2932 591 2986 ficatus
624 2942 798 2987 tamen
827 2933 1030 3001 apicem
1063 2945 1166 2985 nun
1203 2932 1422 2987 habent.
1456 2932 1571 2987 lloc
1612 2940 1787 2986 autem
1821 2932 1993 2999 ponti-

402 3021 591 3075 ftribus
639 3022 769 3076 solis
809 3021 1028 3085 deberi,
1062 3031 1117 3076 ut
1153 3024 1232 3075 vel
1261 3025 1599 3092 consignent,
1632 3023 1714 3076 vel
1748 3022 1990 3077 Paracle-

403 3122 515 3168 tum
569 3122 595 3161 ε
638 3113 897 3183 Spiritum
951 3115 1203 3177 tradant,
1256 3133 1360 3170 non
1410 3118 1583 3171 solum
1632 3118 1987 3172 ecclesiastica

2100 1856 2314 1910 semper
2342 1848 2427 1895 est
2463 1838 2803 1894 celebranda.
2836 1836 2987 1904 Quod
3028 1836 3072 1890 si
3107 1844 3288 1904 putant
3323 1834 3491 1889 semel
3522 1843 3696 1902 atque

2106 1946 2211 1986 uno
2249 1931 2472 1985 sabbato
2506 1928 2889 1998 jejunandum,
2926 1942 3055 1997 ergo
3107 1935 3161 1981 et
3189 1935 3229 1962 '-
3265 1923 3582 1990 Dominica,
3646 1933 3697 1977 et

2103 2031 2251 2078 sexta
2284 2022 2433 2087 feria,
2465 2020 2635 2075 semel
2662 2021 2717 2074 in
2745 2020 2948 2075 Pascha
2982 2018 3083 2072 erit
3110 2017 3297 2086 utique
3331 2016 3699 2071 celebranda.

2102 2114 2158 2170 Si
2186 2124 2360 2169 autem
2392 2113 2652 2169 Dominici
2680 2112 2786 2167 diei
2815 2127 2879 2166 ac
2924 2115 3089 2165 sexta
3135 2108 3279 2163 feria
3318 2123 3414 2178 per
3443 2108 3701 2179 singulas

2103 2204 2465 2261 hebdomadas
2507 2202 2801 2272 reparanda
2834 2203 3005 2270 imago
3046 2207 3164 2266 e~t,~
3195 2198 3459 2252 dementis
3486 2207 3583 2252 est
3621 2199 3700 2253 bi-

2099 2297 2191 2352 dui
2216 2310 2373 2366 agere
2393 2293 2858 2357 consuetudinem,
2872 2292 3029 2363 201
3044 2290 3264 2345 sabbato
3292 2290 3698 2359 prastermisso.

2094 2405 2220 2446 cum
2250 2403 2357 2443 nou
2399 2387 2667 2458 disparem
2718 2385 2910 2440 habeat
2947 2397 3165 2438 causam
3192 2397 3221 2437 a
3251 2392 3400 2438 sexta
3432 2382 3578 2440 fet-ia
3616 2385 3697 2439 vi-

2095 2482 2316 2549 delicet,
2349 2482 2403 2536 in
2452 2494 2553 2551 qua
2600 2478 2858 2534 Dominus
2897 2489 3085 2547 passus
3109 2484 3213 2541 est,
3251 2475 3469 2545 quando
3505 2484 3575 2532 et
3629 2476 3696 2532 ad

2093 2575 2296 2631 inferos
2321 2573 2437 2640 fuit,
2470 2580 2528 2627 ut
2555 2570 2709 2626 tertia
2739 2568 2827 2624 die
2848 2581 3130 2638 resurgens
3157 2566 3395 2622 laetitiam
3422 2566 3699 2624 redderet

2096 2675 2219 2736 post
2242 2663 2530 2720 biduanam
2554 2661 2822 2717 tristitiam
2846 2658 3260 2730 praecedentem.
3279 2657 3398 2713 Non
3420 2670 3563 2727 ergo
3594 2672 3699 2714 nos

2094 2770 2352 2827 negamus
2393 2762 2545 2809 sexta
2590 2751 2724 2808 feria
2762 2748 3110 2821 ieiunandum
3137 2790 3152 2817 ,
3197 2747 3293 2803 sed
3346 2747 3597 2821 dicisan
3642 2758 3698 2803 et

2093 2848 2319 2903 sabbato
2351 2848 2453 2903 hoc
2481 2844 2779 2916 agendum;
2819 2852 2847 2880 ιι
2888 2843 3010 2909 quia
3042 2840 3201 2896 ambo
3242 2839 3355 2895 dies
3402 2840 3696 2896 tristitiam

2090 2938 2345 3008 apostolis
2366 2939 2448 2993 vel
2480 2936 2543 2992 iis
2560 2938 2649 3007 qui
2683 2933 2952 2990 Christum
2976 2931 3142 2988 secuti
3173 2940 3313 2997 sunt,
3345 2931 3696 2987 indixerunt.

2091 3030 2191 3099 Qui
2221 3029 2309 3084 die
2338 3028 2618 3083 Dominico
2643 3022 2945 3090 exhilarati,
2977 3037 3082 3077 non
3122 3026 3294 3077 solum
3324 3023 3498 3090 ipsum
3532 3023 3697 3077 festi-

2092 3122 2366 3178 vissimum
2414 3136 2534 3176 esse
2573 3120 2895 3184 voluerunt,
2938 3131 3124 3172 verum
3170 3118 3329 3169 ctiam
3358 3131 3456 3185 per
3485 3131 3697 3171 omnes

401 3207 732 3259 consuetudo
784 3209 1122 3261 demonstrat
1151 3250 1164 3273 ,
1215 3223 1398 3263 verum
1451 3210 1539 3262 illa
1579 3211 1742 3264 lectio
1771 3213 1995 3265 Actuum
2022 3209 2069 3271 C
2101 3212 2462 3269 hebdomadas
2489 3210 2934 3279 frequentandum
2962 3216 3081 3265 esse
3106 3208 3392 3263 duxerunt.

398 3300 763 3365 apostolorum
813 3315 931 3368 quae
978 3302 1170 3356 asserit
1210 3302 1418 3356 Petrum
1470 3313 1526 3359 et
1563 3303 1821 3359 Joannem
1867 3297 1987 3361 esse

402 3391 636 3446 directos
685 3395 770 3458 qui
818 3393 928 3461 jam
998 3395 1276 3461 baptizatis
1340 3393 1366 3432 ¹ι
1417 3396 1689 3451 traderent
1739 3398 1991 3467 Spiritum

398 3490 665 3536 sanctum.
719 3482 849 3535 Nam
902 3486 1264 3554 presbyteris,
1310 3499 1405 3540 seu
1455 3495 1604 3541 extra
1652 3487 1984 3557 episcopum,

398 3576 511 3631 sive
562 3586 824 3643 pnuscnte
870 3575 1127 3645 episcopo
1173 3592 1294 3632 cum
1336 3578 1649 3647 baptizant,
1696 3579 1993 3635 chrismate

400 3666 699 3734 laptizatos
742 3682 943 3736 ungere
974 3666 1119 3733 licet,
1147 3669 1242 3723 sed
1268 3669 1407 3738 quod
1439 3670 1506 3723 ab
1532 3670 1783 3739 episcopo
1823 3670 1991 3726 fuerit

400 3766 808 3822 consecratum,
860 3773 965 3811 non
1008 3772 1187 3815 tamen
1214 3761 1441 3817 frontem
1481 3760 1496 3799 ι
1537 3778 1600 3817 es
1649 3762 1839 3818 eodem
1868 3764 1991 3817 oleo

399 3849 648 3917 signare,
699 3848 840 3918 quod
879 3850 1011 3905 solis
1047 3852 1272 3907 debetur
1296 3854 1561 3923 episcOpis
1604 3870 1725 3909 cum
1774 3855 1992 3910 tradunt

397 3937 652 4006 Spiritum
700 3938 1056 3996 Paracletum.
1096 3942 1265 3998 Verba
1310 3958 1439 3999 vero
1486 3943 1668 4000 dicere
1714 3962 1821 4000 non
1864 3960 1987 4015 pos-

396 4042 539 4094 sum,
571 4042 639 4083 ne
672 4031 839 4100 magis
881 4031 1110 4099 prodere
1140 4033 1329 4087 videar
1355 4050 1514 4103 quam
1541 4035 1609 4090 ad
1634 4036 1985 4092 consultatio-

399 4128 521 4173 nem
547 4122 890 4189 respondere.

466 4384 651 4458 thid.
685 4384 839 4458 Barb.
874 4400 993 4458 cum
1025 4386 1273 4457 vulgatis,
1293 4388 1509 4455 melius,
1534 4390 1619 4458 qui
1645 4389 1765 4445 sint.

470 4454 499 4543 ξ
516 4455 723 4543 lj'ostril
740 4457 913 4543 codd.
1123 4454 1188 4543 Et
1218 4458 1374 4543 [ξεί-ι).
1547 4454 1715 4543 Dion.
1745 4468 1805 4543 et
1828 4459 1971 4543 vulg.

390 4526 598 4580 Concil.
638 4524 821 4580 delent
864 4541 935 4580 se.
968 4527 1102 4582 Dein
1130 4528 1286 4583 Barb.
1335 4544 1456 4585 cum
1489 4532 1713 4586 Merlino
1756 4538 1812 4586 et
1856 4524 1976 4585 aliis

387 4596 574 4659 codd.,
602 4598 904 4651 necessaria.

467 4674 491 4702 ι’
535 4664 693 4739 Barb.
734 4680 853 4739 cum
884 4665 1024 4739 vulg.
1057 4667 1287 4734 Concil.,
1324 4685 1515 4739 preces.
1548 4668 1703 4737 Dein,
1733 4685 1828 4724 sua
1856 4685 1975 4724 ora-

2006 4393 2059 4457 D

2171 3305 2298 3359 Car.
2331 3303 2395 3356 V.
2422 3333 2491 3342 -—
2521 3302 2595 3356 De
2627 3301 2888 3356 fermento
2918 3314 3047 3355 vero
3090 3298 3231 3369 quod
3278 3296 3364 3352 die
3392 3296 3699 3353 Dominica

2102 3411 2197 3464 per
2224 3394 2403 3449 titulos
2442 3394 2722 3461 mittimus,
2774 3393 3042 3461 superflue
3084 3402 3181 3445 nos
3220 3399 3245 3426 ο
3274 3388 3573 3445 consulere
3602 3406 3700 3445 ναι

2104 3487 2265 3554 luisti,
2299 3501 2421 3542 cum
2450 3499 2635 3541 onmes
2665 3486 2907 3541 ecclesiae
2947 3493 3145 3538 nostrae
3173 3485 3279 3537 sint
3318 3483 3457 3537 intra
3489 3484 3701 3538 civita-

2105 3593 2209 3637 tem
2254 3580 2579 3635 constitutae.
2618 3579 2850 3646 Quarum
2895 3576 3227 3648 presbyteri,
3277 3573 3401 3643 quia
3439 3573 3534 3629 die
3575 3576 3700 3645 ipse

2107 3680 2321 3744 pr0pter
2352 3673 2560 3742 plebem
2609 3670 2709 3725 sibi
2758 3670 3018 3724 creditam
3064 3668 3337 3723 nobiscum
3384 3668 3701 3722 convenire

2098 3781 2205 3820 non
2253 3773 2494 3835 possunt,
2528 3763 2726 3817 idcirco
2764 3762 3083 3816 ferme-mum
3119 3773 3147 3811 a
3179 3758 3330 3812 nobis
3366 3755 3697 3813 confecmm

2092 3871 2187 3926 per
2209 3855 2486 3926 acolythus
2512 3852 2801 3920 accipiunt,
2827 3858 2886 3904 ut
2911 3864 2971 3904 se
2999 3860 3029 3902 a
3061 3855 3242 3903 nostra
3270 3846 3698 3910 communione.

2090 3946 2320 4000 maxime
2371 3944 2458 3999 illa
2497 3943 2604 4008 die,
2650 3957 2755 3996 non
2794 3939 3037 4009 judicent
3063 3944 3365 4008 separatos;
3396 3935 3552 4007 quod
3586 3955 3696 4007 per

2087 4033 2369 4103 parochias
2410 4031 2521 4085 fieri
2572 4030 2770 4086 debere
2812 4044 2919 4084 non
2963 4036 3121 4099 puto,
3165 4027 3341 4096 quiaP
3367 4040 3470 4082 nec
3514 4026 3697 4099 longe

2086 4124 2344 4195 portanda
2361 4132 2484 4179 sunt
2509 4130 2866 4192 sacramenta,
2891 4136 2991 4177 nec
3012 4134 3110 4174 nos
3129 4134 3226 4189 per
3251 4119 3577 4175 cmmeteria
3609 4121 3696 4176 di-

2164 4388 2179 4427 ί
2212 4388 2371 4445 Solus
2392 4387 2591 4455 Quesn.
2634 4387 2834 4443 omittit
2864 4384 3293 4458 prepositioncm
3322 4402 3419 4454 es;
3458 4398 3515 4447 et
3548 4390 3698 4449 dein

2084 4459 2245 4516 habet
2266 4461 2387 4514 dare
2415 4473 2510 4527 pro
2531 4458 2720 4513 dicere.

2156 4530 2170 4579 l
2203 4530 2360 4584 Solus
2382 4526 2608 4595 Quesn.,
2635 4526 2884 4582 declarat.

2150 4598 2177 4637 ι
2220 4598 2542 4655 Particulam
2576 4598 2661 4662 si,
2706 4614 2735 4651 a
2767 4597 2969 4665 Queen.
3000 4613 3122 4654 cum
3173 4596 3325 4653 Dion.
3378 4596 3692 4670 insertam,

2078 4674 2395 4726 auctoritate
2423 4679 2729 4724 nostrorum
2757 4670 3002 4723 codicum
3032 4677 3087 4724 et
3124 4679 3436 4725 ceterarum
3468 4669 3693 4728 editio?

2077 4756 2203 4795 num
2236 4739 2552 4809 delevimus.
2590 4738 2723 4809 Dein
2753 4752 2948 4794 nomen
2976 4740 3085 4794 dies
3108 4782 3125 4807 ,
3155 4754 3185 4792 a
3208 4738 3503 4809 Quesnello
3540 4757 3691 4809 per-

2076 4809 2383 4882 spicuitatis
2403 4807 2573 4877 gratia
2602 4807 2865 4875 additum,
2898 4823 3027 4864 mss.
3063 4810 3331 4879 ignorant.
3358 4808 3463 4863 Alii
3490 4807 3693 4882 νήια..

2070 4879 2228 4950 quod.
2242 4880 2560 4934 ..inclusum.

2148 4947 2168 4988 ι
2195 4951 2329 5004 Cum
2353 4962 2481 5019 mss.
2514 4957 2566 5001 et
2596 4946 2807 5019 caeteris
2834 4946 2963 5019 edit.
2995 4947 3286 5019 adiecimus
3309 4945 3536 5004 verbum
3571 4960 3691 5019 est,

2073 5030 2129 5075 et
2156 5019 2283 5074 dein
2309 5019 2364 5071 id
2390 5033 2419 5071 a
2450 5017 2738 5084 Quesnello
2765 5018 2985 5073 omissa.

2144 5098 2184 5127 ω
2209 5088 2370 5144 Vind.
2402 5103 2525 5142 cum
2565 5086 2684 5141 aliis
2712 5086 2870 5141 codd.
2916 5088 3059 5158 apud
3085 5088 3296 5153 Coust.,
3328 5085 3692 5145 Dominicatsaa

2077 5196 2093 5213 .
2122 5197 2135 5213 .
2164 5197 2178 5212 .
2203 5157 2579 5213 celebrandum.

2146 5237 2175 5265 ιι
2206 5228 2338 5283 Cod.
2368 5227 2551 5292 Barb.,
2579 5228 2692 5297 qui.
2717 5226 2831 5283 Mos
2862 5245 2927 5282 ex
2959 5244 3087 5282 mss.
3114 5237 3169 5284 et
3207 5226 3350 5297 vulg.
3382 5231 3694 5286 revocavi-

2072 5313 2193 5380 mus
2231 5300 2309 5351 rel
2339 5299 2433 5367 iis,
2464 5308 2518 5352 et
2560 5298 2685 5353 dein
2726 5299 3126 5369 festivissimum.
3171 5297 3371 5367 Quesn.
3411 5308 3462 5352 et
3501 5299 3689 5357 ἤδη..

2096 5379 2329 5422 catinum.

2070 5373 2381 5509 réb‘glg.n.
2400 5452 2531 5503 ms.,
2562 5438 2888 5509 consuluisti,
2917 5454 3053 5491 cum.
3080 5438 3216 5493 Dein
3244 5437 3427 5503 Barb.,
3450 5452 3694 5509 propter

2071 5507 2263 5578 plebem
2291 5506 2385 5560 sibi
2415 5508 2761 5562 commissam.

2142 5587 2170 5628 ι»
2196 5578 2285 5633 Sic
2310 5578 2470 5631 codd.
2498 5592 2619 5631 cum
2651 5578 2793 5647 vulg.
2819 5576 3004 5635 Concil
3040 5588 3096 5633 et
3122 5577 3311 5636 Const.
3334 5576 3693 5646 Quesnellua

2070 5655 2125 5703 et
2150 5647 2330 5715 Diom,
2364 5663 2463 5701 non
2490 5647 2659 5719 longe.

391 4734 527 4786 tione
568 4737 707 4788 idem
738 4736 855 4790 cod.
889 4737 1047 4790 Barb.
1077 4753 1196 4792 cum
1226 4734 1413 4792 Const.
1464 4749 1519 4794 et
1558 4734 1768 4795 caeteris
1812 4739 1973 4795 colle-

395 4802 665 4858 ctionibus
691 4804 871 4859 editis.

464 4869 492 4907 δ
519 4873 627 4945 ξι..
655 4888 749 4941 pro
769 4881 856 4926 tua
881 4875 1171 4945 prudentia.

468 4950 491 4978 ε
533 4941 734 5017 Queen.
761 4960 862 4997 non
882 4941 1057 5010 intra;
1095 4954 1151 5017 et
1192 4944 1313 5015 posi
1337 4961 1525 5016 pauca,
1549 4955 1605 5000 ut
1633 4947 1756 5015 ipsis
1783 4948 1967 5017 futuris

677 5013 810 5094 uiuus
830 5022 951 5094 ante
974 5012 1534 5094 precibusaperiamua,
1577 5012 1969 5094 refragantibus

390 5081 589 5138 uestris
616 5081 774 5138 codd.
818 5092 874 5139 et
910 5081 1154 5154 vulgatis.
1190 5081 1320 5142 Dein
1349 5081 1525 5143 Barb.
1551 5100 1674 5156 ms.,
1720 5081 1976 5159 prmisi-

390 5168 524 5206 mus.
556 5153 772 5206 melius.

389 5168 524 5215 mus,
556 5168 772 5211 melius.

459 5220 483 5275 ἰ
504 5222 690 5279 Const.
717 5240 785 5280 ex
811 5239 913 5279 ms.
938 5225 1096 5279 Corb.
1129 5236 1186 5281 et
1221 5226 1431 5282 duobus
1463 5228 1605 5293 aliis,
1629 5226 1839 5280 secundi
1864 5227 1969 5280 sint

386 5295 671 5350 sacerdotes
688 5310 708 5350 :
732 5310 794 5351 ac
819 5310 943 5350 mox
968 5309 1033 5350 ex
1065 5297 1252 5352 iisdem
1268 5298 1425 5353 codd.
1451 5315 1466 5354 :
1490 5296 1604 5352 Hoc
1633 5307 1803 5351 autem
1828 5296 1967 5351 Pon-

388 5361 603 5439 tiﬁcius)!
623 5367 745 5439 satis
770 5364 936 5420 deberi
961 5367 1242 5439 episcppis,
1271 5377 1325 5423 ut
1350 5367 1427 5422 vel
1455 5369 1770 5439 consignent,
1799 5378 1907 5439 etc.

458 5440 486 5515 ξ
509 5432 672 5515 _Solus
703 5434 929 5515 Queen.“
952 5432 1049 5515 pro
1074 5432 1326 5505 Spiritum
1368 5438 1526 5501 habet
1540 5432 1819 5515 ﬁduciam.
1847 5435 1965 5491 Mos

356 5500 548 5581 -
578 5500 805 5581 aliarum
828 5500 1202 5581 collectiouum
1222 5523 1353 5581 cum
1373 5500 1583 5581 exteris
1602 5508 1773 5576 vulg.,
1792 5522 1964 5561 verum

389 5578 438 5622 et
462 5572 556 5644 illa
580 5573 747 5644 lectio.
769 5576 993 5640 Quesm,
1021 5575 1427 5644 Apostolieorrtm
1454 5578 1697 5632 Actutum.

456 5635 686 5697 *Noatri
716 5635 821 5698 duo
847 5635 1003 5700 codd.
1036 5635 1192 5701 Vind.
1220 5657 1273 5702 et
1303 5648 1488 5715 Barb.,
1522 5650 1747 5702 tradant.
