3888 6182
306 217 404 276 817

767 221 991 279 (ὶυῡΕΧ
1035 225 1359 281 CANONUM
1405 227 1687 282 ECCLES.
1735 229 1821 283 ET
1860 230 2442 293 ρυΝετιτιιτοιιυιι
2480 234 2539 293 8.
2581 238 2777 299 SEDlS
2817 243 3146 301 APOSTOL.

3474 245 3576 301 513

304 343 454 382 versa
479 329 787 383 constitutis
814 335 1139 407 presbyteris
1168 336 1519 403 destinamus,
1546 346 1572 375 ⁸
1594 348 1647 392 et
1668 341 1887 411 presby-
1921 348 1967 401 Α
1999 343 2132 397 vobis
2162 355 2256 413 est,
2286 348 2446 420 203
2494 362 2631 405 vocet
2659 354 2975 424 presbyteros
3025 355 3299 427 Ecclesia,
3340 374 3387 418 et
3429 380 3571 422 orent

299 419 396 473 teri
428 434 617 474 eorum
647 424 1099 479 conlicicndorum
1130 428 1215 492 jus
1246 425 1479 481 habeant
1505 438 1559 481 et
1591 428 1881 484 licentiam.

364 512 496 566 Car.
524 512 609 567 Vl.
643 541 711 555 ~—
740 514 816 568 De
846 517 911 569 iis
954 533 1083 573 vero
1129 520 1408 586 baptizatis
1439 518 1465 557 ³³
1495 523 1583 589 qni
1634 531 1814 589 postea
1854 539 1882 575 a

296 604 599 667 daemonio,
634 605 768 659 vitio
828 606 1007 678 aliquo
1055 618 1148 663 aut
1201 620 1419 676 peccato
1473 612 1881 676 interveniente,

295 699 647 766 Irripiutttur,
677 700 923 769 quaesivit
952 700 1166 754 dilectio
1197 713 1283 755 tua
1314 703 1357 754 si
1388 715 1414 752 a
1447 703 1757 772 presbytero
1779 713 1873 757 aut

298 790 522 843 diacono
554 792 757 859 possint
784 799 875 845 aut
902 789 1130 845 debeant
1157 793 1317 863 202
1348 802 1370 829 ε
1403 793 1704 860 designari;
1741 794 1882 863 quod

298 881 399 935 hoc
435 886 535 936 nisi
584 883 893 950 episcopum
946 884 1236 953 praecipere
1280 900 1385 937 nm
1430 885 1597 939 hcet:
1642 901 1762 938 nam
1804 888 1883 939 eis

298 986 487 1027 manus
524 973 845 1042 imponenda
890 974 1109 1027 omnino
1158 990 1262 1028 non
1312 985 1417 1040 est,
1448 974 1552 1029 nisi
1595 976 1882 1045 episcopus

296 1067 668 1119 auctoritatem
698 1064 906 1119 dederit
936 1065 987 1118 id
1010 1065 1297 1121 efficiendi.
1331 1065 1400 1122 Ut
1426 1078 1604 1122 autem
1636 1068 1748 1133 ttat,
1766 1067 1881 1137 epi-

300 1157 449 1227 scopi
477 1166 559 1211 est
594 1156 863 1225 imperare
903 1169 962 1211 ut
1006 1171 1198 1213 manus
1232 1159 1313 1213 eis
1351 1160 1428 1213 \el
1475 1173 1505 1213 a
1546 1159 1878 1231 presbytero,

298 1249 381 1301 vel
426 1264 452 1300 a
492 1249 704 1303 caeteris
750 1247 963 1302 clericis
1006 1246 1332 1318 imponatur.
1364 1249 1495 1305 Nam
1525 1251 1798 1321 quomodo
1826 1251 1880 1305 id

300 1340 413 1395 fieri
443 1340 560 1395 sine
586 1354 781 1410 magno
812 1341 995 1396 labore
1025 1342 1240 1411 poterit,
1271 1348 1330 1396 ut
1369 1340 1529 1413 longe
1554 1342 1879 1399 constitutus

301 1450 363 1489 en
400 1451 550 1504 rgum
589 1448 689 1489 nus
717 1434 780 1489 ad
804 1436 1115 1504 episcopum
1148 1434 1469 1499 deducatur,
1506 1449 1649 1500 cum,
1680 1434 1725 1490 ei
1758 1435 1879 1490 talis

300 1538 451 1579 casus
481 1525 527 1580 ei
554 1527 606 1578 in
637 1525 827 1580 itinere
854 1523 1130 1590 acciderit,
1155 1539 1256 1580 nec
1275 1520 1303 1561 ἀ
1330 1525 1552 1593 perferri
1581 1524 1648 1581 ad
1669 1525 1877 1593 episco-

304 1631 445 1685 pum,
477 1630 574 1671 nec
600 1615 788 1670 referri
809 1618 872 1669 ad
902 1630 1001 1670 sua
1032 1615 1190 1671 facile
1219 1618 1424 1686 possit?

1989 448 2143 501 super
2169 437 2355 503 ipsum,
2386 449 2631 509 tingentes
2660 459 2773 496 eum
2801 448 2912 499 oleo
2940 448 2991 499 in
3016 450 3220 503 nomine
3257 451 3497 517 Domini;
3519 468 3569 509 et

1989 526 2153 578 oratio
2173 524 2225 578 in
2256 527 2356 594 fide
2394 529 2609 584 salvabit
2662 532 3007 602 laborantem,
3046 548 3093 591 et
3130 541 3396 595 suscitabit
3423 543 3568 597 illam

1992 613 2276 683 Dominus;
2307 627 2383 681 et,
2412 619 2459 671 si
2486 632 2690 689 peccatu
2719 624 2839 688 fecit
2858 665 2872 689 ,
2919 628 3135 680 remittet
3163 629 3229 682 ei.
3262 629 3418 697 Quod
3461 647 3566 686 non

1986 718 2069 760 est
2094 708 2314 762 dubium
2336 710 2403 764 dc
2432 711 2677 768 fidelibus
2704 719 3085 784 aagrotantibus
3107 724 3276 792 accipi
3303 726 3379 779 tet
3412 728 3565 782 intel-

1988 796 2075 862 ligi
2104 798 2320 863 debere,
2355 801 2445 869 qui
2471 812 2658 858 sancto
2707 805 2827 860 oleo
2855 808 3163 865 chrismatis
3191 815 3413 883 perungi
3444 832 3568 885 pos-

1985 898 2142 953 sunt;
2173 899 2196 936 ις
2221 904 2328 959 quo
2363 893 2430 947 ab
2445 896 2701 964 episcOpo
2723 899 2999 963 confecto,
3034 917 3137 954 non
3167 904 3340 958 solum
3383 920 3562 962 sacer-

1983 979 2222 1046 dotibus,
2254 984 2347 1038 sed
2376 994 2430 1039 et
2457 988 2707 1042 omnibus
2736 992 2809 1043 uti
2858 990 3177 1048 Christianis
3218 996 3341 1052 licet
3383 1000 3435 1054 in
3464 1014 3563 1055 sua

1982 1080 2074 1124 aut
2101 1086 2319 1126 suorum
2353 1077 2673 1132 necessitate
2700 1080 2966 1148 tingendo.
2999 1081 3264 1139 Caeterum
3290 1088 3420 1141 illud
3466 1102 3557 1143 su-

1984 1160 2189 1229 perﬂuo
2210 1162 2451 1219 videmus
2471 1165 2761 1235 adjectum,
2789 1179 2847 1223 ut
2871 1170 2939 1224 de
2962 1173 3215 1243 episcopo
3236 1177 3558 1247 ambigatur.

1980 1250 2122 1317 quod
2152 1252 2480 1322 presbyteris
2506 1255 2672 1311 licere
2693 1273 2799 1311 non
2822 1260 3041 1316 dubium
3065 1274 3167 1317 est.
3198 1266 3328 1320 Nam
3356 1269 3557 1323 idcirco

1983 1339 2010 1379 δ
2043 1343 2378 1415 presbyteris
2414 1346 2616 1402 dictum
2650 1358 2755 1415 est,
2785 1352 2907 1418 quia
2958 1354 3192 1423 episcOpi
3249 1358 3370 1412 aliis
3397 1374 3556 1415 occu-

1980 1434 2286 1502 pationibus
2318 1437 2555 1507 impediti
2583 1438 2649 1492 ad
2678 1454 2869 1495 omnes
2897 1442 3173 1512 languidos
3199 1448 3277 1501 ire
3304 1464 3409 1503 non
3438 1465 3559 1519 pos-

1978 1534 2122 1580 sunt.
2154 1524 2417 1583 Ceterum
2446 1529 2491 1582 si
2522 1532 2810 1601 episcopus
2837 1544 2929 1587 aut
2959 1544 3168 1603 potest,
3200 1549 3292 1591 aut
3339 1540 3557 1607 dignum

1981 1616 2128 1672 ducit
2155 1619 2389 1689 aliquem
2404 1636 2435 1676 a
2459 1636 2519 1676 se
2544 1623 2892 1691 visitandum,
2908 1638 2961 1681 et
2974 1627 3293 1685 benedicere
3315 1641 3369 1686 et
3397 1631 3413 1671 ί
3440 1642 3557 1687 tan.

368 1704 491 1759 Cn.
526 1704 634 1759 Vll.
668 1736 738 1746 —
778 1706 849 1760 De
879 1706 1262 1776 paenitentibus
1302 1716 1480 1761 autem
1527 1707 1617 1778 qui
1663 1709 1778 1764 sive
1810 1723 1873 1763 es
1908 1704 1955 1765 Β
1979 1725 2108 1779 gere
2141 1711 2465 1779 chrismate,
2502 1716 2621 1770 sine
2648 1719 2994 1775 cunctatione
3042 1730 3240 1789 potest,
3288 1724 3441 1791 cujus
3477 1732 3560 1781 est

306 1796 622 1863 gravioribus
643 1798 964 1862 commissis,
980 1800 1089 1852 sive
1111 1812 1175 1853 ex
1199 1797 1485 1853 levioribus
1504 1801 1871 1870 pmoitentiam

307 1897 500 1956 gerunt,
538 1893 581 1943 si
626 1891 769 1944 nulla
820 1892 1141 1947 interveniat
1187 1894 1470 1962 agritudo,
1517 1894 1700 1963 quinti
1738 1895 1871 1952 feria

305 1992 416 2035 ante
460 1981 658 2035 Pascha
708 1983 786 2038 eis
829 1986 1245 2049 reiniueinlnin,
1302 1985 1558 2040 Romana:
1613 1987 1870 2043 Ecclesia:

303 2075 616 2127 consuetudo
638 2074 989 2129 demonstrat.
1015 2074 1280 2131 Caeterum
1300 2076 1368 2131 de
1390 2078 1709 2133 astimando
1732 2093 1869 2149 pon-

305 2160 419 2215 drre
441 2161 755 2217 delictorum
788 2163 1088 2218 sacerdotis
1132 2172 1217 2217 est
1238 2165 1511 2233 judicare,
1544 2176 1606 2221 ut
1629 2167 1871 2221 attendat

303 2252 361 2306 ad
388 2252 779 2309 confessionem
802 2255 1133 2324 paenitentis,
1154 2265 1209 2311 et
1237 2257 1301 2311 ad
1330 2257 1488 2313 fletus
1514 2269 1672 2329 atque
1696 2260 1870 2331 lacry-

302 2359 408 2398 mas
431 2347 781 2416 corrigentis;
813 2362 877 2403 ac
907 2357 1016 2403 tum
1047 2349 1241 2417 jubere
1271 2351 1489 2415 dimitti,
1515 2367 1634 2405 cum
1672 2352 1868 2407 viderit

302 2452 568 2506 congruam
598 2447 622 2476 °
645 2438 1086 2496 satisfactionem.
1115 2440 1260 2497 Sane
1294 2442 1337 2494 si
1365 2444 1483 2511 quis
1515 2443 1566 2497 in
1596 2444 1866 2511 aegritudi-

299 2544 407 2583 nem
437 2530 707 2595 inciderit,
756 2542 916 2600 atque
948 2545 1118 2602 usque
1148 2533 1215 2587 ad
1238 2534 1673 2599 desperationem
1707 2548 1867 2589 vene-

297 2621 375 2684 rit,
406 2622 453 2676 ei
478 2632 601 2677 ante
627 2633 839 2694 tempus
866 2624 1086 2679 Pascha
1118 2626 1485 2693 relaxandum,
1519 2640 1586 2681 ne
1606 2628 1675 2683 dc
1696 2641 1863 2682 saccu-

294 2710 343 2765 lo
368 2713 563 2783 absque
594 2716 974 2769 communione
1002 2716 1267 2774 disceda'.

356 2803 475 2860 Car.
525 2806 658 2861 Vill.
702 2837 768 2848 —
797 2809 941 2863 Sane
969 2811 1218 2879 quoniam
1249 2809 1314 2863 de
1336 2810 1459 2877 hoc,
1491 2812 1647 2865 sicuti
1670 2811 1736 2865 de
1756 2826 1859 2864 cat-

294 2896 430 2961 tcris,
456 2899 748 2954 consulere
768 2900 935 2953 voluit
958 2909 1041 2954 tua
1068 2900 1308 2967 dilectio,
1326 2900 1522 2969 adjecit
1542 2904 1701 2956 etiam
1722 2901 1860 2957 illius

293 3001 428 3041 meus
463 2988 786 3044 Cm'estinus
816 2990 1073 3045 diaconu~
1107 2994 1156 3044 in
1186 2993 1410 3057 epistola
1442 3008 1534 3047 sua
1566 3009 1685 3048 esse
1716 3010 1743 3048 a
1771 3004 1856 3049 tua

1976 1804 2148 1873 ἱρςιιτιι
2191 1806 2423 1861 chrisma
2466 1808 2757 1865 conﬁcere.
2808 1811 2939 1866 Nam
2989 1814 3375 1882 penitentibus
3420 1817 3559 1872 istud

1977 1898 2181 1954 infundi
2210 1916 2315 1955 non
2364 1910 2558 1970 potest,
2583 1904 2706 1973 quia
2735 1917 2903 1973 genus
2934 1909 3255 1963 sacramenti
3286 1917 3391 1963 est.
3423 1909 3557 1965 Nam
3646 1928 3655 1933 ‘

1974 1990 2168 2061 quibus
2197 1991 2401 2059 reliqua
2422 2004 2758 2049 sacramenta
2787 2005 3069 2066 negantur,
3101 1999 3370 2065 quomodo
3391 2015 3556 2056 unum

1971 2095 2141 2150 genus
2166 2090 2379 2149 putatur
2405 2096 2566 2152 posse
2585 2084 2847 2139 concedit

2042 2171 2137 2226 llis
2168 2172 2347 2240 igitur,
2376 2170 2541 2228 frater
2561 2174 2899 2243 charissime,
2928 2177 3178 2235 erunibus
3205 2192 3327 2249 qua:
3363 2187 3453 2237 tua
3481 2182 3553 2237 di-
3586 2176 3587 2179 “

1969 2259 2128 2316 lectio
2158 2260 2326 2315 voluit
2356 2277 2385 2316 a
2409 2263 2565 2318 nobis
2602 2264 2817 2333 exponi,
2851 2277 3003 2334 prout
3029 2268 3299 2338 potuimus
3335 2285 3554 2343 respou-

1969 2348 2101 2404 dere
2128 2351 2452 2422 curavimus,
2486 2362 2544 2408 ut
2570 2353 2805 2409 Ecclesia
2832 2368 2915 2409 tua
2941 2356 3233 2413 Romanam
3257 2370 3549 2418 consuete-

1967 2441 2173 2507 dinem,
2203 2457 2233 2495 a
2270 2457 2371 2509 qua
2414 2444 2675 2514 originem
2705 2446 2872 2510 ducit,
2923 2463 3141 2504 servare
3176 2453 3350 2508 valeat
3388 2462 3550 2526 atqtte

1966 2533 2262 2588 custodire.
2284 2533 2503 2604 Reliqua
2536 2551 2685 2601 vero,
2714 2552 2833 2605 quas
2862 2539 3020 2593 scribi
3047 2540 3126 2594 fas
3146 2557 3251 2596 non
3270 2554 3404 2609 erat,
3427 2559 3547 2599 cuin

1966 2622 2224 2691 adluen‘s,
2258 2626 2565 2695 interrogati
2606 2629 2902 2694 poterimus
2943 2631 3175 2686 edicere.
3208 2632 3323 2687 Erit
3370 2642 3546 2689 autent

1970 2716 2174 2767 Domini
2206 2717 2454 2782 potentia:
2486 2717 2645 2769 etiam
2688 2716 2740 2770 id
2773 2733 3078 2786 procurare,
3112 2730 3171 2775 ιιι
3196 2732 3250 2776 et
3275 2732 3417 2777 tuam
3444 2724 3544 2779 Ec-

1964 2809 2217 2872 clesiam,
2254 2816 2309 2862 et
2356 2809 2580 2867 clericos
2630 2821 2848 2865 nostros
2890 2814 2979 2879 qui
3010 2814 3110 2866 sub
3146 2822 3237 2867 tuo
3269 2816 3541 2882 pontillcio

1961 2897 2157 2952 divinis
2185 2898 2507 2951 famulantur
2526 2897 2719 2953 ofticiis
2744 2900 2883 2955 bene
2911 2902 3180 2971 instituas,
3214 2914 3267 2957 et
3290 2906 3410 2959 aliis
3431 2904 3541 2959 for-

1963 3007 2105 3045 mam
2156 2993 2359 3045 tribuas
2386 3006 2547 3060 qnam
2584 2991 2817 3046 debeant
2863 2994 3079 3048 imitari.
3111 2993 3240 3048 Data
3274 2995 3288 3045 i
3320 3011 3408 3050 xiv
3432 2994 3548 3053 kal.

290 3078 563 3135 dilectione
590 3080 822 3149 politum
852 3083 1003 3148 illud,
1032 3085 1169 3150 quint
1204 3086 1252 3136 in
1281 3085 1419 3138 beati
1455 3086 1685 3154 apostoli
1707 3085 1860 3141 Jaco-
1887 3068 1936 3131 (ἶ
1968 3085 2165 3153 Aprilis
2206 3084 2510 3137 Theodosio
2537 3087 2778 3154 Augusto
2805 3086 3003 3153 septies
3030 3094 3085 3141 et
3130 3087 3366 3144 Palladio
3386 3087 3453 3144 γ.
3478 3088 3539 3144 ϐ.

286 3174 332 3227 bi
359 3190 420 3242 ep
442 3176 572 3230 stola
605 3174 970 3244 conscriptum
1010 3188 1125 3229 est:
1164 3173 1177 3211 ί
1216 3176 1275 3230 Si
1305 3176 1540 3243 inﬁrmus
1583 3178 1767 3247 aliquis
1805 3178 1857 3231 in

352 3340 373 3365 ι
406 3332 600 3395 Οιιιιειι.
627 3348 749 3387 cuin
781 3344 911 3385 mss.
940 3331 1087 3399 llisp.
1116 3341 1168 3386 et
1201 3333 1349 3396 lsiil.,
1387 3342 1442 3386 ut
1472 3343 1521 3385 et
1549 3332 1845 3401 presbyteri.

288 3400 506 3465 Thnan.,
543 3415 593 3455 nt
620 3402 848 3472 precibus
876 3417 1068 3456 eorum.
1101 3402 1255 3456 Vind.
1288 3418 1407 3456 cum
1440 3402 1601 3467 Pith.,
1646 3400 1849 3471 εἴργε-

287 3472 415 3524 ribus
458 3490 674 3531 eorum;
705 3482 757 3524 at
784 3473 1015 3525 secunda
1050 3486 1207 3525 manu
1246 3484 1300 3525 nt
1330 3472 1385 3526 in
1416 3482 1597 3527 textu:
1629 3487 1748 3539 quas
1777 3474 1852 3529 le—

287 3544 382 3594 ctio
415 3550 681 3611 pttliOrttltl
712 3555 841 3613 mss.
872 3550 975 3595 est.
1011 3542 1287 3597 Malleolus
1316 3559 1428 3596 runt
1469 3553 1516 3596 et
1536 3545 1851 3613 presbyteri;

291 3614 361 3666 vel
401 3616 737 3667 scribendum
770 3612 974 3666 litabant.
1002 3613 1344 3667 innocentius
1390 3612 1541 3668 enim
1570 3631 1663 3680 per
1694 3629 1851 3681 paro-

270 3685 422 3734 chios
453 3685 662 3737 ruralvs
690 3694 1020 3737 sacramenta
1074 3682 1214 3736 haud
1241 3684 1495 3738 mittenda
1530 3698 1649 3740 esse
1699 3682 1849 3737 affir-

292 3763 406 3814 mat,
428 3759 546 3819 quia
573 3756 728 3821 longe
753 3753 1009 3821 portanda
1037 3768 1140 3805 non
1157 3764 1299 3818 sunt,
1333 3756 1469 3809 sicut
1496 3770 1556 3808 ea
1588 3769 1687 3808 nec
1709 3769 1852 3821 pres-

292 3823 471 3893 byteris
513 3825 949 3879 cmueteriornm
992 3823 1261 3889 destinat,
1313 3825 1520 3893 hacque
1567 3824 1633 3878 de
1689 3838 1849 3879 causa

292 3837 319 3873 it
353 3837 471 3878 teris
513 3837 949 3879 cmnetertornm
992 3837 1261 3889 destinat,
1313 3837 1520 3893 hacque
1567 3837 1633 3878 oe
1689 3838 1849 3879 causa

291 3837 529 3965 JUSlllOdl
566 3894 896 3965 presbyteris
922 3906 1377 3949 sacramentorum
1398 3893 1849 3950 conficiendornm

289 3962 362 4032 jus
380 3976 429 4017 et
455 3965 468 4017 l
490 3962 667 4020 centta
691 3962 791 4019 est.

349 4032 374 4072 δ
394 4036 711 4099 Ωυοεηειιιιιε
734 4034 820 4087 hic
845 4032 1069 4087 inseruit
1107 4033 1335 4101 quwsivit
1363 4034 1563 4087 dilectio
1594 4043 1705 4104 tuo,
1732 4049 1849 4102 quas

286 4117 397 4157 cum
427 4120 555 4159 mss.
588 4106 637 4157 al
662 4106 825 4173 isque
862 4104 1086 4172 vulgatis
1139 4104 1357 4157 inferius
1392 4107 1693 4171 rejecitnus.
1727 4105 1848 4160 Ilo:

284 4173 411 4242 idem
435 4178 635 4242 Quem.
661 4172 781 4227 cum
807 4172 985 4238 Diom,
1016 4184 1105 4226 aut
1132 4174 1283 4227 vitio:
1305 4175 1597 4229 deferimus
1618 4186 1847 4229 autcum

286 4241 642 4302 Viniln’t'arh.
683 4246 906 4313 aliisque
952 4242 1331 4298 sinceriortbus
1360 4246 1755 4314 exemplaribus
1796 4255 1851 4302 et

280 4315 618 4369 cautionibus.

346 4396 370 4422 ε
394 4400 618 4449 i_ue.~tt.,
650 4383 962 4454 consignari,
991 4383 1150 4453 quod,
1204 4384 1304 4437 nisi
1340 4386 1609 4452 episcopus
1655 4402 1846 4454 prtere-

276 4456 419 4522 μετὰ,
448 4472 549 4509 non
578 4458 718 4509 licet.
752 4453 902 4507 ltoin.
926 4456 1057 4509 edit.
1097 4468 1217 4508 cum
1254 4457 1395 4523 vnlg.
1422 4453 1847 4513 Concil..consi-

273 4527 438 4593 gnari,
467 4526 601 4591 quod
628 4526 724 4577 hoc
752 4525 849 4576 nisi
873 4525 1123 4592 episcom’s
1152 4526 1427 4593 prwcipere
1464 4542 1567 4579 non
1609 4525 1745 4584 licet.
1780 4528 1847 4581 At

274 4596 525 4664 designari
553 4597 751 4648 habent
777 4596 940 4648 nostri
969 4596 1123 4649 codd.
1147 4594 1300 4649 Vind.
1326 4604 1379 4649 et
1403 4595 1586 4661 Barb.,
1615 4611 1710 4652 nec
1736 4612 1843 4651 non

270 4664 427 4719 Corb.
460 4675 511 4720 et
538 4666 779 4719 Colbert.
812 4679 873 4719 ac
901 4666 1081 4720 caeteri
1120 4666 1276 4735 hujus
1304 4666 1667 4735 collectionis,
1708 4681 1843 4732 quos

271 4736 611 4790 CMIbianlitls
633 4736 834 4789 laudat.
866 4736 935 4791 Ita
970 4745 1026 4791 et
1048 4734 1237 4804 legisSe
1269 4734 1480 4791 videtur
1502 4734 1839 4806 Dionysius,

268 4806 423 4868 cujus
453 4806 754 4874 exet-iphnn
796 4806 1015 4875 Regium
1036 4847 1051 4871 ,
1104 4813 1238 4875 teste
1268 4805 1455 4862 eodem
1486 4804 1833 4873 Constantio,

270 4878 483 4955 prmtcrt
509 4877 781 4957 assignari.
813 4874 939 4957 Dein
962 4877 1105 4957 quod
1126 4874 1220 4956 hoc
1256 4876 1357 4929 nisi
1393 4877 1684 4957 episcopum
1711 4892 1842 4944 prte-

268 4948 434 5017 cipere
461 4963 559 4999 non
588 4945 721 5017 licet,
745 4961 815 5017 ex
846 4945 998 4999 Vind.
1031 4946 1349 5014 recepimus,
1376 4945 1841 5017 iconlirmaturque

266 5016 457 5071 eodem
490 5015 847 5088 vetustissimo
870 5017 1156 5088 exemplari
1189 5017 1351 5085 itegio
1374 5016 1712 5088 Dionysiano.
1740 5015 1839 5071 Ac-

262 5090 414 5141 cedit
442 5088 561 5142 cod.
586 5086 769 5147 Bari»,
803 5088 891 5149 qui
918 5087 1089 5139 solum
1122 5093 1377 5140 mendose
1405 5086 1624 5153 pronisi
1645 5089 1838 5153 episco-

264 5170 396 5223 prm
438 5157 591 5209 habet
616 5157 714 5225 ipsi
740 5156 1001 5224 ejiscopo.
1049 5167 1230 5209 contra
1263 5156 1552 5210 lnnncemii
1604 5166 1836 5211 mentem

266 5240 405 5293 sequ
443 5244 473 5278 n
503 5228 615 5280 ibus
646 5228 821 5280 verbis
861 5242 1164 5297 expressain
1196 5226 1295 5278 nisi
1318 5231 1583 5297 ep‘scopns
1611 5228 1837 5297 auctori-

266 5308 423 5349 tatem
448 5299 670 5363 dedrrit;
697 5306 750 5350 et
771 5297 990 5363 episwpi
1015 5308 1083 5348 ρει
1114 5296 1380 5364 imperare.
1418 5296 1497 5351 ex
1520 5297 1724 5364 vulgata
1760 5296 1837 5350 le-

265 5367 444 5437 ctione
468 5368 755 5437 consignari
786 5367 1023 5419 nonnulli
1050 5366 1193 5437 hunc?
1220 5369 1389 5421 locum
1413 5367 1480 5420 de
1502 5373 1839 5421 sacram-nlo

232 5436 235 5441 λ
262 5436 687 5491 conﬁrmationis
717 5437 1147 5503 explicarunt.At
1168 5436 1233 5490 de
1264 5437 1505 5491 fidelibus
1534 5439 1830 5503 baptizatis,

260 5507 357 5577 qui
388 5522 449 5559 ex
480 5508 640 5577 veteri
670 5508 945 5571 disciplina
971 5508 1080 5574 jam
1125 5508 1420 5560 confirmati
1473 5507 1713 5569 filerunt,
1748 5508 1833 5561 hic

260 5575 446 5631 sermo
464 5588 566 5631 est.
599 5575 839 5631 Facultas
861 5588 1035 5631 autem
1075 5581 1404 5632 minIStrath
1431 5590 1827 5632 sacramentum

258 5646 717 5709 wulirmationis,
759 5663 915 5711 quam
942 5648 1063 5703 solis
1109 5650 1369 5718 episcopis
1425 5649 1559 5701 idem
1592 5648 1827 5714 pontifex

1967 3176 2295 3229 consuhbus.

1959 3334 2060 3387 bac
2082 3330 2192 3401 ipsa
2234 3329 2285 3384 in
2311 3329 2537 3399 epistola
2567 3333 2777 3397 asserit,
2803 3331 3131 3403 presbyteris
3158 3341 3249 3385 ant
3278 3332 3538 3399 diaconis.

1961 3407 2214 3471 episcopo
2238 3403 2590 3471 concedente,
2617 3405 2808 3454 tributa
2834 3406 2936 3456 dici
2959 3405 3159 3470 nequit.
3184 3403 3316 3456 llinc
3343 3407 3540 3462 melior

1957 3469 2069 3526 visa
2094 3480 2172 3525 est
2198 3469 2354 3543 lectio
2371 3471 2675 3543 designandi
2692 3472 2936 3526 distincta
2959 3487 2988 3525 a
3013 3469 3147 3525 voce
3174 3477 3532 3543 consignandi,

1955 3559 2056 3610 qua
2084 3548 2207 3593 ante
2228 3542 2287 3594 S.
2325 3542 2555 3607 pontifex
2586 3554 2977 3595 sacramentum
3007 3543 3424 3595 confirmationis
3451 3542 3529 3597 in;

1954 3613 2169 3665 dicavit.
2208 3612 2447 3664 lnnnitur
2477 3619 2652 3662 autem
2682 3626 2742 3665 ea
2773 3627 3021 3681 manuum
3061 3613 3329 3679 impositio
3371 3627 3534 3681 super

1955 3695 2365 3753 energutnenos,
2401 3696 2518 3753 qua:
2552 3683 2600 3732 in
2639 3681 2873 3753 antiquis
2901 3680 3153 3753 Ecclesia}
3177 3683 3365 3735 ritibus
3393 3688 3531 3753 apud

1956 3750 2017 3806 P.
2048 3751 2283 3805 Martene
2324 3750 2592 3819 descripta
2624 3750 2715 3803 lib.
2770 3750 2845 3813 in,
2897 3767 2945 3807 c.
2973 3751 3029 3816 9,
3061 3751 3312 3818 episcopo
3343 3750 3531 3819 prteci-

1956 3822 2135 3890 piente
2179 3836 2283 3875 non
2316 3821 2488 3874 solum
2520 3835 2548 3891 a
2583 3820 2909 3891 presbyteris
2950 3832 3004 3876 et
3032 3820 3268 3875 diaconi<
3290 3863 3305 3887 ,
3348 3837 3530 3879 verum

1955 3894 2140 3957 etiam,
2168 3901 2224 3946 ut
2266 3906 2391 3945 mox
2432 3890 2677 3957 traditur,
2710 3890 2753 3946 a
2787 3894 2998 3947 caeteris
3031 3891 3243 3946 clericis
3291 3895 3530 3962 praestari

1994 3974 2138 4017 otera
2148 3970 2183 4015 ι.

1955 3976 2245 4087 Ροέθὲῗίιιε
2270 4031 2495 4097 Quosn.,
2521 4032 2663 4100 fsrri.
2694 4030 2823 4085 Dein
2848 4031 3004 4087 Vind.
3030 4046 3155 4096 ms.,
3186 4032 3527 4091 intervenerit.

2028 4112 2051 4141 ⁸
2096 4100 2281 4157 Const.
2309 4116 2428 4155 cum
2480 4103 2687 4156 duobus
2738 4116 2889 4167 mss.,
2935 4104 3329 4169 satisfactionem
3356 4118 3522 4157 suam.

1958 4172 2055 4227 Vel
2080 4174 2124 4227 si
2150 4177 2283 4243 quis.
2314 4172 2445 4243 Dein
2489 4173 2585 4243 aL,
2632 4174 2905 4238 devenerit,
2933 4174 2978 4226 ei
3006 4182 3097 4227 est.
3126 4171 3251 4226 Post
3284 4184 3446 4242 pauca
3471 4175 3525 4229 in

1952 4243 2121 4299 Oxon.
2159 4239 2311 4298 deest
2352 4239 2585 4296 Pascite.

2028 4312 2050 4352 τ
2091 4314 2179 4369 Sic
2210 4312 2388 4382 Vind,
2417 4327 2535 4365 cum
2568 4311 2688 4365 a’iis
2737 4312 3117 4367 sinceriorib-is
3160 4310 3317 4366 codd.
3369 4312 3524 4382 hujus

1951 4382 2283 4439 collectionis
2310 4398 2337 4435 a
2360 4381 2671 4435 (Σουειειιιιὶο
2701 4383 2973 4447 insncctis,
3007 4384 3198 4451 quibus
3235 4381 3528 4437 concinunt

1949 4457 2142 4510 statim
2182 4454 2495 4506 vetustiores
2546 4466 2674 4517 mss.
2713 4451 3075 4515 collect'ones.
3109 4469 3225 4520 quae
3253 4453 3521 4520 antiquam

1950 4526 2251 4579 versionem
2282 4524 2554 4578 exhibent.
2592 4521 2723 4575 Vide
2753 4526 2897 4590 plura
2944 4528 3083 4590 apud
3126 4524 3523 4579 Constantium.

1950 4595 2176 4648 Vindeb.
2219 4595 2270 4646 in
2322 4595 2426 4646 line
2464 4593 2618 4659 hujus
2649 4602 2827 4646 textus
2858 4593 3015 4646 habet
3064 4594 3307 4647 remittat.
3356 4590 3519 4649 Barh.

1947 4680 2067 4718 cum
2087 4666 2205 4716 aliis
2227 4664 2424 4718 omittit
2460 4662 2721 4715 Ecclesia.
2746 4662 3065 4729 Qucsuelius
3085 4662 3365 4718 lectionem
3400 4663 3523 4719 Vul-

1949 4746 2083 4801 gata-
2112 4735 2341 4787 maxime
2370 4735 2582 4787 aftlnem
2618 4738 2845 4801 recepit:
2870 4730 3172 4801 lnﬁrtttatur
3197 4735 3310 4799 quis
3356 4734 3408 4788 in
3437 4752 3523 4789 vo-
3586 4766 3593 4772 -

1948 4805 2059 4859 bis."
2084 4804 2303 4857 lndurat
2333 4804 2646 4874 presbyteros
2678 4801 2938 4874 Ecclesitc,
2966 4814 3011 4856 et
3036 4813 3179 4857 orent
3206 4820 3360 4874 super
3384 4820 3519 4868 eum,

1948 4886 2187 4943 ungentes
2216 4873 2341 4927 eum
2371 4877 2480 4927 oleo
2520 4876 2572 4926 in
2614 4874 2816 4925 nomine
2848 4873 3085 4937 Domini;
3121 4884 3166 4928 et
3208 4873 3373 4927 oratio
3401 4876 3522 4943 βάιὶ

1943 4945 2158 5000 solvnbit
2193 4946 2476 5011 infirmum,
2515 4956 2560 4997 et
2584 4946 2845 4997 suscitabit
2875 4960 2991 4997 eum
3026 4945 3295 5012 Dominus,
3319 4955 3367 4998 et
3397 4948 3439 4999 si
3466 4946 3520 4997 in

1945 5018 2162 5085 pereatis
2191 5018 2272 5076 sit,
2298 5017 2613 5069 dintittentur
2648 5014 2712 5067 ei.

2017 5085 2269 5168 genus!”
2291 5086 2426 5168 quod
2452 5089 2514 5168 ob
2537 5086 2772 5168 episeopo
2798 5086 3177 5168 conflictum...
3204 5081 3515 5168 ungendum.

2014 5152 2042 5189 ¹¹
2071 5156 2159 5210 Sic
2196 5154 2348 5208 Vind.
2386 5166 2436 5207 et
2464 5156 2620 5207 Rarh.
2652 5170 2713 5209 ac
2737 5152 2915 5208 επιειιῖ
2945 5156 3123 5222 plures
3154 5168 3182 5205 a
3204 5152 3517 5206 Constantio

1944 5223 2141 5277 laudati
2164 5238 2283 5276 cum
2316 5226 2468 5278 Dion.
2488 5236 2539 5278 et
2569 5224 2755 5277 Coust.
2780 5223 2959 5277 Codex
2988 5224 3197 5275 Thuan.
3224 5234 3342 5275 cum
3374 5222 3514 5291 vulg.

1941 5294 2168 5357 Concil.,
2206 5293 2279 5346 De
2308 5294 2627 5363 presbyteris.
2646 5296 2846 5359 Quesn.
2890 5292 3227 5363 presbyteros.

2022 5363 2035 5401 ί
2074 5366 2232 5418 Solus
2265 5361 2498 5429 Quesnl,
2551 5379 2757 5433 ungere.
2816 5364 2989 5415 Nostri
3043 5361 3360 5433 eoddtcuttt
3400 5361 3518 5431 ipso

1941 5432 2181 5495 Thuatt.,
2234 5444 2436 5503 tangere
2483 5432 2783 5503 chrismate,
2818 5435 2888 5485 uti
2928 5432 3065 5500 apud
3097 5432 3157 5486 S.
3202 5432 3516 5502 GI'CgoritIttt

1942 5504 2033 5559 lib.
2066 5521 2135 5567 tv,
2161 5519 2246 5568 ep.
2281 5502 2373 5566 ‘26,
2404 5503 2466 5556 ad
2492 5502 2822 5558 Januariutn.

2014 5577 2026 5625 i
2065 5576 2196 5631 Cod.
2230 5574 2461 5641 Thuan.,
2481 5591 2551 5627 ιιι
2580 5573 2683 5629 kal.
2710 5573 2892 5641 Barb.,
2921 5586 3009 5625 λιιι
3032 5570 3136 5628 Ital.
