3888 6182
460 205 559 257 519

815 324 975 397 205
1017 318 1407 377 C\PlTL3LUtl
1451 319 1637 372 XXtV.

457 436 482 462 ει
514 417 744 491 Epistolis
782 415 1070 472 Innocentii
1099 416 1164 465 ad
1203 412 1492 491 Vit-uicinus
1518 411 1804 479 episcopum
1833 407 2028 461 Rat/too

830 498 1145 557 ntagensem:
1189 481 1283 536 sub
1321 480 1490 534 titulis
1542 494 1628 532 xv.

450 579 795 634 lssocsnrius
841 574 869 613 ι’
913 575 1185 627 VtcrutCto
1229 568 1639 638 llothomagensi
1679 568 1929 637 episcopo
1979 579 2024 621 ο.

526 687 636 739 Etsi
670 684 794 749 tibi,
820 684 982 736 frater
1007 680 1351 743 charissime,
1383 693 1479 748 pro
1511 677 1703 732 merito
1745 687 1799 732 et
1826 678 2029 731 honore

453 776 735 831 sacerdotii
759 790 864 843 quo
909 775 1189 842 plurimum
1222 771 1425 841 polles,
1457 769 1669 824 vivendi
1711 778 1766 825 et
1801 768 2030 823 docendi

450 864 475 903 ἀ
502 868 791 919 secundum
822 863 1217 917 ecclesiasticas
1270 861 1479 930 regulas
1507 870 1628 913 neta
1658 870 1781 914 sunt
1814 862 1991 913 omnia
2010 902 2024 923 ,

451 972 621 1026 neque
648 965 729 1009 est
755 955 957 1024 aliquid
988 953 1125 1021 quod
1160 954 1226 1007 de
1253 953 1421 1005 sat-ris
1449 951 1771 1006 lectionibus
1802 950 1893 1004 tibi
1932 951 2032 1003 mi-

451 1060 548 1100 nus
591 1049 871 1100 collectum
918 1060 1044 1097 esse
1087 1044 1359 1107 videatur;
1410 1050 1585 1094 tamen
1623 1041 1743 1110 quia
1776 1040 2029 1095 Romanae

452 1136 699 1190 Ecclesia:
742 1151 982 1188 normam
1026 1146 1231 1202 eatque
1283 1133 1655 1187 auctoritatem
1703 1147 2029 1201 magquere

456 1227 759 1294 postulasti,
776 1226 1032 1279 voluntati
1059 1237 1161 1278 tum
1182 1224 1467 1277 admodum
1492 1238 1693 1278 morem
1717 1238 1931 1292 gerens.
1954 1222 2030 1277 di-

450 1326 627 1388 gestas
652 1320 773 1371 vita:
796 1325 849 1370 et
868 1332 1073 1370 morum
1095 1315 1445 1383 probabilium
1463 1313 1773 1383 disciplinas
1788 1328 2026 1367 annexas

452 1409 643 1461 litteris
671 1407 804 1460 meis
832 1406 986 1471 misi,
1038 1421 1130 1473 per
1171 1419 1303 1473 quas
1348 1405 1627 1458 advertant
1665 1404 2025 1459 Ecclesiarum

452 1494 683 1564 regionis
714 1504 902 1549 vestrze
932 1496 1109 1563 pepuli
1131 1491 1147 1530 ί
1166 1495 1356 1562 quibus
1379 1492 1537 1547 rebus
1567 1501 1623 1546 et
1654 1494 1849 1563 regulis
1870 1493 2026 1547 Chr.-

449 1588 746 1641 stianorum
778 1587 882 1641 vita
912 1588 964 1641 in
990 1602 1083 1639 sua
1126 1586 1383 1655 cujusque
1435 1584 1769 1655 professione
1823 1585 2022 1640 debeat

1372 204 1707 260 ΑΡΡΕΝΜΧ
1747 202 1837 257 AD
1877 200 1931 253 S.
1978 200 2220 255 LEOle
2260 201 2466 255 ΜᾹΟΝΙ
2510 199 2757 256 Ol’LiiA.

3559 214 3651 273 520

2044 325 2089 378 Α
2121 317 2293 370 stolus
2332 316 2583 385 praedicat
2613 315 2838 377 Paulus,
2875 312 3031 384 205
3067 313 3219 369 talem
3260 314 3655 381 Ecclesianibeo

2131 407 2508 471 exhibendam,
2525 424 2625 461 non
2648 406 2909 459 habentem
2932 406 3181 457 maculam
3193 410 3648 479 autrugamtEplies.

2131 516 2185 563 ν,
2216 501 2337 561 27):
2380 515 2446 553 ne
2474 499 2699 567 alicujus
2728 496 2982 550 morbidus
3012 497 3128 549 ovis
3162 495 3335 551 alllatu
3367 501 3651 561 conscientia

2131 602 2313 646 nostra
2361 591 2720 644 contaminata
2771 589 3018 641 violetur.
3050 586 3266 654 Protiter
3300 604 3388 642 eos
3417 590 3553 658 igitur
3576 597 3649 663 qui

2131 682 2213 737 vel
2253 682 2550 749 ignorantia
2582 678 2662 734 vel
2695 678 2902 733 de~idia
2948 672 2985 730 η’
3023 694 3052 729 n
3083 679 3659 746 tenenticclesiasticam;

2129 770 2495 839 disciplinain,
2536 779 2589 822 et
2616 768 2779 822 multa
2823 783 2927 821 non
2956 765 3318 831 priesumenda
3347 783 3651 837 prtesumttttt,

2132 871 2278 917 recte
2310 860 2587 930 postulasti
2631 868 2688 912 ut
2720 860 2772 913 in
2807 858 2911 912 illis
2940 857 3181 926 partibus
3220 857 3498 914 istiusmodi
3522 876 3655 930 quam

2133 961 2281 1008 tenet
2308 952 2543 1007 Ecclesia
2569 951 2803 1003 Ruinana
2829 951 2992 1004 forma
3022 958 3293 1013 servetur;
3315 963 3413 1003 non
3430 967 3526 1020 quo
3545 968 3658 1007 nova

2132 1053 2396 1113 praecepta
2445 1043 2621 1112 aliqua
2665 1043 3023 1109 imperentur;
3064 1040 3158 1095 sed
3186 1057 3245 1094 ea
3273 1056 3386 1109 qua:
3415 1058 3498 1111 per
3539 1045 3658 1099 desi-

2129 1136 2273 1190 diam
2301 1135 2599 1203 aliquorutn
2626 1134 2863 1202 neglecta
2892 1141 3036 1197 sunt,
3063 1130 3129 1185 ab
3156 1130 3396 1185 omnibus
3421 1131 3662 1188 observari

2129 1227 2441 1295 cupiamus:
2468 1242 2585 1295 qua:
2618 1236 2792 1279 tamen
2819 1223 3109 1292 apostolica
3136 1230 3191 1277 et
3222 1222 3429 1277 Patrum
3455 1224 3663 1283 traditio-

2129 1336 2199 1375 ne
2221 1327 2346 1373 sunt
2372 1317 2682 1373 constituta.
2717 1316 2984 1385 Scriptum
3018 1329 3248 1383 namque
3276 1325 3355 1368 est
3374 1315 3436 1369 ad
3465 1315 3664 1372 Thessa-

2132 1408 2453 1472 lonicenses,
2499 1404 2513 1443 ί
2544 1405 2709 1460 Paulo
2731 1418 3011 1460 monente:
3046 1405 3193 1459 State
3214 1414 3258 1457 et
3287 1413 3438 1459 tenete
3462 1406 3666 1459 traditio-

2130 1516 2216 1551 nes
2249 1506 2472 1565 nostras,
2502 1512 2628 1567 quas
2670 1494 2859 1549 tradidi
2900 1496 3035 1550 vobis
3061 1496 3165 1548 sive
3211 1513 3297 1563 per
3327 1497 3547 1565 uerbum,
3584 1497 3669 1552 sire

2131 1606 2221 1658 per
2241 1588 2507 1654 epistolam
2536 1586 2602 1653 (ll
2632 1586 2804 1642 Tltess.
2838 1602 2895 1651 tt,
2931 1586 3039 1655 14).
3070 1586 3201 1641 lllud
3231 1597 3369 1641 tuam
3391 1597 3526 1643 certe
3549 1603 3669 1643 nien-

449 1679 735 1744 contineri,
792 1678 1072 1747 qualisque
1093 1686 1341 1731 servetur
1373 1678 1425 1729 in
1456 1675 1603 1729 urbis
1642 1674 1828 1730 Romae
1857 1676 2029 1731 eccle-
2060 1679 2107 1738 Β
2135 1687 2240 1734 tem
2272 1679 2432 1734 debet
2460 1679 2474 1728 i
2511 1677 2875 1734 vehementius
2903 1677 3171 1745 excitare,
3207 1688 3267 1732 ut
3292 1676 3358 1730 ab
3390 1678 3527 1732 omni
3572 1678 3671 1734 labe

450 1770 544 1825 siis
573 1780 597 1819 ε
632 1770 934 1839 disciplina.
968 1767 1086 1822 Exit
1111 1767 1534 1821 dilcctionistuse
1565 1780 1658 1835 per
1695 1765 1878 1836 plebes
1900 1767 2024 1820 lini-

453 1865 611 1915 timas
632 1872 686 1915 et
714 1859 1127 1917 consacerdotes
1158 1868 1368 1912 nostros
1383 1858 1474 1927 qui
1498 1857 1557 1911 in
1588 1857 1695 1912 illis
1717 1856 2025 1926 regionibus

455 1950 685 2020 prepriis
717 1949 970 2004 Ecclesiis
997 1947 1307 2017 praesident,
1332 1947 1633 2015 regularum
1664 1944 1804 2000 hunc
1829 1944 2023 2001 librum

450 2042 598 2106 quasi
622 2039 1001 2093 didascalicum
1031 2048 1190 2106 atque
1220 2036 1539 2091 monitorem
1571 2035 1759 2090 sedulo
1789 2036 2026 2091 insinua-

378 2144 381 2149 ·
452 2146 533 2197 re,
550 2138 606 2185 nt
627 2141 905 2185 etnostros
926 2142 1269 2200 cognoscere,
1294 2134 1348 2183 et
1368 2128 1432 2180 ad
1461 2127 1617 2181 fidem
1642 2124 2022 2182 conﬂuentium

451 2235 631 2277 mores
660 2221 872 2274 valeant
899 2219 1127 2275 docendi
1159 2218 1443 2273 sedulitate
1473 2217 1724 2272 formare.
1756 2218 1862 2271 Aut
1881 2215 2023 2271 enim

449 2312 779 2380 propositum
807 2324 960 2364 suum
990 2323 1056 2364 ex
1082 2308 1181 2363 bac
1228 2316 1409 2363 nostra
1444 2308 1757 2374 congruenti
1796 2307 2027 2362 lectione

448 2408 793 2472 cognoscent,
822 2410 913 2454 aut
940 2401 985 2453 si
1018 2400 1141 2468 quid
1168 2399 1342 2454 adhuc
1370 2398 1725 2464 desideratur,
1756 2397 1910 2453 facile
1933 2414 2028 2468 po-

454 2501 633 2549 terunt
662 2508 724 2546 ex
748 2493 883 2546 bona
908 2491 1205 2545 imitatione
1232 2490 1502 2560 supplere.

518 2584 835 2652 Incipiamus
865 2584 1024 2652 igitur
1064 2582 1350 2652 adjuvante
1373 2579 1402 2618 ιλ
1434 2592 1622 2636 sancto
1662 2582 1904 2652 apostolo
1929 2582 2027 2639 Pe-

447 2683 553 2742 tro,
584 2690 679 2743 per
696 2690 854 2745 quem
878 2684 932 2730 et
960 2675 1291 2745 apostolatus
1316 2683 1371 2729 et
1390 2675 1724 2745 episcopatus
1742 2676 1793 2730 in
1816 2673 2027 2732 Christo

442 2771 606 2837 cmpit
632 2768 943 2823 exordium:
974 2780 1027 2822 ut
1053 2770 1301 2838 quoniam
1321 2768 1497 2837 plures
1527 2783 1670 2837 sazpe
1692 2778 2029 2824 emerserunt

447 2876 642 2925 causa,
675 2877 793 2931 quae
830 2862 883 2917 in
905 2862 1190 2931 aliquantis
1220 2878 1328 2916 non
1374 2872 1528 2917 erant
1573 2878 1768 2929 causae,
1800 2863 1893 2918 sed
1922 2865 2026 2918 cri-

442 2954 607 3015 mina,
629 2961 687 3006 ut
716 2952 782 3006 de
802 2963 999 3008 caetero
1021 2954 1329 3010 sollicitudo
1356 2954 1428 3009 sit
1454 2954 1737 3025 unicuique
1756 2954 2025 3010 sacerdoti

2131 1770 2309 1824 saeculi
2344 1769 2499 1822 istius
2537 1768 2790 1823 immunis
2817 1778 2943 1822 ante
2968 1767 3064 1820 Dei
3105 1777 3450 1835 conspectum
3473 1777 3523 1822 et
3545 1781 3671 1823 secu-

2132 1874 2222 1913 rus
2249 1859 2565 1914 inveniaris:
2588 1858 2674 1914 cui
2700 1858 2841 1913 enim
2873 1861 3095 1912 multum
3119 1857 3383 1923 creditur,
3416 1856 3527 1928 pius
3546 1856 3604 1912 ab
3620 1870 3673 1912 eo

2131 1950 2362 2020 exigitur
2409 1964 2570 2005 usura
2621 1963 2923 2018 poenarum.
2983 1948 3125 2017 Ergo
3178 1949 3424 2018 quoniam
3459 1964 3556 2002 non
3597 1962 3675 2017 pro

2132 2041 2287 2096 nobis
2312 2048 2539 2106 tantum,
2570 2041 2663 2095 sed
2686 2052 2737 2095 et
2762 2056 2861 2111 pro
2881 2039 3077 2110 p0pulo
3093 2039 3303 2095 Christi
3325 2041 3548 2109 cogimur
3569 2055 3679 2108 prte-

2128 2145 2275 2189 starc
2303 2135 2586 2199 rationem,
2611 2130 2635 2170 ¹ι
2668 2130 2950 2202 disciplina
2989 2131 3189 2188 deifica
3222 2133 3467 2201 populum
3497 2129 3680 2186 erudire

2130 2225 2410 2280 debemus.
2445 2221 2463 2262 ι
2503 2224 2840 2278 Exstitcrunt
2866 2223 3008 2277 enim
3065 2221 3316 2276 nonnulli
3358 2220 3475 2290 qui,
3512 2229 3678 2275 statuta

2129 2315 2391 2385 majorum
2414 2329 2523 2371 non
2547 2320 2809 2378 tenentes,
2834 2310 3146 2367 castitatem
3168 2311 3419 2365 Ecclesiae
3441 2326 3525 2365 sua
3549 2310 3682 2381 206

2130 2405 2545 2476 prtesumptionc
2580 2404 2873 2469 violarent,
2910 2401 3089 2473 populi
3130 2399 3301 2457 favori
3323 2417 3373 2455 nt
3410 2410 3680 2471 sequentes,

2129 2507 2185 2554 et
2218 2497 2309 2552 Dei
2334 2496 2599 2566 judicium
2639 2511 2745 2551 non
2785 2495 3054 2551 timentes.
3088 2494 3242 2564 Ergo
3268 2508 3336 2548 ne
3378 2493 3573 2547 silentio
3602 2506 3682 2545 no-

2130 2597 2243 2643 stro
2273 2597 2311 2623 ω
2339 2587 2708 2642 existimemur
2735 2585 2818 2641 his
2846 2585 3089 2656 praebere
3121 2580 3684 2649 consensum,Doniiiio

2129 2680 2372 2733 dicente:
2413 2677 2632 2732 Videbas
2651 2677 2818 2746 furem
2847 2684 2894 2730 et
2917 2675 3168 2732 currebas
3197 2693 3312 2731 cum
3340 2692 3397 2731 co
3425 2673 3534 2745 (Ps.
3564 2688 3684 2737 nix,

2132 2768 2252 2841 18):
2280 2769 2394 2825 haec
2434 2779 2560 2825 sunt
2607 2784 2726 2839 quae
2774 2768 3028 2838 deinceps
3078 2769 3288 2824 intuitu
3341 2767 3497 2823 divini
3529 2762 3683 2837 iudicii

2129 2876 2344 2915 omnem
2375 2860 2697 2915 catholicum
2730 2858 3041 2931 episcopum
3060 2860 3294 2930 expedit
3323 2858 3596 2916 custodite.

2201 2953 2330 3009 Cu.
2374 2954 2414 3008 l.
2458 2984 2531 2996 —
2560 2953 2792 3008 Primum
2825 2961 2884 3010 ut
2911 2962 3063 3009 extra
3092 2952 3482 3008 conscientiam
3511 2961 3686 3005 metro-

442 3047 496 3101 in
520 3061 615 3101 sua
648 3046 884 3102 Ecclesia
913 3062 1096 3102 curam
1139 3047 1445 3115 hujustnodi
1475 3047 1695 3115 habere,
1723 3046 1862 3103 sicut
1888 3061 2023 3118 apo-
2048 3036 2099 3100 C
2132 3047 2351 3119 politani
2380 3047 2616 3118 episcopi
2642 3047 2818 3103 nullus
2840 3046 3035 3103 audeat
3063 3054 3091 3083 ιι
3133 3047 3411 3104 ordinare.
3447 3043 3687 3115 [ntegrum

515 3215 542 3278 ξ
565 3208 749 3262 Exstat
772 3208 825 3263 in
844 3223 973 3263 mss.
1000 3216 1193 3262 nostra;
1217 3205 1641 3278 colTectionisLin
1666 3206 1848 3275 Dion.,
1867 3207 2014 3278 Hisp.

440 3288 496 3331 et
520 3277 668 3346 lsid.,
702 3278 816 3332 Vat.
843 3280 1058 3346 Regina:
1086 3280 1249 3340 1997,
1281 3277 1542 3344 Colbert.,
1574 3277 1823 3343 Lucensi,
1860 3277 2015 3333 Barb.

342 3414 347 3417 ν
441 3348 613 3417 2888,
638 3345 799 3402 Corb.
827 3358 881 3402 et
912 3348 1235 3403 Fossatensi.

514 3415 541 3455 δ
567 3417 700 3472 Cod.
725 3418 880 3471 Baib.
899 3434 1018 3473 cum
1041 3417 1375 3487 aliquotaliis
1399 3433 1553 3482 mss.,
1577 3417 1873 3472 Victoricio.
1898 3418 2018 3473 Vat.

442 3484 659 3551 Reginae
688 3498 741 3543 et
765 3487 988 3555 Lucem,
1026 3484 1276 3542 Victoria.
1300 3488 1402 3542 Alii
1431 3491 1644 3557 quidam
1671 3488 1858 3554 codd.,
1922 3487 2018 3543 Vi-

441 3558 647 3611 ctoricn.

515 3638 538 3665 ο
569 3628 774 3693 Quesn.
804 3627 951 3683 addit
977 3628 1210 3682 salutem.
1244 3627 1432 3682 Delent
1462 3629 1628 3681 nostri
1654 3628 1813 3683 codd.

511 3693 537 3732 ἀ
570 3699 642 3750 lta
673 3698 830 3752 codd.
864 3698 1018 3765 hujus
1038 3699 1368 3752 collectionis
1394 3715 1513 3753 cttm
1541 3699 1752 3753 Fossat.
1779 3711 1831 3753 et
1863 3699 2013 3755 Dion.

444 3766 728 3832 Exemplar
754 3783 879 3821 vero
918 3768 1261 3821 Barberiuum
1292 3784 1413 3823 cum
1456 3770 1573 3822 aliis
1607 3769 1790 3837 viginti
1825 3779 1880 3824 et
1905 3786 2018 3822 am-

445 3837 583 3905 plius
616 3836 844 3907 laudatis
868 3853 896 3891 a
928 3838 1256 3899 Constantio,
1295 3840 1648 3893 ecclesiasticae
1670 3836 1867 3907 regqu
1897 3852 2017 3892 nota

440 3916 557 3958 sunt
585 3906 773 3960 omnia.
807 3908 861 3960 In
895 3907 1119 3961 Vindeb.
1149 3910 1383 3961 secunda
1416 3923 1572 3961 manu
1606 3906 1778 3963 deleta
1806 3916 2015 3963 latltttnt

440 3975 540 4046 fuit
567 3978 873 4046 praepositio
915 3979 1215 4030 secundum.
1249 3978 1380 4032 Cod.
1429 3978 1545 4032 Vat.
1580 3978 1732 4045 Reg.,
1781 3981 2018 4033 ecclesia-

441 4045 564 4099 stire
592 4045 710 4099 nota
734 4058 805 4101 est
834 4050 884 4099 in
917 4058 963 4117 te
980 4046 1178 4117 regula,
1211 4063 1369 4117 neque
1396 4048 1480 4102 sit.
1503 4049 1643 4113 Mox,
1674 4048 1762 4102 tibi
1791 4050 2017 4103 tideatur

444 4064 564 4099 mre
592 4064 710 4099 nata
734 4064 805 4101 est
834 4064 884 4099 ιη
917 4064 963 4099 te
980 4064 1178 4168 reﬁuta,
1211 4064 1367 4117 neque
1396 4064 1480 4102 su.

444 4119 673 4185 ignotum
700 4118 750 4168 in
780 4132 910 4170 mss.
936 4116 1035 4169 Bai
1082 4154 1096 4168 .
1126 4126 1174 4172 et
1210 4116 1325 4169 Vat.
1360 4116 1493 4185 Reg.

517 4194 541 4222 ο
573 4187 911 4240 l’crvetostus
956 4185 1126 4239 codex
1171 4185 1328 4239 Barb.
1376 4203 1437 4240 ac
1467 4203 1529 4240 cx
1562 4201 1628 4241 co
1658 4186 1928 4243 Sirmond.
1961 4201 2016 4245 et

441 4254 634 4319 Labb,
659 4255 727 4307 ad
756 4256 1141 4310 auctoritatem:
1163 4272 1280 4326 qua:
1302 4257 1461 4312 lectio
1480 4257 1735 4312 Romana:
1766 4260 2015 4314 Ecclesia:

433 4341 686 4447 moramur
714 4326 780 4379 ad
820 4326 1172 4379 auctoritatem
1210 4329 1489 4398 quaesitam
1530 4339 1585 4382 et
1621 4328 1910 4384 adhibitam
1942 4333 2015 4384 si-

441 4411 528 4447 am
571 4402 675 4447 cat.

459 4395 675 4448 tnilicat.

459 4413 675 4448 'lllllCal.

441 4413 471 4538 l‘,
518 4462 535 4501 ί
568 4462 794 4538 Vindeb.
820 4462 986 4532 prima
1020 4481 1177 4538 manu
1204 4482 1321 4522 cum
1354 4468 1515 4523 Corb.
1546 4478 1596 4520 et
1638 4466 1868 4523 Fossat..
1902 4472 2013 4538 qni-

439 4534 532 4604 bus
559 4546 606 4588 et
629 4536 849 4604 regulis;
877 4545 930 4587 at
950 4537 1178 4591 secunda
1205 4554 1360 4592 manu
1385 4538 1434 4592 in
1462 4539 1552 4593 illo
1581 4538 1819 4593 additum
1844 4534 2011 4594 rebus.

444 4603 1020 4677 Untts_C0lbfrt.A0od.,
1051 4606 1230 4674 quibus
1266 4609 1475 4677 regulis.

512 4681 537 4718 Β
567 4674 702 4747 Cod.
744 4674 934 4747 Barb.,
974 4680 1100 4729 ordo
1136 4674 1375 4730 servitur.
1408 4678 1460 4731 In
1511 4677 1629 4729 Vat.
1669 4677 1801 4747 Reg.
1849 4680 2015 4743 prima

344 4730 355 4741 ’
437 4756 600 4795 manu
626 4743 781 4811 idem
826 4730 1043 4811 legitur;
1100 4756 1151 4798 at
1207 4730 2012 4804 secundaservéturvileletuni:

442 4811 558 4864 Mos
604 4810 825 4887 Quesn.,
866 4810 977 4865 Erit
1024 4831 1140 4883 ergo
1185 4813 1492 4887 dilectionis.
1546 4818 1852 4872 Dclevimus
1898 4835 2016 4887 ergo

433 4884 756 4961 auctoritate
804 4896 1106 4938 nostrorum
1145 4886 1391 4940 codicum
1438 4896 1492 4941 et
1540 4898 1853 4943 camerarum
1904 4884 2015 4944 edi.

441 4965 667 5005 tsonuni.

509 5018 813 5102 lfAntiquae
831 5021 1117 5102 _editioues
1163 5023 1365 5081 Coneil.
1412 5041 1533 5082 enin
1585 5042 1718 5084 mss.
1759 5028 1911 5102 Hisp.
1962 5038 2018 5085 et

435 5090 562 5147 lsid.
589 5090 805 5147 addunt
822 5090 950 5159 Deo,
989 5100 1056 5146 et.

516 5160 531 5200 ί
565 5164 765 5232 Quesn.
798 5163 946 5216 addit
971 5164 1186 5230 epistola
1213 5169 1435 5221 secunda
1468 5183 1486 5220 .'
1518 5167 1702 5225 delent
1732 5170 1897 5225 nostri
1926 5184 2018 5226 co-

432 5231 611 5297 dices,
658 5236 727 5285 nti
774 5240 935 5289 etiam
982 5234 1168 5301 Diom,
1218 5237 1384 5291 Labb.
1437 5248 1490 5292 et
1537 5239 1721 5295 Coust.
1772 5241 1831 5295 ln
1881 5254 2010 5296 mss.

434 5302 614 5368 Culb.,
643 5301 848 5356 Fossat.
875 5312 927 5358 et
955 5305 1139 5370 Corb.,
1170 5309 1239 5358 ad
1261 5306 1580 5361 Timotheum
1611 5326 1630 5364 :
1652 5311 1745 5365 sed
1772 5313 1822 5363 in
1851 5310 2012 5364 Corb.

434 5374 870 5451 secundisncur‘i‘s
912 5378 1250 5451 emendatum
1296 5379 1364 5431 ad
1410 5377 1909 5451 Thessalonicensem
1953 5381 2011 5435 lu

432 5442 625 5520 priscis
649 5442 1014 5520 edit..Coneil.
1030 5460 1162 5520 cum
1188 5462 1322 5520 mss.
1342 5449 1721 5520 collectionutn
1755 5451 2004 5520 Hadrian.

429 5508 663 5580 ctllisp.
698 5512 886 5579 legitur
925 5514 992 5565 ad
1030 5513 1499 5571 Thessalonicenses
1545 5518 1607 5572 II
1650 5530 1695 5574 et
1735 5524 1801 5572 ad
1842 5518 2011 5574 Timo-

434 5585 624 5635 theum.
660 5580 817 5635 Barb.
838 5623 851 5648 ,
882 5583 1124 5652 Apostolo
1153 5596 1399 5641 monente.
1442 5586 1557 5642 Vat.
1595 5589 1747 5661 383.,
1777 5591 2011 5661 apostolo

2128 3206 2301 3261 Paulo
2347 3216 2595 3263 monente.
2636 3205 2752 3260 Mox
2786 3203 2944 3258 Vind.
2991 3204 3147 3261 delet
3188 3220 3352 3262 voces
3378 3220 3500 3276 quas
3526 3204 3689 3260 tradidi

2126 3279 2285 3331 vobis.

2199 3348 2213 3399 i
2255 3347 2365 3403 Vox
2397 3346 2760 3411 vehementius,
2791 3361 2820 3399 a
2850 3344 3150 3410 Quesnello
3177 3348 3400 3411 omissa,
3426 3362 3493 3404 ex
3516 3345 3689 3402 neatris

2122 3418 2399 3474 codicibus
2439 3430 2495 3474 et
2538 3417 2763 3485 vulgatis
2802 3418 3125 3470 restituitur.
3178 3419 3304 3472 Mox
3336 3418 3488 3475 Baib.
3520 3416 3691 3471 imiittit

2122 3490 2394 3554 immunis;
2423 3499 2476 3544 et
2504 3503 2625 3542 cum
2657 3487 2866 3540 cmteris
2890 3486 3122 3555 vulgatis
3157 3489 3307 3543 delet
3337 3501 3384 3541 et
3422 3498 3540 3543 ante
3558 3503 3689 3541 secu-

2122 3576 2231 3612 rus.
2287 3560 2415 3613 Dein
2465 3572 2623 3613 voces
2672 3572 2831 3628 usum
2879 3573 3151 3628 poenarum
3200 3562 3255 3612 in
3308 3558 3542 3626 pluribus
3577 3570 3691 3612 mss.

2125 3634 2513 3697 praetermisas
2538 3670 2552 3692 ,
2597 3626 2753 3693 hujus
2782 3639 2831 3679 et
2862 3626 3083 3697 aliarum
3136 3630 3504 3695 antiquiorum
3549 3630 3692 3682 colle-

2121 3688 2354 3770 ctionum
2386 3688 2993 3770 estltti’plariaretinent.
3019 3688 3223 3754 Postea
3256 3688 3356 3770 pro
3376 3699 3570 3754 Christi
3594 3697 3692 3753 edi-

2118 3769 2195 3821 tio
2228 3769 2378 3823 liom.
2415 3769 2578 3824 habet
2600 3767 2811 3820 credito.

2196 3838 2220 3876 κ
2251 3842 2323 3894 Ita
2368 3840 2525 3895 codd.
2565 3838 2779 3891 Thnan.
2819 3845 2871 3889 et
2912 3835 3071 3891 Vind.
3126 3839 3302 3908 hujus
3353 3838 3689 3900 collectionis.

2122 3926 2240 3964 cum
2271 3910 2504 3979 Dionysii
2534 3908 2778 3979 exemplo
2801 3908 2964 3979 Regio
2992 3918 3045 3960 et
3065 3911 3212 3963 edit.
3251 3911 3515 3965 ltomans.
3538 3908 3691 3963 Codd.

2124 3982 2241 4034 Vat.
2277 3977 2491 4049 Reginae
2519 3990 2573 4034 et
2604 3978 2644 4031 Β
2663 3979 2784 4049 .rb..
2823 3977 3094 4047 disciplina
3146 3980 3445 4035 Dontimca.
3474 3980 3621 4033 Corb.
3649 3985 3696 4032 et

2122 4052 2331 4106 Fossat.
2361 4046 2516 4114 inss.,
2540 4063 2674 4116 quos
2697 4046 3040 4101 Constantius
3076 4061 3310 4105 senatus
3342 4062 3455 4113 est,
3486 4049 3695 4117 discipli-

2120 4138 2236 4174 nam
2267 4119 2502 4186 deiﬁcum
2522 4136 2540 4184 ;
2562 4115 2676 4171 duo
2707 4117 2887 4179 Colb.,
2916 4117 3254 4187 disciplinam
3284 4115 3622 4175 Domintcam.
3647 4115 3695 4170 lu

2121 4205 2248 4247 mss.
2291 4190 2501 4244 collect.
2546 4189 2892 4259 liadrianeae,
2930 4189 3219 4259 disciplina
3262 4192 3565 4259 sancti-ﬁcu,
3594 4187 3694 4259 vel,

2119 4276 2237 4314 eum
2268 4260 2511 4321 Justello,
2543 4256 2881 4330 sanctificata.
2908 4256 3077 4315 Codd.
3106 4261 3268 4330 llisp.
3301 4272 3358 4316 et
3389 4256 3537 4327 lsid.,
3563 4258 3696 4313 disci-

2120 4332 2261 4399 plina
2309 4331 2647 4399 sanctiﬁcare.
2701 4328 2833 4382 llinc
2889 4330 3045 4382 lectio
3096 4328 3232 4386 cOI.
3287 4332 3506 4397 030m,
3558 4344 3700 4397 qtism

2120 4398 2439 4469 Quesnellns
2463 4398 2723 4467 arripuit,
2753 4399 2853 4469 etsi
2888 4414 2914 4449 a
2948 4399 3137 4469 codice
3176 4401 3485 4455 Isidoriano
3513 4398 3698 4456 Merliui

2050 4500 2097 4560 Β
2122 4467 2527 4560 ςὀηηδιῖεὶιθιίιὶινξ
2553 4470 2777 4560 sincera.
2801 4467 3377 4560 haberihueqnit.”l§st
3417 4482 3590 4526 autem
3617 4471 3702 4560 huc

2117 4540 2349 4609 jnsmodi
2380 4558 2395 4595 :
2424 4541 2617 4594 idcirco
2649 4540 2923 4609 disciplina
2965 4539 3061 4592 Dei
3092 4539 3438 4611 sanctiﬁcare
3475 4540 3702 4612 pupulum

2120 4620 2166 4664 et
2194 4612 2413 4664 erudire.

2196 4679 2213 4718 ι
2258 4681 2347 4751 Sic
2375 4680 2496 4736 cod.
2533 4678 2690 4751 Vind.
2727 4693 2848 4751 cum
2885 4679 3037 4732 Dion.
3070 4690 3123 4733 ct
3157 4682 3569 4751 antiquioribus
3589 4692 3705 4751 mss.

2122 4751 2258 4819 apud
2304 4750 2700 4805 Constantium.
2752 4749 2953 4816 Quesn.
3004 4765 3127 4804 cum
3180 4749 3371 4807 Oxon.
3425 4762 3482 4808 ct
3530 4750 3706 4806 nostris

2123 4820 2279 4876 lsarb.
2307 4828 2363 4875 et
2401 4820 2519 4874 Vat.
2553 4819 2808 4892 Reginae,
2831 4835 3061 4892 necnon
3093 4836 3224 4876 cum
3274 4824 3545 4892 exemplis
3574 4822 3704 4885 Hisp.

2121 4910 2164 4945 es
2222 4893 2373 4952 lsid..
2408 4902 2461 4943 et
2501 4891 2730 4957 antiquis
2768 4890 2978 4944 Concil.
3026 4892 3381 4949 coitionibus
3414 4890 3709 4960 {Quosdam

2122 4973 2288 5016 «uitem
2319 4960 2502 5035 asseris
2523 4961 2773 5035 exstitisse
2792 5001 2805 5022 ,
2837 4960 2922 5035 qui
2953 4970 3187 5035 statuta.
3208 4963 3344 5019 Mox
3375 4965 3578 5035 Quesn.
3602 4973 3710 5016 cum

2120 5037 2308 5087 eodem
2334 5032 2540 5095 Oxum,
2570 5029 2794 5093 violant;
2822 5032 2972 5090 alios,
3004 5032 3274 5088 violarint.

2192 5112 2230 5139 ω
2279 5104 2507 5165 ansn.,
2550 5102 2840 5159 videamur;
2870 5113 2921 5154 et
2960 5102 3083 5154 dein
3114 5101 3355 5158 Domino
3396 5105 3596 5159 dicente
3636 5112 3713 5169 pet

2122 5171 2437 5239 ‘Proplntam
2462 5186 2481 5224 :
2512 5169 2754 5225 Videbas.
2788 5170 3118 5226 Sinceriores
3146 5185 3364 5228 nostra:
3390 5170 3711 5230 collectionis

2122 5244 2281 5314 codd.
2330 5241 2681 5314 prastnlimus.
2720 5240 2846 5314 Mss.
2898 5241 3018 5314 Vat.
3058 5243 3224 5314 εἶρε..
3259 5244 3465 5313 ωτυ..
3496 5245 3714 5314 Hispal

2119 5311 2244 5365 lsid.
2263 5309 2554 5381 ivdcegper
2587 5309 2902 5381 Prophetam
2928 5313 3183 5371 retinent.

2192 5326 2244 5364 tl.
2278 5326 2371 5365 νος
2503 5328 2554 5363 er
2587 5326 2902 5381 t’roptmam
2928 5326 3183 5371 l‘Cliiicnl.

2186 5391 2216 5419 νη
2261 5326 2668 5448 Idi-imum”
2701 5395 2822 5453 cum
2852 5394 2982 5437 mss.
3028 5386 3245 5447 Uxon.,
3294 5383 3453 5453 lﬁsp.
3480 5394 3542 5441 et
3577 5381 3714 5445 Isiil.,

2119 5464 2239 5521 potst
2266 5452 2539 5527 ordinare,
2564 5467 2626 5505 ac
2656 5451 2779 5527 dein
2822 5460 2940 5518 post
2979 5464 3304 5527 pra'smnat,
3348 5451 3503 5511 addit
3545 5456 3717 5527 episco-

2120 5520 2239 5589 pum
2271 5537 2287 5575 :
2317 5520 2497 5578 delent
2531 5522 2696 5577 nostri
2719 5531 2773 5576 ct
2797 5529 3112 5577 exterarum
3148 5520 3718 5582 collectionum'codi-

2121 5607 2244 5659 ees;
2294 5608 2357 5649 ex
2402 5592 2596 5676 cpt/ibus
2643 5606 2766 5647 mox
2812 5592 2945 5646 enim
2994 5593 3360 5651 inscruimns.
3409 5596 3538 5654 l'ost
3566 5605 3720 5669 pauca
