3960 6188
474 296 578 351 525

1380 287 1721 348 APPEVDIX
1761 286 1852 342 AD
1890 285 1946 342 S.
1989 284 2233 343 LEONIS
2273 283 2481 341 MAGNI
2521 281 2770 341 OPIRA.

3617 282 3723 340 52’s

474 415 628 484 ut);
660 409 714 468 iu
740 422 965 480 tantum,
991 423 1046 469 ut
1076 424 1101 450 ⁸·
1133 412 1187 467 in
1213 410 1461 482 paradiso
1490 407 1645 480 (Gen.
1675 423 1741 472 ιι,
1767 404 1894 477 95),
1922 418 2042 459 cum
2073 405 2121 466 Α
2148 399 2277 455 Nam
2306 397 2325 438 ί
2352 398 2397 454 si
2422 399 2610 471 priscis
2634 396 2963 469 temporibus
2983 397 3048 453 de
3083 397 3281 467 templo
3298 397 3389 453 Dei
3412 397 3720 452 sacerdotes

474 513 720 575 parentes
774 502 990 559 humani
1035 501 1246 573 generis
1289 500 1759 569 conjungerentur.
1808 497 1875 554 ab
1924 496 2041 567 ipso

476 595 702 651 Domino
740 595 842 651 sint
888 593 1182 655 benedicti;
1234 602 1288 649 et
1330 592 1576 647 Salomon
1617 591 1759 647 dicat
1798 606 1811 643 :
1853 589 1897 643 A
1935 585 2043 642 Deo

474 693 793 756 prwparatur
806 685 911 741 viro
933 700 1061 739 uxor
1082 682 1261 755 (Prov.
1290 681 1418 754 six).
1439 682 1608 751 Quam
1632 681 1856 738 formam
1880 679 2041 735 etiam

472 789 658 831 omnes
680 774 984 833 sacerdotes
1005 788 1240 841 servare,
1266 787 1392 829 usus
1413 773 1530 843 ip~e
1554 773 1801 829 Ecclesiae
1822 772 2044 828 demon-

470 874 623 920 strat.
656 863 798 921 Satis
820 869 961 920 enim
988 864 1276 919 absurdum
1303 873 1386 920 est
1411 864 1638 933 aliquem
1664 862 1884 920 credere
1911 878 2043 916 uxo-

470 972 583 1014 rem
614 968 739 1018 ante
767 957 1083 1027 baptismum
1111 967 1380 1027 acceptam
1402 997 1418 1023 ,
1449 965 1568 1027 post
1591 956 1911 1027 baptismum
1935 970 2042 1009 non

469 1047 805 1118 computari,
834 1062 953 1105 cum
987 1048 1287 1103 benedictio
1316 1063 1435 1119 qua:
1464 1062 1625 1117 super
1649 1048 1912 1103 nubentes
1945 1062 2043 1119 per

469 1135 801 1192 sacerdotem
847 1137 1168 1207 imponitur,
1217 1152 1323 1193 non
1372 1136 1647 1193 materiam
1700 1137 2040 1209 delinquendi

469 1226 712 1298 dedisse,
749 1227 844 1283 sed
875 1227 1097 1284 fortnam
1132 1225 1365 1284 tenuisse
1399 1227 1531 1300 legis
1553 1244 1581 1282 a
1613 1228 1725 1284 Deo
1750 1228 2040 1301 antiquitus

471 1317 725 1377 instituta:
756 1317 1029 1373 doceatur.
1079 1318 1231 1389 Quod
1267 1316 1311 1372 si
1352 1332 1456 1372 non
1503 1326 1718 1390 putatur
1756 1335 1892 1373 uxor
1920 1333 2041 1375 esse

470 1409 825 1477 computanda
864 1424 983 1478 quae
1022 1418 1147 1465 ante
1188 1400 1509 1479 baptismum
1549 1409 1706 1466 ducta
1751 1422 1861 1477 est,
1913 1424 2043 1481 ergo

473 1515 571 1555 nec
599 1499 691 1556 lilii
731 1499 823 1571 qui
858 1511 980 1556 ante
1026 1498 1350 1572 baptismum
1401 1502 1567 1577 geniti
1605 1511 1762 1570 sunt,
1792 1517 1889 1573 pro
1919 1501 2043 1559 llliis

470 1591 499 1631 δ
531 1593 871 1649 haberentur.

541 1686 670 1745 Car.
704 1688 833 1744 Vill.
887 1718 955 1730 --
998 1688 1062 1748 Ut
1090 1689 1155 1746 de
1184 1689 1355 1746 aliena
1390 1687 1623 1751 Ecclesia
1660 1691 1908 1748 ordinare
1934 1692 2044 1749 cle-

2144 505 2286 545 anuo
2315 490 2446 546 vicis
2475 504 2587 545 sure
2622 492 2728 544 non
2763 487 3129 553 discedebant,
3174 489 3312 542 sicut
3349 487 3417 542 de
3456 486 3713 541 Zacltaria

2142 580 2388 652 legimus,
2422 594 2521 635 nec
2553 579 2768 634 domum
2798 594 2946 634 suam
2977 578 3194 634 omnino
3226 579 3530 648 tangebam,
3553 589 3579 626 κ
3599 584 3715 649 qn-

2144 672 2243 727 lius
2266 674 2446 743 utique
2474 680 2690 743 propter
2710 671 2909 727 sobolis
2934 673 3325 727 successionem
3349 687 3467 725 uso:
3483 671 3564 726 ius
3588 687 3715 726 usus

2142 760 2318 816 fuerat
2344 761 2632 828 relaxatus,
2659 761 2778 832 quia
2809 777 2873 816 es
2896 760 2997 816 alia
3022 761 3183 827 tribu,
3211 771 3266 817 et
3287 772 3477 831 praeter
3499 761 3526 798 ιι
3547 776 3609 816 ex
3631 775 3719 816 sc-

2144 851 2288 907 mine
2318 852 2494 906 Aaron
2526 851 2590 905 ad
2618 851 2974 907 sacerdotium
3014 851 3189 906 nullus
3220 850 3390 907 fuerat
3418 862 3719 921 pra'ccptus

2142 946 2435 1010 accedere;
2468 952 2666 1015 quanto
2693 946 2861 1021 magis
2893 945 2946 999 bi
2983 944 3288 1001 sacerdOtes
3308 945 3393 998 vel
3426 945 3595 998 levitati
3620 959 3720 1014 po.

2143 1036 2376 1091 dicitiam
2399 1052 2465 1092 ex
2496 1037 2581 1092 die
2607 1037 2957 1092 ordinationis
2984 1051 3094 1092 suae
3116 1051 3335 1092 servare
3356 1037 3570 1103 debent,
3593 1039 3718 1107 qui-

2142 1125 2241 1181 bus
2268 1126 2350 1180 vel
2373 1125 2850 1191 sacerdotium,vel
2870 1126 3221 1182 ministerium
3251 1127 3364 1181 sine
3379 1127 3717 1182 successione

2142 1229 2247 1286 est,
2279 1235 2377 1274 nec
2404 1220 2641 1290 praeterit
2668 1219 2784 1274 dies
2808 1235 2908 1289 qua
2932 1220 3013 1274 vel
3044 1236 3071 1274 a
3094 1220 3371 1275 sacriﬁciis
3399 1221 3560 1292 210
3581 1220 3717 1274 divi-

2142 1310 2249 1379 nis,
2281 1321 2370 1366 aut
2395 1327 2425 1366 a
2456 1311 2789 1381 baptismatis
2822 1314 2997 1368 olllciu
3034 1313 3253 1368 vacent?
3284 1312 3413 1368 Nam
3439 1314 3487 1368 si
3518 1313 3715 1368 Paulus

2143 1402 2209 1458 ad
2236 1401 2542 1460 Corinthios
2561 1405 2765 1471 scribit,
2782 1405 2963 1463 dicens
2982 1421 2997 1461 :
3021 1405 3275 1461 Abstinete
3293 1422 3379 1460 vos
3406 1407 3476 1459 ad
3495 1390 3741 1476 tempus,‘

2144 1504 2199 1551 ut
2226 1498 2411 1553 vacetis
2438 1499 2659 1556 Orationi
2683 1498 2726 1571 (l
2761 1498 2878 1555 Cor.
2909 1515 2998 1565 vn,
3035 1498 3114 1569 5),
3150 1508 3202 1554 et
3238 1499 3269 1552 h
3294 1516 3336 1553 »ε
3358 1498 3540 1569 utique
3567 1499 3719 1554 laicis

2147 1586 2423 1658 praecipit;
2456 1587 2623 1642 multo
2648 1588 2817 1659 magis
2841 1589 3166 1656 sacerdotes,
3188 1588 3400 1659 quibus,
3428 1597 3478 1643 et
3502 1589 3716 1654 orandi,

2146 1686 2202 1734 et
2225 1678 2556 1734 sacriﬁcandi
2575 1680 2701 1752 juge
2726 1681 2959 1738 ol‘licium
2989 1691 3091 1750 est,
3121 1697 3332 1751 semper
3356 1681 3622 1737 debebunt
3649 1684 3719 1737 ab

468 1778 636 1832 ficum
667 1779 845 1835 nullus
874 1792 1121 1851 υδυιιρθι,
1164 1781 1268 1839 nsi
1306 1782 1422 1853 ejus
1462 1783 1745 1853 episcopus
1787 1792 2041 1841 exoratus
2069 1773 2117 1835 Β
2145 1768 2448 1840 bujusmodi
2478 1774 2749 1829 ροηςοτιίο
2773 1775 3060 1831 abstinere.
3091 1775 3193 1843 Qui
3218 1773 3235 1813 ί
3262 1776 3307 1830 εἰ
3328 1777 3717 1832 contaminatus

472 1871 716 1943 precibus
745 1872 1040 1929 concedere
1085 1873 1336 1931 voluerit.
1383 1883 1405 1912 ο
1448 1875 1556 1943 Iloc
1599 1874 1759 1930 etiam
1804 1875 2041 1948 synodus

469 1963 651 2023 statuit
691 1961 904 2033 Nicmna
937 1981 950 2016 :
983 1973 1038 2018 ut
1067 1962 1332 2037 abiectum
1371 1962 1439 2019 ab
1477 1963 1648 2019 altero
1685 1950 1859 2041 209‘
1886 1965 2043 2021 cleri-

469 2052 587 2107 rum
613 2053 779 2108 a'tera
811 2051 1044 2109 Ecclesia
1075 2069 1181 2109 non
1205 2052 1446 2126 recipiat.

537 2143 666 2200 Car.
695 2142 933 2203 lX.—Ut
952 2142 1227 2201 venientes
1249 2159 1278 2200 a
1300 2144 1612 2202 Novatianis
1640 2144 1721 2202 vel
1745 2145 2007 2202 Montensi
2023 2177 2037 2187 -

467 2231 566 2289 bus
608 2247 700 2301 per
734 2248 922 2291 manus
957 2243 1159 2291 tantum
1200 2235 1595 2307 impositionem
1643 2237 2037 2308 suscipiantur;

467 2325 591 2394 quia
619 2326 863 2396 quamvis
891 2327 958 2382 ab
986 2326 1278 2394 haereticis,
1309 2336 1487 2383 tamen
1517 2330 1570 2382 in
1598 2326 1792 2383 Christi
1824 2333 2041 2387 nomine

466 2414 715 2485 baptizati
745 2426 901 2471 sunt:
941 2427 1139 2487 prteter
1173 2431 1268 2473 eos
1293 2422 1381 2488 qui
1412 2416 1439 2455 ’³
1463 2419 1509 2473 si
1537 2417 1678 2473 forte
1713 2433 1743 2473 a
1781 2420 1935 2476 nobis
1972 2422 2039 2476 ad

467 2506 589 2563 illos
617 2513 957 2563 transeuntes
986 2506 1297 2577 rebaptizati
1323 2516 1469 2577 sunt,
1505 2508 1557 2562 bi
1587 2508 1632 2564 si
1662 2510 2039 2578 resi,:iscentes

467 2607 520 2652 et
568 2598 774 2653 ruinam
821 2612 972 2654 suam
1021 2597 1316 2670 cogitantes
1364 2599 1542 2657 redire
1580 2598 1888 2671 maluerint,
1938 2603 2039 2658 sub

466 2689 622 2759 longa
652 2689 985 2759 pteuitentia
1012 2687 1379 2749 satisfactione
1403 2690 1715 2748 admittendi
1746 2701 1892 2747 sunt.

534 2780 665 2837 CAP.
696 2779 1146 2850 X.-—Preterea,
1178 2779 1322 2852 quod
1342 2780 1582 2852 dignum,
1608 2792 1660 2838 et
1684 2783 1956 2854 pudicum,
1984 2793 2039 2840 et

466 2871 753 2931 honestum
792 2880 1126 2942 est,,tenere
1168 2869 1407 2928 Ecclesia
1432 2881 1455 2909 ο
1482 2872 1702 2929 omnino
1740 2872 1901 2931 debet
1934 2893 1947 2929 :
1979 2882 2039 2930 ut

465 2966 773 3025 sacudotes
808 2976 865 3023 et
891 2967 1065 3023 levita
1095 2979 1216 3024 cum
1250 2967 1512 3027 uxoribus
1540 2969 1655 3026 suis
1685 2984 1792 3027 nou
1819 2981 2035 3038 coeant,

467 3059 590 3128 quia
614 3058 894 3115 ministerii
922 3058 1214 3130 quotidiani
1240 3061 1648 3119 necessitatibus
1668 3072 2033 3133 occupantur:

2144 1860 2305 1918 fuerit
2333 1864 2535 1919 carnali
2563 1865 3014 1937 concupiscentia,
3046 1882 3152 1938 quo
3182 1866 3382 1939 pudore
3408 1867 3487 1923 vel
3512 1869 3715 1922 sacritl-

2142 1971 2269 2016 care
2305 1958 2611 2028 usurpabit;
2658 1967 2750 2013 aut
2792 1974 2892 2028 qua
2934 1960 3282 2025 conscientia,
3311 1974 3487 2028 quove
3523 1961 3655 2014 meri
3682 1977 3717 2011 ο

2146 2056 2162 2106 l
2195 2053 2440 2109 exaudiri
2469 2067 2529 2108 se
2556 2051 2761 2117 credet,
2784 2068 2903 2107 cum
2933 2052 3133 2107 dictum
3160 2053 3230 2108 sit
3260 2072 3275 2108 :
3318 2052 3502 2109 Omnia
3523 2055 3715 2108 munda

2141 2145 2382 2209 mundis;
2421 2144 2759 2214 coinquinatis
2792 2153 2959 2203 autem
2999 2156 3046 2199 et
3082 2143 3370 2214 inﬁdelibus
3402 2145 3538 2212 nihil
3569 2164 3719 2200 mun-

2140 2236 2311 2291 dum!
2343 2234 2450 2291 Sed
2487 2235 2711 2291 fortasse
2741 2233 2902 2290 licere
2935 2234 3038 2289 hoc
3065 2233 3257 2299 credit,
3293 2235 3414 2305 quia
3454 2235 3714 2307 scriptum

2140 2338 2265 2386 est:
2297 2326 2459 2384 Unius
2504 2328 2679 2382 umis
2718 2327 2879 2381 virum
2916 2325 3056 2399 (Tit.
3101 2343 3135 2394 ι,
3218 2325 3312 2397 (ἶ).
3360 2324 3387 2365 ι
3425 2323 3539 2382 Non
3590 2342 3719 2397 per-

2141 2433 2445 2479 manentem
2468 2421 2524 2476 in
2539 2418 2969 2489 concupiscentia
2994 2418 3283 2488 generandi
3302 2417 3455 2486 dixit,
3475 2418 3569 2474 sed
3593 2433 3719 2488 pru—

2142 2528 2260 2587 pter
2280 2515 2668 2572 continentiam
2692 2512 2945 2568 futuram.
2968 2512 3152 2581 Neque
3175 2511 3318 2568 enim
3341 2513 3575 2581 integros
3598 2527 3717 2566 cor-

2141 2620 2274 2674 pore
2302 2620 2406 2661 non
2429 2604 2665 2668 admisit,
2695 2603 2783 2673 qui
2809 2602 2884 2657 ait
2908 2618 2923 2658 :
2952 2600 3145 2657 Vellem
3165 2614 3333 2657 autem
3356 2619 3525 2658 omnes
3552 2600 3571 2641 ι
3608 2614 3719 2659 esse

2139 2698 2268 2753 sicut
2297 2707 2344 2752 et
2376 2712 2469 2770 ego
2497 2694 2540 2767 (l
2576 2695 2694 2750 Cor.
2734 2708 2826 2759 vn,
2858 2693 2914 2764 7)
2944 2709 2959 2746 :
2990 2703 3046 2749 et
3079 2695 3313 2763 apertius
3347 2693 3601 2759 declarat,
3633 2696 3721 2749 di-

2139 2801 2270 2845 cens
2297 2804 2311 2841 :
2347 2785 2449 2852 Qui
2478 2794 2646 2840 autem
2671 2786 2723 2840 in
2750 2800 2905 2838 carne
2923 2792 3062 2847 sunt,
3098 2781 3205 2839 Deo
3234 2785 3435 2854 placere
3461 2800 3562 2839 non
3589 2801 3714 2855 pos-

2139 2889 2255 2935 sunt
2280 2896 2300 2947 ;
2328 2894 2419 2935 nos
2441 2886 2611 2933 autem
2631 2878 2746 2947 jam
2774 2892 2873 2931 non
2902 2878 3024 2931 estis
3052 2877 3105 2930 in
3134 2891 3308 2946 carne,
3336 2875 3426 2930 sed
3453 2876 3504 2930 in
3524 2875 3716 2948 spiritu

2143 2969 2323 3042 (Rom.
2355 2967 2492 3039 vtn).

2207 3061 2441 3118 CALXI.
2468 3092 2536 3102 —
2567 3061 2642 3117 De
2689 3060 2967 3117 monachis
2991 3060 3077 3130 qui
3105 3060 3196 3117 diu
3223 3070 3492 3117 morantes
3514 3061 3566 3114 in
3596 3074 3717 3115 mn-

466 3149 722 3221 scriptum
752 3157 834 3206 est
861 3149 1003 3225 enim
1043 3167 1057 3202 :
1090 3149 1271 3208 Sancti
1311 3158 1491 3218 estote,
1527 3153 1771 3221 quoniam
1798 3169 1891 3226 ego
1919 3170 2041 3208 san-
2064 3134 2109 3198 δ
2145 3146 2411 3219 nasteriis,
2442 3160 2481 3188 ιη
2513 3160 2696 3221 postea
2730 3149 2797 3206 ad
2828 3151 3110 3206 clericatus
3149 3151 3388 3205 ordinem
3431 3150 3725 3221 pervenire

465 3250 572 3296 rtus
592 3257 725 3309 sum,
758 3239 1003 3297 Dominus
1027 3241 1162 3298 Deus
1185 3251 1345 3298 vester
1369 3244 1511 3315 (Leu.
1539 3259 1614 3311 ιι,
1643 3243 1735 3310 ﬂ,
1756 3253 1804 3298 et
1837 3260 1931 3314 sx,
1955 3245 2033 3315 7).

535 3386 561 3417 ι
613 3376 814 3445 ριιθειιε
855 3374 1002 3431 addit
1033 3386 1080 3431 et
1109 3390 1130 3440 ;
1167 3376 1461 3445 delevimus
1494 3391 1619 3433 cum
1650 3380 1849 3435 nostris
1874 3380 2033 3436 codd.

467 3438 710 3518 Vindin
735 3446 890 3503 Barb.
921 3447 1039 3502 Mus
1069 3438 1228 3504 codd.
1260 3444 1377 3502 Vat.
1411 3447 1626 3518 Regina:
1649 3457 1703 3504 et
1732 3449 1892 3507 Barb.
1916 3466 2038 3506 cum

466 3518 585 3579 aliis
608 3517 780 3586 vulg.,
805 3517 1202 3587 praeparabitttr.

535 3586 562 3625 ’³
594 3587 681 3643 Sic
683 3587 863 3659 nostri
882 3586 1181 3659 codd.de
1191 3588 1357 3659 .,Vat.
1374 3587 1676 3659 Reginae!
1702 3589 1884 3659 Barb.,
1917 3606 2041 3647 cum

463 3659 648 3723 Cori»,
679 3656 884 3713 Fossot.
912 3667 968 3712 et
1006 3658 1213 3715 duobus
1255 3656 1411 3713 Colb.
1441 3658 1786 3727 Quesnellus.
1818 3656 2039 3719 habendi

464 3737 598 3791 sunt,
627 3743 748 3800 cum
773 3728 889 3783 solo
907 3728 1087 3800 osori.
1118 3727 1303 3785 Const.
1335 3743 1459 3783 cum
1492 3729 1646 3783 Dion.
1679 3732 1863 3800 Regio,
1884 3732 2038 3787 habe-

465 3800 666 3853 buntur.
686 3795 905 3853 Ceterae
927 3797 1189 3855 editiones
1215 3807 1334 3852 cum
1364 3799 1483 3854 aliis
1502 3800 1685 3865 codd.,
1711 3795 1981 3857 habentur.

538 3878 563 3906 ι
589 3864 757 3923 Codd.
780 3867 937 3933 Barb.
963 3878 1019 3924 et
1044 3868 1159 3923 Vat.
1193 3868 1431 3938 Regium,
1463 3868 1612 3936 Quod
1639 3871 1791 3925 etiam
1825 3871 2039 3926 Merena

464 3938 659 4011 videtur
706 3939 931 4011 synodus
971 3939 1297 4011 continere;
1325 3939 1571 4011 Abjcgtus
1597 3954 1641 4011 αν
1668 3956 1765 3993 sua
1810 3940 2039 3998 Ecclesia

464 4010 673 4079 clericus
700 4010 764 4062 ab
787 4007 951 4063 altera
980 4025 1083 4063 non
1109 4007 1419 4079 suscipiatur
1447 4007 1698 4064 Ecclesia.

535 4076 564 4117 ἀ
600 4077 801 4146 Questa.
828 4079 1024 4133 omittit
1050 4078 1119 4143 si,
1145 4093 1208 4134 ac
1232 4076 1355 4133 dein
1377 4093 1495 4133 cum
1520 4093 1619 4133 ms.
1648 4080 1846 4141 Oxum.
1869 4079 2026 4141 Colb.

464 4157 515 4204 et
543 4149 732 4215 Com,
764 4147 1005 4217 baptismi
1044 4156 1181 4210 sunt,
1223 4157 1274 4202 et
1315 4156 1496 4216 postea
1537 4149 1806 4205 voluerint.
1854 4151 2035 4208 Secuti

464 4233 649 4292 sumus
696 4222 894 4292 optima
941 4218 1263 4292 exemplaria
1313 4217 1505 4292 Vind.,_
1540 4219 1659 4274 Vat.
1695 4219 1925 4292 Begiuae
1983 4231 2039 4279 et

466 4289 653 4357 Barb.,
681 4287 993 4360 quibuscum
1025 4288 1116 4347 alii
1146 4290 1326 4357 plures
1355 4288 1664 4345 concinunt.
1694 4289 1772 4346 De
1790 4287 2034 4360 rebapti-

464 4361 595 4414 zatis
639 4357 884 4432 ιιιιίιιειιιιΔ
897 4372 1206 4432 sermonem
1220 4372 1357 4432 esse
1394 4368 1681 4415 contextus
1700 4363 1904 4432 exigit,
1933 4357 2037 4417 nec

466 4445 572 4485 ...ιη
602 4427 825 4501 epistufa
854 4427 1032 4501 Sirtcii
1056 4428 1126 4485 ad
1164 4428 1467 4499 Africanos,
1509 4446 1669 4501 quam
1699 4427 2038 4488 Innocentius

468 4514 578 4567 pia:
603 4499 771 4553 oculis
799 4498 1002 4555 habuit.
1530 4498 1540 4501 ’
1928 4540 1935 4547 —

540 4581 563 4607 ο
603 4569 714 4637 Al.,
741 4569 1054 4639 omnimodo.
1079 4568 1199 4625 Ilo:
1230 4584 1327 4639 pro
1356 4586 1455 4624 non
1486 4580 1665 4624 coeant
1692 4571 1876 4638 Barb.,
1914 4568 2030 4627 Vat.

2143 3246 2400 3310 nituntur,
2415 3257 2519 3298 non
2533 3243 2729 3298 debere
2741 3256 2874 3298 eosa
2894 3241 3055 3312 priori
3070 3243 3341 3312 proposito
3352 3240 3585 3299 deviare.
3608 3243 3719 3296 Aut

2147 3378 2372 3437 Merlino
2407 3387 2462 3433 (οι
2504 3391 2632 3432 mss.
2676 3375 3080 3446 refragantibus.
3128 3375 3316 3429 Exstat
3340 3391 3468 3446 vero
3502 3376 3555 3431 in
3587 3377 3716 3432 Vat.

2141 3446 2379 3522 lii-ginta,
2398 3458 2453 3504 et
2472 3443 2939 3522 in_Qion.}ustelli.
2959 3444 3301 3522 llanc_vocem
3324 3443 3415 3522 alii
3433 3455 3487 3522 et
3504 3447 3716 3515 Quesn.

2139 3516 2479 3590 rec'cpcrunt.
2528 3518 2650 3573 Mox
2689 3516 2873 3572 Const.
2921 3531 3065 3590 cum_
3084 3516 3292 3590 duobus
3333 3517 3488 3590 Corb.
3521 3528 3575 3570 et
3602 3534 3717 3574 uno

2139 3586 2313 3659 Colb.,
2338 3589 2471 3644 nulli
2494 3590 2658 3660 fuerat
2681 3596 3003 3660 pt'a‘ceplttm.
3034 3586 3136 3641 Sed
3159 3601 3205 3656 ρ’
3221 3589 3594 3660 teter_aliorum
3620 3604 3718 3644 cn-

2140 3656 2316 3715 dicunt
2341 3656 2709 3731 auctoritatem
2740 3656 2962 3731 epistola
2993 3671 3206 3727 quoque
3242 3657 3307 3712 ad
3347 3656 3714 3727 Essupcrium

2140 3741 2313 3786 textus
2343 3728 2625 3786 lectionem
2651 3728 2951 3783 conlirmat.
3276 3738 3283 3745 ·

2217 3799 2234 3840 ι
2277 3798 2479 3868 Quesn.
2504 3799 2691 3854 inserit
2716 3800 2987 3868 sacerdos.-
3013 3795 3195 3868 delent
3218 3795 3375 3868 codd.
3401 3806 3454 3850 et
3480 3797 3711 3865 epistola

2137 3870 2205 3927 ad
2248 3866 2621 3940 Eisuperium.
2663 3868 2816 3940 Dion.
2860 3866 3118 3940 Justelli;
3160 3866 3261 3931 Qui
3299 3868 3346 3920 si
3382 3869 3714 3940 contaminati

2137 3937 2423 4010 fuerint...
2468 3937 2878 4010 usurpabant...
2915 3954 2968 3993 se
2990 3937 3237 4010 credunt;
3258 3946 3311 4010 at
3334 3937 3506 3991 minus
3524 3940 3710 3995 εοὶιειι-

2139 4007 2323 4066 renter
2350 4007 2600 4077 sequitur
2620 4009 2771 4063 licere
2804 4008 2898 4063 hoc
2926 4008 3123 4069 credit;
3147 4007 3198 4061 in
3226 4009 3449 4075 epistula
3481 4023 3611 4063 vero
3640 4010 3715 4064 ad

2139 4081 2491 4136 Essunerium
2516 4093 2750 4133 nostram
2778 4078 3060 4133 lectionem
3091 4078 3306 4135 retinet.

2211 4152 2227 4203 l
2273 4146 2445 4207 Codd.
2502 4148 2680 4213 Barb.,
2731 4148 2851 4201 Vat.
2898 4147 3144 4219 Reginae,
3188 4157 3241 4202 et
3279 4146 3431 4203 Colb.
3478 4146 3715 4213 Lucem,

2138 4221 2456 4293 exaudirise
2478 4235 2625 4293 posse
2657 4219 2843 4293 credit.
2882 4220 3048 4271 Abest
3084 4230 3213 4293 vero
3238 4233 3381 4293 posse
3420 4232 3467 4293 a_
3492 4221 3708 4293 caneris

2139 4308 2268 4347 mss.
2300 4306 2345 4347 et
2380 4292 2433 4345 in
2463 4287 2729 4359 plerisque
2760 4288 2983 4359 habetur
3004 4289 3184 4359 credit,
3221 4296 3279 4341 ut
3308 4287 3360 4359 in
3386 4290 3608 4359 epistola
3638 4290 3709 4343 ad

2138 4356 2849 4432 Exsupo-rium,procredct.
2888 4356 3016 4413 Dein
3047 4357 3204 4412 Barb.
3233 4368 3290 4413 et
3323 4357 3438 4414 Vat.
3464 4358 3713 4428 lic-ginta,

2135 4432 2266 4485 nihil
2286 4429 2359 4486 cst
2381 4429 2647 4485 mundum.

2208 4500 2234 4539 ι
2274 4503 2472 4569 Quesn.
2503 4506 2551 4553 in
2577 4508 2748 4565 textu,
2782 4513 2884 4552 non
2911 4497 2975 4569 de
3001 4504 3343 4569 permanente,
3370 4497 3501 4569 etin
3528 4512 3703 4569 mare.

2141 4568 2317 4636 l)ion.,
2349 4587 2449 4625 non
2488 4578 2884 4635 permanentem,
2929 4568 3026 4632 al.’,
3065 4583 3165 4622 non
3194 4568 3525 4638 permanenti.
3570 4568 3707 4623 Mss.

466 4637 702 4710 Reginae,
743 4648 798 4693 et
824 4637 975 4695 Colb.
1005 4637 1257 4706 Luceria,
1291 4655 1393 4694 nou
1432 4640 1776 4707 misceantur;
1816 4637 1870 4697 et
1910 4642 2032 4698 dein
2058 4668 2113 4730 υ
2143 4641 2347 4696 Fossat.
2374 4653 2427 4695 et
2456 4639 2751 4699 Vind.,non
2774 4637 3304 4719 ρειςὴιαηοηιωιιιὶμιι
3325 4638 3677 4707 supplendum

467 4723 582 4762 cum
612 4708 730 4762 aliis
758 4707 1019 4762 pluribus.
1050 4708 1291 4762 auoniam
1328 4718 1375 4762 et
1409 4722 1526 4762 eoo.
1566 4719 1623 4762 ut
1643 4724 1802 4762 supra
1838 4712 1891 4762 in
1919 4713 2034 4762 eni-
2139 4725 2193 4762 et
2221 4727 2339 4762 cum
2374 4710 2554 4762 Barb..
2582 4708 2702 4762 Vat.
2735 4706 2950 4762 Beatum
2970 4722 3034 4762 ac
3060 4708 3353 4762 notioribus
3393 4722 3522 4761 mss.
3562 4681 3708 4762 rit-nd

467 4707 582 4781 eum
612 4707 1019 4781 aliis__pluribus,
1050 4708 1291 4781 quoniam
1328 4718 1375 4762 et
1409 4722 1526 4779 ego,
1566 4719 1623 4765 ut
1643 4724 1803 4777 supra
1838 4712 1891 4766 in
1919 4713 2034 4781 epi-

467 4778 602 4831 stola
630 4779 695 4831 ad
724 4776 1103 4846 Exsuperiuui,
1124 4792 1171 4833 e.
1207 4776 1263 4845 l,
1291 4776 1489 4845 paritér
1521 4776 1729 4844 legitur.

541 4850 557 4886 ί
600 4846 770 4917 Codd.
801 4845 984 4917 Vind.,
1015 4848 1133 4909 Vat.
1166 4847 1299 4917 Reg.
1323 4857 1378 4904 et
1398 4845 1558 4904 Barb.
1595 4849 1777 4906 delent
1805 4851 1893 4907 si:
1920 4866 2033 4907 me-

468 4915 571 4973 lius
592 4916 772 4972 ctateri
801 4915 1076 4973 exhibent.
1253 4915 1269 4917 ⁷
1754 4958 1758 4962 Α

536 4997 561 5036 s
602 4983 790 5060 Abltoc
814 4986 945 5048 loco,
972 4997 1025 5060 ut
1043 4986 1255 5060 nutavit
1280 4987 1595 5060 Quesnellus
1637 5006 1793 5060 usque
1819 4991 1888 5046 ad
1915 5007 2030 5060 ιαμ.

470 5059 556 5127 il,
599 5058 771 5111 eadem
814 5060 921 5126 fere
966 5056 1211 5115 habentur
1250 5061 1300 5112 in
1334 5059 1548 5129 epistola
1591 5063 1657 5113 ad
1688 5056 2032 5129 Exsuperis'm

471 5128 800 5195 Tolosanum,
848 5129 917 5181 ad
963 5143 1114 5196 quam
1159 5128 1371 5182 remittit
1408 5129 1569 5184 codex
1614 5128 1882 5186 Timoneas
1923 5131 2032 5185 lucc

469 5201 722 5255 amittens.
752 5199 884 5255 Tum
915 5198 1030 5255 ιιωε
1056 5199 1302 5269 epistola,
1334 5209 1445 5255 tum
1470 5200 1561 5254 illa
1588 5203 1652 5254 ad
1680 5202 2031 5268 Essuperimn

469 5272 677 5339 duobus
715 5270 1002 5325 tiallicaois
1038 5271 1301 5339 episcopis
1341 5270 1570 5336 tradita;
1614 5281 1667 5327 et
1694 5271 2037 5326 nihilominus

469 5338 611 5393 idem
633 5341 965 5396 Innocentius
991 5338 1191 5408 aliquot
1212 5338 1457 5410 periodos
1481 5341 1703 5396 totidem
1726 5340 1838 5397 fere
1859 5344 2036 5396 verbis

468 5423 533 5481 es
566 5424 666 5464 una
708 5409 944 5467 traduxit
977 5410 1039 5481 in
1059 5409 1303 5481 alteram.
1335 5410 1635 5481 Nitilergo
1673 5411 1863 5466 mirum
1894 5411 1938 5465 si
1975 5410 2033 5466 S.

472 5478 578 5534 Leu
597 5480 840 5551 miseriam
864 5495 934 5534 ex
958 5479 1180 5548 epistola
1208 5481 1244 5534 9.
1269 5484 1333 5535 ad
1356 5478 1649 5550 Septimum
1672 5481 1956 5551 exscripsit
1983 5483 2035 5536 in

467 5562 553 5616 ap.
588 5548 654 5605 18
683 5550 748 5604 ad
771 5549 1105 5616 .lanuarium,
1130 5559 1184 5605 et
1205 5565 1272 5606 ex
1300 5548 1443 5619 epist
1484 5552 1586 5606 124
1624 5550 1690 5605 ad
1720 5548 2032 5607 Palaistlnos

471 5620 571 5691 alia
590 5621 860 5674 transtulit
875 5619 927 5671 in
950 5620 1350 5691 epistulamlliii
1369 5620 1434 5674 ad
1460 5621 1688 5675 Leonem
1713 5622 2031 5691 Augustum.

538 5685 564 5724 ⁵
604 5691 841 5744 Crabbus
884 5685 1151 5743 mio‘utiori
1195 5690 1500 5745 charactere
1537 5692 1620 5745 hic
1665 5685 1821 5748 addit
1854 5708 2027 5755 quam,

2139 4725 2193 4769 et
2221 4727 2339 4767 cum
2374 4710 2554 4771 Barb.,
2582 4708 2714 4778 Vat.
2735 4706 2950 4777 Reginae
2970 4722 3034 4762 ac
3060 4707 3353 4778 potioribus
3393 4706 3522 4761 mss.
3562 4723 3669 4773 ιιι-ιι

2138 4782 2501 4836 Coustantium
2534 4777 2977 4848 legendumiesse
3015 4793 3119 4848 non
3155 4786 3547 4848 permanentem,
3587 4785 3711 4833 tum

2139 4852 2245 4919 hic,
2270 4860 2380 4906 tum
2406 4856 2456 4904 In
2477 4846 2697 4917 epis'ola
2726 4847 2791 4919 ad
2824 4846 3342 4919 Exsuperium,uibil
3366 4848 3714 4919 amitigimtts.

2141 4914 2271 4976 Vide
2297 4929 2479 4976 annot.
2512 4914 2578 4972 l0
2606 4920 2735 4987 (not.
2766 4917 2806 4983 ί,
2830 4916 2931 4971 col.
2956 4914 3081 4986 501)
3106 4918 3156 4970 in
3178 4931 3298 4985 cap.
3318 4917 3409 4971 2t.
3437 4914 3557 4971 Hos
3578 4923 3713 4974 cod.

2139 4993 2323 5054 Barb.,
2358 4998 2567 5059 propter
2594 4989 2950 5043 conscientiam
2978 4988 3225 5059 futuram.

2158 5070 2165 5077 ‘
2215 5060 2233 5099 ι
2275 5056 2435 5117 Solus
2463 5059 2660 5126 Quesn.
2687 5059 2872 5113 inserit
2894 5056 3135 5112 homines.
3167 5056 3493 5126 Adderetnus
3531 5056 3718 5125 petitis

2140 5133 2214 5187 sic
2238 5145 2358 5186 cum
2391 5125 2522 5185 mss.
2553 5128 2710 5185 Barb.
2738 5144 2800 5181 ac
2841 5128 2958 5181 Vat.
2993 5126 3230 5196 Reginae,
3266 5139 3321 5181 et
3363 5125 3482 5179 aliis
3507 5127 3718 5179 editio-

2140 5204 2317 5282 nibus.
2329 5200 2433 5255 Sed
2455 5200 2758 5282 retinemus
2786 5198 3066 5254 lectionem
3100 5197 3250 5252 Vind.
3265 5239 3278 5260 ,
3301 5211 3420 5267 qua:
3439 5205 3522 5251 est
3544 5199 3717 5251 etiam

2140 5272 2191 5326 in
2221 5270 2380 5338 epist.
2404 5269 2470 5324 ad
2499 5270 2872 5350 [insuper-lunt.
3051 5337 3063 5351 O
3410 5335 3424 5350 .

2207 5349 2247 5378 ω
2275 5339 2365 5395 Sic
2391 5339 2550 5394 codd.
2584 5339 2743 5407 lituus
2765 5336 3115 5393 collectionts.
3137 5333 3348 5400 Const,
3378 5352 3421 5389 st
3439 5344 3714 5405 postem...

2178 5411 2472 5476 eruenerint,
2511 5426 2614 5464 non
2653 5411 2846 5463 debere.
2891 5407 3109 5461 Caetera:
3134 5407 3397 5460 editiones
3423 5418 3544 5461 cum
3575 5421 3716 5461 mss.

2188 5489 2261 5534 at.
2299 5480 2434 5549 Reg.
2465 5490 2519 5534 et
2548 5481 2703 5534 Barb.
2736 5478 2873 5532 Itane
2900 5477 3184 5533 lectionem
3214 5479 3467 5549 retinent,
3505 5489 3594 5528 om
3621 5492 3718 5530 sso

2136 5551 2282 5622 stin
2311 5546 2463 5606 Vind.
2491 5566 2585 5618 pio
2604 5550 2860 5622 pervenire
2873 5546 3720 5622 nitentat:ecunda‘mauusscra

2141 5620 2245 5690 psit
2270 5614 2615 5689 peruenirent:
2637 5621 2754 5676 Mox
2785 5632 2913 5674 mss.
2942 5617 3060 5674 Vat.
3086 5617 3216 5687 Reg.
3249 5628 3301 5671 et
3327 5616 3505 5682 Barb.,
3540 5614 3720 5668 disce-

2140 5691 2257 5745 ἀει-ε
2283 5705 2382 5759 pro
2410 5692 2634 5746 deviare.
