3888 6182
240 402 332 463 6‘39

676 405 898 460 CODEX
939 407 1583 503 C.\.\ONU.\l.ECCLES.
1628 407 1714 462 ΕΤ
1756 407 2328 467 CONSTITUTORUM
2369 413 2426 465 S.
2469 409 2660 466 SEDIS
2700 409 3027 474 APOSTOL,

3357 411 3460 467 55‘)

240 537 340 576 nim
365 530 657 590 martyrum
695 521 864 574 sancti
897 520 1128 576 Calenici
1173 533 1228 576 et
1271 521 1609 588 Euphemiie,
1658 538 1791 590 prac-
1820 535 1865 587 Α
1897 524 2101 580 cunctis
2125 524 2322 579 veritas
2351 526 2663 578 innotescat.
2697 523 2802 580 Nos
2823 525 2965 579 enim
2991 525 3058 580 ad
3090 525 3249 581 (idem
3275 530 3472 583 contir-

243 623 376 667 sonte
420 627 486 665 es
523 610 702 664 divino
740 610 856 664 zelo
881 619 934 664 et
963 609 1170 666 ferviire
1221 611 1339 664 tidei
1371 612 1528 664 etiam
1557 611 1790 681 piissima

242 715 287 758 rl
310 702 753 759 Christianissima
784 703 964 772 regina
994 706 1226 772 Augusta
1277 713 1301 740 υ
1335 702 1633 768 Pulchcria,
1667 705 1794 773 quin

248 795 387 849 ctiam
410 794 942 862 magniﬁcentissimis
961 795 1351 864 magistratibus
1369 804 1422 849 et
1438 795 1796 850 illustrissimo

249 901 298 939 ac
322 885 478 939 nubili
516 895 704 939 senatu
728 926 742 948 ,
782 887 846 938 ad
875 885 1232 940 venerabilem
1271 901 1382 955 syth
1406 885 1531 939 dum
1566 883 1592 922 δ
1621 886 1688 939 ita
1721 886 1798 940 lo-

247 987 382 1029 cutus
408 981 508 1029 εει.

551 1075 572 1103 ε
603 1065 852 1118 Allorutt’o
875 1067 1084 1130 piiss'iuit
1114 1075 1449 1135 imperatoris.

307 1154 396 1209 Ubi
445 1154 674 1223 primum
723 1154 904 1208 divino
930 1155 1131 1224 judicio
1176 1155 1242 1210 ad
1281 1155 1561 1226 imperium
1614 1171 1798 1210 sumus

244 1251 402 1314 electi,
435 1250 574 1304 inter
603 1258 775 1304 tantas
805 1252 1152 1306 necessitates
1181 1252 1490 1320 reipublicae
1526 1252 1666 1306 nulla
1701 1268 1798 1308 nos

249 1345 394 1412 magis
421 1339 626 1396 causad
658 1342 976 1397 constrinxit
1005 1358 1160 1412 quam
1187 1352 1244 1396 ut
1269 1345 1561 1397 orthodoxa
1590 1355 1644 1399 et
1674 1359 1796 1397 vera

248 1434 365 1488 ﬁdes
404 1433 735 1498 Christiana,
779 1447 898 1501 quae
929 1443 1110 1486 sancta
1139 1443 1297 1502 atque
1327 1445 1564 1501 pura-est
1594 1434 1799 1488 indubi-

249 1535 338 1578 tata
363 1524 598 1577 omnium
625 1525 817 1578 animis
847 1523 1121 1578 insideret.
1153 1525 1374 1579 Constat
1394 1525 1535 1579 enim
1577 1525 1796 1581 avaritia

246 1616 314 1669 vel
338 1614 523 1668 studiis
551 1614 902 1683 quorumdam
933 1630 1027 1685 per
1051 1615 1220 1669 media
1249 1626 1486 1684 tempora
1529 1617 1798 1670 nonnullis

245 1709 433 1762 diversa
458 1707 830 1771 sentientibus,
864 1717 916 1762 et
945 1723 1038 1776 pro
1065 1708 1336 1762 voluntate
1360 1724 1472 1772 sua,
1508 1723 1612 1761 non
1643 1718 1800 1778 prout

246 1800 426 1851 veritas
468 1805 630 1866 atque
678 1797 920 1851 doctrina
971 1799 1186 1852 Patrum
1248 1800 1477 1866 po.~tulat
1508 1839 1523 1863 ,
1573 1799 1797 1868 populos

1901 615 2178 680 mandaui,
2227 629 2330 668 non
2377 614 2440 668 ad
2473 614 2764 684 potentiam
2809 615 3039 685 aquuam
3071 617 3423 672 exercendam
3452 661 3466 682 ,

1897 710 2143 778 exemplo
2183 709 2415 778 religiosi
2447 709 2702 779 principis
2730 707 3064 762 Constantini
3098 709 3304 778 synodo
3338 710 3471 764 intc-

1901 815 2049 855 reSse
2077 801 2357 868 voluimus,
2398 800 2413 839 ί
2448 817 2514 854 ne
2541 801 2624 854 vel
2656 801 2881 856 ulerius
2904 801 3079 868 pravis
3110 804 3472 870 persuasioni-

1899 889 1999 944 bus
2034 891 2210 962 populi
2243 900 2578 960 separentur.
2613 890 2792 946 Facile
2816 891 2956 946 enim
2993 891 3303 960 simplicitas
3333 908 3468 962 quo-

1900 981 2140 1036 rumdam
2167 983 2419 1038 hactenus
2441 982 2815 1036 nonnullorum
2843 981 3088 1052 ingeniis,
3111 995 3268 1052 atque
3287 998 3468 1052 supcr-

1901 1072 2004 1125 llua
2053 1075 2372 1130 verbositate
2399 1073 2620 1144 decepta
2653 1083 2764 1138 est;
2794 1085 2846 1128 ct
2897 1083 3104 1128 conttot
3133 1075 3466 1128 diverSorom

1905 1166 2078 1230 pravis
2101 1165 2547 1220 insinuationibus
2570 1166 2928 1220 dissens’oncs
2958 1177 3010 1220 et
3039 1166 3269 1220 haereses
3297 1177 3466 1219 natae.

1901 1254 2144 1310 Studium
2172 1265 2348 1310 autem
2383 1266 2620 1310 nostrum
2661 1267 2742 1311 est
2774 1267 2831 1312 ut
2864 1258 2876 1307 i
2914 1259 3087 1312 omnis
3120 1257 3346 1326 populus
3377 1274 3467 1326 per

1903 1365 2081 1402 veram
2105 1357 2408 1403 etsanctam
2437 1349 2730 1403 doctrinam
2760 1364 2920 1401 unum
2950 1338 3212 1413 sentiens,
3245 1351 3294 1402 in
3326 1363 3466 1402 cam-

1901 1439 2022 1494 dem
2057 1439 2362 1510 religionem
2389 1440 2601 1503 redeat,
2648 1447 2702 1493 et
2728 1453 2905 1491 veram
2943 1437 3098 1492 tidem
3148 1438 3466 1493 catholicam

1901 1529 2060 1594 colat,
2083 1545 2239 1598 quam
2269 1528 2562 1583 secundum
2589 1527 2947 1583 institutiones
2973 1529 3184 1582 Patrum
3208 1543 3466 1598 exposue-

1902 1620 2038 1676 ritis.
2069 1618 2528 1675 Concordantibm
2551 1620 2581 1656 ιε
2602 1634 2728 1689 ergo
2749 1619 2960 1684 animis,
2993 1621 3178 1690 religio
3201 1632 3373 1675 vestra
3397 1621 3468 1676 fe-

1901 1713 2084 1777 stinet,
2101 1721 2361 1782 quatenus
2375 1712 2509 1767 sicut
2525 1727 2553 1765 a
2569 1710 2777 1766 Nicaena
2796 1711 2999 1783 synodo
3014 1727 3178 1780 usque
3197 1711 3262 1765 ad
3289 1726 3416 1781 prox
3430 1713 3488 1766 i--

1902 1819 2044 1856 mum
2079 1809 2289 1872 tempus
2317 1801 2589 1857 erroribus
2629 1803 2920 1870 amputatis
2951 1815 3073 1856 vera
3107 1801 3235 1855 fides
3265 1804 3470 1856 eunetis

246 1893 388 1962 216
410 1899 434 1929 ’
455 1893 853 1955 seduceniibus,
880 1893 931 1945 in
959 1907 1196 1946 errorem
1221 1891 1644 1961 quamplurimas
1677 1908 1796 1948 esse
1828 1905 1872 1964 Β
1903 1895 2130 1949 innotuit
2154 1939 2167 1960 ,
2199 1896 2270 1947 ita
2301 1903 2354 1949 ct
2375 1909 2515 1948 nunc
2543 1909 2637 1963 per
2665 1896 2800 1948 hanc
2827 1902 3062 1947 sanctam
3095 1893 3361 1965 synodum
3383 1909 3467 1946 re-

245 1972 500 2040 deductos.
532 1986 646 2050 Qua
678 1985 743 2038 de
773 1999 829 2038 re
855 1995 1094 2038 sanctam
1131 1983 1392 2055 synodum
1429 1984 1528 2038 hoc
1555 1984 1799 2039 videlicet

247 2077 500 2144 proposito
522 2077 636 2130 tieri
663 2074 980 2139 studuimus,
1006 2083 1058 2128 et
1083 2075 1234 2128 vobis
1266 2073 1498 2128 laborem
1541 2075 1796 2131 indixis-e

247 2166 502 2231 videmur,
556 2177 820 2236 quatenus
863 2164 1008 2218 omni
1053 2164 1279 2233 caligine
1309 2175 1468 2234 atque
1494 2181 1678 2220 errore
1705 2167 1797 2220 de-

245 2265 410 2322 terso,
463 2266 620 2325 prout
646 2271 703 2310 se
735 2255 993 2309 Divinitas
1038 2254 1338 2310 horninibus
1389 2253 1408 2292 ί
1453 2255 1796 2312 manifestare

243 2346 420 2414 voluit,
450 2356 503 2402 et
533 2347 778 2401 doclxina
809 2347 1023 2400 Patrum
1053 2344 1310 2411 ostendit,
1359 2346 1543 2415 religio
1576 2355 1789 2413 nostra,

244 2455 349 2506 qua:
375 2454 499 2507 pura
520 2453 584 2492 ac
614 2450 796 2492 sancta
818 2446 929 2501 est,
961 2439 1329 2491 universorum
1359 2438 1623 2492 mentibus
1661 2439 1794 2493 insi-

246 2539 388 2583 nuata
413 2539 436 2575 8
465 2544 577 2583 suae
606 2544 700 2582 ver
723 2529 845 2582 tatis
872 2529 986 2584 luce
1003 2528 1284 2598 fulgescat;
1314 2543 1413 2584 nec
1438 2529 1492 2583 in
1523 2540 1790 2597 posterum

243 2621 412 2675 audeat
442 2623 720 2690 quSsquam
751 2621 816 2675 de
846 2621 1119 2676 nativitate
1157 2620 1364 2675 Domini
1399 2630 1453 2676 et
1498 2621 1792 2678 Salvatoris

244 2713 393 2765 nuSII'i
421 2713 544 2767 .lesu
573 2712 773 2766 Christi
809 2713 964 2766 aliter
999 2711 1270 2780 disputare
1311 2727 1470 2782 quam
1499 2714 1790 2782 apostolica

244 2805 524 2869 pr.i-dieatio
566 2815 620 2858 et
669 2805 905 2858 instituta
938 2813 1295 2859 trecentorum
1344 2804 1529 2860 decem
1571 2815 1626 2862 et
1669 2817 1791 2860 octo

242 2905 522 2950 sanctorum
588 2897 800 2950 Panum
850 2896 1020 2950 eidem
1075 2897 1447 2951 convenientia
1494 2899 1788 2968 posteritati

243 2988 500 3042 tradidisse
527 3002 845 3052 nOscuutur;
879 2989 1016 3043 sicut
1039 2992 1198 3044 etiam
1222 2991 1388 3045 sancti
1415 2990 1608 3045 Leonis
1639 3007 1790 3060 papae

242 3077 372 3131 urbis
403 3079 605 3143 Romae,
629 3079 718 3147 qui
745 3077 924 3132 sedem
947 3080 1291 3146 apostolicam
1315 3081 1596 3148 gubernat,
1627 3082 1786 3135 missa

237 3167 296 3218 ad
322 3179 510 3223 sancta:
545 3167 815 3223 memoriae
843 3167 1150 3223 Flavianum
1188 3171 1788 3241 Condantiuopolitaote

1900 1987 2058 2040 motis
2089 1987 2404 2057 caliginihus
2438 2001 2557 2055 qua:
2591 1985 2643 2039 in
2683 1984 2765 2038 his
2790 1986 2969 2054 paucis
3000 1986 3182 2048 annis,
3210 1985 3346 2038 sicut
3381 1998 3466 2036 sa-

1900 2080 2078 2146 perius
2104 2079 2303 2132 dictum
2332 2089 2434 2143 est,
2469 2081 2727 2147 pravitate
2756 2087 2917 2144 atque
2953 2077 3172 2130 avaritia
3216 2092 3465 2142 quorum-

1897 2169 2018 2225 dam
2034 2157 2317 2225 emersisse
2342 2170 2606 2236 videntur,
2637 2182 2893 2238 perpetuo
2910 2184 3028 2237 quin
3045 2177 3240 2222 statu'a
3267 2167 3465 2222 fuerint

1896 2271 2300 2334 conserventur.
2333 2260 2447 2313 Erit
2476 2269 2652 2312 autem
2681 2258 2872 2312 divinae
2902 2257 3216 2326 maiestatis,
3252 2258 3300 2312 id
3323 2259 3483 2328 quod'

1897 2361 2081 2404 sancto
2124 2351 2299 2404 animo
2329 2350 2442 2404 lieri
2488 2349 2854 2405 desideramus
2898 2349 2953 2402 in
2994 2357 3250 2402 retentum
3295 2349 3464 2403 ﬁrmi-

1897 2455 1978 2496 ter
2007 2440 2019 2479 ¹
2052 2443 2337 2498 custodire.

1893 2603 1932 2631 ω
1962 2593 2152 2664 Incipit
2214 2596 2435 2666 synodus
2485 2599 2832 2736 epis;oporum
2907 2598 3045 2668 apud
3088 2597 3474 2657 Chalcedonam.

2619 2679 2750 2720 acta.

2619 2679 2750 2720 acta.

1967 2797 2292 2852 Venerabilis
2327 2801 2486 2852 totius
2525 2799 2706 2853 mundi
2739 2809 3054 2864 conventus,
3088 2802 3173 2869 qui
3202 2815 3264 2852 ex
3296 2801 3464 2869 gratia

1895 2890 1985 2946 Dei
2016 2900 2069 2946 et
2113 2891 2327 2946 decreto
2363 2890 2899 2946 clementissimorum
2947 2900 3000 2943 et
3029 2891 3462 2960 rel:gii)sissitno-

1890 3000 2007 3040 rum
2039 2984 2417 3052 imperatorum
2449 2981 2884 3038 Valentiniani-et
2915 2983 3164 3037 Marciani
3197 2984 3459 3051 Augusto-

1891 3093 2005 3132 rum
2037 3085 2064 3113 ιι
2093 3077 2350 3129 adunatus
2395 3075 2445 3128 in
2472 3074 2891 3129 Chalcedonensi
2937 3073 3460 3141 uicti-opolitana-Bi-

1891 3169 2108 3240 thyniaa,
2132 3151 2188 3222 in
2213 3167 2469 3237 m.-.rtyrio
2495 3176 2694 3222 sancta:
2721 3179 2788 3220 ac
2810 3166 3042 3220 victricis
3065 3165 3224 3236 218
3251 3164 3461 3236 Euphe-

239 3259 372 3312 urbis
408 3262 710 3330 episcOpum
745 3258 766 3295 ³³
801 3262 996 3329 scripta
1025 3271 1305 3316 testantur.
1336 3263 1573 3318 Remotis
1610 3265 1788 3332 itaque
1813 3273 1857 3334 ς
1891 3263 2034 3329 mite,
2067 3270 2091 3297 ο
2137 3260 2376 3314 decrevit
2402 3275 2522 3330 quae
2551 3260 2733 3313 subter
2759 3257 3144 3327 comprehensa
3174 3266 3317 3310 sunt.

235 3348 428 3415 studiis,
456 3350 648 3405 ablatis
678 3351 981 3420 patrociniis
999 3394 1014 3420 ,
1039 3362 1281 3407 cessante
1310 3354 1530 3408 avaritia
1555 3395 1570 3419 ,
1613 3355 1769 3425 217

232 3513 450 3583 antiqme
477 3512 680 3567 Rustici
707 3509 970 3565 editiones
999 3519 1133 3583 post
1158 3507 1422 3583 Qrahbum
1454 3511 1682 3583 similem
1712 3511 1782 3566 le-

229 3579 447 3636 ctionem
470 3584 745 3642 exhibent,
763 3595 882 3650 quae
898 3595 925 3631 a
944 3595 969 3633 s
993 3580 1166 3633 nceris
1189 3580 1355 3648 ipsius
1381 3579 1576 3632 Rustici
1599 3596 1782 3635 exem-

231 3654 454 3720 plaribus
481 3657 694 3714 absunt.
725 3652 884 3704 Card.
910 3650 1162 3703 Burnuins
1184 3667 1301 3704 cuni
1337 3652 1470 3704 hanc
1500 3651 1600 3704 lect
1625 3666 1781 3704 onem

229 3723 484 3792 allegavit,
533 3739 637 3776 non
669 3721 920 3792 peculiari
958 3721 1135 3788 aliquo
1165 3720 1347 3774 codice
1370 3761 1383 3783 ,
1433 3721 1526 3774 sed
1553 3721 1784 3789 antiquis

228 3791 576 3849 Coniciliorum
618 3791 933 3844 editionibus
982 3806 1107 3844 usus
1153 3800 1254 3846 est.
1313 3793 1475 3844 Error
1512 3804 1640 3843 vero
1677 3807 1784 3859 quo

229 3862 338 3930 dies
365 3868 416 3917 δ.
449 3862 686 3918 Callinici
715 3861 962 3930 martyris
984 3876 1261 3928 perperam
1294 3860 1572 3928 prwferllll‘
1597 3874 1782 3916 contra

230 3928 392 3988 Graeci
437 3944 610 3988 textus
644 3941 697 3986 et
726 3928 1036 3984 exterarum
1069 3936 1371 3985 versiouum
1415 3931 1570 3984 tidem
1594 3972 1606 3996 ,
1642 3933 1784 3985 mule

226 4004 476 4072 originem
521 4003 761 4066 duxerit,
793 4001 1045 4067 colligere
1078 4001 1203 4055 licet
1230 4015 1293 4055 ex
1331 4017 1429 4056 ms.
1462 4001 1584 4072 Yat.
1625 3999 1782 4065 1522,

225 4071 551 4128 ευιείιιιίιειη
596 4074 853 4142 collector
892 4083 1072 4142 nOstcr
1111 4086 1222 4138 prie
1240 4073 1419 4142 oculis
1461 4071 1685 4142 habuit.
1711 4072 1783 4124 lbi

224 4153 393 4196 autem
426 4144 620 4212 legitur
653 4140 820 4212 {Cum
853 4141 1150 4208 pervenisset
1176 4141 1430 4208 piissimus
1468 4152 1513 4195 et
1545 4141 1786 4210 ﬁdelissi-

223 4228 331 4284 mus
353 4210 624 4284 imperator
651 4210 946 4284 Marcianus
974 4213 1039 4284 ad
1069 4212 1205 4263 idem
1225 4212 1568 4282 supradictam
1595 4225 1785 4284 marty-

224 4283 369 4351 rium,
391 4280 637 4354 praesente
658 4299 718 4335 ea:
748 4282 916 4334 divino
939 4282 1066 4345 zelo,
1091 4292 1194 4335 etc.
1217 4298 1231 4347 ;
1257 4280 1373 4352 quae
1397 4283 1570 4335 verslo
1599 4280 1786 4335 Graeco

224 4353 398 4408 textui
429 4353 698 4422 congruit.
725 4357 915 4406 hoster
942 4363 1118 4404 autem
1152 4354 1408 4406 collector
1437 4366 1556 4404 cum
1601 4368 1785 4415 supra-

223 4423 403 4477 dictum
424 4425 722 4494 mazryrium
753 4424 804 4476 iu
827 4422 1013 4474 eodem
1042 4422 1225 4494 codice
1249 4435 1404 4476 antea
1433 4433 1782 4494 memoratum

224 4507 321 4546 non
365 4491 684 4561 reperisset,
725 4509 789 4546 ex
820 4493 1004 4545 (irteco
1042 4493 1263 4546 exordio
1295 4494 1456 4560 ipsius
1493 4491 1786 4546 Chalcedo-

221 4566 394 4619 nensis
431 4565 658 4620 actionis
688 4562 956 4631 explicare
989 4563 1170 4624 vo'uit,
1203 4573 1255 4616 et
1283 4563 1555 4616 καλλινίκου
1597 4577 1780 4616 vocem

222 4636 354 4688 male
384 4638 764 4698 interpretans,
797 4643 1100 4701 corruptam
1128 4632 1412 4687 lectionem
1438 4634 1489 4685 in
1515 4634 1648 4687 hanc
1672 4632 1784 4685 col-

220 4701 490 4760 lectionem
526 4705 756 4757 induxit.

286 4783 310 4810 ³
363 4775 653 4830 Ρηιθιιίγίω
711 4771 1043 4840 praesentiam
1114 4773 1169 4827 in
1222 4775 1432 4826 actione
1481 4775 1512 4824 6
1571 4773 1778 4827 concilii

219 4839 662 4899 Chalcedonensis
687 4839 1067 4897 vindicarimus
1088 4852 1273 4898 annol.
1299 4846 1364 4899 14
1392 4846 1444 4897 in
1465 4844 1619 4912 epist.
1654 4845 1776 4910 101,

219 4919 344 4968 tatu.
368 4917 406 4978 l,
431 4919 535 4969 Col.
567 4914 722 4968 “‘27.
1238 4920 1244 4926 ’

286 4982 310 5020 δ
339 4987 464 5039 Cod.
502 4985 642 5046 Vat.,
676 4985 773 5037 ista
800 4984 995 5037 locutus
1025 4994 1113 5036 est.

291 5065 312 5090 ε
354 5053 497 5108 Hunc
545 5056 754 5107 titulum
807 5070 868 5106 ex
902 5072 999 5107 ms.
1033 5052 1257 5107 Vindeb.
1301 5051 1387 5106 hic
1437 5053 1779 5108 iuseruimus.

218 5121 450 5190 Sequens
475 5135 651 5179 autem
697 5125 944 5178 allocutio
974 5126 1160 5179 Latine
1206 5135 1261 5177 et
1311 5122 1782 5194 Gr.cce,pr0nnn-

219 5196 369 5261 tiata,
400 5195 486 5250 hic
541 5211 601 5248 es
632 5195 876 5263 originali
911 5196 1093 5248 Latin»
1123 5197 1415 5262 profertur,
1455 5195 1528 5248 uti
1573 5200 1622 5248 in
1657 5194 1784 5249 Vat.‘

221 5264 350 5317 1322
379 5268 459 5320 bis
493 5268 777 5319 invenitur.
811 5263 1057 5319 Rusticus
1088 5280 1295 5333 quoque
1320 5265 1564 5318 Latinum
1597 5280 1779 5316 exem-

218 5335 327 5397 pl-ir
358 5336 405 5387 in
433 5336 552 5390 cod.
585 5335 939 5389 Acmmeteasi
967 5343 1186 5403 reperit,
1216 5345 1265 5389 et
1292 5337 1522 5403 antiqua:
1546 5333 1782 5389 ver~ioni

219 5407 481 5474 permisit.
516 5407 612 5459 Ms.
640 5407 706 5459 ὅτ
735 5405 929 5459 Veron.
963 5405 1165 5458 Rustici
1198 5409 1394 5474 pariter
1431 5408 1775 5460 contulimus.

283 5471 307 5510 ·¹
338 5477 463 5530 Cod.
496 5475 615 5528 Vat.
643 5476 813 5541 primo
847 5479 984 5540 loco,
1013 5477 1171 5528 anxit.

285 5555 308 5580 ε
337 5545 533 5600 Rustici
559 5546 742 5609 cod.l.,
771 5547 1110 5598 erloceutibus.

287 5611 305 5650 ¹
334 5616 552 5682 Qucsn.,
580 5617 916 5686 manifestari.
948 5614 1284 5669 Corrcximus
1319 5628 1440 5668 cum
1489 5628 1621 5668 mss.
1657 5613 1777 5668 Vat.

222 5685 379 5750 primo
407 5687 548 5751 loco,
583 5685 736 5739 Vind.
765 5695 817 5740 ct
850 5685 1067 5738 Rustici.

283 5764 316 5834 ε.
339 5754 484 5836 Vulg.
517 5756 740 5826 Rustici,
770 5772 871 5810 suo:
900 5756 1122 5822 virtutis,
1147 5763 1201 5810 et
1243 5754 1292 5810 in
1319 5768 1514 5824 marg.,
1556 5753 1773 5824 propria'

220 5835 479 5882 rartctutts.

1812 4805 1860 4865 Ι)

1951 3354 2204 3410 Dominus
2228 3363 2282 3406 et
2312 3352 2559 3408 Salvator
2588 3361 2770 3405 noster
2798 3359 2825 3398 ι)
2864 3347 3020 3404 Jesus
3051 3347 3298 3403 Christus
3335 3347 3459 3405 ﬁdei

1955 3507 1986 3545 ⁸³
2011 3511 2080 3564 Ita
2099 3524 2289 3564 omnes
2307 3511 2462 3564 codd.
2490 3519 2543 3564 et
2557 3510 2697 3577 vulg.
2717 3511 2875 3567 Solus
2897 3513 3096 3579 Quesn.
3113 3529 3231 3567 cum
3255 3513 3455 3578 Oxum,

1884 3581 2092 3651 epistola
2117 3591 2345 3634 testatur.
2376 3582 2498 3635 Post
2517 3595 2678 3648 pauca
2707 3597 2807 3634 ms.
2837 3581 3053 3646 Veram,
3077 3584 3143 3634 ad
3165 3584 3324 3652 [idem
3345 3600 3459 3637 cor-

1885 3651 2249 3703 roborandam.

1962 3719 1975 3756 ί
2026 3721 2155 3773 Cod.
2217 3719 2332 3773 Vat.
2384 3720 2553 3784 primo
2619 3721 2766 3784 loco,
2823 3723 2977 3783 neque
3021 3722 3267 3787 ulterius;
3324 3739 3456 3778 mss.

1888 3790 2050 3844 Rustic
2072 3790 2087 3844 i
2109 3791 2244 3856 apud
2273 3790 2561 3854 Baluziuin,
2585 3806 2742 3861 neque
2770 3800 2822 3843 ut
2847 3793 3079 3845 ulterius.
3117 3793 3334 3857 Veron,
3372 3811 3458 3847 nes

1885 3877 1981 3928 que
2013 3872 2088 3926 ut,
2113 3861 2293 3916 deleto
2326 3863 2556 3914 ulterius.

1961 3929 1973 3981 i
2023 3931 2109 3984 Sic
2134 3947 2252 3984 cum
2281 3931 2396 3984 Vat.
2427 3931 2545 3983 cod.
2581 3931 2758 4000 primo
2802 3931 2940 3993 loco,
2970 3943 3019 3986 et
3054 3946 3183 3987 mss.
3226 3946 3286 3986 ac
3315 3936 3459 3990 vute.

1889 4000 2088 4083 Rustici
2112 4047 2125 4069 ,
2170 4001 2358 4056 melius
2385 4015 2541 4072 quam
2575 4017 2745 4055 omnes
2775 4003 2983 4073 populi,
3021 4004 3094 4056 uti
3136 4003 3336 4068 Quesn.
3371 4019 3458 4059 re-

1887 4085 2000 4135 cept
2031 4112 2043 4124 .

1961 4141 1984 4179 ¹ί
2030 4142 2180 4212 Vulg.
2210 4156 2327 4197 cum
2377 4141 2534 4195 Vind.
2573 4152 2625 4196 et
2657 4141 2774 4196 Vat.
2830 4142 3069 4196 secundo
3125 4146 3174 4197 lo
3207 4156 3260 4208 ο,
3293 4158 3468 4211 mque.

1891 4211 2085 4266 Veron.
2117 4211 2236 4266 eum
2265 4215 2383 4268 aliis
2407 4213 2606 4266 Rustici
2647 4212 2804 4266 codd.
2826 4253 2840 4274 ,
2877 4213 3068 4279 itaque.

1963 4281 1979 4320 1
2029 4283 2550 4339 Veron..custodire.
2587 4283 2703 4335 Vat.
2739 4283 2908 4351 primo
2940 4285 3081 4350 loco,
3111 4294 3162 4336 ut
3210 4285 3259 4337 in
3305 4294 3457 4339 (cter-

1889 4369 2008 4404 uum
2034 4353 2319 4420 ﬁrmentur,
2353 4353 2628 4406 custodire.

1959 4434 1995 4459 ιη
2028 4422 2181 4475 Vind.
2213 4434 2268 4476 et
2301 4422 2502 4476 Tlman.
2534 4421 2747 4475 c-idic-'s
2775 4422 2914 4476 hunc
2943 4423 3151 4478 titulum
3175 4424 3449 4479 exhibent.

1888 4494 2111 4560 Quesn.,
2134 4492 2277 4544 Actio
2301 4494 2480 4560 synodi
2505 4489 2950 4546 Chalcedonensis.
2970 4495 3061 4546 Est
3077 4495 3315 4548 definitio
3335 4494 3455 4549 liili-i

1889 4565 1940 4616 in
1970 4568 2066 4614 hoc
2088 4563 2314 4616 concilio
2337 4562 2469 4615 lecta
2497 4571 2549 4613 et
2578 4562 2882 4631 subsignata
2909 4565 3117 4617 actione
3138 4567 3190 4618 4.
3217 4564 3260 4618 A
3289 4563 3454 4618 Craho

1888 4633 1956 4687 bo
1986 4632 2124 4686 edita
2151 4632 2246 4685 fuit
2275 4633 2386 4685 haec
2415 4633 2586 4686 versio
2609 4645 2673 4684 ex
2697 4633 2880 4685 codice
2903 4633 3058 4701 hujus
3087 4633 3415 4688 collectionis
3443 4676 3456 4696 ,

1887 4716 2073 4773 eSIque
2103 4701 2276 4756 versit)
2312 4711 2528 4770 quarta;
2561 4701 2803 4755 Baluzius
2845 4716 2966 4757 cum
3003 4713 3228 4772 quatuor
3256 4705 3457 4759 codici-

1889 4774 1984 4827 bus
2012 4789 2126 4825 eatn
2152 4774 2375 4828 contulit
2401 4787 2416 4826 :
2456 4787 2553 4825 nos
2589 4787 2710 4826 cum
2745 4773 2962 4826 \‘iudeh.
2993 4783 3046 4827 et
3071 4774 3186 4829 Vat.
3218 4774 3375 4837 i522,
3405 4785 3459 4829 ct.

1885 4860 2002 4897 cum
2028 4843 2252 4897 LttCensi
2276 4844 2364 4908 88,
2388 4843 2474 4911 qui
2505 4854 2587 4895 est
2613 4843 2802 4896 similis
2821 4842 3127 4899 Colbertino
3152 4845 3370 4911 Longo!)
3388 4862 3457 4899 ar-

1885 4915 2005 4967 dico
2033 4913 2348 4967 CouStan'ii.
2390 4915 2446 4965 In
2479 4913 2560 4965 his
2598 4913 2806 4966 duobus
2847 4918 3130 4981 pustrcmis
3162 4919 3246 4969 hic
3278 4917 3462 4970 titulus

1887 4988 2176 5052 prtetigitnr
2209 5001 2220 5035 :
2257 4983 2494 5053 Synodtts
2519 4983 2821 5052 episcopalis
2857 4985 3282 5038 Chalcedonensis
3309 4986 3455 5036 habi-

1884 5065 1940 5106 ta
1990 5072 2018 5106 (ι
2043 5056 2327 5124 ιιιιηιῃλιιίδ
2350 5064 2395 5107 et
2424 5053 2598 5122 viginti
2628 5055 2876 5124 episcopis
2897 5067 3072 5108 contra
3103 5054 3382 5124 Eutychen.

1953 5131 1979 5158 η
2019 5124 2151 5176 Cod.
2202 5123 2408 5175 Tltuan.
2446 5123 2592 5175 addit
2617 5133 2661 5174 et
2707 5123 3094 5177 Germanorum.
3148 5125 3263 5176 Mox
3317 5123 3453 5174 idem

1884 5194 2003 5246 cod.
2031 5195 2190 5243 habet.
2236 5193 2290 5243 in
2337 5192 2735 5245 Chalccrlouensi
2787 5194 3001 5245 rivitate.
3053 5191 3306 5244 Litt-ensis
3338 5229 3353 5254 ,
3404 5195 3464 5242 ἰη-

1886 5263 2286 5316 σΙιέΙεθιιυηθηδὲ
2314 5262 2698 5329 metmpolitana
2727 5261 2980 5330 Bithynia:
3020 5263 3236 5312 civitate.

1958 5341 1980 5365 0
2023 5334 2246 5394 ρης-ειη,
2277 5347 2388 5396 qua:
2417 5332 2716 5395 decreverit,
2750 5343 2866 5382 sunt
2897 5330 3063 5382 subter
3084 5345 3302 5382 annexa.
3327 5330 3456 5383 Cor-

1886 5403 2119 5456 rr-ximus
2149 5416 2210 5451 et
2236 5402 2450 5466 optimts
2481 5416 2608 5452 mss.
2631 5399 2745 5450 Vat.
2771 5411 2822 5451 ct
2846 5399 3043 5452 Lucen.

1957 5482 1985 5520 Ρ
2029 5471 2195 5524 Voces
2222 5468 2371 5522 Jesus
2413 5468 2640 5521 Christus
2670 5469 2866 5522 addita;
2897 5485 2958 5522 es
2996 5469 3146 5534 \’at.,
3179 5469 3375 5524 Luceu.
3404 5479 3458 5526 el

1888 5556 2014 5596 ιιιςξ.
2049 5540 2266 5594 llaluzii.
2303 5539 2432 5592 tiod.
2471 5539 2624 5592 Vind.
2662 5539 3029 5593 addittautuui
3055 5539 3310 5593 Christus.
3335 5541 3456 5596 Mox

1886 5614 2080 5670 0x0n..
2106 5612 2224 5678 [idet
2255 5608 2510 5662 intellectu
2532 5624 2702 5679 parent
2726 5609 2986 5679 discipulis
3007 5611 3301 5676 conﬁrmari
3323 5627 3459 5680 pra:-

1883 5686 2031 5751 ccpit.
2061 5683 2237 5744 Baluz,
2257 5721 2270 5741 .
2290 5680 2410 5748 ﬁdei
2437 5682 2690 5751 intellectu
2712 5681 2988 5751 discipulos
3012 5681 3305 5748 conﬁrmari
3335 5697 3460 5748 pra:-

1883 5749 2073 5814 ctpiens
2100 5761 2188 5805 ait.
2218 5755 2416 5818 Quesu.
2445 5765 2564 5806 cum
2595 5749 2850 5815 Thuatt.,'
2885 5751 3004 5816 ﬁdei
3057 5752 3368 5805 intellectum
3409 5753 3458 5802 in

1888 5823 2146 5891 discipulis
2184 5819 2485 5882 con/innare
2513 5820 2665 5877 voluit
2692 5822 2882 5876 dcens.
2906 5821 3086 5877 Secuti
3121 5836 3302 5877 sumus
3332 5823 3456 5874 cod.
