3888 6182
337 357 427 409 551

1265 347 1606 403 APPENDIX
1645 346 1736 400 AD
1775 346 1831 400 S.
1875 343 2119 400 LEONIS
2158 345 2371 401 MAGNI
2413 348 2661 404 OPERA.

3487 355 3598 410 53⁸2

335 469 658 525 Intellectum
701 465 975 534 discipulis
1005 462 1321 520 confirmare
1369 460 1624 530 pratcepit
1664 480 1677 514 :
1721 460 1907 514 Pacem
1937 463 1988 521 Α
2012 459 2534 532 Constantinopolim
2558 479 2676 533 qua:
2712 466 2927 520 decreta
2981 476 3106 520 sunt
3153 467 3411 522 adversus
3457 471 3594 526 inte—

335 577 495 614 meam
523 559 592 612 do
638 559 808 623 vobis,
857 572 1030 625 pacem
1071 570 1235 607 meam
1281 551 1514 622 relinquo
1564 554 1698 606 t-obis
1727 551 1903 622 (Joan.

337 669 445 718 xiv,
476 653 602 717 ‘27),
631 661 688 704 ut
713 664 780 703 ne
807 648 909 702 ulla
951 646 1212 700 dissensio
1236 653 1261 680 ι
1291 645 1428 698 inter
1455 658 1552 700 nos
1582 659 1647 698 ex
1692 644 1908 713 religio-

335 747 494 796 sitate
550 739 841 796 venerabili
897 737 1098 792 oriatur
1131 777 1147 803 ,
1195 736 1288 791 sed
1350 752 1416 790 ex
1469 751 1622 804 :eqno
1669 733 1908 790 veritatis

333 833 645 888 ostendatur
675 830 1018 900 praeconium.
1065 826 1094 866 ι)
1146 828 1210 882 Et
1257 827 1505 896 quoniam
1557 841 1664 880 non
1714 825 1911 880 desinit

337 941 432 992 per
459 923 754 978 sordiculas
784 921 1039 990 quasdam
1082 918 1345 988 malignus
1374 917 1613 972 insidiari
1643 926 1663 953 ε
1699 914 1909 986 pietatis

334 1013 646 1080 seminibus,
675 1012 770 1066 sed
800 1025 1012 1080 semper
1043 1009 1162 1063 nori
1193 1007 1442 1077 quiddam
1483 1006 1739 1062 adversus
1765 1007 1907 1060 veri-

335 1112 494 1158 tatem
536 1104 782 1172 indagat;
813 1102 880 1156 ob
908 1101 1007 1154 hoc
1038 1100 1289 1154 Deminus
1327 1109 1510 1152 nosaer
1554 1097 1758 1151 iubens
1789 1111 1910 1166 pro-

336 1194 621 1248 xidentiam
647 1192 859 1246 humani
883 1190 1116 1260 generis,
1150 1189 1288 1242 hunc
1338 1187 1817 1242 clementissimum
1859 1196 1911 1242 et

337 1285 545 1338 titlelem
593 1283 854 1336 adversus
885 1280 1136 1334 annulum
1191 1279 1345 1332 nobis
1394 1277 1663 1333 concessit
1706 1275 1906 1346 princi-

339 1392 480 1442 pem,
518 1376 606 1444 qui
651 1375 887 1443 undique
913 1372 977 1424 ad
1025 1386 1085 1426 se
1115 1371 1422 1425 sacerdotes
1466 1371 1807 1435 convocavit,
1853 1380 1910 1424 ut

335 1466 503 1533 gratia
542 1464 750 1519 Domini
795 1464 965 1518 nostri
1016 1462 1142 1518 Jesu
1195 1461 1388 1517 Christi
1420 1473 1742 1531 cooperante
1771 1460 1798 1498 ἀ
1830 1471 1911 1516 to-

337 1570 442 1610 tam
475 1556 717 1610 falsitatis
747 1568 945 1608 noxam
968 1569 998 1607 a
1027 1568 1189 1624 grege
1229 1568 1329 1608 suo
1353 1553 1595 1623 abjiciat,
1631 1562 1686 1608 et
1717 1555 1908 1608 verita-

328 1652 404 1704 tis
429 1665 544 1704 eam
563 1648 891 1717 germinibus
915 1647 1246 1713 corroboret,
1271 1645 1411 1716 quod
1439 1656 1492 1700 et
1514 1645 1736 1700 fecimus
1764 1659 1910 1700 com-

339 1741 484 1795 muni
533 1739 753 1794 decreto
797 1739 884 1793 vel
929 1737 1130 1806 judicio
1167 1751 1381 1792 errores
1427 1747 1810 1806 persequentes
1856 1745 1908 1788 et

2013 552 2366 621 remptionem
2389 563 2655 610 sectarum
2701 556 3077 624 pullulantium
3118 565 3172 610 et
3213 559 3593 625 crescentiuui,

2011 641 2445 699 manifestatione
2475 645 2634 715 hujus
2662 646 2941 702 catholica:
2963 657 3015 702 et
3044 648 3356 716 apostolica:
3395 663 3596 705 nostrae

2013 734 2157 788 ﬁdei.

2389 802 2418 841 δ
2449 805 2748 876 Symbolum
2788 824 3008 862 cccsvttt
3048 818 3093 862 et
3123 825 3205 863 CL.

2040 981 2054 993 ο
2081 914 2358 970 Credimus
2383 917 2436 970 in
2473 931 2631 970 unum
2663 918 2849 982 Deum,
2886 919 3096 972 Patrem
3141 919 3596 989 omnipotentem,

2012 1007 2266 1061 factorem
2293 1009 2411 1062 cteli
2436 1019 2491 1063 et
2520 1016 2694 1074 terras,
2729 1010 3022 1064 visibilium
3053 1013 3289 1066 omnium
3322 1024 3376 1068 et
3408 1016 3600 1069 invisi-

2011 1098 2193 1152 bilium
2213 1137 2227 1160 ,
2275 1108 2329 1152 et
2357 1099 2411 1153 in
2443 1116 2603 1154 unmn
2654 1102 2936 1155 Dominum
2966 1103 3148 1158 Jesum
3181 1104 3474 1170 Christum,
3505 1106 3599 1160 Fi-

2011 1191 2139 1244 lium
2177 1190 2266 1245 Dei
2292 1193 2530 1256 unicum,
2555 1192 2621 1248 de
2655 1193 2810 1248 Patre
2847 1192 2864 1230 ί
2899 1203 3084 1248 natum
3129 1206 3254 1250 ante
3277 1197 3454 1250 omnia
3488 1213 3602 1252 so:-

2013 1285 2169 1349 cula;
2218 1285 2380 1340 Deum
2411 1301 2595 1340 verum
2639 1285 2707 1341 de
2746 1287 2856 1341 Deo
2886 1303 3046 1352 vero;
3096 1297 3302 1355 natum,
3355 1305 3462 1344 non
3514 1291 3605 1343 fa.

2011 1383 2151 1429 ctum
2176 1391 2190 1438 ;
2220 1375 2567 1445 ejusdemque
2591 1375 2901 1430 substantiae
2939 1377 2952 1426 l
3007 1393 3108 1447 qua
3152 1377 3311 1433 Pater
3337 1388 3449 1442 est;
3501 1394 3604 1447 per

2011 1480 2166 1531 quem
2191 1465 2366 1518 omnia
2395 1466 2531 1520 facta
2575 1475 2732 1528 sunt;
2765 1467 2852 1535 qui
2884 1478 3100 1535 propter
3143 1483 3240 1521 nos
3273 1467 3516 1524 homines
3541 1479 3602 1524 et

2013 1563 2226 1623 propter
2265 1564 2496 1608 nostram
2528 1556 2752 1610 salutem
2784 1555 3083 1622 descendit,
3115 1556 3140 1593 κ
3177 1558 3481 1612 incarnatus
3511 1571 3601 1614 est

2012 1644 2077 1698 de
2123 1645 2324 1712 Spiritu
2373 1653 2578 1711 sancto,
2633 1645 2685 1698 in
2730 1647 2890 1700 Maria
2939 1647 3144 1717 virgine
3190 1647 3347 1702 homo
3379 1647 3550 1702 factus
3577 1691 3600 1714 ,

2013 1737 2296 1790 cruciﬁxus
2326 1753 2420 1804 pro
2447 1738 2602 1791 nobis
2632 1737 2733 1792 sub
2758 1737 2946 1792 Pontio
2970 1737 3161 1805 Pilato,
3202 1740 3463 1808 sepultus,
3504 1755 3603 1794 re-

339 1843 532 1887 sectas.
560 1829 664 1884 Sed
691 1838 746 1884 et
773 1827 1278 1898 perfectissimorum
1307 1826 1519 1880 Patrum
1542 1825 1908 1878 innovaviums
1945 1824 1987 1882 Β
2012 1825 2245 1880 surrexit
2269 1826 2422 1881 tertia
2455 1828 2562 1894 die,
2592 1828 2834 1883 ascendit
2873 1827 2937 1882 ad
2967 1828 3153 1894 oculos,
3186 1828 3337 1883 sedet
3361 1829 3424 1883 ad
3455 1829 3599 1882 dex-

341 1924 522 1987 tidem,
551 1930 911 1976 trecentorum
957 1921 1140 1973 decem
1169 1928 1225 1973 et
1253 1927 1371 1972 t-cto
1407 1917 1705 1987 symbolum
1736 1916 1909 1970 omni-

342 2017 438 2070 bus
470 2014 852 2084 praedicantes;
889 2021 912 2049 ⁸
935 2021 989 2066 et
1023 2010 1164 2080 quod
1194 2011 1402 2064 sincera
1431 2009 1703 2078 agnitione
1732 2011 1911 2062 animo

337 2106 649 2174 concepisse
689 2104 1062 2174 cognoscimus
1087 2102 1411 2166 sacerdotcs,
1464 2101 1790 2158 attitulantes
1816 2117 1912 2155 no-

339 2192 585 2251 lavimus.
617 2195 685 2249 Et
708 2203 827 2263 post
856 2196 968 2248 hasc
997 2202 1368 2248 convenerunt
1405 2193 1460 2246 in
1486 2191 1617 2247 urbe
1651 2188 1912 2247 Constan-

339 2286 680 2356 tinopolitana
710 2299 934 2340 numero
964 2293 1179 2339 centum
1226 2284 1634 2353 quinquaginta,
1666 2283 1825 2337 etiam
1855 2284 1908 2336 hi

338 2382 475 2434 hanc
511 2377 890 2432 conlirmantes
916 2375 1095 2431 tidem.
1127 2375 1232 2428 Nos
1262 2390 1389 2430 vero
1409 2389 1552 2430 nunc
1581 2375 1824 2431 ordinem
1853 2383 1909 2431 et

335 2483 520 2523 omnes
547 2468 667 2522 ﬁdei
709 2465 962 2520 formulas
1013 2461 1397 2530 custodientes,
1446 2465 1780 2520 decernimus
1823 2479 1909 2519 se-

336 2560 566 2614 cundum
609 2557 1055 2626 Ephesitanorum
1105 2555 1426 2622 concilium,
1480 2555 1634 2625 cujus
1663 2565 1907 2610 auctores

337 2649 666 2705 venerabiles
699 2647 908 2702 fuerunt
936 2648 1254 2703 Ctelestinus
1304 2648 1452 2703 urbis
1496 2647 1680 2702 Romae
1718 2656 1769 2702 et
1796 2645 1906 2718 Cy-

337 2744 488 2797 rillus
541 2741 911 2798 Alexandrinas
963 2740 1110 2795 urbis
1169 2740 1438 2809 episcopi,
1511 2736 1530 2776 ί
1585 2739 1907 2794 unanimiter

336 2833 626 2888 sentientes
660 2831 804 2902 juste
853 2831 1158 2901 praecellere
1184 2829 1518 2899 inculpabilis
1547 2829 1669 2884 fidei
1695 2829 1906 2896 exposi-

336 2925 532 2978 tionem
562 2938 784 2977 cccxvm
811 2922 1192 2977 venerabilium
1231 2936 1293 2975 ac
1324 2920 1754 2975 beatissimorum
1799 2919 1900 2973 Pa-

337 3026 472 3068 trum
505 3013 595 3082 qui
626 3013 679 3067 in
701 3012 878 3066 Nicaea
908 3012 1236 3081 temporibus
1260 3012 1396 3066 divae
1443 3012 1715 3066 memoria:
1761 3011 1900 3064 Con-

337 3107 556 3162 stantini
619 3105 958 3174 imperatoris
1012 3107 1173 3176 219
1220 3113 1625 3165 convenerunt.
1678 3113 1704 3151 8
1739 3106 1898 3160 etiam

2014 1925 2182 1971 teram
2220 1916 2392 1971 Patris
2420 1933 2437 1982 ;
2467 1917 2590 1973 inde
2619 1931 2875 1974 venturus
2901 1928 2984 1973 est
3014 1933 3134 1974 cum
3157 1919 3324 1988 gloria
3347 1919 3597 1988 judicare

2012 2007 2159 2060 vivos
2188 2021 2251 2060 ac
2277 2017 2538 2072 mortuos,
2567 2007 2718 2077 cujus
2769 2009 2921 2078 regni
2979 2023 3082 2062 non
3113 2010 3215 2064 erit
3245 2009 3384 2062 linis.
3441 2010 3505 2062 Et
3537 2011 3600 2062 in

2009 2098 2260 2164 Spiritum
2286 2109 2550 2163 Sanctum,
2582 2098 2860 2153 Dominum
2889 2114 2951 2153 ac
2980 2099 3359 2154 vivilicatorem
3381 2113 3409 2152 a
3434 2097 3604 2154 Patre

2013 2188 2388 2256 procedentem
2406 2230 2422 2254 ,
2447 2189 2536 2258 qui
2561 2204 2680 2243 cum
2710 2189 2865 2244 Patre
2889 2199 2944 2245 et
2967 2189 3101 2244 Filio
3129 2189 3380 2243 aduratur
3399 2201 3449 2244 et
3475 2190 3595 2258 glo-

2009 2281 2271 2348 riﬁcatur,
2297 2283 2387 2353 qui
2419 2283 2627 2337 locutus
2649 2293 2730 2338 est
2758 2299 2852 2352 per
2884 2284 3202 2352 I’r0phetas;
3237 2283 3290 2336 in
3322 2298 3476 2336 unam
3503 2297 3605 2337 ca—

2009 2373 2263 2429 tholicam
2310 2383 2470 2444 atque
2513 2374 2869 2443 apostolicam
2904 2375 3217 2430 Ecclesiam.
3265 2373 3603 2429 Conﬁtentur

2009 2483 2172 2522 unum
2212 2467 2531 2532 baptismum
2565 2469 2615 2521 in
2655 2469 3026 2522 remissionem
3061 2477 3432 2538 peccatorum;
3465 2485 3602 2537 spe-

2008 2572 2188 2612 ramus
2237 2560 2400 2630 220
2468 2559 2913 2614 resurrectionem
2965 2567 3316 2624 mortuorum,
3375 2557 3602 2614 1vitans

2009 2650 2172 2704 futuri
2201 2651 2402 2705 saeculi.
2438 2653 2632 2708 Amen.

2075 2751 2115 2778 ιιι
2145 2742 2439 2797 SulIecerat
2461 2744 2671 2812 quidem
2700 2743 2764 2797 ad
2804 2743 3096 2814 plenariam
3123 2745 3336 2814 pietatis
3359 2745 3602 2814 agnitio-

2005 2847 2124 2887 nem
2155 2842 2206 2887 et
2237 2833 2697 2889 confirmationem
2738 2844 2982 2889 sanctum
3015 2835 3114 2890 hoc
3145 2841 3200 2890 et
3242 2835 3476 2889 salutare
3503 2835 3597 2888 di-

2001 2924 2138 2977 vina:
2177 2924 2364 2994 gratias
2404 2933 2432 2960 ιι
2457 2934 2758 2990 secretum;
2801 2925 2869 2980 de
2919 2925 3078 2981 Patre
3112 2927 3254 2981 enim
3289 2937 3341 2979 et
3366 2924 3504 2980 Filio
3529 2935 3596 2979 et

2002 3014 2202 3084 Spiritu
2234 3027 2417 3070 sancto
2446 3015 2602 3070 docet
2653 3032 2749 3071 nos
2787 3024 2811 3052 °
2844 3017 3078 3086 ptenaria
3127 3029 3180 3074 et
3218 3017 3444 3086 perfecta
3479 3017 3595 3069 llo-

2002 3108 2130 3162 mini
2162 3109 2329 3162 nostri
2361 3108 2680 3173 incarnatio,
2705 3109 2897 3178 quibus
2928 3109 3155 3164 ﬁdeliter
3180 3109 3462 3165 credulitas
3486 3108 3588 3162 ad-

335 3199 576 3253 ohtincre
616 3211 746 3251 vero
789 3211 855 3251 cs.
898 3195 1281 3252 venerabilium
1334 3197 1704 3264 episcOporum
1758 3195 1897 3266 apud
1927 3188 1974 3250 C
2003 3207 2102 3255 est.
2135 3198 2238 3254 Sed
2266 3199 2516 3266 quoniam
2545 3199 2596 3253 bi
2628 3201 2715 3269 qui
2743 3199 2983 3256 veritatis
3013 3199 3292 3256 destruere
3318 3209 3592 3256 conantur

334 3464 512 3525 \'intl.,
542 3461 740 3516 Lucen.
770 3470 822 3516 et
856 3458 972 3513 Vat.
1019 3459 1150 3516 Dein
1203 3467 1259 3512 ut
1307 3459 1451 3512 nulla
1480 3456 1692 3527 quidam
1741 3456 1898 3512 codd.

333 3535 606 3592 exhibent.

406 3615 431 3642 ιι
467 3603 620 3657 Vind.
649 3612 702 3656 et
733 3603 886 3664 Luc.,
933 3605 1064 3657 inter
1108 3616 1214 3655 vos.
1259 3597 1400 3661 Vat.,
1437 3600 1569 3651 inter
1594 3613 1735 3664 suos,
1765 3597 1904 3654 forte

334 3676 553 3737 tuolius;
580 3683 634 3727 et
661 3673 807 3734 dein,
837 3688 898 3726 ex
926 3690 984 3726 ea
1005 3688 1197 3742 quoque
1216 3672 1454 3724 veritatis.

404 3745 430 3784 ιι
452 3745 650 3866 .Balluz.
670 3782 683 3807 ,
710 3744 814 3798 Sed
833 3739 1091 3813 quoniam.
1122 3741 1352 3797 Lucens.
1375 3782 1390 3806 ,
1435 3739 1697 3810 quoniam,
1731 3739 1906 3796 deleta

404 3827 534 3866 l'iH‘ll
561 3829 589 3865 8
615 3825 680 3866 8!.

369 3825 589 3868 :lrllf‘llla
615 3825 680 3866 8!.

332 3833 589 3885 pttrllt‘llla
615 3833 680 3866 et.

409 3899 428 3951 ti
460 3885 653 3938 Oxon..
683 3883 878 3951 pietatis
899 3881 1108 3935 similes.
1132 3879 1313 3942 Vind.,
1346 3881 1548 3951 pietatis
1572 3880 1841 3951 similibus.

404 3950 430 3991 ἀ
470 3955 558 4008 Sic
581 3949 760 4008 Baluz.
793 3952 973 4018 codd.,
997 3951 1398 4005 concinentibus
1432 3949 1638 4004 Thuau.
1670 3957 1725 4003 et
1747 3949 1901 4004 Vind.

330 4025 440 4080 Cod
462 4024 624 4086 .Vat.,
677 4033 781 4076 tota
823 4022 1063 4092 falsitatis
1104 4036 1236 4092 narra
1265 4019 1554 4092 abjiciatur,
1583 4029 1628 4070 et
1655 4019 1902 4086 veritatis,

332 4107 434 4150 ctc.
472 4096 706 4160 Quesn.,
750 4089 934 4146 veritas
977 4099 1132 4144 totam
1159 4089 1418 4160 falsitatis
1443 4104 1632 4142 noxam
1668 4104 1906 4159 aggressa

330 4159 559 4236 adjiciat,
607 4170 653 4214 et
693 4164 944 4236 su_is_eam
986 4159 1324 4236 germinibus.
1371 4160 1704 4236 Lucen.,_ut
1739 4160 1906 4228 gratia

335 4229 540 4289 Domini
597 4233 754 4285 nostri
800 4233 923 4285 Jesu
975 4229 1162 4285 Christi
1207 4238 1362 4283 totout
1419 4230 1658 4301 falsitatis
1717 4245 1902 4282 statam

447 4321 568 4354 'essa
595 4320 820 4354 ιιυιιιίιιι.

331 4321 568 4376 aggressa
595 4303 820 4370 altjiciut.

405 4386 427 4413 ο
467 4377 623 4428 Solus
650 4373 850 4436 Quesn.
882 4385 1003 4424 cum
1029 4370 1228 4431 Oxon.,
1259 4379 1305 4424 et
1332 4385 1480 4440 quos.

404 4443 423 4483 ί
465 4445 538 4498 lta
593 4441 737 4504 Vah,
783 4442 979 4496 Lucen.
1013 4450 1066 4495 et
1107 4440 1305 4494 Baluzti
1335 4439 1495 4495 codd.
1527 4439 1683 4493 \ind.
1730 4439 1902 4492 solum

332 4515 608 4582 prtcmittit
643 4514 733 4581 qui
757 4513 1011 4566 adverbio
1036 4512 1360 4582 unanimiter.
1401 4512 1576 4582 Oxon.
1609 4510 1751 4564 delet
1780 4510 1905 4577 qui;

329 4579 423 4638 sed
458 4586 617 4638 habet
657 4579 714 4636 in
743 4583 1052 4652 expositione
1081 4580 1370 4646 culpabilis,
1415 4593 1518 4634 etc.
1545 4579 1749 4652 Quesn.
1781 4594 1901 4634 cum

328 4655 572 4712 'fhuan..
631 4654 718 4719 qni
759 4650 1064 4706 unatsimiter
1092 4653 1354 4704 sentientes
1389 4651 1532 4721 juste
1577 4650 1904 4720 protulerunt

331 4723 675 4786 inculpabilis.
703 4733 806 4776 etc.

402 4802 426 4838 ε
467 4793 554 4847 Sic
581 4790 733 4844 Vind.
771 4807 890 4845 cum
920 4789 1038 4844 Vat.
1069 4798 1123 4842 et
1167 4788 1346 4843 Baluz.
1401 4789 1558 4844 codd.
1607 4790 1904 4844 Conciount

332 4875 462 4916 tuss.
496 4862 692 4915 Lucen.
722 4876 785 4914 ac
811 4862 1045 4919 Thuan..
1071 4874 1296 4926 quorum
1327 4859 1555 4928 primum
1583 4862 1754 4915 solum
1783 4871 1904 4926 post

331 4931 583 4985 nonnulla
612 4929 754 4984 delet
779 4940 826 4984 et
855 4928 1183 4998 apostolicae;
1211 4929 1438 4983 alterum
1464 4944 1558 4996 pro
1586 4946 1701 4982 vero
1744 4930 1904 4985 habet

328 5008 548 5068 uigorem
595 5012 918 5054 censuerunt.
961 4999 1158 5062 Quesn.
1188 5014 1309 5052 cum
1339 4999 1537 5062 Oxon.,
1573 4999 1902 5054 Decernimus

327 5077 472 5126 ctiam
495 5073 716 5125 obtinere
744 5070 1034 5136 ﬁrmitatem
1061 5083 1172 5136 quae
1192 5070 1394 5122 decreta
1422 5079 1540 5122 sunt
1562 5087 1592 5122 a
1613 5085 1676 5124 CL
1697 5085 1901 5124 venera-

326 5144 510 5196 bilibus
537 5142 783 5210 cpismpis
805 5139 945 5209 apud
971 5138 1457 5208 Constantinopolim
1496 5141 1734 5194 adversus
1772 5143 1902 5194 intr-

325 5213 656 5281 remptionem
681 5209 929 5264 sectarum
949 5209 1311 5277 pullulantium
1338 5217 1386 5263 et
1410 5211 1757 5265 arescentium.
1805 5210 1897 5281 Est

325 5280 490 5336 autem
506 5283 570 5334 ad
596 5281 1050 5349 manifestationem
1081 5282 1234 5348 hujus
1275 5281 1538 5335 catholica:
1567 5291 1753 5334 nostra
1778 5280 1899 5347 ﬁdei

325 5350 605 5418 symbolum
644 5362 979 5406 trecentorum
1009 5350 1180 5404 decem
1201 5361 1247 5403 ct
1275 5359 1414 5416 octo,
1450 5360 1500 5404 et
1529 5360 1725 5405 centum
1749 5351 1901 5420 quin-

324 5423 582 5492 quaginta.
613 5421 734 5492 llaac
756 5421 980 5492 clariora
1001 5421 1215 5489 quidem
1241 5431 1386 5488 sunt,
1411 5421 1504 5476 sed
1534 5428 1730 5490 preter
1755 5420 1897 5473 anti-

325 5491 550 5559 quorum
580 5491 821 5544 codicum
849 5491 1027 5546 fidem.

395 5559 420 5595 ²³
461 5560 550 5614 Sic
587 5564 964 5628 omnesnostri
1013 5561 1170 5616 codd.
1203 5559 1554 5628 Quesncllus,
1599 5559 1898 5628 Symbolum

325 5629 446 5695 [ἱάά
480 5643 545 5682 et.
593 5626 830 5682 Patrum.
868 5631 932 5682 At
959 5645 1078 5683 cum
1111 5632 1160 5684 in
1205 5626 1433 5684 concilio
1476 5626 1896 5685 Chalcedonensi

327 5711 614 5767 utrumque
641 5699 940 5767 symbolum
970 5699 1239 5754 Nicaanum
1270 5712 1324 5755 ct
1355 5700 1897 5767 Constantinopolita-

329 5782 455 5823 num
484 5766 679 5821 lectum
727 5766 909 5834 fuerit,
965 5771 1163 5836 primus
1192 5770 1474 5838 interpres,
1522 5770 1672 5840 cujus
1712 5766 1897 5826 'versio

2006 3456 2286 3512 exhibetur
2315 3457 2368 3532 in
2403 3457 2518 3532 Vat.
2552 3471 2651 3532 ms.
2687 3459 2842 3523 1322,
2873 3469 3152 3532 utrumque
3191 3459 3486 3532 symbolum
3525 3464 3586 3520 in

2008 3543 2169 3581 unum
2201 3527 2492 3599 copulavit,
2529 3529 2739 3599 adjecto
2770 3533 2819 3583 in
2855 3531 2957 3585 line
3003 3527 3441 3585 anathematisuio
3485 3535 3589 3587 ad-

2006 3611 2194 3669 versus
2227 3597 2334 3651 Arii
2373 3597 2608 3669 errores,
2650 3603 2790 3668 quod
2819 3602 3015 3655 Nicaeni
3058 3601 3267 3654 concilii
3307 3603 3584 3669 prepriutn

2006 3677 2109 3740 est.
2127 3666 2486 3732 llinctitulus.
2510 3686 2613 3738 quo
2633 3666 2929 3740 symbolum
2946 3671 3215 3724 Nicaznum
3237 3683 3288 3723 et
3309 3666 3588 3726 Constan-

2007 3737 2417 3806 tinopolitanum
2447 3737 2604 3794 simttl
2639 3737 2894 3807 innititur,
2922 3741 2972 3795 in
3005 3740 3382 3795 SillCt‘l'iOl'lbOS
3422 3741 3588 3805 hujus

2005 3810 2336 3863 collectionis
2363 3825 2491 3864 mss.
2532 3811 2649 3878 jure
2677 3811 2976 3879 praefertur,
3009 3812 3147 3864 sicut
3173 3812 3332 3864 etiam
3379 3811 3428 3863 in
3457 3809 3585 3868 Vat.

2004 3893 2073 3931 ex
2107 3894 2207 3946 qua
2257 3879 2513 3948 primaeva
2557 3881 2889 3946 collectione,
2935 3889 2992 3935 ut
3027 3881 3349 3946 monuimus,
3397 3892 3589 3938 noster

2006 3948 2264 4003 collector
2292 3949 2405 4002 haec
2428 3949 2703 4005 derivavit.

1992 4053 2004 4086 ι
2083 4017 2100 4055 ί
2143 4019 2343 4086 Quesn.
2374 4020 2552 4074 omisit
2589 4031 2782 4084 natum,
2829 4035 2933 4074 non
2955 4035 3081 4074 vero
3122 4020 3288 4074 nostri
3333 4020 3578 4079 codices.

2007 4085 2138 4142 Dein
2171 4085 2371 4142 notavit
2401 4098 2518 4157 [ﬁbl
2546 4104 2728 4144 vocem
2759 4090 2947 4144 sazcula
2979 4090 3032 4144 in
3059 4090 3214 4144 editis
3241 4089 3364 4144 addi
3407 4091 3591 4146 furtim

2005 4158 2070 4211 de
2117 4159 2326 4212 lumine.
2373 4157 2478 4214 Sed
2526 4158 2640 4213 bare
2689 4160 2849 4215 verba
2899 4159 3056 4226 hujus
3085 4160 3343 4214 versiunis
3369 4163 3590 4217 codices

2007 4227 2297 4300 ignorant,
2332 4227 2519 4283 Postea
2576 4231 2866 4297 prmterivit
2915 4246 3064 4296 vero,
3115 4245 3233 4300 qua:
3291 4245 3394 4286 vox
3430 4232 3591 4288 deest

2005 4300 2165 4353 etiam
2199 4303 2249 4352 in
2281 4299 2481 4354 Lucen.
2511 4314 2612 4352 ms.

2081 4380 2095 4438 t
2147 4368 2379 4438 Quesn.,
2413 4371 2560 4438 cujus
2592 4367 2767 4423 Pater.

2075 4436 2101 4475 k
2144 4437 2261 4493 Vat.
2291 4455 2424 4505 ms.,
2451 4436 2599 4493 natus
2619 4447 2693 4492 est
2721 4440 2783 4491 de
2814 4437 3015 4507 Spiritu
3063 4449 3262 4504 sancto,
3298 4449 3346 4494 et
3377 4457 3441 4494 ea:
3464 4439 3591 4496 Ma-

2006 4511 2091 4578 ria,
2120 4507 2325 4578 Virgine
2345 4509 2496 4562 homo
2519 4554 2533 4578 ,
2583 4521 2687 4564 etc.
2723 4508 2954 4577 ldipsum
2980 4510 3090 4565 fere
3121 4512 3172 4564 in
3196 4511 3316 4566 cod.
3340 4511 3477 4566 Luc.

2080 4577 2096 4615 ι
2131 4580 2331 4645 Quesn.
2363 4577 2578 4633 addit'et
2602 4595 2619 4643 ;
2648 4579 2828 4634 delent
2851 4581 3014 4632 nostri
3039 4581 3196 4635 codd.

2075 4657 2112 4685 ω
2155 4649 2276 4702 Hch
2307 4651 2557 4718 primaeva
2604 4651 2778 4703 versio
2815 4657 2991 4703 exStat
3035 4650 3088 4705 in
3109 4649 3428 4707 collectione
3464 4653 3589 4710 Vat.

1933 4747 1980 4806 ο
2008 4718 2168 4806 ψΞῇ
2196 4736 2259 4772 ex
2288 4734 2390 4806 qua
2413 4733 2610 4775 nostrze
2643 4719 3406 4806 collectionisnauctocipsam
3433 4740 3593 4806 rec}?

2010 4790 2102 4856 pit.
2127 4790 2445 4855 Quesnellus
2470 4805 2588 4845 eam
2619 4791 2821 4855 primus
2867 4789 3064 4855 edidit,
3092 4789 3186 4845 sed
3211 4789 3270 4846 in
3295 4793 3478 4847 multis
3509 4795 3592 4846 di-

2009 4873 2215 4913 versam
2245 4874 2273 4911 a
2300 4859 2497 4914 nostris
2524 4869 2578 4915 et
2609 4860 2807 4914 Baluzii
2835 4860 3024 4925 codd.,
3057 4861 3123 4913 ad
3157 4878 3381 4927 quarunt
3425 4863 3592 4916 ﬁdem

2005 4943 2121 5002 eam
2142 4931 2444 5002 exegimus;
2474 4945 2644 4998 neque
2673 4930 2814 5002 enim
2847 4929 2972 4997 quid
3002 4931 3194 4984 melius
3220 4931 3313 5002 sit,
3334 4932 3430 4985 sed
3459 4935 3594 5002 qu'd

2004 4999 2222 5070 antiqua
2245 5014 2306 5052 ac
2334 5000 2585 5069 primaeva
2614 5000 2788 5052 versio
2818 5013 2881 5054 ac
2903 5011 3081 5054 vetera
3109 5001 3459 5070 exemplaria,
3481 4999 3594 5057 nti-

2007 5084 2105 5122 nus
2155 5069 2282 5123 licet
2327 5081 2532 5137 exacte,
2578 5070 2890 5137 prteferant.
2943 5069 3300 5126 exhibendum
3331 5082 3440 5126 est.
3467 5073 3596 5126 Mox

2011 5138 2150 5202 Vah,
2198 5139 2426 5192 Lucens.
2455 5149 2511 5195 et
2540 5139 2731 5194 Raluzii
2759 5140 2916 5210 codd.
2945 5140 3127 5194 delent
3155 5151 3201 5195 et
3235 5141 3595 5210 confirmatio-

2008 5225 2284 5292 nem,nnon
2306 5224 2432 5292 vero
2457 5222 2636 5264 noster
2666 5209 2893 5292 Vindeb.

2080 5287 2107 5314 ιι
2130 5279 2375 5350 Queen,
2408 5280 2458 5334 in
2504 5295 2696 5349 marg.,
2721 5279 2994 5350 legendum
3023 5282 3152 5347 forte
3177 5279 3508 5350 symbolum,
3540 5293 3595 5336 ut

2005 5349 2059 5402 in
2086 5349 2203 5402 aliis
2248 5349 2579 5404 versionibus.
2629 5349 2731 5404 Sed
2765 5350 2919 5417 hujus
2941 5349 3385 5405 versionis’codd.
3423 5369 3595 5406 secre-

2005 5428 2111 5472 tum
2144 5419 2453 5487 praeferunt,
2484 5434 2581 5488 pro
2606 5434 2710 5488 quo
2739 5420 2936 5473 Lucen.
2968 5421 3245 5486 mendose,
3290 5422 3588 5476 decretum.

2077 5497 2101 5526 ο
2149 5490 2495 5555 Quesnellus,
2525 5489 2753 5558 plenaria
2777 5491 3023 5558 perfecte,
3047 5502 3100 5544 et
3131 5491 3181 5542 in
3207 5490 3451 5558 postilla:
3484 5491 3598 5545 Vos:

2004 5558 2242 5626 plcnaria
2297 5559 2434 5612 deest
2481 5562 2534 5614 in
2583 5558 2753 5614 Oxon.
2802 5558 2959 5613 Forte
3003 5560 3270 5625 legendum
3322 5561 3592 5625 plenarie.

2003 5644 2134 5683 mss.
2161 5631 2278 5692 Vat.
2296 5670 2310 5692 ,
2338 5629 2563 5684 Lucens.
2590 5639 2643 5684 et
2671 5629 2870 5683 Baluzii
2891 5629 3281 5684 secutisumus.
3308 5628 3430 5685 Mox
3461 5647 3594 5685 cum

2003 5699 2156 5764 Vat.,
2189 5699 2400 5778 ’fhuan.
2449 5710 2505 5756 et
2554 5699 2705 5756 Vind.
2754 5701 3012 5770 prwronia
3058 5701 3390 5766 scripsimus.
3453 5702 3577 5764 ΑΙ..

1999 5785 2263 5830 prtccomu
2273 5785 2319 5822 1η
2329 5808 2341 5823 .
