3888 6182
383 303 488 360 5'55

1301 292 1640 349 APPENDIX
1681 292 1770 348 AD
1810 293 1866 346 S.
1915 291 2151 350 LEONIS
2191 293 2405 350 MAGNI
2445 295 2677 351 υιιειιιι.

3522 302 3642 359 556

385 424 544 468 tatem
572 409 714 464 unici
763 404 903 470 Filii.
943 407 1040 462 bos
1077 404 1416 476 repellendos
1459 404 1529 460 de
1570 406 1714 458 omni
1747 404 1953 476 synodo
1982 412 2026 470 Α
2057 405 2308 474 tabiliter,
2360 407 2592 464 indivise
2637 407 3094 475 cognoscendum,
3147 409 3198 462 in
3231 409 3377 464 nullo
3405 409 3635 478 duplicis

381 508 620 570 oportet;
651 513 856 553 necnon
887 507 939 552 et
963 497 1062 552 hos
1089 498 1176 562 qui
1206 496 1434 565 duplicis
1463 505 1666 550 natura:
1693 499 1955 551 commis-

382 594 584 648 tionem
609 600 634 629 ⁸
661 600 718 646 et
747 588 1112 644 confusionem
1139 589 1347 643 Domini
1380 589 1546 644 nostri
1572 601 1955 660 argumentan-

386 697 492 748 tur,
521 686 858 752 impugnare;
889 693 941 736 et
979 682 1066 751 qui
1089 682 1386 748 caelestem,
1421 683 1501 737 vel
1531 684 1692 737 etiam
1721 684 1956 738 consub-

383 778 682 832 stantialem
720 776 1102 840 substantiam,
1149 790 1307 845 quam
1342 790 1404 828 ex
1441 775 1592 830 nobis
1620 773 1646 813 δ
1686 776 1956 831 credimus

384 878 713 926 concretam.
748 869 895 937 Ipsos
927 882 1054 936 ergo
1090 867 1310 933 ﬁguram
1342 868 1498 938 223
1528 867 1838 933 delirantes,
1873 868 1957 923 vel

386 959 716 1014 insanientes
751 959 1006 1020 dicimus;
1045 966 1101 1012 et
1139 957 1238 1010 hos
1279 958 1367 1026 qui
1401 961 1534 1012 duas
1559 967 1682 1012 ante
1708 958 1956 1013 nativita-

387 1059 492 1104 tem
523 1058 544 1088 ε
576 1061 794 1103 naturas
831 1048 1062 1114 Domini,
1113 1063 1269 1102 unam
1303 1057 1420 1114 post
1460 1049 1726 1103 nnitarum
1758 1050 1962 1106 insulse

386 1139 666 1212 tingentes,
697 1142 1160 1196 excommunicare
1194 1125 1445 1208 oportet.
1474 1142 1772 1207 Sequuntur
1799 1145 1962 1211 ig.tur

390 1231 602 1286 Patrum
647 1240 950 1285 nostrorum
994 1229 1346 1293 sententiam,
1403 1245 1564 1282 unum
1617 1239 1669 1284 et
1713 1230 1960 1284 eumdem

387 1323 704 1376 conﬁtentes
733 1320 1015 1375 Dominum
1046 1322 1228 1373 Jcsum
1259 1316 1556 1385 Christum,
1578 1322 1964 1374 convenienter

389 1418 676 1472 edOcentes
715 1415 1011 1484 perfectum
1054 1414 1300 1469 eumdem
1335 1418 1384 1468 in
1417 1415 1730 1482 Divinitate,
1759 1425 1815 1470 et
1845 1433 1964 1483 per-

390 1505 584 1560 fectum
608 1509 853 1559 eumdem
872 1500 897 1540 ἀ
922 1504 1194 1558 carnalem
1225 1504 1515 1569 hominem,
1548 1507 1709 1558 Deum
1737 1515 1960 1568 ccrtnm,

389 1597 632 1652 eumdem
661 1596 928 1650 hominem
950 1606 1174 1658 certum,
1207 1595 1451 1650 eumdem
1495 1611 1560 1650 ex
1589 1596 1764 1648 anima
1799 1597 1962 1649 ratio-

392 1688 553 1742 nabili
578 1697 632 1740 et
658 1687 900 1756 corporis
939 1687 1270 1742 substantia:
1302 1686 1444 1740 Patri
1493 1685 1544 1740 in
1576 1686 1859 1742 Divinitate
1885 1688 1957 1742 si-

2059 507 2262 550 naturte
2285 498 2580 554 substantia
2606 498 2927 566 interempta
2959 511 3176 567 propter
3199 499 3474 566 unitatem,
3490 504 3633 560 salva

2058 589 2384 657 proprietate
2413 591 2690 659 utriusque
2715 599 2918 644 natura:
2947 589 3050 644 sub
3077 607 3176 643 ttna
3210 606 3435 660 persona
3465 587 3490 628 ⁵
3514 593 3635 649 suls-

2060 679 2252 733 stantia
2279 680 2662 747 conveniente;
2707 680 2868 752 225
2895 696 3070 752 neque
3098 681 3151 735 in
3179 680 3313 735 duas
3343 681 3533 752 ﬁguras
3553 685 3636 740 di-

2061 771 2232 824 visuzn
2271 780 2429 840 atque
2474 772 2746 841 partitum,
2780 773 2872 826 sed
2924 788 3085 825 unum
3130 771 3379 826 eumdem
3421 773 3636 840 Filium,

2061 863 2276 916 unicum
2304 863 2587 917 Dominum
2643 862 2875 917 Verbum
2908 865 3074 919 Deum
3123 864 3305 920 Jesum
3335 865 3639 934 Christum;

2061 954 2200 1008 sicut
2243 955 2533 1021 antiquitus
2573 955 2846 1026 prophetae
2901 975 2994 1026 pro
3045 974 3132 1026 eo,
3179 970 3234 1012 et
3269 959 3379 1026 jam
3408 959 3521 1028 ipse
3544 977 3642 1017 nos

2062 1047 2218 1102 Jesus
2259 1046 2502 1102 Christus
2549 1047 2812 1116 erudivit,
2857 1059 2910 1102 ct
2953 1049 3167 1102 Patrum
3221 1052 3376 1104 nobis
3424 1051 3644 1106 tradidit

2063 1137 2380 1206 symbolum.

2143 1225 2159 1264 ί
2191 1227 2312 1282 llu'c
2344 1227 2523 1298 itaque
2551 1245 2670 1284 cum
2702 1230 2847 1284 omni
2879 1230 3100 1284 veritate
3129 1239 3287 1300 atque
3326 1234 3592 1288 suavitate
3615 1247 3644 1288 a

2065 1318 2220 1373 nobis
2239 1319 2513 1385 ordinata;
2548 1322 2733 1376 statuit
2757 1323 3076 1377 venerabilis
3093 1335 3144 1378 ιιι
3169 1325 3434 1379 mundana
3459 1326 3644 1380 Eccle-

2065 1411 2141 1464 s'ra
2172 1411 2371 1465 nullam
2403 1413 2560 1466 aliam
2607 1413 2762 1466 tidem
2795 1414 2956 1469 licere
2981 1415 3225 1484 cuiquam
3258 1417 3517 1485 proferre.
3551 1427 3645 1473 aut

2065 1503 2246 1568 edere,
2295 1504 2376 1558 vel
2406 1505 2620 1569 docere,
2655 1508 2734 1560 ve!
2777 1507 2987 1560 tradere
3017 1509 3030 1556 i
3167 1509 3394 1562 alterum
3423 1511 3651 1580 symbo-

2066 1593 2173 1648 lum
2217 1595 2486 1663 corripere
2531 1595 2831 1650 volentibus
2867 1596 2934 1650 ad
2983 1596 3259 1650 scientiam
3293 1598 3536 1652 veritatis
3586 1615 3648 1654 ex

2069 1685 2456 1753 paganitarum.
2500 1694 2592 1738 aut
2627 1683 2889 1752 jutlaictc,
2924 1694 3011 1738 aut
3055 1686 3316 1740 haeretica:
3359 1687 3652 1756 enjnsllbct

391 1778 594 1845 milem,
616 1777 739 1832 item
756 1788 810 1831 et
834 1777 983 1832 nobis
1014 1791 1110 1847 per
1131 1776 1305 1832 omnia
1335 1776 1386 1830 in
1418 1774 1648 1831 humana
1671 1778 1960 1833 substantia
1996 1783 2038 1842 Β
2065 1786 2243 1829 sectae.
2293 1774 2402 1828 Hos
2428 1790 2578 1840 vero,
2609 1776 2722 1830 sive
2749 1776 2856 1830 sint
2884 1776 3119 1844 episcOpi
3151 1786 3242 1831 aut
3266 1777 3474 1843 clerici,
3516 1779 3652 1832 alie-

391 1869 619 1924 sitnilcm
669 1876 864 1938 printer
915 1877 1223 1937 peccatum;
1268 1876 1394 1922 ante
1443 1869 1639 1922 siccuIa
1682 1883 1746 1922 ex
1804 1867 1962 1923 Patre

393 1969 418 1997 ⁸
440 1971 619 2015 uatum
646 1958 939 2014 secundum
966 1958 1329 2022 Divinitatem,
1361 1958 1452 2012 sed
1477 1958 1528 2012 in
1554 1957 1753 2012 ultimis
1775 1958 1965 2014 diebus

390 2050 640 2104 eumdem
685 2059 900 2120 propter
928 2057 1105 2104 nos‘et
1136 2057 1354 2118 propter
1380 2057 1616 2104 nostram
1648 2049 1874 2104 salutem
1898 2066 1964 2106 ex

393 2141 554 2196 Maria
613 2139 827 2210 Virgine
864 2138 1031 2194 divini
1090 2139 1324 2193 numinis
1373 2139 1631 2193 creattice
1674 2141 1964 2195 secundum

393 2236 686 2299 hominem,
718 2249 878 2288 unum
907 2231 1261 2303 eumdemqne
1289 2231 1560 2287 Christum
1591 2229 1611 2268 ί
1640 2231 1680 2286 F
1685 2231 1834 2286 ilium
1859 2232 1965 2286 Ι)οο

391 2329 595 2384 minum
621 2330 834 2384 unicum
862 2328 912 2382 in
936 2327 1131 2396 duplici
1165 2334 1350 2380 natura
1397 2325 1688 2389 incontuse,
1715 2335 1741 2372 ι
1773 2325 1968 2380 immu-

465 2496 492 2523 ⁸·
520 2487 652 2541 Male
672 2488 807 2555 apud
826 2487 1049 2553 Quesn.,
1071 2497 1119 2540 et
1139 2485 1531 2554 confessionem.
1551 2485 1964 2542 Emendavimns

381 2573 460 2611 ex
493 2558 620 2611 Luc.
643 2567 698 2611 et
728 2559 906 2611 Baluz.
938 2558 1092 2611 codd.
1125 2557 1243 2610 Mox
1275 2556 1411 2612 idem
1434 2561 1634 2627 Quesn.
1661 2571 1960 2627 perperam,

395 2638 798 2692 argumentatur.

466 2697 494 2736 δ
528 2695 848 2763 Vind.,Luc.
896 2704 952 2750 et
1001 2696 1178 2751 Baluz.
1223 2710 1353 2750 mss.
1399 2699 1648 2754 omittunt
1689 2696 1962 2749 credimus.

397 2764 546 2820 Dein.
602 2778 921 2818 concreatnm
963 2783 1058 2836 pro
1097 2777 1384 2820 cout‘retum
1426 2770 1475 2823 itt
1521 2783 1619 2822 tus.
1665 2767 1792 2819 Luc.
1822 2766 1961 2830 Mox,

397 2839 616 2907 βθννηπι
635 2851 698 2890 εἰ
724 2836 879 2890 Vind.
907 2837 1044 2908 an.
1074 2847 1128 2908 et
1152 2837 1362 2894 Baluzio
1394 2841 1712 2908 recepimus,
1748 2851 1842 2907 pro
1863 2852 1964 2905 qua

399 2921 528 2960 voce
545 2909 872 2977 iunesnellns
903 2907 1060 2960 habet
1087 2907 1327 2977 fugimus.

474 2988 496 3013 ο
528 2976 754 3042 Qnesn.,
803 2979 855 3029 in
897 2978 1090 3031 unitate
1126 2976 1336 3031 naturas
1367 2978 1571 3031 Domini
1617 2980 1815 3039 dicunt,
1858 2984 1972 3045 post

398 3046 600 3100 unicam
624 3047 827 3099 insulse.
858 3046 1078 3100 Nostros
1106 3056 1159 3098 et
1187 3047 1382 3101 Balnzii
1414 3051 1567 3102 codd.
1597 3049 1890 3116 sequimur,
1912 3047 1969 3116 in

399 3118 591 3182 quibus
620 3124 732 3184 post
770 3118 1006 3170 unionem
1055 3117 1338 3185 legendum
1379 3119 1616 3184 videtur,
1667 3115 1723 3172 ut
1765 3118 1816 3171 in
1852 3115 1973 3170 aliis

401 3187 758 3240 versimnhus.

468 3253 496 3292 ἀ
529 3255 599 3307 Ita
629 3255 786 3308 codd.
821 3254 1041 3318 Baluzii,
1081 3269 1201 3309 cum
1252 3256 1444 3316 quibus
1486 3258 1768 3311 concinunt
1805 3254 1967 3309 Vind.

2068 1885 2166 1926 nos
2192 1885 2311 1926 esse
2339 1871 2408 1926 ab
2427 1871 2736 1940 episcopatu
2776 1881 2830 1925 et
2865 1871 3048 1932 clero.
3091 1871 3206 1937 sed,
3246 1873 3368 1926 etsi
3397 1873 3652 1930 tnonachi

2069 1962 2174 2014 sint
2203 1971 2293 2014 aut
2323 1960 2464 2025 laici,
2498 1961 2597 2014 hos
2624 1960 3084 2015 excommuniCari
3107 1961 3375 2029 jnbemus.

2069 2070 2096 2110 ι
2121 2072 2349 2127 Canones
2382 2073 2598 2138 expositi
2623 2090 2654 2125 a
2682 2074 2870 2126 sanctis
2894 2071 3132 2125 Pati-ibus
3160 2073 3246 2139 qui
3271 2072 3656 2128 Chalcedonam

2141 2155 2472 2215 convenerunt
2501 2141 2517 2178 ι
2563 2147 2618 2215 ia_
2631 2144 3039 2215 quingentesimo
3061 2160 3196 2197 anno
3227 2145 3320 2196 sub
3342 2147 3658 2215 imperatore

2142 2223 2317 2267 nostra
2341 2213 2568 2282 piissimo
2592 2211 2876 2268 Marciano.

2145 2327 2304 2398 225
2343 2336 2382 2362 ιιι
2409 2323 2588 2381 Canos
2630 2325 2668 2381 l.
2709 2326 2954 2382 Canones
2981 2329 3070 2398 qui
3103 2343 3196 2398 per
3223 2329 3459 2399 singulas
3488 2343 3660 2401 syno-

2074 2496 2159 2542 tur
2185 2487 2395 2542 actione
2423 2488 2506 2550 t5,
2541 2489 2737 2542 conditi
2771 2496 2945 2542 tamen
2981 2489 3190 2544 fuerunt
3229 2489 3436 2544 actione
3465 2490 3520 2554 7,
3578 2492 3659 2548 uti

2075 2558 2414 2625 probavimus
2461 2558 2511 2612 in
2541 2559 3014 2614 Observationibns
3046 2562 3109 2613 ad
3153 2560 3368 2614 dissert.
3413 2561 3435 2614 1
3479 2562 3660 2627 Ques-

2074 2628 2200 2682 nelli
2249 2629 2313 2681 ad
2348 2645 2436 2681 an.
2466 2629 2593 2694 i5l,
2631 2639 2740 2684 not.
2779 2630 2844 2682 18
2885 2640 3014 2683 tom.
3045 2630 3106 2695 ΙΙ,
3155 2631 3258 2685 col.
3292 2630 3416 2684 501.
3465 2631 3661 2684 Vcs-sio

2072 2707 2250 2752 autem
2284 2701 2471 2751 horum
2502 2714 2764 2752 canonum
2796 2699 2882 2753 illa
2916 2713 2997 2754 εει
3019 2717 3157 2766 quae,
3189 2716 3252 2754 ex
3287 2701 3662 2756 vetustissimo

2073 2769 2309 2822 codices
2339 2767 2562 2822 Jttélello
2609 2770 2767 2826 edita.
2817 2770 2996 2824 ethoc
3043 2780 3186 2823 tomo
3233 2786 3324 2835 per
3355 2785 3451 2823 nos
3489 2786 3658 2826 recu-

2074 2838 2268 2902 denda,
2302 2839 2478 2892 l'rist'a
2520 2840 2886 2902 interpretatio
2919 2850 3153 2894 vocatur.
3205 2841 3406 2895 Przcter
3431 2841 3527 2893 lus
3555 2842 3658 2896 elli

2074 2923 2202 2962 vero
2230 2911 2489 2973 cadit-ein,
2531 2921 2582 2961 et
2619 2921 2812 2977 ριωιετ
2839 2911 3158 2978 exemplaria
3192 2911 3345 2976 hujus
3371 2911 3660 2978 collectio-

2076 2979 2177 3041 nis,
2206 2988 2378 3032 exstat
2423 2981 2471 3032 in
2511 2980 2679 3033 tribus
2705 2980 2820 3032 aliis
2850 2995 2979 3032 mes.
3021 2981 3445 3044 collectionibus,
3491 2981 3662 3034 nimi-

2076 3063 2192 3102 rum
2225 3048 2275 3101 in
2307 3049 2420 3101 Vat.
2455 3050 2667 3115 Regium
2702 3049 2857 3113 l9'a7,
2888 3051 2937 3102 in
2969 3050 3202 3104 Calltcrt.
3229 3052 3353 3114 73l,
3405 3062 3459 3103 ct
3485 3051 3659 3107 simili

2075 3117 2298 3174 Lnt-eusi
2330 3120 2397 3173 88
2421 3125 2504 3178 (ex
2530 3135 2634 3187 quo
2657 3129 2928 3188 postrmno
2953 3121 3136 3173 cbd?ce
3169 3120 3263 3172 hos
3291 3135 3529 3175 canones
3561 3138 3661 3175 no-

2076 3189 2294 3243 vissime
2341 3189 2507 3243 edidit
2547 3191 2605 3244 P.
2635 3190 2938 3242 Dominicns
2967 3190 3195 3243 Mansius
3225 3201 3354 3244 tom.
3379 3190 3392 3243 Ι
3418 3190 3662 3259 Supple-

2077 3262 2239 3312 menti
2275 3259 2655 3324 Canriliornm,
2703 3260 2805 3313 col.
2853 3259 3002 3327 3'19),
3044 3275 3106 3313 ac
3146 3261 3356 3314 tandem
3397 3261 3448 3313 in
3484 3261 3658 3316 [ιη-ι),

399 3334 454 3379 et
481 3326 708 3400 Luet'ns.
733 3326 959 3392 Quesn.,
977 3327 1044 3400 in
1065 3342 1214 3379 carne
1247 3325 1546 3394 Dominum,
1579 3327 1834 3380 hominem
1862 3341 1971 3380 cer-
1997 3335 2042 3398 ο
2073 3329 2213 3385 2888
2241 3338 2295 3384 et
2318 3329 2438 3384 Vat.
2477 3329 2632 3400 15t2.
2665 3345 2782 3400 qua:
2811 3325 2996 3383 manes
3032 3330 3379 3385 collectioncs
3407 3346 3563 3398 teque
3592 3347 3661 3388 ac

403 3409 530 3458 tum,
560 3397 788 3448 eumdem
815 3411 878 3448 ea:
903 3396 1090 3458 animo,
1123 3407 1227 3448 etc.

473 3474 498 3503 ⁸
537 3466 661 3518 Lttc.
697 3476 749 3520 et
780 3465 982 3529 Baluz.,
1011 3468 1348 3536 progenitum.
1392 3466 1518 3521 Post
1549 3480 1713 3536 pauca
1745 3479 1840 3534 pro
1868 3482 1971 3519 uu-

401 3536 572 3607 rninis,
612 3537 743 3589 alias
786 3535 1026 3607 nominis.
1073 3536 1163 3591 Sic
1207 3537 1349 3591 rudis
1379 3538 1641 3607 interpres
1681 3535 1974 3590 Theotocon

403 3605 595 3662 Latine
621 3606 866 3659 reddidit.

475 3674 494 3714 ί
524 3678 724 3740 Quosn.
749 3690 870 3729 cum
903 3690 1002 3730 ms.
1035 3675 1221 3740 Vind.,
1265 3677 1490 3745 ﬁrmum.
1541 3676 1730 3732 Melius
1773 3675 1970 3730 Baluzii

401 3749 524 3801 cod.
547 3756 601 3799 et
631 3747 906 3808 Lucensis,
937 3760 1070 3812 quos
1098 3750 1262 3799 secuti
1295 3763 1410 3800 sum
1453 3763 1494 3799 s.

472 3825 498 3863 ε
522 3817 611 3870 Sic
637 3817 676 3869 Β
694 3817 832 3868 ιΙιικίι
865 3817 1020 3870 codd.
1047 3831 1165 3870 cum
1194 3817 1380 3870 Cra-cn
1405 3829 1458 3870 et
1478 3817 1594 3870 aliis
1612 3816 1968 3870 version’bus.

402 3885 626 3952 Queen“
655 3883 812 3938 Vind.
837 3895 891 3938 et
921 3886 1074 3949 Luc...
1105 3889 1492 3942 immutabilem.
1544 3888 1682 3949 Mox,
1729 3901 1823 3950 pro
1845 3887 1971 3938 sub-

402 3957 586 4009 stantia
610 3969 736 4009 mss.
754 3955 934 4023 Vind.,
962 3957 1158 4010 Lucen.
1181 3972 1299 4008 cum
1319 3957 1519 4020 Bal:tz.,
1536 3957 1794 4012 distantia.
1811 3957 1970 4014 male.

476 4023 504 4062 δ
530 4025 620 4081 Sic
636 4025 793 4080 Vini.
815 4027 1151 4094 Quesnellus,
1174 4037 1217 4080 et
1236 4028 1538 4079 substantia.
1568 4029 1691 4078 Mss.
1718 4025 1898 4078 Baluz.
1921 4035 1974 4080 et

406 4095 559 4162 l.uc.,
583 4113 684 4150 non
712 4097 802 4149 sub
829 4114 929 4148 una
950 4098 1228 4149 substantia
1255 4098 1619 4148 conuenientes.
1647 4097 1783 4156 Mox,
1811 4097 1972 4149 divisa

404 4179 556 4234 atque
592 4168 780 4234 partita
825 4166 962 4233 apud
1002 4167 1200 4230 Qttesn.
1251 4167 1472 4219 Codices
1519 4165 1695 4228 \ind.,
1751 4165 1887 4218 an-
1917 4176 1972 4219 et

405 4237 609 4295 Balnz..
629 4239 842 4289 divisam
869 4247 1018 4304 atque
1041 4237 1300 4300 partitam.
1321 4236 1680 4296 tiorreximns,
1705 4237 1970 4290 sententia

404 4314 684 4360 contextus
710 4307 973 4374 exigente.
1005 4306 1132 4358 Dein
1159 4307 1352 4360 Lucen.
1371 4307 1515 4374 cod.,
1537 4305 1732 4360 Filium
1761 4310 1968 4360 unicum

405 4376 571 4430 Deum
596 4391 768 4429 verum
789 4375 819 4427 Ι
828 4392 965 4429 esum
993 4375 1266 4430 Christum.

481 4445 497 4484 ί
531 4444 686 4501 Vind.
706 4455 759 4498 et
779 4446 1000 4508 Lucem.
1026 4446 1218 4499 Horum
1243 4449 1447 4513 itaque;
1479 4447 1742 4513 Baluzins,
1767 4445 1969 4500 Harant

403 4517 576 4588 itaque
602 4518 854 4588 communi
879 4519 1084 4570 veritate
1114 4533 1132 4570 :
1164 4519 1442 4588 utrobique
1468 4519 1642 4570 minus
1658 4527 1828 4588 recte.
1865 4517 1970 4568 Ne-

405 4602 511 4651 que
539 4601 663 4640 vero
689 4587 956 4651 Quos-teli
990 4588 1145 4641 lcetizt
1174 4587 1300 4640 ch
1330 4589 1496 4655 itaque
1525 4587 1742 4640 omnino
1773 4588 1966 4652 placet.

406 4657 570 4725 Magis
601 4657 834 4724 placs-rct
860 4672 978 4710 cum
1009 4659 1216 4711 czcteris
1248 4659 1578 4710 versionibns
1599 4659 1846 4724 scribere
1871 4655 1971 4708 llis

407 4727 576 4794 itaque
699 4727 966 4791 ordinatis,
1015 4729 1058 4779 si
1090 4729 1177 4796 qui
1209 4729 1420 4781 codices
1461 4727 1617 4796 hujus
1658 4729 1972 4796 interpreta-

410 4798 570 4848 tiOnis
593 4799 1025 4864 sull’ragart-ntnr.

483 4866 498 4915 t
543 4869 629 4918 Sic
655 4865 836 4926 Vind.,
870 4867 1067 4920 Lucen.
1102 4875 1150 4919 et
1187 4866 1379 4919 Baluzii
1412 4866 1643 4920 codices.
1677 4866 1771 4918 llic
1800 4874 1974 4918 autem

409 4949 507 5020 per
534 4935 727 5020 saltum
759 4935 930 5003 aliqua
960 4939 1026 5017 de
1058 4946 1186 5017 unt:
1213 4951 1449 5020 cumque
1481 4937 1606 5020 nulli
1645 4936 1856 5020 codices
1879 4936 1975 4987 ad-

405 5005 614 5077 juvent,
636 5005 869 5058 detectus
886 5007 1285 5076 antiquissimus
1301 5016 1400 5059 est.
1418 5007 1781 5077 Supplentlnm
1799 5016 1975 5060 autem

413 5075 619 5129 videtur
635 5091 698 5130 ex
729 5077 827 5130 alia
854 5075 1120 5138 versiOne,
1150 5092 1306 5140 quam
1337 5091 1516 5130 annot.
1543 5078 1608 5130 49
1632 5075 1975 5140 subiecimus,

410 5145 578 5200 aliter.
617 5146 715 5199 Eos
745 5158 910 5199 autem
938 5149 1024 5214 qui
1067 5148 1178 5200 ausi
1205 5155 1322 5199 sunt
1351 5163 1645 5214 componere
1677 5148 1824 5212 [idem
1853 5150 1977 5200 atte—

409 5233 542 5281 ram,
569 5229 655 5270 aut
688 5219 930 5286 proferre,
956 5228 1043 5270 aut
1065 5220 1259 5281 dooere,
1282 5227 1367 5269 aut
1394 5220 1593 5270 tradere
1611 5223 1825 5270 alterum
1842 5234 1977 5286 sym-

413 5287 602 5352 bolum,
633 5290 888 5356 corripere
907 5305 959 5342 se
984 5289 1259 5342 volentibus
1287 5289 1355 5340 ad
1383 5289 1639 5341 scientiam
1666 5289 1889 5340 veritatis
1917 5302 1979 5356 ea;

415 5359 513 5410 ritu
539 5355 914 5425 paganitarum,
967 5367 1071 5412 etc.
1119 5363 1319 5423 Quesn.
1351 5358 1490 5412 ltunc
1531 5358 1792 5411 deiectum
1842 5355 1980 5408 haud

413 5430 711 5494 suspicatus
740 5429 1041 5482 νηιειιιιεινίι
1061 5429 1158 5494 sic,
1177 5427 1389 5482 alterum
1417 5429 1720 5497 symbolum.
1741 5426 1980 5479 Corrum-

415 5499 770 5568 pereculeutes
810 5501 876 5550 ad
911 5500 1166 5552 scientiam
1207 5500 1428 5552 ueritatis
1468 5515 1531 5550 ea:
1561 5500 1982 5568 paganitistarum

414 5577 501 5618 aut
525 5567 759 5648 .ludaica:
780 5579 864 5622 aut
887 5568 1135 5624 haeretica
1161 5568 1429 5639 cujuslibet
1457 5565 1730 5634 8C“tl’,iiit‘€
1756 5568 1853 5620 sint
1871 5565 1983 5637 epi-

414 5647 574 5702 scopi.
606 5647 710 5691 etc.

487 5702 512 5741 ³
541 5706 604 5761 lii
631 5720 862 5763 canones
889 5705 1008 5762 licet
1035 5709 1085 5765 in
1117 5708 1341 5765 volantis
1361 5703 1718 5762 Conciliorunt
1744 5704 1980 5789 habean-

2079 3411 2257 3454 nostra
2305 3415 2536 3456 canones
2561 3399 3020 3454 Cha'cedonenses
3067 3415 3134 3454 ex
3169 3400 3349 3456 Prisca
3396 3401 3659 3458 versione

2075 3469 2404 3524 derivarnut.

2153 3538 2167 3577 ¹
2202 3541 2291 3596 Sic
2322 3542 2372 3593 in
2419 3539 2857 3612 prats'antissitno
2894 3541 3014 3594 cod.
3052 3539 3277 3594 Vintlub.
3308 3541 3398 3601 59.
3443 3541 3496 3594 in
3541 3558 3659 3612 quo

2074 3612 2304 3666 secmnla
2345 3626 2500 3663 manu
2547 3625 2643 3678 pro
2689 3612 2740 3662 in
2777 3610 3114 3664 snhsxitntum
3158 3612 3255 3664 lnit
3291 3610 3656 3668 indictione‘v.

2075 3682 2224 3734 Alius
2253 3684 2374 3734 col.
2419 3681 2692 3734 Cteaarctts
2731 3679 3154 3733 Vindebonensis
3183 3679 3253 3734 42
3291 3685 3444 3750 paulo
3483 3683 3657 3736 dissi-

2076 3753 2271 3805 militer
2302 3750 2483 3811 habet.
2529 3761 2865 3822 correnernnt
2897 3751 3221 3822 temporibus
3251 3752 3310 3822 in
3349 3753 3658 3822 quingente-

2074 3822 2202 3874 simo
2237 3837 2389 3879 anno,
2423 3831 2526 3874 etc.
2551 3837 2579 3890 ;ν
2606 3831 2657 3872 et
2692 3819 3326 3890 llubertinnmevetnplztr
3347 3819 3653 3887 apttthon-

2074 3892 2324 3945 stantium
2383 3899 2421 3944 t.
2473 3890 2486 3942 I
2549 3889 2715 3957 EpiSt.
2784 3890 2939 3960 llom.
3002 3889 3365 3960 pontih'pag.
3419 3907 3652 3954 LXXXIII.

2074 3969 2410 4014 convenerunt
2440 3960 2744 4030 ttmporibus
2774 3959 2856 4012 In.
2891 3976 2919 4007 v
2942 3959 3338 4029 quingentesimo
3362 3962 3453 4012 sub
3483 3962 3656 4030 impe-

2074 4041 2261 4095 ratorc,
2306 4043 2410 4084 etc.
2443 4031 2781 4094 Quesncllns,
2807 4029 3017 4082 omissis
3048 4033 3145 4083 hoc
3177 4031 3292 4082 loco
3329 4034 3549 4085 vocibus
3596 4037 3651 4086 in

2073 4101 2471 4173 quingentesimo
2491 4100 2770 4173 annothas
2799 4113 2913 4173 post
2944 4115 3134 4173 nomen
3171 4098 3653 4173 Marciano_trans-

2074 4169 2217 4227 tulit'
2239 4174 2316 4225 sic
2359 4189 2370 4224 :
2403 4172 2548 4223 Anno
2586 4169 2982 4239 quingentesimo
3025 4169 3402 4224 lncarnatiauis
3432 4169 3651 4224 Domini

2075 4243 2346 4296 indictione
2373 4256 2431 4303 v;
2464 4256 2580 4307 qua:
2619 4241 2839 4292 lui-mula
2869 4240 3018 4292 abest
3043 4240 3382 4293 alt’omnibns
3412 4243 3650 4309 antiquis

2076 4329 2202 4367 mss.
2238 4322 2346 4366 tum
2375 4311 2552 4373 hujus.
2605 4319 2713 4364 tum
2743 4318 3058 4364 ca-tearuzn
3104 4311 3478 4364 collectionttm
3511 4326 3651 4379 quas

2074 4385 2310 4438 annot.i
2368 4381 2720 4447 laudavimus,
2771 4391 2824 4436 et
2864 4396 2893 4433 a
2943 4379 3106 4435 veteri
3137 4383 3275 4453 stylo
3323 4382 3494 4505 aget?
3539 4389 3647 4436 est.

3400 4470 3431 4505 o
3473 4467 3542 4505 ex

3400 4467 3542 4506 ooex

2145 4594 2182 4620 ιιι
2214 4584 2431 4637 Codices
2457 4583 2685 4645 .Instelli,
2725 4581 2838 4634 Vat.
2877 4583 3108 4652 Reg‘nat.
3147 4592 3198 4636 et
3231 4583 3347 4637 Vat.
3375 4583 3532 4639 ΒΑΗ).
3568 4594 3648 4639 ta-

2077 4654 2251 4706 bulam
2287 4656 2555 4706 titulorum
2600 4654 2952 4722 praemittunt.
3001 4665 3050 4702 ιιι
3091 4668 3186 4704 suo
3229 4656 3420 4720 cuique
3449 4656 3650 4712 cationi

2004 4708 2050 4766 Ῑ)
2079 4727 2284 4777 titnlntn
2312 4708 2779 4790 rcpetitnm'ctiatn
2813 4723 3110 4790 prasligunt.
3146 4724 3309 4788 llnjus
3334 4708 3461 4778 vero
3483 4708 3650 4780 colle:

2078 4795 2270 4848 ctionis
2303 4810 2430 4847 mss.
2456 4794 2777 4860 exemplaria
2809 4796 2982 4844 tabula
3017 4796 3285 4857 praemissa
3315 4805 3521 4848 carent.
3551 4797 3649 4850 So-

2078 4865 2182 4919 lum
2210 4865 2260 4918 itt
2296 4876 2517 4932 utroque
2545 4863 2726 4916 Codice
2754 4862 2974 4915 Vittdel).
3008 4865 3073 4916 59
3103 4877 3148 4915 et
3173 4864 3245 4917 42
3267 4865 3398 4916 tituli
3421 4865 3648 4926 atﬁgun-

2081 4947 2165 4988 tur
2194 4937 2242 4987 in
2265 4949 2529 4986 eanomtm
2563 4935 2815 4998 margine,
2851 4934 2987 5000 iique
3029 4934 3148 4986 aliis
3193 4933 3363 4985 verbis
3406 4937 3646 5002 expressi

2080 5021 2140 5058 sn
2167 5016 2202 5055 ιι
2241 5019 2303 5059 ac
2344 5008 2393 5058 in
2426 5006 2697 5056 codimbns
2737 5002 2954 5056 aliarum
2987 5005 3380 5066 callet-tinuum,
3414 5020 3532 5070 qua!
3560 5006 3648 5058 .ln-

2079 5076 2349 5129 stelliano~
2384 5076 2419 5127 ti
2449 5076 2561 5126 nlos
2603 5073 2847 5125 similiter
2875 5075 3146 5125 exhibent.
3185 5073 3313 5125 Hinc
3352 5078 3648 5140 peculiares

2084 5146 2238 5209 hujus
2279 5145 2608 5197 collectionis
2639 5145 2817 5195 titulos
2846 5144 2896 5194 in
2926 5141 3355 5196 annotationibus
3401 5145 3648 5197 rccilahi-

2085 5231 2220 5277 mtt~,
2266 5215 2340 5267 ιιιί
2381 5218 2429 5265 in
2472 5215 2655 5266 iisdem
2687 5229 2814 5265 mss.
2843 5210 3104 5266 Crsarcis
3151 5211 3646 5269 Vitnlebonettsibus

2085 5284 2403 5341 ith‘ltilllUS.
2443 5284 2492 5336 in
2529 5284 2714 5350 quibus
2746 5283 3042 5349 aliquorum
3075 5297 3336 5335 canonum
3383 5285 3521 5336 titttii
3557 5285 3644 5336 de-

2084 5356 2404 5408 siderantur.
2449 5353 2608 5406 Primi
2651 5355 2870 5406 canonis
2914 5354 3094 5404 titnlns
3125 5355 3200 5405 sic
3240 5353 3509 5420 profertur
3535 5372 3548 5407 :
3577 5353 3647 5406 De

2085 5425 2364 5476 rationibus
2411 5425 2806 5494 uniuscujusque
2861 5421 3156 5494 venerabilis
3198 5425 3420 5476 concilii.
3459 5423 3644 5478 theri

2084 5496 2296 5548 codices
2338 5509 2458 5546 cum
2489 5493 2712 5547 Jnstcllo
2746 5494 2884 5546 hunc
2915 5493 3142 5562 primum
3173 5506 3430 5547 canonem
3465 5494 3645 5562 praefa-

2088 5564 2246 5616 tinnis
2273 5566 2440 5616 instar
2463 5563 2811 5630 prannittunt,
2840 5562 2922 5615 vel
2961 5561 3288 5630 inscriptioni
3317 5573 3604 5618 annectunt
3630 5578 3644 5627 ;

2087 5641 2142 5686 et
2178 5633 2400 5699 primum
2430 5647 2686 5688 canoncnt
2715 5632 2979 5698 referunt,
3009 5633 3098 5702 qui
3131 5635 3182 5686 in
3211 5633 3308 5688 hac
3338 5634 3646 5691 collectione

2087 5705 2349 5759 secundus
2373 5712 2473 5758 cst.
