3888 6182
369 316 477 371 530

1307 305 1645 363 APPENDIX
1683 305 1776 361 AD
1815 306 1871 360 S.
1913 301 2156 359 LEONlS
2194 299 2407 355 MAle
2446 299 2696 355 OPERA.

3515 291 3624 347 510

372 449 488 504 qua:
513 431 722 502 propria
741 429 1073 502 providentia
1087 427 1384 492 carcnt,vel
1408 442 1756 495 personarum
1783 425 1965 480 talium
1993 433 2046 492 Α
2071 422 2319 493 piendum
2361 437 2574 478 servum
2606 421 2670 475 ad
2703 418 3002 474 faciendum
3051 418 3368 473 monachum
3388 460 3402 482 ,
3443 432 3637 489 praeter

375 541 491 592 qua:
526 522 776 576 auxilium
805 519 1224 576 ecclesiasticum
1261 518 1529 587 postulant
1555 528 1772 587 propter
1802 518 1958 572 timo-

375 632 490 673 rem
515 616 629 671 Dei.
654 615 709 670 Si
733 614 849 684 quis
879 621 1055 667 autem
1084 625 1147 665 ea
1171 623 1287 679 quae
1318 610 1605 665 constituta
1641 619 1767 664 sunt
1791 618 1815 644 ⁸
1847 607 1961 664 νὶο‹

379 709 489 763 lare
513 707 820 771 tentaverit,
841 705 1218 760 ecclesiastica:
1239 701 1570 757 damnationi
1593 701 1882 770 suhjaceat.

451 799 475 837 δ
508 798 594 852 IV.
637 798 738 864 Qui
767 811 955 852 revera
978 805 1030 850 et
1056 793 1338 849 manifeste
1361 792 1659 848 solitariam
1692 793 1851 847 vitam
1875 806 1960 846 sc-

381 898 622 954 itantnr,
662 891 864 944 honore
903 886 1227 956 competenti
1261 887 1568 954 fungantur.
1605 885 1798 940 Verum
1830 898 1962 952 quo-

384 980 528 1033 niam
571 977 786 1048 quidam
829 979 928 1032 sub
973 985 1233 1046 praetextu
1276 985 1297 1013 ο
1352 970 1563 1029 habitus
1607 973 1958 1036 monachilis,

383 1069 674 1136 Ecclesias,
703 1069 863 1139 228
891 1077 944 1122 et
981 1076 1297 1131 conventus,
1329 1074 1382 1120 et
1420 1080 1506 1119 res
1536 1079 1848 1118 communes
1878 1064 1960 1118 di-

383 1161 651 1224 sturbant,
682 1159 923 1214 civitates
956 1157 1242 1212 indiscrete
1278 1155 1670 1210 circumeuntes
1705 1151 1732 1192 ἀ
1763 1165 1816 1210 et
1844 1169 1960 1209 mo-

387 1253 618 1306 nasteria
645 1251 746 1307 sibi
769 1250 1096 1306 constituere
1121 1249 1435 1304 studentes:
1470 1248 1674 1318 placuit
1703 1257 1724 1285 α
1759 1248 1960 1303 nullum

389 1359 650 1412 nusquam
693 1342 960 1396 mdilicare
992 1355 1178 1410 posse.
1212 1355 1383 1410 neque
1414 1339 1795 1393 monasterium
1833 1354 1964 1394 con-

388 1438 631 1498 st'atuere,
680 1448 852 1500 neque
893 1433 1184 1486 oratorium
1230 1432 1431 1500 absque
1470 1430 1701 1486 civitatis
1728 1430 1966 1499 episcopi

392 1525 684 1578 Voluptate.
720 1522 1007 1577 Monachus
1039 1537 1163 1576 vero
1193 1523 1278 1590 qui
1305 1531 1428 1576 sunt
1455 1537 1550 1590 per
1577 1521 1812 1590 singulas
1835 1521 1968 1576 civi-

391 1624 528 1669 tates
554 1624 608 1668 et
648 1630 739 1684 per
777 1613 1096 1682 provincias,
1123 1614 1389 1682 episc0pis
1419 1613 1657 1668 subditos
1687 1627 1826 1679 esse,
1863 1611 1882 1650 τ
1915 1623 1972 1667 et

391 1708 625 1776 quietem
663 1706 906 1776 diligere,
935 1718 988 1761 et
1014 1705 1230 1776 jejuniis
1273 1719 1391 1761 esse
1420 1713 1719 1774 contentos,
1767 1713 1822 1761 et
1849 1720 1968 1760 ora-

2065 515 2261 583 [:ruprii
2283 513 2482 569 domini
2513 515 2859 568 voluntatem.
2888 511 2988 577 Qui
3014 525 3139 565 vero
3165 512 3265 564 hoc
3291 512 3638 570 constitutum

2063 595 2308 660 nostrum
2348 607 2674 670 excesserit,
2721 620 2842 660 eum
2886 619 2916 658 a
2955 603 3335 658 communione
3387 606 3636 673 suspendi

2061 691 2088 732 δ
2112 694 2463 760 decrevimus,
2490 711 2558 749 ne
2581 710 2774 748 nomen
2798 694 2890 749 Dei
2914 693 3344 762 blasphematur;
3376 691 3639 751 lcivitatis

2062 799 2240 840 autem
2296 786 2604 856 episcopum
2664 795 2877 854 oportet
2931 794 3326 855 competentem
3388 798 3644 855 pratstare

2065 877 2450 946 providentiam
2482 876 2839 932 monasteriis.

2137 969 2152 1019 i
2203 970 2244 1025 V
2275 969 2352 1024 De
2380 968 2646 1038 episcopis
2674 968 2758 1023 vel
2793 967 3002 1022 clericis
3029 965 3116 1035 qui
3147 982 3207 1022 se
3233 967 3300 1022 de
3337 965 3552 1023 civitate
3591 965 3648 1022 in

2063 1061 2330 1114 civitatem
2361 1059 2707 1124 transierunt,
2751 1057 2946 1129 placuit
2989 1057 3149 1130 229
3186 1069 3242 1112 ut
3279 1072 3513 1115 canones
3551 1062 3651 1130 qui

2065 1165 2093 1204 a
2124 1151 2321 1205 sanctis
2360 1149 2604 1204 Patribus
2629 1150 2698 1206 de
2725 1149 2807 1204 his
2841 1151 2968 1220 ipsis
3005 1152 3278 1205 constituti
3311 1159 3459 1213 sunt,
3490 1166 3652 1207 suam

2070 1243 2299 1297 habeant
2328 1243 2656 1300 ﬁrmitatem.

2141 1330 2163 1371 ¹ί
2209 1333 2294 1386 Vl.
2333 1333 2545 1389 Nullum
2592 1335 2835 1389 absolute
2882 1333 3116 1390 ordinari
3156 1349 3328 1405 neque
3368 1335 3658 1407 presbyteo

2070 1441 2210 1490 nun,
2236 1441 2409 1496 neque
2436 1427 2738 1492 diaconum,
2763 1443 2936 1496 neque
2968 1426 3180 1496 penitus
3210 1443 3526 1498 quemquam
3551 1444 3656 1486 eo.

2069 1532 2187 1570 rum
2209 1517 2300 1585 qui
2322 1527 2446 1572 sunt
2466 1517 2522 1571 in
2542 1517 2903 1573 ecclesiastico
2923 1518 3133 1586 ordine,
3169 1516 3184 1554 ι
3216 1519 3316 1572 nisi
3345 1522 3658 1589 specialiter

2070 1608 2314 1664 ecclesia:
2344 1610 2598 1679 civitatis,
2621 1611 2706 1666 vel
2729 1610 2854 1675 vici,
2877 1612 2956 1666 vel
2985 1613 3247 1682 martyrii,
3283 1614 3370 1681 qui
3398 1614 3666 1670 ordinan-

2071 1700 2170 1756 dus
2200 1712 2301 1768 est,
2333 1703 2631 1759 declaratus
2659 1704 2835 1759 fuerit.
2864 1713 2904 1740 ω
2929 1705 3122 1758 Eorum
3151 1715 3324 1759 autem
3361 1706 3664 1762 ordinatio—

394 1799 622 1854 tiopibus
652 1800 703 1853 in
729 1798 834 1853 illis
861 1798 990 1854 locis
1023 1797 1333 1861 observare,
1361 1797 1412 1850 in
1440 1797 1633 1865 quibus
1658 1797 1854 1851 saeculo
1885 1811 1964 1851 re-
2000 1803 2048 1862 Β
2075 1806 2194 1846 nem
2228 1794 2316 1863 qui
2359 1790 2663 1863 ltujusm‘odi
2711 1794 2958 1851 absolute
2996 1795 3339 1861 ordinantur,
3378 1799 3664 1854 constituit

393 1889 666 1944 nuntiasse
694 1889 958 1943 videntur.
1001 1887 1343 1956 Nequaquam
1382 1896 1559 1941 autem
1591 1886 1972 1942 ecclesiasticis

394 1981 476 2033 vel
500 1979 847 2034 saacularibus
879 1979 1038 2033 rebus
1073 1980 1490 2042 communicare,
1527 1991 1624 2030 nec
1652 1976 1971 2046 importuni-

396 2079 558 2126 tatem
585 2071 804 2138 inferre,
830 2070 1055 2126 desertis
1081 2070 1308 2139 propriis
1332 2061 1814 2134 monasteriis,’nisi
1837 2069 1973 2126 forte

387 2162 604 2232 qumsiti
632 2162 830 2217 fuerint
859 2169 1076 2231 propter
1107 2161 1460 2216 necessariam
1493 2175 1706 2216 causam
1733 2177 1762 2215 a
1789 2161 1977 2218 civita-

394 2255 463 2308 tis
493 2250 770 2324 episcopo.
804 2264 829 2302 s
861 2255 1002 2308 Sane
1043 2253 1096 2307 in
1139 2252 1475 2307 ructtasteriis
1505 2265 1608 2309 non
1646 2266 1768 2309 esse
1804 2255 1971 2310 susci—

533 2387 656 2440 Vat.
694 2387 826 2456 Reg.
855 2403 976 2442 cum
1017 2387 1264 2456 Justello,
1291 2386 1418 2442 Luc.
1453 2398 1506 2444 et
1553 2387 1671 2444 Vat.
1713 2388 1849 2444 1542
1880 2391 1973 2445 ad-

393 2457 532 2528 dum.
548 2457 810 2528 deinceps.

470 2525 495 2564 1³
535 2525 743 2580 Titulus
774 2528 824 2580 in
853 2533 1090 2587 margine
1121 2527 1242 2582 cod.
1278 2527 1525 2594 Vindeh.,
1560 2527 1630 2582 Ut
1660 2528 1848 2594 absque
1888 2547 1975 2584 vo-

392 2597 596 2650 luntate
629 2597 648 2667 (
677 2598 1089 2666 subintelligitur
1127 2598 1392 2668 episcopi)
1433 2598 1545 2668 quis
1588 2615 1677 2652 nec
1719 2610 1975 2655 monaste-

399 2669 550 2739 rium,
580 2681 673 2739 nec
697 2668 986 2739 oratorium
1013 2668 1179 2738 facere
1207 2678 1501 2739 prtesumat,
1533 2677 1580 2722 et
1618 2672 1680 2722 de
1713 2671 1975 2724 monachis

406 2738 547 2810 dicit.
580 2735 668 2789 Illa
703 2753 859 2810 porro
890 2737 989 2801 Qui
1014 2735 1394 2810 revera'usque
1423 2739 1490 2792 ad
1530 2743 1814 2810 fungantur
1855 2742 1974 2794 loco

405 2807 537 2879 tituli
565 2814 777 2879 exstant
798 2807 858 2879 in
888 2822 986 2879 ms.
1026 2809 1140 2862 Vat.
1167 2809 1400 2876 Regium,
1423 2824 1484 2879 es
1515 2807 1831 2879 quo'noster
1860 2811 1974 2864 cul-

401 2875 570 2930 lector
615 2875 855 2945 profecit.
911 2877 1036 2932 llaec
1077 2875 1262 2933 eadem
1315 2880 1366 2931 in
1406 2875 1972 2934 aliis'collectionilms

405 2948 636 3001 I'riscam
675 2946 1030 3002 referentibus
1067 2950 1281 3018 pr0pius
1313 2950 1363 3001 in
1405 2949 1543 3003 tituli
1581 2947 1807 3004 formam
1842 2950 1972 3004 υπη-

403 3024 589 3090 τυιιῑιιί·
617 3017 692 3071 sic
721 3035 731 3068 :
759 3019 859 3083 Qui
884 3020 1038 3090 vitam
1064 3017 1346 3073 solitariam
1367 3027 1639 3090 sectantur,
1671 3030 1718 3073 et
1745 3037 1847 3090 quo
1876 3023 1969 3074 Ito-

404 3101 525 3156 nore
555 3089 852 3156 fungantur.
880 3088 1060 3142 Conon
1086 3099 1261 3142 autem
1292 3091 1494 3155 incipit,
1526 3089 1663 3143 sicut
1692 3088 1824 3144 etin
1851 3091 1968 3144 Vat.

404 3155 620 3228 Reginae
645 3155 657 3210 ἐ
683 3161 931 3221 Quoniam
960 3175 1074 3212 vero
1102 3159 1427 3228 quidamaln
1468 3158 1655 3212 Graeco
1697 3170 1873 3214 autem
1915 3169 1971 3216 et

405 3231 457 3279 tn
486 3227 603 3280 aliis
628 3231 836 3282 version
865 3231 962 3282 bus
996 3227 1146 3282 Dion.
1178 3239 1232 3284 et
1264 3227 1386 3284 Isid.
1417 3228 1555 3284 idem
1584 3229 1792 3285 initium
1819 3231 1975 3287 habet

407 3311 470 3351 ac
497 3299 550 3351 in
583 3308 760 3352 nostra
791 3299 1125 3352 collectione.

481 3367 682 3490 ﬂuit},
713 3369 886 3423 habitu
910 3368 1219 3423 monachali.
1245 3369 1376 3425 Luc.
1400 3377 1455 3423 et
1480 3367 1590 3424 Vat.
1622 3383 1779 3437 mss.,
1802 3369 1982 3425 habitu

481 3454 586 3490 tnac
628 3455 662 3490 ι.

407 3452 662 3492 ηιθηαεηι.

482 3506 507 3544 ⁴¹
547 3507 685 3564 Just.
728 3509 894 3574 male,
937 3519 982 3562 et
1023 3525 1121 3561 non
1167 3511 1489 3564 monasteria.
1538 3509 1726 3566 Melius
1755 3511 1882 3565 Luc.
1928 3522 1983 3569 et

413 3576 558 3639 Vat.,
587 3595 677 3632 nec
701 3597 800 3633 non
821 3591 866 3633 et
893 3581 1200 3633 monasteria

483 3657 506 3685 ο
550 3649 786 3718 Quesn.,
838 3649 1033 3704 nullam
1079 3667 1290 3719 usquam
1335 3651 1592 3714 aedificare
1635 3668 1782 3717 posse
1830 3653 1986 3706 eccle-

412 3719 562 3789 siam,
603 3736 783 3789 neque,
815 3731 920 3774 etc.
949 3722 1389 3776 COrreximnS‘ex
1427 3737 1555 3776 mss.
1593 3720 1746 3776 Vind.
1775 3732 1828 3774 et
1864 3723 1981 3777 Vat.

413 3787 648 3855 Regina}.
678 3787 936 3844 Justellns
963 3805 1081 3844 cum
1115 3806 1242 3844 mss.
1277 3791 1402 3844 Luc.
1437 3799 1490 3845 et
1524 3791 1660 3855 Vat.,
1699 3801 1754 3844 ut
1785 3792 1982 3846 nullum

412 3875 437 3911 c
475 3875 584 3910 rum
623 3875 835 3929 usquam
875 3861 1131 3928 tediﬁcare
1177 3862 1364 3925 liceat,-
1401 3877 1560 3926 neque
1602 3863 1987 3917 monasterium.

416 3929 579 3991 Dein,
623 3929 858 3983 monachi
889 3947 1000 3984 vero
1023 3973 1037 3998 ,
1069 3932 1156 4001 qui
1184 3931 1324 4000 apttd
1362 3929 1533 3999 Just”
1580 3931 1708 3986 Luc.
1742 3941 1797 3986 et
1830 3932 1946 3985 Vat.
1974 3971 1987 3998 ,

409 4008 679 4067 corrupte.

491 4067 510 4106 τ
552 4069 684 4124 Cod.
721 4069 835 4123 Vat.
869 4069 1087 4138 Regina:
1117 4085 1238 4124 cum
1270 4069 1432 4132 Just.,
1461 4069 1590 4124 Luc.
1624 4081 1674 4123 et
1705 4071 1812 4125 alio
1840 4071 1987 4135 Vat.,

413 4138 615 4194 addunt
649 4156 932 4195 censemus.
975 4139 1104 4192 Dein
1136 4154 1292 4193 voces
1318 4141 1370 4193 in
1402 4140 1582 4209 quibus
1617 4140 1988 4198 desiderantur

414 4210 552 4278 apud
582 4209 895 4276 Justellum,
938 4209 1025 4277 qui
1068 4209 1332 4278 delectum
1364 4210 1621 4264 asterisco
1665 4214 1888 4277 nutavit,
1936 4224 1990 4268 et

419 4277 513 4347 Iro
567 4281 830 4334 observare
869 4278 1098 4349 coniecit
1142 4277 1278 4334 forte
1319 4280 1598 4347 legendum
1649 4297 1984 4349 perseverare.

417 4352 538 4404 Mox
571 4349 760 4404 .lustel.
794 4365 912 4404 eum
943 4348 1067 4402 Luc.
1109 4360 1163 4404 et
1190 4349 1308 4404 Vat.
1345 4350 1487 4405 delet
1514 4348 1699 4405 autem.

489 4430 514 4467 ις
556 4420 715 4492 Iidem
741 4429 849 4474 tres
869 4419 1024 4474 codd.
1049 4419 1208 4483 Just.,
1232 4420 1360 4476 Luc.
1384 4430 1439 4475 et
1462 4421 1604 4486 Vat.,
1637 4413 1773 4476 Sane
1797 4423 1990 4492 placuit

418 4501 470 4542 ut
501 4490 698 4563 nullum
719 4507 916 4563 servum
945 4492 1217 4563 suscipiant
1239 4492 1291 4544 in
1313 4494 1419 4547 suis
1443 4494 1764 4546 monasteriis
1792 4490 1860 4546 ad
1883 4510 1990 4546 mo-

2074 1894 2258 1939 sancta
2285 1887 2519 1956 synodus
2557 1887 2884 1941 inefﬁcacem
2927 1902 3075 1956 esse,
3114 1896 3168 1942 et
3200 1905 3456 1958 nusquam
3495 1905 3668 1960 posse

2073 1973 2139 2028 ad
2171 1975 2465 2028 ortlinantis
2497 1977 2741 2046 injuriam
2773 1978 3088 2046 praevalere.

2146 2082 2174 2110 ιι
2213 2071 2321 2125 VII.
2363 2070 2464 2136 Qui
2489 2070 2656 2125 semel
2683 2071 2883 2124 suntin
2911 2070 3056 2124 clero
3077 2071 3325 2135 ordinati,
3354 2072 3436 2127 vel
3466 2088 3674 2126 mona-

2075 2167 2164 2220 chi
2192 2166 2314 2222 laCti
2343 2174 2488 2228 sunt,
2517 2163 2889 2218 constituimus
2908 2178 3081 2231 neque
3101 2163 3166 2217 ad
3193 2151 3460 2228 militiam,
3483 2181 3674 2234 neque

2075 2260 2140 2313 ad
2161 2259 2472 2330 dignitatem
2495 2256 2804 2311 saecularem
2835 2257 3040 2312 venire.
3073 2264 3097 2291 ο
3129 2256 3258 2310 Cum
3292 2255 3555 2310 veroboc
3575 2272 3672 2310 ar-

2077 2397 2273 2465 primus
2313 2391 2634 2465 inomnibus
2662 2389 3084 2465 collectionibus.
3120 2391 3388 2465 Fallitur,
3431 2405 3496 2465 eo
3533 2393 3673 2465 quia

2078 2460 2256 2533 priora
2289 2463 2451 2518 verba
2487 2460 2562 2514 De
2589 2462 2866 2533 episcopis.
2900 2461 2986 2533 vel
3001 2461 3226 2533 clericis,
3265 2462 3429 2531 quise
3452 2461 3517 2515 de
3542 2464 3674 2515 civi-

2077 2531 2200 2587 tate.
2219 2573 2235 2589 .
2254 2574 2267 2588 .
2288 2571 2302 2586 .
2333 2535 2668 2601 transferunt,
2695 2532 2752 2601 in
2774 2545 2872 2584 suo
2892 2532 3078 2584 codice
3094 2531 3260 2601 titulo
3283 2533 3516 2599 ascripta
3542 2547 3673 2599 per-

2077 2604 2334 2672 Spiciens,
2371 2599 2871 2672 non'animadvertit
2902 2600 3014 2654 haec
3040 2600 3110 2672 ad,
3132 2599 3306 2668 ipsum
3333 2616 3598 2672 canonem
3635 2601 3670 2657 5

2076 2669 2386 2729 referenda.
2427 2673 2643 2726 Canone
2675 2669 2847 2738 primo
2871 2671 3170 2739 generatim
3207 2685 3396 2726 omnes
3424 2671 3522 2726 SS.
3562 2672 3674 2725 Pa-

2081 2753 2217 2798 trum
2247 2757 2483 2798 canones
2513 2741 2933 2804 confirmantur;
2965 2740 3050 2793 hic
3081 2751 3258 2795 autem
3291 2741 3324 2795 ii
3359 2741 3669 2808 peculiares

2079 2815 2360 2867 ﬁrmantur
2403 2827 2656 2874 canones,
2702 2811 2791 2879 qui
2831 2810 3201 2878 episcoporum
3249 2820 3303 2864 et
3345 2812 3674 2866 clericorum

2077 2885 2568 2952 transmigrationes
2617 2881 2919 2945 prohibent.
2967 2882 3086 2935 Mox
3129 2881 3269 2936 Just.
3309 2890 3364 2936 et
3397 2880 3541 2946 Vat.,
3589 2882 3679 2938 De

2075 2955 2277 3008 civitate
2308 2957 2364 3007 in
2392 2954 2548 3007 aliam
2576 2952 2911 3021 transferunt.

2147 3022 2172 3062 ιι
2212 3025 2418 3078 Titulus
2439 3024 2491 3077 in
2520 3036 2690 3091 marg.
2728 3035 2858 3075 mss.
2899 3021 3080 3084 Vind.,
3115 3021 3180 3076 Ut
3211 3023 3263 3075 in
3292 3021 3511 3090 publicis
3541 3023 3705 3080 locis'

2073 3095 2326 3148 ordinatio
2366 3095 2476 3159 ﬁat.
2519 3091 2772 3146 .lnstellus
2800 3091 2967 3157 prima
3009 3093 3169 3146 verba
3207 3093 3326 3146 loco
3349 3093 3486 3146 tituli
3514 3092 3677 3147 exhi-

2078 3164 2168 3218 bet
2199 3182 2210 3216 :
2252 3163 2470 3217 Nullum
2497 3162 2725 3216 absolute
2753 3162 2899 3214 liceat
2938 3163 3186 3223 ordinari.
3236 3161 3354 3216 Vat.
3389 3161 3521 3231 Reg.
3543 3203 3558 3227 ,
3599 3162 3678 3217 Ut

2083 3235 2300 3314 nullum.
2332 3235 2390 3288 ln
2436 3233 2517 3287 his
2543 3243 2718 3314 autem
2744 3233 3142 3314 canon-incipit
3175 3247 3201 3284 a
3238 3233 3458 3314 pacibus
3487 3233 3680 3314 Neque

2085 3306 2450 3373 presbyterum,
2475 3315 2578 3357 etc.
2607 3302 2759 3370 Apud
2786 3301 3064 3356 iusti-Ilum
3090 3303 3274 3369 plurali
3299 3317 3525 3356 numero
3549 3301 3634 3356 sic
3663 3320 3680 3356 ι

2088 3374 2264 3444 Neque
2287 3375 2614 3442 presbyteros,
2633 3389 2794 3444 neque
2812 3373 3077 3444 diaconos,
3098 3388 3254 3439 neque
3275 3374 3475 3444 penitus
3495 3389 3682 3441 quem-

2085 3443 2236 3512 quam
2275 3445 2338 3498 de
2364 3445 2443 3497 Itis
2471 3444 2555 3509 qui
2583 3452 2701 3496 sunt
2728 3443 2879 3495 intra
2905 3443 3294 3495 ecclesiasticum
3325 3443 3552 3494 ordinem
3571 3486 3584 3508 ,
3621 3453 3680 3496 et

2087 3515 2156 3568 ob
2186 3516 2357 3580 priora
2392 3513 2551 3568 verba
2585 3514 2636 3565 in
2666 3513 2875 3565 titulum
2906 3512 3126 3581 rejecta,
3159 3513 3224 3565 ad
3263 3527 3477 3565 sensum
3510 3514 3681 3580 perﬁ-

2087 3584 2333 3637 ciendum
2364 3583 2575 3637 additur
2599 3583 2852 3636 declarari
2885 3583 3033 3636 liceat
3067 3598 3084 3635 :
3111 3599 3230 3648 qua
3267 3583 3460 3635 absunt
3488 3597 3516 3633 ε
3546 3583 3678 3637 cod.

2090 3653 2206 3707 Vat.
2234 3653 2470 3722 Reginae,
2493 3664 2547 3708 et
2580 3654 2747 3706 multo
2790 3655 2954 3720 magis
2993 3653 3060 3706 ab
3099 3653 3218 3707 aliis
3250 3652 3406 3706 codd.
3443 3652 3576 3706 Luc.
3624 3662 3683 3708 et

2090 3723 2233 3789 Vat.,
2263 3727 2350 3793 qui
2381 3739 2532 3790 irque
2556 3737 2618 3778 ac
2646 3724 2966 3790 exemplaria
3001 3732 3194 3776 nostrtn
3222 3723 3555 3793 collectionis
3582 3737 3682 3775 ca-

2091 3792 2293 3848 nonem’
2325 3793 2574 3848 inclinant
2614 3808 2641 3845 a
2689 3793 2867 3846 verbis
2905 3810 2918 3844 :
2968 3792 3188 3845 Nullum
3239 3793 3469 3846 absolute
3519 3792 3682 3844 liceat

2090 3863 2339 3917 ordinari.
2395 3863 2622 3918 Verbum
2670 3863 2816 3917 liceat
2863 3862 3013 3918 deest
3059 3864 3111 3917 in
3159 3863 3288 3916 so'is
3333 3877 3461 3916 mss.
3515 3861 3680 3931 hujus

2089 3933 2441 3988 collectionis.
3127 3965 3132 3970 -

2167 4005 2182 4038 ι
2225 4002 2358 4057 Cod.
2391 4002 2543 4068 Luc.,
2575 4003 2671 4055 nisi
2710 4002 3032 4067 peculiariter
3059 4004 3282 4056 ecclesire
3306 4001 3526 4054 civitatis
3545 4041 3558 4060 .
3585 4011 3682 4055 aut

2091 4074 2437 4144 possessiOnis,
2475 4082 2564 4125 aut
2603 4074 2852 4142 martyrii,
2883 4082 2969 4126 aut
2999 4073 3312 4140 monasterii,
3343 4073 3432 4140 qui
3457 4071 3681 4125 ordino-

2091 4155 2168 4197 tus
2197 4153 2288 4208 est,
2311 4145 2681 4213 pronuntietur.

2161 4223 2198 4249 ω
2235 4211 2375 4266 Just.
2403 4213 2602 4283 etrVat.
2636 4213 2792 4273 1342,
2827 4211 3028 4266 Horum
3055 4220 3218 4283 autem
3245 4211 3682 4283 ordinatiojlegc

2091 4282 2482 4354 ordinationem]
2505 4281 2798 4351 hujusmodi
2827 4283 3063 4354 constitui
3087 4280 3223 4354 [lege
3250 4280 3679 4354 constituithau-

2091 4364 2169 4404 cta
2190 4354 2410 4422 synodus
2437 4352 2739 4420 ine/ﬁcacem
2767 4369 2871 4406 esse
2891 4394 2903 4414 ,
2935 4361 2981 4406 et
3009 4353 3061 4406 in
3094 4352 3245 4422 nullo
3268 4367 3412 4418 posse
3437 4353 3505 4403 ad
3537 4354 3682 4404 ordi-

2092 4420 2251 4476 nandi
2271 4423 2449 4493 _|_Vat.,
2480 4428 2548 4475 ad
2576 4423 2906 4477 ordinationis
2925 4465 2940 4482 ,
2975 4423 3092 4493 lego
3117 4438 3184 4493 es
3213 4420 3400 4474 Graeco
3435 4424 3504 4474 ad
3535 4424 3680 4474 ordi-

2093 4491 2552 4574 nantislinjuriant
2580 4494 2889 4574 pt'tevalere._
2921 4493 3040 4546 Ilaec
3072 4492 3228 4573 lectio
3258 4495 3443 4574 priscte
3471 4493 3678 4546 versio-

421 4559 638 4615 uarhum
663 4561 956 4629 faciendum
983 4559 1089 4616 sine
1118 4564 1310 4632 praprii
1339 4563 1532 4616 domini
1560 4563 1829 4616 voluntate.
1871 4564 1987 4619 Vat.
2020 4568 2071 4627 D
2099 4564 2180 4616 nis
2211 4559 2329 4632 cum
2360 4559 2524 4616 nimis
2553 4559 2774 4617 e‘rronea
2807 4564 3104 4624 videretur,
3136 4562 3190 4615 in
3220 4561 3341 4614 cod.
3375 4561 3505 4616 Luc.
3543 4579 3678 4628 prae-

422 4631 549 4698 Iicg.
583 4633 850 4697 similiter,
888 4631 1125 4701 exceptis
1163 4642 1392 4700 quatuor
1423 4636 1704 4697 postremis
1732 4634 1949 4687 vocibus
1969 4676 1983 4698 ,

419 4715 550 4768 quas
583 4717 701 4755 cum
736 4715 916 4757 nostro
948 4712 1098 4756 textu
1127 4704 1205 4756 sic
1233 4703 1385 4756 ell‘.~rt
1411 4721 1422 4754 :
1451 4713 1632 4769 printer
1663 4705 1858 4770 proprii
1889 4705 1983 4756 do-

423 4771 546 4822 mini
573 4773 900 4826 voluntatem.
947 4775 1076 4828 Dein
1109 4782 1215 4826 tres
1245 4772 1441 4826 laudati
1476 4774 1634 4826 codd.
1679 4773 1858 4828 delent
1898 4790 1986 4827 no-

422 4848 604 4895 atrum.

491 4907 519 4980 ll
558 4909 690 4980 Cod.
718 4911 835 4964 Vat.
868 4913 998 4980 Reg.
1025 4925 1144 4964 cum
1175 4911 1345 4965 tribus
1367 4909 1614 4978 laudatis,
1652 4911 1986 4965 decernimus.

498 4978 514 5013 ί
560 4978 632 5033 Ita
665 4981 835 5054 iidem
855 4978 1010 5036 codd.
1035 4981 1370 5054 Quesnellus,
1399 4980 1670 5054 Civitatum
1692 4992 1870 5054 autent
1884 4985 1990 5054 epi-

419 5064 630 5117 scapos;
670 5061 724 5104 ct
756 5052 877 5104 dein
919 5067 1014 5120 pro
1053 5059 1294 5120 prwstare
1334 5052 1490 5105 habet
1533 5051 1802 5114 exhibere;
1846 5051 1987 5107 Just.

418 5120 576 5184 cod.,
606 5123 914 5192 impendere.
955 5123 1153 5176 Eadem
1196 5122 1516 5190 exemplaria
1557 5131 1748 5189 pra-ter
1777 5126 1987 5178 codices

420 5199 620 5246 nostra:
680 5192 1013 5248 collectionis
1081 5193 1198 5246 voci
1271 5193 1589 5246 monasteriis
1661 5197 1990 5262 prmmittuut

419 5263 636 5316 cunctis.

494 5329 508 5379 i
546 5330 726 5403 ACodd.
763 5331 918 5387 Vind.
941 5332 1084 5388 hunc
1114 5333 1322 5388 titulum
1352 5332 1578 5403 margini
1605 5331 1862 5401 alligunt:
1893 5332 1992 5399 Qui

420 5398 486 5451 de
510 5401 781 5456 civitatein
808 5404 1057 5458 civitatem
1090 5405 1296 5460 vadunt.
1329 5403 1384 5458 In
1413 5398 1658 5458 omnibus
1680 5398 1796 5458 aliis
1830 5398 1995 5458 colle-

420 5469 685 5526 ctionibus
715 5474 891 5541 priora
924 5475 1082 5529 verba
1113 5476 1267 5544 hujus
1294 5475 1515 5529 canonis
1555 5489 1651 5543 pro
1685 5475 1838 5544 titulo
1864 5473 1994 5538 elle-

421 5549 632 5616 rnutur,
662 5552 716 5596 et
741 5558 908 5598 canon
939 5545 1123 5616 incipit
1151 5543 1374 5616 a'vcrbo
1405 5546 1616 5616 placuit:
1650 5543 1837 5598 Melius
1867 5557 1994 5616 vero

423 5612 476 5662 in
513 5625 640 5662 mss.
676 5620 871 5666 nostrae
909 5612 1272 5680 collectiOuis,
1317 5615 1454 5668 sicut
1495 5616 1546 5667 in
1579 5613 1762 5667 Grmco
1789 5623 1843 5667 et
1876 5612 1995 5666 aliis

422 5681 777 5745 versionibus,
804 5696 866 5735 ea
899 5685 1072 5749 priom
1111 5687 1269 5736 verba
1299 5700 1402 5738 non
1434 5685 1500 5737 ad
1535 5684 1767 5748 titulum,
1800 5682 1892 5737 sed
1927 5682 1992 5736 ad

425 5763 680 5803 cauoneui
717 5751 1001 5810 pertinent.
1043 5753 1294 5810 lustcllus
1325 5753 1525 5810 notavit
1553 5772 1564 5805 ;
1592 5753 1688 5807 llic
1726 5768 1888 5807 canon
1920 5760 1993 5807 est

2098 4634 2249 4686 terita
2302 4631 2441 4700 luit,
2500 4644 2554 4687 et
2607 4634 2890 4686 snhstituta
2945 4633 3048 4686 alia
3107 4632 3264 4686 lectio
3315 4647 3379 4684 es
3438 4632 3677 4702 Dionysii

2096 4704 2339 4758 versione
2384 4704 2460 4757 sic
2503 4721 2514 4754 :
2569 4702 2668 4765 Qui
2714 4719 2827 4756 vero
2862 4703 3084 4756 absolute
3121 4703 3408 4763 ordinatur,
3461 4702 3682 4754 dormit

2095 4783 2268 4825 sancta
2307 4774 2532 4841 synodus
2577 4774 2774 4824 irritam
2799 4789 2907 4826 esse
2933 4773 3230 4842 hujusmodi
3253 4787 3433 4842 uiantis
3460 4773 3678 4839 imposi-

2095 4845 2300 4903 tionem,
2331 4839 2374 4914 et
2403 4859 2586 4895 manus
2619 4859 2773 4912 quant
2814 4843 2952 4914 [lege
2981 4839 3321 4914 étnusryam]
3353 4858 3498 4911 posse
3529 4842 3680 4914 mini-

2096 4925 2258 4966 strare
2293 4913 2358 4964 ad
2385 4911 2668 4966 ardinantis
2697 4911 2960 4982 injuriam.
3007 4913 3120 4966 Val.
3165 4911 3297 4980 Reg.
3329 4921 3570 4964 nostram
3605 4912 3680 4965 le-

2099 4982 2332 5036 Ctionettt
2366 4983 2660 5050 approbat,
2707 4995 2926 5050 exrepta
2975 4983 3162 5036 harum
3213 4996 3396 5036 vocum
3441 4983 3674 5050 synlaxi,

2098 5055 2468 5106 ordinationem
2502 5055 2815 5123 hujusmodi,
2845 5054 2929 5117 qui
2958 5053 3209 5123 absolute.
3265 5051 3378 5123 Mox
3429 5067 3680 5123 nusquam

2097 5139 2194 5192 pro
2238 5140 2498 5191 nunquam
2528 5119 2928 5178 eiuendavimus
2975 5138 3039 5177 es
3078 5119 3261 5188 Vind.,
3311 5121 3430 5176 Vat.
3463 5122 3682 5192 Regina:

2096 5195 2320 5262 aliisque
2350 5192 2508 5246 codd.

2170 5272 2197 5298 υ
2239 5260 2443 5315 Titulus
2472 5261 2538 5316 in'
2555 5277 2684 5318 mss.
2717 5261 2898 5331 Vind.,
2943 5260 3010 5317 Ut
3056 5261 3291 5317 monachi
3331 5261 3402 5316 ad
3446 5263 3678 5316 militiam

2099 5349 2196 5386 non
2225 5337 2456 5385 redeant.

2170 5410 2194 5436 °
2234 5403 2371 5456 Just.
2400 5442 2415 5468 ,
2462 5401 2523 5457 Si
2552 5418 2668 5456 vero
2695 5401 2790 5455 hoc
2827 5403 3160 5466 arripientes,
3190 5411 3368 5460 etnon
3388 5403 3678 5470 praenitentes

2099 5483 2412 5526 revertantur
2440 5474 2510 5525 ad
2540 5472 2675 5538 quod
2704 5483 2851 5526 antea
2879 5473 3154 5543 elegerunt.
3200 5472 3330 5526 Luc.
3363 5485 3418 5527 et
3447 5473 3593 5538 Vat.,
3625 5470 3678 5525 Si
3759 5470 3763 5472 ’

2098 5558 2213 5597 vero
2239 5543 2332 5596 hoc
2357 5543 2686 5611 arripuerint.
2716 5543 2940 5609 Quesn.,
2973 5543 3071 5595 nisi
3100 5544 3390 5610 pernitenm
3423 5559 3442 5597 :
3473 5543 3680 5610 scripsio

2097 5627 2217 5666 mus
2252 5622 2298 5665 et
2335 5630 2436 5667 non
2475 5615 2762 5683 pmnitentes
2808 5628 2928 5668 cum
2977 5613 3224 5666 omnibus
3279 5615 3478 5671 nostris
3526 5612 3680 5671 codd.

2099 5683 2220 5740 Mox
2254 5683 2379 5740 Luc.
2400 5725 2413 5751 ,
2448 5681 2649 5754 propter
2695 5681 2858 5739 Deum
2883 5684 3027 5753 prius
3053 5684 3330 5754 elegerunt.
