3888 6182
207 375 291 430 Sili
643 374 870 429 CUDEX
912 370 1235 427 (ΞΛΜ)Νωί
1281 369 1564 425 ECCHIS.
1610 369 1695 424 ET
1736 368 1757 423 (

1877 367 2318 423 sTt'iurenust
2358 368 2413 420 s.
2457 315 2644 423 sanis
2683 325 2991 424 Aposton

3345 371 3447 426 5ιῖ

205 491 486 560 ripuermt,
535 498 590 542 et
631 504 734 541 non
783 485 1103 556 pmnitcntes
1150 485 1214 538 ad
1255 483 1356 536 hoc
1408 492 1766 550 revertantur,
1798 487 1844 544 Α
1875 483 2100 537 clericus
2152 481 2590 552 disceptationem
2640 482 2832 536 haheat
2876 497 2996 538 cum
3043 484 3452 553 metropolitano

209 583 328 652 quod
364 590 582 651 propter
620 579 786 634 Deum
817 579 1121 648 elegerant;
1161 577 1698 631 anathematizentur.

269 673 421 745 23o
461 681 486 709 ι
531 671 655 725 Vlll.
699 669 887 724 Clerici
919 670 1009 740 qui
1041 684 1331 738 pauperum
1363 667 1769 736 dispenSationi,

211 765 284 820 vel
321 763 798 826 monasteriorum,
841 762 922 814 vel
971 763 1343 830 martyriorum
1388 767 1642 828 praesunt,
1672 757 1772 812 sub

216 864 454 925 potestate
480 851 508 890 δ
531 852 856 922 singularum
885 851 1153 905 civitatum
1184 852 1553 919 episcoporum
1584 865 1772 904 secun-

219 954 321 1001 dum
343 955 646 1002 sanctorum
670 959 935 998 canonum
959 942 1294 997 traditionem
1320 941 1640 1010 perdurent;
1674 955 1772 996 nec

222 1057 297 1111 per
321 1054 463 1093 suam
501 1036 852 1092 temeritatem
880 1036 1114 1104 episcOpi
1138 1037 1214 1088 sui
1242 1033 1656 1088 moderationem
1680 1035 1772 1088 de-

221 1131 416 1185 clinent.
446 1127 546 1194 Qui
569 1137 746 1182 autem
778 1126 1079 1195 hujusmodi
1103 1126 1504 1194 dispositionem
1535 1123 1772 1192 quolibet

223 1221 356 1276 modo
379 1219 694 1274 subvertere
723 1219 834 1272 ausi
863 1217 1086 1283 iuerint,
1124 1227 1178 1272 et
1206 1217 1454 1286 episcopo
1479 1231 1577 1272 suo
1605 1226 1629 1255 ο
1665 1231 1771 1269 non

221 1311 567 1373 obedierint,si
590 1310 802 1380 quidem
826 1310 1003 1365 clerici
1026 1308 1242 1375 fuerint,
1266 1309 1534 1364 canonica:
1554 1308 1773 1362 damna-

221 1406 327 1459 tioni
363 1403 704 1472 subjaceant;
743 1402 789 1456 si
819 1413 994 1458 autem
1027 1401 1270 1456 monachi
1301 1413 1389 1456 aut
1423 1402 1536 1456 laici
1567 1409 1712 1465 sunt,
1741 1415 1769 1454 a

220 1494 567 1550 communione
603 1491 1012 1563 suspendantur.

275 1585 297 1623 ἀ
333 1585 418 1640 1X.
458 1585 514 1640 Si
550 1585 670 1653 quis
697 1584 923 1639 clericus
954 1599 1074 1638 cum
1101 1584 1296 1639 clerico
1335 1597 1550 1637 causam
1587 1572 1767 1649 habet,

218 1680 496 1747 episcopum
521 1691 676 1730 suum
701 1691 804 1729 non
831 1674 1064 1744 deserat,
1102 1684 1157 1728 ut
1190 1675 1254 1729 ad
1276 1675 1468 1743 judicia
1497 1674 1770 1728 saecularia

218 1777 402 1833 currat;
442 1767 536 1822 sed
569 1767 721 1837 prius
749 1775 772 1804 °
809 1767 948 1836 apud
977 1767 1282 1834 episcopum
1320 1781 1471 1820 suum
1503 1767 1771 1820 examinet

218 1874 405 1914 causam
448 1876 461 1911 ε

218 1965 355 2005 causa
391 1948 598 2004 dicatur
620 1947 758 2018 apud
799 1946 986 2018 quos,f
1012 1958 1190 2018 partes
1227 1959 1520 2018 coeperant.
1559 1947 1617 2002 Si
1647 1948 1765 2016 quis

219 2053 368 2097 autem
393 2052 574 2096 contra
616 2043 732 2096 haec
759 2042 941 2095 venire
973 2040 1273 2104 tentaverit,
1304 2039 1574 2116 canonicis
1601 2040 1766 2093 inter-

219 2134 347 2188 dictis
371 2133 658 2203 subjaceat.
693 2133 847 2202 231
879 2131 935 2186 Si
957 2147 1082 2186 vero
1103 2131 1202 2186 elei
1220 2132 1333 2184 ieus
1366 2140 1390 2178 ε
1415 2131 1607 2185 habeat
1635 2145 1760 2186 cau-

219 2241 310 2277 sam
329 2239 439 2279 eum
466 2235 724 2278 extraneo
754 2223 1026 2292 episcopo,
1051 2222 1133 2276 vel
1153 2210 1414 2287 cunt‘suo,
1437 2220 1574 2290 apud
1604 2235 1763 2290 syno-

218 2318 321 2368 dum
341 2313 617 2384 provinciae
640 2327 856 2367 causam
881 2314 1040 2366 dicat.
1078 2314 1132 2367 Si
1162 2321 1336 2366 autem
1362 2312 1642 2380 episeupus
1673 2321 1762 2364 aut

274 2498 295 2525 ⁸
332 2489 426 2544 Tit.
471 2491 522 2543 in
563 2505 694 2544 mss.
728 2488 882 2544 Vind.
908 2530 922 2554 ,
971 2487 1037 2541 Ut
1075 2489 1446 2554 dispensatores
1478 2505 1757 2558 pauperum

219 2562 416 2627 episcopo
442 2577 533 2614 suo
563 2561 817 2614 obediant.
872 2559 1004 2614 Cod.
1035 2558 1162 2613 Luc.
1188 2599 1202 2620 ,
1245 2559 1422 2612 Clerici
1460 2560 1547 2628 qui
1584 2560 1758 2628 pl'wﬁ-

219 2634 391 2682 cientur
416 2647 693 2699 pauperum
724 2630 1103 2694 dispensationi,
1137 2629 1213 2681 vel
1247 2630 1684 2692 monasteriorum,
1712 2640 1759 2681 et

217 2702 407 2754 basilicis
429 2711 706 2768 martyrum
732 2700 820 2752 sub
848 2700 1122 2768 episcopis,
1152 2699 1239 2768 qui
1273 2699 1326 2750 in
1356 2714 1657 2767 unaquaque
1685 2701 1758 2750 ci-

217 2772 344 2823 vitate
374 2780 514 2836 sunt,
555 2767 835 2823 secundum
874 2781 1163 2822 sanctorum
1211 2767 1419 2821 Patrum
1465 2769 1762 2822 traditiones

217 2852 548 2908 permaneant,
591 2857 652 2893 ne
679 2855 767 2906 per
796 2855 938 2892 suam
963 2879 976 2898 .
1010 2848 1116 2893 etc.
1164 2839 1287 2892 llaec
1327 2853 1390 2891 ex
1443 2839 1759 2908 Dionysiana

218 2914 428 2964 tersioue
457 2911 607 2965 luere
635 2921 906 2977 excerpta.
950 2907 1048 2961 Ms.
1086 2908 1202 2962 Vat.
1237 2907 1759 2977 lsidorianam’pror-

211 2995 291 3033 sas
319 2981 508 3047 recepit
535 2980 562 3032 ἐ
606 2981 786 3033 Clerici
823 2984 873 3031 in
903 2977 1096 3050 ptachis
1125 2979 1260 3050 (loca
1293 2979 1684 3050 inpendicorum)
1713 2987 1760 3030 et

212 3051 518 3109 monasteriis.
559 3061 689 3114 δια,
737 3060 794 3104 ut
822 3050 872 3102 in
904 3048 1060 3118 Vvulg.
1107 3048 1227 3103 lsit'l.
1265 3057 1301 3102 t.
1334 3048 1398 3103 IV
1428 3049 1596 3104 Conc.
1624 3049 1758 3104 Ven.

209 3121 342 3180 esit.,
371 3123 472 3174 col.
506 3121 660 3176 l705.

265 3188 290 3226 δ
324 3189 408 3244 Sic
431 3191 586 3244 codd.
626 3190 778 3242 Vind.
811 3197 864 3242 et
893 3187 1011 3242 Vat.
1045 3189 1174 3256 Reg.
1216 3189 1553 3256 Quesnellus,
1584 3190 1758 3248 sinau-

204 3259 389 3312 laritnn.
437 3262 589 3325 Apud
637 3259 772 3313 Just.
815 3260 986 3321 male,
1031 3259 1336 3312 insularum.
1380 3259 1496 3313 Iinx
1538 3261 1596 3314 in
1639 3260 1755 3311 Vat.

204 3328 316 3400 lleg.
341 3371 369 3400 ,γ
392 3332 665 3383 secundum
694 3337 980 3382 sanctorum
1015 3329 1230 3400 Patrum
1259 3345 1508 3382 canonum
1532 3328 1761 3382 traditio-

202 3397 319 3452 nem.
347 3399 504 3465 Just.,
533 3401 808 3453 scentulum
851 3409 1139 3452 sanctorum
1183 3397 1398 3452 Patrum
1442 3400 1756 3452 traditionem

202 3471 474 3533 perdurent,
507 3486 597 3524 nec
621 3485 712 3522 sua
743 3471 1034 3522 temeritate.
1401 3529 1408 3534 ι

264 3548 286 3576 ε
327 3539 440 3593 Vat.
477 3541 605 3608 Reg.
634 3555 751 3594 cum
792 3538 925 3592 Just.
970 3545 1022 3591 et
1055 3539 1212 3604 Luc.,
1247 3553 1348 3590 non
1385 3535 1611 3608 dederint
1639 3553 1759 3590 con-

199 3620 324 3680 sueta
348 3652 361 3673 ,
395 3607 666 3680 siquidem.
720 3609 833 3663 ΜΟ(
861 3648 874 3672 ,
907 3609 1023 3661 laici
1053 3611 1152 3662 sint
1189 3611 1239 3662 in
1275 3609 1390 3662 Vat.
1437 3607 1566 3680 Reg.
1605 3608 1756 3673 Apud

198 3678 318 3733 Just.
350 3678 469 3735 cum
502 3695 604 3734 ms.
631 3681 758 3733 Luc.
777 3718 790 3743 ,
832 3679 946 3731 laici
979 3680 1193 3749 fuerint,
1220 3696 1252 3731 a
1279 3679 1628 3732 communione
1654 3695 1761 3734 ces-

200 3759 314 3799 sent.

260 3815 285 3854 δ
320 3819 422 3873 Tit.
478 3821 528 3872 in
578 3819 733 3873 Vind.
779 3835 947 3887 marg.
984 3838 996 3873 :
1030 3818 1089 3872 Si
1130 3819 1338 3873 clericus
1383 3828 1558 3882 contra
1600 3820 1758 3873 alium

1875 575 2146 642 episcopo,
2176 583 2266 627 aut
2297 573 2363 627 ad
2389 573 2687 628 dicereseos
2727 573 2950 640 primani
2981 572 3162 628 sedem
3195 585 3452 643 recurrat,

1874 677 1962 718 aut
1985 664 2048 719 ad
2069 663 2248 719 sedem
2271 662 2931 734 Constantinopolitanam,
2957 665 3093 735 apud
3118 680 3272 734 quam
3293 679 3454 721 causa

1873 756 2080 810 dicatur
2102 752 2150 808 ιι.

1951 844 1966 883 ί
2013 845 2079 900 Χ.
2119 845 2235 900 Non
2271 846 2431 901 licere
2469 846 2726 902 clericum
2760 847 2811 899 in
2852 846 3072 900 duarum
3106 846 3306 914 pariter
3325 848 3454 902 civi-

1875 948 2036 993 tatum
2067 938 2324 993 Ecclesiis
2367 938 2597 994 militare
2639 956 2651 991 :
2693 939 2744 992 in
2783 953 2883 1008 qua
2917 938 3142 1006 primum
3179 938 3454 993 ordinatus

1873 1040 1973 1094 est,
1999 1041 2052 1084 et
2073 1030 2135 1083 ad
2170 1045 2324 1096 quam
2355 1029 2504 1099 quasi
2535 1030 2792 1098 majorem
2819 1044 2914 1098 per
2935 1042 3082 1082 vane
3108 1028 3292 1098 gloria:
3313 1029 3455 1083 desi-

1871 1121 2079 1174 derium
2115 1119 2366 1186 confugit.
2425 1119 2531 1172 Eos
2574 1133 2703 1173 vero
2732 1121 2817 1188 qui
2853 1120 2952 1172 hoc
2982 1120 3319 1179 tentaverint.
3355 1117 3455 1174 Ec-

1871 1212 2051 1266 clesia:
2083 1211 2307 1280 propria:
2332 1210 2687 1265 restituendos
2713 1223 2834 1264 esse
2854 1210 2906 1262 in
2930 1223 3031 1279 qua
3056 1209 3282 1278 primum
3307 1211 3452 1265 ordi-

1875 1303 1980 1355 nati
2013 1309 2158 1366 sunt,
2190 1309 2244 1355 et
2275 1299 2346 1353 ibi
2379 1308 2580 1353 tantum
2617 1299 2945 1354 ministrare.
2974 1301 2988 1349 l
3035 1299 3090 1354 Si
3121 1302 3239 1369 quis
3273 1310 3452 1355 tamen

1869 1394 1977 1464 jam
2019 1410 2081 1447 ex
2132 1393 2232 1447 alia
2276 1393 2326 1446 in
2379 1393 2536 1445 aliam
2584 1391 2874 1446 Ecclesiam
2915 1392 3204 1444 translatus
3238 1402 3318 1446 est
3345 1433 3358 1456 ,
3401 1393 3452 1445 in

1873 1488 2033 1542 nullis
2063 1487 2240 1541 causis
2269 1484 2292 1523 ¹ι
2323 1485 2484 1557 232
2522 1485 2716 1553 prioris
2754 1483 3007 1538 Ecclesia:
3027 1529 3041 1551 ,
3078 1484 3160 1538 vel
3190 1484 3253 1538 ad
3288 1483 3452 1552 ipsam

1875 1579 2261 1649 pertinentibus
2298 1577 2608 1649 martyriis,
2650 1576 2735 1631 vel
2777 1575 3154 1640 xenodochiis,
3196 1575 3276 1630 vel
3325 1591 3452 1645 pan-

1874 1687 2058 1740 pertun
2093 1671 2250 1725 rebus
2283 1671 2366 1723 hal
2388 1679 2476 1725 eat
2512 1670 2816 1723 facultatem
2846 1667 3126 1722 tractandi.
3180 1666 3284 1721 Eos
3327 1682 3452 1721 vero

1872 1764 1962 1830 qui
1993 1762 2104 1817 ausi
2137 1763 2332 1816 iuerint
2357 1773 2474 1832 post
2501 1761 2601 1816 hoc
2627 1762 2973 1816 constitutum
3003 1774 3208 1825 magna:
3234 1758 3249 1796 ι
3284 1769 3337 1813 et
3363 1775 3450 1826 ge~

511 1872 603 1912 aut
651 1868 799 1912 certe
847 1873 965 1913 cum
1012 1857 1282 1912 voluntate
1323 1856 1486 1926 ipsius
1528 1856 1764 1926 episcopi
1797 1855 1840 1915 Β
1872 1855 2068 1909 neralis
2104 1855 2255 1908 istius
2289 1853 2480 1925 synodi
2516 1852 2711 1922 aliquid
2743 1851 3067 1906 contrarium
3106 1866 3264 1920 agere
3295 1848 3348 1902 in
3373 1850 3453 1905 his

1871 1961 1988 2014 quae
2023 1959 2191 2013 nuper
2219 1955 2399 1999 sancta
2429 1941 2667 2014 synodus
2694 1941 2994 2009 interdixit,
3028 1941 3298 2010 proprium
3335 1955 3452 2010 gra~

1872 2037 1996 2090 dum
2025 2038 2290 2091 amittant.

1943 2129 2028 2184 XI.
2087 2128 2284 2185 Omnes
2333 2144 2591 2198 pauperes
2642 2138 2694 2183 et
2748 2143 2933 2182 revela
2983 2136 3202 2195 egentes
3248 2127 3451 2181 solatiis

1869 2210 2083 2292 oportet
2113 2220 2367 2290 paciﬁcis,
2399 2228 2452 2274 et
2473 2218 2851 2274 ecclesiasticis
2874 2225 3077 2270 tantum
3109 2215 3300 2269 litteris
3331 2229 3451 2284 pro-

1870 2312 2040 2382 sequi,
2063 2320 2244 2367 etnon
2267 2317 2305 2347 ω
2328 2309 2632 2382 synodicis;
2657 2309 2905 2380 quoniam
2937 2307 3218 2378 synodicas
3247 2306 3451 2361 litteras

1933 2488 1963 2528 ιι
2003 2490 2436 2565 Ques_n._es_cod.
2465 2488 2676 2544 Thuan.
2711 2490 2915 2565 addidit
2941 2503 2991 2547 et
3010 2495 3150 2559 apud
3173 2495 3332 2565 ipsum
3351 2497 3448 2565 ju-

1864 2561 2082 2684 tll‘icetur.
2137 2561 2440 2615 Delevimus
2470 2575 2588 2614 Cum
2623 2575 2751 2615 mss.
2786 2561 2974 2628 Viud.,
3019 2561 3198 2619 Oxon.
3235 2575 3288 2619 et
3328 2561 3445 2617 Vat.

1885 2645 2103 2684 ‘emnm.

1885 2645 2103 2699 :tegmae.

1941 2699 1957 2738 ⁸
2001 2701 2207 2756 Titulus
2246 2713 2376 2756 mss.
2409 2699 2566 2754 Vind.
2602 2717 2615 2754 :
2652 2699 2771 2754 Non
2802 2702 2948 2756 liceat
2984 2705 3047 2757 de
3077 2704 3184 2757 alia
3215 2705 3266 2756 in
3295 2705 3448 2756 aliam

1866 2771 2116 2824 civitatem
2155 2782 2481 2824 transmcnrc.
2531 2772 2681 2838 Apud
2743 2771 2878 2826 Just.
2911 2774 3045 2828 tituli
3080 2773 3197 2827 loco
3221 2776 3299 2828 sic
3332 2792 3346 2826 :
3381 2774 3449 2826 Ut

1865 2841 1996 2894 nulli
2015 2841 2312 2894 clericorum
2337 2841 2482 2893 liceat
2504 2841 2565 2892 ab
2589 2842 2815 2894 Ecclesia
2836 2859 2931 2895 sua
2955 2843 3230 2896 discedere.
3263 2845 3447 2896 Conon

1867 2925 1991 2983 vero
2036 2910 2219 2983 incipit
2257 2926 2270 2961 :
2302 2907 2572 2983 Civitatum
2622 2909 2859 2964 Ecclesiis
2908 2912 3126 2983 [supple
3171 2927 3290 2966 cum
3339 2927 3443 2966 ms.

1867 2980 1994 3034 Luc.
2023 2975 2218 3053 debeat]
2245 2981 2482 3041 militare,
2511 2981 2566 3053 in
2592 2997 2692 3053 qua
2712 2983 2884 3053 primo
2909 2975 3180 3036 ordinatus
3207 2983 3321 3053 quis
3347 2992 3444 3048 est,

1863 3060 1910 3103 et
1941 3065 2039 3103 non
2069 3051 2136 3102 ad
2163 3050 2314 3118 quam
2336 3089 2350 3112 ,
2377 3059 2482 3102 etc.
2525 3050 2640 3102 Mox
2675 3051 2811 3104 idem
2841 3052 3003 3112 Just..
3039 3050 3370 3106 removerunt.

1938 3119 1954 3170 i
2000 3120 2223 3192 Quesn.,
2249 3120 2292 3172 si
2302 3120 2426 3192 quis
2446 3129 2611 3192 tamen
2633 3137 2696 3173 ea:
2714 3121 2817 3192 alia
2828 3130 2943 3192 jam
2973 3122 3196 3177 Ecclesia
3217 3124 3266 3175 in
3288 3123 3445 3174 aliam

1866 3191 2144 3244 translatus
2167 3200 2264 3244 est.
2297 3189 2572 3260 Syntaxitn
2604 3189 2850 3245 codicum
2886 3193 3038 3247 Vind.
3071 3202 3123 3247 et
3164 3194 3279 3246 Vat.
3313 3193 3442 3262 Reg.

1865 3262 2030 3314 secuti
2060 3275 2264 3315 summ.

1935 3329 1962 3368 ι
2002 3329 2159 3384 Notal
2205 3329 2520 3396 Quesnellus
2567 3331 2618 3384 in
2664 3332 2782 3385 cod.
2829 3332 3037 3387 'l‘liuan.
3093 3333 3274 3388 haberi
3317 3333 3442 3387 sic:

1865 3398 2061 3454 Prioris
2092 3400 2332 3454 Ecclesia:
2354 3443 2368 3463 ,
2402 3401 2478 3454 vel
2515 3403 2875 3472 inartyrionm
2895 3444 2908 3463 ,
2951 3419 3072 3468 quor.
3088 3403 3180 3456 sub
3209 3419 3270 3455 ea
3300 3413 3441 3468 sunt,

1862 3481 1953 3523 aut
1981 3472 2288 3538 pltotiorum,
2319 3480 2407 3523 aut
2432 3471 2855 3524 arenodocltiorum
2883 3474 3030 3526 rebus
3054 3475 3106 3526 in
3135 3472 3276 3526 nullo
3306 3489 3443 3525 com-

1862 3541 2097 3594 municet.
2121 3540 2221 3592 Eos
2238 3556 2352 3611 vero
2365 3541 2450 3605 qui
2462 3541 2535 3592 usi
2553 3541 2739 3611 fuerint
2752 3554 2860 3610 post
2875 3543 3216 3606 deﬁnitionem
3246 3557 3446 3611 magnas

1861 3621 1908 3663 et
1937 3611 2233 3662 universalis
2259 3609 2415 3680 hujus
2449 3610 2630 3680 synodi
2660 3612 2936 3680 quidquam
2981 3627 3047 3666 ea:
3081 3610 3159 3663 Itis
3187 3627 3300 3678 quae
3326 3609 3441 3664 sunt

1861 3681 2114 3746 prohibita
2155 3679 2331 3750 agere,
2357 3679 2573 3750 decrevit
2598 3690 2777 3750 sancta
2805 3681 3030 3749 synodus
3055 3698 3086 3733 a
3115 3685 3320 3750 proprio
3345 3681 3442 3734 Itu-

1851 3741 2083 3820 }usmodi
2112 3741 2769 3820 grddugrecidcrefcoust.
2803 3741 2854 3804 in
2886 3750 3074 3804 eodem
3104 3741 3287 3803 codice
3317 3759 3441 3805 tunc

1861 3818 2173 3874 Colbertino
2204 3818 2331 3888 legit
2356 3819 2605 3873 recedere.
2635 3819 2834 3885 Queen.
2865 3821 3045 3874 mallet
3073 3820 3170 3885 legi
3198 3822 3438 3884 recidere,

197 3902 389 3962 causam
419 3891 620 3962 habent,
647 3907 712 3943 an
736 3907 762 3942 e
791 3892 1025 3962 episcopo
1049 3907 1141 3962 suo
1175 3891 1508 3962 examinctur.
1543 3888 1596 3942 1η
1625 3905 1754 3944 πιθα.
1774 3899 1798 3931 ο
1861 3891 1942 3962 εει
1973 3892 2198 3962 excidere
2227 3904 2245 3942 :
2275 3899 2329 3962 ut
2357 3888 2534 3954 habet,
2566 3888 2988 3962 inqttit,_vulgula
3019 3891 3178 3944 versio
3209 3890 3275 3943 ad
3305 3893 3440 3944 latus

197 3959 320 4012 Just.
343 3969 397 4013 et
424 3959 540 4013 Vat.
571 3960 687 4014 hmo
717 3962 874 4025 tituli,
898 3960 958 4013 Si
981 3959 1188 4012 clericus
1212 3977 1324 4013 cum
1351 3961 1530 4012 clerico
1555 3975 1758 4014 causam

203 4027 383 4082 liubeat.
423 4029 691 4084 Cattouem
721 4041 897 4084 autem
929 4030 1120 4083 additis
1147 4031 1348 4084 dunbm
1383 4029 1601 4084 vocibus
1630 4030 1760 4084 inci-

202 4097 334 4162 piant
365 4117 378 4151 :
413 4099 613 4152 Placuit
661 4111 714 4153 ut
760 4103 1049 4167 episwpum
1085 4115 1232 4153 suum
1255 4141 1268 4164 ,
1301 4109 1404 4154 etc.
1451 4099 1580 4153 Cod.
1625 4099 1754 4156 Luc.

201 4170 422 4222 eamdem
457 4170 736 4224 lectionem
769 4172 946 4234 habet,
973 4181 1024 4224 et
1054 4171 1222 4224 solum
1253 4185 1282 4223 a
1313 4185 1518 4224 canone
1547 4172 1755 4224 titulum

203 4252 295 4309 non
323 4240 567 4309 sejungit.
620 4241 736 4295 Mox
771 4240 924 4294 Vind.
959 4256 1077 4293 cum
1105 4239 1266 4304 Just.,
1300 4241 1426 4294 an.
1456 4250 1511 4292 et
1544 4239 1680 4300 Vat..
1712 4250 1757 4294 et

207 4307 264 4357 ad
288 4307 499 4378 judicia}
551 4310 602 4363 Id
651 4311 702 4363 in
737 4310 818 4363 his
848 4311 1016 4364 tribus
1062 4326 1189 4364 mss.
1236 4310 1404 4376 probe
1451 4311 1758 4378 intelligitur

206 4380 478 4451 [κωπῆς-ῆς
500 4381 719 4451 vocibus
748 4382 936 4451 placuit
964 4388 1018 4432 ut
1042 4398 1060 4442 ;
1112 4382 1162 4433 in
1217 4381 1370 4434 Vind.
1412 4388 1586 4433 autem
1627 4383 1757 4433 deti-

207 4450 440 4502 rientibu~~
469 4450 552 4502 his
578 4450 812 4515 vocibus,
844 4466 946 4504 non
980 4452 1049 4504 ita
1085 4468 1098 4504 :
1131 4451 1270 4504 unde
1297 4451 1560 4512 vulgatam
1586 4452 1756 4514 Ques-

209 4519 310 4589 neli
342 4522 616 4574 lectionem
647 4521 766 4573 cod.
805 4523 917 4573 \‘at.
955 4521 1082 4589 Reg.
1111 4521 1478 4589 approbatam,
1501 4535 1563 4574 ac
1593 4521 1756 4588 probe

206 4587 535 4644 cohaerentem
569 4590 907 4644 retinuimtts.

1858 3957 2052 4013 Graece
2075 3960 2310 4013 editionis
2335 3975 2536 4023 excusa,
2554 3974 2616 4011 ea:
2635 3975 2733 4028 qua
2759 3957 3058 4014 hicc'omnia
3083 3971 3278 4027 sumpta
3299 3971 3436 4025 sunt,

1860 4030 1911 4081 in
1941 4031 2118 4094 quibus
2147 4029 2349 4082 Tltuan.
2377 4029 2536 4082 codex
2559 4030 2621 4082 ab
2652 4029 2821 4083 Oxon.
2855 4039 2898 4083 et
2923 4028 3142 4082 Justello
3164 4031 3434 4096 discrepat.

1862 4100 2071 4154 Clarius
2096 4100 2341 4153 dicentur
2369 4098 2484 4152 hinc
2517 4111 2724 4165 sumpta
2755 4100 2917 4153 fuisse
2946 4116 3009 4154 et
3039 4099 3286 4154 versione
3317 4101 3438 4154 Dio-

1861 4171 1999 4238 nysii
2031 4170 2240 4240 Esigui,
2272 4185 2335 4225 ex
2367 4183 2468 4238 qua
2503 4184 2598 4236 pro
2637 4168 2925 4240 photiorum
2953 4170 3323 4240 corrigendum
3356 4180 3436 4222 est

1859 4239 2176 4309 ptochioruin
2203 4249 2300 4311 .-οι
2336 4241 2450 4292 ausi
2490 4255 2583 4311 pro
2627 4241 2727 4311 sisi.
2777 4239 2954 4311 codex
3001 4241 3116 4295 Vat.
3166 4239 3295 4311 Reg.
3340 4255 3440 4311 pro

1856 4312 2190 4380 acuadocltiis
2216 4309 2368 4380 habet
2399 4309 2723 4380 synodorhiis
2743 4327 2762 4374 ;
2784 4310 2960 4380 HVind.
2991 4309 3262 4380 synodicisl

1933 4377 1952 4418 ι
1994 4381 2126 4435 Tres
2156 4380 2312 4434 codd.
2342 4377 2503 4440 JutSt.,
2535 4379 2660 4433 Luc.
2693 4391 2746 4433 et
2772 4379 2891 4433 Vat.
2935 4377 3130 4435 habent
3164 4392 3210 4434 et
3239 4382 3436 4442 univeta

1857 4451 1999 4517 salis,
2032 4467 2093 4504 ac
2125 4465 2219 4517 pro
2245 4451 2392 4504 istius
2421 4451 2568 4504 solus
2594 4450 2731 4502 Just.
2769 4453 2947 4504 totius.

1928 4531 1965 4557 ιιι
1997 4523 2092 4576 llic
2123 4535 2291 4574 canon
2332 4521 2384 4572 in
2427 4531 2555 4572 mss.
2588 4518 2743 4572 Vind.
2776 4521 2932 4574 titulo
2963 4528 3125 4575 caret.
3159 4519 3213 4573 in
3247 4533 3434 4573 vocem

1859 4602 2031 4644 autem
2068 4591 2360 4659 syriodicis,
2393 4603 2549 4658 quam
2589 4589 2760 4643 nostri
2798 4603 3008 4659 quoque
3038 4591 3248 4643 codices
3280 4590 3437 4656 hujus

266 4665 285 4692 ε
313 4658 448 4729 Just.
495 4674 616 4713 cum
666 4659 792 4714 Luc.
829 4669 881 4713 et
933 4659 1048 4713 Vat.
1101 4674 1228 4713 mss.
1269 4658 1414 4714 addit
1461 4669 1516 4712 ut
1561 4660 1752 4712 dictum
1781 4659 1831 4718 Ι)
1863 4663 2052 4714 l’riscm~
2083 4658 2342 4713 versionis
2373 4661 2658 4726 prmia-runt
2688 4658 2863 4729 [I.uc’.,
2891 4661 3179 4729 synodociis
3205 4669 3259 4729 et
3281 4675 3435 4729 syno-

203 4736 283 4797 ιειἶ
308 4728 416 4782 Mos
446 4731 496 4784 hi
528 4731 741 4784 codices
767 4729 941 4784 delent
971 4731 1213 4797 episcopi.

266 4793 284 4832 ί
320 4798 388 4851 Ita
409 4801 531 4853 eod.
562 4799 737 4862 Vind.,
755 4793 1157 4855 concinentibus
1181 4800 1296 4854 Vat.
1325 4799 1452 4868 Reg.
1479 4807 1532 4852 et
1551 4799 1750 4866 Oxon.,

199 4879 400 4938 quorum
427 4871 633 4937 primus
658 4873 827 4924 solum
857 4884 952 4938 pro
983 4882 1235 4937 asperant
1264 4871 1421 4923 hab-t
1450 4871 1748 4938 inceperim,

198 4937 315 5009 alter
339 4949 608 5002 eruperunt.
639 4939 834 5004 Quesn.
860 4937 920 4993 in
951 4947 1117 5004 textu,
1143 4948 1366 5006 utrmque
1386 4950 1552 5009 par‘es
1578 4937 1740 4994 volue4

197 5006 305 5082 rint,
319 5011 566 5076 judicium
591 5010 1026 5082 continebuut;a_c
1047 5011 1098 5063 in
1127 5010 1362 5078 margine
1387 5006 1400 5062 ὲ
1427 5009 1466 5082 ξ’
1469 5019 1584 5063 orte
1600 5010 1750 5081 judi‘

195 5080 410 5146 clumque
441 5081 695 5132 tenebunt.
739 5081 848 5134 lloc
885 5080 1299 5134 additamentum
1332 5095 1396 5134 ex
1430 5080 1748 5148 DionySiana

197 5148 420 5220 versione
457 5150 784 5218 decerptum.
824 5161 1014 5204 caetera
1045 5150 1366 5220 exemplaria
1383 5149 1600 5220 ﬁPriscae
1631 5162 1751 5203 ver-

194 5216 346 5270 sionis
390 5216 632 5286 ignorant
675 5237 687 5271 :
729 5234 848 5273 nam
894 5220 1050 5274 codd.
1103 5216 1229 5275 Luc.
1281 5231 1334 5274 et
1381 5219 1500 5272 Vat.
1557 5221 1748 5272 habent

193 5297 346 5348 partes
386 5301 612 5356 utrmque
649 5291 915 5344 uoluerint.
961 5290 1021 5345 Si
1057 5291 1170 5356 quis
1214 5301 1378 5344 autem
1402 5333 1416 5356 ,
1449 5300 1555 5345 etc.
1609 5291 1744 5344 Just.

194 5359 450 5427 utendose,
483 5369 652 5425 partes
682 5369 892 5427 utraque
917 5362 1195 5413 coluerunt.
1231 5361 1292 5415 Si
1320 5363 1451 5427 quis,
1482 5373 1586 5414 etc.

256 5431 280 5470 σ
315 5425 480 5482 Codd.
507 5428 671 5494 Just.,
692 5425 819 5483 Luc.
851 5439 905 5484 et
930 5429 1045 5482 Vat.
1077 5431 1275 5483 addunt
1301 5425 1429 5498 quis.
1466 5431 1592 5485 Dein
1621 5430 1745 5485 cod.

194 5487 332 5569 μία,
363 5499 502 5569 apud
524 5487 775 5569 synodum
801 5487 1367 5569 provinciiejudicetur;
1392 5509 1446 5554 et
1473 5515 1592 5554 mox
1625 5516 1746 5554 cum

193 5561 325 5640 Just.
342 5561 407 5641 et;
425 5561 571 5641 V_at.;
595 5568 656 5624 Si
675 5561 842 5624 autent
866 5561 1126 5641 cpiscopus
1151 5580 1238 5623 aut
1262 5561 1355 5624 elei
1366 5572 1472 5624 icus
1493 5571 1748 5640 discrepa-

193 5637 363 5710 ltotsent
388 5637 570 5693 habeat
597 5655 713 5692 cum
741 5637 1122 5709 metropolitano
1145 5644 1410 5710 episcOpo,
1444 5643 1510 5693 ad
1534 5637 1752 5707 primum

193 5709 345 5782 solent
371 5719 620 5782 recurrat,
643 5721 726 5762 aut
756 5712 822 5763 ad
849 5713 1013 5765 sedent
1042 5711 1672 5782 ϐοηδεαηιίηοροιὲιαηαηρ,
1701 5720 1748 5764 et

198 5773 253 5822 ibi
277 5794 477 5834 causam
501 5781 762 5850 deﬁniant.

1857 4729 2047 4801 decios]
2072 4773 2084 4792 ,
2119 4731 2254 4783 hanc.
2283 4728 3026 4801 annotationemouesncllns
3051 4728 3325 4801 sulijecitzi
3357 4729 3432 4783 ita

1855 4799 2080 4854 habetur
2120 4810 2173 4854 et
2215 4815 2333 4852 can.
2368 4800 2462 4864 15,
2496 4815 2524 4852 a
2554 4815 2660 4864 quo
2689 4801 2905 4870 reliquae
2935 4801 3208 4855 versiones
3233 4800 3436 4854 discre~

1854 4880 2003 4938 pant,
2035 4885 2152 4938 quas
2181 4870 2377 4924 habent
2402 4869 2846 4926 commendatitiis.
2873 4869 2952 4924 Ad
2981 4871 3193 4925 codices
3219 4879 3434 4925 nosnos

1855 4935 2030 4995 Oxon.
2053 4935 2107 4996 et
2126 4941 2333 4996 Thnan.
2363 4941 2577 5008 propius
2598 4941 2802 4995 accedit
2825 4942 2990 4996 codex
3013 4941 3330 5005 Auiciensis,
3359 4953 3429 4994 ex

1892 5025 1958 5064 uo
1981 5013 2152 5066 varias
2171 5011 2373 5080 aliquot
2401 5011 2659 5066 lectiones
2683 5012 3020 5080 decerpsere,
3041 5024 3093 5066 et
3119 5016 3169 5064 in
3193 5014 3431 5080 margine

1902 5082 2191 5151 ionysiana:
2217 5081 2478 5136 versiouis
2513 5096 2809 5148 apposui-re
2844 5079 3128 5150 postrema;
3165 5079 3426 5151 Concilio-

1849 5165 1972 5204 rum
1993 5147 2248 5204 editionis
2286 5147 2660 5216 procuratores
2691 5169 2702 5204 :
2745 5147 2905 5204 habet
2937 5166 3096 5218 porro
3121 5147 3428 5218 synodociis.

1849 5219 2058 5272 Nostra
2089 5214 2350 5273 versionis
2386 5229 2572 5272 auctor
2610 5221 2814 5286 legebat
2840 5214 3063 5273 fortasse
3091 5214 3428 5286 in'mendoso

1853 5288 2038 5342 codice
2079 5287 2265 5342 Greco
2295 5289 2579 5349 συνοδικοῖς
2611 5285 2705 5356 prii
2738 5296 3087 5346 συστατικοῖς.
3131 5285 3430 5340 Auieiensis

1853 5367 2030 5412 autem
2073 5359 2228 5413 lectio
2253 5373 2322 5412 ex
2354 5373 2422 5413 eo
2449 5360 2632 5412 codice
2661 5368 2779 5410 nata
2821 5357 3061 5418 videtur,
3093 5367 3212 5422 qua
3240 5369 3428 5406 vocent

1854 5429 2074 5483 haberet
2100 5429 2389 5498 derivatam
2419 5443 2483 5481 ex
2508 5429 2672 5498 verbo
2699 5424 2968 5498 συιινοδεύωε
2995 5425 3132 5498 quod
3163 5422 3427 5498 significat

1854 5498 2086 5557 comiter.
2110 5493 2202 5552 seu
2228 5498 2422 5550 itineris
2447 5497 2613 5550 socius
2639 5512 2748 5549 sum
2772 5511 2792 5549 :
2813 5499 2894 5548 vel
2921 5495 2990 5549 ab
3010 5494 3134 5551 ὁδὲω
3154 5493 3245 5548 seu
3272 5493 3428 5555 ὁδὰω,

1856 5569 2039 5622 uiatico
2067 5569 2296 5632 instruo;
2338 5582 2403 5623 eo
2439 5567 2579 5637 quod
2612 5565 2909 5636 hnjnsmodi
2939 5567 3127 5619 litterae
3155 5578 3430 5619 commen~

1854 5639 2052 5692 datitie
2095 5638 2302 5694 clericis
2348 5653 2446 5706 pro
2490 5637 2694 5691 itineris
2723 5637 2868 5690 socio
2908 5649 2972 5690 ac
3009 5637 3428 5706 viaticoessent.

1856 5709 1931 5764 De
1966 5709 2156 5764 litteris
2194 5703 2466 5763 canonicis
2505 5708 2712 5761 abunde
2749 5707 2999 5761 disseruit
3027 5703 3297 5762 Gerardus
3327 5703 3431 5758 Ro-

1856 5778 2082 5851 dolphus
2112 5782 2162 5836 in
2196 5780 2372 5836 libello
2412 5779 2479 5837 de
2524 5779 2602 5834 his
2639 5777 2786 5836 edito
2824 5778 3058 5836 Colonia:
3093 5775 3248 5833 i583.
3304 5774 3434 5830 Vide
