3960 6188
413 297 511 357 [itii

1336 295 1676 351 Al‘l‘ENDlX
1718 294 1808 349 Al)
1849 296 1904 349 S.
1948 294 2190 352 LEONlS
2228 295 2443 353 MAGNI
2482 295 2710 353 OPERA

3574 290 3678 345 53352

410 426 552 478 mus,
575 408 667 463 sed
694 410 844 463 itcrat
883 408 1163 462 clementia
1205 418 1383 461 nostra
1408 390 1703 476 juSsionem
1738 417 1794 461 ut
1834 410 1884 461 in
1915 409 1996 461 tu—
2019 411 2068 470 Α
2099 408 2243 473 bolo,
2270 423 2442 480 neque
2467 410 2743 479 adjiciens,
2778 409 2870 465 sed
2901 409 3215 482 Eutychetis
3246 409 3490 476 dogmata
3523 411 3676 468 fune-

411 512 589 557 turum
617 500 897 569 prohibitis
916 490 1112 553 omnes
1138 499 1458 564 abstineant,
1495 514 1591 555 nec
1619 499 1989 553 touventicnla

408 594 658 663 colligant
698 608 861 661 super
908 592 1163 661 refigioue
1209 602 1510 658 certantes;
1548 593 1671 660 quia
1715 595 1764 646 in
1812 594 1991 660 hujus-

367 712 389 729 ι
410 690 553 745 modi
582 687 929 758 perversitate
955 699 1008 740 et
1029 688 1265 742 vanitate
1303 686 1497 742 detecti
1536 696 1757 741 statutas
1789 687 1988 742 dudum

409 780 699 847 suscipient
725 794 934 846 poenas,
966 787 1020 831 et
1041 766 1254 846 judiciat
1272 778 1322 831 io
1349 788 1515 843 moto,
1547 788 1701 845 prout
1726 780 1991 848 religios‘s

409 870 740 937 temportbus
766 870 1033 931 convenit,
1065 871 1374 938 punientur.
1405 872 1627 939 Oportet
1662 872 1802 925 cnim
1830 871 1991 925 Chal-

408 962 759 1016 cedoucn~em
789 962 1047 1030 synotlttat
1092 962 1264 1027 sequi.
1310 961 1361 1014 itt
1396 978 1493 1029 qua
1519 961 1767 1015 omnibus
1797 962 1992 1031 qumsi-

409 1054 477 1106 tis
501 1051 805 1119 diligenter,
833 1067 892 1102 ea
925 1049 1141 1103 definita
1173 1061 1295 1104 sunt
1328 1067 1447 1120 quae
1481 1052 1681 1120 pritletn
1714 1062 1774 1104 trt
1797 1067 1821 1105 s
1856 1067 1992 1120 prte-

391 1143 536 1219 _diCIi
575 1153 747 1197 uetus
776 1144 1123 1210 aposmlicam
1168 1146 1197 1195 li
1224 1147 1322 1197 teut
1372 1146 1563 1210 secuti,
1611 1144 1856 1197 emtihus
1898 1144 1993 1196 ob-

406 1235 668 1293 servanda
700 1243 723 1269 ι
750 1235 1132 1303 prtedixt-ruut.
1170 1234 1297 1287 Data
1324 1233 1351 1272 ιι
1386 1237 1544 1289 tertio
1594 1236 1710 1288 idus
1753 1235 1987 1301 Martias,

407 1327 888 1394 Constantinopoli.
928 1326 1171 1393 Sporatio
1200 1327 1313 1380 viro
1340 1326 1634 1380 clarissimo
1665 1331 1906 1391 console,
1938 1334 1992 1379 et

406 1419 496 1489 qui
519 1419 677 1472 fuerit
710 1418 1006 1470 nuotiatns.

866 1505 1262 1561 CAPITL'LUM
1304 1506 1541 1561 XXVI“.

410 1611 433 1639 ο
466 1598 602 1653 hem
630 1599 733 1652 alia
776 1599 1005 1668 ejusdem
1038 1597 1295 1650 Marciani
1321 1600 1540 1668 ᾼμθηειὶ
1584 1599 1891 1651 Coastitatio
1928 1599 1991 1651 de

476 1671 580 1738 ﬁde
604 1665 850 1721 catholica
877 1668 1147 1721 obtinenda
1174 1679 1219 1721 et
1242 1669 1304 1720 de
1332 1665 1736 1738 Eu'tycltianisl's
1759 1685 1800 1721 et
1828 1670 1979 1737 Apol-

483 1741 752 1803 linaristis,
783 1754 1257 1807 eoruntque'pwnzs.

551 1851 693 1905 Idem
723 1850 1001 1905 Accosws
1025 1850 1293 1904 PALLADIO
1320 1849 1568 1919 pra-tecto
1596 1851 1868 1922 praetorio.

483 1957 675 2016 aLicet
695 1962 804 2030 jam
853 1961 1216 2015 sacratissima
1257 1963 1640 2018 constitutione
1685 1973 1991 2019 tttattszetu-

408 2054 544 2107 diuis
582 2063 779 2107 nostrae
807 2064 1020 2106 cautum
1060 2068 1123 2106 ac
1152 2053 1430 2109 deﬁnitum
1461 2058 1527 2108 sit
1566 2071 1684 2124 quae
1708 2058 1756 2108 in
1784 2072 1876 2110 eos
1906 2071 1989 2111 se-

406 2144 600 2197 veritas
629 2142 925 2198 exercenda
956 2144 1026 2195 sit
1054 2145 1168 2213 qui,
1199 2144 1513 2215 Eutychetis
1539 2147 1618 2200 vel
1650 2146 1991 2216 Apollinaris

408 2235 713 2290 horreticatu
756 2239 1160 2304 peruersitatem
1205 2239 1400 2304 secuti,
1432 2254 1459 2291 a
1505 2239 1762 2307 reiigione
1803 2252 1855 2295 ct
1889 2241 1990 2296 lidc

407 2326 670 2380 catholica
700 2324 983 2380 deviaruut
1016 2344 1029 2378 :
1064 2326 1440 2382 Alexandrina:
1472 2339 1651 2385 tamen
1679 2332 1821 2384 urbis
1848 2336 1992 2387 cives

406 2425 566 2486 atque
596 2416 922 2472 habitatores
954 2417 1114 2471 tantis
1148 2430 1275 2471 sunt
1312 2419 1638 2489 Apollinaris
1678 2421 1857 2477 infecti
1903 2440 1993 2477 re-

405 2512 579 2576 nettis,
612 2520 668 2563 ut
697 2511 1058 2564 necessarium
1089 2508 1251 2565 fuerit
1287 2526 1352 2566 ea
1380 2527 1500 2582 qua:
1519 2512 1628 2581 jam
1657 2526 1781 2569 ante
1808 2516 1986 2569 sanxi-

406 2613 527 2657 mus
575 2602 799 2669 repetita
849 2615 991 2655 nunc
1037 2600 1195 2655 etiam
1249 2592 1366 2672 lege
1405 2602 1717 2660 decernere.
1771 2606 1993 2675 Oportet

404 2693 548 2749 enim
577 2700 636 2746 ut
660 2693 727 2744 sit
760 2708 1046 2747 numerosa
1091 2695 1351 2749 severitas
1396 2698 1757 2768 sanctionum,
1789 2700 1878 2752 ubi
1908 2709 1993 2754 est

409 2784 595 2840 crebra
627 2783 839 2838 licentia
865 2785 1163 2854 culparum.
1204 2786 1580 2842 Custodienda:
1608 2802 1871 2859 praeterea
1903 2808 1992 2846 or-

408 2880 655 2935 thodoxa}
684 2880 804 2934 ﬁdei
840 2890 984 2935 tanto
1032 2896 1059 2934 a
1110 2884 1399 2937 serenitate
1429 2898 1545 2937 mea
1594 2898 1722 2937 cura
1749 2883 1989 2938 adhibeti

406 2972 698 3042 impensior
740 2972 924 3039 dub-'1,
954 2972 1113 3044 243
1147 2987 1347 3042 quanto
1386 2990 1473 3029 res
1511 2975 1769 3029 humanas
1796 2974 1992 3030 divina:

407 3063 732 3132 prmcedunt.
775 3064 1088 3132 Quicunque
1137 3078 1265 3134 ergo
1304 3066 1385 3119 vel
1420 3065 1470 3124 in
1505 3065 1603 3118 hac
1649 3080 1796 3118 sacra
1829 3066 1981 3130 urbe,

406 3154 490 3210 vel
523 3157 573 3209 in
600 3155 955 3209 Alexandrina
999 3154 1238 3220 civitate,
1268 3156 1349 3210 vel
1396 3157 1447 3210 in
1488 3155 1634 3211 omni
1674 3155 1986 3226 Egyptiaca
2017 3124 2063 3187 Ο

406 3251 648 3318 ditecesi,
680 3250 1015 3319 diversisque
1037 3250 1155 3305 aliis
1186 3252 1497 3322 provinciis,
1533 3252 1843 3324 Eutychetis
1868 3268 1988 3321 pro-

405 3340 578 3395 ianam
607 3342 1009 3410 perversitatem
1032 3353 1349 3412 sequuntur,
1374 3354 1430 3399 et
1456 3345 1526 3398 ita
1549 3360 1657 3397 non
1683 3346 1912 3399 credunt
1934 3355 1990 3400 ut

409 3439 625 3491 trecenti
652 3436 834 3499 decem
870 3447 923 3492 et
953 3447 1075 3492 octo
1101 3437 1269 3493 sancti
1294 3439 1478 3493 Patres
1503 3437 1853 3503 tradiderunt,
1899 3454 1987 3493 ca-

408 3527 652 3583 tholicam
688 3529 844 3583 [idem
875 3528 929 3582 in
970 3530 1183 3584 Nicaana
1221 3529 1435 3585 civitate
1465 3530 1777 3595 l‘undantes;
1809 3538 1832 3567 ⁸
1861 3545 1987 3584 cen-

405 3630 515 3676 tum
536 3636 749 3690 quoque
767 3630 821 3675 et
846 3622 1228 3691 quinquaginta
1250 3622 1337 3676 alii
1362 3622 1695 3677 venerabiles
1724 3623 1982 3691 episcopi,

405 3713 494 3781 qui
538 3713 590 3765 in
634 3715 768 3763 alma
799 3713 928 3765 urbe
956 3711 1540 3781 Conslttltlittopoiil'tttit
1578 3721 1761 3782 postea
1792 3728 1984 3768 convc-

407 3814 598 3858 nerunt
619 3820 634 3866 -,
658 3809 711 3855 et
739 3802 873 3855 sicut
894 3803 1241 3867 Athanasius,
1277 3814 1331 3857 et
1362 3803 1706 3871 'l‘heotiltilus,
1737 3815 1790 3858 et
1818 3804 1990 3877 Cyril-

406 3891 541 3947 hts'
586 3893 756 3947 sancti
801 3895 1037 3963 episcopi
1092 3894 1471 3948 Alexandrina:
1518 3895 1754 3949 civitatis
1798 3896 1984 3950 crede-

406 3986 566 4053 bant;
599 4002 732 4055 quos
759 3988 919 4042 etiam
953 3987 1217 4055 Ephesina
1257 3987 1515 4058 synodus,
1545 3988 1629 4043 cui
1674 3988 1843 4042 bettre
1875 4004 1987 4043 me-

406 4077 591 4131 moria:
615 4075 845 4148 Cyrillus
872 4078 1099 4145 prmtuit,
1131 4077 1185 4130 in
1213 4093 1317 4147 qua
1350 4077 1580 4133 Nestorii
1612 4094 1762 4133 error
1794 4080 1985 4149 expul-

403 4182 496 4222 sus
541 4178 641 4232 est,
682 4177 707 4215 Β
748 4168 798 4221 in
848 4168 1110 4221 universis
1154 4180 1335 4222 secuta
1381 4178 1492 4235 est;
1541 4186 1673 4238 quos
1721 4179 1776 4223 et
1816 4186 1988 4239 nuper

403 4256 727 4312 venerabilis
749 4254 985 4327 synodus
1010 4240 1463 4311 Chalcedonensis
1504 4270 1587 4314 est
1616 4270 1818 4321 secuta.
1844 4261 1992 4331 prio-

403 4346 552 4401 ribus
598 4347 841 4401 conciliis
886 4345 1223 4401 sacerdotum
1273 4364 1338 4403 ex
1387 4350 1530 4404 omni
1579 4368 1799 4420 prorsus
1843 4364 1988 4423 parte

404 4437 761 4502 consentiens,
814 4436 1053 4506 nihilque
1094 4438 1339 4492 adimens
1379 4436 1406 4475 ιι
1449 4453 1792 4497 sacrosancto
1845 4458 1987 4515 sym-

2095 514 2175 557 sta
2198 505 2567 560 condemnans
2596 523 2609 559 :
2643 506 2814 560 sciant
2840 520 2897 561 se
2937 506 3219 560 haereticos
3246 520 3367 560 esse
3397 506 3678 575 Apr-“illa-

2095 595 2273 650 ristas.
2325 598 2653 666 Apollinaris
2717 598 2859 652 enim
2908 597 3415 652 facinorosissimam
3467 611 3667 657 sectam

2097 684 2365 756 Eutyches
2406 696 2460 740 et
2493 687 2777 741 Dioscorus
2809 696 2984 741 mente
3014 687 3268 755 sacrilega
3299 696 3423 740 sunt
3462 690 3667 754 secuti;

2096 778 2324 847 ideoque
2347 778 2397 832 hi
2419 793 2606 832 omnes
2636 778 2723 847 qui
2754 777 3078 847 Apollinaris
3104 778 3185 832 vel
3221 778 3529 848 Eutychetis
3556 795 3674 847 per-

2095 872 2407 922 versitatem
2435 878 2751 937 sequuntur,
2776 869 2886 923 illis
2914 870 3088 939 pmnis
3116 884 3233 939 quae
3255 872 3499 936 divorum
3529 881 3673 925 retro

2096 959 2395 1028 principum
2423 961 2657 1013 constitu
2687 960 2894 1013 iouibtts
2917 970 3099 1012 contra
3137 960 3560 1027 Apollinaristas,
3591 962 3670 1015 vel

2095 1050 2399 1103 serenitatis
2425 1059 2622 1103 nostra:
2646 1049 2982 1115 postmodum
3002 1048 3276 1102 sanctione
3298 1060 3482 1103 contra
3506 1050 3673 1121 Euty-

2095 1142 2409 1203 ch‘auiStas,
2457 1141 2542 1193 vel
2595 1140 2694 1195 hac
2738 1141 2851 1210 ipsa
2902 1140 3274 1210 augustissima
3322 1140 3437 1209 lege
3486 1149 3674 1194 contra

2093 1235 2310 1288 eosdem
2359 1234 2587 1289 decretae
2616 1244 2761 1299 sunt,
2801 1235 3049 1288 noverint
3090 1246 3148 1286 se
3186 1247 3308 1287 esse
3340 1232 3671 1301 plectendos.

2097 1324 2299 1378 Idcirco
2340 1324 2758 1393 Apollinaristm,
2801 1324 2850 1378 id
2894 1334 2975 1379 est
3018 1323 3426 1394 Eutycltitttti.~tm
3460 1323 3676 1391 (quibus

2096 1420 2193 1470 etsi
2224 1425 2307 1471 est
2337 1416 2388 1469 in
2418 1415 2776 1484 appellatione
2815 1415 3116 1479 diversitas,
3161 1422 3243 1468 est
3272 1426 3443 1469 tamen
3476 1415 3527 1468 in
3567 1414 3676 1469 ba:-

2095 1508 2228 1560 resis
2260 1508 2521 1575 pravitate
2552 1507 2891 1574 conjunctio;
2916 1515 2968 1560 et
2996 1507 3175 1573 dispar
3201 1506 3414 1575 quidem
3452 1520 3673 1573 nomen,

2093 1598 2187 1651 sed
2218 1598 2354 1652 idem
2392 1598 2775 1668 sacrilegium),
2802 1598 2914 1652 sive
2942 1600 2992 1652 in
3022 1597 3121 1652 hac
3162 1613 3190 1651 a
3217 1613 3299 1651 ma
3339 1598 3470 1652 urbe
3500 1599 3675 1653 diver-

2096 1689 2273 1756 sisque
2316 1689 2620 1755 provinciis,
2653 1690 2767 1744 sive
2797 1688 2849 1741 in
2895 1688 3257 1743 Alexandrina
3295 1690 3527 1756 civitate,
3557 1691 3672 1744 sive

2026 1754 2071 1812 B
2101 1780 2153 1832 in
2184 1754 2499 1849 dEgyiptiaca
2539 1779 2759 1834 dimeesi
2804 1788 2951 1842 sunt,
3003 1794 3175 1848 neque
3230 1780 3300 1833 ita
3350 1754 3573 1833 credunt
3615 1789 3674 1833 ut

2098 1871 2333 1939 prtedicti
2369 1872 2709 1925 venerabiles
2748 1870 2934 1924 Patres
2980 1870 3291 1935 credebant,
3344 1886 3515 1936 neque
3556 1871 3675 1926 viro

2094 1963 2532 2017 reverentissimo
2560 1962 2939 2017 Alexandrina:
2989 1961 3136 2016 urbis
3174 1961 3397 2015 antistiti
3428 1962 3677 2017 Proterio

2097 2054 2254 2107 tidem
2296 2053 2651 2108 orthodoxam
2683 2054 2884 2108 tenenti
2925 2056 3342 2117 communicant,
3380 2053 3675 2107 secundum

2095 2146 2485 2199 sacratissimas
2529 2144 2963 2198 divorttm‘t‘elt‘o
2994 2144 3291 2213 principum
3331 2143 3677 2197 constitutio-

2096 2254 2190 2292 nes
2216 2252 2332 2307 qua:
2353 2236 2423 2292 de
2449 2236 2844 2307 Apollinaristis
2878 2236 3229 2305 promulgata:
3268 2245 3414 2301 sunt,
3445 2251 3552 2289 non
3582 2235 3677 2288 ha-

2094 2331 2253 2384 beant
2286 2338 2603 2397 potestatetn
2633 2327 2858 2383 faciendi
2907 2327 3212 2382 testamenti
3245 2324 3257 2363 ί
3294 2336 3345 2380 et
3380 2325 3678 2381 condenda

2096 2421 2294 2491 ultima:
2326 2420 2636 2484 voluntatis,
2671 2434 2842 2489 neque
2869 2418 2921 2473 td
2954 2418 3166 2487 capiant
3188 2417 3328 2486 quod
3352 2417 3475 2478 ipsis
3504 2430 3566 2471 ex
3596 2425 3676 2469 te-

2095 2521 2364 2567 stamento
2404 2512 2720 2581 cujusquam
2768 2509 2926 2565 fuerit
2956 2510 3294 2571 derelictum,
3338 2509 3468 2563 nihil
3511 2508 3674 2562 etiam

2094 2622 2157 2659 ex
2189 2603 2477 2658 donatione
2507 2602 2685 2671 aliqua
2720 2610 3141 2671 constquautur,
3169 2600 3329 2672 2M
3349 2601 3443 2656 sed
3475 2602 3517 2653 si
3547 2601 3673 2670 quid

2096 2693 2149 2748 in
2179 2694 2324 2762 ipsos
2358 2693 2441 2748 vel
2474 2695 2793 2748 liberalitate
2816 2696 3065 2757 viventis,
3102 2692 3187 2746 vel
3216 2693 3495 2746 morientis
3519 2690 3674 2745 fuerit

2096 2786 2375 2841 voluntate
2404 2786 2681 2849 'collatnm,
2730 2786 2780 2839 id
2813 2785 2941 2839 ﬁsco
2982 2793 3165 2838 nostro
3195 2786 3431 2854 protinus
3458 2784 3674 2839 addica-

2097 2884 2200 2927 tur.
2233 2874 2331 2942 lpsi
2374 2889 2503 2927 vero
2547 2875 2598 2927 itt
2644 2874 2817 2928 nullos
2847 2874 3046 2944 aliquid
3079 2889 3144 2927 ex
3179 2872 3514 2927 facultatibus
3560 2874 3671 2927 suis

2095 2965 2402 3019 donationis
2460 2964 2613 3019 titulo
2665 2976 2717 3018 et
2760 2965 2881 3035 jure
2934 2964 3325 3018 transfundant.
3383 2965 3673 3033 Episcopo:

2096 3072 2327 3126 quoque,
2357 3056 2437 3110 vel
2463 3057 2825 3127 presbyteros,
2849 3056 3088 3125 aliosque
3106 3057 3332 3110 clericos
3358 3056 3459 3109 illis
3485 3071 3672 3111 creare

2094 3156 2148 3202 et
2178 3147 2375 3201 habere
2403 3162 2508 3201 non
2540 3146 2713 3209 liceat,
2744 3147 3034 3202 scientibus
3064 3157 3167 3199 tam
3203 3145 3215 3195 i
3258 3148 3352 3199 hos
3382 3146 3670 3217 Eutychia.

2095 3239 2262 3293 nistas
2310 3237 2393 3291 vel
2440 3236 2851 3305 ApollinariStas
2897 3238 2984 3306 qui
3036 3236 3151 3290 ausi
3185 3236 3379 3290 fuerint
3423 3239 3668 3304 cuiquam

2092 3332 2351 3397 episcopi,
2379 3330 2458 3383 vel
2488 3328 2809 3398 presbyteri,
2841 3329 2923 3381 vel
2954 3327 3134 3382 clerici
3157 3342 3350 3381 nomen
3374 3327 3667 3397 imponere,

2093 3437 2248 3492 quam
2282 3422 2377 3477 bos
2409 3423 2495 3491 qui
2536 3423 2713 3476 conati
2745 3421 2941 3475 fuerint
2970 3422 3276 3489 imponam
3317 3420 3414 3474 sibi
3463 3434 3662 3475 nomen

2091 3514 2425 3569 sacerdotale
2464 3516 2721 3578 retinere.
2756 3528 2965 3581 pugnam
2998 3512 3169 3567 exsilii
3214 3528 3332 3567 cum
3364 3513 3665 3567 facultatum

2090 3621 2311 3661 sitarum
2348 3606 2638 3660 amissione
2663 3604 2954 3658 subituros.
3000 3606 3104 3658 lios
3130 3620 3254 3659 veto
3276 3605 3362 3673 qui
3395 3601 3419 3640 ι
3446 3605 3669 3659 antehac

2090 3700 2476 3755 catholicarum
2522 3698 2881 3753 Et-clesiarum
2909 3697 3111 3761 clerici,
3155 3698 3388 3753 vel.orth
3416 3697 3459 3749 rd
3501 3712 3579 3750 sa:
3610 3698 3669 3749 ti-

2095 3792 2182 3848 dei
2233 3791 2478 3845 monachi
2514 3789 2745 3854 fuerunt,
2796 3802 2847 3842 et
2885 3790 3072 3843 relicto
3102 3805 3231 3844 vero
3273 3800 3326 3859 et
3372 3789 3668 3844 orthodoxa

2091 3881 2477 3953 omnipotentis
2518 3882 2612 3936 Dei
2659 3882 2827 3942 cultu,
2863 3880 3189 3949 Apollinaris
3231 3883 3314 3936 v'el
3359 3881 3671 3952 Eutychetis

2092 3978 2339 4033 haeresim
2387 3987 2441 4031 et
2479 3974 2725 4044 dogmata
2772 3974 3127 4029 abominanda
3163 3974 3353 4028 sectati
3394 3982 3537 4041 sunt,
3582 3973 3666 4026 vel

2093 4081 2277 4143 postea
2302 4071 2673 4132 sectabantur,
2708 4068 2955 4122 omnibus
2982 4066 3153 4137 frenis
3184 4083 3300 4135 qua:
3328 4066 3412 4121 vel
3440 4064 3557 4128 hac,
3583 4062 3666 4117 vel

2094 4161 2360 4231 prioribus
2385 4159 2587 4229 legibus
2609 4158 2865 4212 adversus
2891 4156 3174 4211 hazreticos
3195 4158 3451 4211 constitui
3469 4173 3501 4207 e
3519 4163 3663 4219 sunt,

2089 4252 2339 4322 iubemus
2368 4250 2559 4315 teneri,
2603 4257 2658 4303 et
2685 4260 2833 4302 extra
2874 4250 3045 4316 ipsum
3075 4262 3286 4316 quoque
3318 4245 3539 4301 Romani
3568 4246 3667 4297 int-

2096 4345 2226 4416 perii
2262 4344 2436 4398 solum
2468 4344 2611 4413 pelli,
2660 4342 2798 4396 sicut
2827 4341 2893 4395 de
2922 4341 3223 4394 Manichwis
3252 4339 3608 4409 praecedentia
3635 4359 3675 4389 η

2099 4443 2273 4509 legum
2303 4445 2502 4492 statuta
2536 4444 2846 4489 sanxerunt.
2894 4432 3134 4489 Universi
3168 4447 3424 4505 prmtcrea
3459 4435 3667 4504 Apolli-

403 4590 782 4659 exemplarium
810 4589 1008 4645 Rustici
1035 4609 1048 4643 :
1079 4591 1264 4646 Verum
1306 4595 1357 4647 in
1397 4594 1491 4647 hoc
1520 4596 1676 4647 secuti
1708 4604 1977 4647 consuetu-
2008 4598 2054 4655 ι)
2082 4595 2227 4650 bum.

404 4662 573 4715 dinem
614 4671 858 4722 nostram,
907 4672 1166 4715 noscentes
1212 4680 1320 4729 prae
1355 4666 1586 4717 omnibus
1611 4666 1747 4729 quod
1780 4663 1977 4717 Divini-

404 4741 482 4783 ωε
511 4732 691 4802 pietate
720 4733 945 4802 lwtatur,
973 4748 1172 4801 paruam
1195 4748 1464 4786 narentum
1492 4736 1804 4787 credidimus
1827 4735 1977 4802 dt/fe-

404 4800 634 4877 rendam.
665 4802 845 4877 iterata
883 4800 980 4852 hac
1023 4804 1303 4857 sancientee
1347 4813 1536 4858 nostra:
1566 4807 1844 4859 ctetnentia:
1862 4800 1979 4877 jus-

406 4870 564 4926 sione.
596 4878 651 4921 ut
677 4872 726 4921 in
759 4871 1008 4935 futurum,
1037 4878 1141 4923 etc.

476 4948 502 4975 ⁸·
534 4937 702 4992 Codd.
732 4940 933 4993 Rustici
963 4956 1081 4993 cum
1109 4942 1278 5007 vulg.,
1311 4943 1651 4998 tradiderunt.

475 5008 502 5047 δ
526 5010 612 5065 Sic
635 5011 830 5075 Queso.
861 5025 982 5063 cum
1009 5021 1189 5065 nostro
1213 5011 1331 5066 Vat.
1356 5022 1411 5068 et
1436 5014 1632 5069 Veron.
1663 5014 1725 5068 57
1752 5013 1975 5076 Rustici,

404 5079 723 5148 astipulante
752 5081 939 5132 Graec»
979 5090 1142 5133 testu.
1176 5081 1359 5149 Vind.,
1390 5100 1459 5138 Vtt
1504 5089 1639 5139 idus.
1675 5087 1783 5138 [tuo
1813 5084 1971 5139 Codd.

406 5150 607 5205 llustici
636 5151 772 5215 apud
804 5151 1093 5213 Baluziunt,
1125 5168 1171 5205 νι
1199 5154 1334 5207 idus.

478 5231 501 5259 ο
533 5221 747 5288 Legitur
775 5222 824 5274 itt
857 5236 985 5274 mss.
1024 5223 1177 5289 hujus
1205 5224 1556 5289 collectionis,
1601 5225 1651 5277 in
1680 5223 1802 5277 Vat.
1838 5224 1975 5278 1322

404 5298 459 5344 et
491 5292 541 5343 in
582 5291 728 5359 llisp.
760 5292 977 5363 arrisit].
1021 5293 1073 5344 tu
1120 5294 1348 5363 Vulgatis
1390 5295 1748 5348 C-ntt-iiiorttm
1783 5294 1976 5362 legitur

407 5369 542 5428 part.
574 5375 629 5413 Ill
672 5361 878 5415 concilii
909 5360 1378 5429 Chalcedonensis,
1422 5381 1471 5419 c.
1511 5369 1590 5420 t9.
1634 5360 1868 5419 Titulum
1908 5365 1974 5419 ad

406 5445 505 5483 ms.
542 5429 694 5482 \‘ind.
729 5433 1021 5498 exegimus.

474 5499 500 5535 ά
530 5500 696 5552 tiodd.
726 5500 883 5555 Vind.
923 5515 976 5556 et
1004 5502 1151 5568 Vat.,
1188 5503 1324 5557 Licet
1365 5504 1536 5557 etiarn.
1583 5503 1804 5565 Crabb..
1835 5504 1975 5559 Licet

406 5570 701 5633 innantium.
733 5570 861 5623 Dein
892 5574 1112 5635 Quesn..
1146 5576 1546 5627 mansuetudinis
1586 5591 1730 5630 mete.
1764 5574 1975 5630 Substi-

406 5639 602 5713 tuiutus
630 5650 817 5713 nostra:
840 5643 1085 5713 eat-odd.
1118 5642 1276 5713 Vind.
1305 5655 1356 5698 et
1378 5642 1495 5697 Vat.
1524 5644 1664 5713 Mox,
1691 5645 1975 5698 exet-renda

402 5709 468 5761 sit
498 5708 547 5761 in
580 5723 705 5762 mss.
742 5708 860 5763 Vat.
895 5710 1036 5779 "ip.
1069 5724 1116 5766 ct
1153 5711 1304 5768 lsid-.
1348 5728 1445 5767 nec
1488 5729 1590 5768 non
1630 5708 1767 5786 apud
1805 5713 1973 5769 Crab-

2159 4674 2181 4701 θ
2205 4662 2374 4717 Codd.
2409 4652 2556 4721 lliSp.
2586 4668 2635 4710 et
2666 4658 2733 4711 Is.
2754 4674 2875 4711 cum
2904 4656 3146 4723 Mcrlino,
3182 4660 3257 4712 vel
3286 4662 3357 4710 ita
3382 4671 3433 4713 ut
3462 4671 3667 4712 centum

2083 4745 2128 4787 et
2154 4732 2540 4804 quinquaginta.
2574 4730 2704 4782 Dein
2730 4727 2995 4794 Crabbus,
3035 4735 3124 4798 qui
3163 4731 3215 4783 in
3238 4730 3335 4781 Itac
3376 4730 3510 4782 alma
3540 4731 3668 4784 urbe

2084 4801 2673 4865 Constantinopolitano.

2158 4874 2177 4913 ί
2216 4873 2374 4926 lideut
2416 4872 2573 4924 c‘otld.
2617 4884 2736 4922 cum
2782 4868 3004 4924 Mcrlino
3035 4879 3091 4924 ct
3137 4867 3320 4933 Crab.,
3353 4881 3543 4923 sanare
3577 4887 3663 4924 re-

2083 4942 2395 4998 cordationis
2424 4940 2669 5009 episcopi.
2703 4940 2822 4992 Mox
2853 4942 3038 5003 ϐαιὴ..
3067 4941 3410 4993 ονεάὶάετυηι

2157 5025 2181 5063 e
2211 5014 2332 5067 Mss.
2369 5011 2539 5079 llisp..
2574 5009 2640 5062 Is.
2672 5019 2726 5063 et
2754 5010 2929 5078 Μειλιη
2961 5012 3221 5065 universos
3262 5022 3435 5064 sccuta
3470 5022 3543 5064 est
3573 5027 3585 5069 ;
3610 5022 3667 5064 et

2087 5095 2206 5154 post
2239 5096 2423 5147 pauca.
2454 5080 2905 5133 consentientibus.

2155 5153 2179 5191 h
2212 5153 2368 5208 Solus
2391 5150 2615 5215 Quesn.,
2648 5160 2840 5202 sancto.

2212 5160 2368 5208 Solus
2391 5160 2615 5210 uncam,
2648 5160 2840 5202 sancto.

2161 5223 2178 5261 ί
2212 5220 2381 5277 Codd.
2414 5220 2533 5275 Vat.
2577 5220 2725 5285 llisp.
2748 5235 2797 5275 et
2831 5220 2926 5287 ls.,
2952 5235 3073 5275 cum
3101 5220 3279 5281 Μαι..
3320 5236 3409 5273 nec
3436 5222 3667 5274 canden-

2084 5297 2182 5358 (ια’,
2211 5307 2264 5348 et
2294 5290 2447 5360 paulo
2480 5300 2594 5355 post
2622 5305 2717 5355 pro
2742 5294 2944 5360 capiant
2978 5291 3178 5345 habent
3205 5293 3492 5359 acquirunt.

2158 5366 2172 5415 l
2204 5360 2546 5431 tlrab.delet
2567 5360 2677 5431 hos.
2701 5359 2831 5431 Vat.
2866 5360 3015 5431 Htsp.
3046 5375 3099 5415 et
3129 5361 3278 5422 lsid.,
3311 5372 3417 5414 tam
3442 5362 3523 5414 Itis
3558 5359 3670 5413 Eu-

2082 5430 2425 5554 tycltianlistis,
2469 5428 2547 5483 vel
2578 5428 3043 5500 Apollinaristisl...
3076 5448 3224 5500 quam
3252 5433 3421 5488 his...
3462 5447 3671 5501 partem

2082 5522 2135 5554 88
2163 5520 2268 5554 exat
2294 5519 2351 5554 tt.

2273 5519 2287 5554 t
2337 5543 2351 5557 .

2081 5522 2135 5558 se
2158 5519 2469 5630 fxgt-cumss.
2514 5571 2673 5626 Vind.
2704 5581 2759 5625 et
2781 5569 2943 5623 Crab.
2970 5570 3303 5640 Quesnellns,
3350 5581 3487 5628 ante.
3530 5571 3664 5627 l’ein

2084 5642 2202 5700 Vat.
2236 5646 2383 5715 lliSp.
2412 5655 2463 5699 ct
2494 5643 2585 5710 is.,
2614 5644 2851 5696 derelicto
2882 5657 3016 5696 vero.
