3960 6188
276 217 368 273 ὗὸἳ

713 215 940 272 ΟΟΒΕΧ
981 218 1304 274 CANONUM
1346 218 1622 274 ECCLES.
1667 217 1752 273 ET
1791 217 2367 274 LUNSTITUTORUM
2404 216 2462 272 S.
2505 217 2696 274 SLDIS
2735 218 3078 276 APOSTOL.

3409 218 3513 274 ΒΜ

275 331 481 384 uarietas
527 329 605 382 vel
638 327 1054 398 Eutychianisue
1084 345 1183 386 nec
1222 329 1481 384 ecclesias
1514 343 1614 383 nec
1658 342 1838 382 rnona-
1869 333 1920 391 Α
1942 328 2174 398 jusmodi
2209 329 2404 383 habere
2431 329 2594 384 libros
2614 339 2670 386 et
2697 330 2951 399 sacrilega
2980 331 3297 400 scriptorum
3325 331 3513 386 audeat

272 419 426 474 Steria
472 418 572 472 sibi
604 427 628 454 ﬂ
659 421 1018 485 constituant;
1061 435 1422 492 parasynaxes
1467 428 1522 474 et
1559 419 1834 474 conventio

275 513 383 566 cula
412 519 520 562 tam
551 508 739 564 diurna
768 525 926 578 quam
960 519 1219 565 nocturna
1246 525 1351 563 non
1380 509 1720 575 contrahant,
1751 525 1845 564 ne-

276 617 371 672 que
398 603 464 655 ad
493 601 732 669 domum,
779 617 952 671 neque
981 602 1046 656 ad
1080 603 1474 670 possessionem
1509 602 1842 672 cujusquam,

276 715 442 767 neque
482 697 548 752 ad
594 698 1000 762 monasterium,
1031 698 1114 752 vel
1155 697 1221 751 ad
1261 713 1632 766 quemcunque
1657 697 1681 735 ι’
1712 697 1845 752 altc-

278 806 387 846 rum
417 791 592 845 locum
619 790 893 858 operaturi
924 798 1084 844 secta:
1117 789 1492 844 funestissima:
1519 804 1846 859 congregen—

209 928 211 930 .
280 893 381 938 tur.
413 882 564 948 Quod
602 881 645 934 si
694 880 942 946 fecerint,
980 890 1035 934 et
1074 880 1176 935 hoc
1208 880 1405 934 factum
1435 878 1598 934 fuisse
1629 879 1848 934 domino

280 976 482 1030 volente
526 974 846 1038 constiterit,
896 980 1016 1041 post
1053 988 1165 1027 rem
1215 971 1272 1026 in
1319 970 1566 1026 examine
1597 981 1618 1008 ο
1649 971 1848 1040 judicis

281 1066 640 1135 approbatam,
663 1064 854 1117 domus
880 1063 962 1116 vel
994 1064 1259 1131 possessio
1291 1064 1340 1116 in
1366 1079 1467 1131 qua
1496 1063 1852 1116 convenerint

282 1159 400 1212 ﬁsco
429 1158 542 1210 sine
571 1155 828 1210 dilatione
858 1155 1123 1220 societur;
1155 1155 1544 1210 monasterium
1579 1171 1706 1209 vero
1735 1155 1851 1223 ejus

282 1247 498 1301 civitatis
520 1247 841 1300 orthodoxae
865 1245 1118 1300 Ecclesia:
1140 1248 1189 1300 in
1208 1245 1363 1310 cujus
1387 1245 1657 1300 territorio
1674 1246 1852 1315 estju-

282 1336 455 1390 bemus
468 1335 665 1390 addici.
685 1336 735 1388 Si
754 1350 880 1389 vero
894 1335 1170 1402 ignorante
1182 1334 1421 1400 domino,
1439 1334 1640 1390 sciente
1653 1352 1777 1390 vero
1788 1351 1853 1390 eo

282 1427 360 1496 qui
385 1422 704 1493 pensionesd
722 1426 912 1479 domus
935 1426 1118 1494 exigit,
1141 1427 1227 1480 vel
1249 1426 1593 1491 conductore,
1619 1427 1701 1482 vel
1729 1445 1854 1494 pro-

281 1525 539 1579 curatore,
565 1515 646 1569 vel
679 1523 860 1569 actore
896 1516 1098 1583 prmdii,
1129 1530 1485 1586 parasyuaxes
1510 1527 1562 1572 et
1587 1518 1858 1572 conventi«

282 1612 389 1664 cu'a
412 1607 693 1663 interdicta
713 1608 1058 1675 collegerint;
1085 1609 1401 1673 conductor,
1417 1611 1498 1663 vel
1516 1621 1852 1679 procurator,

1927 421 2270 474 monimenta
2314 434 2551 475 servare.
2599 421 2750 488 Quod
2791 421 2836 475 si
2867 421 2957 490 qui
3002 421 3052 474 in
3084 419 3167 474 his
3205 420 3515 476 criminibus

1945 510 2140 565 fuerint
2177 511 2532 580 deprehensi,
2567 523 2818 582 perpetua
2865 511 3232 580 deportatione
3261 512 3514 565 damnen-

1948 612 2048 656 tur.
2086 604 2189 656 Eos
2230 618 2354 658 vero
2399 605 2489 672 qui
2532 604 2774 659 discendi
2815 604 2990 658 studio
3017 602 3284 658 audierint
3325 603 3392 659 de
3439 604 3517 657 in~

1947 691 2112 744 fausta
2146 692 2336 746 bwresi
2367 692 2718 762 disputantes,
2743 693 2926 749 decem
2967 695 3219 748 librarum
3260 696 3372 748 auri
3403 710 3520 761 quae

1949 780 2077 837 ﬁsco
2103 791 2288 837 nostro
2315 783 2604 837 inferendae
2641 791 2796 847 sunt,
2823 784 3071 852 jubemus
3101 783 3278 838 subire
3308 784 3520 853 dispenv

1949 871 2115 926 dium.
2153 872 2350 927 Omnes
2400 887 2527 927 vero
2557 871 2855 941 hujusmodi
2909 873 3110 927 chartas
3161 887 3222 927 ac
3267 871 3388 926 libri
3431 889 3520 941 qut

1950 961 2216 1016 funestum
2274 961 2615 1032 Eutychetis,
2657 962 2755 1017 hoc
2802 971 2887 1018 est
2941 962 3282 1032 Apollinaris,
3327 963 3524 1017 fuerint

1950 1055 2144 1122 dogma
2173 1054 2465 1122 complexi,
2510 1053 2755 1108 incendio
2798 1065 3248 1109 concrementur:
3292 1065 3348 1109 ut
3393 1054 3523 1108 faci-

1953 1163 2160 1201 norosa:
2201 1146 2562 1214 perversitatis
2595 1147 2810 1217 vestigia
2855 1148 2966 1216 ipsa
3004 1126 3242 1202 .ﬁammis
3283 1148 3520 1202 ambusta

1953 1241 2260 1310 depereant.
2296 1239 2528 1307 [Equum
2571 1254 2799 1307 namque
2829 1248 2910 1293 est
2940 1249 2997 1294 ut
3025 1240 3403 1294 immanissima
3435 1255 3523 1294 sa-

1953 1332 2166 1400 crilegia
2186 1319 2281 1400 par
2300 1346 2468 1400 poena:
2493 1329 2800 1400 magnitudo
2819 1329 3092 1399 percellat,
3113 1329 3310 1382 Palladi
3337 1345 3525 1398 parens

1956 1425 2269 1478 charissime
2320 1433 2479 1492 atque
2534 1422 2921 1476 amantissime.
2985 1421 3208 1475 lllustris
3269 1420 3424 1489 igitur
3476 1432 3528 1475 et

1959 1515 2233 1584 magniﬁca
2261 1516 2550 1568 anetoritas
2574 1524 2658 1568 tua
2679 1553 2693 1578 ,
2722 1529 2839 1583 qua:
2881 1515 2978 1567 hac
3021 1512 3374 1568 sacratissima
3405 1528 3530 1567 con-

1958 1607 2235 1661 stitutione
2281 1605 2440 1676 2&6
2474 1606 2830 1671 det-revimus,
2858 1606 2908 1658 in
2950 1604 3049 1659 hac
3095 1604 3234 1658 alma
3275 1605 3424 1671 urbe,
3455 1604 3533 1658 di-

281 1704 388 1756 sive
404 1712 576 1765 actor,
600 1715 694 1755 seu
716 1709 738 1736 ο
761 1702 1060 1770 quicunque
1082 1714 1187 1765 eSt,
1211 1703 1370 1771 quiin
1395 1703 1702 1766 domo,sive
1729 1719 1851 1772 pos-
1883 1695 1929 1755 B
1958 1697 2232 1764 versisque
2275 1696 2590 1766 provinciis,
2633 1710 2696 1750 ac
2750 1696 3015 1765 praecipue
3067 1696 3116 1750 in
3175 1695 3531 1750 Alexandrina

279 1792 534 1857 sessione,
557 1791 642 1846 vel
676 1793 998 1846 monasterio
1022 1807 1115 1846 eos
1144 1794 1427 1862 receperit,
1451 1802 1504 1848 et
1522 1808 1712 1858 passus
1737 1798 1851 1849 tue-

282 1885 348 1939 rit
387 1884 598 1938 itlieitas
640 1899 1000 1955 parasynaxes
1038 1896 1441 1956 conventusque
1487 1888 1772 1952 celebrari,
1809 1888 1852 1941 si

281 1974 395 2028 vilis
448 1974 771 2029 Conditionis
808 1983 893 2030 est
927 1984 981 2029 et
1023 1975 1280 2044 abjertaa,
1333 1975 1556 2030 qutibus
1605 1977 1850 2046 publice,

280 2077 330 2123 et
367 2068 418 2122 in
451 2082 660 2136 poenam
693 2082 863 2132 suam,
891 2076 945 2121 et
981 2068 1033 2122 in
1063 2068 1288 2123 aliorum
1320 2077 1632 2124 coerceatur
1675 2083 1854 2123 exem-

281 2159 455 2227 plum;
489 2157 646 2230 245
675 2158 718 2211 si
761 2173 887 2212 vero
926 2159 1164 2212 honestae
1202 2173 1444 2228 persona:
1479 2168 1632 2225 sunt,
1667 2157 1854 2213 decem

284 2249 440 2303 libras
468 2250 586 2302 auri
618 2251 828 2302 inuicta:
859 2249 1073 2304 nomine
1109 2248 1238 2302 ﬁsco
1265 2258 1448 2303 nostro
1490 2257 1747 2318 cogantur
1777 2249 1859 2302 in-

282 2338 438 2394 ferre.
469 2339 676 2393 Nullum
707 2349 964 2409 prtcterea
995 2338 1425 2408 Apollinaristam
1455 2339 1535 2393 vel
1570 2339 1855 2410 Eutychia-

279 2431 475 2485 nistam
503 2431 568 2485 ad
600 2431 831 2500 aliquam
859 2433 1106 2501 jubemus
1131 2435 1370 2501 aSpirare
1397 2431 1669 2500 militiam,
1703 2431 1723 2470 ί
1757 2431 1858 2488 nisi

277 2523 341 2577 ad
371 2524 780 2577 cohortilianam
819 2524 904 2578 vel
940 2524 1288 2581 limitaneam.
1328 2524 1382 2580 Si
1414 2524 1502 2594 qui
1547 2540 1673 2580 vero
1709 2536 1857 2580 crura

278 2614 682 2668 cohortilianam
721 2615 804 2668 vel
847 2615 1174 2669 limitaneam
1222 2615 1423 2669 inventi
1471 2615 1668 2670 fuerint
1719 2615 1860 2671 mili-

279 2715 417 2768 tare,
447 2704 626 2757 soluto
658 2704 893 2773 cingulo,
928 2705 1271 2759 honestorum
1302 2704 1575 2760 hominum
1599 2714 1653 2761 et
1679 2705 1857 2776 palatii

277 2796 653 2851 communione
684 2800 987 2864 priventur;
1026 2805 1049 2842 Β
1079 2810 1177 2850 nec
1204 2796 1254 2850 in
1289 2796 1388 2850 alia
1429 2811 1586 2866 quam
1618 2799 1669 2852 in
1713 2813 1775 2852 ea
1805 2797 1858 2852 in

276 2903 378 2958 qua
408 2887 518 2941 nati
559 2898 684 2940 sunt
711 2886 948 2952 civitate,
983 2887 1063 2942 vel
1093 2888 1210 2941 vico
1239 2903 1301 2941 ac
1324 2889 1540 2956 regione
1558 2898 1856 2943 versentur.

277 2978 448 3049 Siqui
478 2991 608 3032 vero
644 2976 696 3031 in
727 2976 825 3030 hac
853 2977 991 3032 alma
1030 2978 1161 3032 urbe
1199 2979 1306 3032 nati
1336 2987 1494 3047 sunt,
1537 2989 1640 3032 tam
1679 2994 1861 3034 sacrao

1957 1791 2200 1855 civitate,
2245 1799 2298 1845 et
2352 1805 2444 1859 per
2492 1789 2795 1844 universam
2842 1787 3208 1859 Egyptiacam
3259 1789 3532 1844 dioecesim

1957 1880 2146 1936 edictis
2186 1896 2250 1935 ex
2290 1895 2440 1934 more
2472 1877 2780 1949 propositis,
2813 1879 2877 1932 ad
2909 1881 3144 1933 omnium
3175 1881 3416 1934 notitiam
3455 1881 3533 1934 fa-

1957 1972 2062 2025 ciat
2095 1970 2374 2040 pervenire
2404 1988 2416 2021 :
2452 1981 2507 2024 ut
2532 1980 2720 2024 cuncta
2765 1985 2923 2038 quam
2967 1971 3249 2026 statuimus
3283 1971 3297 2021 i
3338 1972 3415 2026 eis
3445 1975 3534 2042 qui

1959 2064 2036 2118 rei
2068 2063 2260 2117 fuerint
2305 2062 2654 2132 deprehensi,
2695 2061 2952 2116 severitas
2994 2063 3237 2132 protinus
3275 2078 3534 2120 exercea-

1961 2164 2091 2209 tur:
2133 2155 2428 2209 scientibus
2476 2155 2902 2210 moderatoribus
2952 2154 3386 2224 provinciarum,
3441 2171 3534 2208 eo-

1960 2261 2180 2314 rumque
2206 2247 2620 2315 apparitoribus,
2645 2247 3014 2302 defensoribus
3037 2246 3197 2302 etiam
3229 2247 3534 2310 civitatum,

1958 2337 2099 2406 quod
2127 2337 2170 2392 si
2202 2351 2262 2390 ea
2293 2352 2410 2406 qua:
2441 2336 2572 2406 legis
2616 2337 2773 2407 hujus
2818 2337 3220 2408 religiosissima
3261 2339 3535 2393 sanctione

1957 2427 2302 2482 custodienda
2332 2427 2695 2495 decrevimus,
2726 2437 2818 2480 aut
2850 2428 3210 2496 neglexerint,
3244 2437 3334 2481 aut
3360 2427 3535 2497 aliqua

1964 2519 2310 2588 permiserint
2357 2519 2656 2573 temeritate
2707 2518 2922 2585 violari,
2973 2517 3230 2572 denarum
3281 2518 3536 2573 librarum

1960 2611 2077 2666 auri
2108 2611 2360 2666 mulctam
2393 2609 2521 2665 ﬁsco
2560 2620 2745 2665 nostro
2777 2619 3036 2680 cogentur
3065 2610 3292 2676 inferre,
3324 2609 3350 2646 ¹ί
3375 2621 3428 2665 et
3459 2611 3537 2662 in-

1961 2720 2120 2774 super
2158 2703 2569 2758 existimationis
2602 2717 2711 2757 Sua:
2741 2702 3030 2772 periculum
3067 2703 3426 2757 sustinebunt.
3464 2703 3535 2758 Ea

1961 2814 2172 2868 quoque
2200 2795 2216 2834 ι
2248 2813 2365 2869 quae
2393 2798 2456 2853 de
2484 2798 2702 2867 paganis
2731 2811 2823 2866 per
2850 2811 3007 2852 omne
3038 2797 3331 2851 Romanum
3361 2794 3536 2864 inape-

1962 2891 2097 2944 rium
2129 2891 2350 2944 valitura
2387 2890 2666 2958 mqualiter
2693 2889 3038 2958 perenuitatis
3070 2899 3265 2942 nostra:
3296 2888 3409 2957 lege
3439 2887 3534 2940 de-

1963 2986 2261 3050 crevimus,
2313 2983 2368 3038 in
2424 2999 2518 3039 eos
2572 2981 2957 3037 instantissime
3005 2991 3354 3036 exerceantur
3401 2995 3536 3051 quos

277 3071 485 3126 tissimo
511 3070 766 3125 comitatu
806 3085 962 3140 quam
1007 3071 1149 3125 omni
1181 3087 1276 3141 per
1315 3072 1616 3141 provincias
1653 3083 1852 3129 metro-
1883 3055 1930 3117 (ἶ
1960 3073 2530 3145 constiteritprofanos
2556 3075 2689 3129 ritus
2711 3089 2772 3128 ac
2789 3073 3192 3128 simulacrorum
3225 3071 3413 3141 impios
3427 3073 3536 3126 cul-

277 3165 489 3234 politica
511 3164 730 3218 civitate
749 3165 1031 3232 pellantur.
1047 3163 1185 3218 Nulli
1204 3165 1419 3235 insuper
1437 3163 1856 3238 Eutychianistie

277 3255 358 3308 vel
389 3255 783 3323 Apollinarista:
814 3254 1022 3322 publice
1051 3255 1136 3308 vel
1169 3255 1412 3324 privatim
1435 3257 1725 3310 advocandi
1749 3271 1857 3310 cm-

278 3353 363 3398 tus
394 3357 443 3400 et
472 3345 702 3400 circulos
731 3345 1080 3400 contrahendi
1101 3387 1114 3408 ,
1157 3343 1185 3382 ¹ι
1213 3357 1265 3401 et
1291 3347 1357 3400 de
1391 3347 1643 3402 lueretico
1673 3363 1857 3403 errore

276 3436 606 3504 diSputandi,
635 3451 698 3490 ac
733 3437 1132 3504 perversitatem
1168 3436 1452 3491 facinorosi
1481 3438 1742 3506 dogmatis
1772 3453 1858 3492 as-

277 3527 522 3592 set-cudi,
556 3525 813 3580 tribuatur
843 3526 1085 3582 facultas.
1127 3527 1265 3581 Nulli
1297 3529 1456 3582 etiam
1485 3537 1668 3582 contra
1697 3543 1860 3582 vene-

277 3616 504 3670 rabilem
535 3615 1025 3670 Chalcedonensem
1055 3617 1316 3688 synodum
1351 3619 1506 3672 liceat
1538 3619 1738 3688 aliquid
1775 3621 1856 3674 vel

279 3707 502 3769 dictare,
531 3707 612 3759 vel
642 3707 895 3771 scribere,
929 3707 1008 3760 vel
1040 3708 1199 3762 edere
1229 3718 1384 3778 atque
1413 3709 1679 3774 emittere,
1719 3707 1734 3745 ί
1769 3719 1860 3763 aut

275 3797 503 3850 aliorum
543 3810 702 3864 super
730 3796 916 3850 eadem
965 3796 1222 3865 rescripta
1267 3799 1534 3867 proferre,
1569 3814 1728 3854 nemo
1758 3799 1856 3854 hu-

349 3946 378 3973 ι
411 3934 568 3990 Crab.
613 3949 734 3988 cum
775 3948 904 3988 mss.
945 3934 1068 3992 Vat.
1103 3935 1253 4004 Hisp.
1300 3944 1355 3990 et
1393 3935 1483 4002 Is.,
1532 3946 1849 3990 construant.

275 4005 398 4060 Mox
432 4007 481 4057 hi
513 4005 666 4059 codd.
700 4021 818 4057 cum
853 4005 1029 4072 Merl.,
1074 4022 1234 4073 neque
1262 4023 1480 4075 synaxes
1518 4016 1566 4060 et
1593 4008 1844 4060 conventi-

275 4080 418 4128 cula.
445 4075 668 4142 Quesn.,
695 4090 1060 4144 purasynaxes,
1087 4076 1138 4126 id
1177 4086 1248 4128 est
1279 4078 1647 4130 conventicula.
1671 4077 1852 4131 Secuti

276 4161 466 4198 sumus
485 4144 641 4196 Crab.
677 4153 729 4197 et
757 4159 884 4197 mss.
916 4144 1122 4197 Thuan.
1149 4160 1210 4199 ac
1230 4144 1413 4210 Vind.,
1442 4147 1691 4200 similiter
1711 4150 1851 4200 enim

278 4216 438 4284 paulo
461 4216 734 4284 postkapud
762 4225 949 4267 omnes
980 4215 1185 4283 legitur.

349 4283 378 4321 δ
413 4283 546 4337 Cod.
575 4282 754 4345 Viud.,
783 4282 1058 4338 alternum.
1088 4284 1271 4343 Crab..
1295 4286 1528 4338 alterius.
1565 4286 1690 4340 Dein
1715 4285 1852 4340 idem

1961 3179 2065 3234 tus,
2089 3176 2144 3223 et
2165 3167 2441 3221 interdicta
2470 3165 2569 3220 sibi
2598 3164 2874 3234 sacrilegia
2899 3164 3190 3218 celebrare.
3216 3162 3343 3217 Data
3364 3170 3402 3198 ω
3428 3160 3535 3218 kal.

1961 3257 2121 3327 Aug,
2146 3254 2626 3324 Constantinopoli,
2667 3253 2795 3308 divo
2826 3252 3195 3307 Valentiniano
3223 3253 3456 3322 Augusto
3485 3260 3535 3305 et

1961 3349 2225 3405 Anthemo
2249 3348 2360 3402 viro
2381 3347 2676 3401 clarissimo
2696 3345 3024 3399 consulibus.

2439 3453 2828 3510 CAPITULUH
2869 3453 3034 3507 XXIX
3052 3489 3068 3506 .

1962 3559 1987 3586 η
2016 3548 2252 3620 Epistula
2289 3547 2557 3600 decretalis
2581 3544 2765 3620 _Siricii
2800 3560 2948 3612 papa
2972 3545 3059 3620 ad_
3085 3543 3372 3620 imerium
3404 3544 3534 3597 Tar-

2163 3633 2486 3671 raconense»:
2511 3617 2800 3686 episwpum
2817 3658 2832 3682 ,
2854 3623 2878 3649 °
2903 3615 2994 3666 sub
3021 3615 3182 3666 titulis
3213 3630 3318 3667 xvi.

2115 3708 2344 3763 Statcms
2378 3719 2400 3757 P
2433 3707 2662 3762 Iltttaaro
2695 3705 3081 3760 Tarraconensi
3105 3707 3374 3774 episcopo.

2030 3801 2240 3856 Directa
2281 3800 2345 3854 ad
2367 3789 2713 3854 ideccssorem
2765 3810 3005 3852 nostrum
3053 3805 3251 3851 sancta:
3287 3797 3535 3851 recordau

2027 3948 2050 3986 Β
2083 3939 2243 3993 Crab.
2268 3953 2388 3992 cum
2412 3937 2535 3990 Vat.
2563 3935 2720 4004 I522,
2750 3951 2840 3989 nec
2866 3935 2918 3987 in
2942 3933 3146 4003 aliqua;
3180 3941 3232 3988 et
3262 3934 3535 4002 aliquanto

1956 4008 2520 4085 postliuctropolitana.
2561 4079 2572 4085 _
2873 4077 2904 4085 η
3118 4075 3147 4085 η
3219 4075 3255 4085 “
3298 4073 3308 4084 ⁸

2027 4077 2052 4115 ι·
2080 4075 2281 4145 Crab.,
2307 4088 2358 4132 et
2398 4079 2631 4130 Ita’retico
2671 4091 2812 4129 more
2851 4075 3168 4143 disputandi.
3219 4075 3379 4137 Dein,
3443 4089 3540 4142 pro

1956 4150 2209 4220 dogmatis
2229 4148 2348 4202 cod.
2373 4147 2551 4220 Orion.
2581 4147 2738 4199 habet
2759 4149 2947 4220 erroris
2968 4163 2987 4210 ;
3006 4145 3372 4220 proasserendi
3393 4148 3535 4220 solus

1957 4222 2002 4287 Q
2026 4215 2158 4274 festi.
2184 4219 2475 4277 astruendi;
2504 4226 2556 4270 et
2599 4231 2692 4283 pro
2721 4218 2970 4269 tribuatur
2999 4216 3160 4269 Crab.
3199 4217 3262 4268 sit
3295 4215 3538 4284 facultas.

2037 4288 2052 4326 ί
2086 4291 2192 4346 Sex
2228 4298 2512 4358 sequentes
2539 4290 3060 4358 vocevomittuutur
3093 4301 3122 4338 a
3156 4287 3531 4358 Merlinocum

277 4354 438 4407 (Ir-ali.
468 4369 587 4406 cum
608 4354 780 4427 _I|isp,_
813 4365 862 4427 et
889 4353 990 4406 Isid
1018 4394 1038 4427 _,
1068 4363 1375 4419 operatorss.
1405 4358 1629 4427 Quesn.,
1670 4373 1848 4423 opera-
1887 4351 1935 4410 D
1962 4360 2103 4416 Vat..
2129 4351 2487 4427 IIiSp.a'cIsid.
2510 4355 3532 4427 Mox_i_nVat.1322.rescriptaronferre.

277 4428 377 4476 turi
411 4434 556 4476 secta:
595 4424 949 4491 funestissima:
993 4424 1251 4490 dogmata.
1297 4426 1596 4480 Delevitnus
1633 4428 1850 4479 verbum

278 4494 519 4562 dogmata
537 4508 654 4546 cum
673 4495 920 4546 onmibus
937 4493 1091 4547 codd.
1113 4505 1164 4547 et
1178 4495 1320 4563 vulg.
1339 4511 1351 4558 ;
1370 4512 1468 4549 nec
1492 4497 1851 4549 necessarium

278 4577 378 4627 est,
400 4564 443 4614 si
463 4577 619 4632 voces
639 4573 784 4615 secta?
800 4564 1158 4631 [uitestissimaz
1181 4567 1334 4631 tertio
1354 4581 1481 4621 casu
1499 4566 1852 4632 accipiantur.

351 4645 374 4707 εξ
402 4634 490 4686 Sic
514 4631 695 4707 Vind,
725 4632 845 4707 Vat.
874 4643 928 4687 et
954 4634 1112 4688 Crab.
1137 4635 1474 4705 Quesnellus,
1497 4631 1708 4707 judtcii.

344 4701 373 4739 δ
401 4707 578 4756 Oxon.
593 4743 604 4765 ,
635 4703 851 4755 domini.

350 4782 375 4810 ε
411 4773 592 4838 Crab.,
625 4775 908 4841 quicunque
954 4789 1034 4826 eos
1074 4775 1125 4826 in
1153 4775 1354 4840 domus,
1397 4775 1474 4828 vel
1501 4775 1552 4828 in
1579 4778 1852 4844 possessio-

276 4859 427 4914 nem,
477 4847 552 4894 vet
582 4843 947 4914 monasterium
994 4847 1304 4912 receperint,
1350 4860 1411 4896 ac
1454 4843 1590 4914 passi
1639 4847 1849 4914 fuerint.

277 4911 443 4982 Vind.
474 4927 682 4981 quoque
714 4911 744 4964 h
784 4911 870 4964 bet
900 4911 1196 4979 receperint,
1227 4929 1285 4965 ac
1309 4911 1463 4978 passi
1476 4911 1685 4982 fuerint.

353 4981 373 5019 ί
407 4984 604 5048 Quesu.
636 4983 866 5050 praeﬁxis
913 4982 1116 5036 duobus
1147 4987 1355 5048 punctis
1393 4981 1632 5050 sequitur
1661 4985 1737 5038 sic
1763 4999 1776 5037 :
1807 4995 1851 5038 et

275 5051 378 5104 nisi
409 5053 792 5104 cohortitianam
833 5056 908 5104 vet
939 5053 1248 5104 tmtitaneam
1275 5055 1462 5106 inventi
1490 5056 1601 5120 [uer
1624 5065 1675 5106 ηι
1696 5098 1708 5120 ,
1741 5064 1846 5109 etc.

274 5120 419 5193 βοᾷ.
440 5121 603 5193 Vind.
627 5123 774 5174 delet
794 5133 844 5193 et
864 5139 881 5174 :
903 5137 1074 5190 eoque
1109 5123 1288 5175 deleto
1325 5127 1558 5187 apertior
1583 5135 1665 5178 est
1697 5125 1852 5193 hujus

278 5191 389 5244 loci
423 5188 652 5243 defectus
690 5199 745 5244 et
775 5192 940 5244 saltus
971 5188 1041 5243 ob
1071 5199 1227 5246 voces
1261 5194 1645 5247 cohortitianam
1678 5188 1850 5247 vet'ti-

277 5263 550 5313 irritaneam
582 5263 851 5332 repetitas,
877 5263 929 5314 in
971 5263 1174 5330 integro
1209 5271 1353 5316 textu
1392 5280 1548 5332 quem
1583 5266 1852 5332 supplevi-

277 5347 404 5382 rnus
432 5345 496 5382 ex
524 5345 650 5382 mss.
672 5328 791 5382 Vat.
815 5331 960 5400 Hisp.
991 5341 1045 5384 et
1077 5328 1220 5390 ΙᾉΜη
1250 5328 1847 5398 atqueMerluniJJon-

275 5400 593 5474 cin‘itetiam
623 5400 883 5474 Crabbus,
911 5403 1004 5455 nisi
1029 5403 1176 5474 quod
1199 5401 1356 5454 habet
1384 5415 1528 5474 extra
1554 5406 1849 5474 prtL’dictaut

273 5468 520 5540 militiam
548 5471 731 5522 inventi
755 5473 964 5538 fuerint.
1007 5473 1179 5527 Oxon.
1207 5489 1302 5540 pro
1331 5468 1717 5526 coltortt'tianam
1757 5478 1850 5525 Ita-

273 5538 368 5593 bct
426 5540 677 5592 mendose
715 5543 1139 5595 coltortutiauam.
1193 5538 1376 5607 Crab.,
1425 5544 1848 5597 cottona/uiam:

274 5611 476 5665 melius
505 5611 778 5678 utrobique
808 5611 861 5663 in
895 5610 1012 5664 Val.
1047 5613 1193 5690 Ilisp.
1233 5623 1288 5670 et
1325 5614 1419 5678 Is.,
1451 5614 1847 5669 cohortalium".

528 5703 796 5764 PATBOL.
848 5704 1001 5766 LVI.

2036 4431 2050 4480 i
2089 4423 2402 4492 Vatleﬁ'l,
2428 4428 2478 4479 in
2500 4423 2770 4493 eis:Vat.,
2795 4426 2942 4494 Hisp.
2974 4437 3026 4480 ct
3055 4427 3124 4480 Is.
3156 4441 3276 4480 cum
3302 4427 3532 4492 (lt-abbo,

1959 4517 2011 4553 tn
2042 4517 2147 4554 €08.

2033 4571 2057 4607 κ
2091 4569 2276 4634 Crab.,
2308 4569 2515 4636 insuper
2545 4565 2716 4619 etiam.

2036 4639 2052 4678 1
2082 4633 2280 4706 Quesn.
2320 4633 2458 4691 delet
2488 4652 2617 4702 quia,
2638 4645 2706 4706 rt
2733 4643 2916 4706 postea
2938 4633 3121 4706 edidit,
3141 4645 3196 4706 ut
3222 4635 3275 4686 in
3299 4649 3404 4686 eos.
3431 4635 3534 4687 De-

1964 4703 2188 4765 lnvinius
2210 4720 2262 4762 ut
2291 4723 2410 4763 cum
2454 4723 2583 4760 mss.
2605 4705 2762 4759 Vind.
2795 4716 2848 4758 et
2877 4704 2996 4758 Vat.
3034 4703 3191 4765 I512,
3225 4719 3286 4758 ac
3317 4707 3538 4772 proinde

1961 4795 2097 4848 Opus
2117 4782 2212 4835 fuit
2231 4782 2463 4833 inserere
2485 4794 2594 4844 qua:
2614 4793 2732 4830 cum
2750 4776 2907 4848 Crab.
2925 4787 2977 4828 et
2993 4774 3113 4830 Vat.
3137 4774 3283 4848 Hisp.
3324 4775 3533 4848 aclsid.

2025 4861 2063 4888 ω
2094 4851 2214 4906 Vat.
2248 4853 2392 4917 llisp.
2428 4860 2480 4901 et
2505 4848 2572 4900 Is.
2606 4863 2725 4900 cum
2757 4847 2990 4912 Crahbo,
3016 4847 3105 4917 sub
3133 4847 3214 4897 die
3240 4848 3344 4900 kal.
3371 4847 3531 4917 Aug.,

1956 4915 2418 4988 Constantinopoli,
2452 4919 2566 4972 divo
2607 4918 2788 4989 (Crab.
2823 4919 2967 4971 addit
3022 4915 3398 4989 Valentiniano?)
3448 4915 3532 4968 vnt

1954 5001 2001 5043 et
2051 4991 2337 5052 Anthemio,
2383 4999 2484 5043 etc.
2523 4988 2657 5042 Nota
2690 5004 2776 5043 VIII
2826 5004 2922 5043 nec
2945 4990 3148 5054 'ssaria,
3199 4988 3535 5042 consulatum

1955 5062 2194 5128 designat
2223 5063 2346 5112 anni
2374 5060 2499 5113 455.

2027 5140 2052 5166 ιι
2077 5123 2264 5182 Εχ-ιτιι
2297 5134 2345 5182 in
2389 5145 2516 5180 mss.
2562 5128 2892 5181 cotloctionis
2932 5128 3228 5194 pra-sontis.
3264 5123 3384 5194 Vat.
3431 5123 3533 5176 Re-

1954 5201 2091 5266 gina:
2124 5200 2277 5260 1987,
2317 5197 2357 5251 C
2385 5199 2470 5250 ιιι).
2504 5197 2777 5262 Lucensis,
2813 5193 2941 5250 Vat.
2976 5196 3134 5259 1512,
3166 5193 3530 5259 Corbeieusi‘,

1961 5271 2017 5322 lii
2045 5287 2112 5323 In.
2149 5269 2319 5334 Ilisp.,
2356 5267 2610 5320 Ilatlriau.
2643 5281 2694 5318 et
2731 5270 2854 5319 Isid.

2027 5348 2051 5374 °
2079 5333 2357 5393 Vocessub
2383 5339 2547 5390 titutis
2571 5353 2655 5389 xvt
2679 5338 2870 5391 demut
2901 5337 2950 5390 iu
2979 5334 3100 5389 cod.
3131 5333 3316 5399 Viud.,
3351 5334 3530 5403 leguno

3341 5415 3422 5460 ιιιι

1955 5554 2051 5660 ΗΡ
2075 5541 2299 5623 Quidam
2321 5543 2478 5600 codd.
2498 5542 2748 5599 cumVat.
2777 5543 2992 5613 Regina:
3021 5544 3150 5599 l997
3171 5558 3221 5600 et
3243 5543 3362 5596 Vat.
3387 5543 3520 5599 I552

2012 5629 2158 5665 serto.

2033 5631 2158 5668 ενιο.

3309 5706 3470 5776 18-
