3888 6182
401 263 513 321 ’555

1361 255 1705 312 API‘ENDIX
1745 254 1837 310 AD
1874 253 1932 309 S.
1975 252 2217 312 LEONIS
2257 255 2467 313 MAGNI
2505 254 2754 314 OPEDA.

3552 250 3700 312 ⁷558

409 373 573 431 tionis
599 374 884 430 Damasum
927 371 1281 428 fraternitatis
1320 369 1480 442 25.7
1516 379 1621 425 tute
1665 370 1874 437 relatio,
1916 385 1990 426 me

2112 372 2339 440 as-eris,
2392 373 2574 442 plebes
2629 371 2883 441 baptismi
2935 370 3099 443 2A8
3146 372 3459 443 n'ysterium
3505 385 3700 429 conse-

409 473 518 543 jam
547 472 600 526 in
641 471 770 526 sede
800 469 966 538 ipsius
996 468 1375 528 constitutum,
1415 464 1537 534 quia
1564 471 1588 500 ι
1621 465 1698 519 sic
1742 464 2000 518 Dominus

407 567 714 632 ordinavit,
763 563 993 626 invenlt;
1023 575 1181 630 quam
1211 574 1331 613 cum
1376 558 1430 610 in
1457 569 1726 613 conventu
1772 557 1999 612 fratrum

410 659 692 715 sollicitius
722 657 1042 725 legeremus,
1059 659 1203 705 tanta
1233 650 1538 705 invenimus
1564 665 1686 720 quae
1707 649 2002 720 reprehen-

410 751 561 806 sione
601 759 653 803 et
690 745 1027 802 correctione
1065 751 1190 797 sunt
1232 742 1423 806 di.na,
1455 749 1651 810 quanta
1690 751 2000 810 Optaremns

412 838 673 896 laudanda
717 851 1068 908 cognoscere.
1111 833 1174 889 Et
1207 834 1328 901 quia
1379 847 1606 888 necesse
1651 847 1752 886 nos
1798 841 1912 887 erat
1947 835 2000 886 in

403 938 526 1002 eius
555 932 765 987 labores
795 942 1058 1000 curasque
1095 926 1386 982 succedere
1411 926 1496 981 cui
1529 942 1621 997 per
1652 925 1744 982 Dei
1774 928 1998 997 gratiam

407 1025 770 1083 snccessimus
795 1023 852 1078 in
879 1022 1114 1087 honore;
1143 1020 1304 1085 facto,
1329 1030 1386 1074 ut
1412 1019 1726 1090 oportebat,
1758 1020 2000 1088 primitus

405 1133 544 1175 meae
576 1114 932 1188 provectionis
955 1113 1171 1178 indicio,
1203 1113 1270 1168 ad
1292 1113 1522 1181 singula,
1554 1120 1713 1182 prout
1741 1112 2001 1168 Dominus

406 1207 648 1278 aspirare
685 1206 936 1277 dignatus
963 1215 1076 1269 est,
1121 1202 1497 1259 consultationi
1538 1214 1643 1258 tua:
1682 1217 1998 1272 responsum

405 1309 720 1369 competens
750 1313 857 1353 non
899 1309 1192 1366 negamus:
1221 1300 1347 1365 quia
1393 1292 1557 1350 officii
1606 1295 1774 1348 nostri
1817 1278 1998 1349 censi-

401 1392 709 1458 deratione,
739 1405 844 1444 non
875 1395 958 1443 est
992 1387 1146 1442 nobis
1181 1385 1542 1451 dissimulare,
1575 1401 1679 1440 non
1711 1395 1791 1441 est
1823 1394 2001 1441 tacere

402 1485 648 1551 libertas,
681 1484 873 1555 quibus
914 1482 1086 1552 major
1124 1480 1332 1536 cunctis
1374 1481 1693 1536 Christianas
1724 1479 1750 1518 δ
1783 1480 2001 1550 religio-

404 1579 491 1632 nis
520 1575 667 1631 zelus
695 1572 975 1629 incumbit.
1000 1572 1282 1627 Portamus
1307 1571 1742 1626 onera'omnium
1768 1572 1857 1641 qui
1881 1586 2001 1641 gra-

403 1679 624 1734 Vantur;
649 1665 944 1734 quinimmo
968 1664 1084 1719 lucc
1105 1669 1283 1734 portat
1313 1663 1364 1717 in
1405 1661 1560 1716 nobis
1591 1661 1780 1717 beatus
1808 1661 2000 1716 Petrus

2107 475 2367 534 quatitur;
2400 481 2523 521 cum
2555 466 2660 522 ltoc
2689 467 2794 522 sibi
2825 465 3190 535 privilegium,
3216 475 3272 520 et
3306 465 3448 534 apud
3491 481 3617 536 nos,
3645 478 3702 524 et

2105 556 2246 619 apud
2283 571 2474 611 omnes
2514 557 2786 612 Eccle~ias
2818 557 3152 610 Dominicum
3185 556 3492 626 specialiter
3527 557 3547 595 τ
3579 573 3696 615 cum

2108 647 2424 704 Pentecoste
2459 664 2555 704 sua
2605 649 2808 704 Pascha
2859 649 3132 704 defendat.
3177 649 3382 717 Quibus
3432 652 3563 706 solis
3604 668 3697 719 per

2103 752 2301 792 annum
2333 739 2545 806 diebus,
2589 742 2657 795 ad
2701 740 2859 797 ﬁdem
2887 740 3284 797 confluentibus
3307 743 3575 812 generalia
3607 746 3694 798 ba-

2106 833 2374 900 ptismatis
2402 832 2540 886 tradi
2590 833 2844 888 convenit
2893 842 3251 898 sacramenta,
3305 833 3391 887 his
3437 834 3699 889 duntaxat

2104 923 2312 992 electis,
2337 925 2425 993 qui
2455 935 2579 981 ante
2614 925 2968 996 quadraginta
2993 925 3079 980 vel
3105 939 3171 981 eo
3201 925 3431 995 amplius
3461 927 3581 983 dies
3607 945 3702 983 no-

2105 1033 2226 1071 men
2257 1019 2531 1084 dederint,
2554 1027 2608 1074 et
2631 1021 2948 1075 esorcismis
2968 1019 3318 1090 quotidianis,
3342 1021 3696 1090 orationibus,

2105 1118 2268 1178 atque
2309 1110 2526 1178 jejuniis
2567 1109 2763 1165 fuerint
2825 1110 3057 1180 explati;
3099 1118 3362 1180 quatenus
3407 1111 3700 1180 apostolica

2107 1202 2198 1258 illa
2242 1204 2529 1271 impleatur
2573 1205 2892 1273 prmeeptio,
2934 1212 2996 1258 ut
3040 1211 3342 1273 expurgatu
3372 1203 3545 1258 veteri
3591 1204 3700 1259 fer-

2106 1305 2288 1349 mento
2337 1307 2476 1350 nova
2514 1293 2734 1364 incipiat
2773 1307 2895 1350 esse
2936 1296 3276 1364 coiispersio.
3323 1293 3476 1350 Sicut
3517 1304 3542 1342 ε
3574 1309 3702 1365 ergo

2105 1393 2414 1464 paschaletn
2461 1391 2819 1449 reverentiam
2867 1393 2920 1446 in
2959 1391 3107 1447 nullo
3151 1389 3386 1446 dicimus
3424 1405 3548 1447 esse
3598 1393 3701 1446 mi-

2103 1486 2406 1553 nuendam,
2440 1484 2515 1539 ita
2544 1485 2839 1540 infantibus
2869 1485 2959 1555 qui
2990 1481 3019 1521 ιι
3050 1484 3278 1540 necdum
3319 1493 3570 1554 poterunt
3608 1500 3702 1556 per

2104 1589 2349 1641 aetatem,
2381 1577 2468 1633 vel
2500 1577 2583 1634 bis
2613 1578 2808 1649 quibus
2845 1593 2897 1633 tn
2926 1577 3166 1649 qualibet
3209 1577 3536 1633 necessitate
3569 1593 3703 1648 opus

2105 1671 2267 1728 ﬁxerit
2298 1671 2436 1728 sacri
2475 1672 2619 1727 unda
2663 1671 3018 1740 baptismatis,
3051 1671 3198 1726 omni
3237 1671 3484 1726 volumus
3512 1673 3705 1727 celeri.

404 1758 700 1833 apostolus,
733 1759 821 1829 qui
857 1772 954 1813 nos
983 1759 1034 1812 in
1063 1755 1336 1823 omnibus,
1363 1763 1423 1810 ut
1456 1754 1798 1823 conﬁdimus,
1829 1754 1990 1810 admi-

2112 1773 2216 1819 tate
2244 1763 2484 1818 succurri
2510 1779 2525 1817 :
2553 1777 2621 1818 ne
2648 1763 2716 1817 ad
2740 1771 3044 1817 nostrarum
3065 1763 3352 1831 perniciem
3375 1763 3559 1818 tendat
3587 1765 3702 1817 atti-

399 1852 734 1910 nistrationis
765 1867 873 1906 suae
898 1848 1125 1921 protegit
1149 1857 1204 1904 et
1236 1857 1415 1903 tuetur
1444 1848 1706 1904 hatredes.

478 1955 499 1983 ε
519 1944 559 1998 Ι.
587 1941 762 1998 Prima
796 1943 970 2010 itaque
994 1940 1200 2010 paginae
1229 1949 1332 1994 tute
1351 1938 1524 1994 fronte
1551 1940 1799 2008 s‘gnasti,
1821 1937 1995 2008 bapti-

403 2044 552 2090 zatos
573 2034 640 2088 ab
667 2033 844 2104 impiis
873 2031 1082 2087 Ariauis
1110 2030 1373 2100 plurimos
1397 2031 1463 2084 ad
1488 2030 1648 2086 ﬁdem
1676 2029 1995 2086 catholicam

402 2129 560 2186 festin
597 2143 678 2192 re,
725 2135 782 2181 et
826 2125 1084 2198 quosdam
1130 2124 1198 2181 de
1240 2123 1494 2180 fratribus
1537 2125 1734 2180 nostris
1778 2123 1993 2180 eosdem

399 2221 578 2276 denuo
608 2219 878 2288 baptizare
906 2216 1061 2282 velle,
1089 2215 1232 2287 quod
1262 2233 1367 2270 non
1400 2215 1528 2271 licet
1553 2232 1566 2268 :
1597 2230 1720 2270 cum
1749 2215 1850 2270 hoc
1879 2215 1992 2271 ﬁeri

393 2324 455 2370 et
479 2315 753 2384 apostolus
779 2321 954 2377 vetet,
992 2319 1046 2367 et
1075 2325 1310 2366 canones
1356 2311 1762 2376 centradicant,
1790 2320 1845 2366 et
1877 2320 1996 2377 post

396 2419 666 2463 cassatutn
700 2406 1043 2461 Ariminense
1082 2403 1368 2458 concilium
1399 2402 1560 2458 missa
1596 2403 1659 2457 ad
1694 2404 1995 2470 provincias

399 2497 428 2536 ιι
457 2516 483 2551 a
516 2495 823 2554 reverendae
868 2493 1144 2550 memoriae
1183 2493 1583 2563 praedecessore
1628 2507 1748 2548 meo
1783 2491 1994 2548 Liberio

402 2587 673 2659 generalia
711 2587 928 2642 decreta
969 2584 1321 2655 prohibeant;
1362 2599 1495 2654 quos
1526 2600 1623 2640 nos
1652 2599 1774 2639 cum
1815 2583 1995 2640 Nova-

401 2683 562 2737 tianis
577 2681 803 2750 aliisque
834 2677 1121 2744 btereticis,
1153 2678 1291 2732 sicut
1319 2687 1403 2734 est
1425 2678 1478 2732 in
1504 2679 1708 2749 synodo
1729 2679 1992 2733 constitu-

397 2785 549 2842 tum,
593 2790 690 2845 per
719 2772 1110 2829 invocationem
1159 2773 1327 2826 solam
1368 2771 1697 2841 septiformis
1735 2771 1988 2842 Spiritus,

399 2867 722 2939 episcopalis
752 2880 939 2919 manus
967 2863 1309 2933 itnpositiOne
1340 2862 1730 2919 catholicorum
1757 2878 1994 2919 conven-

397 2957 474 3012 t-ui
502 2958 810 3010 sociamus:
845 2954 988 3025 quod
1025 2956 1186 3010 etiam
1233 2962 1376 3008 totus
1405 2953 1596 3008 Oriens
1622 2953 1993 3025 Occidensque

400 3047 651 3105 custodit.
680 3051 720 3103 A
748 3062 854 3118 quo
882 3046 1096 3101 tramite
1125 3061 1222 3100 vos
1251 3060 1462 3116 quoque
1496 3058 1613 3115 post
1643 3047 1744 3102 hac
1773 3049 1992 3103 minime

2101 1870 2350 1925 marum,
2404 1854 2473 1923 si,
2534 1863 2729 1925 negato
2777 1853 3208 1910 desiderantibus
3254 1853 3404 1909 fonte
3457 1854 3701 1917 salutari,

2107 1949 2293 2004 exiens
2335 1947 2703 2017 unusquisque
2731 1945 2799 2002 de
2829 1946 3030 2001 sarculo
3060 1955 3116 2001 et
3148 1961 3370 2016 regnum
3423 1946 3618 2014 perdat
3650 1954 3704 2000 et

2101 2040 2284 2095 vitam.
2334 2039 2646 2109 Quicunque
2680 2040 2693 2074 ι
2730 2038 2892 2093 etiam
2932 2037 3220 2093 discrimen
3271 2036 3572 2106 naufragii,
3605 2035 3702 2090 lto-

2099 2133 2332 2189 stilitatis
2350 2133 2624 2187 incursum
2643 2171 2658 2197 ,
2684 2130 2981 2186 obsidionis
3010 2132 3315 2199 ambiguum
3334 2171 3348 2192 ,
3393 2130 3477 2184 vel
3507 2129 3698 2197 cujus-

2116 2227 2248 2283 libct
2291 2225 2588 2297 corporalis
2633 2223 2964 2297 aegritudinis
3011 2223 3440 2292 desperationem
3491 2221 3702 2278 incide-

2097 2321 2234 2387 rint,
2274 2331 2328 2374 et
2367 2319 2468 2374 sibi
2513 2320 2668 2373 unico
2714 2316 3048 2372 credulitatis
3095 2314 3297 2369 auxilio
3345 2314 3698 2384 poposcerint

2097 2409 2404 2477 stmveniri,
2445 2409 2634 2464 eodem
2683 2423 2789 2478 quo
2830 2417 3056 2478 poscunt
3101 2416 3374 2461 momento
3413 2406 3700 2474 temporis,

2097 2503 2349 2572 expetitae
2381 2501 2805 2572 regenerationis
2848 2500 3066 2569 praemia
3105 2507 3528 2567 consequantur.
3563 2495 3701 2550 liac-

2099 2607 2252 2652 tenus
2289 2608 2528 2652 erratum
2562 2595 2616 2648 in
2647 2594 2746 2649 hac
2775 2603 2925 2662 parte
2961 2591 3211 2646 sufﬁciat.
3239 2589 3390 2644 Nunc
3421 2587 3701 2658 praefatam

2095 2687 2335 2756 regulam
2386 2701 2574 2740 omnes
2621 2693 2837 2740 teneant
2890 2682 3201 2737 sacerdotes
3251 2681 3341 2748 qui
3389 2681 3581 2734 nolunt
3628 2680 3701 2732 ab

2095 2779 2406 2850 apostolicae
2436 2787 2622 2847 petrae,
2656 2791 2818 2844 super
2856 2789 3014 2844 quam
3045 2771 3291 2827 Chris'us
3331 2768 3700 2826 universalent

2097 2875 2112 2924 l
2143 2875 2444 2928 construxit
2471 2869 2784 2935 Ecclesiam,
2810 2867 3081 2921 soliditate
3103 2864 3306 2920 divelli.

2169 2961 2195 3000 ¹ι
2228 2961 2314 3017 lll.
2349 2963 2628 3032 Adjectum
2661 2969 2744 3015 est
2771 2959 2933 3014 etiam
2965 2957 3226 3028 quosdam
3261 2953 3607 3009 ChriSIianos
3635 2953 3700 3011 ad

2098 3055 2449 3122 apostasiam,
2482 3051 2624 3122 quod
2653 3050 2756 3104 dici
2785 3049 2938 3104 nefas
2966 3057 3076 3116 est,
3112 3054 3470 3110 transeuntes,
3499 3057 3557 3100 et
3583 3045 3701 3100 ldo-

400 3139 652 3194 convenit
676 3137 914 3208 deviare,
950 3138 994 3192 si
1025 3153 1129 3191 non
1162 3137 1322 3193 vultis
1368 3153 1398 3192 a
1427 3147 1615 3193 nostro
1642 3137 1871 3210 collegio
1899 3155 1985 3212 sy-

2118 3160 2272 3202 ornm
2317 3144 2464 3200 cultu
2497 3152 2550 3200 et
2578 3141 2965 3198 sacrificiorum
3015 3139 3483 3217 contaminatione
3514 3138 3704 3208 profa-

401 3230 577 3286 nodali
607 3229 869 3285 sententia
893 3229 1154 3298 separari.

475 3332 498 3360 θ
530 3322 593 3377 ll.
626 3323 879 3393 Sequitur
915 3319 1112 3376 deinde
1157 3319 1630 3390 baptizandorum,
1669 3329 1829 3392 prout
1874 3324 1989 3377 uui-

399 3417 592 3484 cuique
636 3416 840 3469 libitum
888 3412 1088 3479 fuerit,
1137 3411 1505 3482 improbabilia
1552 3421 1608 3468 et
1654 3413 1988 3469 emendanda

399 3507 665 3570 confusio,
694 3519 814 3576 qua:
841 3519 872 3559 a
900 3505 1101 3559 nostris
1134 3505 1610 3561 consacerdotibus
1649 3505 1811 3578 (quod
1843 3521 1990 3562 com-

397 3599 528 3654 moti
558 3597 812 3666 dicimus)
843 3612 947 3650 non
981 3593 1187 3652 ratione
1228 3597 1561 3653 auctoritatis
1603 3597 1850 3669 alicujus,
1887 3600 1986 3656 sed

399 3706 438 3744 s-
463 3689 510 3744 la
551 3689 852 3744 temeritate
883 3689 1261 3759 praesumitur;
1295 3700 1353 3743 ut
1386 3689 1582 3759 passim
1623 3705 1686 3744 ac
1732 3691 1898 3748 libere
1939 3693 1992 3748 in

400 3781 654 3838 natalitiis
681 3780 910 3846 Christi,
939 3795 1033 3835 St’u
1080 3783 1450 3849 apparitionis.
1503 3798 1602 3836 nec
1643 3799 1748 3838 non
1779 3793 1833 3838 et
1861 3799 1993 3853 apo-

405 3877 662 3931 stolorum
702 3890 796 3929 seu
829 3882 1122 3944 martyrum
1155 3872 1534 3928 festivitatibus
1574 3873 1893 3940 innumerae,
1935 3887 1992 3931 ut

396 4029 486 4076 tur
509 4031 638 4074 vero
658 4015 709 4071 in
740 4014 1018 4070 Thuaneo.
1051 4012 1106 4066 ln
1133 4011 1369 4082 generali
1397 4011 1615 4081 quidem
1648 4011 1825 4066 tabula
1857 4014 1983 4070 huic

393 4088 701 4146 collectioni
743 4087 1016 4152 praesuissa
1059 4085 1287 4137 habetur
1327 4098 1481 4150 super
1516 4098 1582 4136 xv
1617 4084 1878 4152 capitulis,
1917 4102 1984 4140 eo

398 4162 539 4232 quod
569 4157 788 4232 tiLtidem
818 4154 1268 4232 con-uitationum
1295 4156 1470 4220 capita
1503 4153 1769 4232 Himerius
1788 4170 1984 4232 propo-

399 4226 529 4288 suit.
584 4229 684 4285 llic
727 4235 904 4280 autem
940 4226 1217 4278 titulorum
1265 4238 1356 4278 nti
1407 4226 1622 4279 nomine
1672 4228 1982 4281 mandatum

397 4298 870 4370 compiehendtur
919 4312 1024 4370 quo
1065 4294 1309 4370 ﬂimerio
1359 4294 1582 4370 Siricius
1631 4298 1876 4366 pratcipit
1928 4308 1985 4352 ut

399 4368 706 4443 quindecim
736 4368 1135 4443 ejttscApitulii
1155 4368 1503 4443 responsaad
1525 4378 1843 4443 canuit-orasti
1873 4371 1982 4443 ipi-

2095 3248 2290 3293 natos:
2325 3252 2463 3307 quos
2501 3251 2529 3289 a
2559 3233 2758 3289 Christi
2805 3246 3035 3301 corpore
3064 3240 3120 3287 et
3145 3231 3428 3300 sanguine,
3460 3245 3574 3301 quo
3605 3231 3704 3286 duo

2093 3331 2223 3386 dum
2256 3327 2517 3397 redempti
2551 3327 2762 3382 fuerant
2795 3321 3154 3385 renascendo,
3184 3321 3434 3392 iubemus
3463 3323 3704 3378 abscidi.

2095 3421 2161 3476 Et
2186 3423 2228 3476 si
2253 3421 2589 3490 resipiscentc
2609 3433 2635 3472 s
2659 3418 2794 3474 forte
2820 3415 3110 3486 aliquando
3132 3413 3334 3469 fuerint
3362 3413 3428 3468 ad
3453 3413 3701 3470 lamenta

2093 3513 2370 3578 conversi,
2403 3513 2488 3565 bis
2519 3509 2753 3581 quandiu
2779 3509 2966 3562 vivunt
2993 3507 3198 3576 agenda
3229 3505 3548 3574 paenitentia
3583 3517 3702 3571 est,

2091 3615 2146 3662 et
2197 3607 2248 3660 in
2296 3605 2488 3660 ultimo
2541 3605 2647 3657 fine
2694 3616 2793 3656 suo
2843 3598 3300 3656 reconciliationis
3359 3598 3534 3668 gratia
3595 3599 3699 3652 tri-

2094 3697 2335 3761 buenda;
2387 3696 2546 3767 quia,
2595 3669 2825 3748 docente
2861 3691 3121 3754 Domino,
3174 3687 3419 3742 nolumus
3461 3700 3702 3743 mortem

2093 3791 2412 3862 peccatoris,
2445 3799 2649 3842 tantum
2677 3784 2693 3823 ι
2720 3793 3064 3839 convertatur
3085 3792 3139 3837 et
3161 3781 3326 3834 vivat.

2175 3891 2215 3919 ¹³ι
2259 3881 2350 3938 IV.
2405 3881 2480 3937 De
2527 3878 2792 3949 coniugali
2839 3886 3018 3931 autem
3068 3873 3334 3930 velatione
3386 3871 3702 3942 requisisti,

2088 4017 2354 4142 “adtigi?
2371 4086 2424 4141 in
2469 4099 2641 4153 marg.
2674 4081 2796 4136 cod.
2833 4075 3142 4153 Vind.‘:_Ut
3183 4085 3375 4153 prayer
3404 4072 3621 4153 Pascha
3647 4086 3704 4153 Act

2089 4155 2420 4212 Pentecostes
2459 4145 2891 4226 baptismusmon
2933 4148 3233 4226 gelebretur.
3278 4145 3701 4226 Vn'g..t29ncil.

2087 4243 2210 4282 cum
2247 4229 2402 4282 Dion.
2430 4216 2646 4282 Justelli
2679 4234 2730 4278 et
2759 4219 3168 4287 lsid.,Sequitur
3187 4220 3250 4272 de
3278 4216 3491 4270 diversis
3523 4217 3704 4288 bapti-

2085 4299 2374 4369 καθιᾶσι-κω
2403 4297 2710 4369 ιςῃιρορὺιιξ
2733 4302 2904 4365 prout,
2935 4302 3040 4369 e_t_c.

2169 4369 2188 4408 ί
2224 4368 2395 4424 Codd.
2424 4355 2547 4423 Vat.
2580 4355 2820 4434 Reginae,
2852 4355 3070 4434 etqalius
3095 4356 3219 4413 Vat.
3250 4355 3395 4434 llis?
3423 4371 3550 4434 cum
3593 4373 3702 4412 an-

399 4427 684 4514 scnpntum
718 4427 959 4514 notitiam
1010 4427 1283 4506 pet-ducat.
1321 4438 1650 4514 Quindecim
1685 4454 1815 4494 veno
1843 4427 1982 4494 tituli
2013 4429 2062 4489 Ι)
2091 4440 2433 4514 tiquiorilius_
2459 4427 2857 4505 exemplaribus
2900 4431 2960 4488 P.
2986 4427 3309 4494 Cousmnlii,
3339 4442 3458 4480 cum
3494 4427 3707 4482 Pente-

401 4509 772 4570 taniumtnudo
817 4511 1064 4576 leguntur
1100 4524 1205 4562 non
1253 4509 1426 4562 solum
1471 4510 1522 4562 in
1565 4509 1744 4576 Diom,
1795 4525 1979 4565 verum

399 4586 562 4640 etiam
603 4583 656 4637 in
692 4581 812 4636 cod.
852 4578 971 4635 Vat.
1011 4579 1170 4634 1542.
1221 4581 1292 4634 At
1323 4579 1376 4633 in
1409 4578 1531 4635 Vat.
1557 4579 1777 4649 Reginae
1806 4591 1982 4635 exstat

402 4657 572 4709 solum
603 4663 808 4719 septem
841 4652 1116 4706 titulorum
1143 4651 1358 4716 divisio,
1395 4665 1532 4717 quos
1570 4667 1668 4705 suo
1696 4652 1814 4706 loco
1846 4653 1983 4706 indi-

401 4726 662 4780 cabimus.
697 4723 754 4777 lo
794 4725 916 4776 cod.
941 4721 1100 4775 Vind.
1134 4719 1293 4788 hujus
1331 4721 1668 4776 colectionis
1714 4722 1850 4776 tituli
1895 4739 1981 4778 se-

400 4796 572 4852 cunda
604 4809 764 4847 manu
791 4794 856 4844 ad
886 4793 1146 4861 cujusque
1174 4791 1364 4859 Capitis
1395 4792 1688 4859 marginem
1717 4805 1984 4846 annotan-

405 4879 486 4921 tnr
520 4865 706 4918 iisdem
729 4863 848 4917 ~l'ete
868 4862 1046 4915 verbis
1060 4877 1176 4930 qua:
1195 4861 1334 4929 apud
1361 4861 1667 4931 Iliontsiutn
1693 4863 1940 4932 leguntur
1965 4883 1977 4918 :

403 4936 546 4990 unde
603 4934 884 5003 posteriori
948 4931 1314 4986 additamenta
1381 4932 1647 4987 trtbiendi
1715 4931 1981 4988 videntur.

406 5009 692 5063 Enimvero
743 5004 798 5058 in
838 5004 958 5057 aliis
989 5003 1269 5058 codicibus
1317 5003 1473 5065 hu;us
1523 5004 1856 5059 collectionis
1905 5007 1984 5060 Vel

401 5084 626 5145 demat,
663 5077 744 5132 vel
787 5075 874 5129 alii
904 5073 1226 5145 quandoque
1251 5072 1385 5145 tituli
1416 5074 1759 5130 exhibentur.
1785 5079 1981 5131 Con'er

402 5143 621 5206 inferiis
648 5160 760 5204 not.
789 5148 854 5200 57
886 5143 942 5219 et
966 5147 1037 5201 ω
1065 5144 1198 5219 (Col.
1227 5143 1354 5219 559,
1379 5162 1430 5200 η.
1456 5156 1516 5212 tt;
1548 5147 1644 5219 cit.
1676 5146 1800 5212 56f,
1831 5165 1884 5201 tt.
1919 5147 1983 5218 ί).

474 5231 502 5259 ι
533 5221 606 5275 Ita
640 5235 826 5273 omnes
861 5218 1006 5286 vulg.
1042 5216 1094 5272 ei
1148 5216 1306 5271 (odd.
1356 5219 1516 5270 etiam
1564 5217 1775 5272 Tunan.
1831 5216 1988 5276 Solus

404 5293 604 5360 Quesn.
644 5307 765 5346 cum
789 5290 992 5360 Oxum.
1025 5292 1098 5342 sic
1125 5290 1282 5342 voluit
1313 5287 1582 5342 Dominus.

475 5362 499 5401 ι’
526 5363 685 5416 Solus
711 5365 938 5428 Quen»,
969 5359 1127 5430 legis;
1158 5370 1213 5414 et
1235 5371 1362 5430 post
1388 5374 1552 5425 pauca
1581 5360 1762 5414 omisit
1783 5360 1912 5415 hac.

476 5445 498 5472 ε
531 5433 740 5487 Titulus
762 5432 826 5485 ad
853 5429 1027 5500 marg.
1047 5432 1168 5484 cod.
1193 5429 1352 5484 Vind.
1384 5445 1400 5484 :
1436 5431 1510 5485 De
1541 5432 1742 5484 Ανὶαηὶη
1768 5449 1868 5486 non
1902 5449 1984 5486 re-

405 5503 743 5574 baptizandis.
768 5503 974 5574 Titulus
1003 5505 1052 5555 in
1079 5517 1178 5555 ms.
1198 5500 1322 5554 Vat.
1341 5500 1568 5574 Reginae
1594 5519 1607 5554 :
1642 5503 1722 5555 Ex
1741 5502 1988 5558 hwreaicis

408 5572 505 5628 non
535 5573 721 5628 illicita
758 5573 1023 5644 iteratione
1059 5572 1376 5642 baptismatis
1414 5573 1755 5644 recipiendos,
1787 5574 1876 5626 scd
1905 5575 1992 5628 itt-

402 5647 665 5700 rOcatione
697 5643 919 5712 Spiritus
942 5644 1269 5713 septiformis.

471 5713 500 5754 ἀ
533 5713 685 5784 νυικ.
717 5729 838 5770 cuin
859 5711 1003 5770 mss.
1026 5711 1144 5771 Vat.
1170 5715 1413 5780 llcginte.
1434 5724 1488 5772 et
1508 5711 1631 5769 Vat.
1659 5712 1818 5778 1542.
1847 5731 1877 5772 a
1905 5732 1987 5772 tte-

2090 4523 2248 4573 caste.
2277 4519 2369 4566 aut
2397 4510 2728 4564 Pentecosten
2755 4521 2869 4560 suo.

2159 4591 2188 4630 ε
2219 4571 2404 4638 Const.
2434 4595 2556 4635 cum
2582 4575 2957 4646 vulg._Concil.
3003 4571 3153 4626 addit
3181 4584 3417 4646 sacram;
3445 4577 3502 4622 at
3536 4579 3707 4624 notat

2090 4661 2200 4707 tres
2233 4636 2400 4708 codd.
2452 4650 2606 4705 Colb.
2647 4636 2705 4704 et
2727 4636 2880 4703 'Pith.
2923 4646 3195 4699 omittere.
3241 4639 3417 4695 Nostri
3471 4655 3708 4708 quicque

2089 4735 2198 4778 tres
2241 4724 2398 4778 cond.
2431 4721 2619 4789 Vind.,
2650 4719 2773 4775 Vat.
2801 4717 3019 4788 Regina:
3047 4725 3101 4768 et
3133 4712 3275 4767 alius
3303 4709 3425 4764 Vat.
3459 4722 3704 4778 praetcr-

2089 4805 2237 4850 euut.

2164 4863 2193 4902 ιι
2225 4865 2314 4921 Sic
2338 4879 2525 4919 omnes
2553 4863 2721 4917 nostri
2750 4859 2908 4916 codd.
2929 4867 2983 4913 et
3011 4855 3154 4925 vulg.
3182 4850 3530 4923 QueSnellus,
3549 4853 3708 4917 loqui

2091 4952 2196 4990 non
2223 4944 2476 5004 poterunt.
2679 5003 2695 5004 γ
2857 5003 2885 5004 η
3079 4998 3091 5004 ,
3103 4997 3114 5004 ,
3256 4995 3266 5004 .
3345 5001 3353 5004 _
3536 4993 3552 5004 .

2172 5006 2186 5043 ί
2219 4995 2452 5071 Quesn.,
2491 5020 2630 5076 ergo.
2677 4997 3147 5076 Prtetulimusalia
3169 4995 3418 5076 vulgata,
3455 4995 3708 5076 quihus-

2093 5093 2213 5133 cuttt
2241 5068 2690 5131 concittuntvtttsi.
2728 5072 2888 5127 Vind.
2930 5082 2984 5124 et
3014 5069 3134 5123 Vat.
3165 5070 3292 5122 Post
3324 5079 3492 5132 pauca
3521 5068 3704 5119 Codd.

2094 5148 2233 5203 Vind
2269 5147 2456 5203 'etVat.
2478 5147 2584 5210 lle;
2595 5149 2693 5198 inae
2715 5159 2835 5197 eum
2858 5143 3082 5198 Merlino
3099 5148 3156 5194 et
3176 5139 3296 5192 aliis
3313 5150 3443 5190 mss.
3463 5134 3705 5202 Coust.,

2095 5221 2374 5288 corporalis
2400 5219 2758 5288 regritudinem
2793 5214 3214 5286 desperationem.

2169 5291 2185 5341 j
2226 5289 2812 5358 Va|,~1342,[wtdnvil.
2875 5353 2934 5358 __r
3003 5353 3014 5358 _
3121 5352 3151 5358 _
3402 5347 3435 5358 Α,

2163 5358 2191 5398 ¹ι
2221 5359 2429 5415 Τιιιιιιιε
2461 5376 2513 5412 ιη
2544 5352 2712 5423 marg.
2743 5373 2842 5410 ms.
2874 5353 3078 5409 Vind.:
3111 5352 3189 5423 De
3209 5352 3478 5423 apostasia.

2168 5428 2186 5468 1
2220 5429 2389 5484 Codd.
2418 5430 2540 5486 Vat.
2575 5418 2792 5498 Reginae
2820 5437 2875 5482 et
2906 5427 3045 5480 alius
3075 5422 3197 5479 Vat.
3229 5436 3352 5477 cum
3381 5418 3613 5482 CuusL,
3647 5427 3706 5472 ut

2094 5512 2438 5556 convertatur.

2167 5554 2445 5628 't'W'l‘itulns
2467 5572 2516 5626 in
2540 5570 2699 5627 Vind.
2725 5588 2740 5626 :
2773 5568 2992 5636 Quando
3023 5567 3162 5636 (lnge
3188 5579 3310 5639 cum
3341 5561 3492 5639 Dion-
3531 5554 3715 5624 Ωιιοά

2095 5647 2228 5716 non)
2259 5645 2408 5716 licent
2453 5643 2664 5698 alterius
2705 5632 2945 5716 opinantis
2991 5632 3058 5692 ad
3103 5632 3411 5716 matrimonii
3447 5632 3722 5716 justi-lin?!

2094 5700 2305 5773 sortiri:
2337 5715 2520 5775 Diom,
2557 5730 2612 5771 tn
2649 5700 3033 5769 mairimonium
3080 5704 3278 5764 sortiri.
3319 5704 3376 5760 ιιι
3415 5717 3519 5756 ius.
3577 5700 3716 5758 Vat.
