3960 6188
308 223 403 279 557

751 215 976 274 CODEX
1013 210 1337 269 C\t‘tONU.il
1380 207 1659 266 EGCLES.
1708 205 1794 260 ΕΤ
1834 201 1895 258 Cf

2005 201 2410 262 iTlTUTORUM
2449 203 2507 260 S.
2551 203 2746 264 SEDIS
2782 203 3110 260 APOSTUL.

3453 207 3557 262 553

305 336 466 410 2&9
490 334 533 391 si
574 335 947 404 desponsatam
979 332 1066 389 alii
1111 331 1336 400 puellam
1367 328 1502 386 alter
1525 335 1550 364 ἰ
1595 326 1646 378 in
1693 322 1877 378 matri-
1911 321 1962 384 Α
2055 319 2180 377 (Συ.
2210 321 2401 376 Vll.—
2429 319 2445 359 ί
2482 321 2590 378 Vll.
2617 321 3054 382 Veniamusnunc
3077 322 3142 376 ad
3171 323 3562 378 sacratissimcs

307 429 485 482 mnnio
521 427 692 496 phasit
730 424 1009 489 accipere?
1046 423 1157 478 Hoc
1197 437 1262 478 ne
1296 422 1388 474 fiat
1429 417 1602 477 modis
1635 417 1881 473 omnibus

305 520 641 584 inhibemus;
671 517 791 584 quia
834 516 922 573 illa
967 513 1266 570 benedictio
1304 525 1462 584 quam
1509 517 1751 578 nupturze
1792 521 1882 561 sa-

305 609 500 668 cerdos
530 609 782 676 imponit,
811 605 948 674 apud
982 603 1166 662 ﬁdeles
1214 600 1490 669 cujusdam
1513 597 1776 668 sacrilegii
1804 598 1884 649 in-

307 711 417 754 star
444 711 561 764 est,
586 698 628 754 si
653 697 758 752 ulla
787 694 1210 762 transgressione
1238 691 1484 746 violetur.

377 792 508 845 Car.
544 787 733 844 V.—b
761 788 821 842 V.
841 787 918 841 De
949 785 1032 839 liis
1064 799 1188 842 vero
1219 798 1324 840 non
1352 783 1641 852 incongrue
1669 780 1886 838 dilectio

309 894 393 938 tua
427 882 774 953 apostolicam
801 878 985 934 sedem
1007 875 1237 933 credidit
1261 873 1666 937 consulendum,
1691 869 1886 940 quiac-

310 986 356 1028 ta
388 971 728 1046 pcenitentia,
761 979 1009 1038 tanquam
1059 981 1221 1022 canes
1248 976 1303 1022 et
1354 980 1479 1021 sues
1503 975 1525 1003 ε
1549 963 1615 1019 ad
1656 962 1887 1022 vomitus

307 1066 560 1135 pristinos
581 1072 634 1118 et
659 1062 936 1118 volutabra
960 1061 1270 1130 redeuntes,
1292 1069 1345 1114 et
1368 1059 1570 1118 militia
1589 1057 1884 1128 cingulum,

306 1165 361 1214 et
387 1155 622 1212 ludicras
651 1155 972 1220 voluptates,
1004 1160 1057 1204 rt
1085 1166 1223 1207 nova
1249 1149 1518 1220 coniugia,
1548 1158 1603 1204 et
1633 1150 1888 1210 inhibitus

308 1247 484 1300 denuo
508 1245 813 1313 appetivere
839 1242 1191 1305 concubitus;
1222 1256 1446 1310 quorum
1475 1239 1771 1310 professam
1802 1239 1886 1294 in-

310 1335 690 1391 continentiam
721 1333 957 1402 generati
990 1339 1113 1400 post
1140 1331 1529 1390 absolutionem
1575 1329 1668 1386 filii
1708 1327 1890 1398 prodi-

307 1427 522 1481 derunt.
557 1426 632 1481 De
679 1426 871 1493 quibus
900 1424 1023 1494 quia
1063 1423 1174 1492 jam
1207 1439 1312 1480 non
1361 1423 1560 1484 habent
1604 1421 1887 1490 suﬂug-ium

269 1539 274 1544 η
309 1517 630 1586 paenitendi,
681 1517 730 1570 id
763 1516 1010 1572 duximus
1057 1514 1476 1580 decet-nendum,
1513 1520 1570 1566 ut
1609 1513 1724 1568 sola
1754 1513 1888 1572 intra

275 4716 286 4781 l

310 1610 608 1668 Ecclesiam
656 1608 900 1667 fidelibus
939 1609 1181 1665 oratione
1217 1606 1528 1678 iungantur,
1569 1620 1738 1663 sacra:
1775 1620 1890 1677 my...

309 1702 598 1761 ateriorum
621 1699 938 1762 celebritati.
963 1699 1206 1768 quamvis
1234 1713 1338 1754 non
1369 1705 1703 1764 mereantur,
1727 1696 1894 1756 inter-
1927 1670 1970 1738 Β

309 1796 413 1849 sint
431 1810 446 1858 ;
471 1808 499 1848 a
530 1791 818 1849 Dominicze
832 1801 1009 1845 autem
1028 1805 1226 1846 mensae
1244 1790 1492 1848 convivio
1509 1800 1855 1862 segregantur
1876 1802 1893 1843 :

313 1897 368 1941 ut
395 1886 500 1941 hac
535 1885 728 1940 saltem
768 1883 1104 1941 districtione
1133 1882 1390 1952 correpti,
1421 1892 1477 1937 et
1506 1883 1607 1952 ipsi
1631 1882 1686 1941 in
1712 1896 1772 1940 se
1798 1896 1894 1937 sua

312 1985 488 2031 errata
524 1975 804 2046 castigent,
842 1981 897 2030 et
925 1973 1041 2029 aliis
1067 1974 1373 2048 exemplum
1420 1972 1679 2040 tribuant,
1711 1981 1897 2044 quate.

313 2082 410 2122 nus
438 2067 509 2120 ab
550 2063 797 2118 obscenis
827 2063 1207 2132 cupiditatibus
1234 2061 1600 2120 retrahantur.
1633 2061 1782 2128 Quos
1812 2068 1894 2114 ta-

314 2170 457 2222 men,
507 2154 755 2227 quoniam
795 2153 1000 2210 carnali
1027 2152 1319 2222 fragilitate
1348 2151 1660 2210 ceciderunt
1691 2147 1716 2190 ά
1744 2150 1899 2206 viati-

312 2261 374 2298 co
396 2259 642 2314 munere,
666 2258 785 2298 cum
809 2243 872 2299 ad
896 2243 1174 2302 Dominum
1203 2243 1466 2312 eruperint
1489 2241 1775 2311 proﬁcisci,
1799 2257 1897 2314 per

312 2333 708 2388 communionis
735 2331 957 2402 gratiam
987 2333 1232 2388 volumus
1262 2332 1550 2390 sublevari.
1577 2329 1748 2397 Quam
1783 2330 1894 2386 for-

313 2440 454 2478 mam
486 2432 538 2477 et
564 2423 706 2478 circa
729 2421 982 2477 mulieres
1009 2437 1125 2488 qua:
1159 2435 1219 2476 se
1242 2431 1357 2489 pUSI
1385 2419 1749 2490 paenitentiam
1781 2418 1897 2474 lali-

316 2516 412 2569 bus
452 2512 836 2584 pollutionibus
861 2512 1243 2580 devinxerunt,
1277 2513 1594 2566 servandam
1621 2525 1741 2570 esse
1771 2523 1896 2565 ceu-

315 2621 517 2662 scmus.

383 2697 514 2754 Car.
546 2698 632 2754 Vl.
652 2728 722 2740 —
747 2707 771 2735 ο
801 2697 884 2752 Vl.
915 2698 1178 2754 Praeterea
1209 2699 1592 2760 monachorum
1637 2695 1897 2772 quosdam

317 2798 476 2859 atque
517 2788 921 2856 monacbarum,
963 2789 1176 2859 abkcto
1219 2791 1492 2860 proposito
1527 2789 1544 2828 τ
1582 2801 1789 2855 sancto,
1843 2792 1896 2846 in

319 2887 516 2936 tantam
557 2882 837 2951 poteStatis
865 2869 982 2936 esse
1013 2882 1289 2940 demersos
1325 2881 1621 2952 lasciviam,
1656 2893 1712 2937 ut
1750 2883 1896 2953 prius

318 2973 581 3038 clanculo,
616 2974 757 3026 Velut
805 2971 904 3028 sub
939 2974 1388 3031 monasteriorum
1423 2983 1684 3050 praetextu
1712 2973 1894 3033 illicita

316 3079 378 3119 ac
404 3063 662 3133 sacrilega
694 3077 752 3119 se
801 3065 1118 3133 contagione
1161 3039 1509 3132 miscuerint;
1553 3074 1737 3139 postea
1767 3080 1892 3122 vero
1920 3039 1966 3102 (ἶ

317 3164 343 3202 ε
375 3156 426 3207 ἱη
453 3153 734 3221 abruptum
765 3155 1104 3210 conscientiae
1132 3154 1502 3224 desperatione
1543 3155 1781 3225 perducti
1821 3157 1896 3214 de

321 3244 522 3298 illicitis
547 3244 910 3312 complexibus
938 3244 1103 3300 libere
1133 3243 1272 3302 filios
1292 3247 1722 3321 procreaverint:
1754 3247 1895 3315 quod

317 3345 375 3392 et
413 3337 638 3408 publica:
682 3336 848 3406 leges,
887 3344 942 3391 et
981 3337 1337 3393 ecclesiastica
1363 3338 1484 3413 jura
1514 3340 1892 3397 condemnant.

316 3427 424 3482 Has
454 3427 614 3496 igi.ur
639 3425 933 3500 impudicas
962 3427 1410 3498 detesutbilesque
1435 3415 1691 3499 personas
1718 3445 1748 3486 a
1775 3446 1894 3486 mo-

315 3517 676 3572 nasteriorum
723 3525 886 3585 coetu,
931 3519 1383 3590 ecclesiarumque
1423 3524 1772 3578 conventibus
1799 3523 1895 3578 eli-

316 3608 600 3663 minandas
627 3623 745 3663 esse
778 3609 1120 3675 mandamus;
1150 3622 1410 3680 quatenus
1437 3623 1660 3668 retrusa
1709 3614 1761 3668 in
1783 3615 1900 3676 suis

317 3701 624 3770 ergastulis,
668 3709 723 3756 et
751 3697 953 3755 tantum
989 3700 1198 3758 facinus
1236 3705 1483 3761 continua
1518 3706 1897 3764 lamentatione

318 3792 604 3859 debentes,
662 3793 1027 3862 puriﬁcatorio
1077 3792 1338 3864 possinth
1377 3797 1721 3865 paenitudinis
1775 3800 1898 3871 igne

317 3882 661 3952 decoquere:
711 3885 872 3954 250
898 3894 948 3937 ut
981 3885 1058 3939 cis
1090 3886 1170 3940 vel
1200 3887 1266 3941 ad
1308 3897 1532 3942 mortem
1562 3891 1773 3953 saltem,
1807 3904 1898 3944 so-

321 3975 429 4028 lius
465 3975 846 4030 misericordia:
884 3977 1102 4041 intuitu,
1128 3992 1222 4046 per
1253 3980 1644 4035 communionis
1674 3981 1898 4050 gratiam

321 4070 494 4136 possit
516 4065 842 4137 indulgentia
871 4067 1178 4123 subvenire.

317 4219 542 4291 Regina
571 4219 672 4275 hoc
697 4231 780 4276 est
803 4232 960 4290 caput
986 4223 1022 4277 2
1057 4221 1278 4290 eiu-que
1311 4223 1490 4278 titulus
1518 4243 1531 4279 :
1569 4225 1643 4279 De
1669 4227 1896 4282 vetandis

314 4295 568 4366 qualiter.
592 4291 742 4357 Apud
773 4291 1054 4366 Justellum
1075 4293 1260 4366 incipit
1288 4311 1300 4345 :
1335 4294 1409 4348 De
1437 4297 1783 4364 conjugrtlium
1805 4313 1897 4350 au-

316 4362 421 4418 tem
467 4363 755 4416 violatione.
792 4364 845 4417 In
886 4366 1029 4431 vulg.
1064 4362 1228 4418 Cone.
1262 4375 1398 4429 post.
1433 4362 1562 4419 edit.
1590 4362 1783 4432 'ltom.,
1823 4366 1899 4421 De

314 4433 583 4504 conjugati
611 4435 1100 4506 autemciolatione.
1137 4432 1270 4506 Vide
1298 4445 1474 4506 autem
1503 4451 1623 4506 quae
1651 4439 1717 4490 de
1746 4438 1894 4491 vela-

315 4503 467 4558 tiooe
498 4503 717 4568 nuptiali
756 4503 986 4559 diximus
1040 4512 1148 4557 not.
1193 4503 1259 4558 16
1311 4504 1362 4557 in
1415 4503 1898 4563 Sacramentarium

317 4588 516 4646 unuse
538 4569 852 4646 Septembri
892 4582 1020 4630 tom.
1053 4573 1118 4640 ll,
1147 4574 1251 4630 col.
1294 4575 1394 4632 15‘.)
1448 4575 1643 4646 (nostri
1683 4586 1803 4631 tant.
1835 4575 1896 4630 Il

316 4645 425 4697 col.
457 4643 581 4706 129,
615 4653 722 4695 not.
755 4641 830 4712 ά).

392 4733 419 4761 ο
449 4714 612 4768 Alias.
639 4714 692 4765 in
724 4714 1122 4768 matrimonium.

389 4791 420 4830 δ
444 4784 649 4856 Titulus
674 4783 726 4836 in
759 4784 914 4839 Vind.
941 4801 954 4837 :
981 4783 1054 4838 De
1075 4784 1154 4838 Itis
1173 4785 1262 4854 qui
1295 4785 1638 4856 penitentiam
1676 4801 1904 4840 servave-

316 4863 439 4908 runt
463 4853 687 4905 minime.

399 4932 420 4959 ε
447 4922 603 4992 Solus
648 4922 887 4989 Qttesn.,
931 4925 999 4977 ad
1043 4925 1314 4992 uomitum,
1359 4934 1406 4980 et
1446 4926 1731 4981 volutabra.
1779 4926 1904 4982 Mox

315 4992 447 5064 cmi.
467 4991 658 5064 Vind,
691 5002 738 5046 et
764 4995 832 5046 ad
861 4996 1054 5049 militia:
1073 4991 1357 5064 cingulum.

398 5059 425 5097 ἀ
452 5061 539 5117 Sic
567 5076 688 5115 cum
721 5065 904 5116 Const.
936 5077 989 5118 et
1018 5059 1241 5133 vulgatis
1267 5065 1434 5120 nostri
1468 5066 1629 5120 codl.
1661 5065 1822 5120 Vind.
1851 5074 1907 5123 et

322 5138 363 5191 ν
385 5140 448 5204 tt.
479 5135 712 5200 lleginn.
745 5133 1082 5200 Quesnellus,
1104 5137 1271 5188 viatici
1299 5152 1522 5191 munere.
1560 5137 1713 5192 Dion.
1737 5139 1903 5204 Jusl.,

317 5201 521 5276 Quibit;
549 5215 823 5276 tamen
849 5204 1082 5276 volumus
1108 5207 1374 5260 subueniri.

401 5279 426 5308 ο
452 5271 560 5326 Tit.
591 5273 643 5326 in
683 5272 835 5347 Vind.
864 5289 879 5330 :
909 5275 986 5347 De
1003 5275 1260 5347 monachis
1286 5285 1333 5332 et
1359 5275 1640 5344 uirginibus
1667 5293 1906 5347 proport-

316 5351 433 5415 tum
461 5359 564 5415 non
590 5346 924 5397 servantibus.
976 5346 1030 5398 lu
1075 5346 1206 5415 Cod.
1245 5347 1358 5400 Vat.
1395 5347 1610 5412 Reginae
1635 5357 1720 5401 est
1751 5346 1910 5415 caput

314 5414 379 5475 ὃ.
415 5413 498 5466 cui
531 5413 713 5466 titulus
744 5418 1070 5484 prmponitur
1110 5430 1126 5469 :
1155 5413 1226 5468 De
1252 5418 1401 5483 lupsu
1430 5418 1792 5470 monachorum
1819 5413 1908 5470 iuet

315 5484 716 5549 monaeliarum,
748 5486 834 5550 qui
863 5487 917 5539 in
946 5487 1130 5540 cedite
1159 5486 1306 5540 ϐου).
1333 5485 1554 5540 alterius
1578 5487 1909 5541 eollectionis

317 5562 464 5622 teste
490 5552 802 5608 Constantio
832 5555 1040 5622 legitur.

1928 4335 1976 4392 D

1987 413 2203 472 ordines
2230 413 2726 486 clericorum,quos
2757 413 2809 468 in
2836 413 3152 467 venerandae
3184 412 3452 482 religionis
3479 417 3562 468 in-

1981 503 2201 572 juriam,
2249 503 2316 561 ita
2351 519 2442 572 per
2495 516 2699 558 vestras
2752 502 3099 571 provinciast’
3141 503 3372 557 calcatus
3401 512 3561 571 atque

1985 591 2238 646 confusos
2262 593 2518 648 cbaritate
2549 601 2632 645 tua
2657 593 2984 656 insinuante,
3019 594 3346 661 reperimus;
3377 603 3432 647 ut
3468 593 3560 646 Je-

1987 689 2169 742 remia:
2194 685 2347 740 nobis
2377 701 2506 740 voce
2521 684 2802 738 dicendum
2823 685 2889 740 sit
2918 703 2928 736 :
2958 685 3084 756 Quis
3105 685 3244 738 dabit
3269 685 3428 752 capiti
3454 701 3562 739 meo

1986 795 2192 845 aquam,
2226 787 2272 830 et
2299 775 2459 830 oculis
2483 778 2604 831 meis
2625 777 2815 848 fontem
2842 777 3211 846 lacrymnrum,
3243 787 3288 830 et
3312 780 3444 848 ﬂebo
3471 795 3562 848 po-

1987 870 2166 940 pulum
2186 868 2322 922 hunc
2350 869 2434 922 die
2456 884 2515 921 ac
2540 877 2686 921 nocte
2711 868 2926 940 (Jerem.
2951 883 3043 932 νει,
3075 869 3162 939 l)?
3189 867 3242 922 Si
3275 884 3401 939 ergo
3438 868 3561 924 bea-

1989 967 2073 1020 tus
2106 962 2360 1032 propheta
2381 963 2386 968 ”
2411 959 2477 1014 ad
2508 959 2729 1036 lugenda
2763 961 2939 1030 populi
2966 971 3205 1038 pect'ata,
3231 977 3334 1017 non
3364 962 3464 1016 sibi
3491 964 3563 1018 ait

1989 1050 2253 1122 lactymas
2281 1064 2438 1118 posse
2458 1050 2725 1114 sulticere,
2747 1060 2945 1120 quanto
2973 1066 3069 1106 nos
3100 1067 3381 1121 possumus
3406 1051 3559 1108 dolu-

1990 1157 2050 1204 re
2077 1142 2316 1220 percelli,
2347 1157 2467 1196 cum
2495 1157 2680 1196 eorum
2734 1143 2821 1212 qui
2859 1142 2908 1196 in
2961 1154 3143 1202 nostro
3174 1155 3295 1198 sunt
3340 1159 3565 1213 corpore

1989 1232 2364 1302 compellimur
2414 1231 2648 1288 facinora
2694 1231 3009 1303 deplorare?
3052 1234 3320 1303 Praecipue
3345 1238 3560 1305 quibus,

1990 1325 2283 1384 secundum
2334 1324 2545 1384 beatum
2579 1323 2820 1390 Paulum,
2873 1319 3121 1382 instantia
3166 1327 3470 1396 quotidiana
3514 1339 3566 1381 et

1992 1415 2298 1471 sollicitudo
2335 1416 2573 1470 omnium
2618 1415 2974 1472 Ecclesiarum
3021 1413 3044 1453 ¹ί
3086 1418 3447 1474 indesinenter
3488 1421 3566 1472 in-

1992 1508 2213 1564 cumbit.
2267 1507 2392 1576 Qui:
2435 1507 2577 1562 enim
2608 1508 2921 1576 inﬁrmatur,
2951 1517 2996 1560 et
3027 1523 3122 1578 ego
3153 1525 3254 1561 non
3294 1510 3568 1570 inﬁrmor?

1991 1600 2105 1674 quis
2143 1599 2547 1664 scandalizatur,
2581 1606 2627 1650 et
2656 1614 2747 1667 ego
2796 1615 2899 1657 non
2939 1614 3062 1652 uror
3095 1598 3176 1669 (ll
3211 1599 3417 1665 Cot‘.XI,
3441 1600 3569 1669 €29)?

2003 1689 2265 1746 Plurimos
2306 1691 2448 1743 enim
2479 1689 2787 1744 sacerdmes
2813 1688 3010 1764 Christi
3047 1699 3206 1757 atque
3239 1691 3428 1746 levitas
3454 1701 3569 1759 post

2001 1783 2156 1852 longa
2202 1782 2623 1836 consecrationis
2661 1795 2774 1836 sua:
2801 1791 3066 1849 tempora,
3097 1779 3114 1820 1
3155 1791 3259 1838 tam
3290 1783 3356 1837 de
3384 1783 3568 1854 conju-

1999 1873 2101 1948 giis
2130 1871 2356 1942 propriis
2401 1887 2558 1942 quam
2586 1873 2652 1930 de
2681 1872 2818 1942 turpi
2849 1873 2991 1927 coitu
3019 1873 3256 1930 sobolem
3289 1874 3570 1930 didicimus

2002 1978 2333 2034 procreasse,
2389 1973 2442 2018 ct
2485 1964 2688 2020 crimen
2738 1979 2890 2026 suum
2927 1963 3025 2022 bac
3057 1965 3454 2035 praescriptione
3480 1967 3570 2022 de-

2001 2054 2244 2118 fendere,
2293 2055 2414 2126 quia
2447 2055 2497 2106 in
2541 2055 2706 2109 veteri
2741 2055 3087 2114 Testamento
3115 2057 3483 2116 sacerdotibus
3509 2073 3569 2112 ac

1999 2145 2266 2213 ministris
2305 2143 2592 2211 generandi
2626 2143 2844 2205 facultas
2887 2144 3080 2214 legitur
3113 2146 3386 2206 attributa.
3423 2148 3569 2204 Dicat

2000 2252 2142 2296 nunc
2171 2235 2298 2296 mibi
2329 2236 2568 2306 quisquis
2604 2234 2696 2289 ille
2725 2244 2807 2295 est
2844 2245 3078 2293 sectator
3101 2237 3403 2304 libidinum,
3436 2254 3567 2308 pra:-

1999 2340 2290 2400 ceptorque
2333 2326 2602 2390 vtiorum.
2633 2325 2679 2384 si
2733 2325 2962 2380 aestimat
2997 2327 3116 2394 quia
3149 2327 3204 2382 in
3237 2329 3352 2400 lege
3399 2329 3567 2400 Moysi

2001 2423 2197 2494 pasrim
2226 2421 2393 2476 sacris
2440 2419 2715 2478 ordinibus
2749 2433 2780 2476 a
2808 2419 3034 2474 Domino
3061 2421 3230 2476 laxata
3255 2430 3379 2480 sunt
3418 2423 3568 2476 frena

1999 2517 2245 2581 luxuriat,
2271 2530 2365 2574 cur
2390 2529 2483 2576 eos
2521 2512 2714 2582 quibus
2744 2512 3212 2573 committebantur
3235 2524 3417 2570 sancta
3449 2531 3570 2569 san-

1999 2620 2206 2670 ctorum
2237 2617 2548 2679 praemonet,
2586 2607 2774 2668 dicens
2809 2626 2822 2661 :
2856 2607 3038 2668 Sancti
3070 2621 3242 2673 estote,
3265 2612 3386 2681 quia
3413 2619 3450 2647 ω
3479 2627 3570 2681 ego

1998 2709 2203 2756 sanctus
2225 2714 2358 2768 sum,
2385 2696 2631 2754 Dominus
2665 2697 2799 2756 Deus
2825 2708 2984 2754 tester
3013 2698 3196 2770 (Leuit.
3227 2716 3323 2767 xx,
3343 2702 3374 2753 7
3381 2702 3438 2768 Π
3463 2699 3569 2757 Cur

2000 2791 2160 2850 etiam
2195 2790 2432 2864 procula
2477 2789 2724 2848 domibus
2751 2790 2860 2844 suis
2887 2805 3031 2850 anno
3060 2791 3189 2844 vicis
3210 2805 3320 2845 sua:
3350 2792 3400 2844 in
3437 2804 3570 2847 tem-

1999 2884 2089 2955 plo
2134 2883 2372 2938 habitare
2395 2883 2530 2953 jussi
2560 2890 2684 2940 sunt
2703 2883 3046 2942 sacerdotes?
3077 2883 3175 2940 hac
3206 2883 3450 2940 videlicet
3482 2901 3568 2939 ra-

2000 2977 2166 3042 tione,
2198 2992 2264 3036 ne
2294 2975 2378 3030 vel
2399 2990 2521 3030 cum
2554 2975 2806 3034 uxoribus
2835 2986 3050 3044 possent
3070 2977 3291 3036 carnale
3315 2993 3568 3035 exercere

1999 3068 2412 3132 commercitun;
2460 3077 2516 3127 ut
2567 3069 2913 3126 conscientiae
2945 3069 3246 3138 integritate
3279 3070 3568 3141 ﬁngentes,

1998 3158 2324 3228 acceptabile
2351 3158 2465 3220 De‘o
2493 3171 2686 3218 munus
2714 3156 2996 3223 elici-rent;
3027 3158 3217 3227 quibus
3238 3161 3448 3229 expleto
3477 3162 3570 3220 de-

1998 3251 2302 3308 servitionis
2331 3265 2442 3309 sua:
2475 3257 2713 3318 tempore
2741 3249 2961 3308 uxorius
2988 3263 3115 3304 usus
3144 3249 3309 3310 salius
3349 3266 3567 3310 sumes.

1999 3340 2168 3400 siouis
2197 3355 2357 3397 causa
2407 3338 2578 3396 fuerat
2622 3340 2888 3393 relaxatus
2909 3380 2924 3404 ,
2957 3340 3076 3408 quia
3117 3357 3220 3396 non
3246 3357 3310 3398 ex
3338 3342 3440 3400 alia
3469 3344 3569 3404 nisi

1998 3447 2064 3490 ex
2088 3432 2224 3486 tribu
2271 3427 2401 3486 Levi
2448 3429 2726 3501 quisquam
2779 3429 2844 3484 ad
2896 3427 2988 3484 Dei
3017 3430 3369 3492 ministerium
3403 3432 3568 3488 fuerat

2001 3522 2208 3578 admitti
2253 3528 2567 3590 praeceptus.
2601 3515 2753 3575 Unde
2778 3529 2835 3572 et
2864 3516 3119 3575 Dominus
3143 3519 3300 3578 Jesus
3324 3535 3444 3576 cum
3472 3538 3570 3578 nos

2000 3628 2098 3672 suo
2111 3615 2429 3670 illustrasset
2451 3609 2708 3673 adventu,
2743 3608 2795 3665 in
2817 3610 3139 3680 Evangelia“
3155 3621 3474 3680 protestatus
3489 3625 3572 3670 est

2004 3705 2160 3784 κει
2193 3702 2313 3774 quia
2343 3702 2515 3778 legem
2548 3714 2658 3760 non
2685 3699 2892 3755 venerit
2918 3699 3149 3770 solvere,
3177 3701 3276 3758 sed
3317 3703 3570 3774 implere;

2005 3807 2057 3856 et
2081 3798 2199 3851 ideo
2232 3791 2502 3857 Ecclesiae,
2535 3790 2686 3860 cuius
2723 3805 2950 3860 sponsus
2975 3801 3078 3862 est,
3101 3789 3329 3854 formam
3357 3795 3572 3855 castita-

2006 3891 2072 3944 tis
2116 3888 2279 3943 voluit
2324 3885 2614 3956 splendore
2658 3882 2886 3946 radiare,
2918 3890 2976 3938 ut
3020 3883 3070 3936 in
3113 3882 3425 3954 diejudicii,
3455 3901 3574 3944 cum

2004 3995 2189 4036 rursus
2219 3976 2520 4041 advenerit,
2547 3975 2667 4030 sine
2693 3974 2899 4029 macula
2929 3983 2982 4028 et
3009 3973 3126 4028 sine
3147 3988 3274 4042 ruga
3304 3990 3420 4029 eam
3453 3991 3574 4044 pos-

2002 4075 2094 4140 sit,
2133 4073 2268 4128 sicut
2315 4086 2408 4140 per
2466 4069 2772 4138 Apostolum
2819 4082 2974 4122 suum
3023 4065 3274 4133 instituit,
3311 4069 3568 4138 reperire.

2004 4225 2123 4286 aliis
2147 4224 2302 4278 codd.
2337 4223 2558 4276 aliarum
2585 4221 2960 4277 collectiooum
2988 4232 3042 4280 et
3073 4223 3244 4287 editis,
3273 4225 3576 4280 sanctitatis.

2073 4305 2096 4343 8
2119 4296 2217 4350 Ms.
2249 4295 2458 4348 'Ihuan.
2476 4331 2518 4364 ,η
2539 4292 2594 4344 in
2631 4293 2900 4364 abruptam
2925 4297 3242 4350 conscientia!
3270 4297 3579 4364 desperatio-

2006 4380 2138 4436 nem.
2187 4364 2306 4420 Mox
2339 4379 2434 4430 pro
2464 4363 2616 4436 libere
2647 4361 2968 4436 codroson.
3003 4365 3163 4420 habet
3192 4361 3384 4436 illicita,
3418 4365 3578 4419 male.

2074 4433 2102 4472 h
2127 4437 2266 4489 ltit’m
2294 4436 2463 4488 0min.
2491 4432 2634 4485 delet
2655 4434 2999 4495 paniutdinis.

2081 4505 2093 4542 ¹
2125 4506 2231 4560 Tit.
2263 4518 2364 4558 ms.
2389 4502 2544 4556 Vind.
2583 4518 2595 4553 :
2625 4501 2700 4554 De
2721 4502 2920 4555 clericis
2947 4505 3391 4560 iucontinrntibua.
3434 4504 3580 4571 Mor,

2003 4589 2101 4644 pro
2129 4576 2196 4628 ad
2235 4574 2603 4629 sanctissimos
2636 4573 2842 4644 Quesn.
2897 4572 3170 4628 Veniamus
3209 4576 3276 4628 ad
3319 4577 3583 4629 sanctissi-

2003 4642 2128 4699 iuos.
2162 4645 2400 4701 Aliarum
2430 4644 2722 4699 editionum
2773 4642 3050 4698 lectionem
3077 4659 3146 4699 ex
3194 4647 3442 4701 omnibus
3489 4661 3584 4701 uo-

2003 4717 2128 4772 stris
2157 4715 2433 4771 codicibns
2458 4713 2847 4768 revocavimus.

2076 4786 2092 4836 t‘
2125 4785 2247 4842 Vat.
2279 4785 2433 4848 1542,
2469 4799 2587 4838 eum
2616 4783 2822 4838 duobus
2842 4783 2995 4839 Colb.
3014 4783 3333 4848 Constantii,
3363 4788 3586 4840 calcato;

2003 4873 2224 4928 canones
2273 4857 2553 4920 citat-itote;
2593 4871 2693 4928 qua
2743 4856 2970 4910 lectione
3021 4867 3233 4926 recepta
3283 4859 3436 4928 paulo
3463 4867 3588 4912 ante

2003 4927 2284 4996 legendum
2315 4935 2460 4982 es~et
2489 4942 2520 4978 α
2547 4925 2753 4996 quibus,
2787 4941 2892 4979 non
2924 4943 3068 4996 quos.

2078 4997 2101 5034 ¹ι
2129 4999 2285 5052 Solus
2313 5000 2514 5062 Quesn.
2543 4996 2738 5049 omittit
2772 4997 3126 5050 indesinenter.
3559 5033 3580 5046 ,-

2083 5064 2282 5135 lVulg.
2313 5082 2433 5121 cum
2477 5069 2749 5135 plerisque
2796 5066 2979 5132 eodd.,
3019 5075 3130 5120 tam
3175 5067 3238 5118 de
3285 5065 3559 5135 conjugitu

2006 5133 2265 5204 propriis,
2309 5133 2741 5206 quattt’eiiam‘de
2782 5138 2920 5204 turpi
2965 5136 3122 5189 coitu.
3169 5135 3263 5188 Ms.
3300 5133 3482 5201 Vittd.,
3528 5136 3592 5190 tie

2007 5208 2445 5344 .cum
2472 5289 2576 5327 ms.
2608 5273 2728 5328 Vat.
2759 5273 2994 5341 Regium,
3025 5283 3072 5326 et
3098 5289 3206 5344 ego.
3246 5273 3364 5328 Mox
3404 5290 3590 5331 vocem

1967 5379 1974 5386 -
2009 5345 2148 5398 Deus
2172 5343 2364 5399 ex’ms.
2398 5345 2554 5400 Vind.
2587 5355 2638 5397 et
2667 5347 2878 5399 ezeteris
2908 5344 3066 5397 editis
3093 5343 3412 5412 adiecimus.

2080 5425 2106 5451 υ
2129 5417 2260 5468 Alia:
2291 5415 2441 5486 edit.,
2470 5423 2796 5483 protestetur,
2821 5415 2941 5479 quia
2967 5415 3124 5486 legem
3149 5417 3333 5486 ucngrit
3362 5417 3597 5486 implere.

2010 5501 2114 5539 non
2139 5487 2351 5539 soluere.
2384 5485 2509 5539 “$0
2538 5498 2804 5554 poSIrema
2839 5486 2998 5538 verba
3018 5483 3274 5538 'similitvr
3303 5483 3600 5542 eﬂ‘ernnlur

2012 5558 2064 5608 in
2099 5556 2308 5611 duobus
2346 5555 2506 5610 codd.
2556 5555 2676 5608 Vat.
2725 5555 2941 5620 Regium
2989 5567 3044 5609 et
3092 5555 3196 5612 alio
3237 5555 3357 5610 Vat.
3393 5557 3446 5612 lu
3469 5557 3596 5614 cod.

403 5619 422 5660 ί
449 5621 523 5676 ita
550 5624 722 5686 prima
751 5619 908 5681 manu
934 5625 987 5682 in
1011 5641 1113 5683 ms.
1130 5623 1289 5682 Vind.
1311 5641 1325 5693 ;
1355 5627 1586 5684 secunda
1616 5637 1950 5694 vero,'cum-_,
2016 5626 2169 5683 Vind.
2194 5627 2512 5682 omittuntur
2539 5640 2694 5680 voces
2720 5619 3062 5690 sedwimplere.
