3888 6182
331 314 456 378 ’859

1284 306 1626 371 ἈΡΡΕΝῙΜΧ
1667 309 1756 366 ΛΟ
1794 310 1853 366 S.
1897 304 2139 365 LEONIS
2176 309 2390 366 MAGNI
2426 306 2685 366 OPERA.

3490 301 3596 357 560

350 436 584 504 Quarum
614 435 944 489 sanctionem
976 445 1167 491 omnes
1215 431 1523 485 sacerdotes
1563 434 1722 495 atque
1749 424 1927 480 levita:
1954 426 2010 488 Α
2033 441 2135 483 co:
2169 426 2420 482 Sacerdos
2449 442 2658 482 uxorem
2687 427 2932 497 virginem
2973 426 3211 495 accipiat,
3242 442 3344 482 non
3378 428 3610 496 viduam,

355 527 622 582 insolubili
665 528 780 596 lege
817 524 1252 595 constringimur,
1302 530 1361 575 ut
1390 534 1420 574 a
1453 518 1542 576 die
1570 518 1928 574 ordinationis

355 630 549 674 nostris
578 618 852 674 sobrietati
879 632 940 671 ac
968 615 1236 688 pudicitia:
1256 623 1309 669 et
1329 611 1495 668 corda
1518 621 1699 666 nostra
1724 610 1929 665 manci-

354 712 541 779 pemus
562 720 614 766 et
636 724 857 779 corpora
883 725 898 774 ;
941 706 1232 763 dummodo
1260 720 1354 775 per
1380 705 1557 759 omnia
1591 704 1702 759 Deo
1748 713 1933 758 nostro

358 807 412 857 in
442 804 522 857 his
549 817 666 872 quae
714 800 950 869 quotidie
991 798 1265 855 oderimus
1295 796 1572 852 sacriﬁciis
1595 796 1919 866 placeamus.

356 894 457 962 Qui
485 902 654 948 autem
685 894 738 946 in
765 909 915 947 carne
938 899 1080 959 sunt,
1110 891 1320 946 dicente
1341 887 1618 944 electionis
1646 900 1796 953 vase,
1822 885 1929 940 Deo

353 982 553 1054 placere
580 999 680 1036 non
707 993 952 1051 possunt;
972 998 1059 1036 vos
1081 990 1249 1034 autem
1277 981 1391 1051 jam
1413 995 1511 1033 non
1531 978 1652 1032 estis
1674 977 1727 1031 in
1752 992 1928 1044 carne,

352 1076 444 1128 sed
497 1074 548 1128 in
585 1074 802 1145 spiritu;
831 1073 876 1127 si
923 1082 1091 1127 tamen
1118 1070 1327 1140 spiritus
1355 1068 1452 1123 Dei
1478 1068 1668 1122 habitat
1698 1068 1750 1122 in
1792 1067 1932 1121 vobis

357 1158 537 1219 (Rom.
573 1159 776 1226 mni);
814 1156 975 1213 lCor.
1004 1174 1084 1223 ιιι,
1119 1159 1229 1227 16).
1266 1160 1331 1213 Ει
1365 1159 1457 1213 ubi
1490 1158 1704 1227 poterit,
1736 1154 1840 1212 nisi
1876 1152 1935 1209 in

296 1294 303 1302 .
353 1250 698 1320 corporibus,
727 1251 868 1306 sicut
890 1250 1115 1321 legimus
1133 1250 1195 1319 (Ii
1211 1250 1330 1307 Cor.
1359 1265 1433 1314 vt,
1461 1248 1570 1316 16),
1600 1261 1803 1306 sanctis
1838 1241 1934 1296 ιη’

356 1347 528 1399 bitare
557 1342 788 1411 Spiritus
832 1342 962 1397 Dei?
991 1341 1058 1396 Et
1085 1340 1206 1411 quia
1251 1338 1504 1408 aliquanti
1533 1337 1601 1392 de
1626 1337 1817 1408 quibus
1849 1340 1931 1391 lo-

356 1438 588 1505 quimur,
615 1444 670 1488 ut
700 1441 786 1488 tua
807 1433 1059 1489 sanctitas
1085 1430 1284 1498 retulit,
1311 1429 1641 1502 ignoratione
1670 1429 1850 1498 lapsos
1876 1442 1936 1483 se

363 1542 486 1583 esse
514 1526 731 1592 detlent,
765 1525 846 1581 his
884 1524 985 1580 hac
1012 1524 1320 1585 conditione
1349 1522 1772 1579 misericordiam
1800 1522 1937 1576 dici-

364 1633 483 1672 mus
511 1633 614 1672 non
649 1616 967 1686 negantiam,
1000 1624 1057 1671 ut
1093 1615 1209 1670 sine
1236 1615 1342 1669 ullo
1372 1615 1592 1669 honoris
1622 1624 1931 1687 augmento,

360 1708 416 1761 in
462 1705 564 1761 hoc
611 1720 715 1775 quo
761 1705 957 1760 detecti
1004 1715 1149 1772 sunt,
1192 1704 1427 1775 quandiu
1477 1703 1728 1771 vixerint,
1762 1703 1939 1760 officio

2035 533 2137 572 non
2182 518 2525 589 repudiatam,
2559 535 2660 572 non
2703 520 3012 572 meretricem
3053 515 3263 588 (Ezech.
3300 534 3443 586 xuv,
3474 519 3613 591 22)?

2034 609 2184 677 Quod
2217 620 2434 665 secutus
2464 610 2751 679 Apostolus
2789 624 2855 663 ex
2884 619 3228 680 persecutore
3273 609 3613 680 praedicator.

2035 704 2186 757 unius
2230 703 2404 757 uxoris
2454 704 2616 756 virum
2647 702 2701 773 (l
2745 700 2883 757 Tim.
2932 718 3009 767 ιιι,
3041 700 3120 773 Ξ),
3148 713 3252 756 tam
3281 704 3612 760 sacerdotem

2035 808 2193 863 quam
2232 792 2514 847 diaconum
2559 793 2672 847 fieri
2710 791 2913 847 debere
2956 793 3244 846 mandavit.
3276 792 3405 859 Quae
3434 796 3618 852 omnia

2037 882 2111 937 ita
2159 897 2187 935 a
2234 882 2511 954 regionum
2560 892 2856 937 vestrarum
2905 882 3273 952 despiciuntur
3315 883 3620 956 episcopis,

2037 971 2188 1043 quasi
2243 973 2299 1028 in
2348 972 2674 1027 contrarium
2707 970 2727 1010 ί
2757 973 2923 1042 magis
2973 972 3170 1028 fuerint
3211 976 3524 1030 constituta.
3556 976 3624 1033 l‘it

2036 1063 2158 1134 quia
2184 1079 2290 1117 non
2317 1072 2399 1118 est
2446 1064 2599 1119 nobis
2624 1063 2693 1118 de
2726 1062 3028 1133 hujusmodi
3061 1066 3494 1135 usurpationibus
3523 1082 3623 1123 ne-

2036 1152 2362 1223 gligendum,
2402 1167 2471 1208 ne
2496 1168 2595 1207 nos
2625 1152 2941 1223 indignantis
2969 1170 3067 1208 vox
3098 1155 3305 1210 Domini
3329 1155 3473 1226 justa
3493 1172 3623 1212 cor-

2037 1243 2213 1313 ripiat,
2228 1258 2329 1314 qua
2357 1243 2519 1299 dicit:
2542 1243 2761 1299 Videbas
2792 1240 2956 1315 furem
2982 1254 3031 1300 et
3053 1248 3288 1302 currebas
3311 1264 3425 1303 cum
3455 1265 3550 1316 eo;
3578 1260 3625 1305 ct

2037 1333 2256 1406 ponebas
2276 1343 2414 1387 tuam
2434 1351 2550 1388 cum
2564 1336 2809 1390 adulteris
2836 1336 3119 1405 portionem
3134 1336 3304 1407 (Psal.
3329 1355 3474 1404 sus,
3492 1341 3589 1409 18)
3609 1358 3624 1394 :

2039 1424 2165 1493 quid
2203 1425 2272 1478 ab
2306 1424 2565 1480 universis
2613 1424 2834 1494 posthac
2869 1425 3120 1481 Ecclesiis
3157 1428 3483 1497 sequendum
3526 1432 3623 1496 sit,

2040 1512 2165 1583 quid
2196 1513 2494 1583 vitandum,
2523 1514 2758 1584 generali
2783 1515 3212 1582 pronuntiatione
3250 1517 3618 1574 decernimus.

2110 1605 2240 1660 Car.
2272 1605 2366 1660 1x.
2397 1636 2467 1648 —-
2497 1615 2523 1654 ε
2554 1605 2645 1661 ιχ.
2676 1605 2987 1676 Quicunque
3025 1609 3204 1679 itaque
3246 1626 3306 1665 se
3356 1611 3621 1667 Ecclesia:
3661 1592 3675 1607 ’

2042 1695 2187 1750 vovit
2210 1696 2479 1767 obsequiis
2507 1712 2537 1751 a
2576 1713 2670 1752 sua
2698 1696 2940 1764 infantia,
2971 1710 3095 1754 ante
3125 1700 3421 1769 pubertatis
3447 1716 3625 1756 annos

361 1805 729 1868 perseverent;
753 1797 795 1851 si
823 1806 997 1851 tamen
1024 1796 1240 1866 posthac
1264 1796 1600 1851 continentes
1626 1811 1684 1851 se
1714 1796 1936 1851 stitdue-
1962 1786 2013 1851 Β
2042 1786 2321 1855 Vapula“.
2347 1797 2403 1843 εἰ
2432 1788 2692 1843 Ῑοοῑοτυω
2716 1789 2877 1845 debet
2914 1791 3210 1847 ministerio
3247 1794 3463 1848 sociari.
3518 1795 3625 1861 Qui

362 1890 468 1942 rint
513 1887 794 1943 exhibere.
828 1886 891 1941 lli
920 1902 1048 1942 vero
1089 1887 1176 1956 qui
1204 1886 1373 1941 illiciti
1424 1886 1689 1957 privilegii
1713 1901 1937 1942 excusi-

364 1981 507 2031 tfone
546 1977 804 2041 nituntur,
837 1985 893 2030 ut
933 1975 1032 2030 sibi
1074 1975 1175 2030 hoc
1200 1985 1442 2031 asserant
1466 1976 1632 2031 veteri
1663 1976 1775 2045 lege
1805 1992 1936 2031 cuu-

364 2081 597 2130 cessum,
625 2066 873 2119 noverint
905 2079 965 2120 se
994 2065 1062 2119 ab
1091 2065 1235 2119 omni
1263 2065 1628 2121 ecclesiastico
1653 2074 1678 2103 ι
1706 2065 1932 2133 honore,

364 2174 470 2227 quo
516 2159 730 2227 indigne
783 2157 862 2213 usi
894 2167 1041 2223 sunt,
1082 2157 1392 2227 apostolica:
1419 2158 1563 2213 sedis
1616 2152 1938 2213 auctoritate

361 2248 758 2318 dejectos;uec
805 2262 1038 2317 unquam
1088 2261 1243 2317 posse
1293 2247 1596 2303 veneranda
1651 2257 1939 2304 attrectare

360 2326 637 2410 mysteria,
679 2337 870 2407 quibus
914 2353 974 2393 se
1014 2339 1112 2407 ipsi
1138 2337 1265 2391 dum
1287 2338 1533 2394 obscenis
1560 2338 1938 2407 cupiditatibus

363 2431 589 2495 iuh‘aut,
626 2430 988 2498 privaverunt.
1023 2429 1088 2481 Et
1114 2429 1235 2497 quia
1257 2428 1503 2499 exempla
1535 2429 1817 2498 praesentia
1856 2445 1942 2486 ca-

363 2534 491 2573 vere
516 2534 613 2573 nos
628 2527 973 2588 praemoneut
997 2518 1049 2571 iu
1071 2516 1326 2584 futurum,
1350 2516 1380 2556 δ
1412 2519 1458 2572 si
1487 2519 1711 2588 quilibet
1731 2522 1937 2590 episcoo

363 2622 484 2677 pus,
524 2611 823 2679 presbyter,
872 2618 1030 2678 atque
1059 2608 1313 2663 diaconus
1336 2609 1499 2678 (quod
1531 2625 1638 2665 non
1667 2614 1932 2684 optamus)

361 2700 615 2769 deinceps
644 2701 762 2755 talis
786 2699 945 2754 fuerit
967 2699 1233 2766 inventus,
1251 2698 1358 2768 jam
1385 2713 1526 2755 nunc
1545 2700 1646 2756 sibi
1674 2711 1695 2739 ο
1722 2717 1935 2758 omnem

361 2805 456 2861 per
508 2805 605 2846 nos
658 2791 999 2860 indulgentiae
1031 2789 1231 2845 aditum
1276 2790 1542 2862 intelligat
1578 2792 1883 2849 obseratum
1917 2810 1936 2861 ;

362 2885 482 2954 quia
511 2883 655 2940 ferro
679 2898 898 2939 necesse
913 2893 992 2939 est
1007 2883 1320 2939 excidantur
1341 2883 1561 2941 vulnera
1590 2901 1707 2956 quae
1734 2886 1939 2943 fomen-

362 2988 538 3031 torum
567 2990 673 3031 non
701 2975 967 3030 senserint
994 2975 1337 3031 medicinam.

430 3065 561 3120 Car.
591 3064 723 3118 VIII.
751 3095 822 3105 —
848 3061 875 3101 ιι
901 3063 1013 3118 Vlll
1065 3065 1354 3120 Didicimus
1404 3067 1563 3122 etiam
1610 3066 1832 3124 licenter
1873 3084 1938 3124 ac

362 3156 533 3212 libere
562 3156 909 3224 inexplorata:
950 3153 1074 3209 vitae
1116 3155 1381 3225 homines,
1430 3157 1622 3227 quibus
1647 3159 1808 3214 etiam
1840 3175 1938 3215 nu-
1963 3140 2011 3204 Ο

360 3261 568 3303 merosa
586 3245 782 3302 fuerint
812 3245 1060 3316 conjugia
1090 3246 1155 3300 ad
1180 3245 1427 3315 praelatae;
1452 3246 1759 3318 dignitates,
1783 3258 1934 3319 prout

358 3341 552 3410 cuique
575 3337 811 3404 libuerit,
842 3335 1110 3407 aspirare;
1155 3336 1427 3406 quodnon
1453 3346 1659 3393 tantum
1692 3340 1798 3395 illis
1843 3342 1936 3411 qui

359 3431 425 3486 ad
477 3429 593 3485 base
630 3429 977 3484 immoderata
1019 3429 1179 3501 252
1227 3429 1519 3486 ambitione
1574 3433 1931 3506 perveniunt,

359 3529 616 3590 quantum
659 3519 1085 3590 metmpoiitanis
1130 3519 1436 3588 specialiter
1461 3522 1797 3593 pontificibus
1828 3525 1933 3580 im-

361 3621 607 3683 putamus
631 3628 646 3677 ;
670 3610 761 3682 qui
784 3611 911 3667 dum
946 3620 969 3649 ο
1000 3610 1240 3666 inhibitis
1260 3612 1476 3669 ausibus
1501 3616 1810 3684 conuivent,
1835 3618 1933 3673 Do-

358 3706 485 3760 mini
509 3705 697 3769 nostri,
720 3712 976 3773 quantum
1000 3704 1052 3757 in
1070 3718 1129 3758 se
1149 3713 1250 3767 est,
1277 3715 1540 3775 praecepta
1564 3717 1931 3766 contemnunt.

364 3794 431 3849 Et
461 3803 523 3849 ut
552 3804 821 3849 taceamus
848 3793 988 3863 quod
1011 3794 1169 3847 altius
1190 3795 1542 3864 suspicamur,
1573 3797 1661 3852 ubi
1695 3800 1820 3855 illud
1848 3811 1933 3858 est

276 3913 281 3919 η
358 3885 503 3954 quod
535 3885 789 3942 Dominus
832 3895 1013 3941 uoster
1042 3884 1163 3940 data
1209 3900 1304 3954 per
1331 3886 1545 3942 Moisem
1579 3888 1695 3959 lege
1732 3895 1933 3947 consti-

362 3976 483 4044 tuit,
505 3976 690 4032 dicens
721 3994 734 4030 :
767 3975 1068 4033 Sacerdotes
1094 3978 1192 4030 mei
1213 3976 1365 4030 semel
1392 3978 1582 4032 nubant
1608 3995 1625 4033 :
1654 3989 1709 4035 et
1726 3983 1829 4037 alio
1855 3984 1931 4039 lo-

432 4163 459 4190 ³
487 4151 619 4207 Cod.
650 4153 768 4207 Vat.
799 4150 1034 4221 Regina},
1065 4166 1235 4219 opere.

444 4229 471 4263 δ
493 4223 648 4277 Vind.
683 4239 803 4276 cum
825 4221 1139 4293 quibusdam
1164 4221 1320 4276 editis
1351 4222 1505 4278 delet
1522 4224 1586 4281 si.

423 4305 469 4334 ιε
493 4293 563 4346 Ita
591 4309 779 4348 omnes
826 4292 983 4348 codd.
1016 4306 1144 4345 mss.
1178 4303 1231 4347 et
1252 4295 1455 4360 excusi,
1485 4303 1677 4362 praeter
1702 4295 1928 4362 Quesn.,

361 4362 500 4434 apud
529 4379 685 4439 quem
719 4363 908 4431 legitur
951 4378 1149 4416 onmem
1191 4378 1284 4432 per
1312 4380 1405 4417 nos
1432 4366 1682 4439 intelligat
1732 4369 1931 4422 aditum

361 4450 470 4488 esse
495 4436 798 4487 obseratum.

432 4479 467 4540 ἶ
487 4479 850 4573 ζἰιῖ
877 4520 891 4556 ι
923 4501 1000 4557 De
1029 4503 1225 4556 clericis
1253 4503 1429 4573 quales
1453 4506 1599 4558 liceat
1623 4479 1927 4571 promoueri.

2040 1873 2070 1913 ιι
2086 1876 2154 1932 ab
2177 1891 2395 1933 accessu
2417 1878 2797 1934 adolescentiae
2821 1894 2986 1949 usque
3001 1881 3065 1936 ad
3088 1882 3414 1939 tricesimum
3445 1887 3624 1939 aetatis

2038 1983 2235 2024 annum
2267 1970 2309 2024 si
2340 1970 2684 2039 probabiliter
2697 1971 2907 2039 vixerit,
2927 1988 3028 2027 una
3053 1981 3282 2042 tantum,
3301 1985 3355 2030 et
3374 1992 3437 2031 ea
3461 1992 3628 2046 quam

2042 2062 2306 2130 virginem
2335 2061 2604 2117 communi
2628 2077 2722 2131 per
2750 2063 3081 2119 sacerdotem
3111 2065 3483 2122 benedictione
3502 2084 3629 2139 per-

2038 2152 2260 2222 ceperit,
2302 2167 2476 2207 usore
2510 2162 2814 2219 contentus,
2854 2154 3135 2222 acolythus
3164 2165 3216 2210 et
3257 2158 3630 2213 subdiaconus

2039 2257 2158 2298 esse
2206 2242 2450 2309 debebit;
2501 2253 2622 2312 post
2672 2258 2791 2312 quae
2844 2243 2912 2297 ad
2942 2244 3167 2300 diaconii
3195 2245 3444 2316 gradum,
3474 2249 3623 2304 sise

2039 2332 2156 2403 ipse
2188 2334 2434 2403 primitus
2460 2335 2785 2388 continentia
2816 2346 3089 2399 precante
3111 2336 3327 2406 dignum
3358 2339 3626 2407 probarit,

2042 2425 2283 2484 accedat.
2313 2424 2412 2481 Ubi
2443 2426 2485 2480 si
2518 2425 2657 2479 ultra
2697 2425 2931 2495 quinque
2957 2442 3125 2481 annos
3154 2427 3498 2485 laudabiliter
3522 2436 3627 2485 mi-

2039 2517 2301 2585 nistrarit,
2333 2531 2567 2587 congrue
2604 2518 2991 2589 presbyterium
3036 2529 3410 2589 consequatur.
3459 2524 3626 2577 Exin-

2037 2608 2106 2663 de
2136 2616 2256 2677 post
2296 2608 2629 2673 decennium,
2681 2608 3038 2678 episcopalem
3087 2610 3391 2666 cathedram
3422 2617 3626 2682 poterit

2038 2700 2284 2770 adipisci,
2312 2701 2354 2754 si
2387 2708 2565 2755 tamen
2612 2714 2710 2769 per
2759 2699 2875 2755 haec
2913 2708 3149 2770 tempora
3180 2701 3461 2772 integritas
3489 2704 3629 2760 vita:

2040 2806 2104 2847 ac
2133 2791 2255 2846 fidei
2277 2790 2396 2861 eius
2428 2792 2585 2846 fuerit
2616 2791 2922 2861 approbata.

2109 2883 2240 2939 Cn.
2273 2883 2339 2938 Χ.
2356 2913 2427 2925 —
2453 2883 2471 2922 ι
2506 2883 2573 2939 Χ.
2591 2882 2692 2950 Qui
2723 2899 2850 2939 vero
2872 2882 2981 2955 jam
3002 2886 3158 2942 astate
3174 2884 3487 2957 grandaevus
3506 2905 3628 2944 me-

2042 2975 2190 3030 lioris
2220 2975 2474 3044 propositi
2518 2975 2871 3051 conversione
2900 2985 3216 3045 provocatus
3265 2994 3332 3033 ex
3362 2979 3501 3036 laico
3552 2984 3629 3037 ad

2040 3073 2250 3120 s’acram
2277 3064 2520 3120 militiam
2550 3067 2825 3135 pervenire
2849 3066 3082 3127 festinat.
3113 3069 3366 3124 desiderii
3387 3072 3470 3125 sui
3505 3071 3632 3129 fru~

2039 3167 2185 3213 ctum
2212 3172 2314 3212 non
2340 3158 2497 3215 aliter
2517 3157 2799 3225 obtinebit,
2819 3158 2919 3213 nisi
2944 3173 3010 3214 eo
3030 3175 3137 3230 quo
3164 3161 3461 3230 baptizatur
3483 3175 3635 3220 tem-

2041 3263 2171 3318 pore
2198 3248 2377 3303 statim
2412 3247 2571 3320 253
2603 3247 2861 3304 lectorum
2897 3256 2990 3303 aut
3013 3251 3395 3319 exorcistarum
3427 3269 3635 3311 nume-

2039 3355 2101 3396 ro
2126 3342 2376 3406 societur,
2408 3342 2453 3395 si
2477 3350 2653 3395 tamen
2683 3355 2805 3396 eum
2824 3356 2983 3396 unam
3015 3342 3262 3400 habuisse
3282 3346 3362 3401 vel
3392 3346 3632 3415 habere,

2038 3440 2091 3488 et
2119 3433 2255 3487 hanc
2281 3431 2541 3501 virginem
2566 3431 2840 3501 accepisse
2861 3443 3068 3489 constet
3097 3449 3334 3490 uxorem.
3356 3437 3458 3504 Qui
3485 3438 3637 3498 dum

2037 3522 2275 3577 initiatus
2322 3520 2503 3591 fuerit,
2535 3522 2747 3590 expleto
2792 3523 3025 3588 biennio,
3059 3539 3158 3594 per
3192 3528 3633 3596 quinquennium

2038 3612 2184 3667 aliud
2212 3612 2490 3683 acolythus
2514 3619 2569 3668 et
2596 3611 2954 3669 subdiaconus
2985 3612 3099 3680 flat,
3126 3626 3180 3669 et
3206 3617 3284 3670 sic
3326 3617 3393 3670 ad
3436 3618 3637 3676 diaco-

2035 3703 2205 3771 nium,
2233 3704 2276 3758 si
2308 3718 2403 3773 per
2442 3703 2558 3759 haec
2605 3714 2845 3773 tempora
2881 3704 3089 3775 dignus
3124 3707 3390 3777 judicatus
3434 3711 3636 3783 fuerit,

2038 3795 2053 3847 l
2080 3795 2424 3865 provehatur.
2460 3794 2663 3850 Exinde
2684 3795 2793 3863 jam
2820 3808 3036 3851 accessu
3062 3807 3356 3866 temporum
3377 3799 3446 3853 ad
3471 3817 3638 3871 pres.

2033 3891 2320 3962 byterium,
2350 3890 2432 3945 vel
2477 3884 2859 3959 episcopatum,
2905 3888 2951 3943 si
2995 3903 3116 3943 eum
3167 3890 3297 3944 cieri
3346 3905 3411 3946 ac
3448 3898 3637 3962 plebis

2036 3977 2063 4018 ¹ι
2083 3982 2317 4038 evocarit
2340 3979 2551 4045 electio,
2579 3993 2683 4033 non
2710 3980 2977 4033 immerito
3004 3979 3255 4035 societur.

2036 4157 2263 4215 heiensi.
2282 4155 2450 4212 Codd.
2477 4153 2618 4210 Pith.
2650 4164 2705 4226 et
2732 4154 2882 4211 Colb.
2909 4155 3066 4225 hujus
3094 4157 3426 4220 collectionis
3450 4167 3637 4226 alium

2037 4231 2255 4302 titulum
2284 4226 2574 4302 praeferunt
2603 4244 2616 4279 :
2649 4225 2751 4302 Per
2778 4231 2912 4294 quod
2943 4226 3079 4298 (lc-ge
3109 4230 3254 4302 quot)
3280 4235 3477 4302 gradus
3500 4225 3638 4294 aco;

2033 4299 2227 4376 lythus,
2280 4298 2650 4363 subdiaconus,
2694 4297 2959 4362 diaconus,
2992 4297 3381 4369 presbyterfoel
3417 4314 3637 4376 episco-

2033 4387 2132 4519 tu:
2163 4372 2426 4519 {ﬁdelem
2473 4435 2635 4519 codd.
2666 4436 2804 4518 apud
2844 4435 3029 4519 const.
3060 4438 3242 4519 delent
3266 4440 3350 4494 ab.
3401 4444 3544 4502 Dein
3581 4451 3640 4507 in

2035 4508 2155 4563 Vat.
2190 4507 2346 4571 1542,
2366 4522 2459 4567 pro
2480 4508 2548 4558 ad
2569 4507 2875 4560 tricesimum
2899 4507 3124 4564 habetur
3147 4511 3214 4562 od
3241 4528 3305 4564 xx
3325 4520 3498 4569 artatis
3522 4537 3643 4573 sure

363 4572 674 4655 liic:ti_tulus
703 4588 741 4655 _a
764 4572 1099 4655 Dionysianis
1123 4570 1414 4655 discrepat.
1449 4576 1501 4627 lu
1525 4570 1645 4655 eod.
1676 4577 1927 4655 Vatullef
1957 4570 2010 4630 D
2035 4594 2262 4655 annum;
2312 4570 2437 4655 quae
2472 4578 2645 4655 lectio
2677 4580 2853 4655 verior
2884 4580 3147 4655 videtur;
3179 4597 3298 4655 nam
3344 4570 3640 4655 lusimus,

362 4643 499 4715 gina:
521 4645 618 4715 hoc
637 4651 720 4697 est
746 4654 903 4710 caput
930 4645 982 4705 4,
1014 4643 1172 4711 eique
1200 4643 1385 4715 titulus
1412 4644 1703 4715 praeﬁgitur
1736 4663 1749 4701 :
1785 4646 1935 4700 Peri-

363 4712 533 4785 clitars'
560 4715 1001 4785 metropolitanum
1020 4727 1147 4785 cum
1183 4728 1309 4785 eum
1326 4714 1466 4782 (lege
1490 4712 1679 4784 eolqui
1723 4717 1933 4785 indigne

365 4780 519 4852 [μετὰ
548 4780 830 4836 ordinatus.
861 4781 991 4836 Cum
1025 4784 1123 4835 hoc
1161 4780 1564 4836 concinitvetus
1592 4780 1712 4841 cod.
1739 4780 1929 4852 Cori)"

366 4849 803 4925 Periclitareeum
831 4852 1275 4925 metropolitanum
1300 4867 1333 4904 a
1358 4869 1456 4917 quo
1496 4854 1682 4925 aliquis
1723 4849 1934 4925 indigne

364 4921 518 5044 crearit
554 4920 847 4974 ordinatus.

413 4990 519 5044 ind.
570 4999 624 5042 et
674 4988 792 5044 Val.
839 4994 847 5043 θ

413 4990 519 5044 ind.
570 4988 792 5064 etuvnt.
839 4990 993 5059 1542,
1050 4988 1458 5045 concinentibus
1506 4992 1630 5046 aliis
1678 4995 1928 5064 vulgatis.

362 5064 585 5129 Quesn.,
611 5060 836 5112 libenter.

435 5139 459 5168 ’
480 5130 643 5186 Solus
670 5132 894 5198 Quesn.,
913 5128 1134 5183 inclitis.
1165 5128 1260 5186 Ms.
1292 5127 1479 5199 Corb.,
1504 5132 1747 5189 inbibitos
1771 5145 1936 5191 motus

361 5217 460 5256 non
481 5203 732 5257 cohibent.

436 5270 456 5308 ί
489 5272 630 5325 Idem
649 5267 1017 5344 Quesn._delet
1042 5269 1237 5344 magis;
1263 5280 1453 5340 etpost
1476 5287 1659 5341 pauca,
1689 5276 1932 5344 percellat

362 5354 459 5423 pro
483 5343 744 5423 corripiat.
780 5340 1013 5423 vulget
1045 5341 1411 5423 coddhsecuti
1437 5340 1641 5401 sumus.
1675 5340 1791 5401 Vat.
1826 5347 1935 5402 Re-

360 5411 518 5480 ginae,
539 5411 678 5480 juste
699 5412 967 5480 corripiat,
998 5412 1084 5480 qui
1107 5411 1253 5465 dicit.

434 5487 460 5527 ι
484 5480 587 5534 'lit.
615 5481 663 5532 in
696 5495 797 5534 ms.
835 5480 991 5535 Vind.
1024 5496 1039 5533 :
1073 5478 1153 5532 De
1180 5480 1484 5536 clericorum
1520 5494 1921 5540 conversatione.

360 5547 420 5603 ιιι
446 5550 567 5619 cod.
621 5549 738 5602 Vat.
789 5548 918 5619 Reg.
959 5560 1042 5603 est
1070 5563 1228 5617 caput
1258 5553 1313 5615 5.
1344 5566 1467 5606 cum
1514 5555 1668 5609 titulo
1694 5572 1711 5607 :
1740 5556 1925 5609 Clerici

901 4923 1017 4974 Mos
1070 4922 1277 4974 licenter
1317 4924 1629 4989 scripsimus
1675 4941 1740 4979 ex
1797 4922 1929 4984 mss.
1977 4939 1987 4952 '

2039 4652 2126 4718 qui
2146 4649 2469 4727 _i_n_ep_ist.ola
2489 4646 2576 4727 _ud
2609 4647 2893 4727 Es‘ychium
2927 4647 3022 4702 has
3048 4650 3219 4727 Sirieii
3250 4654 3477 4727 litteras
3518 4646 3642 4727 przé

2016 4717 2207 4773 ﬁculis
2230 4718 2433 4782 habuit,
2457 4717 2501 4769 si
2518 4717 2579 4767 ab
2609 4718 2851 4783 infamia,
2879 4720 3435 4786 irquat,rcclesiasticis
3465 4717 3641 4783 υιίιιὶ-

2038 4790 2204 4843 steriis
2219 4804 2284 4841 no
2306 4803 2399 4839 neu
2426 4786 2641 4860 dederit,
2668 4788 2799 4839 inter
2821 4791 3030 4860 lectores
3051 4807 3209 4860 usque
3230 4796 3297 4844 ad
3326 4796 3642 4855 vicesimum

2040 4860 2206 4913 (etatis
2232 4873 2426 4910 annum
2454 4858 2751 4927 continuata
2780 4857 3133 4912 obsermtiene'
3149 4862 3409 4927 perduret.

2116 4929 2131 5002 ξ
2164 4928 2269 4981 Tit.
2326 4927 2377 4979 in
2429 4925 2696 5002 Vi‘udZDe
2750 4928 3032 5002 grandaevis
3064 4944 3083 4984 :
3115 4925 3164 5002 in
3216 4932 3331 4985 Vat.
3366 4935 3616 5002 Regina.

2044 4999 2129 5052 ubi
2160 5007 2257 5069 est
2280 5005 2459 5069 caput
2480 4997 2513 5049 6
2545 4995 2696 5069 {Qui
2718 4987 2778 5049 ei:
2809 4999 2938 5069 laicp
2968 5001 3268 5069 grandaevus
3310 5006 3378 5056 ad
3412 4987 3643 5063 (ιῗνιῷἷ

2019 5078 2148 5121 -tum
2176 5068 2536 5149 vultrtrausire.
2565 5066 2681 5120 Mox
2705 5068 2845 5148 vulg.
2889 5066 3056 5124 Coitc.
3084 5082 3138 5125 et
3168 5073 3324 5126 Dion.
3378 5074 3643 5149 Justetli,

2041 5140 2416 5191 conversatione
2440 5151 2536 5202 pro
2556 5138 2895 5193 conversione.

2112 5206 2128 5277 ᾇ
2162 5206 2288 5277 κνειι.
2324 5206 2482 5277 1542,
2512 5216 2886 5277 promereatur.

2108 5274 2134 5313 ¹ι
2160 5276 2299 5351 idem
2327 5276 2445 5351 _Vat.
2474 5274 2593 5330 cum
2620 5276 2761 5351 Pith.
2785 5288 2841 5351 et
2860 5276 3009 5333 Colb.
3035 5277 3260 5351 Lucem,
3285 5282 3651 5351 edecumarit,

2038 5345 2188 5400 Hanc
2218 5347 2503 5419 lectionem
2532 5346 2765 5415 pra-tulit
2788 5346 3150 5419 constantius.
3184 5345 3251 5402 eo
3269 5354 3411 5419 quod
3440 5345 3641 5410 «decu.

2035 5431 2177 5470 mare
2201 5419 2270 5490 sit
2302 5430 2335 5470 ο
2371 5417 2555 5490 decem
2587 5432 2746 5490 unum
2773 5418 2935 5490 veluti
2961 5421 3192 5490 nissime
3223 5417 3641 5490 pra-cellentem

2030 5498 2083 5539 et
2119 5488 2355 5564 omnium
2394 5486 2769 5564 dignissimum
2804 5488 3021 5564 eligere.
3065 5489 3200 5564 (god.
3226 5486 3359 5564 '_Vat._
3401 5493 3637 5564 Regium:

2029 5571 2149 5628 eum
2182 5558 2288 5610 alio
2312 5555 2492 5628 μοιβ..
2515 5557 2565 5628 si
2585 5558 2635 5608 in
2661 5572 2774 5609 eum
2804 5557 2926 5610 clari
2950 5574 3011 5611 ac
3037 5559 3197 5624 plebis
3226 5561 3380 5628 fuerit
3406 5555 3636 5622 electio.

587 5618 891 5711 temporibus
911 5620 1253 5711 esse-deamat
1284 5633 1335 5711 ut
1354 5621 1424 5701 ad
1445 5624 1926 5711 episcopatumper-
2027 5624 2262 5708 Thuan.,
2300 5618 2488 5711 Colbx,
2525 5627 2568 5678 si
2605 5642 2832 5707 euut...:.
2858 5618 3094 5711 sequitur
3121 5618 3319 5686 electio.
3351 5630 3418 5688 Di
3435 5618 3634 5709 any,“

360 5688 583 5745 veniant.
617 5688 757 5742 Idem
787 5692 1004 5744 omnino
1030 5691 1214 5746 titulus
1239 5700 1322 5746 est
1351 5692 1404 5745 in
1427 5693 1741 5750 collectione
1782 5688 1921 5751 Cor-

2024 5697 2228 5762 regium
2258 5696 2556 5762 exemplar.
2583 5696 2823 5751 exstiterit
2856 5699 3053 5752 electio.
3139 5723 3143 5727 ν
