3960 6188
424 315 527 373 1587

1347 314 1691 370 ΑΡΡΕΝΒΙΧ
1729 315 1826 369 AD
1859 315 1913 368 S.
1957 309 2201 367 LEONIS
2241 312 2453 368 MiGNl
2491 311 2737 371 OPERA.

3569 312 3677 368 568

424 449 452 485 a
485 429 698 485 Chris=o
737 445 857 486 esse
887 429 1190 500 coniugium
1229 441 1514 496 negamus,
1549 426 1727 481 divina
1757 441 1888 482 voce
1919 426 1997 480 di-
2023 428 2076 488 Α
2103 425 2238 493 ἄρηι,
2265 425 2375 496 38).
2409 426 2534 482 Haec
2559 435 2643 482 est
2667 427 2824 496 Virgo
2845 440 2964 496 qua:
2987 426 3037 481 in
3061 434 3212 482 utero
3233 425 3493 495 concepit,
3514 424 3673 494 Virgo

423 531 579 576 cattle
605 539 620 579 :
657 521 815 574 Erunt
842 524 990 574 ambo
1029 521 1080 572 in
1112 536 1211 572 una
1255 534 1436 583 carne,
1467 527 1493 554 λ
1519 529 1566 570 et
1601 520 1653 570 in
1681 535 1782 572 uno
1814 517 1994 590 Spiritu

425 609 576 680 (Cen.
607 627 678 676 ιι,
710 611 804 671 “ab;
842 609 1026 664 Hattlt.
1061 624 1174 671 xix,
1207 608 1293 676 5);
1325 607 1416 660 sed
1447 609 1590 676 prius
1609 617 1690 662 est
1717 609 1856 676 quod
1889 610 1993 662 nati

422 719 604 758 sumus
629 720 783 772 quam
816 703 955 772 quod
992 701 1200 766 effecti,
1241 701 1513 770 multoque
1545 701 1879 770 prmstantius
1907 701 1993 755 di-

424 793 532 847 vini
562 795 739 862 operis
773 794 1081 862 mysterium
1112 807 1266 861 quam
1308 793 1554 846 humanae
1583 791 1884 860 fragilitatis
1910 808 1988 845 rc-

420 884 672 938 medium.
717 883 842 938 iure
886 883 1127 936 laudatur
1171 885 1309 936 bona
1350 897 1504 948 uxor,
1539 882 1633 937 sed
1675 881 1866 936 melius
1909 883 1989 950 pia

418 977 566 1046 virgo
595 977 900 1046 prmiertur,
929 976 1140 1032 dicente
1177 976 1434 1045 Apostolo
1468 993 1480 1029 :
1517 976 1619 1042 Qui
1639 978 1811 1046 jungit
1842 977 1991 1047 virgi-

414 1087 530 1124 nem
555 1087 730 1134 suam,
767 1071 882 1123 bene
926 1070 1084 1141 facit;
1115 1078 1161 1123 et
1191 1070 1276 1138 qui
1306 1086 1405 1122 non
1427 1069 1630 1140 jungit,
1667 1068 1844 1122 melius
1868 1068 1990 1137 facit

417 1162 458 1229 (l
489 1159 607 1215 Cor.
637 1177 738 1226 vn,
767 1160 891 1230 58);
928 1162 1040 1214 haec
1063 1162 1204 1214 enim
1234 1160 1430 1228 cogitat
1459 1174 1577 1226 qua:
1605 1158 1696 1211 Dei
1722 1167 1842 1211 sunt
1861 1197 1876 1223 ,
1898 1158 1986 1211 illa

412 1267 530 1316 qua:
561 1251 764 1305 mundi.
799 1250 888 1304 llla
927 1250 1297 1320 conjugelibus
1331 1249 1557 1304 vinculis
1594 1248 1839 1316 colligata
1871 1258 1983 1313 est;

414 1345 528 1398 lucc
559 1345 720 1398 libera
753 1343 1106 1396 vinculorum.
1139 1342 1233 1396 illa
1260 1340 1359 1395 sub
1389 1341 1523 1411 lege,
1550 1342 1650 1395 ista
1674 1341 1775 1395 sub
1795 1341 1985 1410 gratia.

414 1434 615 1487 Bonum
659 1433 992 1502 conjugium,
1041 1447 1147 1502 quo
1184 1443 1267 1487 est
1305 1435 1516 1488 inventa
1550 1433 1831 1502 posteritas
1868 1449 1988 1488 suc-

411 1525 671 1580 cessionis
717 1525 990 1588 humanze;
1039 1524 1132 1578 sed
1181 1525 1368 1578 melior
1409 1532 1491 1578 est
1535 1522 1835 1593 virginitas,
1896 1539 1982 1592 per

409 1630 567 1684 quam
588 1616 733 1684 regni
756 1615 992 1669 caelestis
1015 1613 1294 1668 haereditas
1317 1613 1590 1683 acquisita,
1613 1622 1667 1669 et
1686 1613 1983 1668 caelestium

412 1711 719 1763 meritorum
745 1721 952 1778 reperta
977 1711 1266 1763 successio.
1296 1708 1397 1762 Per
1416 1707 1690 1764 mulierem
1717 1721 1843 1762 cura
1866 1721 1986 1762 suc-

2100 533 2220 587 qua:
2261 519 2466 587 peperit
2505 517 2713 571 ﬁlium:
2763 517 2841 572 sic
2885 517 3029 571 enim
3074 519 3331 588 scriptum
3375 525 3490 572 est:
3540 515 3671 572 Ecce

2110 609 2262 680 Virgo
2289 609 2343 662 in
2369 619 2514 662 utero
2542 610 2752 679 accipiet
2788 618 2833 662 et
2864 610 3025 676 pariet
3054 609 3222 677 filium
3255 607 3409 680 (lsai.
3434 625 3528 678 vn,
3558 607 3664 678 14).

2096 699 2211 755 Νοιι
2240 699 2384 755 enim
2424 711 2803 769 concepturam
2845 685 3212 755 tantummodo
3239 703 3526 772 virginem,
3573 707 3668 759 sed

2095 802 2148 849 et
2199 794 2487 861 parituram
2535 793 2792 861 virginem
2837 792 2991 846 dixit.
3050 793 3181 858 Qua:
3227 804 3308 847 est
3356 801 3532 848 autem
3581 793 3666 848 illa

2095 897 2246 954 porta
2293 887 2612 950 sanctuarii,
2656 883 2791 940 1lilia
2831 887 3066 941 exterior
3103 885 3173 939 ad
3207 887 3498 951 orientem,
3547 902 3667 956 qua:

2094 985 2274 1030 manet
2320 976 2542 1031 clausa?
2588 976 2654 1029 Et
2698 993 2864 1040 nemo,
2914 977 3111 1046 inquit,
3165 974 3533 1046 ipertransibit
3580 995 3667 1045 per

2093 1083 2237 1132 eam;
2275 1071 2364 1122 sed
2401 1069 2538 1122 solus
2569 1069 2702 1124 Deus
2729 1067 2896 1124 Israel
2934 1070 3164 1123 transivit
3201 1086 3292 1140 per
3316 1086 3426 1124 eant
3452 1069 3664 1140 (Ezech.

2093 1159 2339 1230 thv,5).
2384 1158 2571 1214 Nonne
2611 1159 2726 1213 haec
2765 1169 2917 1228 porta
2959 1159 3124 1213 Maria
3163 1170 3246 1214 est
3285 1175 3379 1227 per
3412 1176 3570 1229 quam
3611 1162 3664 1214 in

2093 1251 2232 1306 hunc
2272 1251 2526 1306 mundum
2559 1251 2880 1319 Redemptor
2919 1251 3176 1305 intravit?
3226 1251 3350 1304 Haec
3388 1261 3472 1305 eSt
3512 1262 3665 1320 porta

2087 1342 2331 1410 justitim,
2372 1342 2505 1396 sicut
2541 1343 2652 1412 ipse
2683 1341 2818 1396 dixit
2854 1359 2870 1397 :
2921 1341 3046 1397 Sine
3088 1359 3179 1396 nos
3222 1342 3432 1410 implere
3465 1359 3664 1396 omnem

2081 1432 2342 1502 justitiam
2363 1431 2576 1503 (Matth.
2600 1446 2679 1496 ιιι,
2705 1431 2816 1499 15).
2852 1431 2974 1486 llaec
2999 1442 3147 1499 porta
3176 1440 3257 1485 est
3286 1431 3444 1484 Maria
3469 1431 3538 1485 de
3563 1447 3663 1499 qua

2089 1523 2345 1590 scriptum
2373 1531 2486 1577 est:
2513 1523 2645 1590 Quia
2668 1522 2917 1576 Dominus
2942 1523 2957 1573 i
2988 1524 3313 1593 pertransivit
3343 1539 3473 1585 eam,
3495 1533 3543 1576 et
3568 1527 3664 1578 erit

2091 1611 2264 1666 clausa
2291 1622 2402 1684 post
2431 1621 2637 1681 partum
2666 1612 2878 1684 (Ezech.
2914 1629 3055 1677 XLIV,
3085 1612 3180 1682 2):
3214 1613 3335 1681 quia
3361 1615 3509 1682 virgo
3535 1628 3665 1668 con-

2089 1704 2230 1772 cepit
2259 1713 2313 1758 et
2339 1704 2542 1772 genuit.
2592 1704 2730 1770 Quid
2771 1712 2948 1758 autem
2996 1702 3337 1768 incredibile,
3385 1703 3431 1757 si
3475 1714 3666 1758 contra

411 1801 602 1866 cessit,
637 1815 731 1868 per
770 1801 1026 1870 virginem
1057 1800 1204 1854 salus
1243 1800 1440 1855 evenit.
1482 1799 1717 1868 Denique
1754 1799 1985 1868 speciale
2017 1792 2060 1852 B
2089 1810 2243 1850 usum
2276 1796 2531 1850 naturalis
2559 1795 2778 1864 originis
2809 1794 3017 1863 peperit
3053 1793 3217 1848 Maria
3245 1804 3299 1848 et
3324 1793 3469 1863 virgo
3494 1791 3522 1830 ¹ί
3546 1809 3667 1862 per-

409 1892 507 1945 sibi
536 1891 733 1946 donum
764 1892 1083 1961 virginitatis
1109 1891 1560 1967 Christuselegit,
1591 1900 1752 1960 atque
1775 1891 1991 1958 integri-

411 1985 532 2038 tatis
579 2000 774 2040 munus
822 1985 1100 2051 exhibuit,
1141 1994 1300 2055 atque
1347 1987 1398 2039 in
1443 1999 1504 2038 se
1551 1984 1986 2053 repraesentavit,

409 2075 549 2143 quod
576 2076 732 2146 elegit
754 2076 805 2130 in
838 2087 1024 2131 matre.
1057 2077 1263 2144 Quanta
1294 2076 1522 2132 amentia
1553 2076 1880 2130 funestorum
1908 2076 1987 2131 la-

411 2179 641 2223 tratuum
663 2211 677 2235 ,
711 2179 766 2224 ut
795 2170 952 2224 iidem
981 2171 1222 2225 dicerent
1246 2169 1518 2224 Christum
1549 2184 1612 2222 ex
1645 2168 1848 2237 virgine
1882 2183 1986 2223 non

410 2262 648 2329 potuisse
676 2264 954 2330 generari,
978 2262 1064 2331 qui
1092 2270 1340 2316 asserunt
1361 2276 1426 2315 ex
1458 2261 1680 2314 mul'n-re
1707 2261 1867 2314 editis
1891 2259 1991 2313 hu-

409 2366 686 2406 manorum
736 2352 1016 2422 pignorum
1065 2352 1302 2419 partibus
1352 2350 1591 2419 virgines
1637 2350 1983 2418 permanere!

409 2443 544 2497 Aliis
574 2458 700 2512 ergo
744 2452 960 2512 przestat
988 2442 1267 2508 Christus,
1312 2441 1454 2511 quod
1499 2441 1630 2506 sibi,
1671 2449 1728 2495 ut
1768 2440 1984 2510 dicunt,

411 2543 666 2598 praestare
695 2547 799 2586 non
836 2530 1038 2602 potuit?
1074 2531 1166 2586 llle
1195 2546 1319 2586 vero
1350 2528 1376 2567 δ
1410 2531 1510 2586 etsi
1549 2545 1764 2586 carnem
1801 2547 2016 2588 susce-.

411 2625 503 2692 pit,
534 2625 633 2678 etsi
655 2624 814 2678 homo
837 2624 1004 2679 iactus
1025 2631 1129 2690 est,
1147 2632 1206 2698 ut
1227 2623 1496 2678 hominem
1522 2623 1808 2679 redimeret
1828 2631 1987 2694 atque

406 2734 434 2769 a
462 2725 634 2773 morte
669 2728 974 2783 revocaret,
1008 2717 1259 2772 inusitato
1291 2726 1465 2771 tamen
1485 2758 1498 2782 ,
1531 2727 1552 2754 ο
1583 2716 1733 2786 quasi
1765 2730 1988 2771 munere

407 2809 549 2864 venit
579 2809 631 2862 in
659 2820 828 2864 terras
859 2824 873 2863 :
909 2817 969 2864 ut
991 2808 1436 2880 quemadmodum
1467 2808 1675 2863 dixerat
1705 2826 1719 2862 :
1753 2808 1881 2862 Ecce
1907 2812 1988 2879 fa-

405 2902 537 2954 ciam
566 2902 736 2956 omnia
775 2918 906 2954 nova
936 2901 1120 2972 (Apoc.
1151 2917 1239 2956 xxt
1265 2943 1280 2969 ,
1310 2900 1388 2969 5),
1432 2911 1589 2970 partu
1631 2900 1986 2954 immaculata:

405 2992 626 3061 virginis
649 3004 987 3057 nasceretur;
1020 3001 1074 3047 et
1096 2993 1233 3046 sicut
1261 2995 1516 3058 scriptum
1546 3002 1647 3056 εει,
1673 2991 1985 3046 crederetur

403 3082 664 3137 nobiscum
687 3081 841 3136 Deus.
862 3082 968 3137 Sed
984 3081 1011 3118 ά
1029 3082 1094 3136 de
1111 3085 1189 3136 via
1214 3083 1574 3151 perversitatis
1599 3082 1892 3151 produntur
1907 3082 1982 3136 di-

403 3183 526 3226 cere
544 3189 556 3224 :
575 3172 730 3242 261
742 3169 899 3243 Virgo
912 3172 1160 3240 concepit,
1180 3146 1269 3225 sed
1289 3187 1388 3224 non
1401 3172 1540 3241 virgo
1555 3146 1831 3239 generavit.
1847 3171 1977 3239 Qua:
2006 3146 2052 3209 (ἶ

404 3262 574 3331 potuit
597 3277 725 3331 ergo
751 3263 897 3332 virgo
925 3262 1226 3330 concipere,
1255 3272 1278 3299 °
1304 3276 1405 3316 non
1439 3263 1610 3331 potuit
1639 3263 1787 3332 virgo
1815 3278 1978 3332 gene-

403 3370 556 3421 rare,
595 3370 716 3410 cum
757 3369 968 3423 semper
1003 3363 1295 3423 conceptus
1334 3352 1624 3423 praecedat,
1669 3363 1854 3421 partus
1890 3369 1976 3410 se-

402 3446 632 3515 quatur?
681 3444 784 3500 Sed
825 3444 871 3499 si
911 3441 1165 3498 doctrinis
1200 3459 1304 3497 non
1345 3443 1579 3498 creditur
1607 3443 1969 3509 sacerdotum,

401 3537 651 3591 credatur
677 3538 908 3592 oracu'is
945 3535 1175 3602 Christi,
1220 3536 1471 3590 credatur
1502 3536 1717 3590 monitis
1755 3539 1974 3606 angelo-

405 3645 520 3683 rum
552 3628 843 3683 dicentium
871 3646 883 3681 :
919 3628 1054 3694 Quia
1080 3644 1181 3682 non
1210 3639 1282 3682 est
1313 3627 1621 3700 impossibile
1646 3626 1665 3666 ί
1693 3627 1802 3683 Deo
1830 3641 1978 3684 omne

399 3719 745 3788 oerbum(Lttc
782 3735 818 3785 t,
839 3718 926 3786 5³7)
946 3736 959 3774 :
978 3720 1229 3774 credatur
1249 3730 1301 3775 et
1320 3720 1572 3790 Symbolo
1591 3721 1972 3788 apostolorum,

399 3810 539 3879 quod
570 3809 803 3864 Ecclesia
831 3809 1065 3864 Romana
1099 3811 1470 3863 intemeratum
1499 3824 1711 3879 semper
1738 3811 1974 3866 custodit

397 3910 451 3958 rt
477 3908 675 3954 servat.
723 3900 939 3955 Audivit
974 3899 1134 3954 Maria
1161 3914 1346 3954 vocem
1377 3901 1578 3969 angeli,
1621 3910 1675 3955 et
1703 3917 1822 3971 qua:
1850 3914 1976 3958 ante

399 3990 644 4050 dixerat;
689 3990 955 4056 Quomodo
979 3999 1002 4036 ε
1027 3989 1121 4043 erit
1156 3989 1290 4042 istud
1312 3990 1337 4042 ?
1374 4004 1479 4043 non
1508 3989 1575 4044 de
1605 3991 1706 4044 fide
1743 4005 1968 4060 genera-

400 4083 560 4136 tionis
604 4083 968 4152 interrogans,
1019 4079 1291 4149 respondit
1334 4089 1556 4148 postea:
1612 4080 1741 4136 Ecce
1781 4083 1972 4136 ancilla

400 4173 648 4228 Domini:
676 4175 935 4242 contingat
961 4171 1084 4225 mihi
1123 4172 1396 4226 secundum
1431 4172 1632 4225 verbum
1669 4183 1812 4227 tuum
1835 4173 1973 4247 (Ibi-

470 4282 837 4364 {Vatﬂiﬂt
868 4293 1084 4364 et_unus.
1106 4283 1334 4364 spiritus.
1365 4283 1489 4339 Post
1520 4298 1716 4354 pauca,
1746 4300 1843 4354 pro
1867 4303 1979 4358 my-

394 4353 604 4407 sterium
633 4353 808 4407 Oxon.
839 4354 986 4419 cod.,
1016 4353 1367 4408 ministerium.

471 4423 496 4461 b
524 4422 703 4487 Vind.,
733 4425 779 4476 si
799 4440 1018 4478 carnem.
1045 4425 1160 4478 Vat.
1190 4423 1345 4487 1542,
1368 4425 1413 4478 si
1436 4441 1635 4479 carnem
1663 4443 1829 4480 suam.
1858 4427 1972 4482 Vat.

400 4494 570 4568 5815,
602 4495 687 4562 qui
715 4509 1093 4568 carnemsuam
1118 4496 1579 4568 susuepit._Bi_nius
1609 4505 1664 4550 et
1694 4497 1822 4551 Lab.
1846 4542 1859 4564 ,
1889 4501 1976 4568 qui

401 4565 473 4616 sic
499 4580 699 4617 carnem
739 4567 960 4633 suscepit
997 4567 1090 4619 etsi
1124 4566 1293 4618 homo.
1338 4565 1546 4619 Merlin.
1590 4577 1642 4622 ct
1679 4568 1870 4634 Crab.,
1901 4565 1975 4621 sic

405 4649 606 4687 carnem
626 4636 863 4700 suscepit,
892 4647 939 4688 et
959 4637 1033 4690 sic
1055 4636 1221 4689 homo.

476 4714 498 4741 ο
531 4699 1058 4767 ριιθεηθιίιιςοιηίεεε
1093 4703 1325 4772 pericula
1352 4706 1498 4775 quasi
1521 4719 1640 4759 cum
1671 4706 1816 4775 vulg.
1836 4705 1975 4761 Con-
2006 4699 2053 4757 D

397 4772 486 4825 cil.
516 4788 608 4840 pro
639 4788 844 4826 munere
867 4777 1080 4844 scripsit
1107 4776 1308 4828 itinere.
1343 4774 1649 4829 Lectionem
1690 4772 1891 4830 Merlini
1921 4789 1975 4832 et

400 4843 608 4922 Culle
641 4857 798 4922 quam
819 4843 1003 4899 omnes
1027 4845 1194 4898 nostri
1221 4854 1449 4914 quatuor
1476 4846 1612 4901 codd
1655 4847 1968 4916 approbant,

403 4917 752 4966 restituimu's.

473 4979 501 5019 ά
527 4982 682 5037 Solus
702 4984 927 5049 Quesn.,
956 4984 1313 5039 renitentibus
1343 4985 1591 5040 omnibus
1615 4985 1810 5039 nostris
1838 5001 1970 5041 mss.

401 5063 452 5108 et
477 5053 690 5135 excusis
712 5057 1127 5135 exemplaribus,
1152 5055 1374 5125 ip50que
1395 5056 1628 5119 Thuan.,
1654 5057 1819 5112 edidit
1843 5058 1974 5111 devii

397 5142 430 5177 α
457 5127 538 5177 via
565 5127 809 5179 veritatis.

470 5194 690 5268 f‘Codd.
708 5195 894 5268 Vallie.
921 5207 975 5251 et
996 5195 1116 5250 Vat.
1135 5195 1516 5265 5845,°puncto
1542 5197 1975 5268 interrogationis

396 5263 626 5328 sublato,
656 5267 837 5321 delent
861 5283 983 5321 non.

478 5333 494 5372 ί
519 5334 743 5408 Quesn.,
775 5340 910 5408 apud
942 5337 1125 5391 Deum.

468 5414 495 5451 ε
522 5405 630 5468 ΑΙ.,
655 5406 764 5470 ﬁet.
808 5405 817 5408 ⁷
927 5457 935 5466 ,

469 5471 498 5543 1}
523 5472 676 5543 Vulg.
704 5485 948 5541 repetunt
975 5485 1120 5543 porta
1145 5476 1258 5535 illa.

475 5540 488 5579 ⁸
515 5540 647 5617 God:
671 5540 854 5617 Viudj,
877 5540 1196 5617 pertransivit
1217 5562 1343 5599 eam.
1378 5546 1497 5600 Mox
1520 5547 1683 5617 vulg.,
1711 5549 1809 5601 nisi
1829 5551 1969 5602 solus

403 5611 538 5688 Deus
568 5612 751 5688 Israel.
779 5611 926 5688 "Dein
952 5614 1159 5688 Const.,
1189 5617 1422 5688 transibit
1454 5633 1543 5682 per
1568 5611 1708 5684 eam,
1750 5620 1872 5688 quia
1903 5622 1962 5673 S.

397 5680 709 5739 Ambrosius
741 5685 791 5740 in
825 5685 914 5740 lib.
943 5683 1009 5739 de
1036 5686 1206 5740 lnstit.
1231 5685 1398 5755 Virg.,
1441 5680 1490 5742 e.
1523 5687 1577 5753 8,
1619 5680 1960 5745 hunc'locum

2091 1900 2302 1953 manet,
2351 1887 2562 1958 quando
2605 1895 2788 1941 contra
2836 1900 2988 1940 usum
3033 1893 3235 1938 natum
3267 1900 3410 1940 mare
3444 1885 3572 1938 vidit
3615 1896 3668 1939 et

2091 1979 2242 2050 fugit,
2273 1987 2430 2046 atque
2460 1979 2512 2032 in
2546 1977 2744 2032 fontem
2777 1992 2931 2031 suum
2959 1976 3206 2032 Jordanis
3237 1975 3431 2030 ﬂuenta
3460 1992 3670 2030 remea-

2090 2071 2259 2126 runt?
2306 2069 2421 2124 Non
2460 2085 2587 2140 ergo
2625 2069 2834 2124 excedit
2873 2067 3031 2122 iidem
3069 2067 3209 2136 quod
3244 2068 3390 2137 virgo
3425 2068 3669 2136 peperit;

2089 2162 2302 2232 quando
2341 2163 2566 2231 legimus
2595 2160 2737 2230 quod
2780 2169 2833 2214 et
2873 2169 3020 2230 petra
3061 2160 3302 2215 evomuit
3329 2174 3514 2228 aquas,
3567 2157 3670 2214 1et

2091 2255 2143 2307 iu
2172 2253 2307 2308 muri
2334 2247 2567 2323 speciem
2592 2254 2754 2306 maris
2777 2252 2912 2306 unda
2937 2251 3161 2306 solidata
3185 2260 3284 2306 est.
3314 2251 3427 2304 Non
3455 2252 3670 2306 excedit

2087 2344 2248 2399 ﬁdem
2288 2343 2427 2414 quod
2469 2343 2630 2398 homo
2668 2345 2833 2398 exivit
2871 2358 2941 2397 ex
2983 2344 3219 2413 virgine,
3261 2342 3472 2410 quando
3511 2353 3668 2411 petra

2089 2436 2286 2491 fontem
2317 2436 2580 2506 proﬂuum
2609 2436 2919 2501 scaturivit,
2957 2435 3156 2491 ferrum
3187 2451 3348 2504 super
3376 2449 3541 2503 aquas
3573 2451 3670 2488 na-

2088 2529 2238 2592 tavit,
2267 2529 2556 2583 ambulavit
2581 2527 2739 2582 homo
2765 2541 2924 2596 super
2947 2542 3130 2597 aquas.
3165 2528 3304 2596 Ergo
3325 2527 3368 2580 si
3393 2526 3666 2580 hominem

2089 2621 2248 2691 262
2278 2619 2415 2673 unda
2445 2619 2701 2688 portavit,
2745 2633 2849 2673 non
2892 2619 3064 2688 potuit
3097 2617 3366 2673 hominem
3398 2617 3546 2686 virgo
3572 2633 3666 2686 ge-

2088 2711 2320 2765 nerare?
2353 2720 2390 2746 σι
2411 2712 2480 2764 At
2507 2725 2663 2780 quem
2695 2710 3009 2764 hominem?
3054 2711 3129 2764 De
3155 2725 3260 2779 quo
3296 2709 3519 2778 legimus
3543 2729 3554 2764 :
3593 2707 3666 2762 Et

2088 2805 2248 2858 mittet
2287 2805 2400 2857 istis
2427 2803 2680 2858 Dominus
2715 2802 2968 2857 hominem
2993 2806 3081 2874 qui
3107 2820 3193 2857 eos
3223 2804 3375 2872 faciet
3401 2804 3584 2866 salvos,
3611 2812 3665 2857 et

2086 2906 2235 2949 notus
2265 2897 2358 2948 erit
2391 2895 2637 2949 Dominus
2659 2895 2922 2966 .Egyptiis
2944 2893 3096 2966 (Isai.
3127 2911 3239 2965 xtx,
3264 2895 3375 2965 9.0).
3410 2896 3464 2948 ln
3491 2896 3667 2950 veteri

2086 2991 2266 3061 itaque
2308 2991 2681 3057 Testamento,
2721 2993 2924 3062 nvirgo
2979 2975 3325 3048 llebratorum
3377 3009 3471 3062 per
3515 3009 3667 3048 mare

2086 3081 2238 3136 duxit
2277 3083 2604 3146 exercitum;
2651 3082 2702 3136 in
2735 3098 2878 3138 novo
2905 3083 3250 3138 Testamento
3292 3084 3461 3153 virgo,
3503 3085 3667 3152 Regis

2083 3173 2200 3226 aula
2228 3173 2496 3238 ccelestis,
2545 3179 2716 3229 electa
2760 3185 2842 3229 est
2878 3175 2944 3230 ad
2981 3177 3228 3230 salutem.
3277 3176 3411 3244 Quid
3440 3185 3612 3230 autem
3639 3177 3666 3229 τ

2084 3263 2254 3318 Etiam
2288 3263 2557 3319 viduitatis
2585 3274 2884 3320 attexamus
2915 3267 3210 3335 praeconia,
3251 3282 3370 3321 cum
3404 3267 3456 3319 in
3487 3266 3666 3320 Evan-

2079 3349 2223 3426 gelio
2247 3366 2364 3424 post
2384 3355 2608 3425 virginis
2637 3357 3045 3411 celeberrimum
3078 3367 3306 3426 partum,
3330 3359 3477 3410 Anna
3503 3355 3665 3410 vidua

2082 3446 2434 3515 subrogetur:
2465 3462 2584 3516 qua:
2612 3447 2826 3502 vixerat
2853 3462 2973 3502 cum
3002 3449 3118 3502 viro
3147 3463 3244 3500 suo
3273 3447 3424 3501 annis
3446 3440 3663 3512 septem

2082 3555 2113 3594 a
2151 3539 2449 3609 virginitate
2485 3554 2617 3593 sua:
2664 3538 2729 3594 Et
2773 3540 2879 3593 [nec
2918 3540 3072 3593 vidua
3115 3556 3365 3593 annorum
3406 3540 3665 3608 octoginta

2080 3639 2317 3700 quatuor,
2365 3641 2481 3698 qua:
2523 3645 2623 3683 non
2667 3629 2956 3684 discedebat
2996 3631 3060 3682 de
3103 3632 3312 3699 templo,
3351 3629 3569 3699 jejnniis
3608 3639 3663 3681 et

2081 3719 2511 3774 obsecrationibus
2545 3721 2766 3774 serviens
2800 3720 2884 3774 die
2924 3736 2986 3772 ac
3021 3729 3183 3773 nocte.
3235 3720 3422 3774 Merito
3449 3720 3514 3772 ab
3553 3719 3663 3772 illis

2085 3812 2314 3865 viduitas
2355 3812 2667 3880 despicitur,
2718 3821 2742 3847 ο
2767 3827 2885 3881 qua:
2929 3813 3063 3866 solet
3103 3811 3392 3866 observare
3431 3811 3657 3880 jejunia,

2082 3904 2273 3974 quibus
2300 3918 2359 3959 se
2383 3903 2567 3958 dolent
2598 3905 2686 3958 istt
2712 3905 2893 3974 aliquo
2926 3917 3163 3974 tempore
3190 3920 3310 3959 esse
3338 3914 3657 3968 maceratos,

2078 4005 2134 4049 et
2163 3994 2430 4063 propriam
2492 3995 2821 4049 ulciscuntur
2870 3996 3123 4065 iniuriam
3152 4039 3166 4062 ,
3227 3996 3663 4065 quotidianisque

2081 4085 2343 4142 conviviis
2383 4099 2588 4155 usuque
2618 4086 2842 4142 luxuriae.
2877 4088 3114 4142 laborem
3153 4089 3486 4143 abstinentiae
3528 4104 3660 4157 pro-

2086 4178 2300 4248 pulsare
2326 4177 2666 4245 desiderant;
2713 4183 2800 4248 qui
2833 4181 2965 4236 nihil
2995 4182 3190 4236 rectius
3219 4181 3449 4250 faciunt,
3496 4195 3658 4251 quam

2081 4291 2328 4375 similiter
2349 4291 2615 4375 allegavit.
2657 4294 2844 4350 Postea
2871 4297 3018 4352 solus
3041 4297 3268 4364 Quesn.,
3301 4298 3556 4370 ingressus
3581 4309 3661 4352 est

2083 4376 2178 4430 pro
2205 4373 2430 4416 intravit.

2154 4432 2167 4482 i
2201 4432 2378 4501 Vulg.,
2403 4436 2726 4507 pertransibit
2751 4453 2840 4507 per
2865 4453 2998 4492 eam.
3030 4437 3146 4492 Mox
3175 4437 3474 4491 addidimus
3498 4452 3661 4492 voces

2079 4513 2188 4569 post
2216 4513 2440 4570 partum,
2463 4519 2492 4557 a
2514 4505 2802 4572 Quesnello
2827 4509 3074 4570 omissas,
3106 4523 3171 4562 ex
3200 4511 3316 4563 solo
3337 4507 3542 4572 Oxon.,
3572 4523 3661 4561 re-

2079 4572 2370 4626 nitentibus
2396 4578 2604 4628 cteteris
2631 4592 2761 4630 mss.
2790 4586 2844 4630 et
2869 4579 3100 4632 excusis.

2150 4640 2174 4678 ¹⁶
2201 4641 2362 4696 Solus
2387 4644 2612 4710 Quesn.,
2642 4648 2780 4710 virgo
2808 4657 2899 4699 est.

2155 4710 2172 4748 ι
2203 4711 2335 4766 Tres
2365 4704 2519 4768 codd.
2555 4704 2694 4767 unus
2715 4704 2906 4771 Vallic.
2938 4726 2990 4769 et
3017 4716 3122 4770 duo
3142 4715 3287 4778 Vat.,
3318 4726 3366 4768 et
3390 4717 3440 4768 in
3470 4716 3659 4768 montis

2077 4782 2318 4850 speciem.
2353 4783 2652 4856 hiox,_Non
2681 4801 2799 4855 ergo
2825 4789 3020 4840 emcedit
3052 4789 3102 4840 in
3136 4787 3404 4856 plerisque
3432 4786 3574 4854 vulg.
3600 4795 3659 4839 et

2081 4862 2305 4917 utroque
2333 4853 2452 4906 cod.
2478 4853 2600 4906 Vat.

2148 4930 2187 4957 ω
2211 4923 2299 4994 Sic
2325 4922 2538 4986 Coust.,
2573 4924 2778 4978 Merlin.
2810 4933 2865 4979 et
2889 4926 3082 4991 Labb.,
3115 4933 3172 4978 ut
3201 4927 3252 4979 in
3284 4940 3377 4979 ms.
3415 4925 3654 4994 Remig..

2079 4990 2377 5064 faventibus
2411 4994 2548 5046 Pith.
2581 5004 2636 5048 et
2665 4996 2840 5059 Colb.,
2880 4997 2934 5050 in
2975 4997 3164 5064 quibus
3201 5005 3376 5050 exstat
3411 4994 3482 5047 Ad
3509 4990 3659 5060 quam

2077 5060 2346 5135 hominem.
2379 5063 2578 5129 Qucsn.
2606 5079 2724 5118 cum
2754 5067 2871 5120 aliis
2895 5060 3075 5131 editis,
3105 5067 3263 5135 Atque
3287 5065 3560 5135 hominem.

2146 5133 2396 5205 n_Quesn.
2425 5149 2544 5187 cum
2580 5135 2848 5205 plerisque
2877 5151 3006 5189 mss.
3039 5145 3095 5190 et
3123 5133 3300 5199 editis,
3326 5137 3488 5205 virga.
3521 5134 3657 5187 Cor-

2077 5201 2314 5254 reximus
2353 5217 2420 5256 ex
2457 5216 2638 5257 noswo
2660 5204 2821 5260 Vind.
2851 5206 2970 5260 cod.
3003 5221 3122 5258 cum
3151 5205 3317 5259 Labb.
3349 5201 3650 5264 et'CoustJ

2078 5287 2182 5323 non
2223 5286 2364 5344 enim
2397 5274 2540 5341 virga
2573 5274 2786 5339 Aaron,
2829 5277 2921 5331 sed
2963 5276 3122 5329 Maria
3156 5277 3304 5344 virgo
3341 5275 3455 5342 ejus
3494 5289 3653 5326 soror

2076 5356 2202 5415 cum
2231 5342 2392 5415 Maria
2425 5345 2628 5412 virgine
2655 5357 3014 5415 comparatur.
3047 5353 3103 5398 ut
3137 5342 3447 5399 Ambrosius
3477 5345 3653 5415 expli-

2076 5421 2163 5484 cat
2183 5410 2243 5484 in
2269 5410 2796 5484 Exhorttvirginuc'.
2821 5418 2874 5479 5,
2901 5431 2956 5469 n.
2979 5415 3070 5477 28,
3103 5426 3157 5468 et
3182 5415 3250 5468 de
3281 5415 3449 5468 [.istit.
3477 5412 3653 5484 Virgg.

2072 5493 2121 5533 c.
2146 5481 2230 5554 17,
2251 5497 2310 5554 _n.
2334 5482 2451 5536 106.
2471 5481 2618 5554 Post
2638 5499 2799 5552 pauca
2823 5486 2954 5540 edit.
2977 5486 3156 5550 Rom.,
3185 5486 3328 5554 virga
3355 5482 3651 5554 [tegisauta

2075 5551 2329 5615 caelestis;
2372 5563 2424 5605 et
2465 5553 2517 5606 in
2563 5550 2799 5608 Breviar.
2833 5557 2988 5608 Rom.
3031 5571 3153 5609 cum
3193 5550 3311 5611 cod.
3335 5550 3457 5609 Vat.
3489 5550 3654 5620 5855,

2072 5621 2213 5688 virgo
2244 5623 2440 5688 generis
2468 5625 2590 5676 aula
2619 5623 2851 5680 caelestis.

2197 5691 2314 5746 Vat.
2343 5692 2498 5760 1512,
2529 5695 2618 5763 qui
2644 5694 2822 5748 uolunt
2849 5695 3130 5749 observare.
