3888 6182
259 363 348 421 569

683 361 905 418 CODEX
948 358 1274 416 CANONUM
1315 357 1589 414 ECCLES.
1635 356 1719 411 ET
1759 354 2337 414 CONSTITUTORUM
2375 356 2430 412 5.
2473 355 2662 411 SliDlS
2701 355 3029 414 APOSTOL.

3393 355 3496 412 570

255 473 382 542 quod
425 473 525 541 ipsi
568 487 627 527 se
665 487 763 526 suo
793 486 887 525 ore
914 471 1291 526 condemnant.
1320 477 1345 506 °
1371 468 1475 525 Sed
1508 468 1674 547 Deum
1709 482 1821 521 mc-
1852 475 1893 528 Α
1924 468 2044 522 ideo
2073 468 2174 522 huc
2201 479 2461 523 venerunt
2481 509 2496 531 ,
2543 483 2610 523 ne
2643 478 2952 538 superesset
2981 470 3131 526 locus
3169 469 3220 520 in
3260 483 3365 536 quo
3396 485 3500 519 non

256 575 424 626 tuant,
472 577 539 614 ne
578 562 628 615 in
668 560 782 614 istis
813 559 938 613 illud
975 559 1236 628 jejunium
1268 567 1562 627 repntetur.
1614 556 1825 625 Eligant

253 652 384 723 quod
415 654 636 712 volunt.
663 653 706 704 si
740 650 1024 716 aliquando
1044 649 1449 719 jejunavernnt,
1482 657 1670 718 gerant
1696 661 1824 714 ergo

256 747 368 801 boni
401 747 524 800 facti
555 746 634 799 sui
668 744 1068 813 paenitentiam;
1114 744 1158 796 si
1191 756 1484 812 nunquam,
1515 755 1665 794 suam
1695 755 1824 807 ergo

255 838 348 904 ipsi
395 836 862 904 intemperantiam
907 843 961 889 et
1002 835 1263 888 luxuriam
1304 834 1678 888 confiteantur.
1706 831 1732 870 δ
1761 831 1825 885 Et

255 929 410 981 iidem
437 927 652 990 dicunt,
698 926 915 978 Paulum
942 924 1251 992 magistrum
1279 924 1499 976 luxuriat
1531 907 1714 975 fuisse.
1758 923 1824 975 At

257 1019 367 1085 quis
410 1017 478 1069 sit
521 1031 560 1068 st
587 1015 832 1069 brietatis
879 1015 1149 1082 magister,
1194 1015 1240 1067 si
1285 1011 1384 1065 fuit
1427 1012 1516 1064 ille
1565 1011 1825 1065 luxuriari

260 1108 337 1175 qui
361 1105 638 1174 castigavit
657 1118 854 1172 corpus
875 1117 1056 1166 suum,
1081 1111 1135 1156 et
1156 1102 1397 1155 servituti
1423 1100 1647 1169 redegit,
1671 1111 1827 1169 atque

264 1198 458 1268 ieiuniis
502 1195 686 1250 multis
714 1210 773 1248 se
801 1194 1035 1247 debitam
1064 1193 1280 1246 Christo
1307 1190 1697 1246 observantiam
1729 1191 1826 1246 de-

267 1291 436 1346 tulisse
455 1286 772 1342 memoravit
792 1285 834 1356 (l
852 1285 971 1339 Cor.
987 1283 1163 1348 “.27;
1190 1282 1227 1335 ll
1249 1282 1369 1336 Cor.
1388 1297 1460 1346 vt,
1478 1283 1530 1347 5,
1549 1290 1596 1333 et
1615 1297 1685 1344 xt,
1701 1278 1792 1349 ‘27)
1808 1319 1824 1344 ,

272 1391 408 1432 cnon
439 1385 497 1430 ut
530 1392 590 1432 se
629 1376 897 1440 laudaret,
938 1375 1033 1429 sed
1077 1382 1133 1426 ut
1169 1388 1268 1426 nos
1308 1372 1436 1441 quid
1477 1385 1824 1439 sequeremur

271 1472 487 1529 doceret.
539 1469 632 1524 ille
675 1482 803 1536 ergo
851 1466 1115 1521 luxui-iam
1164 1463 1344 1517 docuit
1387 1462 1478 1531 qui
1527 1462 1638 1514 ait:
1689 1461 1826 1526 Quid

272 1562 419 1614 adhuc
441 1563 575 1614 velut
599 1560 817 1613 viventes
846 1558 910 1611 de
939 1558 1034 1610 hoc
1059 1555 1250 1609 mundo
1277 1551 1590 1606 decernitis?
1619 1567 1680 1604 ne
1708 1553 1826 1604 teti-

273 1652 453 1720 geritis,
496 1666 558 1702 ne
592 1648 1046 1710 attaminaueritis,
1086 1662 1150 1698 ne
1184 1643 1533 1716 gustaueritis,
1573 1658 1685 1712 quae
1711 1650 1828 1696 sunt

274 1743 468 1796 aiataiat1
490 1743 556 1795 ad
592 1742 939 1809 corruptelam
963 1737 1159 1809 (Calas.
1187 1753 1246 1804 ll,
1268 1737 1395 1805 20);
1438 1737 1528 1804 qui
1558 1735 1668 1789 ait:
1712 1734 1830 1787 Non

276 1839 320 1889 in
343 1833 652 1906 indulgentia
676 1835 928 1899 corporis,
960 1847 1062 1884 non
1099 1831 1153 1883 in
1179 1829 1374 1882 honore
1401 1829 1570 1896 aliquo
1595 1826 1662 1878 ad
1691 1836 1834 1879 satu-

277 1930 454 1981 ritatem
477 1937 520 1978 et
548 1925 864 1996 diligentiam
891 1923 1058 1976 carnis
1077 1920 1242 1990 (Ibid.
1269 1936 1306 1986 ι,
1331 1921 1447 1990 2'5),
1475 1934 1582 1974 non
1614 1919 1665 1972 in
1693 1918 1835 1973 desi-

279 2020 422 2074 deriis
447 2019 670 2080 erroris,
703 2017 797 2072 sed
840 2018 890 2070 in
933 2015 1138 2083 spiritu,
1178 2015 1335 2084 263
1359 2027 1464 2083 quo
1489 2027 1830 2076 renovantur,

279 2124 384 2164 esse
409 2108 690 2163 vivendum
723 2107 939 2178 (Ephes.
966 2122 1038 2172 tv,
1072 2105 1187 2174 22).
1240 2105 1296 2160 Si
1337 2120 1524 2174 parum
1569 2117 1652 2158 est
1692 2103 1833 2174 quod

280 2199 545 2267 Apostolus
583 2198 750 2262 dixit,
798 2198 1015 2252 audiant
1055 2196 1369 2266 prophetam
1409 2195 1715 2250 dicentem:
1769 2193 1834 2247 Et

277 2292 494 2362 coaperui
537 2293 590 2344 in
631 2293 838 2363 jejunio
879 2291 1103 2345 animam
1147 2305 1331 2343 meam.
1393 2289 1536 2358 Ergo
1583 2288 1673 2356 qui
1725 2303 1828 2340 non

279 2383 494 2450 ieiunat,
547 2383 777 2438 intectus
825 2375 1100 2437 et'nudus
1147 2390 1262 2445 est,
1312 2393 1364 2435 et
1416 2389 1559 2449 patet
1603 2380 1826 2434 vulneri.

281 2474 497 2542 Denique
533 2475 577 2528 si
615 2473 786 2528 Adam
816 2489 875 2528 se
913 2473 1132 2528 texisset
1161 2473 1211 2527 in
1237 2472 1471 2542 jejunio,
1515 2472 1685 2526 nmlus
1727 2487 1831 2524 non

280 2563 449 2618 fuisset
470 2575 491 2600 ε
515 2563 758 2618 ell'ectus.
791 2563 977 2618 Ninive
1003 2578 1064 2618 se
1091 2579 1118 2616 a
1149 2571 1319 2617 morte
1342 2561 1544 2631 jejunio
1570 2562 1829 2616 liberavit.

281 2651 345 2705 Et
369 2653 475 2721 ipse
500 2653 758 2708 Dominus
787 2655 856 2706 ait
884 2652 1046 2707 :‘IIoc
1075 2669 1232 2724 genus
1263 2669 1364 2706 non
1391 2636 1592 2724 ejicitur
1620 2655 1717 2705 nisi
1747 2670 1836 2723 per

279 2745 541 2798 orationem
585 2754 632 2798 et
669 2746 926 2814 jejunium
975 2743 1186 2812 (Matth.
1235 2760 1364 2809 xvtt,
1404 2744 1520 2813 20).
1576 2745 1678 2800 Sed
1710 2744 1836 2814 quid

279 2833 414 2901 plura
459 2835 596 2904 apud
648 2837 956 2905 magistrum
999 2846 1158 2906 atque
1199 2836 1520 2890 doctorem?
1564 2851 1684 2892 cum
1727 2837 1835 2906 jam

277 2923 476 2994 dignum
506 2924 524 2963 ί
551 2927 830 2997 praemium
873 2928 947 2982 illi
991 2927 1266 2982 retulerint
1293 2927 1532 2996 perﬁdia:
1559 2942 1702 2994 sure,
1746 2929 1836 2998 qui

1930 560 2343 622 damnarentur;
2388 561 2478 628 qui
2511 574 2634 612 vere
2664 573 2724 613 se
2753 559 3072 612 Manichmos
3105 557 3500 624 probaverunt,

1932 666 2036 703 non
2075 651 2354 704 credentes
2389 659 2413 697 ε
2435 651 2556 719 quia
2597 666 2662 704 ex
2699 652 2902 719 virgine
3079 650 3260 716 utique
3294 648 3505 702 venisse

1931 759 2036 797 non
2082 743 2338 796 creditur.
2407 742 2660 808 Quaenam
2721 742 2835 796 haec
2877 752 2960 796 est
3003 756 3202 808 suppar
3245 755 3503 793 novorum

1931 833 2235 888 Iudaeorum
2275 832 2546 885 amentia?
2594 832 2650 886 Si
2698 832 2909 885 venisse
2955 846 3059 883 non
3103 829 3354 894 creditur,
3408 843 3506 884 nec

1932 938 2148 978 carnem
2195 923 2430 977 creditur
2475 923 2796 990 suscepisse.
2848 922 2988 990 Ergo
3035 923 3086 974 in
3135 923 3506 990 phantasmate

1934 1015 2079 1068 visus
2105 1023 2215 1078 est,
2259 1013 2310 1066 in
2341 1014 2710 1081 phantasmate
2738 1012 3022 1068 cruciﬁxus
3048 1013 3170 1064 cst?
3213 1012 3314 1066 Sed
3352 1011 3504 1064 nobis

1935 1105 1986 1159 in
2015 1105 2238 1159 veritate
2266 1103 2550 1158 crucilixus
2578 1115 2688 1168 cst,
2730 1104 2784 1157 in
2815 1105 3040 1157 veritate
3071 1103 3397 1171 Redemptor
3423 1113 3506 1158 est

1936 1207 2135 1250 noster.
2184 1195 2504 1249 Manichacus
2541 1205 2622 1248 est
2663 1197 2752 1263 qui
2791 1195 3017 1264 abnegat
3053 1196 3363 1262 veritatem,
3412 1197 3502 1264 qui

1934 1301 2148 1342 carnem
2182 1285 2378 1340 Christi
2412 1294 2600 1353 negat;
2645 1295 2700 1339 et
2742 1287 2864 1340 ideo
2904 1302 3008 1340 non
3048 1295 3130 1340 est
3159 1287 3231 1340 illi
3263 1289 3507 1342 remissio

1933 1389 2308 1451 peccatorum;
2347 1379 2439 1434 sed
2470 1389 2554 1434 est
2583 1378 2830 1447 impietas
2856 1379 3284 1432 Maniclneorum.
3337 1381 3507 1445 Quam

1933 1483 1990 1530 et
2010 1473 2454 1528 clementissimus
2476 1475 2764 1540 imperator
2785 1479 3092 1525 exsecratus
3111 1478 3195 1524 est
3213 1515 3226 1533 ,
3250 1482 3303 1525 et
3325 1485 3510 1524 omnes

1933 1563 2026 1634 qui
2066 1563 2184 1617 illos
2217 1563 2496 1632 viderttnt,
2543 1562 2694 1632 quasi
2729 1561 2972 1630 quaedam
3017 1561 3258 1626 contagia
3304 1560 3514 1630 refuge-

1937 1664 2096 1708 runt:
2131 1656 2268 1708 sicut
2297 1663 2459 1708 testes
2489 1663 2614 1708 sunt
2642 1653 2832 1707 fratres
2869 1661 2922 1707 et
2960 1653 3378 1721 compresbyteri
3421 1667 3514 1706 no.

1865 1748 2030 1832 Bstri
2073 1747 2364 1810 Crescens,
2411 1743 2436 1782 ¹¹
2480 1745 2827 1814 Leopardus,
2878 1753 2931 1797 et
2980 1745 3288 1798 Alexander
3333 1755 3520 1797 saneto

1944 1837 2212 1891 ferventes
2239 1837 2473 1903 Spiritu,
2507 1837 2597 1905 qui
2637 1851 2730 1890 eos
2755 1835 2990 1888 omnium
3023 1837 3395 1890 exsecratione
3423 1835 3515 1887 da-

1945 1939 2184 1991 mnatos,
2234 1928 2765 1998 iMediolanensiqne
2805 1945 2869 1983 ex
2911 1929 3041 1983 urbe
3082 1929 3333 1997 profugos
3360 1929 3515 2000 264

1944 2021 2290 2087 reliquerunt.
2330 2021 2514 2088 Itaque
2541 2020 2898 2085 Iovinianum,
2932 2021 3277 2084 Auxentium,
3312 2019 3516 2076 Germi-

1945 2119 2214 2172 natorem,
2259 2111 2561 2177 Felicem,i
2599 2110 2894 2173 Plotinum,
2946 2109 3252 2173 Genialem.
3296 2112 3518 2166 Marcia-

1944 2215 2100 2264 num,
2139 2200 2446 2254 Januarium
2489 2211 2540 2252 ot
2578 2199 2944 2268 lngeniosum,
2983 2215 3116 2265 quos
3152 2203 3404 2254 sanctitas
3430 2209 3516 2255 tua

1940 2289 2233 2352 damnavit,
2261 2291 2401 2344 scias
2426 2289 2565 2358 apud
2591 2305 2687 2342 nos
2708 2304 2919 2358 quoque
2942 2290 3232 2343 secundum
3255 2291 3515 2356 judicium

1942 2389 2090 2436 tuum
2113 2396 2230 2436 esse
2253 2382 2550 2436 damnatos.
2578 2381 2900 2437 Incolumem
2931 2391 2980 2434 te
3006 2389 3060 2434 et
3086 2381 3518 2437 llorentissimmn

1942 2473 2083 2526 Deus
2113 2480 2294 2526 noster
2316 2482 2522 2526 tueatur
2545 2472 2908 2540 omnipotens,
2929 2471 3146 2526 domine
3178 2471 3524 2526 dilectissime

1945 2564 2128 2617 frater.
2181 2561 2315 2615 Item
2354 2563 2654 2631 subscriptio
2685 2561 2734 2616 k.
2788 2562 2902 2630 Ego
2946 2561 3198 2616 Eventins
3242 2563 3519 2631 episcopus

1943 2655 2116 2708 saluto
2147 2655 2482 2708 sanctitatem
2514 2664 2655 2707 tuam
2689 2653 2743 2706 in
2775 2653 3022 2717 Domino,
3055 2661 3109 2706 et
3139 2654 3258 2706 huic
3284 2655 3525 2722 epistolae

1945 2743 2256 2813 subscripsi.
2323 2744 2589 2797 Maximus
2635 2744 2955 2811 episcopus,
3006 2742 3156 2796 Felix
3204 2743 3521 2810 episcopus,

1946 2836 2232 2890 Bassianus
2282 2835 2605 2904 episcopus,
2656 2831 2674 2870 ι
2719 2833 3026 2888 Theodolus
3075 2835 3377 2902 episcopus.
3445 2833 3520 2888 Ex

1896 2929 2093 2998 “jussu
2122 2929 2330 2984 Domini
2362 2929 2466 2983 mei
2498 2928 2734 2997 episcopi
2768 2927 3087 2990 Geminiani,
3117 2929 3232 2997 ipso
3258 2939 3522 2996 prresente

347 3147 568 3201 'Coust.
601 3161 722 3201 cum
754 3147 920 3214 vnlg.,
957 3146 1060 3200 Sed
1101 3141 1149 3200 e't
1188 3157 1450 3211 metuunt;
1491 3147 1746 3216 additque
1785 3147 1836 3202 in
1868 3150 1912 3212 C
1943 3148 2292 3203 vetustiorum
2325 3147 2568 3201 codicum
2611 3161 2800 3201 manca
2838 3146 2942 3213 sil,
2998 3145 3154 3212 hujus
3192 3143 3522 3201 collectioni:

275 3221 428 3274 veteri
453 3218 705 3273 Remensi
734 3218 915 3272 codice
947 3218 1044 3284 legi
1086 3219 1126 3270 si
1161 3216 1322 3270 Deum
1363 3227 1632 3272 metuunt:
1662 3219 1835 3272 credit

276 3289 543 3357 legendum
583 3289 629 3339 si
668 3288 867 3340 demum
906 3295 1166 3352 metuunt,
1210 3302 1314 3354 qua
1353 3288 1580 3342 lectione
1620 3299 1832 3354 recepta

273 3361 388 3413 dein
413 3359 766 3426 interpunctio
788 3358 1036 3412 mutanda
1063 3367 1224 3411 esset.
1253 3357 1565 3411 Nostrorum
1591 3359 1832 3411 codicum

277 3431 549 3484 lectoncm
585 3429 721 3481 haud
753 3426 1102 3482 deserendam
1129 3427 1474 3484 credidimus.
1527 3429 1648 3483 Mox
1691 3430 1835 3482 solus

275 3500 489 3565 Quesn.,
517 3506 714 3568 reputet
746 3513 841 3567 pro
867 3507 1144 3568 reputetur.

341 3570 365 3607 δ
386 3571 608 3636 Quesn.,
647 3567 712 3621 Et
752 3569 904 3621 iidem
924 3567 1126 3620 dicant.
1160 3569 1264 3624 Alii
1294 3570 1436 3638 vulg.
1475 3577 1598 3623 ante
1627 3567 1834 3638 Coust.,

279 3637 338 3692 Et
365 3643 474 3692 idco
517 3639 709 3691 dicunt.
772 3638 1105 3691 l’rretulimus
1151 3637 1432 3693 lcetionem
1481 3654 1608 3692 mss.
1649 3637 1832 3701 Vind.,

280 3710 432 3771 I’ith.,
455 3709 610 3761 Colb.
635 3719 685 3760 et
709 3708 936 3774 Reniig.,
961 3721 1082 3762 cum
1103 3711 1294 3776 quibus
1317 3709 1669 3778 omnibusque
1692 3709 1832 3777 vulg.

276 3782 585 3847 scripsimus!
601 3778 662 3829 At
689 3779 820 3847 quis.
855 3779 1012 3831 Solus
1037 3780 1258 3844 Quesn.,
1292 3779 1358 3831 Et
1382 3779 1515 3847 quis.

345 3860 365 3888 ε
388 3849 518 3903 Cod.
544 3845 728 3913 Vind.,
761 3859 812 3900 ut
841 3865 940 3901 non
969 3864 1060 3900 sua
1090 3847 1343 3902 laudaret.
1384 3845 1518 3902 Alia:
1555 3847 1706 3915 edit.,
1735 3863 1837 3900 non

276 3928 328 3970 ut
353 3936 402 3972 se
429 3932 618 3986 suaque
643 3919 898 3969 laudaret.
944 3919 1124 3970 Const
1153 3934 1272 3972 cum
1304 3921 1414 3973 suis
1444 3932 1598 3984 mss.,
1641 3933 1744 3970 non
1784 3927 1836 3968 ut

275 4005 404 4060 suam
420 3989 499 4060 (id
527 3987 1018 4060 estqobsert'antiam)
1033 3987 1304 4060 (laudaret.

339 4058 364 4094 ά
390 4056 507 4112 Vat.
535 4057 692 4122 1542,
725 4057 1090 4125 corruptibilia.
1129 4057 1310 4123 Vind.,
1351 4058 1659 4124 corruptela.
1706 4056 1837 4110 Alite

277 4128 418 4191 edit.,
454 4130 508 4182 in
545 4129 905 4197 corruptelam.
956 4127 1073 4179 Mox
1113 4127 1300 4181 Const.
1343 4137 1397 4182 et
1436 4128 1738 4182 llarduinus
1783 4129 1834 4179 itt

282 4199 408 4252 notis
428 4241 440 4262 ,
474 4198 560 4254 aui
591 4197 741 4250 etiam
771 4199 858 4250 ait.
914 4197 1043 4251 Dein
1077 4197 1213 4252 idem
1241 4199 1385 4265 Vah,
1417 4209 1464 4252 et
1492 4199 1544 4252 in
1575 4198 1838 4268 diligentia

275 4284 452 4322 carius.

343 4349 364 4374 ο
387 4339 542 4393 Solus
563 4337 763 4405 Quesn.
786 4351 903 4390 cum
926 4337 1120 4408 Oxon"
1147 4341 1367 4408 ejectus;
1397 4346 1450 4391 et
1477 4336 1622 4401 dein,
1650 4337 1700 4389 in
1725 4353 1840 4390 ora-

277 4409 483 4478 tioneet
515 4409 719 4478 jejunio
747 4421 865 4459 cum
898 4407 1220 4478 quihusdam
1243 4409 1539 4476 codicibus,
1578 4422 1682 4461 non
1711 4421 1841 4461 vero

275 4493 385 4531 cum
405 4476 572 4531 Vind.
593 4479 821 4544 ali'sque
847 4476 1275 4544 quamplurimis.

340 4545 359 4583 ί
384 4547 588 4614 Quesn.
613 4562 734 4600 cum
765 4545 1079 4617 quibusdam
1111 4548 1290 4614 cntld.,
1325 4548 1571 4617 pretium;
1609 4555 1663 4600 et
1691 4546 1835 4613 dein,

272 4615 374 4686 ideo
397 4624 493 4669 huc
517 4632 713 4686 quoque
733 4626 992 4669 venerunt.
1024 4615 1331 4670 Deievimtt4
1347 4634 1544 4686 quoque
1563 4631 1682 4671 cum
1708 4631 1835 4670 mss.

275 4663 419 4751 hujus
446 4663 803 4751 cofleeiionis,
838 4687 1074 4752 exceptis
1106 4686 1246 4740 Pith.
1277 4696 1332 4741 ct
1348 4663 1542 4749 7Vind,
1566 4663 1618 4739 in
1642 4663 1835 4754 quibus
1871 4663 1915 4721 θ

272 4757 490 4823 ideoque.
528 4757 699 4810 Codd.
723 4755 913 4809 Vallic.
947 4763 1002 4809 et
1028 4767 1252 4819 uterque
1275 4756 1393 4810 Vat.
1423 4756 1560 4810 1542
1590 4764 1644 4810 et
1672 4757 1834 4822 5845,

271 4840 380 4879 cum
411 4825 542 4880 edit.
573 4825 729 4878 Rom.
762 4835 813 4878 el
839 4826 1112 4890 Anthros.,
1145 4827 1259 4878 ideo
1288 4843 1444 4890 usque
1470 4828 1586 4878 huc.

333 4906 357 4942 ε
383 4897 606 4963 Quesn.,
637 4896 757 4961 quia
785 4911 847 4947 ea:
874 4897 1063 4964 virgine
1091 4897 1276 4950 venerit
1303 4894 1552 4949 Christus.
1592 4896 1836 4960 Quisnam

269 4964 390 5027 utre,
421 4976 525 5020 etc.
577 4965 786 5022 Merlin.
819 4966 934 5031 quia
969 4981 1031 5016 ex
1066 4967 1256 5034 uirgine
1287 4967 1460 5032 utique
1492 4967 1684 5018 venisse
1721 4982 1836 5019 cre-

267 5035 418 5088 ditur.
458 5036 597 5089 Edit.
624 5034 831 5089 Concil.
863 5043 982 5099 post.
1011 5034 1199 5106 Rom”,
1217 5036 1338 5104 quia
1363 5051 1427 5088 ex
1454 5036 1646 5106 virgine
1667 5037 1838 5106 utique

266 5106 491 5158 venisset.
527 5106 794 5168 Quaenam,
824 5113 929 5158 etc.
961 5104 1130 5158 Codd.
1160 5105 1352 5159 Vallic.
1382 5114 1437 5158 et
1463 5104 1686 5173 uterque
1713 5105 1832 5159 Vat.

268 5175 400 5228 hanc
425 5177 640 5243 quidem
676 5176 954 5228 lectionem
983 5172 1202 5238 habent,
1238 5176 1330 5228 sed
1363 5185 1480 5241 post
1507 5172 1716 5228 venisset
1742 5177 1834 5226 ad-

263 5245 389 5297 dunt
410 5262 509 5299 non
530 5246 774 5298 creditur.
807 5243 964 5296 Vind.
990 5259 1221 5312 quoque,
1246 5245 1440 5313 aliique
1464 5261 1651 5299 omnes
1677 5245 1833 5313 hujus

263 5317 340 5367 col
354 5315 616 5380 lectionis,
647 5329 779 5382 quos
807 5315 939 5366 vidit
963 5313 1334 5376 Constantius,
1375 5314 1570 5370 habent
1595 5332 1697 5368 non
1725 5331 1835 5368 cre-

261 5385 430 5448 ditur;
469 5395 522 5438 at
552 5400 648 5451 pro
674 5384 880 5436 venisset
915 5385 1203 5452 praeferunt
1230 5387 1441 5438 venisse.
1493 5385 1628 5439 ilinc
1660 5387 1832 5439 locum

261 5453 398 5509 hunc
422 5456 580 5508 veluti
615 5454 929 5524 mendosum
969 5453 1232 5508 editiones
1270 5455 1645 5524 corrigendum
1679 5465 1831 5523 puta-

259 5534 380 5578 runt
404 5526 594 5579 deletts
625 5523 844 5578 vocibus
874 5539 974 5576 non
1003 5525 1246 5588 creditur,
1276 5535 1328 5578 et
1354 5523 1668 5590 Quesncllus
1703 5540 1835 5594 prce-

261 5606 400 5649 terea
437 5597 611 5648 deleta
643 5608 770 5648 voce
811 5595 982 5658 utique
1019 5595 1322 5648 emendavit
1359 5596 1548 5648 venerit
1580 5595 1829 5659 Christus,

257 5666 524 5719 nescimus
555 5680 621 5718 an
653 5663 970 5719 Uxoniensis
1003 5664 1317 5718 recentioris
1348 5675 1400 5717 et
1430 5664 1696 5718 liberioris
1723 5666 1831 5717 sal-

259 5747 364 5791 tem
403 5736 609 5791 codicis
648 5735 983 5793 auctoritate.
1041 5734 1174 5789 Cum
1218 5750 1342 5790 vero
1383 5735 1636 5804 qualibet
1676 5735 1830 5788 lectio

1943 3219 2156 3273 codices
2181 3219 2370 3279 secuti,
2401 3219 2643 3271 lacunam
2675 3219 2886 3286 punctis
2908 3216 3324 3284 designavimus,
3349 3226 3522 3270 recte-

1942 3304 2048 3357 que
2072 3288 2330 3356 suSpicari
2356 3288 2566 3342 videtur
2587 3287 2929 3341 Constantius
2959 3303 3073 3340 eam
3103 3287 3335 3357 suppleri
3367 3301 3523 3352 posse

1943 3355 2020 3412 sic
2045 3375 2059 3412 :
2095 3355 2197 3412 non
2226 3360 2484 3412 credentes
2512 3361 2632 3426 quia
2663 3375 2725 3411 ex
2752 3358 2946 3430 virgine
2982 3367 3131 3430 natus
3169 3367 3238 3407 est
3263 3355 3519 3430 Christus.

1943 3430 2005 3481 Si
2033 3438 2202 3482 autem
2231 3445 2331 3482 non
2362 3438 2512 3481 natus
2541 3438 2613 3481 est
2652 3444 2713 3480 ea
2751 3427 2964 3496 virqine.
2999 3427 3174 3494 utique
3201 3429 3390 3496 uenisse
3420 3443 3520 3480 non

1941 3501 2184 3552 creditur.
2229 3499 2494 3564 Repctitio
2526 3513 2713 3551 vocum
2745 3514 2807 3551 ex
2832 3495 3032 3567 uirgine
3064 3495 3243 3558 saltui,
3278 3507 3333 3549 ut
3361 3498 3521 3561 solet,

1941 3569 2117 3637 locum
2151 3569 2396 3637 praebuit.

2011 3635 2356 3706 l'Leopardus
2403 3635 2693 3702 Quesnello
2743 3637 2985 3690 excidit:
3036 3646 3116 3689 cst
3170 3639 3222 3687 in
3273 3635 3522 3691 omnibus

1941 3708 2139 3760 nastris
2169 3707 2327 3760 codd.
2360 3716 2520 3774 atque
2551 3707 2794 3773 vulgatis.

2019 3777 2032 3812 ί
2067 3777 2243 3844 Vulg.,
2276 3777 2647 3831 Mediolanensi
2676 3793 2736 3829 ea:
2764 3775 2884 3828 urbe
2913 3778 3062 3845 quasi
3103 3775 3346 3843 profugos
3381 3785 3522 3828 retu-

1941 3849 2129 3901 lerunt.
2161 3848 2330 3902 Codd.
2357 3847 2547 3903 Vallic.
2568 3857 2622 3901 et
2643 3847 2749 3900 duo
2768 3846 2886 3900 Vat.
2917 3846 3115 3899 habent
3144 3855 3352 3899 tantum
3372 3848 3520 3913 quasi

1941 3919 2208 3987 profugos.

2017 3985 2045 4035 i
2066 3987 2188 4041 Vat.
2216 3989 2375 4053 5845,
2414 3987 2696 4040 Protinum.
2737 3985 2888 4051 Dein,
2917 3994 2965 4039 et
2993 3985 3265 4057 Ingenium
3304 3987 3354 4041 in
3387 4003 3519 4042 mss.

1941 4056 2100 4111 Vind.
2133 4066 2188 4110 et
2219 4057 2356 4110 l‘ith.
2385 4073 2505 4110 cum
2536 4057 2777 4109 Merlino.

2013 4125 2037 4164 ι
2068 4128 2208 4180 Edit.
2243 4127 2397 4180 Rom.
2434 4144 2493 4180 ex
2528 4127 2754 4181 concilio
2781 4127 3106 4195 Aquileiensi
3146 4141 3234 4180 an.
3263 4126 3387 4194 581,
3423 4142 3523 4180 ηο-

1945 4198 2181 4251 tantibus
2211 4197 2458 4251 Patribus
2490 4197 2846 4251 Benedictinis
2880 4199 2929 4250 in
2963 4197 3194 4250 editione
3225 4197 3517 4260 Ambrosii,

1947 4277 2142 4335 praeter
2169 4267 2649 4326 manuscrintorum
2683 4269 2839 4322 (idem
2873 4269 2966 4320 has
2995 4268 3412 4336 subscriptiones
3443 4271 3523 4320 in-

1950 4337 2230 4409 terpolavit
2271 4337 2386 4409 sic:
2432 4336 2541 4409 Ego
2571 4338 2865 4409 Ambrosius
2899 4335 3267 4409 Merliolanen._
3283 4335 3522 4391 Ecclesia:

1946 4408 2210 4477 episc0pus
2261 4405 2555 4477 subscripsi.
2624 4405 2864 4458 Evcntius
2914 4410 3177 4473 epist-Opus
3230 4405 3516 4477 Qmelensis

1947 4475 2248 4530 saluto..."
2288 4475 2544 4529 Maximus
2574 4477 2838 4544 episcopus
2871 4477 3187 4530 Emonensis.
3233 4475 3381 4530 Felix
3414 4481 3522 4544 epi-

1945 4563 2130 4612 scopus
2143 4545 2432 4601 Jadrensis.
2455 4547 2732 4599 Bassianus
2755 4547 3019 4614 epismpus
3039 4547 3342 4602 Laudensis.
3362 4547 3524 4602 Theo-

1946 4618 2120 4670 dosius
2157 4617 2843 4686 episc0pus70clodurensis.
2889 4616 3212 4671 Constantius
3253 4619 3520 4686 episcopus

1945 4687 2312 4762 Arausicanus.
2332 4685 2337 4686 ⁷
2357 4685 2584 4762 Sabinus
2609 4688 2871 4755 episcopus
2902 4685 3374 4762 Placentinusa'lfa
3399 4693 3520 4762 jus-

1941 4773 2024 4820 su,
2051 4765 2154 4812 etc.
2197 4757 2380 4810 Mirum
2413 4757 2678 4811 videbitur
2709 4759 3039 4821 pra-termitti
3072 4755 3516 4826 suhsr-riptiouent

1940 4827 2240 4895 Ambrosii,
2270 4828 2357 4895 qui
2391 4828 2595 4896 primus
2627 4828 2679 4879 in
2710 4826 3058 4894 inscriptione
3090 4826 3417 4884 nominatur.
3452 4833 3520 4884 At

1941 4897 2215 4964 prmmiSsa
2247 4895 2493 4951 salutatio
2517 4895 2830 4950 Incolumem
2856 4909 2920 4963 te,
2946 4908 3074 4965 elc.,
3095 4899 3160 4952 ad
3181 4900 3520 4955 Ambrosium

1941 4969 2214 5039 pertinere
2257 4968 2487 5033 videtur,
2537 4983 2602 5020 eo
2648 4966 2758 5020 fere
2807 4970 2966 5039 modo
3012 4984 3116 5033 quo
3164 4971 3216 5023 in
3269 4971 3518 5039 synodica

1943 5034 2336 5091 Gallicanorum
2366 5040 2737 5106 episcoporum
2771 5038 2835 5090 ad
2866 5039 2922 5091 S.
2957 5040 3188 5093 Leonem
3223 5034 3358 5092 inter
3386 5040 3518 5090 Leo-

1941 5107 2097 5160 ninas
2123 5109 2279 5175 epist.
2307 5108 2396 5168 99,
2423 5106 2755 5160 Ravennium
2785 5123 2883 5159 suo
2914 5111 3128 5161 nomine
3160 5110 3520 5174 prmtermisso

1942 5175 2167 5242 primam
2208 5177 2584 5230 salutationem
2617 5176 2896 5243 scripsisse
2927 5177 3251 5243 conjecintus
3281 5186 3392 5231 not.
3425 5175 3515 5237 Ἣ,

1943 5254 2073 5298 tom.
2101 5245 2139 5309 l,
2166 5246 2270 5299 col.
2298 5247 2452 5300 1110.
2487 5246 2667 5302 Sabini
2701 5261 2891 5299 nomen
2926 5247 2976 5299 in
3011 5260 3138 5298 mss.
3168 5261 3270 5297 non
3299 5257 3520 5314 apparet

1944 5313 2083 5368 inter
2122 5316 2548 5384 subscriptiones
2593 5331 2848 5383 expresso
2890 5317 3055 5384 ipsius
3097 5313 3343 5368 nomine.
3374 5313 3516 5372 Num

1939 5384 2058 5453 jure
2091 5383 2477 5452 expungendus
2505 5387 2572 5438 sit
2600 5386 2760 5439 etiam
2793 5401 2854 5437 ex
2887 5383 3258 5450 inscriptione.
3305 5396 3361 5440 ut
3395 5388 3514 5443 dure

1940 5453 2288 5508 collectiones
2317 5455 2545 5508 laudata:
2577 5463 2698 5508 nota
2725 5454 2761 5507 2
2793 5455 2917 5508 illud
2952 5455 3216 5524 ignorant,
3250 5455 3519 5516 afﬁrmate

1943 5539 2049 5577 non
2081 5525 2358 5578 audemus.

2017 5591 2032 5631 ¹
2067 5596 2137 5648 Ita
2176 5609 2360 5665 oinnes
2402 5596 2572 5651 nostri
2614 5594 2770 5650 codd.
2804 5611 2924 5652 cum
2954 5597 3150 5665 Qucsn.
3188 5607 3239 5654 et
3277 5597 3518 5657 lllcrfino.

1940 5662 2149 5731 Cousl.,
2188 5664 2505 5722 Theodorus.
