3888 6182
314 249 410 307 671

1228 241 1700 305 APPENDiXAD
1740 240 1797 294 S.
1844 239 2084 295 LEONIS
2125 239 2342 294 MAGNI
2378 241 2630 300 ΟΡΕΒΛ.

3495 251 3605 306 5η

311 362 602 428 subscripsi
625 401 642 424 .
696 362 840 430 Aper
887 362 1194 435 presbyter,
1242 359 1524 414 Eustasius
1570 357 1858 426 episcopus
1880 395 1896 417 ,
1928 359 1975 416 Α
2003 354 2349 423 ponderanda
2375 366 2481 424 est,
2515 365 2570 412 et
2594 357 2736 414 sicut
2771 349 2963 415 aurum
2992 361 3233 430 repetitis
3263 361 3478 429 ignibus
3503 380 3605 418 es-

312 454 652 511 Cunstautius
703 456 1024 524 e.iscopus,
1081 453 1356 508 Eustasius
1403 456 1714 522 episcopus.
1763 458 1788 486 ι
1834 449 1902 502 Et

315 563 504 602 omnes
530 547 719 601 ordine
747 548 1204 611 subscripserunt.

778 655 1170 712 CAPITULUM
1220 657 1439 714 XXXII.

322 750 350 789 δ
369 748 602 820 Epistqu
627 749 821 803 Zosimi
857 765 1004 820 papae
1035 749 1103 802 ad
1133 747 1365 802 Esicinm
1392 749 1756 820 Sulonitanttm
1788 747 1900 820 cpi-

384 818 618 888 si-opum,
637 821 701 874 de
721 818 986 874 monachis
1007 832 1052 874 et
1071 821 1218 874 (uicis
1233 821 1300 874 ad
1320 820 1513 890 gradus
1533 818 1905 872 ecclesiasticos

382 892 622 945 accedere
647 892 994 957 cupientibus.

460 995 482 1021 ο
509 983 740 1038 Zosutus
767 998 900 1053 papa
933 983 1112 1038 Estcw
1138 983 1394 1053 episcopo
1420 981 1761 1037 Salonitano.

388 1097 563 1165 txigit
586 1096 808 1152 dilectio
838 1107 926 1152 tua
952 1105 1281 1169 praeceptum
1317 1095 1627 1164 apostolica:
1651 1095 1819 1163 sedis,
1853 1095 1907 1150 in

316 1205 420 1259 quo
459 1190 672 1242 Patrum
702 1188 917 1244 decreta
959 1190 1303 1244 consentiunt
1334 1189 1496 1260 265
1539 1196 1594 1243 et
1640 1189 1908 1259 signiﬁcas

319 1279 607 1334 nonnullos
637 1296 703 1333 ex
732 1282 1120 1335 monachorum
1148 1279 1176 1316 ἀ
1210 1280 1451 1350 populari
1491 1288 1655 1349 coetu,
1685 1295 1914 1350 quorum

319 1376 554 1428 solitudo
584 1375 772 1444 quavis
803 1373 1107 1444 frequentia
1161 1373 1335 1444 major
1367 1383 1452 1429 est
1477 1391 1495 1441 ;
1525 1373 1623 1428 sed
1653 1382 1708 1429 et
1749 1374 1915 1428 laicos

317 1466 382 1518 ad
413 1465 775 1518 sacerdotium
800 1464 1074 1519 festinare.
1098 1465 1209 1520 Hoc
1236 1474 1414 1522 autem
1443 1474 1468 1502 ο
1492 1465 1593 1519 sub
1619 1465 1918 1533 praedeces-

319 1557 534 1612 soribns
557 1557 759 1611 nostris
791 1556 1123 1626 specialiter.
1155 1565 1210 1612 et
1248 1573 1419 1626 nuper
1445 1571 1475 1610 a
1508 1557 1662 1611 nobis
1689 1555 1914 1611 interdi-

2011 435 2289 515 ploranda,
2320 449 2504 502 statim
2541 449 2646 503 dus
2687 463 2806 504 csse
2847 451 3139 520 desideret,
3179 468 3301 508 cum
3333 463 3457 525 tyro
3481 465 3606 510 ante

2011 555 2116 594 non
2147 539 2342 606 fuerit;
2367 550 2422 596 et
2449 543 2596 611 prius
2617 541 2744 599 velit
2774 543 2972 602 docere
2998 543 3012 582 ί
3043 562 3201 615 quam
3233 546 3479 603 discere?
3503 553 3605 606 As-

2011 641 2224 686 suescat
2247 632 2297 686 in
2335 633 2628 689 Dominicis
2656 636 2933 690 castrisin
2978 636 3240 692 lectorum
3282 641 3447 708 gradu
3492 641 3603 709 pri-

2015 725 2176 778 mitus
2204 724 2369 779 divini
2403 726 2702 782 rudimenta
2726 727 2952 796 servitii,
2979 743 3078 784 nec
3107 729 3183 783 illi
3210 730 3316 785 vile
3337 721 3419 784 _sit
3445 745 3604 786 esur-

2013 817 2225 882 cistam,
2257 817 2583 888 acolythum,
2612 819 3060 888 subdiaconumﬁ
3090 819 3370 876 diaconum
3403 836 3499 890 per
3521 836 3617 876 or-

2015 909 2194 964 dinem
2228 909 2379 975 ﬁeri;
2416 925 2517 966 nec
2545 912 2707 979 saltu,
2744 913 2906 984 2w
2947 912 3041 968 sed
3091 913 3306 968 statutis
3344 914 3615 982 majorum

2015 1001 2354 1058 ordinatione
2387 1004 2738 1072 temporibus.
2767 1005 2884 1057 Jam
2915 1019 3043 1060 vero
3067 1003 3135 1058 ad
3175 1004 3492 1075 presbyterii
3531 1005 3618 1057 ia-

2017 1092 2232 1160 stigium
2265 1094 2385 1147 talis
2422 1094 2664 1161 accedat,
2696 1103 2756 1148 ut
2799 1103 2854 1151 et
2897 1110 3096 1150 nomen
3121 1102 3254 1148 artas
3283 1095 3530 1164 impleat,
3563 1103 3622 1151 et

2020 1188 2269 1243 meritum
2310 1189 2590 1255 probitatis
2633 1189 2895 1256 stipendia
2931 1186 2958 1226 ι
2998 1199 3113 1243 acta
3155 1196 3444 1245 testentur.
3485 1191 3625 1245 lure

2019 1276 2146 1332 inde
2165 1279 2359 1332 sumini
2394 1279 2664 1346 pontiﬁcis
2693 1281 2866 1333 locum
2892 1295 3112 1350 sperare
3139 1279 3379 1335 debebit.
3418 1279 3436 1317 ι
3463 1279 3625 1336 Facit

2020 1367 2123 1423 hoc
2149 1369 2316 1423 nimia
2345 1371 2592 1425 remissio
2643 1371 3088 1426 consacerdotum
3127 1381 3470 1437 nostrorum;
3523 1375 3624 1442 qui

2022 1473 2271 1528 pompam
2299 1460 2655 1515 multitudinis
2675 1472 2942 1532 quaerunt,
2963 1472 3013 1518 et
3038 1472 3224 1532 putant
3253 1477 3319 1518 ex
3341 1463 3446 1519 hac
3461 1465 3624 1518 turba

2019 1551 2218 1621 aliquid
2251 1552 2352 1605 sibi
2374 1551 2650 1622 dignitatis
2676 1553 2902 1622 acquiri.
2934 1554 3068 1607 Hinc
3097 1553 3297 1622 passim
3326 1568 3626 1610 numerosa

319 1660 463 1701 czum
490 1655 702 1701 constat
741 1646 934 1702 litteris
973 1648 1040 1701 ad
1064 1647 1267 1702 Gallias
1305 1647 1700 1717 Hispaniasque
1738 1657 1912 1702 trans-
1946 1666 1988 1726 Β
2019 1642 2372 1713 popularitas,
2395 1645 2555 1698 etiam
2585 1645 2635 1698 in
2660 1644 2741 1698 his
2764 1645 2896 1698 locis
2919 1643 3006 1700 ubi
3035 1644 3268 1700 solitudo
3291 1656 3399 1710 est,
3429 1645 3626 1713 talium

322 1738 502 1791 missis
531 1755 545 1790 :
579 1739 628 1790 in
653 1737 846 1807 quibus
880 1735 898 1775 τ
927 1738 1218 1808 provinciis
1249 1738 1526 1794 familiaris
1549 1748 1633 1794 est
1661 1739 1761 1794 ista
1784 1754 1916 1809 prte-

321 1828 582 1897 Sttmptio;
612 1829 855 1896 quamvis
885 1844 984 1884 nec
1015 1829 1191 1883 Africa
1220 1844 1384 1899 super
1407 1829 1520 1884 hac
1546 1829 1914 1884 admonitione

323 1930 504 1974 nostra
551 1919 811 1974 habeatur
839 1919 1048 1975 aliena:
1091 1937 1157 1974 ne
1182 1921 1302 1990 quis
1339 1920 1551 1989 penitus
1588 1930 1777 1975 contra
1811 1921 1913 1973 Pa-

323 2020 464 2062 trum
497 2021 786 2079 praecepta,
813 2010 905 2079 qui
928 2010 1308 2065 ecclesiasticis
1331 2009 1631 2080 disciplinis
1655 2025 1750 2079 per
1773 2011 1918 2064 ordi-

324 2118 444 2155 ncnt
490 2117 594 2155 non
640 2104 825 2156 fuisset
867 2103 1120 2166 imbutus,
1151 2110 1206 2156 et
1246 2105 1505 2171 temporis
1533 2102 1919 2171 approbatione

321 2195 518 2248 divinis
545 2195 826 2264 stipendiis
857 2196 1121 2262 eruditus,
1163 2211 1496 2266 nequaquam
1539 2197 1608 2251 ad
1647 2211 1918 2251 summum

325 2287 578 2342 Ecclesia:
609 2289 974 2343 sacerdotium
1006 2289 1248 2357 aspirare
1289 2299 1672 2357 praesumeret;
1712 2296 1768 2341 et
1813 2303 1919 2342 non

323 2383 493 2434 solum
519 2381 570 2434 in
593 2397 660 2434 eo
687 2381 910 2434 ambitio
940 2380 1188 2434 inefﬁcax
1216 2380 1527 2438 haberetur.
1554 2395 1738 2434 verum
1759 2380 1920 2436 etiam

328 2476 380 2526 in
409 2473 747 2526 ordinatores
777 2472 917 2540 ejus,
943 2481 1001 2525 ut
1021 2480 1271 2526 carerent
1298 2487 1364 2528 eo
1397 2472 1586 2527 ordine
1616 2487 1776 2538 quem
1805 2474 1924 2528 sine

322 2564 513 2619 ordine
542 2576 729 2618 contra
780 2574 1044 2633 praecepta
1075 2563 1292 2618 Patrttm
1330 2563 1670 2619 crediderant
1715 2579 1920 2632 praesu-

324 2656 600 2712 mendum.
635 2656 786 2712 Unde
818 2658 1077 2711 miramur
1100 2656 1166 2710 ad
1187 2656 1528 2712 dilectionem
1561 2668 1702 2711 tuam
1727 2664 1922 2711 statuta

325 2749 472 2802 sedis
493 2749 797 2817 apostolica:
828 2751 1030 2817 perlata
1065 2764 1171 2802 non
1217 2747 1408 2802 fuisse.
1433 2748 1739 2803 Laudamus
1765 2749 1924 2818 igitur

323 2844 678 2898 comtantiam
706 2844 961 2911 propositi
989 2841 1085 2908 tui,
1115 2842 1280 2898 frater
1300 2841 1639 2908 charissime,
1658 2857 1758 2897 nec
1779 2841 1922 2896 aliud

327 2937 394 2992 de
424 2938 681 3007 pontiﬁcii
715 2941 785 2992 tui
813 2939 980 2992 veteri
1014 2953 1242 2994 censura
1269 2937 1606 2993 auctoritatis
1635 2952 1805 3005 genus
1829 2951 1925 2992 ex-

327 3030 677 3100 spectandum
709 3029 828 3096 fttit,
868 3045 1027 3099 quam
1065 3041 1122 3084 ιιι
1153 3031 1349 3085 talibus
1395 3030 1782 3085 ambitionibus
1825 3045 1921 3099 pro

328 3121 609 3192 pru~ceptis
639 3121 853 3175 Patrum
896 3123 947 3173 in
985 3123 1263 3190 procinctu
1296 3121 1416 3177 ﬁdei
1448 3123 1791 3191 constitutus,
1825 3136 1922 3177 oc-

325 3226 595 3266 curreres.
621 3211 786 3282 Igitur
811 3210 856 3264 si
880 3210 1004 3278 quid
1035 3211 1343 3266 auctoritati
1369 3224 1490 3279 tum,
1523 3213 1662 3282 quod
1695 3227 1790 3265 nos
1816 3227 1921 3266 non

327 3305 634 3374 Opinnmur,
666 3304 902 3358 mSlimaS
931 3303 1184 3372 defuisse,
1220 3304 1554 3375 supplemus.
1579 3313 1603 3352 δ
1639 3304 1743 3358 Vos
1773 3302 1920 3358 obsi-

327 3400 455 3452 stite
479 3397 672 3450 talibus
695 3395 1122 3450 ordinationibns
1140 3437 1156 3460 ,
1180 3396 1425 3451 obsistite
1451 3397 1716 3466 superbiae
1747 3404 1801 3450 et
1830 3410 1919 3448 ar-

330 3504 422 3552 rog
443 3487 589 3542 antire
610 3487 866 3542 venienti.
900 3487 1098 3541 Tecum
1130 3487 1330 3542 faciunt
1375 3495 1641 3557 prtccepta
1686 3487 1923 3552 Patrum,

327 3591 502 3634 tecum
532 3579 840 3649 apostolica:
863 3577 1008 3634 sedis
1035 3579 1347 3634 auctoritas.
1373 3580 1429 3636 Si
1451 3581 1595 3636 enim
1624 3579 1798 3634 ofﬁcia
1826 3594 1926 3635 saa-

327 3673 529 3727 cularia
576 3673 870 3741 principem
923 3672 1123 3736 locum,
1172 3687 1279 3728 non
1319 3672 1644 3728 vestibulum
1695 3673 1927 3728 actionis

329 3762 608 3832 ingressis,
633 3763 726 3817 sed
761 3777 855 3830 per
879 3763 1135 3831 plurimos
1155 3764 1352 3833 gradus
1375 3765 1686 3819 examinato
1717 3773 1928 3834 temp0~

331 3857 481 3912 ribus
505 3855 773 3922 deferunt,
797 3857 917 3925 quis
949 3857 1040 3911 ille
1071 3866 1175 3910 tam
1208 3871 1485 3926 arrogans,
1512 3867 1618 3910 tam
1644 3857 1930 3926 impudens

333 3949 622 4017 invenitur,
667 3958 723 4002 ut
757 3947 783 3985 ιι
818 3951 870 4003 in
921 3949 1128 4004 coalcsti
1180 3949 1392 4015 militis,
1446 3963 1567 4017 quae
1607 3949 1927 4018 propensius

403 4071 428 4100 ⁸
459 4060 522 4114 Et
571 4072 629 4114 eo
677 4076 849 4114 omnes
897 4060 1077 4112 ordine
1125 4058 1318 4126 legitur
1359 4060 1411 4112 in
1462 4059 1622 4114 codd.
1673 4059 1919 4125 Merlin.,

336 4133 474 4186 Pitli.
508 4142 562 4184 et
587 4131 821 4196 Thuan.,
862 4132 949 4200 qui
990 4138 1296 4198 postremus
1334 4131 1566 4186 alterum
1611 4129 1920 4186 Eustasium

336 4212 560 4258 Ignorat.

353 4247 380 4273 θ
404 4269 430 4312 b
459 4273 695 4327 llubotur
731 4273 783 4324 in
829 4286 956 4326 mss.
987 4269 1144 4338 hujus
1176 4271 1532 4334 collcmiunis,
1577 4274 1627 4324 in
1657 4271 1776 4328 Vat.
1811 4271 1919 4326 Re-

335 4347 504 4414 ginae,
553 4343 872 4414 (Inibi-nim,
920 4341 1178 4414 Luceus"
1223 4342 1344 4396 Vat.
1392 4343 1552 4414 1512,
1602 4344 1912 4414 (ξσντιιεὶεηη

339 4412 580 4484 Dionys..
613 4413 786 4480 lltsp.,
820 4413 982 4484 Hadr.
1008 4422 1061 4466 et
1092 4413 1239 4476 Isitl.,
1265 4428 1364 4466 nec
1391 4429 1493 4466 non
1527 4413 1578 4465 in
1614 4412 1919 4468 Fossatettsi

336 4477 560 4552 aliisque
591 4477 830 4552 p'uribm
858 4477 1147 4538 Gallicanis
1175 4484 1492 4538 Constantio
1523 4493 1677 4537 teste.

411 4567 430 4593 ε
463 4557 606 4608 Hunc.
629 4553 1029 4623 inscriptionem
1056 4559 1123 4623 μή
1155 4572 1251 4608 ms.
1276 4554 1434 4608 Vind.
1460 4555 1774 4623 atljrcitntts.
1805 4555 1925 4610 Mox

338 4627 430 4681 alii
462 4627 644 4694 codd.,
679 4621 905 4690 Esichio,
937 4627 1014 4679 vel
1047 4621 1291 4694 Esychio,
1323 4626 1404 4678 vel
1435 4621 1711 4694 Hesychia.

399 4693 422 4731 ἀ
456 4693 612 4748 Dion.
649 4696 798 4762 llisp.
830 4703 883 4749 et
920 4697 1067 4761 lsiil.,
1108 4705 1161 4747 ct
1194 4711 1312 4763 qua:
1357 4711 1422 4750 ex
1480 4695 1560 4747 Itis
1615 4696 1929 4762 prodierunt

338 4765 622 4828 editiones,
656 4769 902 4818 omittunt
939 4765 1197 4831 papulurt’.
1236 4765 1461 4819 (ludive:
1489 4780 1616 4819 vero
1652 4778 1846 4819 nostra:
1878 4776 1934 4820 et

339 4836 562 4887 aliarum
589 4836 945 4903 antiquiorum
977 4836 1350 4890 colletlionunt
1401 4837 1540 4888 lianc
1580 4850 1765 4890 vocem
1797 4851 1929 4892 Cotl-

335 4914 645 4960 St'rvaruut.

415 4988 436 5014 ε·
468 4976 618 5044 Vulg.
651 4990 772 5048 cum
808 4990 935 5029 mss.
965 4975 1081 5028 Val.
1112 4975 1242 5043 Reg.
1271 4975 1453 5031 etalio
1482 4975 1605 5032 Vat.
1634 4975 1794 5042 15ιέ,
1818 4993 1934 5048 spe-

335 5049 539 5100 cialiter
569 5056 614 5098 et
639 5047 730 5098 sub
765 5047 1217 5113 pranleccssoribus
1245 5049 1453 5112 nostris,
1484 5055 1530 5101 et
1552 5063 1732 5116 nuper.

415 5117 433 5155 τ
467 5119 624 5172 lidettt
652 5120 790 5172 vulx.
824 5128 878 5172 et
904 5119 1087 5181 codil.,
1115 5119 1426 5188 regionibus.

341 5259 357 5312 Ι
413 5199 437 5236 ι
473 5189 657 5243 Metuis
708 5189 794 5242 aiii
838 5190 999 5244 codd.
1051 5205 1172 5242 cunt
1213 5190 1424 5256 Coust.,
1471 5189 1669 5243 Obsiste
1709 5197 1932 5257 utroque

365 5275 482 5312 UCtt.

365 5275 482 5312 UCtt.

413 5327 441 5367 ὶι
475 5330 589 5384 Vat.
625 5331 781 5392 1542,
813 5331 864 5383 in
899 5331 1240 5385 ecclesiastica
1281 5331 1484 5385 militit.
1522 5330 1636 5384 Mox
1684 5345 1780 5400 pro
1809 5346 1931 5400 pro-

341 5402 546 5468 pensius
569 5404 752 5454 Const.
784 5417 903 5453 cum
950 5403 1068 5454 aliis
1111 5405 1385 5458 codicibus
1429 5401 1663 5471 pra-tulit
1703 5401 1928 5470 peruius,

345 5471 400 5528 ω
430 5480 513 5526 est
541 5471 838 5524 studiosius.

423 5538 441 5577 ί
481 5542 596 5595 Vat.
622 5541 779 5599 154⁵2,
811 5557 962 5604 quam
985 5543 1168 5596 discat.

419 5606 436 5661 ἰ
478 5611 616 5663 idem
648 5611 764 5663 cod.
793 5619 846 5662 ct
881 5611 994 5663 Vat.
1027 5613 1241 5681 licginte
1271 5613 1449 5677 delent
1481 5611 1770 5664 diaconum.
1810 5611 1928 5664 Mox

348 5680 473 5739 Vat.
498 5683 605 5746 Meg
637 5719 649 5741 .
684 5681 785 5734 beri
819 5698 918 5732 non
957 5680 1126 5739 saltu:
1161 5684 1295 5738 alius
1337 5683 1483 5746 Vah,
1519 5697 1608 5736 nec
1639 5697 1740 5735 non
1779 5685 1936 5740 saltu.

1950 4474 1997 4532 D

2020 1734 2304 1802 reperitur,
2327 1734 2452 1788 dum
2477 1736 2758 1802 parochias
2786 1735 3006 1790 extendi
3032 1737 3274 1805 cupiunt,
3303 1746 3398 1791 aut
3426 1737 3628 1806 quibus

2021 1829 2160 1882 aliud
2193 1837 2450 1896 praestare
2478 1842 2582 1881 non
2617 1837 2856 1893 possunt,
2892 1827 3100 1882 divinos
3126 1827 3348 1882 ordines
3386 1828 3629 1898 largiun-

2023 1931 2136 1986 tur;
2164 1922 2304 1990 quod
2340 1929 2554 1990 oportet
2591 1920 2818 1974 districti
2858 1935 3073 1988 semper
3105 1936 3227 1976 esse
3254 1921 3465 1989 judieii.
3513 1923 3629 1977 Ra-

2023 2025 2140 2064 rum
2170 2011 2313 2066 enim
2336 2019 2421 2065 est
2447 2025 2608 2066 omne
2637 2011 2778 2079 qttod
2814 2027 3064 2080 magnum
3098 2021 3199 2068 est.
3237 2011 3474 2068 Proinde
3500 2029 3627 2082 nos,

2025 2121 2091 2158 ne
2117 2105 2246 2175 quid
2275 2112 2315 2140 ιιι
2348 2103 2553 2158 meritis
2601 2103 2902 2176 diiectionis
2949 2114 3050 2158 tua
3095 2104 3442 2175 derogemus,
3475 2106 3546 2160 ad
3579 2115 3635 2160 te

2027 2194 2364 2263 potissimum
2393 2196 2592 2262 scripta
2628 2193 2947 2260 direximus,
2975 2209 3096 2264 quae
3137 2195 3192 2249 in
3235 2197 3480 2250 omnium
3521 2195 3632 2251 fra-

2029 2302 2168 2341 trum
2187 2297 2240 2342 et
2260 2287 2699 2356 coepiscoporum
2723 2297 3028 2342 nostrorum
3050 2286 3212 2343 facies
3232 2289 3310 2343 ire
3340 2288 3628 2355 notitiam;

2028 2395 2132 2432 non
2152 2388 2353 2440 tantum
2385 2393 2570 2433 eorum
2591 2378 2683 2446 qui
2715 2379 2765 2432 in
2789 2393 2848 2433 ea
2879 2379 3152 2447 provincia
3179 2389 3323 2444 sunt,
3349 2379 3444 2434 sed
3461 2380 3632 2437 etiam

2029 2472 2116 2542 qui
2168 2470 2362 2525 vicinis
2413 2469 2715 2526 dilectionis
2759 2481 2861 2526 tum
2899 2471 3186 2540 provinciis
3232 2472 3629 2544 adiunguntur.

2028 2574 2055 2601 ³³
2086 2566 2232 2619 Sciet
2252 2565 2492 2633 quisquis
2520 2564 2621 2618 hoc
2650 2566 2944 2633 postposita
2979 2565 3193 2619 Patrum
3225 2574 3282 2620 et
3309 2567 3634 2633 apostolica:

2027 2655 2172 2711 sedis
2191 2656 2508 2710 auctoritate
2529 2657 2848 2726 neglexerit,
2879 2673 2904 2708 a
2939 2657 3091 2712 nobis
3120 2658 3419 2713 districtius
3445 2659 3635 2714 vindi-

2027 2747 2280 2813 candum,
2306 2756 2366 2802 ut
2395 2748 2497 2802 loci
2521 2749 2604 2802 sui
2637 2748 2857 2804 minime
2887 2749 3094 2805 dubitet
3121 2750 3222 2805 sibi
3247 2766 3351 2805 non
3374 2765 3636 2809 consum

2026 2838 2311 2906 rationem,
2345 2839 2390 2893 si
2420 2839 2522 2894 hoc
2554 2849 2704 2908 putat
2735 2850 2854 2908 post
2888 2851 2964 2895 tot
2999 2842 3406 2909 prohibitiones,
3453 2851 3479 2879 °
3527 2844 3638 2898 im-

1950 2961 1995 3024 C
2031 2947 2169 3002 pune
2199 2933 2437 3024 tentari.
2463 2931 2816 2987 Contumelia
2845 2933 2988 2986 enim
3030 2934 3208 2988 studio
3249 2935 3327 2998 ﬁt,
3364 2936 3639 3004 quidquid

2032 3024 2228 3078 totiens
2266 3023 2607 3078 interdictum
2657 3038 2963 3094 usurpatur.
3013 3025 3138 3081 llaec
3175 3038 3352 3082 autem
3399 3028 3637 3097 singulis

2029 3115 2284 3184 gradibus
2312 3115 2646 3170 observanda
2670 3123 2798 3172 sunt
2827 3126 3088 3185 tempora.
3115 3118 3169 3174 Si
3190 3119 3259 3175 ab
3286 3119 3508 3175 infantia
3541 3137 3638 3178 ec-

2030 3208 2344 3263 clesiasticis
2373 3207 2684 3263 ministeriis
2724 3223 2917 3264 nomen
2946 3210 3175 3278 dederit,
3208 3212 3348 3267 inter
3391 3214 3637 3272 lectores

2033 3315 2204 3368 usque
2234 3300 2299 3354 ad
2329 3301 2640 3354 vicesimum
2682 3301 2852 3354 :ctatis
2876 3317 3074 3356 annutn
3108 3305 3418 3360 continuata
3439 3306 3639 3363 obser-

2030 3390 2244 3444 vatione
2275 3389 2548 3458 perduret.
2581 3390 2636 3446 Si
2663 3392 2834 3460 major
2868 3392 2978 3460 jam
3010 3404 3065 3448 et
3095 3395 3416 3464 gremia-vus
3442 3413 3639 3456 acces-

2031 3481 2184 3545 se:it,
2217 3491 2244 3530 Ρ
2273 3483 2341 3534 ita
2373 3490 2549 3536 tamen
2571 3489 2630 3536 ut
2661 3493 2780 3550 post
2816 3484 3137 3553 baptismum
3159 3488 3339 3542 statim
3360 3491 3405 3543 si
3429 3489 3636 3546 divina:

2033 3574 2239 3640 militia:
2265 3573 2537 3629 desiderat
2569 3577 2888 3647 mancipari,
2920 3579 3034 3634 sive
3064 3580 3203 3636 inter
3229 3581 3480 3647 lectores.
3513 3585 3639 3642 site

1991 3659 1994 3666 ’
2032 3665 2174 3721 inter
2201 3666 2497 3721 exorcistas
2524 3668 2891 3737 quinquennio
2921 3677 3187 3726 teneatur.
3215 3672 3422 3727 Exinde
3446 3675 3640 3746 acoly-

2031 3760 2178 3825 thus,
2205 3759 2290 3812 vel
2319 3757 2679 3813 subdiaconus
2704 3769 2935 3830 quatuor
2961 3763 3115 3817 annis
3135 3764 3235 3828 sit;
3264 3777 3316 3818 et
3338 3764 3417 3818 sic
3444 3766 3512 3819 ad
3541 3767 3638 3822 lse-

2034 3852 2391 3908 nedictionem
2419 3851 2752 3918 diaconatus,
2771 3863 2796 3903 q
2816 3853 2858 3907 si
2884 3864 3137 3919 meretur,
3161 3857 3412 3922 aet-edat;
3443 3857 3496 3911 in
3526 3874 3638 3928 quo

2032 3945 2224 4001 ordine
2244 3943 2478 4014 quinque
2499 3947 2677 4009 annis,
2697 3945 2743 3999 si
2771 3945 3040 4014 inculpate
3063 3962 3121 4002 se
3144 3951 3389 4018 gesserit,
3420 3951 3641 4006 haerere

2029 4057 2132 4113 Alii
2165 4057 2317 4130 editi,
2347 4075 2437 4112 nec
2481 4059 2575 4111 hoc
2624 4061 2779 4114 saltu.
2825 4060 2956 4115 Dein
2999 4061 3146 4116 solus
3185 4061 3412 4130 Qttesu.,
3447 4068 3640 4124 ordine

2030 4129 2368 4208 temporibus.
2402 4130 2750 4186 Correximus
2791 4145 2855 4186 ex
2900 4133 3101 4186 nostris
3131 4129 3259 4187 mss.
3306 4141 3639 4208 excusisque

2029 4199 2327 4258 codicibus.

2101 4269 2125 4306 ι
2158 4271 2292 4324 Alite
2331 4270 2596 4348 editiopes
2641 4286 2763 4325 cum
2818 4271 3117 4348 i’at._Beg.
3167 4274 3393 4348 aliisque
3440 4279 3635 4348 codd.,

2027 4351 2144 4393 ante
2173 4351 2304 4394 acta.
2334 4340 2464 4396 Dein
2489 4340 2716 4407 Quo,an
2746 4344 3030 4410 pontiﬁcii:
3055 4340 3386 4403 correximus
3407 4365 3496 4404 ex.
3525 4340 3635 4411 ms;

2029 4412 2186 4465 Vind.
2219 4421 2272 4467 et
2305 4413 2422 4464 Vat.
2457 4429 2518 4465 ac
2541 4415 2749 4466 caeteris
2777 4415 2956 4468 editis.

2100 4481 2114 4520 ι
2156 4482 2272 4536 Vat.
2311 4482 2468 4545 1549.,
2501 4481 2651 4535 Facit
2683 4487 2814 4536 eui-ii
2847 4485 2954 4535 Im-c
2980 4487 3151 4540 omnia
3184 4487 3341 4541 nimia
3371 4492 3636 4548 remissio.

2104 4564 2141 4591 πη
2170 4555 2325 4607 Solus
2356 4557 2581 4618 Quesn.,
2613 4557 2805 4607 utcti‘is
2827 4557 2945 4607 tuis.

2103 4632 2127 4659 ιι
2162 4624 2233 4677 Ita
2266 4638 2394 4704 inﬂss.
2439 4625 2591 4681 Vind.
2622 4634 2674 4704 et
2723 4625 2838 4704 Vat.
2884 4624 3015 4697 Reg.
3054 4644 3175 4682 cuin
3218 4630 3335 4684 aliis
3372 4632 3630 4704 vulgatis.

2033 4696 2260 4761 Quesn.,
2295 4693 2535 4764 Sciotque
2565 4697 2815 4763 quisquis.

2107 4773 2131 4800 ο
2162 4765 2589 4838 Qttesnuideleta
2611 4780 2740 4820 νοω
2763 4767 2985 4838 impune,
3010 4769 3222 4835 scripsit
3251 4789 3397 4837 posse
3417 4777 3630 4829 tentari.

2039 4835 2147 4910 Nos
2176 4844 2363 4910 contra
2387 4837 2594 4904 impune
2626 4835 3014 4904 remeavimus,
3051 4853 3098 4892 ut
3135 4841 3188 4894 in
3223 4835 3339 4896 aliis
3362 4845 3553 4910 editis;
3576 4857 3630 4900 et

2041 4906 2338 4962 delevimus
2366 4924 2511 4974 posse
2538 4923 2658 4960 cum
2687 4910 2983 4975 potioribus
3024 4914 3220 4967 nostris
3249 4925 3304 4969 et
3328 4906 3630 4971 Coustantii

2040 4977 2332 5032 codicibus.

2111 5059 2137 5097 ρ
2166 5048 2368 5145 Qulesn.
2400 5064 2446 5102 et
2481 5047 2753 5145 Mqr’linus‘,
2770 5052 2867 5145 qui
2908 5061 3079 5145 tamen
3103 5057 3271 5145 statim
3301 5070 3414 5125 post
3465 5062 3632 5145 bapti-

2039 5135 2201 5171 smum
2239 5120 2459 5186 (Quesu.
2493 5120 2642 5171 addit
2667 5120 2740 5189 ac)
2764 5123 2947 5174 dit-intr
2978 5126 3171 5177 militia:
3199 5120 3475 5182 drsidcrat.
3510 5120 3628 5188 Cx-

2043 5201 2171 5264 terte
2200 5190 2484 5264 editiones,
2511 5193 2580 5264 itit
2612 5201 2777 5264 (ωηιξη
2799 5202 2852 5244 ut
2879 5206 2988 5264 post
3021 5194 3324 5260 baptismum
3364 5203 3539 5254 statim
3575 5219 3628 5256 se

2040 5261 2225 5312 divinis
2250 5260 2443 5338 militia:
2485 5261 2752 5338 desideret.
2784 5260 3078 5338 (iud._\’at.
3118 5267 3243 5336 lieg.
3289 5269 3436 5325 delet
3463 5289 3545 5338 se;
3574 5283 3629 5326 at

2039 5346 2158 5382 cunt
2190 5332 2400 5406 cu'tcris
2431 5335 2679 5406 omnibus
2722 5333 2878 5388 codd.
2935 5335 3090 5406 habet
3135 5332 3219 5392 itii
3249 5350 3417 5394 tamen
3457 5332 3538 5406 ut,
3575 5354 3627 5396 rt

2042 5401 2526 5480 postemdcoideratn.
2563 5403 2697 5480 liinc
2729 5404 3027 5480 necessaria
3059 5419 3138 5480 est
3169 5401 3626 5480 ciirrcctio,quam

2038 5471 2197 5525 codd.
2232 5471 2454 5536 Lucem,
2488 5472 2638 5526 Colb.
2673 5484 2719 5526 et
2747 5474 2907 5527 Cirnrb.
2940 5476 3195 5532 exhibent
3220 5481 3264 5533 si
3293 5471 3497 5536 α”ινίηὰξξ

2109 5541 2286 5614 fiHVat.
2322 5542 2479 5605 1542,
2509 5545 2553 5596 si
2582 5555 2851 5614 mercatur.
2886 5546 3000 5599 Mox
3033 5548 3256 5614 Questn,
3289 5553 3336 5604 si
3369 5570 3422 5607 se
3462 5555 3624 5607 incul-

2039 5611 2273 5692 pabiluer
2299 5615 2528 5692 gesserit,
2567 5613 2848 5692 aii/tmere.
2897 5611 3140 5692 Vindfct
3184 5611 3317 5676 alios
3359 5637 3620 5692 prauitati-

2042 5685 2206 5736 tiorcs
2236 5684 2390 5736 codd.
2424 5685 2776 5752 praztulimus.
3110 5689 3116 5693 ’
