3888 6182
351 313 455 369 875

1283 307 1630 366 APPENDIX
1675 306 1760 360 AD
1802 305 1860 360 s.
1905 303 2150 359 LEONIS
2189 303 2403 358 MAGNI
2443 303 2694 360 OPERA.
2759 314 2769 336 ι

3515 289 3650 348 576

353 433 487 486 ordo
535 430 616 484 vel
665 428 832 498 plebis
880 443 1066 497 preces
1117 440 1241 481 suas
1285 436 1340 480 et
1384 426 1648 495 lacrymas
1692 421 1758 476 ad
1807 434 1933 484 nos,
1965 421 2016 480 Α
2046 419 2162 471 idus
2194 419 2478 489 Februan,
2515 418 2750 473 llonurio
2783 432 2874 473 snt
2905 424 2960 474 et
2989 415 3296 474 Theodosio
3321 432 3355 472 ι
3380 415 3668 488 Augustis

350 534 607 592 quantum
650 524 806 576 datur
844 521 1097 592 intelligi,
1145 536 1339 590 magno
1379 535 1500 574 cum
1548 519 1735 572 dolore
1775 519 1937 568 mise-

351 627 470 668 runt
492 654 508 678 ,
539 615 781 668 dicentes
809 613 1186 680 coepiscopum
1228 621 1469 665 nostrum
1504 609 1808 664 Patroclum
1839 621 1934 660 sua

356 704 611 768 petitione
667 713 946 767 cessante.
1004 705 1056 757 in
1113 703 1286 756 locum
1333 700 1648 756 decedentis
1694 698 1935 770 episcopi

353 795 536 848 nescio
565 811 722 864 quem
754 795 805 847 in
833 794 1003 848 aliena
1035 794 1328 864 provincia,
1356 793 1716 861 prmtermisso
1738 800 1938 844 metro-

351 887 614 954 politano,
660 895 845 938 contra
896 885 1112 938 Patrum
1162 883 1378 952 regulas
1419 883 1720 937 ordinasse.
1781 882 1933 948 Quod

351 991 684 1046 nequaquam
711 991 996 1045 possumus
1013 975 1154 1030 ferre
1177 976 1457 1044 patienter,
1488 977 1609 1043 quia
1634 983 1659 1011 ⁸
1685 975 1938 1028 convenit

354 1084 452 1122 nos
481 1079 819 1138 paternarum
847 1073 1182 1125 sanctiouum
1214 1069 1498 1138 diligentes
1519 1083 1638 1123 esse
1661 1067 1934 1123 custodes.

353 1162 521 1216 Nullis
548 1163 690 1216 enim
723 1163 936 1216 videtur
963 1163 1229 1232 incognita
1258 1161 1448 1233 synodi
1492 1159 1804 1214 constitutio
1846 1159 1937 1211 Ni-

349 1271 543 1320 czente,
574 1271 693 1324 qute
734 1258 802 1309 ita
853 1258 1136 1326 praecepit,
1181 1264 1237 1308 ιιι
1283 1255 1471 1309 eadem
1514 1255 1727 1323 proprie
1771 1254 1934 1307 verba

352 1363 612 1414 ponamus
644 1366 657 1402 :
696 1364 791 1416 per
821 1362 1250 1418 unamquamque
1281 1346 1605 1414 provinciam
1625 1345 1714 1414 jus
1737 1355 1937 1399 metro-

354 1439 617 1506 politanos
645 1439 882 1507 singulos
912 1439 1110 1494 haltere
1137 1439 1336 1494 debere
1358 1482 1372 1506 ,
1399 1455 1496 1493 nec
1526 1441 1771 1508 cuiquam
1803 1439 1936 1492 duas

350 1546 471 1585 esse
500 1529 527 1567 δ
557 1546 713 1598 posse
735 1531 1024 1601 SltlljeClaS.
1054 1531 1206 1598 Quod
1238 1531 1344 1596 illi,
1375 1531 1496 1600 quia
1529 1532 1685 1584 aliter
1711 1531 1938 1585 creden-

350 1622 474 1674 dum
504 1636 608 1676 non
650 1632 764 1687 est,
795 1622 1114 1678 servandum
1145 1632 1330 1677 sancto
1371 1635 1692 1693 suggerente
1721 1625 1937 1679 sibimet

2044 513 2374 568 consulibus.

2509 603 2905 660 CAPITULUM
2947 602 3168 658 XXXV.

2049 696 2064 733 ί
2100 695 2337 766 Epistola
2371 694 2631 750 Calatini
2660 712 2811 765 papte
2849 696 2915 749 ad
2943 697 3202 765 episcopos
3237 693 3564 748 Viennenses
3613 699 3676 745 ct

2468 766 2518 819 Ν
2524 768 2828 822 arboneuses
2858 768 3121 820 titulorum
3149 781 3218 820 XI.

2040 856 2398 912 Cmusrtsus
2445 858 2715 912 universis
2747 857 3018 928 episcOpis
3050 872 3144 924 per
3174 855 3555 928 Viennensem
3613 863 3679 908 et

2291 929 2695 983 Narbonensem
2727 931 3030 1000 provincias
3055 927 3379 982 constitutis.

2112 1067 2444 1136 (Iuperemus
2479 1069 2696 1137 quidem
2730 1069 2796 1124 de
2834 1079 3134 1124 vestrarum
3171 1069 3552 1126 Ecclesiarum
3590 1069 3672 1123 ita

2043 1160 2381 1214 ordinatione
2410 1161 2674 1231 gaudere,
2722 1170 2780 1214 ut
2814 1161 3315 1231 congratularemur
3346 1163 3540 1231 potius
3596 1162 3676 1217 de

2043 1253 2282 1323 profectu
2311 1270 2471 1321 quam
2497 1255 2696 1325 aliqttid
2719 1255 3012 1310 admissum
3040 1255 3055 1305 l
3085 1264 3274 1310 contra
3297 1254 3672 1324 disciplinam

2042 1345 2460 1400 ecclesiasticam
2492 1345 2818 1401 doleremus.
2846 1346 2924 1401 Ad
2957 1355 3194 1400 nostram
3226 1346 3370 1401 enim
3398 1345 3674 1400 laetitiam

2041 1448 2093 1492 et
2142 1439 2276 1493 bene
2324 1439 2458 1494 facta
2494 1441 2845 1510 proveniunt,
2877 1450 2933 1494 et
2963 1442 3213 1495 mceroris
3263 1439 3472 1495 aculeis
3519 1455 3672 1506 nos,

2043 1546 2163 1596 quas
2214 1530 2411 1584 fuerint
2465 1532 2603 1586 male
2655 1531 2832 1598 facta,
2884 1541 3268 1601 compungunt.
3319 1531 3435 1586 Nec
3481 1533 3674 1586 silem

2045 1637 2350 1689 possumus,
2384 1620 2406 1658 ¹ι
2437 1637 2556 1676 cum
2589 1624 2748 1695 271
2773 1623 2896 1690 hoc,
2924 1632 2981 1676 ut
3000 1623 3068 1678 ab
3087 1622 3290 1678 illicitis
3317 1638 3674 1678 revocemus

349 1713 550 1779 Spiritu
581 1723 932 1771 censuerunt.
969 1713 1121 1770 Unde
1144 1755 1160 1780 ,
1208 1713 1373 1768 frater
1398 1715 1746 1780 cbarissime,
1779 1716 1822 1769 si
1868 1717 1937 1769 ita
1974 1719 2016 1776 Β
2046 1715 2287 1784 aliquos.
2319 1715 2480 1770 ulﬁcii
2514 1716 2683 1772 nostri
2715 1730 3070 1785 provocemur
3107 1715 3397 1770 instinctu:
3433 1717 3491 1769 in
3527 1731 3675 1784 spe-

351 1819 438 1860 res
469 1816 628 1870 sunt,
673 1817 728 1860 et
768 1807 1064 1862 Ecclesiam
1096 1808 1456 1876 supradictam
1500 1809 1786 1877 provincia:
1830 1820 1934 1862 tute

350 1895 504 1951 limes
559 1908 581 1936 ε
633 1897 889 1962 includit,
943 1906 1124 1953 nostra
1171 1900 1491 1953 auctoritate
1537 1901 1930 1965 commonitus,

349 1991 487 2058 quod
511 1990 726 2060 quidem
760 1989 934 2045 facere
973 2001 1162 2058 sponte
1191 1992 1454 2048 deberes.
1488 1992 1672 2046 deside
1705 1993 1768 2046 iis
1803 2008 1933 2060 sup-

349 2081 637 2150 plicantum
668 2093 722 2137 et
754 2084 1029 2139 voluntate
1057 2094 1296 2152 respecto
1316 2127 1330 2150 ,
1361 2085 1425 2138 ad
1458 2085 1706 2140 eumdem
1757 2085 1930 2138 locum

351 2175 402 2226 in
434 2189 540 2240 qtto
569 2173 837 2228 ordinatio
862 2175 981 2230 talis
1005 2175 1267 2230 celebrata
1297 2175 1514 2240 dit-itur,
1541 2177 1704 2247 270
1734 2186 1928 2230 metro-

351 2268 566 2333 politani
594 2269 722 2337 jure‘
747 2271 986 2324 munitus
1027 2280 1075 2325 et
1120 2271 1571 2340 prmceptionibus
1601 2271 1798 2325 nostris
1831 2271 1935 2325 fre-

352 2367 436 2410 tus
461 2361 686 2423 accede;
723 2360 1027 2430 intelligens
1051 2362 1274 2416 arbitrio
1298 2373 1388 2416 tuo
1408 2363 1700 2416 secundum
1723 2379 1750 2416 r
1784 2363 1936 2430 gulas

352 2445 566 2501 l‘atrum
598 2465 930 2517 quacunque
960 2449 1201 2504 facienda
1235 2459 1389 2518 sttnt,
1421 2468 1448 2503 a
1483 2453 1635 2505 nobis
1657 2465 1775 2504 esse
1805 2467 1937 2504 con-

347 2553 495 2590 cessa
531 2555 543 2590 :
579 2540 649 2592 ita
677 2551 735 2594 ut
763 2542 994 2609 peractis
1020 2542 1269 2595 omnibus
1291 2544 1602 2610 apostolicae
1631 2543 1745 2598 sedi
1777 2545 1933 2615 quid-

349 2627 472 2694 quid
507 2632 758 2684 statueris
789 2640 837 2684 te
872 2634 1137 2686 referente
1160 2633 1440 2698 clarescat
1461 2676 1476 2698 ,
1506 2635 1590 2688 cui
1623 2636 1782 2690 totius
1811 2651 1935 2705 pro-

351 2715 538 2773 vincia:
567 2717 592 2756 ἀ
636 2737 746 2775 sure
789 2723 1182 2778 ordinationem
1228 2724 1395 2792 liquet
1441 2741 1562 2781 esse
1606 2727 1931 2781 mandatam.

351 2813 516 2866 Nemo
538 2829 665 2884 ergo
681 2831 870 2870 eorum
897 2816 1155 2871 terminos
1177 2817 1348 2872 audax
1379 2829 1666 2874 temerator
1686 2822 1932 2886 excedat,

350 2918 446 2960 nec
474 2913 499 2942 ο
531 2905 722 2974 aliquis
753 2908 802 2960 in
841 2923 1028 2962 eorum
1073 2911 1454 2963 contumeliam
1504 2911 1742 2979 pertiltus
1791 2913 1931 2975 suis,

2044 1808 2180 1861 culis
2221 1823 2249 1860 a
2283 1807 2395 1863 Deo
2425 1808 2734 1873 constituti,
2767 1815 2827 1862 ut
2859 1807 3147 1877 vigilantiae
3178 1817 3376 1862 nostrae
3409 1805 3674 1877 diligen-

2043 1897 2171 1954 tiam
2201 1901 2646 1968 comprobantes,
2677 1908 2733 1954 et
2758 1915 2878 1969 qua:
2923 1899 3219 1954 coercenda
3255 1908 3382 1954 sunt
3423 1913 3672 1955 resece-

2042 2005 2182 2059 mus,
2215 2000 2269 2046 et
2287 2006 2406 2061 qua:
2435 1991 2769 2047 observanda
2801 2000 2927 2046 sunt
2945 1992 3272 2048 sanciamus.
3307 1987 3325 2026 ι
3357 1990 3430 2044 Et
3452 2006 3673 2060 quam-

2043 2085 2123 2138 vis
2147 2085 2291 2138 circa
2329 2083 2618 2153 longinqua
2665 2084 2959 2154 spiritualis
2986 2097 3116 2138 cura
3145 2098 3252 2138 non
3295 2083 3520 2146 deﬁcit,
3559 2083 3673 2138 sed

2042 2195 2100 2231 se
2129 2193 2223 2246 per
2242 2178 2420 2232 omnia
2440 2221 2453 2242 ,
2480 2193 2580 2247 qua
2614 2178 2825 2232 Domini
2850 2193 3046 2231 nomen
3070 2177 3416 2246 prtcdicatur,
3446 2186 3675 2232 exten-

2040 2270 2148 2334 dit;
2203 2285 2303 2325 nec
2352 2270 2593 2324 notitiam
2651 2277 2888 2323 nostram
2935 2268 3356 2338 sulterfugiaut,
3409 2283 3552 2338 qua:
3615 2271 3673 2326 in

2039 2359 2373 2415 eversionem
2407 2360 2712 2430 regularum
2736 2359 2960 2414 novella:
2991 2359 3430 2430 prtcsumptiunis
3454 2371 3672 2415 aucto-

2041 2452 2199 2509 ritate
2222 2461 2514 2506 tentantur.

2114 2545 2151 2598 l.
2213 2544 2506 2598 Didicimus
2550 2544 2693 2598 enim
2743 2544 3003 2614 quosdam
3058 2545 3268 2600 Domini
3324 2547 3674 2603 sacerdotes

2040 2639 2414 2706 superstitioso
2436 2639 2616 2708 potius
2643 2637 2808 2692 cultui
2832 2647 2870 2674 ω
2894 2639 3117 2704 servire,
3137 2653 3294 2707 quam
3325 2641 3542 2693 mentis
3576 2641 3670 2695 vel

2041 2730 2160 2784 fidei
2194 2730 2434 2798 puritati.
2467 2730 2573 2784 Sed
2607 2743 2712 2783 non
2745 2730 2969 2792 mirum,
3011 2730 3055 2784 si
3087 2739 3274 2784 contra
3303 2731 3673 2786 ecclesiasti-

2039 2840 2160 2876 cum
2184 2839 2388 2877 morem
2410 2830 2438 2858 υ
2461 2821 2694 2888 faciunt,
2719 2822 2808 2891 qui
2835 2823 2886 2876 in
2921 2823 3159 2877 Ecclesia
3188 2838 3294 2878 non
3323 2835 3669 2889 creverunt,

2041 2915 2133 2967 sed
2177 2913 2284 2966 alio
2320 2912 2601 2968 venientes
2633 2923 2656 2949 ο
2687 2911 2910 2976 itinere,
2953 2926 3133 2968 secum
3183 2913 3297 2967 haec
3345 2913 3402 2966 in
3454 2913 3673 2971 Eccle-

349 3009 468 3061 Ψῑω
509 2996 608 3050 Sibi
655 2998 724 3048 ab
763 2997 847 3051 his
893 3015 997 3051 ῐιοιι
1043 2999 1291 3053 Videntur
1337 3015 1622 3066 COIICCSSI‘.
1656 3000 1926 3055 defendat
1959 3019 2006 3080 ς
2040 3007 2172 3061 siam
2202 3022 2319 3074 qum
2345 3006 2395 3059 in
2421 3006 2524 3059 alia
2553 3005 2965 3059 Conversatione
2990 3004 3284 3058 habuerant
3313 3004 3672 3073 intulerunt,

349 3086 536 3140 Cesset
567 3087 870 3154 huiusmodi
894 3103 1078 3157 pressa
1111 3101 1293 3145 nostra
1325 3090 1643 3145 auctoritate
1671 3106 1928 3160 praesum-

351 3180 463 3248 ptio
495 3195 680 3234 eorum
713 3182 801 3250 qtti
843 3184 979 3238 ultra
1008 3183 1211 3236 licitum
1251 3199 1364 3238 sum
1407 3184 1630 3238 limitem
1661 3185 1934 3254 dignitatis

349 3271 665 3326 extendunt.
695 3273 847 3341 Quod
879 3275 1078 3329 idcirco
1100 3275 1356 3342 dicimus,
1392 3286 1445 3330 ut
1482 3277 1726 3331 advertat
1758 3277 1933 3332 chati-

351 3371 432 3418 tas
461 3374 546 3418 tua
593 3367 728 3421 adeo
765 3382 862 3422 nos
901 3382 1164 3422 canonum
1205 3366 1224 3406 ί
1258 3371 1468 3425 cautius
1509 3381 1773 3440 prmcepta
1819 3386 1935 3425 ser-

352 3471 494 3520 vare,
520 3467 577 3511 ut
605 3458 672 3513 ita
698 3468 722 3506 8
750 3459 932 3516 censio
953 3476 1167 3532 quoque
1188 3471 1368 3516 nostra
1399 3462 1648 3528 difliniat,
1672 3474 1933 3534 quatenus

352 3548 746 3616 metropolitani
793 3551 874 3604 sui
926 3567 1258 3622 unaquaque
1288 3555 1557 3622 provincia
1591 3555 1644 3608 in
1685 3557 1935 3611 omnibus

350 3637 507 3693 rebus
535 3654 749 3711 semper
777 3645 1173 3701 ordinationem
1203 3654 1497 3716 exspectet.
1535 3645 1666 3702 Data
1691 3645 1717 3684 ⁵³
1748 3649 1935 3718 quinto

473 3965 629 4038 ξυιυς
650 3967 1113 4038 Οιιθῖιιηνορονιετ.
1146 3967 1262 4020 Mox
1300 3967 1444 4038 vulg.
1475 3982 1592 4019 cum
1623 3967 1927 4038 aliisrodd.

353 4034 497 4088 Nulli
523 4038 738 4100 ctenim;
766 4052 830 4091 ac
857 4034 980 4092 dein
1010 4039 1262 4105 pra'cipit.
1297 4034 1462 4092 Porro
1497 4037 1565 4092 de
1605 4038 1702 4091 ll‘tc
1728 4036 1928 4091 Nicaani

347 4106 567 4160 canonis
598 4107 917 4175 allegatione
947 4109 1067 4162 vide
1107 4107 1332 4162 Obscrv.
1371 4110 1421 4160 in
1449 4108 1668 4164 dissert.
1701 4107 1734 4162 5
1763 4109 1930 4176 Ques-

348 4176 496 4232 tielli.
523 4188 657 4240 part.
691 4194 748 4236 tt.
781 4194 830 4233 c.
859 4177 914 4242 6,
942 4194 995 4230 n.
1020 4179 1054 4231 5
1081 4188 1135 4232 et
1163 4178 1216 4241 6,
1243 4187 1375 4231 tom.
1402 4178 1492 4232 Kl.

419 4246 443 4284 δ
489 4247 611 4300 Mss.
650 4249 803 4302 Dion.
840 4259 892 4302 et
927 4249 1089 4302 Hadr.
1132 4249 1312 4302 delent
1350 4265 1513 4315 posse.
1549 4251 1762 4306 Thuau.
1812 4259 1930 4315 post

347 4333 493 4384 posse
521 4318 668 4370 addit
693 4319 840 4390 sedes
868 4333 884 4371 :
916 4321 1081 4385 male,
1130 4320 1299 4388 inquit
1329 4320 1560 4390 Quesn.,
1585 4323 1759 4390 agitur
1788 4323 1929 4374 enim

345 4391 413 4441 de
445 4388 752 4452 provinciis.

419 4469 440 4496 ο
469 4459 614 4513 Unus
642 4460 762 4514 cod.
795 4460 946 4516 Culb.
980 4460 1116 4526 apud
1149 4460 1359 4527 Coust.,
1388 4463 1614 4516 inclusit.
1641 4464 1761 4518 Mox
1797 4477 1926 4514 mss.

346 4529 488 4590 Vat.,
547 4532 692 4590 llisp.
723 4542 777 4586 et
821 4532 968 4595 l.~id.,
1008 4548 1128 4586 cum
1179 4532 1354 4594 Merl.,
1399 4535 1753 4597 communica;
1801 4533 1928 4585 editi

346 4616 473 4651 vero
514 4601 599 4654 alit
633 4617 752 4654 cum
780 4604 936 4656 codd.
966 4605 1177 4656 collect.
1223 4603 1474 4656 lladrian.
1497 4647 1510 4668 ,
1552 4605 1894 4657 communitus
1914 4641 1929 4664 ,

346 4671 427 4722 vel
471 4675 812 4726 comntmtius.
860 4676 928 4728 At
972 4672 1296 4739 exemplaria
1349 4684 1548 4727 nostra).
1597 4674 1930 4729 collectionis

345 4756 468 4811 euut
519 4741 668 4793 Ilion.
723 4743 911 4811 Regio,
963 4745 1320 4796 commonitus.
1372 4743 1500 4798 Dein
1556 4744 1607 4797 in
1655 4761 1760 4797 ttno
1803 4744 1925 4796 cod.

348 4809 538 4861 llarltei
586 4809 822 4866 secunda
851 4831 1011 4867 manu
1035 4857 1048 4880 ,
1091 4815 1356 4868 debueras.
1395 4813 1506 4869 lluc
1533 4815 1740 4870 accedit
1770 4813 1924 4868 Dion.

347 4880 562 4939 limitis,
598 4882 860 4938 debucres.

415 4947 438 4985 ἀ
477 4949 780 5013 Legendqu
813 4963 956 5007 certe
973 4963 1054 5008 est
1079 4963 1198 5017 tum,
1225 4969 1328 5007 non
1354 4971 1493 5020 sum;
1518 4955 1600 5008 vel
1623 4969 1742 5008 cum
1769 4955 1922 5008 Dion.

344 5033 393 5074 et
432 5021 708 5086 l‘ladrianq
743 5037 876 5087 quos
907 5025 1043 5079 Just.
1084 5033 1139 5079 et
1177 5027 1364 5080 Const.
1405 5027 1574 5081 secuti
1619 5035 1776 5092 sunt,
1823 5042 1922 5079 vox

342 5109 448 5145 sum
477 5093 699 5147 delenda
722 5103 824 5148 est.

415 5176 438 5202 ο
485 5165 623 5218 Just.
671 5180 790 5236 cum
837 5181 963 5219 mss.
1003 5165 1187 5230 lladr.,
1223 5166 1372 5234 ivlisp.
1415 5177 1470 5221 et
1508 5168 1658 5228 lsid..
1692 5167 1923 5236 aliquid;

341 5245 394 5286 et
435 5235 555 5288 dein
586 5251 706 5289 cum
743 5235 929 5290 iisdem
959 5239 1122 5292 codd.
1165 5249 1218 5293 et
1262 5239 1473 5292 caeteris
1518 5239 1676 5293 editis
1725 5235 1924 5292 omittit

343 5307 401 5353 ab
431 5308 537 5379 his,
563 5322 693 5375 quas
721 5321 877 5362 vttces
903 5313 1014 5362 sola
1044 5309 1369 5378 exemplaria
1403 5308 1557 5379 hujus
1585 5309 1919 5364 collectionis

342 5375 623 5442 pra-ferunt
636 5418 649 5431 .

417 5444 433 5481 τ
467 5445 578 5516 Soli
609 5449 766 5501 codd.
800 5449 955 5516 hujus
981 5451 1315 5505 collectioni;
1343 5453 1540 5505 cautius
1567 5452 1843 5506 exhibent.

411 5523 436 5559 κ
470 5515 540 5567 lla
563 5530 681 5568 cum
707 5515 949 5574 VtinLiet'
975 5523 1113 5575 l’itlt.
1140 5534 1337 5576 nostrtc
1359 5522 1713 5577 Collectionis.
1747 5521 1915 5576 Codd.

340 5584 562 5662 aliarum
599 5587 978 5662 collectionum
1016 5603 1070 5644 ct
1109 5593 1278 5656 vulg.,
1310 5595 1622 5648 constitutio.
1675 5593 1824 5662 Hisp.
1868 5600 1922 5646 et

341 5653 443 5726 ΙριιΙ
477 5697 490 5718 ,
515 5665 568 5707 ut
593 5658 690 5708 ista
719 5663 1029 5714 constitutio.
1056 5653 1278 5726 quan
1305 5681 1538 5716 censum.

405 5719 434 5761 δ
464 5727 593 5779 Cod.
628 5728 862 5786 Timon.
898 5745 944 5782 Vl
978 5719 1092 5784 ldus

2041 3097 2220 3151 amicti
2271 3096 2462 3166 pallio,
2514 3105 2568 3150 et
2614 3094 2825 3148 lumbos
2875 3096 3180 3164 praecincti,
3233 3096 3537 3149 ert-dentes
3604 3111 3676 3151 se

2039 3191 2329 3262 Scriptum.
2351 3190 2509 3246 fidem
2542 3207 2648 3245 non
2681 3205 2775 3259 per
2801 3190 3066 3258 spiritum,
3092 3190 3185 3245 sed
3217 3201 3242 3239 ρ
3273 3205 3368 3258 per
3397 3190 3674 3248 litteram

2041 3285 2424 3352 completuros.
2473 3282 2603 3335 Nam
2635 3285 2677 3337 si
2715 3281 2780 3334 ad
2812 3282 2914 3337 hoc
2955 3282 3054 3336 ista
3089 3291 3354 3352 praerepta
3383 3290 3569 3352 sunt,
3607 3293 3676 3340 ut

2046 3374 2222 3428 taliter
2262 3381 2630 3442 servarentur,
2682 3387 2780 3427 cur
2831 3387 2938 3426 non
2985 3372 3119 3426 littnt
3159 3373 3356 3442 pariter
3391 3388 3528 3444 qua:
3575 3390 3675 3431 se-

2045 3476 2311 3534 quuntur,
2356 3473 2414 3518 ιιι
2451 3465 2686 3520 lucerna:
2714 3464 2966 3519 ardentes
3010 3465 3062 3518 in
3099 3464 3345 3520 manibus
3373 3479 3482 3518 una
3521 3481 3670 3523 cum

2044 3559 2237 3614 baculo
2267 3557 2582 3613 teneantur?
2614 3557 2822 3612 Habent
2850 3572 3004 3612 suum
3045 3559 3141 3612 ista
3182 3558 3507 3629 mysterium
3534 3602 3552 3626 ,
3609 3571 3672 3619 et

2047 3648 2468 3719 intelligentibus
2499 3659 2527 3700 ιι
2554 3649 2625 3704 ita
2656 3649 2800 3704 clara
2830 3656 2988 3715 sunt,
3030 3658 3086 3703 ut
3113 3664 3174 3704 ea
3206 3649 3372 3720 magis
3404 3666 3518 3721 qua
3559 3653 3670 3710 de-

2117 3965 2130 4004 ί
2177 3965 2496 4021 Continetur
2542 3965 2592 4036 in
2623 3980 2756 4019 mss.
2803 3967 3017 4036 collem.
3050 3965 3170 4020 Vat.
3218 3965 3438 4036 Regina:
3475 3967 3664 4036 I997,

2036 4037 2192 4120 εφη).
2213 4076 2228 4101 ,
2260 4037 2512 4120 Ducem,
2547 4035 2672 4092 Vat.
2704 4034 2876 4102 1542,
2908 4036 3096 4104 Corb.,
3132 4034 3314 4103 Diuu.,
3349 4034 3664 4106 Hadriam,

2106 4124 2130 4162 s
2177 4149 2188 4161 .
2414 4145 2430 4159 .

2039 4107 2575 4231 "'tprtlcd-z'dcontra
2624 4177 2949 4245 disciplinam
3006 4181 3436 4239 ecclesiasticam,
3506 4197 3662 4249 quas

2037 4264 2226 4303 omnes
2254 4251 2421 4301 nostri
2450 4249 2610 4302 codd.
2642 4257 2697 4303 et
2733 4250 2858 4318 vulg
2897 4251 3184 4316 exhibent,
3218 4249 3519 4317 Quesnello
3553 4268 3662 4306 cx-

2039 4321 2303 4373 ciderttnt.
2337 4320 2453 4373 Mox
2500 4320 2640 4389 vulg.
2692 4334 2812 4374 cum
2845 4321 3164 4389 quibusdam
3209 4321 3366 4375 codd.
3393 4362 3408 4386 ,
3451 4337 3660 4390 perve-

1959 4407 2011 4466 ι)
2039 4394 2205 4466 uiunl.

2110 4461 2135 4498 ιι
2169 4460 2306 4514 Ειιίι.
2330 4461 2494 4514 Cone.
2528 4470 2645 4528 post
2666 4461 2860 4528 Crah,
2883 4478 2996 4514 cum
3018 4463 3086 4514 nd
3112 4461 3226 4515 hoc.
3257 4462 3436 4515 Nuetri
3469 4465 3657 4520 codd.

2037 4541 2090 4584 et
2117 4548 2308 4585 omnes
2347 4532 2473 4584 editi
2515 4500 2697 4585 delent
2735 4500 2868 4584 ad):
2908 4534 3004 4585 hoc
3052 4535 3280 4586 refertur
3325 4532 3391 4584 ad
3444 4506 3657 4590 VOCPII;

2035 4603 2296 4655 instinctu.
2351 4603 2510 4654 Solus
2554 4601 2793 4667 Quesu.,
2824 4603 2949 4672 quin
2995 4604 3059 4655 ab
3102 4603 3296 4656 illicitis
3339 4619 3656 4660 reroccmm

2035 4672 2188 4736 alios,
2219 4683 2265 4725 et
2295 4673 2446 4742 ofﬁcii
2476 4674 2635 4725 nostri
2663 4688 2990 4740 provocemus
3017 4674 3088 4725 ad
3119 4676 3301 4726 bonum
3327 4674 3597 4727 inrtinctu
3631 4692 3654 4730 :

2033 4760 2192 4867 quam
2224 4744 2504 4797 lectionem
2539 4742 2667 4796 nulli
2695 4745 2858 4798 nostri
2887 4743 3046 4798 codd.
3074 4759 3173 4798 nec
3199 4744 3287 4797 alii
3314 4745 3461 4814 vulg.
3495 4759 3653 4813 pra:-

2059 4824 2234 4867 erunt.

2059 4824 2234 4870 erunt.

2111 4883 2126 4922 ι
2161 4884 2345 4938 Const.
2377 4901 2496 4940 cum
2524 4883 2760 4955 quinq'te
2785 4886 3004 4954 optimis
3031 4900 3184 4951 is.,
3216 4883 3364 4939 Circa
3395 4889 3650 4953 quamvis

2031 4955 2335 5026 longinqua.

2103 5036 2141 5062 ω
2178 5026 2328 5094 Vulg.
2361 5041 2481 5079 cum
2509 5025 2626 5077 Vat.
2662 5026 2898 5093 Regium,
2930 5027 3186 5080 inservire.

2101 5105 2127 5132 η
2157 5097 2388 5150 Verbum
2415 5098 2608 5164 faciunt
2639 5097 2838 5160 Quesn.
2875 5098 3152 5165 praeteriit.

2105 5175 2129 5202 ο
2162 5169 2347 5222 (loust.
2372 5183 2399 5220 e
2421 5169 2523 5220 ritu
2547 5168 2850 5220 emendavit
2883 5183 2984 5231 ope
3008 5168 3232 5220 duorum
3264 5165 3423 5221 codd.
3457 5168 3637 5223 Corh.

2029 5251 2081 5293 et
2106 5238 2281 5296 Colh.,
2316 5239 2368 5290 in
2399 5239 2590 5305 quibus
2623 5238 2817 5303 legitur
2846 5239 3068 5290 irritum.
3111 5238 3226 5291 Mox
3268 5237 3447 5292 Oxon.
3478 5239 3638 5294 delet

2028 5313 2081 5363 in
2117 5308 2416 5362 Ecrlesiam.
2455 5309 2582 5363 Dein
2617 5308 2808 5371 Vind.,
2855 5317 3048 5362 sancta:
3092 5309 3376 5377 Scriptura:
3429 5311 3635 5377 ﬁdem,

2029 5396 2161 5434 voce
2183 5391 2375 5432 suntut
2400 5378 2650 5432 secundis
2679 5378 2822 5430 curis
2845 5378 3044 5432 addita.

2102 5461 2128 5499 Ρ
2159 5449 2318 5505 Solus
2347 5449 2576 5516 Quesn..
2606 5451 2656 5501 in
2684 5449 2871 5502 littera.

2101 5531 2127 5570 (ι
2153 5524 2352 5584 Quesn.
2385 5520 2563 5574 omisit
2595 5522 2696 5582 ita,
2727 5530 2779 5572 ct
2811 5535 2907 5584 pro
2935 5529 3193 5572 sm'entur
3215 5517 3377 5572 habet
3409 5528 3631 5575 tenean-

2030 5600 2132 5643 tur.
2172 5591 2328 5662 Vind.
2359 5599 2414 5644 et
2448 5591 2549 5662 alia
2581 5589 2908 5662 exemplaria
2938 5605 3068 5662 mss.
3106 5599 3161 5644 et
3185 5604 3382 5644 excusa
3418 5602 3634 5662 praeluc-

2032 5662 2208 5714 limus.
2243 5661 2425 5714 Solum
2459 5659 2577 5715 Vat.
2617 5661 2746 5714 15-ιὲ
2769 5660 2988 5730 prml'ert
3013 5661 3300 5728 ﬁrmentur.
