3888 6182
243 211 324 266 377
669 205 892 262 CODEX
933 201 1256 260 CANONUM
1296 201 1574 290 Εεοιιιιξε.
1617 202 1706 258 ΕΤ
1743 199 2315 257 ΩΟΝΞΤΙΤυΤΟΙὶυΜ
2355 200 2412 256 S.
2453 200 2650 257 SEDIS
2691 201 3019 258 Αιιοδτοι.

3357 223 3460 277 578

238 334 305 380 cet
327 320 718 392 significatione
744 329 1045 374 serventur.
1074 317 1206 372 Nam
1245 319 1295 371 in
1332 317 1633 371 lumborum
1659 331 1800 386 ιιι-ιη·
1826 319 1878 378 Α
1907 313 2332 370 subveniendum
2382 316 2630 370 morienti
2675 317 2920 372 sufficere
2962 317 3044 371 vel
3098 317 3151 370 in
3203 331 3470 372 momento

235 412 492 467 cinctione
528 411 772 475 castitas,
814 409 866 462 in
908 408 1098 462 baculo
1134 407 1372 476 regimen
1414 407 1710 476 pastorale,
1743 406 1796 459 in

231 503 460 557 lucernis
487 499 797 555 ardentibus
824 499 945 553 boni
976 497 1149 568 fulgor
1189 497 1398 566 operis,
1428 496 1494 551 de
1532 511 1637 564 quo
1666 496 1799 552 dici-

226 603 301 648 tur
333 611 351 649 :
389 593 565 661 Opera
597 592 728 644 bona
751 599 911 643 vestra
937 587 1137 642 luceant
1168 586 1395 658 (Matth.
1424 603 1479 650 v,
1511 585 1629 655 16),
1657 586 1795 640 indi-

222 694 432 738 cantur.
486 692 513 720 σι
560 681 801 736 [labeant
850 689 1024 734 tamen
1078 678 1236 733 istum
1287 678 1509 732 forsitan
1564 677 1794 743 cultum,

220 789 424 829 morem
477 775 650 843 potius
682 787 841 842 quam
871 769 1131 826 rationem
1160 778 1476 839 sequentes,
1501 768 1590 838 qui
1621 782 1798 823 semo-

221 866 445 922 tioribus
477 864 719 919 habitant
747 863 910 928 locis,
942 872 995 916 et
1035 861 1271 930 procula
1299 861 1511 916 caeteris
1551 858 1751 928 degunt
1782 877 1795 913 :

223 958 364 1014 unde
394 957 485 1010 hic
514 955 727 1009 habitus
747 955 802 1008 in
827 952 1079 1008 Ecclesiis
1102 951 1411 1018 Gallicanis,
1441 959 1498 1004 ut
1527 959 1602 1004 tot
1625 963 1796 1003 anno-

223 1059 374 1113 rum,
409 1055 786 1112 tantorumque
834 1043 1147 1113 pontificum
1177 1043 1231 1096 in
1279 1042 1505 1096 alterum
1555 1040 1798 1096 habitum

229 1139 553 1194 consuetudo
577 1136 846 1192 vertatur?
873 1134 1220 1190 Discernendi
1251 1149 1279 1187 a
1307 1134 1463 1204 plebe
1482 1134 1565 1189 vel
1587 1133 1798 1188 caeteris

232 1243 407 1284 sumus
431 1229 671 1284 doctrina
690 1269 705 1292 ,
750 1241 854 1279 non
884 1232 1062 1289 veste;
1088 1225 1524 1290 conversatione,
1567 1240 1675 1279 non
1705 1223 1800 1276 ha-

243 1323 374 1386 bitu;
419 1322 614 1376 mentis
653 1319 910 1390 puritate,
961 1331 1068 1372 non
1115 1317 1280 1371 cultu.
1329 1316 1460 1370 Nam
1497 1317 1544 1370 si
1581 1316 1800 1372 studere

249 1413 650 1482 'incoaperimus
676 1410 918 1474 novitati,
940 1409 1190 1463 traditum
1218 1408 1372 1463 nobis
1396 1424 1425 1460 a
1447 1407 1688 1476 patribus
1713 1423 1800 1462 or-

254 1507 404 1559 dinem
433 1503 789 1566 calcabimus,
819 1510 877 1556 ut
906 1500 1080 1555 locum
1115 1509 1138 1538 ε
1169 1499 1516 1569 supervacuis
1543 1498 1802 1568 supersti-

255 1597 458 1651 tionibus
489 1597 763 1650 faciamus.

308 1690 454 1759 272
494 1687 557 1739 ll.
599 1685 779 1740 Rudes
812 1699 938 1753 ergo
969 1682 1202 1738 ﬁdelium
1227 1689 1434 1736 mentes
1456 1683 1522 1735 ad
1547 1680 1666 1735 talia
1689 1696 1798 1735 non

253 1777 481 1833 debemus
518 1778 801 1840 inducere;
833 1776 1060 1831 docendi
1103 1776 1244 1830 enim
1277 1773 1451 1843 potius
1479 1783 1602 1830 sunt
1639 1788 1796 1841 quam

255 1869 279 1909 ἀ
305 1872 536 1937 ludendi;
587 1885 687 1925 nec
731 1868 1106 1937 imponendum
1132 1881 1318 1922 eorum
1359 1875 1442 1920 est
1478 1866 1673 1927 oculis,
1703 1865 1798 1920 sed

254 1963 492 2018 mentibus
539 1962 862 2016 infundenda
912 1971 1176 2030 prmoepta
1215 1967 1357 2014 sunt.
1388 1959 1553 2012 Erant
1580 1958 1794 2028 quidem

253 2056 397 2109 multa
423 2070 540 2123 quae
584 2068 681 2123 pro
721 2052 997 2122 disciplina
1025 2050 1388 2107 ecclesiastica
1421 2051 1500 2106 \el
1533 2051 1696 2120 ipsius
1718 2052 1796 2106 rei

251 2147 408 2201 dicere
452 2147 659 2200 ratione
701 2158 1017 2215 possemus;
1061 2143 1154 2199 sed
1185 2143 1252 2199 ab
1279 2141 1363 2197 his
1397 2142 1465 2198 ad
1501 2143 1602 2197 alia
1634 2142 1804 2198 devo-

251 2251 431 2290 cantur.

311 2326 388 2381 Ill.
425 2327 748 2397 Agnovimus
782 2334 804 2364 ο
832 2326 1198 2396 ptenitentiam
1247 2325 1596 2382 morientibus
1632 2325 1802 2383 dene-

249 2417 378 2483 gari,
418 2431 514 2472 nec
560 2416 775 2471 illorum
823 2415 1102 2470 desideriis
1149 2415 1314 2470 annui
1363 2415 1451 2485 qui
1498 2415 1675 2470 obitus
1720 2417 1802 2472 sui

253 2517 466 2577 tempore
490 2509 593 2563 hoc
622 2507 813 2562 anima:
842 2522 953 2561 sua:
981 2506 1203 2576 cupiunt
1242 2507 1479 2561 remedio
1506 2508 1798 2562 subveniri.

251 2600 543 2666 llorreinus,
571 2605 762 2668 fateor,
795 2610 954 2654 tantae
981 2599 1273 2670 impietatis
1292 2601 1523 2670 aliquem
1554 2603 1798 2670 reperiri,

248 2704 301 2748 ut
324 2696 384 2749 de
410 2694 501 2750 Dei
539 2695 739 2764 pietate
767 2694 1048 2762 desperet;
1089 2694 1240 2763 quasi
1284 2708 1388 2748 non
1434 2695 1598 2763 possit
1635 2697 1701 2749 ad
1743 2710 1802 2750 se

247 2789 418 2856 quovis
445 2795 687 2856 tempore
727 2787 1066 2840 concurrenti
1105 2801 1450 2855 succurrere,
1491 2796 1550 2841 et
1591 2787 1801 2856 pericli-

247 2888 430 2932 tantem
472 2882 570 2932 suh
622 2891 788 2932 onere
833 2890 1173 2945 peccatorum
1222 2877 1524 2942 hominem,
1565 2879 1800 2947 pondere

245 2985 342 3039 quo
367 2985 420 3026 se
461 2971 549 3025 ille
586 2970 826 3039 expediri
867 2970 1168 3037 desiderat,
1220 2971 1470 3025 liberare.
1499 2970 1634 3037 Quid
1663 2970 1798 3037 hoc,

243 3075 380 3130 rogo,
409 3062 546 3116 aliud
571 3073 654 3116 est
680 3076 838 3131 quam
869 3061 1116 3116 morienti
1142 3070 1369 3116 mortem
1412 3062 1634 3129 addere,
1659 3063 1801 3132 ejus-

240 3165 338 3218 que
366 3153 590 3204 animam
621 3165 716 3205 sua
747 3150 1085 3216 crudelitate,
1111 3165 1179 3204 ne
1203 3151 1446 3204 absoluta
1468 3152 1635 3219 possit
1657 3167 1796 3216 esse,

240 3244 504 3300 occidere?
532 3259 656 3298 cum
691 3245 829 3299 Deus
871 3243 937 3297 ad
985 3243 1403 3298 subveniendum
1437 3246 1801 3312 paratissimus

241 3335 457 3389 imitans
493 3335 560 3390 ad
603 3335 967 3404 pmnitentiem
991 3375 1005 3401 ,
1037 3334 1116 3389 sic
1145 3335 1422 3405 promittat
1469 3351 1483 3387 :
1528 3334 1795 3404 Peccator,

241 3425 435 3494 inquit,
465 3442 762 3498 quacunque
788 3427 870 3480 die
895 3441 1163 3480 conversus
1211 3427 1401 3497 fuerit,
1444 3436 1650 3495 peccata
1692 3429 1802 3498 ejus

241 3531 338 3570 Ion
361 3520 736 3588 imputabantur
763 3519 808 3572 ei
834 3533 853 3571 :
883 3527 936 3572 et
963 3519 1152 3572 iterum
1180 3535 1193 3570 :
1226 3517 1364 3572 Nolo
1395 3529 1606 3570 mortem
1623 3535 1804 3589 pecca-

235 3606 386 3671 toris;
419 3606 436 3645 ί
465 3608 556 3661 sed
579 3616 776 3660 tantum
795 3616 1113 3660 convertatur
1142 3616 1190 3660 et
1216 3607 1343 3660 vivat
1371 3604 1593 3677 (Ezech.
1617 3623 1800 3675 xsxut,

241 3697 327 3761 12,
355 3709 399 3751 et
427 3714 572 3763 svnt,
601 3698 728 3767 25).
765 3698 997 3753 Salutem
1026 3713 1156 3768 ergo
1186 3699 1383 3754 homini
1415 3699 1622 3766 adimit,
1651 3701 1804 3770 quis-

235 3790 353 3856 quis
381 3791 566 3846 mortis
606 3800 845 3858 tempore
875 3799 901 3838 8
932 3802 1198 3860 speratam
1238 3791 1604 3860 paenitentiam
1642 3791 1805 3846 dene-

234 3882 396 3950 garit;
423 3889 476 3937 et
503 3882 806 3953 desperavit
843 3881 910 3936 de
938 3881 1218 3937 clementia
1261 3883 1388 3951 Dei,
1437 3883 1525 3952 qui
1571 3897 1690 3938 eam
1735 3883 1803 3940 ad

311 4069 339 4098 ³
362 4061 507 4114 Dion.
531 4069 586 4115 et
603 4059 724 4133 Vat.
753 4059 988 4130 Regium,
1015 4059 1218 4115 Habent
1245 4071 1430 4116 tamen.
1468 4064 1597 4120 Dein
1626 4061 1762 4118 alias
1783 4107 1798 4133 ,

235 4133 582 4184 remotioribus
601 4130 850 4183 habitant.

309 4201 336 4238 δ
359 4202 463 4262 AL,
485 4201 810 4269 incipiamus.
1307 4257 1310 4260 ,

312 4281 337 4308 ο
363 4272 514 4324 Solus
542 4272 771 4336 Queso.,
799 4269 995 4323 omittit
1023 4272 1367 4338 supervacuis.

310 4340 334 4376 ά
362 4340 606 4406 Quzrdant
630 4341 859 4405 antiquae
895 4343 1048 4406 edit.,
1077 4342 1350 4397 illudendi.
1380 4341 1492 4395 Vat.
1527 4342 1695 4410 1552,
1723 4342 1804 4398 Ια-

245 4413 402 4481 gendi,
427 4427 518 4463 nec
544 4411 920 4481 opponendum.
955 4411 1008 4463 lu
1040 4411 1144 4466 fine
1191 4413 1285 4474 aL,
1315 4427 1631 4467 revocamur.

1903 420 2060 474 posse
2102 421 2208 460 non
2256 405 2499 461 credidit.
2537 406 2860 462 Perdidisset
2903 408 3038 461 latro
3081 409 3387 476 pranulutn,
3417 411 3470 463 in

1901 509 2059 550 cruce
2097 495 2164 549 ad
2203 496 2476 551 dexteram
2516 493 2716 550 Christi
2755 497 3022 565 pendens,
3051 498 3096 550 si
3136 496 3282 551 illum
3316 498 3474 550 unius

1903 587 2049 640 horae
2072 587 2380 655 poenitentia
2413 603 2518 640 non
2552 586 2777 655 juvisset
2808 587 2970 655 (Luc.
3002 603 3152 655 χχιιι,
3185 586 3311 658 ιε).
3339 588 3472 642 Cum

1900 686 2046 732 esset
2087 680 2136 730 in
2170 693 2325 746 pinna
2357 678 2633 746 paenituit,
2664 687 2716 731 et
2752 693 2846 746 per
2877 677 3031 732 unius
3059 680 3321 732 sermonis
3351 694 3474 748 pro-

1901 767 2190 828 fessionem
2232 768 2590 823 habitaculum
2633 769 2891 839 paradisi,
2943 770 3051 824 Deo
3096 771 3472 838 promittente,

1903 860 2215 930 promeruit.
2249 861 2384 914 Vera
2412 875 2541 930 ergo
2585 859 2652 914 ad
2683 860 2850 914 Deum
2879 860 3155 915 conversio
3187 860 3238 914 in
3274 860 3473 914 ultimis

1901 953 2228 1021 pontorum,
2270 960 2452 1007 mente
2490 953 2667 1021 potius
2711 962 2792 1007 est
2824 952 3168 1016 aestimanda,
3201 967 3305 1006 non
3339 961 3472 1006 teut-

1903 1056 2050 1111 pore,
2087 1043 2342 1111 propheta
2373 1043 2473 1097 hoc
2504 1043 2678 1098 taliter
2709 1054 2981 1099 asserente
3010 1062 3022 1096 :
3056 1043 3182 1096 Cum
3205 1061 3472 1100 conversus

1900 1133 2236 1201 ingemuerit,
2278 1143 2396 1186 tunc
2429 1136 2597 1186 salt-us
2638 1136 2737 1188 eris
2767 1135 2986 1205 (Ezech.
3020 1152 3145 1190 svnt
3171 1147 3219 1190 et
3249 1138 3470 1208 sum).

1901 1221 2033 1275 Cum
2064 1238 2192 1291 ergo
2220 1224 2290 1277 sit
2316 1223 2575 1277 Dominus
2595 1227 2772 1278 cordis
2800 1226 3090 1294 inspector,
3122 1229 3310 1296 quovis
3342 1241 3470 1284 leui-

1902 1329 2032 1383 pore
2069 1330 2174 1370 non
2213 1326 2297 1371 est
2329 1316 2638 1386 deneganda
2671 1319 2979 1386 pceuitentia
3009 1320 3322 1387 postulanti,
3352 1336 3470 1376 cum

1901 1402 1930 1441 ιι
1972 1407 2062 1460 ille
2103 1421 2163 1460 se
2204 1406 2624 1478 obligetjudici,
2667 1407 2753 1462 cui
2795 1409 2997 1462 occulta
3045 1411 3224 1463 omnia
3269 1415 3472 1466 noverit

1902 1498 2146 1552 revelari.

1829 1607 1874 1666 Β
1975 1589 2133 1658 2⁵13
2175 1588 2262 1643 ιν.
2303 1588 2588 1645 Ordinatos
2615 1606 2741 1646 vero
2771 1593 3052 1662 quosdam,
3081 1592 3095 1630 ί
3126 1593 3316 1649 fratres
3346 1596 3474 1649 Clla-

1906 1678 2124 1747 rissimi,
2156 1681 2521 1750 cocpiscopos,
2555 1683 2642 1752 qui
2673 1684 2834 1737 nullis
2863 1684 3241 1740 ecclesiasticis
3271 1689 3481 1740 ordiu-

1905 1767 2008 1822 bus
2051 1771 2116 1824 ad
2165 1780 2322 1825 tanta:
2364 1771 2636 1840 dignitatis
2683 1773 2943 1841 fastigium
2984 1773 3180 1829 fuerint
3228 1778 3473 1843 instituti,

1905 1870 2092 1916 contra
2123 1863 2338 1917 Patrum
2366 1864 2606 1928 decreta,
2640 1864 2795 1933 hujus
2820 1868 3161 1935 usurpatione
3183 1871 3269 1934 qui
3297 1887 3355 1923 se
3377 1872 3476 1925 huc

1904 1957 2241 2024 recognoscit
2269 1956 2482 2023 fecisse,
2515 1958 2801 2012 didicimus
2829 1977 2842 2014 :
2867 1973 2985 2013 cum
3014 1962 3078 2012 ad
3111 1962 3472 2032 episcopatum

1904 2044 1990 2098 bis
2016 2046 2288 2114 gradibus.
2321 2049 2514 2116 quibus
2543 2048 2971 2116 frequentissime
3015 2061 3228 2106 Cautum
3255 2064 3355 2116 est,
3384 2054 3476 2106 dc-

1903 2136 2028 2192 beat
2051 2137 2342 2205 perveniri,
2359 2147 2418 2192 ut
2435 2127 2731 2193 minoribus
2755 2139 2942 2193 initiati
2961 2141 3168 2205 ofticiis,
3184 2142 3248 2194 ad
3273 2141 3476 2210 majora

1906 2229 2202 2285 firmentur.
2231 2230 2400 2286 Debet
2429 2232 2569 2286 enim
2606 2241 2731 2286 ante
2765 2247 2882 2286 esse
2918 2219 3211 2301 discipulos
3235 2234 3474 2302 quis-tuis

1904 2321 2094 2376 doctor
2118 2337 2238 2377 esse
2270 2322 2561 2387 desiderat,
2592 2337 2647 2376 ut
2680 2324 2847 2392 possit
2874 2323 3069 2379 docere
3105 2326 3245 2394 quod
3269 2326 3475 2381 didicit.

1905 2409 2091 2466 Omnis
2115 2412 2237 2466 vitae
2269 2414 2284 2462 ι
2327 2413 2610 2477 institutio,
2644 2412 2742 2467 hac
2764 2413 2828 2466 ad
2862 2412 2912 2466 id
2943 2429 3047 2490 quo
3073 2414 3261 2480 tendit,
3301 2431 3360 2469 se
3387 2432 3474 2470 ra-

1907 2504 2053 2558 tione
2080 2505 2381 2557 contirmst.
2414 2504 2511 2569 Qui
2542 2505 2760 2558 minime
2790 2504 2980 2558 litteris
3008 2519 3223 2573 operam
3251 2505 3476 2572 dederit,

1907 2604 2211 2663 praeceptor
2239 2610 2350 2648 non
2379 2604 2554 2664 potest
2585 2610 2701 2649 esse
2743 2596 3059 2650 litterarum.
3103 2599 3146 2664 Q
3169 2599 3201 2651 ii
3246 2613 3356 2652 non
3386 2617 3478 2667 per

1907 2684 2112 2754 singula
2143 2684 2404 2752 stipendia
2434 2686 2687 2750 creverit,
2717 2685 2783 2739 ad
2805 2688 3084 2740 emeritum
3115 2688 3362 2754 stipendii
3392 2707 3476 2741 or-

1909 2775 2086 2831 dinem
2143 2791 2252 2830 non
2309 2786 2484 2844 potest
2541 2777 2838 2844 pervenire.
2885 2777 3068 2832 Solum
3123 2780 3475 2832 sacerdotium

1909 2866 1936 2904 ι
1967 2870 2106 2923 inter
2136 2869 2254 2927 ista.
2291 2884 2442 2938 rogo,
2477 2869 2632 2922 vilius
2659 2879 2762 2936 est,
2791 2870 2930 2936 quod
2959 2869 3164 2924 facilius
3193 2872 3474 2934 tribuatur,

1905 2975 2032 3016 cum
2070 2960 2341 3015 difficilius
2382 2962 2693 3032 impleatur?
2733 2963 2837 3017 Sed
2869 2963 2979 3033 jam
3019 2979 3126 3018 non
3170 2961 3186 3000 ι
3229 2967 3358 3018 satis
3395 2975 3475 3018 est

1909 3055 2075 3109 laicos
2112 3055 2364 3109 ordinare
2403 3070 2535 3124 quos
2562 3055 2742 3108 nullus
2775 3055 2890 3109 ﬁeri
2918 3055 3050 3108 ordo
3078 3057 3352 3123 permi.ttt,
3385 3059 3475 3108 scd

1908 3145 2070 3200 etiam
2091 3161 2318 3216 quorum
2339 3147 2563 3199 crimina
2597 3147 2750 3214 longe
2781 3146 2994 3215 lateque
3017 3161 3110 3215 per
3136 3161 3320 3201 omnes
3343 3162 3478 3214 penu

1905 3246 2032 3294 sunt
2057 3247 2180 3292 nota
2216 3239 2532 3306 provincias,
2564 3237 2903 3291 ordinantur.

1983 3329 2046 3383 V.
2081 3328 2266 3384 Daniel
2289 3339 2326 3364 ιη
2357 3344 2528 3396 nuper
2554 3329 2715 3382 missa
2742 3328 3000 3382 relatione
3029 3343 3095 3381 ex
3121 3328 3480 3382 Orientalibus

1909 3422 1976 3476 ad
2019 3436 2120 3475 nos
2168 3421 2427 3490 partibus,
2468 3420 2536 3473 ab
2573 3420 2719 3474 omni
2755 3422 2896 3489 quod
2936 3428 3182 3476 tenuerat
3216 3423 3476 3489 virginum

1907 3514 2266 3577 monasterio,
2324 3510 2543 3566 nefariis
2597 3519 2682 3564 est
2733 3511 3122 3591 olijectionibus
3176 3523 3474 3568 accusatus.

1907 3614 1934 3641 ιι
1959 3604 2117 3657 Multa
2139 3603 2206 3658 de
2229 3603 2409 3658 multis
2438 3602 2640 3669 objecta
2666 3601 2880 3670 ﬂagitia.
2913 3609 2937 3636 ο
2963 3602 3017 3654 In
3036 3616 3261 3670 quanam
3291 3603 3474 3658 lateret

1908 3708 2174 3754 terrarum
2205 3706 2354 3766 parte
2389 3695 2666 3766 qua‘situs,
2701 3703 2755 3749 ut
2795 3697 2836 3747 si
2868 3708 2977 3749 sure
3005 3695 3324 3749 innocentiae
3352 3710 3475 3750 con-

1908 3791 2120 3854 fideret,
2146 3798 2332 3844 contra
2355 3787 2688 3856 sejudicium
2719 3786 3040 3854 postulatum
3068 3786 3285 3842 minime
3311 3787 3474 3841 decli-

1908 3892 2082 3937 naret.
2110 3890 2137 3930 ι»
2163 3880 2320 3935 Missa
2349 3878 2416 3932 ad
2438 3878 2804 3932 Arelatensem
2834 3877 3138 3946 episcopum
3169 3893 3262 3946 per
3291 3879 3476 3934 Fortu-

1905 4063 2032 4130 Alii,
2062 4071 2110 4117 rt
2131 4064 2464 4135 ἀείρεται...
2492 4079 2596 4116 non
2632 4063 2871 4118 credidit.
2903 4060 3152 4116 Nostrum
3173 4059 3329 4115 Vind.
3355 4061 3476 4115 cod.

1904 4148 2027 4188 cum
2056 4135 2239 4188 Coust.
2270 4137 2624 4202 pratulimus.

1975 4202 2005 4240 ιι
2035 4203 2156 4257 Vat.
2185 4201 2342 4267 1542,
2368 4220 2490 4258 cum
2521 4204 2656 4258 Just.
2687 4213 2741 4258 et
2761 4204 2973 4264 Const.,
3001 4201 3104 4254 illi.

1983 4273 2000 4310 ί
2045 4273 2270 4340 Quesn.,
2294 4275 2478 4342 fratres
2507 4284 2553 4328 et
2581 4277 2920 4343 coepiscOpos.
2953 4270 3289 4343 Prtctulituus
3317 4272 3476 4327 codd.

1907 4344 2028 4398 Vat.
2063 4345 2206 4400 15ιὲ
2235 4355 2289 4398 et
2326 4345 2503 4408 Viud.,
2536 4342 2745 4399 ueteris
2771 4342 2927 4397 editis
2959 4342 3389 4409 suifragantibus,
3427 4344 3477 4396 iu

1907 4415 2096 4482 quibus
2120 4414 2290 4469 solum
2324 4429 2420 4481 pro
2460 4416 2778 4485 coepiscOpos
2812 4416 3001 4484 legitur
3039 4413 3321 4482 episwpos.
3349 4412 3478 4468 Dein

316 4489 338 4517 ο
359 4481 576 4556 Quesn.,
603 4496 724 4533 cum
756 4480 984 4548 antiquis
1010 4487 1147 4556 iulg.
1186 4485 1378 4556 insi-rit
1420 4485 1583 4556 enim,
1628 4483 1803 4538 minus
1831 4479 1884 4540 D
1909 4479 2134 4556 Qucsn.,
2158 4485 2271 4556 ejus
2300 4479 2652 4556 usurpatione.

245 4562 398 4621 recte.
427 4550 728 4604 Delevuuus
753 4564 870 4603 cum
903 4566 1032 4621 mss.
1063 4551 1246 4612 Vind.,
1280 4552 1396 4605 Vat.
1443 4553 1572 4621 lleg.
1603 4563 1658 4607 et
1684 4557 1804 4610 aliis

245 4618 414 4693 Const.
442 4621 574 4674 Dein
611 4621 728 4693 Vat.
757 4635 880 4682 ms.,
913 4620 1009 4693 hoc
1033 4623 1126 4674 sibi
1153 4624 1360 4693 cupiunt
1391 4618 1632 4693 remedio.

318 4692 331 4726 ί
372 4691 732 4762 ltaﬂcutnaltis
756 4689 978 4762 vulgatis
1009 4689 1225 4746 codices
1253 4693 1406 4746 Vind.
1436 4703 1488 4746 et
1517 4692 1636 4748 Vat.
1670 4693 1800 4762 Reg.

247 4756 299 4811 In
321 4775 414 4812 ms.
439 4759 558 4814 Vat.
592 4759 746 4824 1542,
775 4761 863 4812 sed
894 4771 1095 4814 tantum
1126 4770 1178 4814 ut
1208 4771 1545 4816 convertatur.
1575 4756 1800 4831 Quesm,

245 4831 326 4881 sed
353 4841 403 4882 ιιι
430 4832 592 4899 magis
619 4841 952 4883 convertatur.
1514 4892 1521 4898 _

312 4907 335 4945 ε
355 4899 460 4953 Vox
485 4909 739 4970 speratam
769 4902 1018 4970 secundis
1039 4901 1182 4956 curis
1205 4901 1414 4956 deletur
1436 4902 1487 4955 in
1513 4918 1614 4959 ms.
1638 4902 1798 4958 Vind.

248 4967 392 5023 Deest
418 4972 466 5022 in
489 4967 610 5025 cod.
649 4969 798 5041 Dior_i_.
829 4969 1037 5024 JuSIetli
1061 4973 1191 5025 etin
1222 4973 1341 5025 aliis
1364 4972 1630 5037 .Hadrian.
1675 4975 1802 5041 Qui-

245 5041 356 5090 dam
397 5041 548 5093 codd.
592 5055 712 5111 cum
754 5038 874 5094 Vat.
907 5041 1074 5100 15η,
1110 5043 1285 5094 mortis
1313 5055 1556 5108 praeterea
1582 5038 1803 5111 tempore

243 5123 500 5174 speratum.
532 5110 695 5163 Corb.
717 5121 768 5162 et
805 5127 938 5163 unus
967 5111 1142 5174 Colb.,
1175 5115 1351 5164 mortis
1377 5121 1640 5180 pratereat
1671 5110 1801 5167 tem-

246 5194 354 5251 pore
375 5182 716 5248 pmnitemiam
737 5180 1012 5248 denegare.
1037 5183 1219 5236 Const.
1250 5198 1368 5234 cunt
1392 5183 1511 5236 aliis
1533 5187 1804 5251 exempla-

243 5248 398 5326 ribus,
434 5251 613 5326 mortis
653 5251 896 5326 prateriti
939 5259 1164 5318 tempore
1195 5254 1538 5326 panitentiam
1585 5248 1805 5326 denega-g

243 5322 300 5390 rit
320 5334 338 5381 ;
361 5322 694 5388 csplicatque
723 5322 895 5372 mortis
924 5330 1143 5386 tempore
1184 5325 1521 5387 paenitentiam
1561 5322 1802 5390 prwteriti

239 5388 513 5462 denegari“
546 5391 990 5462 quemadmodum
1033 5393 1170 5444 idem
1203 5395 1298 5446 Cm
1323 5388 1606 5462 estinusin
1638 5397 1796 5462 epist.

237 5454 304 5530 2‘2
328 5454 389 5511 ad
417 5454 679 5528 synodum
705 5459 1044 5530 ElllleSlll-lln,
1076 5477 1129 5514 ιι.
1155 5463 1205 5523 5,
1243 5466 1397 5514 habet
1436 5479 1450 5515 :
1490 5461 1644 5515 Nunc
1673 5454 1802 5530 'quia

237 5528 297 5579 de
314 5529 936 5600 preteritircmendalione
973 5533 1265 5600 gaudemus.
1301 5533 1422 5585 Mox
1447 5533 1650 5600 Quesn.
1679 5528 1800 5587 cum

239 5597 462 5663 antiquis
488 5599 631 5664 vulg.
677 5606 731 5654 et
775 5597 988 5665 Couc.,V
1012 5609 1058 5653 et
1102 5603 1444 5666 dcsperat.....
1474 5597 1589 5656 non
1620 5604 1800 5656 credit.

1983 4555 1996 4604 ι
2052 4555 2164 4607 Vat.
2191 4554 2434 4622 Regium,
2454 4556 2677 4608 initium.

1980 4623 2007 4660 ιι
2053 4624 2220 4678 Voces
2248 4625 2380 4677 inter
2409 4627 2526 4686 ista,
2558 4641 2585 4676 a
2616 4627 2816 4690 Quesn.
2849 4625 3097 4686 omissas,
3139 4637 3201 4677 ex
3235 4623 3482 4679 omnibus

1908 4697 2104 4748 nostris
2143 4695 2302 4749 codd.
2347 4707 2400 4750 et
2442 4696 2600 4750 editis
2639 4697 2985 4750 rcstiluiuius.
3035 4694 3151 4748 Mox
3189 4695 3357 4764 vulg.,
3390 4697 3480 4748 tri-

1910 4766 2101 4819 buitur.

1986 4832 2004 4872 ι
2048 4836 2127 4889 Ex
2172 4834 2371 4890 nostris
2411 4833 2569 4889 codd.
2603 4845 2655 4890 et
2682 4835 2910 4906 vulgatis
2941 4834 3232 4904 adjecitnus
3253 4835 3399 4902 satis,
3431 4845 3482 4890 et

1909 4903 2032 4960 dein
2066 4921 2211 4972 pene.

1978 4985 2017 5012 ω
2060 4975 2211 5044 Vulg.
2238 4975 2400 5029 Cone.
2431 4975 2631 5030 addunt
2659 4976 2813 5030 enim.

1978 5054 2005 5081 η
2047 5041 2209 5098 Ιίάεῖιι
2232 5045 2374 5114 vulg.
2394 5043 2584 5111 Couc.,
2607 5044 2819 5098 Multaa
2837 5045 3034 5099 multis.
3065 5045 3192 5098 Mss.
3208 5041 3329 5096 Vat.
3350 5041 3479 5110 Reg.

1907 5122 1960 5168 et
1981 5114 2114 5167 alius
2146 5114 2286 5178 Vah,
2321 5117 2623 5178 multaquea
2650 5116 2844 5168 multis.

1981 5193 2005 5218 ο
2047 5177 2281 5248 Quesu.,
2307 5183 2370 5237 In
2396 5177 2612 5252 quarum
2634 5183 2903 5236 Iateret....
2933 5183 3217 5252 quwsitum.
3250 5177 3482 5252 Uterque

1906 5253 2053 5320 νειμ,
2087 5253 2152 5305 In
2175 5269 2272 5317 qua
2299 5250 2415 5305 non
2437 5253 2708 5306 lateret...
2757 5255 2999 5323 quwsitus
3031 5262 3100 5303 est
3130 5269 3144 5301 :
3175 5250 3260 5301 tibi
3289 5250 3340 5300 in
3385 5265 3482 5323 qua

1909 5341 2010 5376 non
2041 5323 2295 5377 mendose
2317 5325 2573 5391 scriptum
2605 5323 2702 5376 fuit
2732 5321 2828 5384 pro
2858 5323 2922 5374 In
2952 5337 3190 5386 quanam.
3221 5329 3276 5373 ut
3305 5321 3484 5373 νωιυή

1907 5395 2122 5448 codices
2142 5393 2324 5446 excusi
2349 5393 2653 5461 pra-ferunt.
2685 5392 2844 5446 Vind.
2869 5392 3026 5446 habet
3045 5393 3098 5444 in
3117 5407 3352 5458 quorum,
3368 5404 3485 5443 cor-

1911 5475 2088 5528 rupte,
2115 5465 2207 5517 sed
2239 5464 2504 5530 qua’situs,
2540 5463 2820 5517 subandito
2847 5463 3009 5518 verbo
3039 5473 3130 5516 est.

1980 5543 2008 5582 P
2046 5535 2118 5587 ita
2151 5533 2309 5602 codd.
2344 5533 2503 5589 Vind.
2550 5543 2605 5588 et
2633 5534 2785 5587 tlolb.
2825 5551 2945 5588 cum
2985 5535 3126 5602 vulg.
3155 5537 3317 5585 Lonc.
3347 5533 3488 5598 Que-

1908 5603 2134 5671 sneilus,
2161 5601 2335 5659 Missa:
2354 5615 2560 5661 sunt....
2587 5603 2832 5675 rpistolt‘e.
2865 5605 3018 5662 Dion.
3041 5601 3203 5673 Just.,
3229 5603 3488 5658 Misswad
