3888 6182
213 274 294 332 58f
645 270 876 329 CODEX
913 270 1242 329 CANONUM
1283 271 1565 329 EC-CLES.
1608 272 1695 329 ΕΤ
1733 271 2304 331 CONSTl'fUTORUM
2342 274 2402 333 S.
2447 274 2644 333 SEDIS
2682 277 3011 334 APOSTOL.

3286 260 3482 339 ‘58:).

211 394 300 448 Ital.
322 393 484 461 Ang.,
520 390 702 445 Felice
727 398 782 446 et
809 388 988 443 Tauro
1023 388 1339 446 clarissimis
1374 389 1503 445 viris
1541 391 1778 445 consuli-
1805 392 1852 450 Λ
1880 388 2144 447 dicemus.
2179 392 2281 448 Per
2320 402 2460 449 totas
2482 409 2613 463 ergo
2636 395 2761 463 hoc,
2795 411 2915 467 quae
2942 396 3173 466 propriis
3192 400 3486 456 rectoribus

216 487 322 541 bis.

552 573 715 644 276
751 571 1143 628 CAPITULUM
1184 572 1427 628 XXXVI.

211 708 230 731 ει
266 684 510 754 Epistola
559 683 817 739 Calatini
864 700 1015 757 papa:
1052 683 1127 757 ad
1172 685 1438 754 episcopos
1484 684 1688 757 Apulia
1732 694 1783 738 et

854 754 1125 809 Calabriae.

199 847 551 902 CGLESTINUS
577 845 840 900 universis
866 845 1132 913 episcopis
1160 861 1255 915 per
1280 846 1527 916 Apuliam
1550 858 1603 903 et
1631 846 1784 903 Cala-

732 918 780 970 b:
796 917 900 970 iam
932 916 1257 972 Constitutis.

260 1032 401 1087 Nulli
431 1031 773 1085 sacerdotum
802 1043 930 1084 suos
968 1027 997 1067 δ
1040 1029 1199 1085 liceat
1239 1044 1473 1086 canones
1513 1031 1780 1101 ignorare,

200 1140 290 1180 nec
320 1124 614 1195 quidquam
646 1122 825 1177 facere
854 1120 997 1192 quod
1026 1120 1239 1178 Patrum
1274 1123 1439 1191 possit
1468 1123 1664 1194 regulis
1689 1122 1786 1176 ob-

198 1220 363 1275 viare.
396 1220 528 1286 Qua:
559 1218 701 1271 enim
724 1232 757 1270 a
786 1216 940 1270 nobis
968 1230 1055 1269 res
1083 1216 1242 1286 digne
1269 1215 1591 1293 servabitur,
1623 1217 1666 1269 si
1693 1216 1785 1269 de-

196 1311 471 1366 cretalium
500 1324 689 1363 norma
713 1306 1131 1362 constitutorum
1164 1324 1258 1376 pro
1279 1308 1581 1377 aliquorum
1609 1308 1780 1373 libito,

199 1403 414 1460 licentia
449 1400 663 1471 popuiis
696 1400 979 1469 permissa,
1013 1398 1329 1469 frangatur?

259 1496 582 1550 Audivinms
613 1492 873 1561 quasdam
908 1492 1135 1561 trepriis
1177 1492 1463 1548 destitutas
1486 1493 1786 1548 rectoribus

197 1587 442 1640 civitates
482 1588 766 1653 cplscopos
793 1582 895 1637 sibi
927 1592 1111 1653 petere
1148 1593 1170 1621 ο
1205 1583 1342 1638 velle
1367 1583 1435 1639 de
1467 1584 1636 1651 laicis,
1671 1595 1787 1639 tan-

197 1687 413 1743 tumque
464 1674 730 1745 fastigium
775 1660 882 1726 (om
929 1673 1033 1727 vile
1072 1672 1319 1741 credere,
1365 1683 1423 1727 ut
1455 1674 1556 1727 hoc
1584 1674 1666 1728 his
1697 1675 1784 1741 qui

1889 491 2077 535 carent
2098 482 2367 538 Ecclesias
2396 484 2650 539 volumus
2680 486 2982 542 innotescat
3008 484 3065 554 ¹³;
3095 496 3151 542 ut
3181 488 3361 543 nullus
3381 490 3484 547 sibi

1890 588 1987 641 spe
2011 573 2191 645 aliqua
2232 575 2453 631 forsitan
2488 577 2761 632 blanditus
2790 580 3000 635 illudat.
3047 580 3179 634 Data
3215 578 3227 617 ί
3262 597 3333 635 ιιι
3369 579 3482 639 Ital.

1889 668 2027 737 Aug.
2062 668 2340 725 Florentio
2375 678 2430 725 et
2461 669 2717 741 Dionysio
2760 671 2887 725 viris
2934 672 3247 727 clarissimis
3288 688 3488 730 consu-

1887 758 2047 815 libus.

2324 852 2724 910 CAPITULUM
2770 852 3033 907 XXXVII.

1888 938 1904 989 l
1948 936 2217 1008 Expositio
2246 940 2371 1009 ﬁdei
2397 942 2665 996 catholica:
2688 950 2842 1011 atque
2859 944 3157 1013 apostolica
3182 955 3360 1000 contra
3381 947 3476 1003 Ita-

2455 1014 2607 1066 resim
2633 1014 2905 1066 Aristium.

1968 1121 2079 1177 Nos
2109 1123 2346 1189 Patrem,
2375 1135 2429 1180 et
2458 1125 2674 1193 Filium,
2704 1136 2760 1182 et
2789 1128 3047 1197 Spiritum
3078 1142 3323 1188 sanctum
3351 1148 3479 1188 con-

1890 1212 2126 1280 fitemur,
2160 1218 2229 1269 ita
2264 1216 2316 1270 in
2347 1216 2608 1273 Trinitate
2638 1218 2895 1289 perfecta,
2931 1231 2987 1275 ut
3015 1234 3068 1276 et
3097 1225 3375 1292 plenitudo
3408 1227 3481 1281 sit

1892 1304 2217 1374 Divinitatis,
2247 1314 2302 1361 et
2323 1308 2499 1363 unitas
2526 1310 2826 1377 potestatis.
2854 1312 2988 1365 Nam
3023 1324 3130 1368 tres
3163 1316 3303 1371 Deos
3330 1319 3462 1374 dicit

1887 1397 1976 1465 qui
2011 1397 2351 1453 Divinitatem
2376 1411 2591 1468 separat
2613 1401 2904 1457 Trinitatis.
2942 1404 3101 1459 Pater
3129 1407 3289 1473 Deus,
3322 1409 3485 1465 Filius

1889 1488 2061 1554 Deus,
2095 1488 2329 1558 Spiritus
2354 1504 2575 1547 sanctus
2616 1493 2757 1547 Deus
2780 1535 2795 1559 ,
2828 1504 2884 1548 et
2919 1504 3030 1549 tres
3070 1511 3235 1550 unum
3269 1509 3391 1552 sunt
3432 1502 3482 1554 in

1893 1576 2112 1634 Christo
2146 1580 2295 1636 Jesu.
2338 1581 2469 1635 Tres
2499 1583 2679 1649 itaque
2702 1581 2727 1619 ¹ι
2757 1598 3019 1653 personae,
3055 1587 3148 1639 sed
3190 1603 3289 1640 una
3336 1600 3485 1655 pote-

1890 1679 2023 1726 stas.
2059 1673 2196 1742 Ergo
2234 1673 2520 1728 diversitas
2546 1674 2727 1743 plures
2769 1674 2930 1742 facit;
2962 1678 3305 1735 uuitahero
3333 1693 3485 1751 pote-

196 1784 295 1823 non
352 1766 484 1832 Deo,
537 1767 628 1821 sed
683 1765 882 1819 saeculo
931 1765 1316 1829 militaverint,
1370 1767 1637 1820 aestiment
1686 1782 1784 1821 nos
1819 1762 1862 1820 Β
1890 1763 2044 1817 statis
2075 1764 2316 1818 excludit
2351 1767 2559 1819 numeri
2597 1768 2954 1835 quantitatem
2989 1786 3002 1822 :
3036 1771 3156 1839 quia
3193 1774 3367 1826 unitas
3391 1788 3486 1828 nu-

196 1872 356 1928 rosse
382 1855 664 1920 conferre;
710 1869 816 1908 non
856 1856 1029 1908 solum
1061 1855 1197 1909 male
1228 1856 1293 1909 de
1320 1855 1431 1910 suis
1461 1856 1698 1921 clericis,
1735 1858 1785 1911 in

196 1964 430 2018 quorum
461 1956 829 2015 contemptum
861 1945 963 2000 hoc
988 1946 1210 2013 faciunt,
1238 1946 1564 2016 judicantes,
1596 1949 1690 2003 sed
1719 1949 1787 2004 de

196 2038 351 2093 nobis
383 2039 636 2107 pessime,
672 2051 806 2106 quos
837 2036 1063 2091 credunt
1098 2036 1201 2092 hoc
1231 2054 1386 2107 posse
1422 2040 1617 2106 facere,
1662 2056 1786 2096 sen-

199 2130 414 2184 tientes.
447 2128 600 2195 Quod
624 2144 893 2198 nunquam
923 2127 1204 2198 auderent,
1229 2128 1275 2185 si
1299 2145 1408 2185 non
1433 2133 1787 2200 quorumdam

197 2223 296 2278 illic
334 2222 415 2279 his
441 2222 789 2278 Consentiens
821 2218 848 2257 ἀ
881 2222 1144 2277 sententia
1182 2225 1523 2280 conniveret.
1553 2226 1625 2279 lln
1656 2227 1789 2280 nihil

194 2331 311 2386 qua:
340 2315 669 2385 frequentius
690 2325 816 2369 sunt
837 2314 1056 2370 decreta
1078 2315 1386 2386 proficiunt,
1418 2325 1476 2370 ut
1498 2318 1618 2382 hac,
1635 2318 1791 2388 quasi

196 2424 470 2477 nunquam
502 2408 569 2463 de
597 2408 695 2462 hac
724 2417 877 2477 parte
899 2424 943 2463 si
963 2409 1160 2477 riptum
1190 2408 1374 2476 fuerit,
1404 2410 1697 2480 ignoretur.

254 2501 404 2569 Quid
436 2501 675 2569 proderit
712 2516 808 2570 per
834 2500 1042 2570 singula
1082 2501 1314 2557 clericos
1343 2502 1606 2571 stipendia
1649 2505 1791 2561 mili.

198 2601 360 2657 tasse,
391 2600 447 2645 ct
476 2606 693 2646 omnem
723 2592 897 2659 egisse
928 2591 979 2644 in
1015 2590 1308 2647 Dominicis
1335 2593 1527 2647 castris
1553 2602 1787 2664 aetatem,

197 2684 233 2737 si
266 2684 365 2754 qui
403 2682 488 2737 his
528 2681 807 2757 praefuturi
846 2691 971 2735 sunt
1006 2676 1254 2737 exlaicis
1285 2684 1673 2753 requiruntur?
1704 2688 1790 2755 qui

197 2783 450 2830 vacantes
487 2774 710 2839 seculo,
756 2782 811 2828 et
836 2787 1053 2827 omnem
1088 2774 1514 2828 ecclesiasticum
1545 2776 1791 2830 ordinem

197 2866 530 2930 nescientes,
570 2864 710 2919 saltu
757 2878 1105 2934 prtepropero
1156 2864 1211 2917 in
1257 2864 1493 2918 alienum
1531 2866 1792 2922 honorem

198 2958 440 3013 ambiunt
478 2956 833 3012 immoderata
873 2956 1169 3025 cupidizate
1211 2958 1612 3024 transcendere,
1655 2969 1709 3013 et
1738 2958 1794 3012 in

200 3049 334 3106 aliud
368 3050 498 3105 vitae
525 3063 715 3119 genus,
748 3048 949 3103 calcata
985 3050 1289 3103 reverentia
1314 3051 1691 3104 ecclesiasticae
1714 3052 1796 3105 di-

1894 1868 2074 1908 snerus
2098 1870 2202 1908 non
2234 1862 2336 1909 est.
2368 1852 2385 1891 1
2415 1856 2596 1925 Itaque
2622 1873 2760 1912 unus
2786 1857 2952 1925 Deus,
2978 1876 3081 1913 una
3118 1861 3297 1927 Fides,
3325 1881 3486 1921 unum

1892 1945 2184 2017 Baptisms.
2212 1948 2268 2004 Si
2300 1950 2421 2019 quis
2445 1966 2573 2004 vero
2605 1950 2742 2006 hanc
2772 1952 2929 2007 Iidem
2956 1968 3063 2007 non
3096 1955 3279 2021 habet,
3307 1960 3486 2013 ca¢h0~

1895 2038 2028 2092 licus
2058 2055 2164 2093 non
2190 2048 2370 2109 potest
2392 2040 2518 2105 dici,
2545 2050 2583 2077 υ
2606 2042 2732 2110 quia
2763 2042 3080 2098 catholicam
3114 2060 3220 2099 non
3250 2056 3395 2102 tenet
3427 2050 3487 2103 Ii-

1895 2126 2050 2191 dem;
2089 2130 2298 2185 alienus
2334 2142 2437 2197 est,
2488 2132 2741 2200 profanus
2770 2144 2884 2200 est,
2917 2147 2968 2187 et
2998 2135 3255 2190 adversus
3294 2138 3488 2194 verita-

1893 2229 2001 2276 tem
2033 2222 2274 2277 rebellis.

2226 2316 2389 2387 278
2424 2316 2817 2373 CAI’ITCLUSI
2857 2316 3147 2375 XXXVI".

1895 2414 1923 2442 ³
1957 2404 2198 2461 Faustini
2229 2408 2505 2478 presbyteri
2528 2408 2657 2476 ﬁdes
2680 2411 2837 2462 missa
2861 2410 3145 2464 Theodosio
3172 2412 3487 2479 imperatori.

1966 2497 2287 2554 Sufficiebat
2311 2499 2446 2553 fides
2471 2501 2774 2569 conscripta
2804 2501 2944 2569 apud
2974 2501 3204 2555 Nicaeam
3233 2503 3494 2558 adversus

1897 2588 2148 2644 haeresim
2192 2589 2468 2644 Arianam.
2504 2590 2608 2644 Sed
2647 2592 2770 2659 quia
2803 2606 2972 2660 pravo
3016 2591 3233 2661 ingenio
3276 2594 3489 2665 quidam

1892 2682 1994 2735 sub
2024 2682 2168 2736 illius
2201 2682 2324 2736 fidei
2346 2681 2687 2737 confessione
2711 2683 2867 2753 impia
2903 2683 3065 2738 verba
3093 2693 3117 2720 ο
3137 2695 3489 2754 commutant,

1893 2773 2049 2826 nobis
2072 2772 2331 2826 invidiam
2357 2770 2636 2837 facientes,
2669 2772 2809 2841 quod
2844 2773 2989 2827 velut
3023 2774 3271 2829 haeresim
3303 2775 3487 2830 Sabel-

1896 2863 1950 2918 Iii
1984 2871 2254 2929 tueamur;
2290 2864 2471 2932 paucis
2496 2874 2552 2920 et
2580 2872 2765 2919 contra
2817 2864 3109 2919 Sabellium
3144 2870 3329 2935 primae
3361 2868 3485 2922 ﬁdei

1895 2954 2234 3010 confessione
2262 2956 2563 3024 signatuus;
2599 2964 2653 3008 et
2680 2965 2870 3009 contra
2906 2956 3003 3010 hos
3030 2958 3119 3025 qui
3146 2957 3249 3011 sub
3279 2958 3489 3011 nomine

1898 3044 2179 3101 catholica:
2207 3045 2332 3101 fidei
2364 3046 2525 3115 impia
2556 3047 2719 3101 verba
2751 3046 3081 3113 defendunt,
3115 3048 3357 3105 dicentes
3388 3061 3492 3104 tres

198 3144 459 3214 sciplinaa,
487 3142 741 3197 transire.
773 3141 997 3196 Talibus
1019 3142 1218 3210 itaque,
1247 3142 1439 3196 fratres
1462 3143 1788 3210 cliarissimi,
1820 3130 1865 3191 C
1899 3153 2022 3192 esse
2050 3138 2399 3204 substantias,
2441 3154 2561 3194 cum
2604 3153 2818 3207 semper
2853 3138 3121 3194 catholica
3146 3140 3291 3213 ﬁdes
3332 3158 3489 3197 unam

203 3243 222 3272 °
241 3237 329 3306 qui
353 3235 497 3305 juris
519 3234 709 3303 nostri,
738 3234 787 3288 id
813 3246 914 3301 est,
940 3250 1207 3290 canonum
1230 3237 1590 3305 gubernacula
1610 3250 1792 3293 custo-

199 3329 397 3393 dimus,
438 3343 667 3384 necesse
705 3336 789 3384 est
827 3328 1125 3393 obviemus,
1175 3328 1365 3397 hisque
1399 3328 1788 3385 fraternitatem

199 3429 437 3475 vestram
476 3418 722 3488 epistolis
759 3432 1190 3484 commonemus,
1234 3433 1304 3472 ne
1338 3420 1459 3486 quis
1499 3419 1691 3474 Iaicnm
1724 3420 1790 3476 ad

199 3511 446 3565 ordinem
493 3507 515 3547 ί
557 3509 844 3565 clericatus
881 3509 1148 3571 admittat.
1185 3510 1344 3583 277
1385 3523 1437 3565 et
1476 3512 1615 3565 sinat
1647 3514 1786 3579 fieri,

201 3602 335 3659 unde
362 3611 423 3658 et
444 3600 592 3655 illum
623 3600 874 3670 decipiat,
911 3611 964 3655 et
997 3602 1099 3656 sibi
1127 3615 1320 3657 causas
1346 3615 1567 3674 generet
1598 3607 1791 3676 quibus

202 3708 319 3749 reus
348 3692 665 3748 constitutis
685 3690 1050 3747 decretalibus
1079 3691 1191 3745 tiat.

270 3784 559 3838 Ducendus
588 3792 671 3837 est
697 3783 943 3851 papulus,
987 3797 1092 3835 non
1123 3780 1461 3853 sequendus;
1492 3799 1717 3855 nosque,
1747 3786 1792 3841 si

200 3878 465 3942 nesciunt,
501 3888 596 3929 eos
617 3875 740 3943 quid
776 3874 948 3941 liceat,
984 3874 1181 3945 quidve
1209 3889 1315 3929 non
1346 3876 1526 3941 liceat,
1552 3892 1794 3931 comtuo~

200 3984 345 4031 nere,
373 3982 484 4022 non
508 3968 589 4022 his
608 3980 930 4021 consensum
957 3966 1201 4036 praebere
1229 3967 1510 4022 debemus.
1541 3968 1793 4037 Quisquis

205 4068 229 4106 ι
256 4075 393 4115 vero
419 4068 649 4113 conatus
680 4058 841 4112 fuerit
866 4066 1074 4113 tentare
1113 4052 1401 4127 prohibita,
1435 4061 1633 4114 sentiet
1667 4075 1796 4115 ceu-

200 4166 381 4207 suram
438 4151 587 4206 sedis
642 4150 952 4220 apostolica:
1000 4149 1227 4205 minime
1284 4148 1607 4207 defuturam.
1668 4152 1799 4218 Qure

200 4249 341 4303 enim
372 4246 490 4301 sola
517 4243 899 4300 admonitionis
931 4242 1259 4299 auctoritate
1286 4258 1394 4298 non
1435 4244 1757 4316 corrigimus
1778 4285 1794 4311 ,

202 4354 425 4395 necesse
445 4346 529 4394 est
549 4351 643 4408 per
673 4334 1016 4392 severitatem
1044 4342 1427 4404 ceiigruentem
1456 4336 1655 4405 regulis
1684 4336 1804 4391 vin-

267 4482 295 4511 ι
337 4471 615 4528 Invenitur
653 4470 705 4523 in
758 4468 947 4522 iisdem
990 4466 1148 4524 codd.
1196 4475 1253 4523 et
1288 4468 1698 4523 collectionibus
1740 4469 1792 4523 in

1901 3233 2255 3286 substantiam
2286 3231 2482 3297 Patris,
2513 3245 2569 3286 et
2599 3230 2742 3297 Filii,
2769 3242 2824 3286 et
2853 3230 3090 3301 Spiritus
3120 3237 3316 3299 sancti,
3360 3250 3490 3290 con-

1902 3322 2045 3378 fessa
2073 3325 2165 3378 sit.

1972 3414 2080 3469 Nos
2106 3415 2320 3469 Patrem
2367 3413 2658 3479 credimus,
2692 3413 2781 3484 qui
2811 3429 2917 3469 non
2951 3415 3019 3469 sit
3050 3414 3240 3483 Filius,
3276 3416 3372 3472 sed
3399 3416 3491 3474 ha-

1902 3508 2023 3561 beat
2052 3506 2243 3561 Filium
2278 3508 2347 3561 de
2386 3522 2444 3560 se
2473 3508 2591 3561 sine
2621 3506 2772 3559 initio
2801 3507 3080 3575 genitum,
3114 3522 3220 3562 non
3260 3507 3496 3578 factum;

1901 3608 1954 3653 ct
2000 3598 2190 3652 Filium
2223 3597 2522 3663 credimus,
2557 3596 2648 3664 qui
2678 3611 2785 3650 non
2829 3598 2897 3649 sit
2930 3596 3127 3663 Pater,
3171 3600 3263 3651 sed
3304 3598 3497 3656 habeat

1902 3691 2135 3755 Patrem,
2174 3690 2240 3744 de
2269 3704 2376 3758 quo
2403 3688 2471 3743 sit
2497 3687 2729 3758 genitus,
2758 3703 2867 3742 non
2903 3688 3106 3753 factus;
3151 3701 3203 3744 et
3233 3690 3491 3760 Spiritum

1900 3792 2141 3836 sanctum
2164 3780 2456 3848 credimus,
2480 3780 2569 3849 qui
2595 3781 2667 3835 sit
2697 3794 2822 3834 vere
2847 3780 3080 3848 Spiritus
3112 3781 3228 3836 Dei.
3262 3782 3412 3838 Unde
3442 3794 3498 3839 et

1900 3875 2094 3930 divina:
2117 3875 2391 3929 Trinitatis
2421 3887 2580 3928 unam
2602 3874 2958 3929 substantiam
2988 3876 3310 3930 confitemur
3335 3893 3350 3931 :
3373 3854 3513 3948 quia

1902 3966 2077 4038 qualis
2102 3976 2186 4022 est
2208 3966 2368 4021 Pater
2397 3965 2694 4020 secundum
2718 3965 3093 4032 substantiam,
3119 3968 3281 4023 talem
3313 3970 3499 4039 genuit

1902 4070 1957 4114 et
1984 4058 2213 4124 Filium;
2245 4068 2299 4112 et
2327 4057 2557 4127 Spiritus
2576 4065 2794 4113 sanctus
2818 4073 2925 4113 non
2959 4068 3208 4113 creatura
3232 4061 3494 4130 existens,

1901 4151 1997 4207 sed
2029 4151 2262 4221 Spiritus
2290 4150 2419 4216 Dei;
2449 4165 2555 4204 non
2586 4150 2902 4207 estalienus
2925 4166 2955 4205 a
2995 4152 3291 4207 substantia
3323 4153 3499 4208 Patris

1904 4255 1957 4299 et
1976 4243 2117 4305 Filii.
2142 4244 2239 4300 sed
2260 4254 2342 4298 est
2366 4244 2605 4309 ejusdem
2633 4253 2687 4298 et
2711 4248 2823 4313 ipse
2848 4245 3161 4299 substantize
3190 4261 3310 4299 cum
3342 4246 3502 4302 Putre

1906 4345 1962 4393 et
1987 4335 2149 4405 Filio,
2178 4337 2319 4391 sicut
2348 4335 2591 4405 ejusdem
2625 4335 2869 4390 Deitatis.
2906 4334 3038 4390 Nam
3064 4341 3152 4406 qui
3182 4352 3279 4393 nos
3311 4347 3500 4408 putant

1905 4470 1969 4524 de
2008 4470 2111 4538 [ide
2141 4469 2414 4522 catholica.
2446 4467 2620 4523 Voces
2659 4478 2809 4534 atque
2849 4472 3176 4539 apostolicw,
3216 4488 3245 4526 a
3293 4473 3495 4540 Quesn.

204 4544 254 4598 in
284 4545 484 4613 quibus
514 4540 827 4613 prgcedens
850 4555 863 4603 ;
887 4548 1236 4613 aeni-aeterm
1264 4541 1457 4610 aliquae
1484 4540 1599 4609 ejus
1630 4542 1795 4609 parti-
1826 4547 1873 4605 ο
1904 4542 2153 4613 omissas,
2179 4541 2479 4613 addidimus
2510 4542 2824 4613 auctoritate
2855 4540 3169 4613 nissViud.
3193 4558 3253 4596 ac
3282 4545 3500 4603 Tliuau.

202 4609 332 4670 Cuia:
357 4615 412 4667 in
436 4628 539 4667 ms.
573 4610 697 4667 Vat.
730 4609 899 4663 Palat.
930 4609 1055 4665 5η.

268 4683 297 4724 δ
335 4684 506 4750 Alias,
535 4684 691 4749 licet;
722 4689 777 4735 et
807 4689 927 4750 post
954 4695 1119 4750 pauca
1150 4682 1307 4751 digna
1341 4695 1436 4750 pro
1462 4681 1634 4751 digne,
1662 4681 1798 4737 forte

203 4756 418 4812 melius.
633 4798 644 4809 .

273 4836 299 4865 ε
339 4825 499 4879 Solus
522 4823 724 4891 Quem.
749 4821 951 4879 omittit
968 4822 1117 4876 velle.

269 4893 297 4934 ⁸
339 4898 543 4960 Usum,
572 4895 728 4947 turba
759 4895 1071 4948 rottniveret.

275 4976 300 5005 ο
342 4966 546 5032 Questa.
585 4966 733 5021 addit
772 4982 868 5019 nos
896 4980 915 5018 :
959 4965 1141 5018 delent
1178 4963 1345 5018 nostri
1373 4962 1533 5018 codd.
1583 4978 1714 5019 mss.
1753 4972 1808 5019 et

198 5037 358 5094 editi.

280 5106 302 5145 τ
343 5106 546 5162 Vocem
579 5107 850 5161 clericatus
877 5105 1196 5173 Quesnellus
1223 5104 1427 5160 outisit.

275 5186 307 5226 s
347 5178 483 5235 Cod.
510 5176 632 5231 Vat.
661 5179 833 5233 Palat.
853 5218 869 5242 ,
901 5183 964 5230 de
992 5187 1199 5231 cn'tero.

275 5245 305 5285 δ
348 5247 467 5303 Vat.
502 5248 641 5303 15ιὲ
668 5250 816 5303 addit
844 5249 1135 5301 comitium.

282 5317 301 5357 ί
353 5322 550 5375 Lucan.
602 5330 660 5374 et
699 5321 882 5381 Coum,
921 5334 1011 5372 sui
1055 5317 1159 5371 Ital.
1203 5316 1258 5371 In
1301 5317 1410 5374 alio
1448 5318 1608 5374 Colb.
1657 5325 1711 5372 et
1753 5318 1804 5372 in

200 5388 410 5456 (‘.orh.,
454 5392 589 5444 Data
635 5391 737 5445 kat.
783 5392 903 5445 Mox
952 5388 1075 5442 Vat.
1129 5388 1386 5454 Regium,
1431 5402 1485 5444 et
1525 5391 1631 5445 duo
1672 5404 1803 5442 mss.

199 5462 416 5524 (Zoust..
449 5461 613 5517 Corb.
651 5472 706 5515 et
744 5463 925 5524 Coll»,
956 5457 1155 5513 Flaviis
1188 5457 1480 5526 Florentio,
1525 5472 1630 5516 etc.
1668 5460 1804 5513 l‘itli.

202 5532 371 5599 hujus
398 5533 755 5599 ooltectionis,
776 5529 901 5585 FF.
929 5530 1036 5584 LL.
1068 5528 1359 5597 Florentio,
1386 5547 1507 5601 qua:
1533 5533 1680 5602 sigla:
1707 5546 1805 5585 eo-

203 5604 336 5657 dem
370 5605 633 5659 recidunt.

288 5673 303 5723 i
361 5673 542 5729 Exstat
568 5676 621 5728 in
659 5676 759 5728 hac
793 5673 1114 5728 collectione
1143 5681 1197 5726 et
1227 5670 1281 5725 in
1314 5687 1443 5725 mss.
1474 5671 1808 5724 collectiouis

209 5743 420 5804 Lucan.
448 5759 501 5803 et
526 5745 706 5808 Colb.,
730 5745 779 5800 in
805 5746 996 5814 quibus
1024 5744 1110 5798 hic
1138 5743 1325 5801 titulus
1353 5743 1550 5811 legitur
1573 5758 1586 5795 :
1614 5739 1810 5812 Incipit

1907 4612 1982 4665 De
2029 4611 2128 4665 hoc
2170 4621 2222 4664 et
2266 4610 2435 4663 tribus
2484 4611 2832 4676 sequentibus
2878 4612 3070 4665 libi-llis
3116 4612 3233 4668 fidei
3278 4616 3497 4674 disserit

1905 4682 2225 4748 Qucsncltus
2258 4681 2473 4735 dlSSut‘l.
2514 4680 2615 4745 ii;
2650 4680 2887 4749 inquam
2917 4682 3036 4737 vide
3072 4696 3282 4738 nostras
3324 4703 3497 4744 auuo-

1907 4754 2162 4807 lationes.

1990 4821 2015 4859 ιι
2061 4823 2197 4896 Qud,
2225 4822 2425 4896 Lucan.
2460 4822 2599 4896 apud
2632 4819 2688 4896 Ρ,
2726 4823 2891 4877 Mansi
2924 4832 3055 4879 tom.
3089 4823 3504 4896 ISnpplementi

1912 4894 2149 4958 Coocil.,
2174 4895 2281 4948 col.
2309 4892 2436 4958 222,
2465 4894 2621 4947 habet
2654 4893 2852 4962 furnus.

1989 4962 2005 5001 ι
2052 4966 2191 5018 Idem
2232 4964 2352 5019 eod.
2385 4963 2613 5027 Lucem,
2647 4966 2737 5020 Sic
2760 4966 2949 5035 itaque.

1984 5044 2023 5071 ω
2068 5035 2165 5089 Ms.
2192 5035 2427 5099 Tltuan.,
2456 5038 2564 5105 qui.

1985 5115 2009 5139 "
2050 5105 2106 5159 In
2142 5124 2241 5158 ms.
2274 5105 2437 5158 Vind.
2469 5103 2585 5159 hmo
2626 5103 2908 5174 inscriptio
2937 5109 3166 5171 legitur:
3196 5108 3323 5160 Item
3356 5106 3499 5160 ("auo

1910 5178 2032 5229 stitti
2065 5178 2346 5244 presbyteri
2389 5177 2643 5242 confessio
2670 5193 2821 5246 itera:
2862 5178 2998 5244 ﬁdei,
3046 5194 3197 5245 quant
3245 5178 3501 5246 presbyter

1910 5247 2122 5317 scribit,
2168 5246 2264 5298 sibi
2303 5247 2451 5312 (lege
2493 5245 2725 5315 scripsit,
2771 5256 2817 5298 ct
2858 5247 3301 5317 si.li)mtt'attsntitti
3347 5245 3504 5317 jussit

1909 5316 2228 5369 Theodosius
2260 5316 2560 5381 imperator.
2594 5318 2773 5368 Codex
2821 5332 2947 5366 vero
2977 5316 3185 5369 Titum.
3214 5316 3505 5380 QiteSnellu

1918 5398 2051 5440 teste
2077 5386 2295 5439 dissert.
2340 5387 2400 5438 II
2422 5427 2437 5446 ,
2469 5402 2520 5436 ιι.
2559 5387 2611 5451 ϐ,
2646 5382 2776 5437 Item
2822 5380 3057 5437 Faustini
3085 5388 3362 5455 presbyteri
3385 5404 3505 5442 con.

1917 5458 2083 5530 fessio
2100 5472 2227 5530 verte
2257 5456 2399 5521 ﬁdei,
2426 5472 2578 5524 quant
2604 5458 2835 5530 prarfatis
2856 5455 3003 5530 scribi
3029 5464 3073 5530 et
3098 5461 3372 5509 transmitti
3389 5458 3505 5530 jus;

1914 5530 1979 5581 sit
2022 5527 2337 5581 Theodosius
2367 5536 2662 5593 imperatur.
2714 5526 2837 5579 lltcc
2868 5527 2997 5577 fides
3038 5527 3174 5580 inter
3212 5529 3341 5581 aiius
3384 5526 3505 5584 {tingi

1914 5602 2283 5653 Confessiones
2322 5598 2534 5649 inventu
2570 5595 2669 5647 fuit
2702 5613 2727 5647 ιι
2761 5597 3063 5648 ΜιιΙιιΙΙυιιὶιι
3099 5602 3145 5651 in
3179 5609 3385 5655 tetusto
3415 5619 3506 5655 eo-

1914 5671 2034 5724 dice
2068 5668 2343 5736 Augiensi,
2372 5667 2459 5719 ubi
2484 5668 2791 5721 inscribitur
2819 5666 2977 5721 Iircvc
3006 5667 3147 5737 ﬁdei.

1992 5749 2015 5776 °
2054 5739 2191 5797 Cod.
2222 5739 2457 5803 'I'ltuau.,
2485 5739 2716 5791 miscent.
