3888 6182
291 303 398 359 533

1218 292 1558 351 sorssors
1598 293 1686 348 an
1727 293 1786 348 s.
1829 289 2072 347 LEONIS
2111 289 2319 347 MAGNI
2360 266 2607 346 orienti:

3455 281 3564 337 58‘

294 430 416 474 ease
442 412 875 484 Apallinaristas,
904 411 1077 466 sciant
1096 410 1236 481 quod
1264 424 1369 463 non
1394 422 1571 463 minus
1604 410 1874 477 Apollma-
1903 417 1951 467 Α
1982 405 2074 461 sed
2119 404 2290 458 Patris
2320 413 2373 458 et
2401 402 2544 468 Filii,
2585 412 2796 469 semper
2836 413 2887 451 tn
2920 397 3098 459 Patre,
3137 402 3192 450 et
3217 393 3348 448 Filio
3373 391 3401 430 ι·
3425 410 3572 449 cote-

300 511 375 562 ris
397 504 645 559 hmresim
673 518 1024 558 exsecramur
1042 516 1201 571 quam
1221 500 1496 554 Arianam.
1516 500 1766 554 Miramur
1787 514 1878 553 au-

300 610 407 653 tem
429 596 548 652 illos
577 596 871 650 catholicos
900 592 1112 662 probari
1146 578 1326 661 posse,
1358 592 1449 660 qui
1481 592 1676 657 Patris,
1707 601 1763 646 et
1794 591 1882 646 Fi-

302 690 390 754 lii,
429 699 486 744 et
509 688 744 758 Spiritus
779 687 982 751 sancti,
1016 694 1127 738 tres
1167 684 1497 738 substantias
1536 685 1881 738 conﬁtentur.

303 778 405 834 Sed
432 787 484 833 et
511 778 555 831 si
585 777 767 830 dicunt
794 791 898 829 non
927 790 984 830 se
1010 774 1233 829 credere
1266 774 1459 827 Filium
1499 773 1615 832 Dei.
1647 783 1741 827 aut
1768 772 1888 843 Spi-

305 872 465 924 ritum
497 877 736 922 sanctum
776 876 1114 931 creaturam;
1151 874 1328 920 tamen
1368 873 1557 919 contra
1587 867 1804 935 impiam
1830 868 1890 919 li-

308 961 429 1015 dem
456 958 716 1025 sentiunt,
746 974 867 1012 eum
889 958 1072 1012 dicunt
1094 971 1206 1011 tres
1226 972 1345 1011 esse
1367 957 1701 1011 substantias
1724 974 1741 1010 :
1762 972 1891 1011 con-

309 1066 538 1121 sequens
566 1061 647 1106 est
670 1050 812 1105 enim
846 1062 903 1104 ut
932 1058 1041 1104 tres
1061 1049 1203 1103 Deus
1239 1050 1618 1112 confiteantur,
1651 1050 1741 1119 qui
1785 1060 1895 1104 tres

312 1142 632 1198 substantias
665 1143 1008 1198 conﬁtentur.
1039 1140 1210 1206 Quam
1236 1154 1424 1195 vocem
1456 1153 1672 1209 semper
1703 1141 1897 1195 catho-

315 1235 401 1290 lici
430 1234 695 1290 exsecrati
718 1241 867 1288 sunt.

675 1325 838 1394 279
861 1320 1259 1377 CAPITULUM
1298 1319 1544 1376 XXXIX.

803 1422 831 1451 ι
864 1413 1006 1467 Alter
1035 1411 1237 1467 libellus
1272 1413 1412 1483 ﬁdei.

358 1505 718 1579 .Credimusb
745 1521 908 1560 unum
943 1506 1142 1571 Deum,
1184 1505 1397 1559 Patrem
1440 1504 1903 1573 omnipotentem,

326 1607 349 1636 ¢
377 1608 433 1654 et
452 1614 616 1651 unum
644 1596 971 1666 unigenitum
1001 1595 1195 1649 Filium
1224 1596 1341 1662 ejus
1364 1594 1528 1649 Deum
1546 1602 1603 1649 et
1625 1593 1904 1648 Dominum

325 1690 969 1750 Salvatoremiostrum,
1011 1694 1068 1740 et
1109 1685 1363 1754 Spiritum
1407 1693 1651 1738 sanctum
1701 1685 1905 1737 Deum:

1984 507 2219 550 ternum.
2249 494 2584 549 Veneramur
2617 499 2794 544 tamen
2839 505 3001 541 unum
3043 487 3244 551 Deum;
3282 483 3299 522 ί
3347 486 3469 554 quia
3500 500 3570 541 ex

1987 603 2090 639 uno
2128 587 2280 652 Patre
2310 594 2475 638 tutum
2505 584 2643 651 quod
2674 579 2849 635 Patris
2888 588 2987 640 est,
3018 583 3031 628 1
3070 587 3231 632 natus
3257 586 3358 639 est,
3402 578 3571 632 Filius

1988 679 2151 745 Deus,
2183 685 2239 731 et
2268 677 2320 731 in
2351 676 2505 729 Patre
2532 682 2699 727 totum
2723 670 2866 742 quod
2897 672 3054 737 inest,
3087 678 3256 724 totum
3285 670 3463 739 genuit
3484 668 3574 724 Fi-

1994 770 2008 824 l
2037 785 2145 822 um.
2182 769 2335 821 Pater
2366 766 2556 821 Filium
2590 776 2852 833 generatis
2894 776 2999 814 non
3031 760 3242 825 minuit,
3273 774 3371 814 nec
3396 760 3575 813 amisit

1994 857 2338 929 plenitudinis
2361 869 2473 910 sua:
2493 854 2767 918 deitatem,
2795 859 2963 905 totum
2997 860 3173 904 autem
3203 846 3229 886 ι
3259 849 3398 918 quod
3437 849 3581 904 Deus

1996 952 2157 1007 Pater
2183 959 2298 1014 est,
2331 950 2382 1004 id
2413 964 2531 1004 esse
2558 949 2612 1003 et
2642 946 2833 1003 Filium
2857 947 2923 1000 ab
2952 962 3017 1000 eo
3046 956 3249 1015 natum,
3280 944 3588 1009 certissime

2000 1053 2268 1098 tenentes.
2304 1040 2321 1078 ι
2347 1042 2480 1095 Cum
2510 1039 2709 1108 Spiritu
2741 1048 2928 1093 sancto
2960 1053 3122 1091 unum
3150 1036 3316 1091 Deum
3348 1036 3588 1105 piissime

1998 1139 2314 1194 coalitemur
2353 1136 2536 1192 Jesum
2566 1134 2836 1189 Christum
2870 1134 3154 1187 Dominum
3194 1139 3459 1197 nostrum,
3490 1131 3589 1186 Dei

2003 1229 2217 1289 Filium.
2237 1242 2334 1296 per
2362 1242 2517 1296 quem
2539 1235 2580 1263 ω
2603 1226 2778 1280 omnia
2817 1224 2951 1278 facta
2979 1233 3103 1279 sunt
3129 1239 3248 1293 qum
3276 1225 3328 1278 iu
3354 1224 3507 1278 cwlis
3536 1232 3593 1277 et

2003 1333 2123 1387 quae
2149 1320 2200 1371 in
2234 1328 2399 1382 terra,
2420 1316 2648 1369 visibilia
2677 1324 2730 1369 et
2758 1313 3040 1369 invisibilia
3066 1330 3081 1367 :
3108 1323 3326 1383 propter
3352 1322 3591 1368 nostram

2007 1410 2235 1464 salutem
2261 1417 2290 1444 ιι
2323 1406 2602 1463 descendit
2629 1406 2697 1461 de
2724 1406 2886 1469 cmlo,
2931 1403 3021 1474 qui
3060 1420 3328 1473 nunquam
3369 1405 3595 1461 desierit

2009 1514 2131 1553 esse
2151 1499 2203 1552 in
2233 1497 2371 1552 caelo
2395 1514 2408 1563 ;
2443 1510 2599 1551 natus
2619 1497 2686 1552 de
2704 1496 2906 1565 Spiritu
2934 1506 3123 1550 sancto
3144 1510 3207 1549 ex
3238 1494 3458 1564 Virgine
3484 1497 3595 1551 Ma-

2010 1593 2110 1646 ria.
2141 1590 2377 1645 Verbum
2417 1603 2545 1643 caro
2586 1588 2817 1650 factum,
2861 1601 2966 1641 non
2996 1587 3176 1640 amisit
3206 1586 3346 1654 quod
3387 1587 3594 1650 fuerat,

2013 1685 2105 1738 so-d
2134 1685 2294 1754 cmpit
2322 1697 2443 1737 esse
2466 1680 2606 1751 quod
2639 1696 2743 1734 non
2766 1690 2901 1734 erat.
2931 1686 2957 1714 ο
2986 1679 3098 1734 Non
3121 1678 3476 1748 demutatum,
3500 1681 3599 1735 sed

329 1796 434 1835 non
472 1793 579 1835 tres
607 1779 736 1834 deos
775 1780 1008 1841 Patrem,
1038 1785 1093 1832 et
1124 1777 1339 1842 Filium,
1380 1786 1436 1831 et
1488 1776 1746 1845 Spiritum
1786 1789 1909 1830 san-
1948 1772 1994 1832 Β
2019 1782 2419 1844 permanentem
2449 1772 2610 1825 etiam
2642 1770 2910 1826 hominem
2944 1779 3148 1837 natum,
3184 1786 3291 1825 non
3314 1774 3557 1841 putative
3583 1814 3599 1838 ,

330 1883 495 1936 ctum,
513 1872 607 1925 sed
629 1884 794 1924 unum
818 1869 984 1923 Deum
1004 1882 1126 1923 esse
1145 1870 1487 1921 conﬁtemur.
1514 1866 1627 1921 Non
1650 1865 1730 1921 sic
1751 1881 1911 1920 unum

332 1963 525 2028 Deum,
553 1964 705 2031 quasi
726 1960 1058 2023 solitarium;
1093 1974 1191 2013 nec
1212 1957 1486 2024 eumdem,
1511 1956 1602 2024 qui
1626 1953 1654 1993 ά
1676 1962 1792 2026 ipse
1811 1956 1914 2010 sibi

334 2053 490 2110 Pater
514 2054 603 2116 sit,
632 2053 748 2120 ipse
773 2060 830 2107 et
856 2050 1057 2115 Filius;
1086 2050 1178 2104 sed
1210 2046 1424 2105 Patrem
1451 2063 1658 2114 verum,
1692 2048 1782 2118 qni
1823 2061 1918 2117 ge-

336 2147 450 2201 nuit
482 2145 677 2200 Filium
707 2158 917 2207 verum,
953 2151 977 2180 ο
1009 2150 1066 2196 ut
1092 2151 1177 2198 est
1201 2141 1344 2196 Deus
1367 2140 1436 2196 de
1460 2140 1592 2205 Deo,
1627 2141 1805 2194 lumen
1847 2138 1916 2194 de

337 2238 555 2303 lumine,
589 2236 694 2290 vita
724 2250 794 2291 ex
825 2235 953 2299 vita,
985 2232 1287 2305 perfectum
1316 2232 1385 2287 de
1407 2232 1663 2302 perferto,
1693 2241 1861 2286 totum
1888 2246 1916 2282 a

338 2337 471 2394 toto,
507 2327 721 2398 plenum
749 2342 778 2380 a
810 2326 999 2395 pleno;
1047 2338 1153 2380 non
1196 2330 1460 2390 creatum,
1503 2323 1596 2377 sed
1639 2325 1914 2393 genitum;

340 2434 445 2472 non
470 2434 535 2473 ex
569 2418 756 2477 nihilo,
787 2416 882 2471 sed
903 2431 968 2469 ex
1007 2415 1187 2481 Patre,
1220 2412 1240 2453 ί
1273 2416 1432 2468 unius
1457 2414 1769 2469 substantiae
1798 2428 1918 2467 cum

345 2509 501 2564 Patre
525 2526 540 2563 :
571 2518 596 2557 ε
622 2509 881 2577 Spiritum
910 2521 1039 2561 vero
1067 2514 1313 2559 sanctum
1342 2505 1538 2569 Deum,
1580 2520 1687 2559 non
1720 2505 1921 2574 ingeni-

345 2611 478 2666 tum,
502 2615 674 2670 neque
692 2598 951 2668 genitura,
976 2612 1082 2651 non
1103 2606 1367 2662 creatum,
1390 2598 1553 2668 280
1577 2613 1676 2652 nec
1699 2597 1918 2662 factum;

419 2772 445 2801 ι
488 2758 687 2830 Praeter
720 2758 938 2830 codices!
968 2760 1126 2830 hujus
1153 2756 1689 2830 collectionisexstat
1711 2757 1763 2810 in
1796 2770 1927 2830 mss.

351 2832 575 2894 Lucem,
604 2827 783 2894 Co!b.,
815 2831 865 2884 in
895 2828 1018 2887 Val.
1038 2824 1191 2886 ’1542
1214 2843 1276 2883 ac
1308 2828 1360 2881 in
1396 2824 1581 2881 Vallic.
1606 2829 1647 2881 A
1676 2829 1708 2881 5
1728 2837 1782 2881 et
1802 2826 1925 2881 Vat.

354 2900 512 2959 5845.
546 2899 922 2969 Fragmentum
954 2902 1069 2970 ejus
1097 2902 1151 2953 in
1182 2912 1406 2970 summm
1444 2896 1927 2970 antiquitatiscod.

358 2972 588 3041 Aqucnsi
612 2985 641 3024 a
658 2967 873 3025 Crabbo
904 2967 1174 3041 inventum
1198 2978 1249 3023 et
1271 2968 1469 3041 editum
1493 2968 1607 3041 fuit.
1634 2967 1770 3023 Fere
1790 2968 1930 3041 idem

357 3039 549 3111 legitur
576 3041 628 3093 in
654 3041 945 3109 appendice
967 3042 1095 3096 tomi
1125 3039 1169 3096 V
1195 3042 1251 3096 S.
1278 3039 1580 3109 Augustini,
1608 3054 1789 3111 serm._
1809 3039 1930 3094 155.

2017 1866 2109 1919 sed
2140 1880 2301 1928 vere;
2348 1879 2453 1917 non
2481 1862 2705 1930 aerium,
2734 1861 2830 1916 sed
2859 1876 3210 1932 corporeum;
3242 1878 3345 1917 non
3376 1864 3601 1932 phanta-

2018 1956 2234 2023 sticum,
2272 1955 2366 2009 sed
2401 1968 2690 2019 carneum;
2720 1968 2864 2018 ossa,
2899 1953 3234 2021 sanguinem,
3274 1969 3513 2019 sensum,
3550 1965 3608 2009 et
3671 1963 3680 1970 '

2018 2048 2247 2101 animam
2281 2044 2564 2099 habentem
2589 2083 2603 2110 ,
2632 2054 2659 2094 ι)
2682 2044 2755 2097 ita
2795 2046 2950 2115 281
2979 2059 3162 2100 verum
3213 2044 3373 2099 Deum
3416 2055 3472 2100 et
3510 2060 3608 2100 ve-

2022 2153 2139 2194 rum
2174 2136 2857 2206 hominem‘intelligimus;
2898 2134 2968 2190 ita
2999 2151 3181 2191 verum
3206 2136 3477 2191 hominem
3506 2151 3607 2191 ve-

2024 2244 2141 2284 rum
2176 2228 2340 2282 Deum
2376 2228 2537 2282 l'uis~e
2571 2228 2718 2282 nullo
2748 2228 2908 2281 modo
2939 2227 3281 2297 ambigimus.
3323 2227 3608 2283 Conﬁten—

2026 2320 2153 2375 dum
2178 2327 2208 2369 (ι
2242 2328 2326 2373 est
2356 2318 2496 2373 hunc
2526 2318 2772 2373 eumdem
2805 2317 3099 2372 Dominum
3137 2329 3377 2373 nostrum
3419 2319 3610 2373 Jesum

2027 2410 2297 2466 Christum
2320 2409 2644 2479 adimplesse
2664 2410 2834 2478 legem
2857 2418 2908 2464 et
2932 2409 3239 2478 prophetas,
3269 2424 3486 2480 passum
3506 2410 3614 2464 sub

2028 2503 2218 2558 Pontio
2262 2502 2462 2568 Pilato,
2504 2511 2527 2539 τ
2561 2503 2873 2556 erucilixum
2918 2504 3212 2557 secundum
3258 2503 3611 2573 Scripturas,

2033 2608 2303 2653 mortuum
2335 2607 2390 2651 et
2415 2595 2683 2667 sepultum
2730 2594 3027 2651 secundum
3072 2595 3400 2667 Scripturas,
3451 2596 3616 2652 tertia

2031 2756 2230 2819 ctione,
2256 2768 2564 2813 coaternum
2591 2772 2914 2819 veneramur,
2947 2771 3107 2810 unum
3137 2765 3303 2811 tamen
3336 2754 3514 2811 Deum.

2036 2896 2068 2952 ὁ
2108 2824 2150 2950 ἐ.
2303 2845 2365 2884 ex
2391 2846 2492 2885 uno
2521 2833 2573 2884 in
2604 2828 2800 2884 Crabbi
2842 2827 3064 2891 codice,
3098 2828 3187 2898 qui
3225 2828 3281 2883 in
3313 2828 3394 2884 his
3422 2826 3623 2884 verbis
3652 2858 3659 2863 -

2076 2917 2102 2950 ι·
2141 2915 2208 2951 1111
2242 2937 2255 2951 .

2076 2907 2399 3033 ιῗωιίϊρθη..
2430 2968 2614 3024 Vallic.
2656 2978 2711 3024 et
2744 2977 2967 3036 uterque
2994 2967 3149 3033 Vat.,
3189 2964 3322 3021 Deus
3360 2979 3510 3023 natus
3544 2978 3630 3023 est

2038 3036 2231 3109 Filius.
2263 3040 2376 3094 lux
2401 3039 2522 3095 Vat.
2558 3041 2694 3095 13H
2714 3080 2730 3104 ,
2760 3049 2920 3092 totum
2947 3042 3118 3109 genuit
3150 3041 3202 3092 in
3233 3037 3448 3092 Filium.
3490 3037 3634 3093 Val-

358 3108 646 3185 ln'duobus
673 3108 933 3185 mss._u_uo
955 3112 1207 3185 Tltttanco
1235 3108 1532 3185 l99,quem
1564 3109 1743 3185 laudat
1764 3109 1936 3185 Ques-
1964 3162 2008 3185 η
2039 3108 2138 3185 lic.
2162 3119 2217 3185 et
2243 3110 2378 3164 alius
2408 3109 2553 3185 Va_t_.,
2584 3121 2744 3185 totum
2757 3111 3080 3185 ingenitum,
3103 3120 3150 3163 et
3180 3112 3234 3163 in
3254 3109 3473 3185 Filium.

362 3182 533 3236 uellus
556 3181 774 3234 dissert.
812 3180 898 3248 14,
935 3198 989 3236 n.
1020 3184 1083 3244 7;
1113 3184 1284 3235 altero
1318 3168 1680 3233 siet'nstissimo
1711 3168 1932 3233 Atnliro-
1963 3168 2010 3224 υ

361 3255 535 3311 siauo,
580 3251 735 3317 cujus
770 3251 1011 3305 meminit
1053 3251 1376 3306 Muratorius
1420 3258 1549 3303 tom.
1589 3250 1633 3304 ιι
1674 3250 1935 3303 Anecdot.

365 3324 564 3393 Latin_.,
587 3336 707 3391 pag.
730 3320 835 3374 224
851 3332 902 3375 et
916 3322 1044 3393 227,
1070 3320 1121 3375 Η
1127 3321 1371 3393 ieranymi
1395 3334 1585 3393 nomen
1611 3320 1939 3393 inscribitur.

369 3396 421 3447 lu
444 3389 765 3447 editionibus
786 3406 912 3448 vero
935 3392 991 3461 S.
1020 3389 1331 3461 Hieronymi
1353 3391 1368 3443 i
1394 3390 1616 3461 .venitur
1641 3404 1761 3445 cum
1785 3389 1943 3446 titulo

372 3462 580 3515 Damasi
617 3461 922 3532 symbolum.
955 3460 1085 3517 Vide
1127 3458 1257 3516 toni.
1290 3459 1358 3514 Kl
1402 3461 1529 3515 edit.
1557 3458 1753 3514 Veron.
1774 3504 1788 3525 ,
1822 3475 1941 3532 pag.

369 3532 493 3589 145.
522 3531 630 3586 Cur
652 3531 884 3585 'Damaso
914 3543 1090 3588 autem
1139 3533 1479 3595 attribuatur,
1526 3533 1777 3595 colligere
1818 3531 1943 3584 licet

365 3619 434 3663 ex
464 3602 585 3657 cod.
616 3602 840 3657 Lucensi
870 3612 927 3658 et
953 3603 1115 3657 simili
1142 3602 1319 3666 Colb.,
1346 3602 1436 3654 ubi
1459 3601 1698 3669 epistola:
1730 3602 1943 3655 Damasi

374 3673 438 3728 ad
470 3673 746 3727 Paulinum
786 3676 1108 3728 attitectiinr.
1146 3673 1204 3727 lu
1239 3686 1340 3725 tns.
1380 3669 1540 3725 Vind.
1592 3672 1777 3725 titulus
1823 3682 1945 3726 est:

380 3743 560 3813 incipit
579 3745 733 3807 alius,
760 3744 811 3796 id
836 3753 943 3808 est,
966 3743 1178 3798 libellus
1210 3742 1352 3813 lidei.
1384 3740 1517 3813 (I_t_)d.
1548 3740 1732 3813 Crah.,
1762 3738 1952 3809 Incipit

379 3808 502 3867 ﬁdes
533 3812 896 3867 Romanorum.
932 3814 1163 3881 Uterque
1188 3811 1307 3866 Vat.
1334 3810 1595 3881 etrVallic.
1626 3827 1639 3863 :
1669 3808 1860 3880 Incipit
1882 3808 1951 3876 ῤ-

382 3882 474 3937 des
503 3884 765 3936 catholica:
799 3882 1040 3938 Ecclesiae
1074 3880 1338 3936 Romanis.
1369 3880 1526 3933 Nutat
1552 3881 1873 3946 Quesnellus
1898 3885 1952 3933 in

380 3952 774 4020 marginc:Est
808 3967 968 4007 oruuo
1016 3954 1197 4006 Latina
1243 3954 1302 4006 S.
1351 3949 1588 4020 Gregorii
1634 3950 1955 4020 Nazianzeni

384 4018 710 4092 cognomento
741 4022 1004 4094 Theologi,
1031 4040 1117 4076 seu
1140 4023 1203 4075 de
1224 4022 1324 4090 ﬁde
1348 4018 1588 4094 Niciena,
1623 4019 1815 4094 Ruﬁno
1842 4037 1957 4092 pre-

382 4090 578 4161 sbytero
615 4095 916 4163 interprete,
936 4090 1211 4145 Vtractatus
1234 4102 1328 4163 :rut
1348 4091 1604 4163 jubetur
1632 4092 1687 4163 in
1735 4090 1956 4163 editione

387 4160 592 4231 Horelli
618 4160 776 4226 1609',
801 4177 923 4217 tom.
955 4164 993 4226 I,
1021 4178 1139 4231 pag.
1172 4162 1295 4231 751i.
1330 4161 1497 4225 Quam
1516 4161 1721 4229 quidem
1748 4174 1837 4213 nec
1862 4160 1959 4213 Itu-

388 4236 467 4302 ius
496 4230 727 4302 Gregorii
759 4228 1196 4302 tuanec-ullius
1223 4228 1393 4287 Graeci
1418 4228 1680 4300 scriptoris
1701 4231 1962 4302 existima—

389 4300 523 4365 ntur,
549 4300 635 4355 sed
674 4304 837 4373 potius
880 4301 1047 4355 Latini
1076 4302 1318 4373 alicujus,
1349 4315 1401 4354 ut
1428 4302 1554 4373 ‘alibi
1595 4302 1779 4366 fusius.
1825 4300 1962 4357 Vide

390 4375 603 4429 dissert.
633 4372 697 4426 14
724 4381 778 4425 et
804 4386 1014 4427 unStras
1041 4374 1090 4424 in
1122 4387 1239 4427 eam
1266 4372 1779 4427 animadversiones.

460 4442 487 4481 ι)
526 4442 646 4496 Vat.
677 4452 732 4496 et
757 4442 969 4506 Vallic.,
999 4444 1050 4496 in
1081 4460 1256 4496 unum.

465 4524 490 4552 ι
529 4513 738 4567 Tlntan.
772 4529 872 4567 IIIS.
896 4553 910 4576 ,
953 4524 999 4567 et
1025 4514 1369 4582 unigenitum,
1402 4512 1573 4567 deleta
1617 4527 1746 4568 voce
1787 4528 1963 4566 unum.

395 4584 625 4649 Uterque
654 4583 774 4638 Vat.
802 4596 854 4637 et
879 4583 1087 4647 Vallic.,
1110 4593 1154 4637 et
1181 4587 1231 4636 in
1254 4601 1409 4637 unum
1435 4585 1746 4653 unigenitum
1778 4582 1969 4636 Filium

398 4671 507 4723 eius
537 4654 708 4708 Iesum
740 4655 1001 4723 (.Itristumi
1029 4653 1209 4707 Deum.
1242 4655 1399 4723 C_rah.
1429 4694 1443 4717 ,
1490 4664 1535 4707 et
1562 4655 1617 4706 in
1655 4654 1969 4723 unigenitum

401 4674 422 4707 1⁸
449 4674 507 4707 ιω
537 4674 708 4708 Iesum
740 4674 993 4707 Lurtstum
1029 4674 1209 4707 "eum.
1242 4674 1399 4707 bri“).
1429 4694 1443 4717 ν
1490 4674 1535 4707 ει
1562 4674 1617 4706 ιιι
1655 4674 1969 4723 unigenitum

401 4674 593 4776 ll'tlium
623 4726 732 4794 ejus
757 4723 933 4777 Jesum
970 4722 1226 4777 Christum
1261 4721 1535 4775 Dominum
1558 4735 1609 4794 et
1651 4725 1972 4794 Salvatorem

401 4792 653 4858 nostrum,
669 4804 712 4846 et
738 4796 791 4847 in
815 4794 1065 4862 Spiritunt
1088 4802 1315 4846 sanctum
1348 4793 1527 4846 Deum.
1554 4793 1775 4861 Lucem,
1807 4805 1852 4846 et
1880 4792 1975 4846 Fi-

402 4864 666 4935 liunejus
713 4866 916 4935 unicum
962 4862 1238 4935 Dominum
1284 4872 1512 4915 nostrum
1563 4864 1856 4935 conceptum
1910 4863 1974 4917 de

404 4931 602 4999 Spiritu
624 4942 797 4985 sanrto
825 4931 1001 4985 Iesum
1028 4932 1282 4985 Christum
1314 4937 1474 4984 Deum
1503 4944 1546 4985 et
1579 4931 1853 4987 Dominum
1885 4950 1976 4986 no-

403 5013 587 5060 strum.
617 5016 662 5055 et
695 5002 944 5067 Spiritum
972 5013 1199 5055 sanctum
1228 5000 1418 5066 Deum;
1452 5019 1550 5055 non
1582 5012 1682 5057 tres
1714 5002 1867 5067 Deos,
1887 5004 1976 5057 sed

409 5072 617 5128 Patrem
645 5069 693 5123 F
695 5073 839 5125 ilium
873 5085 919 5126 et
950 5072 1199 5143 Spiritum
1227 5083 1462 5126 sanctum
1494 5091 1648 5127 unum
1682 5073 1840 5129 Deum
1870 5089 1981 5129 esse

406 5145 725 5212 confitemur.

474 5210 741 5287 {Lucem
766 5212 916 5287 cod“
962 5213 1067 5287 ipse
1109 5212 1175 5265 sit
1194 5210 1405 5287 fater,
1454 5214 1517 5267 sit
1556 5215 1663 5287 ipse
1700 5222 1748 5269 et
1787 5211 1979 5269 Filius.

409 5283 591 5347 Crah.,
615 5286 724 5354 ipse
757 5279 913 5337 Pater
933 5279 1019 5355 sit,
1048 5300 1152 5355 ipse
1183 5279 1377 5355 Filius.

483 5362 507 5391 ο
545 5352 725 5420 tlral).,
758 5356 810 5408 id
838 5366 910 5410 est
939 5352 1103 5408 Deum
1129 5355 1192 5407 de
1219 5352 1345 5408 Deo.

415 5493 449 5548 Γ
484 5424 503 5461 τ
522 5425 744 5547 bQuesu.
787 5426 974 5481 inserit
1013 5434 1082 5495 et,
1120 5428 1301 5480 delent
1329 5440 1515 5482 omnes
1545 5427 1707 5497 nostri
1738 5426 1894 5482 codd.
1927 5434 1983 5481 et

438 5509 515 5547 .ra
560 5532 575 5547 .

438 5509 575 5547 που.

481 5572 524 5637 s_
548 5564 617 5637 Ita
648 5577 768 5617 eum
795 5565 953 5619 Crah.
986 5579 1174 5619 omnes
1198 5571 1365 5637 nostri
1392 5567 1547 5621 codd.
1582 5565 1735 5637 Apud
1757 5568 1981 5634 Quesn.,

409 5642 459 5685 et
487 5632 733 5702 Spiritum
764 5646 997 5687 sanctum
1022 5650 1196 5688 verum
1222 5632 1405 5689 Deum.

484 5699 511 5740 ⁸·
530 5699 711 5758 ’σι-αι).
737 5717 855 5757 cum
877 5704 1144 5775 plerisque
1169 5706 1367 5763 nostris
1392 5706 1547 5762 codd.
1578 5706 1680 5763 alia
1709 5707 1985 5779 interpun-

2125 3177 2154 3215 ιι
2195 3180 2267 3234 Ita
2295 3179 2455 3235 codd.
2479 3180 2638 3234 Vind.
2669 3194 2733 3235 ac
2756 3177 2991 3245 Tutiam,
3023 3180 3486 3236 consentientibus
3511 3195 3635 3235 ra:-

2046 3249 2176 3321 teris
2206 3251 2456 3306 omnibus
2482 3251 2705 3306 aliarum
2754 3252 3148 3314 collectionum,
3184 3252 3282 3321 nisi
3314 3251 3454 3321 quod
3494 3248 3638 3306 Vat.

2048 3320 2218 3380 l'5l2.
2252 3336 2348 3390 pro
2387 3328 2609 3375 tenentes
2639 3323 2799 3377 habet
2824 3323 3115 3386 credentee;
3163 3320 3351 3375 Vallic.
3392 3332 3448 3374 et
3487 3321 3645 3376 alius

2046 3390 2170 3462 Vat.
2203 3392 2459 3446 mendose
2479 3393 2752 3462 credimus.
2782 3392 2941 3447 Solus
2969 3393 3194 3460 Quesn.,
3212 3392 3352 3462 quod
3376 3390 3539 3445 Pater
3560 3401 3648 3446 est

2049 3461 2206 3526 Deus,
2236 3462 2372 3515 idem
2399 3478 2506 3515 esse
2533 3472 2579 3514 ct
2607 3461 2799 3516 Filium
2933 3464 3210 3517 certissime
3228 3461 3483 3517 tenemus.

2128 3529 2144 3569 ι
2185 3532 2355 3586 Codd.
2407 3533 2558 3593 l.uc.,
2605 3531 2795 3587 Vallic.
2830 3542 2883 3586 et
2916 3541 3135 3599 uterque
3181 3532 3299 3587 Vat.
3350 3532 3648 3601 sequentia

2049 3616 2172 3656 cum
2220 3602 2659 3672 antecedentibus
2686 3603 2934 3672 jungunt,
2985 3612 3297 3671 mutantque
3348 3600 3651 3671 interpuuo

2051 3672 2282 3742 ctionem
2314 3673 2425 3742 sic:
2458 3670 2659 3742 Spiritu
2688 3670 2866 3727 sttuite
2907 3690 3065 3728 unum
3109 3670 3269 3727 Deum
3305 3670 3651 3742 conﬁtentur.

2055 3741 2323 3796 Credimus
2352 3740 2529 3795 Jesum
2559 3740 2838 3797 Christum.

2127 3820 2167 3848 αι
2207 3811 2415 3865 'l‘huau.
2442 3822 2495 3864 et
2521 3811 2681 3867 Vind.
2703 3813 2885 3867 delent
2914 3813 3107 3874 omnia,
3140 3829 3241 3867 ηοιι
3266 3828 3397 3869 vero
3426 3812 3514 3866 alii
3550 3828 3654 3869 co-

2057 3880 2227 3937 dices.
2260 3883 2377 3936 Mos
2407 3881 2593 3944 Vind.,
2623 3894 2668 3934 et
2697 3884 2750 3935 in
2779 3896 2933 3948 terra,
2971 3883 3168 3938 omissa
3201 3898 3333 3938 voce
3359 3898 3489 3950 QI(8.

2128 3960 2154 3988 ³³
2194 3952 2326 4007 Luc.
2370 3968 2490 4006 cum
2532 3950 2719 4007 Vallic.
2752 3964 2807 4007 et
2836 3954 2956 4009 Vat.
2987 3956 3163 4021 5845,
3212 3954 3531 4007 descendisse
3584 3954 3659 4007 de

2059 4024 2204 4087 caelo,
2235 4033 2280 4077 et
2312 4032 2498 4093 natum
2539 4022 2601 4093 de
2628 4022 2831 4091 Spiritu
2869 4036 3045 4079 sancta
3075 4034 3121 4078 et
3172 4023 3384 4093 Virgine
3430 4021 3657 4088 Maria,

2060 4090 2430 4167 intermediisw
2446 4090 2712 4167 omissis":
2752 4097 2805 4167 iu
2840 4090 3285 4167 quibusudesierit:
3308 4093 3655 4167 scripsimus

2060 4176 2180 4216 cum
2215 4178 2344 4216 mss.
2369 4161 2603 4224 'l'huan.,
2634 4161 2791 4217 Vind.
2823 4161 2876 4219 ei
2902 4164 3007 4218 alio
3033 4163 3154 4220 Vat.
3191 4163 3348 4218 1542.
3393 4162 3606 4229 Quesn.
3638 4205 3659 4229 ,

2062 4233 2230 4287 desiit.
2277 4232 2411 4288 Cod.
2451 4231 2613 4287 Vind.
2649 4243 2903 4290 praeterea
2937 4235 3096 4289 habet
3140 4245 3315 4287 natum
3342 4233 3407 4286 de
3443 4233 3663 4303 Spiritu

2317 4302 2333 4311 ο

2062 4313 2259 4376 sancto.
2288 4303 2411 4358 Vat.
2444 4318 2578 4376 vero
2607 4304 2761 4369 1512,
2786 4319 2831 4359 et
2865 4306 3069 4376 Virgine
3101 4304 3284 4359 Maria.

2138 4380 2163 4408 ο
2202 4374 2400 4440 Quesn.
2433 4373 2535 4426 alia
2568 4373 3026 4443 interpunction'e,
3059 4392 3160 4429 non
3186 4375 3523 4433 demutatum,
3561 4377 3665 4428 sed

2067 4459 2390 4513 permanens.
2420 4444 2684 4500 Credimus
2713 4448 2966 4501 hominem
2988 4456 3187 4500 nutum.
3211 4446 3412 4500 Omnes
3437 4446 3669 4513 nostros

1996 4539 2047 4599 D
2070 4512 2228 4599 ἔχοιμι.
2263 4529 2325 4599 a9
2349 4515 2935 4599 τηυτιξι-,Ρτωιυίίιιιυε-
2966 4516 3152 4599 svium
3181 4515 3481 4599 δυηιπκει
3509 4512 3671 4599 Ῡ³¹έ

2074 4585 2161 4637 lie.
2208 4585 2397 4653 legitur
2424 4584 2513 4639 sed
2561 4586 2724 4638 Deum
2755 4596 3153 4655 permanentem,
3201 4587 3353 4638 etiam
3392 4584 3673 4655 hominem

2073 4663 2272 4712 natum.
2308 4655 2437 4710 Dein
2463 4671 2558 4726 pro
2587 4653 2965 4725 pltantasticum
3009 4656 3133 4710 cod.
3169 4656 3406 4717 Thuan.,
3433 4653 3673 4726 phanta-

2076 4727 2252 4797 siam;
2300 4722 2525 4791 Lucem,
2576 4722 2931 4797 phantttseum,
2983 4726 3176 4783 Vallic.
3224 4733 3281 4781 et
3325 4722 3479 4797 unus
3504 4722 3670 4789 Vah,

2077 4795 2414 4864 phantasiam,
2446 4799 2533 4849 sed
2563 4795 2784 4851 carnem.
2817 4795 2934 4852 Mos
2962 4798 3116 4853 solus
3139 4798 3369 4864 Quesn.,
3394 4796 3661 4850 animum.

2149 4874 2176 4913 ι’
2217 4867 2399 4919 Melior
2424 4868 2630 4922 videtur
2659 4869 2818 4921 lectio
2845 4872 2966 4923 cod.
3000 4869 3226 4934 Lucem,
3261 4868 3332 4921 ita
3359 4882 3530 4919 verum
3569 4866 3676 4919 Isa-

2080 4934 2263 4988 minem
2289 4950 2336 4989 et
2369 4954 2539 5011 verum
2583 4940 2740 5011 licunt
2783 4940 3135 5011 intelligimus,
3181 4949 3241 5011 ut
3265 4951 3456 5011 rerum
3491 4934 3673 5011 Deum

2082 5020 2254 5057 rerum
2297 5010 2547 5078 [tantinem
2576 5009 2730 5073 fuisse
2761 5010 2905 5063 nullo
2949 5006 3098 5063 modo
3140 5008 3455 5078 ambigamus
3496 5006 3677 5078 conﬁ-

2084 5080 2310 5129 tentium.
2346 5076 2566 5138 Vallic.,
2598 5082 2781 5132 iterum
2816 5096 2987 5135 verum
3015 5076 3660 5145 hominem‘intelligimus.

2082 5148 2155 5198 ita
2174 5156 2227 5220 ‘ct
2255 5164 2423 5220 verum
2456 5148 2617 5220 Deum
2655 5166 2830 5205 verum
2866 5150 3119 5205 hominem
3147 5151 3303 5220 fuisse
3331 5147 3473 5220 nullo
3501 5149 3674 5199 modo

2085 5215 2406 5286 ambigimus.
2441 5218 2796 5284 Conﬁtendum
2825 5238 2960 5274 nunc
2979 5215 3208 5277 eumdem
3237 5219 3529 5278 Dominum.
3551 5230 3664 5270 elc-

2090 5285 2350 5359 Parii'cula
2382 5305 2533 5343 nunc.
2550 5291 2741 5359 legitur
2765 5292 2927 5346 etiam
2970 5292 3021 5345 in
3063 5302 3290 5358 utroque
3326 5288 3441 5341 Val.
3475 5288 3673 5341 Codex

2089 5357 2259 5411 Oxon.
2296 5361 2533 5414 secundo
2562 5373 2790 5427 emnzite,
2818 5364 2889 5416 ita
2915 5378 3086 5416 rerum
3113 5357 3373 5416 hominem
3409 5368 3458 5414 et
3490 5375 3679 5413 rerum

2094 5428 2276 5489 Deum,
2306 5430 2503 5484 insert.-
2533 5433 2786 5499 particula
2816 5442 2884 5497 ct,
2917 5435 3090 5487 minus
3117 5443 3285 5486 recte.

2091 5568 2124 5623 d
2164 5508 2191 5619 ἶι
2216 5503 2423 5620 lMurder
2449 5503 2606 5557 codd.
2639 5503 2864 5558 aliarum
2895 5505 3271 5559 collectionum
3313 5502 3474 5557 etiam
3506 5499 3675 5555 Vind.

2128 5584 2159 5622 e
2181 5584 2211 5621 e
2257 5585 2309 5622 es
2334 5608 2350 5623 .

2128 5584 2232 5622 θΙΒΙ.
2257 5584 2350 5624 εει.

2169 5649 2187 5671 ¹
2221 5639 2446 5706 Quesn.,
2468 5642 2773 5710 cruciﬁxum
2787 5653 2835 5700 et
2866 5652 3145 5700 mortuum.
3172 5642 3396 5700 Nostros
3415 5640 3572 5701 codd.
3609 5652 3683 5695 ac

2095 5708 2303 5765 Thuan.
2342 5713 2508 5768 secuti
2538 5708 2744 5771 sumus.
