3888 6182
246 360 339 415 ὗδε)

682 354 906 410 CODEX
947 357 1271 413 CANO'NUM
1313 358 1590 415 ECCLES.
1637 358 1725 413 ET
1764 359 2345 417 CONSTITUTORUI
2386 362 2443 418 S.
2487 362 2681 417 SEDIS
2720 361 3049 418 APOSTOL.

3399 361 3505 423 $90

246 473 410 523 honor
439 481 624 523 noster
646 479 745 523 est.
776 470 925 536 Quod
958 470 1043 524 ille
1070 471 1213 527 Deus
1232 471 1282 526 in
1300 487 1459 527 carne
1490 474 1811 541 consistens,
1844 482 1891 538 Α
1920 478 2104 541 cessit,
2128 476 2543 546 Filiusquidem,
2566 477 2875 531 substantia!
2892 486 3099 543 natura,
3126 478 3217 533 Dei
3241 487 3345 545 est,
3364 484 3508 550 quod

246 566 337 618 hac
377 578 476 617 nos
509 563 739 617 vicissim
775 566 823 616 in
858 564 1021 618 Deum
1054 581 1116 618 ex
1146 581 1307 619 carne
1348 567 1607 620 renovati.

306 655 438 709 Item
466 656 692 728 ejusdem
716 656 768 708 in
796 655 927 709 libro
957 672 1029 722 Ix,
1058 658 1184 710 inter
1205 668 1408 711 ca’tera.
1438 658 1616 713 Nescit
1646 660 1816 729 plane,

241 748 397 800 vitam
444 761 598 801 suam
644 748 847 810 nescit,
881 749 970 816 qui
1007 747 1282 803 Christum
1321 750 1502 806 Iesum
1548 762 1603 804 ut
1634 767 1819 805 verum

226 840 434 904 Deum,
472 839 544 892 ita
580 854 761 893 verum
794 840 1063 893 hominem
1100 842 1344 910 ignorat;
1376 851 1429 897 et
1467 842 1703 912 ejusdem
1732 859 1817 913 pc-

236 932 387 986 rienli
419 949 507 986 res
540 942 622 986 est
647 931 911 986 Christum
936 933 1113 987 Iesum
1146 934 1229 989 vel
1253 936 1498 1004 spititum
1532 936 1820 1001 Deum,vel

235 1037 446 1077 carnem
466 1026 631 1077 nostri
656 1026 897 1091 corporis
922 1034 943 1060 ⁸
971 1025 1255 1097 denegare.
1293 1029 1488 1094 Omnis,
1522 1030 1713 1097 inquit,
1736 1031 1823 1095 qui

233 1117 552 1183 conﬁtebitur
572 1134 647 1169 me
660 1134 831 1170 coram
857 1118 1143 1172 hominibus
1160 1161 1174 1185 ,
1198 1122 1473 1188 conﬁtebor
1507 1133 1553 1175 et
1593 1140 1685 1193 ego
1708 1140 1821 1176 eum

234 1223 406 1259 coram
434 1204 593 1259 Patre
615 1224 747 1275 meo,
767 1209 853 1274 qui
875 1220 949 1260 est
976 1211 1025 1261 in
1058 1212 1214 1263 coriis.
1241 1212 1340 1277 Qui
1370 1222 1539 1264 autem
1571 1214 1823 1283 negaverit

232 1315 306 1351 me
319 1315 492 1351 coram
504 1298 815 1364 hominibus,
836 1299 1026 1370 negabo
1041 1311 1087 1354 et
1101 1319 1189 1372 ego
1204 1320 1315 1355 eum
1330 1320 1500 1355 coram
1523 1301 1676 1357 Patre
1690 1321 1797 1357 meo
1808 1347 1819 1369 ,

232 1390 314 1459 qui
338 1400 415 1443 est
445 1390 499 1443 in
530 1389 828 1445 cclisJiaac
848 1389 1084 1445 Verbum
1108 1407 1234 1447 caro
1257 1392 1449 1447 factum
1476 1393 1811 1462 loquebatur,

233 1494 283 1536 et
304 1483 465 1536 homo
486 1481 648 1536 Jesus
668 1481 934 1548 Christus,
959 1483 1213 1537 Dominus
1243 1486 1535 1555 majestatis
1566 1486 1819 1555 docebat,

233 1575 492 1629 mediator
510 1574 691 1644 ipsein
715 1589 772 1629 se
798 1575 863 1627 ad
895 1574 1119 1629 salutem
1139 1576 1387 1630 Ecclesia:
1403 1578 1747 1640 constitutus,
1768 1587 1822 1631 et

236 1666 345 1734 ipso
360 1667 451 1719 illo
469 1666 609 1719 inter
630 1664 793 1719 Deum
809 1675 863 1720 et
876 1666 1119 1721 homines
1136 1669 1445 1723 mediatoris
1462 1679 1819 1735 sacramento,

240 1770 515 1828 utrumque
534 1772 668 1811 unus
681 1758 919 1812 existens
940 1778 951 1812 :
969 1760 1093 1813 dum
1112 1764 1225 1829 ipse
1240 1777 1306 1816 ex
1330 1762 1491 1815 unitis
1507 1763 1556 1815 in
1577 1764 1627 1816 id
1648 1764 1818 1833 ipsum

244 1852 432 1902 naturis
458 1858 660 1902 natura:
689 1850 970 1918 utriusque
1001 1866 1085 1905 res
1119 1852 1304 1905 eadem
1333 1861 1444 1916 est;
1476 1853 1548 1906 ita
1578 1862 1754 1909 tamen
1770 1864 1825 1909 ut
1855 1853 1903 1912 B

248 1950 429 1994 neutro
458 1952 668 1994 careret
697 1941 748 1994 in
783 1952 1007 2009 utroque
1034 1961 1044 1994 :
1087 1960 1152 1997 ne
1185 1944 1320 1998 forte
1344 1944 1483 1998 Deus
1506 1960 1625 1999 esse
1656 1945 1815 2000 homo

251 2032 500 2086 nascendo
518 2032 809 2097 desineret,
834 2044 885 2086 et
903 2037 1061 2088 homo
1078 2050 1261 2090 rursus
1277 2036 1415 2090 Deus
1431 2039 1693 2092 manendo
1709 2055 1813 2113 non

252 2138 343 2177 ESSt
362 2132 399 2176 t.
432 2122 555 2176 llaec
577 2124 752 2191 itaque
777 2124 1021 2179 humana:
1048 2126 1394 2181 beatitudinis
1418 2128 1684 2184 ﬁdesvera
1713 2141 1813 2195 est,

254 2214 401 2268 Deum
426 2225 477 2268 et
507 2214 775 2268 hominem
800 2216 1110 2284 pra‘dicare,
1136 2217 1436 2271 Verbumet
1460 2234 1673 2274 carnem
1691 2236 1817 2275 con-

256 2307 409 2369 ﬁteri;
457 2320 627 2374 neque
672 2306 836 2359 Deum
884 2309 1092 2361 nescire
1120 2309 1257 2376 quod
1310 2308 1470 2363 homo
1513 2315 1613 2378 sit,
1650 2316 1819 2381 neque

251 2413 448 2452 carnem
482 2401 727 2466 ignorare
753 2398 892 2467 quod
925 2398 1157 2453 Verbum
1192 2401 1283 2454 sit.

316 2488 438 2541 Item
470 2489 700 2559 ejusdem
739 2489 791 2540 in
830 2488 1005 2541 eodem
1048 2490 1195 2553 libro,
1234 2491 1363 2543 inter
1412 2502 1611 2548 cratera.
1656 2495 1820 2549 Natus

252 2578 394 2646 igitur
418 2580 715 2648 nnigenitus
770 2576 796 2616 δ
822 2578 962 2633 Deus
984 2595 1050 2633 ex
1076 2579 1297 2650 Virgine
1325 2582 1506 2651 homo,
1541 2593 1594 2638 et
1624 2600 1817 2639 secun-

252 2670 363 2724 dum
396 2670 775 2737 plenitudinem
805 2681 1101 2739 temporum
1134 2672 1184 2724 in
1212 2672 1505 2741 semetipso
1537 2684 1819 2743 provectu-

253 2776 333 2815 tus
367 2763 415 2815 in
457 2760 622 2815 Deum
668 2756 970 2826 hominem;
1005 2761 1145 2816 hunc
1178 2777 1270 2830 per
1319 2767 1497 2817 omnia
1526 2766 1818 2835 evangelici

254 2856 495 2910 sermonis
524 2855 742 2908 modum
777 2856 965 2919 tenuit,
997 2866 1052 2909 ut
1075 2848 1135 2910 se
1155 2856 1247 2910 Dei
1272 2855 1461 2911 Filium
1485 2857 1632 2912 credi
1654 2859 1817 2913 doce.

255 2956 344 3016 ret,
366 2958 417 3002 et
436 2946 666 3008 hominis
683 2946 875 3000 Filium
897 2957 918 2983 ε
936 2946 1212 3014 prazdicari
1243 2947 1582 3015 admoneret;
1610 2950 1819 3004 locutus

255 3038 397 3093 homo
414 3050 462 3095 et
489 3054 681 3110 gerens
699 3039 946 3093 universa
961 3055 1077 3109 qua:
1106 3040 1198 3094 Dei
1223 3050 1345 3095 sunt
1359 3058 1373 3107 ;
1391 3040 1612 3112 loquens
1627 3042 1821 3098 deinde

252 3141 299 3183 et
317 3148 497 3202 gerens
522 3135 659 3187 Deus
680 3135 929 3189 universa
962 3148 1084 3204 qua:
1116 3132 1347 3187 hominis
1363 3144 1490 3187 sunt
1512 3151 1527 3199 ;
1553 3135 1819 3191 ita'tamen

1924 580 2098 621 autem
2114 568 2404 621 secundant
2420 584 2635 623 carnem
2659 583 2724 622 ex
2752 570 2958 623 semine
2974 569 3138 624 David
3152 578 3255 637 est,
3274 580 3327 627 et
3343 586 3510 629 carris

1923 667 2122 713 sancta:
2145 660 2358 715 Marine?

1929 752 1942 797 l
1983 751 2163 804 Sancti
2215 751 2741 824 Ambrosii‘episcopi
2794 748 3198 824 Mediolanensis
3231 752 3307 824 ad
3346 752 3516 824 impe-

2135 834 2351 873 ratorem
2375 821 2692 874 Gratianum
2727 824 2780 875 in
2822 821 2951 875 libro
2979 837 3015 875 ιι
3050 824 3112 874 de
3136 821 3285 877 Fide.

1999 931 2146 986 Unde
2175 933 2300 986 illud
2333 949 2543 1003 quoque
2566 934 2761 988 lectum
2790 944 2901 999 est,
2938 934 3223 988 Dominum
3256 934 3510 1003 majesta-

1924 1022 1991 1077 tis
2017 1024 2325 1077 cruciﬁxum
2350 1040 2497 1090 esse;
2528 1040 2630 1080 non
2656 1026 2805 1095 quasi
2837 1026 2889 1079 in
2916 1027 3197 1096 majestate
3214 1043 3305 1081 sua
3328 1029 3509 1083 cruci-

1926 1115 2091 1168 linum
2116 1125 2381 1184 putemus,
2407 1117 2499 1171 scd
2522 1120 2643 1187 quia
2676 1117 2813 1171 idem
2842 1118 3002 1182 Dens,
3024 1119 3161 1172 idem
3192 1117 3374 1185 homo,
3409 1134 3505 1187 per

1924 1206 2253 1261 divinitatem
2306 1192 2478 1273 Deus,
2532 1222 2627 1276 per
2668 1209 3064 1278 susceptionem
3099 1211 3280 1264 carnis
3320 1210 3501 1277 homo,

1926 1295 2080 1351 Iesus
2092 1297 2334 1351 Christus
2359 1298 2615 1351 Dominus
2645 1299 2939 1367 majestatis
2960 1299 3157 1354 dicitur
3180 1302 3502 1354 crucilixus:

1924 1388 2046 1456 quia
2076 1404 2298 1443 consors
2316 1389 2587 1457 utriusque
2619 1401 2846 1456 naturae,
2872 1392 2924 1445 id
2953 1402 3057 1458 εει,
3085 1392 3328 1448 humana:
3347 1405 3506 1464 atque

1924 1479 2138 1543 divinae,
2173 1481 2223 1533 in
2264 1493 2451 1537 natura
2485 1481 2719 1535 hominis
2749 1483 2911 1537 subiit
2957 1484 3296 1551 passionem;
3329 1494 3387 1539 ut
3426 1487 3497 1539 in-

1924 1571 2153 1627 discrete
2182 1582 2234 1626 et
2277 1573 2534 1627 Dominus
2582 1574 2877 1642 majestatis
2916 1573 3125 1628 dicatur
3156 1573 3179 1611 ¹ί
3211 1590 3331 1629 esse
3360 1616 3374 1639 ,
3408 1578 3501 1645 qui

1926 1678 2113 1730 passus
2163 1672 2245 1717 est
2270 1705 2285 1729 ,
2317 1674 2369 1718 et
2414 1664 2577 1717 Filius
2618 1664 2882 1731 hominis,
2911 1665 3050 1720 sicut
3078 1666 3339 1737 scriptum
3369 1681 3449 1721 est
3483 1684 3498 1724 :

1928 1755 2028 1819 Qui
2058 1757 2313 1825 descendit
2337 1758 2401 1810 de
2422 1759 2543 1811 coelo
2576 1757 2755 1829 (Jonn.
2786 1775 2866 1826 Ill,
2900 1759 3010 1832 15).

2007 1844 2023 1882 Ῑ
2064 1846 2196 1901 Item
2223 1850 2273 1901 in
2296 1849 2397 1901 alio
2425 1850 2536 1903 loco
2563 1850 2626 1903 de
2657 1850 2831 1904 eodem
2857 1852 2985 1905 libro
3014 1852 3147 1905 inter
3186 1862 3387 1906 caetera.
3418 1853 3505 1906 St-

1922 1938 2062 1992 leant
2092 1940 2250 2008 igitur
2279 1941 2463 1995 inanes
2506 1941 2576 1996 de
2623 1943 2961 1999 sermonibus
2989 1945 3345 2013 quaestiones;
3379 1947 3502 2013 quia

1920 2045 2131 2098 regnum
2182 2030 2299 2094 Dei,
2348 2031 2488 2085 sicut
2529 2032 2786 2101 scriptum
2816 2043 2934 2099 est,
2968 2049 3068 2086 non
3096 2035 3147 2085 in
3174 2036 3504 2101 persuasione

1919 2120 2053 2174 verbi
2074 2131 2165 2187 est,
2191 2123 2279 2176 sed
2304 2125 2354 2175 in
2379 2127 2658 2176 ostensione
2684 2124 2883 2178 virtutis
2916 2124 3088 2193 (lCor.
3116 2141 3174 2189 It,
3203 2124 3265 2190 ις
3292 2141 3365 2191 ιν,
3387 2124 3500 2194 20).

1920 2210 2203 2266 Setvemus
2236 2213 2626 2267 distinctionem
2656 2212 2950 2267 divinitatis
2973 2226 3018 2267 et
3045 2216 3245 2269 carnis.
3281 2215 3425 2269 Unus
3450 2216 3502 2270 in

1922 2310 2147 2371 utroque
2179 2302 2413 2372 loquitur
2443 2303 2534 2355 Dei
2581 2301 2747 2357 Filius
2771 2344 2786 2368 ,
2810 2303 2934 2373 quia
2967 2303 3018 2357 in
3050 2304 3238 2358 eodem
3280 2314 3503 2373 utraque

1923 2406 2113 2449 uatnra
2143 2404 2245 2449 est.
2293 2396 2402 2447 Etsi
2435 2394 2573 2448 idem
2608 2395 2869 2463 loquitur,
2912 2410 3015 2448 non
3051 2411 3155 2448 uno
3184 2412 3394 2465 semper
3426 2399 3502 2451 lo-

1921 2486 2104 2555 quitur
2134 2484 2311 2538 modo.
2349 2484 2565 2538 Intende
2597 2485 2647 2538 in
2678 2501 2741 2538 eo
2768 2499 2905 2539 nunc
2944 2486 3165 2553 gloriam
3202 2486 3327 2551 Dei,
3363 2503 3503 2541 nunc

1928 2576 2159 2631 hominis
2201 2577 2473 2645 passiones
2498 2586 2557 2629 η’.
2587 2576 2745 2644 Quasi
2781 2577 2919 2630 Deus
2952 2577 3095 2648 loqui
3125 2595 3185 2631 ur
3223 2595 3342 2647 qua:
3380 2590 3503 2635 sunt

1923 2669 2123 2735 divina,
2145 2671 2265 2739 quia
2284 2670 2518 2724 Verbum
2547 2682 2661 2735 est;
2706 2671 2862 2737 quasi
2888 2670 3048 2726 homo
3079 2671 3209 2726 dicit
3236 2686 3355 2742 qua:
3380 2686 3503 2727 sunt

1924 2761 2176 2828 humana,
2212 2765 2375 2833 283
2396 2765 2514 2832 quia
2544 2763 2595 2817 in
2628 2778 2743 2816 mra
2770 2764 3066 2817 substantia
3092 2764 3428 2834 loquebatur.

1995 2852 2125 2908 Item
2161 2857 2388 2924 ejusdem
2410 2856 2460 2909 in
2487 2855 2617 2908 libro
2645 2854 2708 2908 de
2748 2854 3111 2909 Incaruatione
3143 2857 3349 2909 Domini
3374 2860 3502 2912 inter

1922 2957 2124 3003 cetera.
2160 2949 2265 3003 Sed
2296 2948 2421 3002 dum
2455 2948 2552 3004 bos
2606 2948 2970 3017 redarguimus
2996 2988 3011 3013 ,
3058 2958 3337 3019 emergunt
3373 2950 3501 3019 alii,

1924 3039 2013 3110 qui
2040 3055 2255 3095 carnem
2282 3039 2492 3095 Domini
2513 3040 2689 3095 dicant
2713 3049 2767 3096 et
2799 3040 3137 3096 Divinitatem
3163 3042 3322 3097 unius
3351 3052 3377 3081 η
3403 3059 3501 3097 na-

1927 3142 2079 3188 turae.
2122 3132 2251 3201 Qua:
2284 3142 2486 3187 tantum
2538 3133 2875 3204 sacrilegium
2922 3135 3127 3189 inferna
3153 3137 3502 3191 vomuerunt?

250 3229 303 3275 ut
330 3224 376 3276 in
415 3225 528 3292 ipso
569 3225 662 3279 illo
702 3226 979 3294 utriusque
1027 3224 1238 3293 generis
1268 3239 1517 3279 sermone
1546 3241 1816 3295 nunquam
1845 3222 1892 3286 C
1923 3224 2040 3280 Iam
2061 3225 2451 3281 tolerabiliores
2479 3233 2602 3281 sunt
2627 3224 2842 3291 Ariani,
2877 3242 3100 3295 quorum
3122 3241 3216 3295 per
3237 3227 3357 3282 illos
3384 3226 3502 3297 per-

249 3315 341 3369 nisi
374 3330 489 3371 cum
518 3318 903 3383 signitica'ione
933 3325 987 3371 et
1026 3316 1257 3370 hominis
1282 3318 1493 3372 locutus
1515 3318 1585 3373 sit
1608 3329 1662 3373 et
1689 3320 1808 3375 Dei.

314 3405 439 3461 Item
467 3409 518 3460 in
547 3411 648 3460 alio
678 3410 785 3461 loci
812 3409 864 3461 in
893 3408 1066 3463 eodem
1099 3407 1229 3462 libro
1258 3409 1390 3462 inter
1416 3408 1811 3465 catera.Vides-

249 3514 309 3551 ne
338 3500 401 3551 ita
430 3498 593 3551 Deum
626 3508 680 3552 et
709 3498 979 3553 hominem
1038 3498 1342 3567 prtedicari,
1373 3508 1433 3553 ut
1462 3515 1607 3555 mors
1635 3500 1811 3554 homi-

248 3592 315 3655 ni,
348 3590 451 3645 Deo
470 3606 595 3644 vero
610 3594 786 3645 ca’rnis
806 3592 1057 3647 excitatio
1085 3592 1409 3661 deputetur?
1438 3593 1691 3648 Naturam
1719 3595 1813 3650 Dei

248 3681 295 3734 in
323 3686 512 3737 virtute
540 3683 699 3754 287
734 3684 1144 3739 resurrectionis
1168 3684 1427 3754 intellige,
1455 3688 1814 3755 dispensatio-

249 3792 356 3829 nem
376 3776 605 3830 hominis
627 3778 677 3830 in
695 3786 867 3831 morte
894 3789 1179 3845 cognosce.
1209 3776 1414 3830 Etcum
1446 3779 1555 3831 sint
1588 3786 1815 3849 utraque

248 3870 348 3921 suis
374 3881 519 3937 gesta
535 3871 760 3931 ualui-is,
790 3883 951 3921 unum
979 3876 1154 3922 tamen
1179 3868 1359 3923 Iesum
1398 3868 1668 3923 Christum
1692 3885 1812 3924 eum

248 3970 503 4014 memento
528 3976 667 4023 esse,
697 3962 787 4029 qtti
818 3950 1100 4030 utrumque
1122 3970 1220 4014 est.
1255 3960 1326 4013 Et
1353 3970 1465 4029 post
1486 3977 1649 4027 pauca
1682 3960 1707 3998 ἀ
1734 3980 1813 4017 se-

248 4055 435 4118 quitur:
458 4053 582 4107 llaac
599 4054 759 4121 igitur
781 4053 1194 4107 demonswanda
1210 4054 1393 4121 paucis
1413 4070 1438 4106 a
1464 4068 1547 4107 me
1574 4054 1811 4121 fuerunt,

248 4156 295 4196 ut
324 4147 595 4215 utriusque
635 4156 657 4182 ε
691 4154 894 4200 naturae
925 4160 1207 4215 personam
1242 4148 1457 4199 tractari
1492 4148 1542 4200 in
1592 4149 1815 4203 Domino

249 4235 359 4291 Jesu
392 4238 608 4291 Christo
647 4238 1111 4299 meminissemus;
1149 4237 1269 4306 quia
1301 4238 1389 4307 qui
1422 4237 1473 4291 in
1505 4239 1674 4293 forma
1719 4240 1813 4294 Dei

246 4338 380 4392 erat,
408 4329 635 4382 formam
666 4331 805 4383 servi
829 4327 1033 4397 accepit
1062 4326 1106 4380 ί.

245 4450 265 4487 ⁸
294 4442 470 4497 Sancti
504 4443 775 4495 Athanasii
809 4442 1143 4495 Atexandrini
1183 4443 1407 4513 epismpi
1437 4453 1483 4494 et
1511 4443 1815 4511 confessoris

478 4516 543 4564 ad
576 4513 858 4581 Epictetum
889 4515 1179 4583 episcOpum
1212 4511 1564 4565 Corinthium.

1921 3316 2058 3369 lidius
2083 3316 2249 3369 robur
2286 3315 2577 3379 adolescit;
2604 3327 2658 3368 ut
2688 3325 2712 3350 ο
2746 3316 2950 3386 majore
2981 3317 3328 3371 contentione
3356 3332 3503 3372 assc-

1919 3418 2039 3463 rant
2066 3408 2277 3464 Patrem
2306 3418 2360 3462 et
2382 3409 2570 3463 Filium
2592 3418 2645 3461 et
2665 3408 2921 3475 Spiritum
2945 3419 3185 3462 sanctum
3212 3410 3370 3463 unius
3393 3426 3499 3464 non

1920 3514 2041 3555 esse
2062 3500 2397 3563 substantia,
2428 3499 2547 3567 quia
2580 3498 2666 3553 isti
2698 3499 3041 3553 Divinitatem
3076 3499 3286 3554 Domini
3309 3510 3363 3555 et
3378 3516 3501 3554 car-

1920 3606 2042 3645 nem
2076 3592 2232 3644 unius
2256 3605 2375 3645 esse
2397 3589 2711 3645 substantia:
2742 3591 2921 3646 dicere
2944 3601 3299 3645 tentaverunt.
3334 3591 3397 3645 Et
3422 3594 3499 3645 in-

1919 3686 2024 3751 fra.
2054 3682 2117 3735 ili
2171 3682 2298 3736 mihi
2331 3681 2639 3749 frequenter
2671 3681 2870 3736 Nicmni
2900 3683 3110 3737 concilii
3138 3691 3417 3737 tractatum
3443 3698 3501 3739 se

1919 3783 2103 3828 tenere
2133 3782 2574 3828 commemorant.
2606 3772 2711 3827 Sed
2748 3774 2798 3825 in
2830 3772 2925 3826 illo
2954 3773 3141 3828 Patres
3176 3774 3342 3827 nostri
3396 3785 3498 3827 tra-

1916 3874 2060 3920 ctatu
2087 3880 2193 3919 non
2224 3880 2461 3930 carnem,
2492 3865 2585 3919 sed
2611 3864 2703 3919 Dei
2727 3863 3161 3930 Verbum,unius
3185 3866 3498 3927 substantia:

1918 3972 2036 4011 cum
2059 3958 2214 4012 Patre
2250 3971 2371 4010 esse
2410 3956 2662 4010 dixerunt
2692 3971 2705 4008 :
2735 3966 2790 4011 et
2816 3954 3049 4010 Verbum
3075 3957 3287 4024 quidem
3310 3972 3377 4012 ex
3403 3974 3496 4023 na-

1921 4059 2068 4102 terna
2094 4049 2423 4117 procersisse
2471 4048 2765 4102 substantia
2800 4087 2815 4113 ,
2841 4062 3056 4102 carnem
3087 4056 3263 4101 autem
3290 4064 3353 4101 ex
3379 4047 3493 4101 Vir-

1917 4140 2037 4210 gine
2068 4153 2188 4195 es:e
2209 4138 2441 4192 confessi
2469 4147 2611 4193 sunt.
2632 4137 2911 4204 Quomodo
2947 4137 3106 4206 igitur
3140 4135 3339 4192 Nicmni
3371 4154 3495 4192 ciun-

1917 4233 2028 4288 c.lii
2075 4248 2270 4286 nomen
2314 4231 2643 4298 obtenditur,
2701 4240 2755 4286 et
2800 4244 2934 4285 nova
2975 4227 3326 4298 inducuntur,
3378 4246 3493 4300 quas

1920 4339 2188 4393 nunquam
2222 4324 2387 4376 nostri
2410 4338 2629 4377 sensere
2652 4322 2917 4391 majores?

1954 4437 2135 4492 Sancti
2160 4416 2433 4504 Augustini
2455 4435 2673 4515 episcopi
2706 4433 3052 4515 Hipponensis
3071 4433 3138 4484 ad
3164 4431 3466 4485 Dardanum

2522 4514 2652 4557 tuter
2678 4514 2883 4557 cwtet'a.

309 4605 330 4639 ὴ
366 4604 645 4671 Quomodo
673 4614 845 4658 autem
876 4606 958 4658 νει
984 4604 1228 4659 dubitare
1256 4606 1372 4659 ausi
1408 4617 1535 4657 sum
1560 4646 1574 4671 ,
1604 4604 1695 4672 qui
1726 4603 1806 4659 di-
1837 4589 1889 4649 D
1985 4600 2099 4654 Noli
2129 4600 2308 4666 itaque
2330 4596 2575 4650 dubitare
2597 4596 2666 4650 ibi
2688 4606 2715 4645 Ρ
2742 4611 2879 4649 nunc
2905 4612 3024 4651 esse
3047 4596 3317 4651 hominem
3345 4594 3491 4651 Chri-

246 4708 424 4749 cuntur
452 4696 741 4750 Christiani
778 4694 791 4731 ί
824 4736 836 4760 ,
868 4696 908 4748 si
941 4695 1216 4759 Dominus,
1268 4696 1354 4764 qui
1383 4710 1449 4750 ex
1487 4696 1650 4749 Maria
1687 4711 1809 4765 pro—

309 4866 329 4889 δ
361 4856 561 4920 Quesn.
587 4871 790 4921 negare.

308 4924 331 4960 "
363 4926 499 4978 Idem
520 4966 534 4989 ,
573 4925 843 4977 Dominus.

310 5006 328 5032 τ
358 4998 551 5059 Quesn.
565 5038 578 5057 ,
605 4996 731 5048 dici.

306 5062 328 5100 ἀ
360 5068 496 5118 hiem
533 5066 731 5119 Omittit
760 5065 1008 5134 sequitur.

310 5146 329 5170 ε
357 5139 548 5196 Oxon”
603 5150 831 5203 personte
862 5145 1095 5204 naturam
1119 5177 1134 5199 ,
1165 5135 1323 5188 male.
1363 5134 1517 5204 Vulg.
1544 5176 1557 5196 ,
1609 5143 1807 5188 natura

248 5205 443 5275 {armum
474 5204 687 5275 (Confer
717 5212 822 5257 not.
856 5203 873 5243 ί
901 5214 1025 5258 tom.
1061 5203 1089 5258 I
1121 5205 1220 5257 col.
1248 5205 1384 5259 “77
1415 5203 1599 5259 nostra
1624 5206 1802 5274 edin).

309 5274 325 5311 ί
361 5274 507 5345 Vulg.
528 5276 874 5345 anterQuesn.
907 5275 1109 5328 addunt
1132 5277 1238 5342 ipse
1259 5275 1585 5328 Divinitatem
1608 5292 1801 5345 nequa-

245 5360 373 5412 quam
402 5344 569 5398 amisit
599 5344 762 5414 (Vide
786 5345 973 5398 ibidem
1000 5356 1105 5399 not.
1140 5354 1164 5391 8
1197 5347 1294 5399 col.
1332 5346 1509 5413 H78).

303 5428 325 5463 ες
351 5417 666 5481 Quesnellns
690 5433 704 5468 :
741 5414 822 5468 Ea:
841 5415 1057 5483 epistola
1088 5416 1147 5470 S.
1176 5417 1445 5468 Athanasii
1474 5415 1805 5469 Alexandrini

242 5488 446 5557 fpiscopi
475 5487 546 5538 ad
579 5484 867 5555 Epictetum
897 5487 1190 5555 episcopum
1212 5484 1553 5557 Corinthium.

300 5558 326 5594 δ
354 5559 505 5611 Nntat
529 5557 844 5623 Quesnetlns
871 5557 922 5609 in
944 5557 1214 5625 margine:
1235 5555 1396 5609 Verba
1418 5557 1526 5609 [uec
1545 5555 1604 5610 S.
1640 5555 1804 5608 Atha-

242 5630 354 5681 nasii
382 5640 497 5681 sunt
526 5644 589 5680 ea:
615 5628 971 5698 rcrsionerejus
996 5627 1260 5698 epistolw_,
1283 5643 1395 5693 qua
1414 5629 1628 5695 inferius
1652 5629 1807 5677 liabe-

241 5709 323 5752 tur.
344 5715 389 5752 c.
421 5698 489 5749 52
517 5697 671 5766 hujus
694 5694 901 5766 codicis,
922 5705 969 5749 et
997 5694 1097 5765 qua
1130 5696 1189 5750 S.
1222 5694 1318 5750 Leo
1347 5694 1477 5751 usus
1499 5708 1591 5751 est.

302 5773 319 5807 ι
343 5774 564 5830 υιιιιξιιἾ
584 5765 719 5827 quod
738 5766 1019 5827 Dominus;
1053 5777 1104 5823 et
1124 5766 1269 5837 dein,
1297 5783 1350 5820 se
1380 5772 1573 5820 undam
1605 5784 1806 5820 carnem

1912 4704 2051 4747 stum
2077 4692 2216 4744 unde
2234 4698 2489 4744 venturus
2512 4698 2624 4753 est;
2656 4691 3073 4758 memoriterque
3094 4690 3269 4744 recole
3288 4699 3341 4743 et
3364 4691 3489 4743 ﬁde-

1913 4854 2063 4905 Itomo
2093 4859 2166 4904 est
2196 4866 2258 4903 ex
2292 4850 2500 4903 semine.

1988 4925 2002 4972 i
2041 4923 2239 4987 Quesn.
2277 4937 2287 4971 :
2323 4918 2402 4972 Ea:
2431 4918 2563 4972 libro
2602 4921 2763 4971 διιπενὶ
2809 4920 3061 4974 Ambrosii
3089 4919 3488 4976 Mediolnnensis

1910 4993 2133 5063 episcopi
2161 4990 2384 5063 secundo
2410 4992 2478 5042 ad
2519 4988 2821 5044 Gratianum
2849 4992 3226 5062 imperatorem.

1983 5063 2007 5099 ιί
2044 5060 2187 5116 Idem
2213 5060 2410 5115 delevit
2436 5077 2544 5115 esse
2568 5101 2583 5126 ,
2612 5070 2665 5115 et
2693 5070 2811 5130 post
2844 5060 3072 5115 decreto
3094 5063 3298 5117 addidit
3337 5070 3383 5114 et
3415 5071 3487 5113 est

1909 5152 1959 5186 ω
1985 5132 2231 5261 fatgem.
2256 5242 2269 5261 ,
2305 5198 2434 5252 Item
2462 5200 2517 5252 in
2543 5199 2672 5252 libro
2709 5215 2823 5263 xm,
2854 5200 3014 5254 male.
3048 5200 3302 5253 Nostrum
3341 5200 3489 5255 codi-

1909 5288 2025 5328 cem
2043 5270 2202 5325 Vind.
2244 5280 2458 5336 semper
2491 5272 2657 5323 secuti
2685 5285 2888 5322 sumus.
3374 5292 3384 5302 -

1981 5352 2020 5379 ω
2051 5342 2249 5407 Quesn.
2276 5339 2458 5393 omisit
2484 5340 2630 5408 quasi
2651 5357 2668 5405 ;
2697 5349 2750 5393 et
2772 5341 2890 5392 dein
2918 5337 3076 5391 habet
3100 5340 3341 5405 loquitur.

1979 5422 2006 5448 η
2037 5413 2197 5465 Notat
2226 5411 2425 5475 Queen.
2462 5410 2513 5462 in
2544 5409 2700 5475 epist.
2740 5408 2858 5465 15L
2889 5423 3027 5460 nunc
3061 5410 3257 5476 165,8.
3291 5408 3491 5464 Leonis

1909 5483 2033 5537 addi
2072 5496 2194 5535 esse.
2228 5481 2465 5547 Utroqtte
2500 5493 2630 5533 vero
2671 5479 2723 5532 in
2758 5480 2877 5533 loco
2905 5488 3087 5534 noster
3118 5482 3285 5535 codex
3322 5480 3487 5538 Vind.

1912 5556 2012 5608 hoc
2032 5553 2251 5605 verbum
2277 5552 2505 5619 ignorat.

1984 5632 2008 5659 °
2039 5623 2237 5689 Oxon.,
2274 5625 2467 5675 minore
2492 5638 2509 5687 ,'
2538 5629 2593 5676 et
2624 5620 2780 5691 paulo
2818 5630 2936 5691 post
2968 5636 3120 5691 quam
3158 5621 3211 5677 Ιιὶ
3256 5624 3368 5695 qui,
3395 5638 3493 5695 pro

1947 5695 2030 5748 uia
2057 5694 2161 5747 isti.

1910 5714 2241 5832 qubaéﬁe'sn.
2262 5804 2276 5833 ,
2302 5779 2436 5817 nunc
2459 5760 2716 5818 Christum
2739 5779 2865 5833 esss,
2896 5765 3052 5821 unde.
