3960 6188
282 277 382 332 593

726 273 950 331 CODEX
992 271 1318 328 CANONUM
1363 267 1642 326 ECCLES.
1687 268 1772 323 ΕΤ
1813 266 1871 322 Ci

1978 265 2388 325 lTlTUTORUM
2429 268 2488 326 S.
2527 267 2724 326 SEDlS
2764 268 3097 328 ATOSTOL.

3431 265 3537 326 51M

284 373 409 433 heri,
433 381 480 424 et
507 369 670 432 hodie,
698 368 804 438 ipse
823 377 867 420 et
889 367 939 419 in
965 376 1204 420 «sternam
1231 364 1416 435 κηρὸν.
1447 379 1558 423 xttt.
1589 363 1665 433 8).
1713 361 1768 414 In
1789 375 1853 414 eo
1883 363 1927 419 Α
1964 369 2111 426 palus
2135 361 2205 415 sit
2234 360 2393 416 etiam
2416 360 2579 416 Filius
2608 361 2859 431 hominis,
2883 380 2986 416 non
3008 363 3143 416 nuda
3166 365 3532 417 tantummodo

283 464 421 517 enim
449 460 589 532 quod
614 459 707 523 ait,
732 461 856 528 ipse,
894 458 1125 510 ostendit
1147 472 1266 510 cum
1299 455 1571 524 pristinam
1604 469 1706 505 non
1740 467 1856 504 mn-

284 566 423 608 ta~se
467 564 728 616 naturam,
778 564 876 604 nec
924 549 1221 603 Divini'atis
1271 563 1380 602 sure
1420 547 1752 600 imminuisse
1780 544 1860 597 di-

284 649 458 709 vitias,
484 657 508 684 ι
557 648 678 717 quia
718 656 936 714 propter
979 659 1075 698 nos
1115 659 1316 712 pauper
1358 641 1602 706 etl‘tzctus,
1646 640 1856 708 plenam

284 740 684 794 similitudinem
719 745 915 791 nostra}
944 736 1266 789 conditionis
1295 740 1675 800 assumpserat.

354 830 382 869 δ
423 830 558 885 Item
598 831 828 901 ejusdem
865 829 1091 896 episcopi
1133 828 1182 880 in
1224 827 1332 880 alia
1375 825 1588 892 epistola
1630 823 1858 893 posrltalt

286 935 464 980 contra
484 924 748 991 Origene»:
773 923 902 976 inter
916 932 1116 974 caetero.
1140 920 1286 975 Unus
1309 921 1467 991 291
1486 918 1648 972 Filius
1665 916 1856 979 Patris,

287 1017 558 1082 nostrique
588 1015 872 1080 mediator,
906 1029 1002 1068 nec
1029 1013 1382 1082 :rqualitatem
1408 1013 1524 1080 ejus
1545 1011 1743 1075 amisit,
1763 1024 1861 1064 nec

287 1125 314 1162 a
349 1122 532 1162 nosiro
559 1106 832 1162 consortio
865 1115 1141 1174 separatus
1169 1113 1269 1158 est.
1305 1104 1586 1158 Invisibilis
1616 1103 1777 1166 Deus,
1805 1110 1860 1155 ct

288 1200 510 1254 visibzlis
537 1200 717 1262 homo,
751 1196 918 1250 forma
949 1197 1091 1249 servi
1119 1194 1462 1248 absconditus
1483 1204 1504 1232 ο
1531 1201 1587 1248 et
1606 1192 1858 1247 Dan.iuus

286 1290 468 1360 gloria:
504 1289 837 1344 confessione
867 1286 1195 1343 credentium
1227 1286 1624 1355 comprobatus.
1679 1284 1862 1354 Neque

289 1381 428 1436 enim
473 1378 700 1448 privavit
728 1393 848 1432 eum
881 1377 1037 1431 Pater
1065 1386 1270 1431 natura:
1299 1390 1410 1430 sua:
1437 1376 1674 1440 nomine,
1715 1385 1862 1444 post-

290 1488 442 1540 quam
477 1488 572 1542 pro
598 1471 752 1524 nobis
791 1469 952 1523 homo
983 1478 1032 1522 et
1063 1484 1260 1538 pauper
1288 1467 1508 1524 effectus
1531 1477 1642 1533 est;
1676 1483 1772 1522 nec
1807 1468 1861 1522 in

289 1564 521 1618 .lordane
550 1563 712 1617 ﬂuvio
741 1563 1060 1631 baptizatum
1081 1562 1251 1616 altero
1277 1561 1859 1630 appellavitvocabulo,

1965 453 2254 522 viduitate,
2305 453 2398 507 sed
2445 456 2939 527 necassmnptione
2977 455 3088 508 sola
3136 469 3397 523 perSonm,
3441 458 3534 510 sed

1962 545 2101 614 quod
2133 544 2356 599 diversa:
2383 545 2595 614 quidem
2641 557 2845 600 natnrte
2889 546 2942 599 in
2974 562 3136 601 llllllln
3165 548 3533 602 convenerint.

1964 636 2112 691 Unus
2157 633 2379 689 tameni
2419 651 2482 690 ex
2523 636 2778 691 ambabus
2801 635 3051 692 Christus
3094 647 3149 692 et
3189 637 3379 701 Filius,
3431 654 3537 691 non

1961 736 2214 781 evacuala
2246 735 2334 780 aut
2363 727 2568 781 sublata
2597 727 2910 782 diversitate
2949 738 3256 782 naturarum
3291 745 3386 798 per
3410 744 3539 784 con—

1962 813 2326 886 junctionem;
2377 820 2469 872 sed
2509 821 2632 888 quia
2662 818 2817 874 simul
2862 821 3014 874 nobis
3041 823 3332 876 elTecernnt
3373 837 3537 876 unum

1971 912 2133 967 Deum
2160 921 2215 966 et
2239 913 2506 966 Christum
2539 923 2590 967 et
2617 912 2831 976 Filium,
2863 913 2911 966 id
2943 923 3044 979 est,
3075 915 3332 970 Divinitas
3361 925 3412 968 et
3439 913 3539 970 hu-

1967 1007 2195 1060 manitas
2217 1021 2310 1073 per
2333 1020 2580 1059 arcanam
2614 1006 2756 1060 illam
2788 1006 3216 1077 ineﬂ'abilemque
3243 1008 3540 1078 copulatio-

1969 1113 2090 1153 nem
2121 1097 2185 1150 ad
2215 1098 2494 1152 unitatem.
2538 1095 2720 1165 Itaque
2763 1099 2807 1150 is
2846 1099 2934 1166 qui
2975 1108 3098 1153 ante
3138 1100 3332 1155 sarcula
3361 1090 3538 1156 omnia

1966 1203 2050 1248 est
2079 1202 2235 1246 natus
2264 1207 2326 1245 ex
2361 1192 2537 1255 Patre,
2569 1192 2728 1246 etiam
2752 1209 2815 1247 ex
2848 1196 3069 1251 niul'cre
3093 1199 3377 1254 carnaliter
3405 1198 3540 1253 dicio

1967 1297 2053 1340 tur
2085 1292 2393 1353 procreatus
2437 1302 2448 1336 :
2493 1300 2596 1338 non
2639 1287 2760 1354 quia
2811 1287 2986 1342 divina
3036 1290 3201 1357 ipsius
3251 1302 3435 1346 natura
3474 1293 3542 1347 de

1967 1378 2366 1448 saeraNirgine
2397 1377 2624 1446 sumpsit
2667 1381 2976 1447 exordium,
3011 1398 3108 1437 nec
3152 1386 3294 1450 quod
3326 1395 3543 1454 propter

1967 1475 2196 1542 seips-im
2221 1488 2357 1542 opus
2381 1473 2416 1527 h
2437 1475 2568 1528 ihuit
2593 1475 2829 1529 secundo
2863 1476 3027 1541 nasci,
3069 1486 3188 1543 post
3217 1476 3362 1530 iHam
3407 1477 3543 1537 nati-

1969 1566 2184 1620 vitatem
2213 1565 2409 1635 quami
2445 1566 2675 1622 habebat
2701 1583 2765 1622 ex
2797 1568 2988 1622 Patre:
3021 1577 3102 1622 est
3132 1567 3273 1632 enim
3306 1569 3541 1637 ineptum

289 1655 380 1710 sed
413 1656 602 1710 Filium
637 1654 967 1724 unigenitum
990 1650 1017 1691 τι
1045 1671 1058 1707 :
1091 1653 1170 1707 Tu
1191 1669 1244 1708 es
1270 1651 1438 1708 Filius
1465 1670 1604 1708 metu
1627 1655 1858 1717 dileeus,
1896 1674 1942 1733 Β
1970 1667 2025 1712 et
2051 1661 2269 1713 stultum
2295 1657 2396 1713 hoc
2423 1658 2620 1724 dicere,
2646 1658 2785 1729 quod
2813 1660 2855 1715 is
2881 1659 2969 1728 qui
2998 1668 3122 1714 ante
3146 1660 3322 1713 omnia
3354 1661 3544 1715 stmulo

290 1750 341 1803 in
360 1765 460 1820 quo
496 1750 620 1801 mihi
654 1751 774 1803 bene
799 1747 1086 1816 complacui
1109 1763 1126 1801 :
1151 1762 1250 1803 nec
1277 1748 1573 1802 similitudo
1600 1756 1780 1802 nostra
1812 1748 1864 1802 in

293 1838 588 1893 Divinilatis
615 1845 698 1893 est
723 1846 928 1892 mutata
967 1843 1232 1904 naturam,
1261 1852 1359 1892 nec
1391 1835 1647 1892 Dirinitas
1676 1839 1726 1891 in
1766 1853 1866 1894 uu-

292 1941 414 1988 strte
440 1943 642 1986 nature
672 1945 826 1986 versa
853 1937 936 1985 est
956 1929 1386 1984 similitudinem.

343 2030 348 2034 ‘
557 2022 742 2078 Sancti
773 2020 953 2092 Cyrilli
980 2021 1205 2092 episcOpi
1235 2021 1594 2082 Alexandrini.

361 2118 532 2174 Homo
564 2126 589 2156 ο
619 2115 923 2172 nominatus
950 2123 1055 2182 est,
1098 2131 1219 2174 cum
1259 2116 1328 2171 sit
1359 2125 1546 2172 natura
1576 2116 1739 2182 Deus,
1772 2114 1868 2170 Dei

291 2209 463 2265 Patris
489 2209 718 2264 Verbum
743 2227 755 2261 :
783 2208 1032 2276 quoniam
1061 2209 1310 2265 similiter
1340 2218 1396 2264 ut
1423 2225 1518 2263 nos
1546 2209 1692 2264 carni
1724 2224 1870 2266 como

291 2300 583 2355 municavit
621 2309 675 2354 et
704 2300 971 2370 sanguini.
1020 2298 1110 2356 Sic
1138 2301 1280 2354 enim
1329 2301 1558 2356 terrenis
1600 2281 1867 2370 apparuit,

291 2409 398 2449 non
423 2393 688 2447 amittens.
709 2393 756 2447 id
782 2409 865 2463 qui
889 2392 924 2446 d
942 2400 1076 2459 erat,
1103 2393 1196 2448 sed
1226 2407 1506 2449 assumens
1524 2393 1870 2448 humanitatis

290 2499 533 2542 naturam
562 2488 613 2544 in
643 2501 736 2539 sua
769 2487 976 2541 ratione
1005 2485 1322 2550 perfectam.

365 2579 496 2633 Item
516 2579 765 2650 ejusdem.
816 2578 963 2632 Unus
994 2577 1152 2647 igitur
1182 2588 1287 2647 est,
1315 2589 1368 2633 et
1392 2587 1517 2633 ante
1545 2578 1870 2634 incarnatio-

293 2688 415 2726 nem
435 2672 572 2725 Dens
603 2686 780 2734 verus,
805 2681 856 2724 et
873 2670 964 2738 qui
998 2671 1049 2724 in
1082 2671 1412 2732 humanitate
1435 2671 1631 2725 mansit
1659 2670 1710 2725 id
1731 2670 1871 2740 quod

289 2772 431 2826 erat,
477 2775 528 2818 et
569 2773 672 2826 est,
720 2772 769 2816 et
801 2762 924 2818 erit.
974 2761 1089 2816 an
1121 2763 1478 2817 discernendo
1523 2761 1680 2832 igitur
1706 2777 1872 2816 unum

291 2856 792 2927 Dominmrglesum
821 2854 1086 2910 Christum
1134 2857 1185 2908 in
1218 2853 1487 2909 hominem
1526 2869 1788 2921 seorsum,
1821 2865 1874 2911 et

1971 1759 2055 1804 est
2079 1750 2542 1819 consempiternus
2565 1749 2706 1804 Patri
2732 1750 2980 1804 secundm
3005 1750 3362 1821 generationis
3388 1765 3547 1820 egue-

1972 1843 2038 1895 rit
2071 1850 2128 1896 ut
2153 1855 2274 1896 esse
2289 1843 2585 1912 inciperet;
2617 1833 2712 1897 sed
2741 1843 2862 1912 quia
2885 1852 3105 1914 propter
3129 1858 3224 1897 nos
3251 1850 3304 1898 et
3333 1852 3549 1912 propter

1973 1940 2210 1987 nostram
2239 1934 2471 1988 salutem
2508 1944 2752 1988 naturam
2783 1932 2884 1989 sibi
2918 1934 3200 2003 copulavit
3238 1933 3544 1996 humanam,

1971 2033 2029 2079 et
2073 2027 2332 2093 processit
2361 2041 2426 2079 ex
2462 2026 2710 2080 muliere.
2756 2025 2958 2080 Idcirco
2999 2025 3195 2079 dicitur
3231 2032 3390 2078 nat-us
3430 2038 3550 2078 esse

1970 2117 2284 2182 carnaliter;
2328 2131 2500 2186 neque
2533 2119 2674 2171 enim
2705 2117 2854 2186 prius
2884 2124 3041 2171 natus
3084 2124 3166 2171 est
3206 2117 3366 2170 homo
3397 2131 3548 2169 com-

1971 2211 2147 2265 munis
2171 2209 2238 2264 de
2262 2221 2442 2264 sancta
2471 2208 2712 2278 Virgine,
2735 2217 2791 2265 et
2831 2220 2956 2264 tunc
2983 2209 3198 2265 demum
3231 2208 3564 2266 inhabitavit.

1972 2301 2024 2356 in
2054 2315 2120 2357 eo
2144 2300 2418 2366 Verbum;
2461 2300 2553 2355 sed
2586 2300 2639 2354 in
2669 2301 2785 2370 ipsa
2815 2301 2973 2355 vulva
3006 2310 3266 2370 uteroque
3306 2300 3549 2370 virginali

1971 2406 2030 2447 se
2059 2406 2180 2447 cum
2209 2405 2370 2448 carne
2397 2390 2712 2460 conjunxit,
2756 2398 2812 2445 et
2851 2389 3102 2445 sustinuit
3145 2391 3549 2461 generationem

1971 2484 2272 2546 carnalem,
2317 2481 2494 2536 carnis
2553 2496 2664 2536 suae
2718 2481 3070 2549 nativitatem,
3129 2497 3282 2536 suam
3330 2482 3548 2537 fat-iens.

1976 2573 2001 2611 ιι
2024 2575 2111 2628 Sic
2138 2573 2282 2628 illum
2319 2573 2546 2629 dicimus
2569 2584 2621 2627 et
2651 2588 2866 2644 passum
2902 2588 3043 2640 esse,
3065 2582 3121 2630 et
3160 2575 3550 2640 resurrexisse;

1977 2680 2081 2718 non
2113 2664 2232 2734 quia
2257 2663 2397 2718 Deus
2422 2663 2657 2718 Verbum
2689 2664 2740 2717 in
2772 2679 2864 2717 sua
2898 2672 3083 2719 natura
3126 2680 3315 2735 passus
3345 2667 3435 2730 sit,
3458 2677 3552 2720 aut

1979 2757 2175 2826 plagas,
2211 2766 2300 2808 aut
2321 2756 2598 2809 clavorum
2623 2757 3021 2823 translixioncs,’
3056 2766 3146 2812 aut
3179 2758 3281 2812 alia
3307 2760 3552 2824 vulnera,

1981 2848 2120 2903 Dens
2150 2861 2378 2918 namque
2416 2849 2764 2918 incorporalis
2808 2857 2861 2903 et
2897 2859 3046 2904 extra
3089 2851 3390 2917 passionem
3428 2861 3550 2906 Gal:

292 2967 538 3005 seorsum
583 2952 634 3004 in
683 2951 876 3013 Deum;
925 2949 1018 3002 sed
1071 2948 1319 3002 eumdem
1373 2964 1642 3016 unumque
1689 2948 1870 3004 Jesum
1901 2967 1947 3030 ο
1981 2942 2071 2994 sed
2103 2943 2224 3010 quia
2266 2957 2460 3011 corpus
2487 2942 2617 2997 illud
2647 2942 2788 3012 quod
2839 2943 3004 3011 ipsius
3037 2944 3307 3012 proprium
3354 2943 3554 3003 factum

292 3044 564 3096 Christum
595 3056 713 3094 esse
759 3039 1024 3104 dicimus;
1076 3053 1180 3091 non
1214 3039 1516 3107 ignonntes
1545 3037 1873 3094 differentias

294 3147 630 3198 ιιειιιηιτιιιη,
678 3134 770 3187 sed
801 3137 890 3187 eas
924 3131 1226 3186 inconfusus
1260 3131 1400 3185 inter
1425 3147 1483 3186 se
1515 3141 1868 3186 reservantes.

370 3225 499 3279 Item
523 3225 748 3297 ejusdem
781 3226 833 3277 in
866 3223 1076 3291 epistola
1104 3225 1171 3275 ad
1203 3221 1574 3277 Nestorinmﬂ
1606 3223 1694 3277 Ait
1719 3223 1876 3293 igitur

291 3327 479 3370 sancta
509 3324 562 3369 ot
590 3329 774 3382 magna
803 3314 1060 3386 synodus,
1088 3314 1283 3383 ipsum,
1304 3314 1391 3381 qui
1410 3323 1490 3368 est
1508 3329 1569 3366 ex
1593 3313 1701 3368 Deo
1722 3313 1878 3368 Patre

1978 3043 2078 3095 est,
2108 3047 2322 3103 passum
2354 3042 2457 3100 est,
2493 3032 2614 3088 ideo
2649 3033 2764 3090 hac
2785 3034 2963 3087 omnia
2989 3049 3084 3103 pro
3107 3035 3258 3090 nobis
3282 3037 3397 3104 ipse
3422 3037 3555 3105 dici,-

1980 3135 2064 3179 tur
2094 3141 2301 3193 passus.
2333 3125 2506 3180 luerat
2527 3126 2671 3182 enim
2704 3126 2754 3180 in
2781 3141 2846 3180 eo
2867 3140 3113 3196 corpore,
3145 3127 3284 3198 quod
3319 3128 3554 3197 patieba-

1979 3221 2081 3280 tur,
2111 3214 2272 3280 Deus,
2315 3215 2406 3286 qui
2438 3217 2542 3284 pati
2566 3232 2672 3270 non
2703 3225 2931 3285 poterat.
2963 3214 2980 3254 1
3011 3217 3181 3272 Simili
3211 3218 3372 3273 etiam
3396 3218 3556 3276 modo

1980 3319 2205 3362 mortem
2238 3309 2404 3377 ipsius
2428 3309 2796 3378 intelligimus.
2821 3309 3124 3364 [inmortale
3145 3313 3287 3366 enint
3308 3324 3356 3367 et
3384 3312 3558 3367 incor-

293 3407 610 3463 naturaliter
639 3417 812 3468 natus,
849 3406 1038 3460 Filium
1070 3405 1422 3474 unigenitum,
1453 3405 1619 3458 Deum
1654 3405 1718 3459 de
1741 3405 1872 3472 Deo,
1945 3404 2204 3474 rnptibile
2219 3402 2653 3466 estnaturaliter,
2683 3408 2734 3454 et
2762 3401 2887 3465 vita,
2922 3410 2976 3455 ct
3004 3401 3276 3456 viviﬁcans
3310 3403 3401 3458 Dei
3431 3403 3559 3459 Ver-

295 3515 480 3554 rerum
513 3498 578 3551 de
604 3513 751 3563 vero,
788 3497 965 3551 lumen
997 3496 1064 3550 de
1094 3497 1315 3561 lumine,
1351 3511 1443 3564 per
1471 3511 1627 3565 quem
1661 3507 1711 3550 et
1753 3511 1874 3550 cum

292 3604 400 3660 quo
426 3589 602 3641 Omnia
630 3587 818 3642 fecerit
847 3587 1024 3648 Pater,
1073 3587 1214 3641 hunc
1239 3587 1582 3642 descendisse
1613 3597 1660 3654 ε,
1696 3587 1872 3642 incar-

292 3689 478 3734 natum
502 3694 642 3743 esse,
671 3689 722 3734 et
750 3679 1017 3733 hominem
1048 3678 1262 3738 factum,
1293 3693 1506 3751 passum
1529 3694 1669 3746 esse,
1697 3693 1876 3732 resur-

294 3772 503 3826 rexisse
531 3772 683 3824 tertia
715 3769 822 3834 die,
847 3777 901 3823 et
926 3768 1231 3824 ascendisse
1258 3755 1440 3822 rursus
1462 3770 1512 3822 in
1535 3770 1719 3822 caelos.
1751 3769 1876 3824 llzec

293 3879 394 3916 nos
425 3862 574 3930 sequi
608 3861 766 3916 verba
799 3860 1079 3924 debemus,
1108 3860 1188 3913 his
1215 3861 1584 3916 noscourenit
1612 3861 1883 3930 obtempe-

291 3971 416 4009 rare
447 3954 782 4024 dogmatibus
813 3971 826 4008 :
855 3954 1259 4008 considerantes
1290 3953 1414 4022 quid
1447 3955 1518 4009 sit
1545 3955 1878 4010 incarnatum

292 4064 434 4106 esse.
479 4057 534 4100 et
585 4047 854 4100 hominem
902 4045 1098 4100 factum
1139 4046 1229 4099 Dei
1269 4045 1524 4102 Verbum.
1574 4047 1688 4102 Non
1735 4048 1877 4102 enim

293 4141 546 4202 dicimus,
597 4143 735 4208 quod
777 4139 869 4192 Dei
901 4151 1111 4206 natura,
1155 4153 1412 4192 converSi
1446 4139 1528 4193 vel
1575 4140 1874 4206 immutata,

1981 3492 2138 3553 bum;
2186 3490 2278 3544 sed
2319 3489 2440 3560 quia
2479 3504 2675 3559 corpus
2709 3489 2878 3558 ipsius
2925 3493 3403 3562 proprium,.gratia
3440 3491 3558 3558 Dei,

1979 3583 2126 3651 juxta
2147 3579 2297 3636 Pauli
2326 3597 2532 3646 vocem,
2558 3597 2647 3650 pro
2668 3583 2898 3636 erunibus
2913 3591 3122 3637 mortem
3138 3584 3354 3655 gustarit
3371 3584 3560 3653 (Hebr.

1985 3691 2042 3740 ll,
2075 3675 2153 3744 εί),
2203 3673 2402 3728 idcirco
2441 3674 2555 3743 ipse
2588 3682 2811 3728 mortem
2853 3673 3052 3730 dicitur
3085 3691 3268 3743 passus
3306 3690 3426 3732 esse
3465 3693 3560 3746 pra

1985 3770 2140 3823 nobis
2173 3786 2186 3822 :
2215 3783 2316 3821 non
2346 3768 2485 3836 quod
2512 3769 2624 3837 ipse
2655 3780 2884 3822 mortem
2956 3759 3309 3839 expertussit.
3386 3786 3562 3840 quan-

1985 3869 2097 3914 tum
2120 3860 2184 3913 ad
2215 3859 2378 3928 ipsius
2402 3869 2645 3912 naturam
2677 3859 2930 3928 pertinet,
2960 3859 3165 3913 insania
3194 3870 3277 3915 est
3296 3862 3438 3916 enim
3463 3863 3563 3918 ho:

1986 3954 2068 4008 vel
2101 3955 2323 4019 sentire,
2354 3953 2434 4005 rei
2464 3951 2674 4016 dicere;
2715 3950 2817 4006 sed
2837 3951 2997 4021 quod,
3029 3960 3086 4004 ut
3116 3967 3276 4023 supra
3308 3954 3562 4018 diximus,

1985 4061 2112 4102 vera
2142 4061 2268 4098 caro
2307 4045 2473 4113 ipsius
2500 4046 3015 4114 mortemgustarit.
3050 4044 3124 4099 lta
3164 4056 3218 4100 et
3251 4057 3563 4116 resurgentia

1983 4154 2146 4194 carne
2188 4137 2416 4206 ipsiusIm
2449 4152 2630 4190 rursus
2673 4136 3124 4192 resurrectionem
3163 4137 3413 4204 dicimus,
3455 4155 3562 4195 non

293 4232 433 4285 faeta
467 4231 539 4285 sit
565 4247 596 4286 c
633 4247 722 4291 ro;
763 4246 862 4283 nec
890 4231 1029 4297 quod
1061 4230 1110 4282 in
1141 4239 1307 4287 totout
1339 4227 1630 4298 hominem,
1669 4230 1757 4298 qui
1795 4241 1878 4310 est
1909 4265 1959 4325 υ
1985 4232 2106 4299 quia
2131 4230 2181 4283 in
2209 4229 2607 4294 corruptionem
2638 4229 2928 4292 ceciderat,
2959 4229 3119 4293 absit,
3169 4229 3261 4285 sed
3292 4233 3414 4300 quia
3443 4230 3563 4300 ejus

291 4341 354 4380 ex
389 4325 568 4377 anima
601 4322 626 4360 δ
659 4333 718 4377 et
753 4339 998 4393 corpore,
1047 4324 1420 4378 transfornmta
1469 4324 1570 4387 sit;
1623 4323 1716 4378 sed
1749 4323 1894 4379 illud.

290 4415 652 4483 magis,,quod
683 4430 896 4475 carnem
927 4416 1214 4475 animatum
1245 4416 1422 4468 anima
1448 4414 1748 4468 rationabili
1775 4415 1880 4470 sibi
1910 4427 1913 4429 '

293 4510 640 4579 eopulaverit
660 4509 896 4563 Verbum
944 4507 1388 4573 substantialiter,
1436 4508 1794 4584 inell'ahiliter.
1825 4519 1880 4565 et

293 4599 631 4669 lndeprehcu
665 4598 884 4663 ibititer,
913 4597 1084 4654 factus
1106 4601 1178 4653 sit
1208 4599 1390 4664 homo,
1420 4600 1579 4673 292
1607 4609 1660 4654 et
1683 4617 1882 4658 nuncu-

365 4810 390 4837 ⁸
417 4801 642 4867 Qttesn.,
673 4800 760 4868 qui
791 4809 995 4867 propter
1019 4818 1128 4854 nos.

363 4871 394 4910 δ
427 4873 534 4923 Hoc
556 4887 765 4938 quoque
799 4873 1158 4926 testitnmnium
1191 4882 1456 4938 sumptum
1496 4881 1578 4926 est
1616 4887 1677 4927 ex
1713 4875 1876 4929 inter-

293 4945 599 5012 pretatione
645 4940 703 4996 S.
744 4941 1048 5011 llit'ronyttti
1099 4944 1236 4996 inter
1265 4944 1431 5011 ipsius
1460 4946 1630 5010 Opera
1665 4953 1792 5000 tom.
1833 4945 1874 5012 ι,

291 5015 455 5081 epist.
489 5011 575 5075 96,
607 5027 658 5063 η.
693 5014 747 5075 5,
780 5013 908 5066 edit.
939 5013 1132 5065 Veron.

371 5093 393 5121 ε
431 5081 583 5149 Vulg.
619 5082 762 5136 llicr.
799 5097 920 5135 cum
960 5098 1087 5136 mss.
1113 5081 1232 5136 Vat.
1260 5081 1407 5149 υἱέι).
1439 5097 1493 5137 et
1523 5085 1650 5140 lsid.
1676 5087 1877 5142 addunt

291 5163 407 5216 est;
436 5167 480 5205 et
513 5155 630 5206 dein
663 5153 875 5220 quidam
910 5155 1048 5220 vnlg.
1081 5154 1268 5205 habent
1306 5154 1679 5223 comprobatur.

369 5223 393 5260 α
425 5223 621 5288 Quesn.
645 5225 790 5294 addit
817 5225 1090 5277 nominqu
1117 5225 1286 5278 dicem
1300 5239 1325 5288 ;_
1345 5237 1394 5277 cl
1413 5241 1538 5279 tuox
1561 5238 1677 5294 post
1691 5243 1879 5283 vocem

295 5292 591 5347 Diviniltttis
620 5293 766 5345 addit
790 5295 920 5362 ejus.

371 5375 394 5401 ε
430 5365 593 5427 Idem,
629 5376 775 5415 natus
798 5373 888 5417 est.

374 5434 393 5472 ί
422 5435 498 5488 Ex
533 5437 796 5501 versione,
839 5449 958 5506 quae
988 5435 1231 5500 inferius,
1266 5451 1384 5504 cap.
1425 5437 1494 5491 56
1527 5437 1684 5506 hujus
1715 5439 1880 5494 colle-

296 5521 324 5557 c
355 5508 766 5630 ionisiﬁiutegra
813 5504 1063 5570 refertur,
1107 5521 1158 5561 et
1207 5523 1307 5577 qua
1357 5523 1484 5561 usus
1528 5504 1607 5561 est
1655 5512 1711 5564 δ.
1749 5509 1878 5576 Leo,

296 5586 462 5630 (‘1!ISI.
563 5577 617 5630 5.

293 5586 462 5642 (Ὶιιει.
497 5577 617 5632 165.

368 5655 394 5691 ἕ
431 5651 623 5710 Queen.
657 5649 801 5703 addit
838 5647 900 5703 de
927 5649 1070 5702 nefa.
1116 5645 1236 5703 Post
1277 5662 1437 5718 pauca
1479 5648 1652 5704 Oxon.
1687 5650 1883 5706 omittit

291 5732 352 5770 ru
359 5733 412 5769 re
421 5732 479 5770 tt!
485 5755 508 5775 ._
1686 5737 1690 5741 '

1983 4322 2278 4378 resurrexit
2317 4321 2694 4397 293corpus
2730 4340 2742 4374 :
2778 4323 2850 4376 ita
2872 4315 3144 4378 Christum
3186 4339 3347 4378 unum
3376 4334 3432 4379 et
3455 4325 3563 4377 Do.

1983 4420 2185 4474 minum
2231 4416 2581 4482 conﬁtemur,
2639 4429 2744 4468 non
2809 4424 3060 4483 tanquam
3117 4416 3385 4469 hominem
3443 4431 3564 4470 cum

1983 4511 2146 4566 verbo
2187 4508 2570 4575 cnadorantes,
2621 4521 2689 4560 ne
2732 4504 3011 4560 divisionis
3062 4508 3301 4575 qua'dam
3354 4508 3566 4574 stecies

1981 4605 2292 4668 inducatur;
2317 4600 2410 4656 sed
2441 4615 2600 4654 unum
2625 4599 2738 4667 jam
2759 4607 2814 4654 et
2836 4597 3083 4656 eumdem
3112 4599 3418 4666 adorantes,
3445 4601 3568 4670 quia

2052 4805 2080 4844 δ
2113 4806 2336 4872 Quem"
2361 4815 2407 4860 et
2437 4821 2608 4860 carne.
2646 4805 2767 4859 Μοι
2798 4803 2918 4860 cod.
2957 4803 3152 4870 Oxon.,
3200 4806 3338 4876 quod
3366 4824 3566 4869 (antem

1980 4879 2257 4932 animatum
2303 4877 2569 4948 rationalis
2616 4877 2712 4930 sibi
2758 4878 2931 4930 anima
2969 4878 3302 4948 copulaterit,
3350 4888 3398 4932 et
3445 4878 3569 4937 l'er-

1981 4951 2218 5004 πεπυ...
2254 4947 2783 5014 intleprcltensibiliter
2821 4948 3016 5017 factum
3058 4950 3122 5001 sit
3166 4947 3349 5013 homo;
3392 4949 3571 5000 minus

1983 5030 2147 5074 recte.
2199 5021 2286 5074 Sic
2323 5018 2663 5085 Qucsncllus,
2704 5020 2792 5089 qui
2832 5019 2952 5073 dein
2985 5029 3109 5074 ante
3138 5019 3303 5086 factus
3333 5019 3397 5070 sit
3425 5031 3566 5083 ιιι-ως

1981 5093 2124 5143 misit
2149 5106 2228 5141 ac.

2057 5170 2071 5198 ε
2106 5160 2246 5210 Idam
2275 5157 2501 5224 Qttesn.,
2532 5157 2596 5211 ab
2625 5159 2868 5212 ambabus
2888 5155 3127 5217 Christus
3153 5155 3255 5215 Dei
3282 5153 3475 5209 Filius.
3501 5216 3505 5219 1

2062 5229 2076 5278 i
2115 5228 2210 5280 Ms.
2245 5229 2441 5291 Oxum,
2472 5229 2665 5281 habuit.
3280 5231 3288 5238 ’

2055 5297 2081 5336 Ιι
2110 5297 2335 5364 Quesn.,
2363 5296 2421 5350 Si
2443 5298 2612 5350 illum.

2066 5386 2080 5407 -
2117 5369 2281 5431 Idem,
2316 5372 2389 5420 Ac
2424 5368 2610 5434 simili;
2647 5375 2698 5421 et
2731 5373 3069 5434 postpauca,
3098 5365 3328 5431 serique
3355 5379 3542 5431 corpus

1987 5441 2105 5495 Mox
2138 5453 2265 5492 vero
2311 5447 2434 5508 post
2481 5431 2639 5493 verba
2687 5431 3153 5506 gratia—Deiﬁed.
3199 5435 3372 5491 Oxon.
3417 5436 3568 5490 addit
3627 5451 3630 5454 ‘

1987 5512 2210 5564 tradens.

2060 5591 2096 5615 ιιι
2129 5580 2324 5644 Qnesn.
2355 5579 2552 5634 omittit
2578 5594 2754 5632 rursus
2774 5576 3034 5650 {etdein
3049 5576 3208 5641 habet
3235 5593 3335 5633 non
3357 5577 3494 5650 quod
3515 5579 3590 5638 in-

1985 5651 2355 5721 corruptionem
2382 5652 2650 5716 ceciderat,
2672 5649 2806 5721 quod
2817 5700 2820 5702 γ
2837 5649 2990 5712 absit.
