3924 6188
241 288 322 343 60!

674 280 900 336 CODEX
939 279 1262 336 CANONUM
1304 277 1582 335 ECCLES.
1626 279 1714 332 ET
1754 278 2329 335 CONSTITUTODUM
2371 279 2429 336 S.
2471 280 2665 337 SEDIS
2704 281 3037 343 APOSTOL.

3387 285 3494 345 903

240 393 454 470 pisitio?
496 390 544 448 si
573 401 662 446 tua
698 401 781 448 est
800 433 816 459 ,
863 392 979 462 lege
1009 391 1122 462 ipse
1169 408 1184 445 :
1216 391 1486 464 Eutyches
1528 391 1810 462 presbyter
1833 396 1886 454 Α
1913 401 1995 447 tns
2018 403 2121 448 est.
2151 394 2207 449 Si
2236 409 2366 466 ergo
2391 408 2563 451 mater
2583 397 2698 466 ejus
2720 400 3189 454 consubstanttans
3212 404 3489 474 estnohis,

239 491 359 542 .ixit
400 504 418 542 :
470 487 586 540 Mea
615 483 833 554 quidem
877 493 961 539 est
1006 493 1032 522 ι
1072 485 1269 549 dictio;
1318 499 1438 554 quae
1483 499 1598 538 mea
1645 484 1810 539 dictio

243 579 442 651 aqualis
471 586 558 634 est
601 577 852 632 sensibus
896 586 1201 631 sanctorum
1241 576 1480 630 Patrum.
1522 574 1809 631 Flavianus

243 677 507 742 c,.iscopus
534 670 668 726 dixit
692 687 707 724 :
732 669 760 708 δ
789 670 883 724 Dic
899 685 1122 739 quorum
1147 669 1386 734 Patrum,
1413 683 1508 737 per
1536 676 1586 722 te
1609 667 1808 737 ipsum;

240 769 345 836 quid
375 778 552 820 autem
584 779 719 832 opus
752 763 916 817 habes
943 763 1164 817 charta?
1207 762 1479 834 Eutychos
1527 761 1809 832 presbyter

161 854 172 861 “
238 860 350 914 dixit
380 858 504 912 :Sic
528 856 690 911 credo
715 871 730 908 :
757 855 938 909 Adoro
962 855 1172 910 Patrem
1202 869 1322 908 cum
1350 853 1501 917 Filio,
1532 863 1585 906 et
1613 853 1803 907 Filium

237 965 341 1003 tum
373 948 565 1013 Patre,
608 957 660 1001 et
686 946 942 1013 Spiritum
969 956 1212 999 sanctum
1243 960 1346 999 una
1381 961 1506 1000 cum
1539 945 1698 998 Patre
1752 953 1805 999 et

237 1041 377 1093 Filio.
417 1048 440 1077 ο
479 1035 754 1090 Confiteor
802 1043 982 1090 autem
1037 1036 1506 1104 praesentationem
1560 1036 1805 1089 incarna-

237 1141 330 1184 tatn
364 1131 532 1197 ipsius
567 1127 762 1182 {actam
814 1141 880 1182 ex
919 1142 1082 1181 carne
1113 1137 1310 1181 sancta:
1338 1125 1608 1196 Virginis,
1640 1135 1694 1181 et
1725 1128 1808 1180 in-

237 1233 553 1293 corporatum
603 1222 840 1292 perfecte
889 1233 1108 1291 propter
1138 1229 1376 1275 nOstram
1413 1221 1664 1275 salutem.
1713 1220 1804 1276 Sic

231 1310 479 1372 con'itcor
528 1328 713 1370 coram
746 1312 905 1367 Patre
933 1321 988 1366 et
1016 1311 1149 1366 Filio
1174 1321 1229 1367 et
1255 1311 1458 1380 Spiritu
1490 1321 1708 1376 saneto,
1749 1320 1805 1366 et

244 1420 404 1466 vestra
433 1411 736 1464 sanctitate.
780 1407 1066 1462 Flavianus
1114 1409 1398 1477 episcopus
1445 1407 1621 1461 dixit:
1654 1407 1800 1461 Con-

244 1504 394 1558 titeris
435 1500 947 1556 consubstantialem
998 1500 1140 1555 Patri
1195 1499 1489 1555 secundum
1541 1501 1803 1554 Divinita-

243 1610 370 1662 tem,
441 1605 494 1652 et
556 1595 1065 1651 consubsttntialetn
1134 1595 1285 1651 Matri
1345 1594 1636 1649 secundum
1693 1593 1795 1647 hu-

243 1693 560 1755 manitatem,
591 1688 837 1743 eumdem
871 1689 1040 1756 ipsum
1077 1702 1237 1740 unum
1264 1685 1454 1740 Filium
1511 1686 1795 1741 Dominum

1910 493 1964 538 et
1993 485 2108 554 ipse
2139 487 2432 540 secundum
2463 503 2678 542 carnem
2710 491 3178 545 consubstantialis
3207 503 3288 546 est
3314 496 3488 550 nobis.

1913 576 2187 649 Eutyches
2239 580 2521 651 presbyter
2563 580 2730 636 dixit:
2762 582 3023 650 Quoniam
3076 585 3237 640 modo
3288 586 3487 654 dicitis,

1911 676 1938 714 ε
1968 669 2216 725 omnibus
2271 671 2572 726 consentio.
2625 672 2930 728 Florentius
2962 674 3043 728 vir
3073 675 3279 730 illuster
3309 678 3487 732 dixit:

1908 760 2074 818 Mater
2119 764 2164 818 si
2212 765 2367 819 nobis
2411 765 2881 822 consubstantialis
2929 778 3032 837 est,
3081 770 3196 824 sine
3241 769 3406 825 dubio
3435 783 3490 826 et

1908 852 1949 906 F
1955 853 2075 907 ilius
2105 856 2575 912 consubstantialis
2601 858 2756 913 nobis
2782 869 2884 914 est.
2911 859 3178 931 Eutyches
3211 863 3491 934 presbyter

1907 946 2041 1001 dixit
2078 965 2092 1000 :
2129 947 2396 1006 Hactenus
2443 967 2548 1005 non
2599 951 2707 1006 dixi
2764 954 3017 1022 quoniam
3074 957 3244 1024 ipsum
3286 971 3485 1024 corpus
3577 940 3584 946 ’

1908 1039 2001 1093 Dei
2030 1040 2311 1096 conﬁteor.
2342 1041 2372 1078 δ
2409 1043 2850 1098 Animadvertis?
2875 1045 2987 1100 Non
3019 1047 3127 1100 dixi
3157 1061 3352 1116 corpus
3387 1048 3486 1102 htt-

1906 1147 2143 1198 manum,
2195 1149 2391 1202 corpus
2417 1135 2549 1200 Dei;
2604 1136 2892 1191 humanum
2943 1149 3119 1194 autem
3173 1156 3398 1210 corpus,
3431 1151 3485 1198 et

1905 1227 2155 1294 quoniam
2188 1228 2348 1298 302
2374 1243 2436 1283 ex
2469 1227 2584 1298 ipsa
2617 1229 2834 1298 Virgine
2861 1230 3168 1286 incarnatus
3190 1243 3273 1289 est
3303 1235 3486 1289 Domi-

1905 1332 2024 1371 nus.
2084 1317 2139 1373 Si
2169 1328 2347 1372 autem
2395 1327 2605 1386 oportet
2633 1327 2689 1372 ut
2714 1319 2923 1374 dicatur
2967 1337 3032 1376 ex
3067 1323 3280 1392 Virgine
3311 1323 3324 1362 ί
3353 1342 3486 1381 con-

1903 1407 2270 1463 snbstanlialis
2322 1408 2499 1474 nobis,
2544 1418 2599 1464 et
2653 1411 2754 1464 hoc
2807 1411 2947 1477 dico,
2998 1412 3248 1480 domine;
3305 1425 3482 1472 tamen

1903 1500 2097 1553 Fiéinm
2127 1500 2221 1555 Dei
2267 1501 2596 1571 unigenitum
2633 1503 2913 1557 Dominum
2943 1505 3062 1560 coeli
3089 1515 3143 1561 et
3170 1516 3326 1562 terra:
3355 1526 3485 1564 con-

1901 1593 2268 1647 dominantem
2299 1603 2352 1648 et
2383 1605 2799 1664 conregnantem
2843 1596 3013 1663 Patri,
3042 1600 3130 1669 qui
3186 1599 3201 1650 i
3240 1603 3479 1658 considet

1900 1697 1952 1742 et
1983 1686 2340 1741 collaudatur.
2395 1686 2577 1756 Neque
2606 1688 2749 1742 enim
2793 1688 2913 1743 dico
2970 1694 3480 1750 consubstantialem

242 1793 462 1839 nostrum
501 1781 681 1836 Jesum
709 1780 1018 1836 Christum?
1070 1779 1336 1849 Eutyches
1384 1778 1676 1849 presbyter.
1715 1780 1795 1834 di-
1829 1768 1873 1828 Β
1902 1793 2145 1847 negasse,
2177 1793 2243 1832 eo
2271 1779 2410 1846 quod
2456 1780 2528 1833 sit
2579 1777 2694 1848 ipse
2745 1779 2908 1836 Filius
2941 1781 3070 1836 Dei:
3113 1795 3240 1839 ante
3265 1786 3480 1856 quidem

242 1879 341 1934 xit:
371 1877 519 1947 301
553 1875 682 1944 Ego,
715 1873 965 1943 quoniam
997 1870 1368 1925 commendavi
1410 1886 1496 1925 me
1524 1869 1822 1927 sanctitati

235 1976 432 2031 vester,
453 1965 558 2019 dixi
590 1963 714 2033 quid
743 1963 970 2017 sentiam
998 1961 1064 2015 de
1092 1960 1248 2015 Patre
1271 1967 1324 2014 et
1352 1959 1486 2016 Filio
1514 1968 1569 2015 et
1595 1961 1794 2031 Spiritu

235 2070 438 2122 sancto;
467 2057 595 2110 nihil
629 2056 849 2109 ulterius
877 2070 961 2107 me
990 2052 1344 2122 interrogetis.
1375 2051 1661 2108 Flavianus
1682 2053 1798 2124 cpi-

245 2165 415 2215 scopus
434 2149 588 2202 dixit:
617 2148 750 2200 Non.
775 2142 800 2182 δ
817 2145 1251 2200 Nuncconlitcris
1281 2161 1344 2200 ex
1369 2144 1574 2200 duabus
1591 2148 1798 2202 naturis

247 2239 484 2296 Christum
515 2240 538 2292 ’ἔ
579 2237 845 2309 Eutyches
871 2239 1150 2308 presbyter
1184 2237 1319 2291 dixit
1349 2253 1363 2289 :
1398 2236 1516 2290 Dixi
1546 2236 1794 2307 quoniam

247 2335 476 2387 conﬁteor
495 2347 615 2385 eum
639 2330 801 2384 Deum
815 2344 876 2383 ac
899 2328 1178 2382 Dominum
1192 2328 1314 2384 cadi
1336 2336 1579 2384 etterrte.
1609 2329 1798 2385 [iacte-

248 2439 335 2477 nus
350 2422 409 2478 de
427 2424 542 2492 ejus
553 2429 739 2475 natura
754 2419 1027 2488 disputare
1049 2420 1179 2474 mihi
1213 2429 1236 2457 ⁸
1250 2435 1354 2474 non
1372 2419 1792 2490 persuadebam:

247 2513 721 2568 consubstantialem
743 2520 921 2564 autem
949 2510 1102 2564 nobis
1124 2525 1393 2580 nunquam
1432 2512 1690 2566 hactenus
1711 2527 1799 2568 me

246 2604 418 2660 dixisse
439 2604 716 2660 conﬁteor.
736 2603 1018 2658 Flavianus
1039 2602 1324 2675 episcopus
1345 2603 1479 2659 dixit
1495 2623 1508 2658 :
1524 2604 1638 2660 Non
1661 2605 1798 2661 dicis

245 2700 718 2771 consubstantialem
736 2697 874 2752 Patri
894 2697 1184 2752 secundum
1205 2698 1484 2760 Deitatem.
1500 2709 1556 2754 et
1570 2701 1798 2756 consub-

245 2791 516 2846 stantialem
550 2791 704 2845 nobis
735 2790 1026 2845 secundum
1059 2789 1490 2845 humanitatem?
1521 2791 1791 2862 Entyches

248 2883 493 2954 presbyter
521 2883 659 2935 dixit
687 2899 701 2935 :
737 2881 914 2950 Usque
938 2881 1000 2934 ad
1033 2880 1349 2935 hodiernum
1376 2881 1517 2936 diem
1549 2897 1654 2937 non
1683 2885 1792 2941 dixi

249 2988 416 3041 corpus
442 2972 647 3026 Domini
695 2980 749 3026 et
793 2971 890 3026 Dei
921 2973 1087 3026 nostri
1118 2972 1577 3029 consubstantiale
1607 2976 1788 3044 nobis;

1901 1888 2005 1925 non
2035 1871 2298 1935 dicebam,
2325 1869 2352 1911 ι
2385 1871 2505 1926 dico
2535 1872 2750 1942 quidem
2783 1875 2942 1929 modo
2971 1876 3086 1943 tibi,
3115 1887 3244 1946 puto
3266 1880 3402 1947 quod
3427 1883 3480 1936 in

1899 1963 2122 2018 exordio
2148 1965 2290 2027 dixi;
2327 1980 2468 2018 nunc
2515 1976 2695 2020 autem
2737 1969 2990 2035 quoniam
3021 1972 3276 2025 sanctitas
3301 1982 3480 2030 vestra

1898 2053 2002 2108 hoc
2031 2054 2180 2122 dicit,
2212 2055 2348 2110 dico.
2383 2055 2665 2110 Flavianus
2695 2059 2980 2128 episcopus
3008 2061 3142 2115 dixit
3177 2078 3190 2115 :
3221 2064 3358 2134 Ergo
3386 2081 3481 2135 per

1901 2148 2296 2212 necessitatem,
2332 2163 2437 2201 non
2462 2163 2556 2216 per
2579 2149 2932 2214 voluntatem,
2959 2166 3142 2206 veram
3167 2152 3322 2208 ﬁdem
3351 2171 3481 2211 con-

1899 2240 2105 2294 ﬁteris?
2139 2239 2406 2311 Eutyches
2434 2240 2716 2312 presbyter
2741 2240 3095 2311 dixitzNunc,
3134 2244 3375 2314 domine,
3405 2247 3479 2304 ita

1902 2330 1922 2371 ι
1958 2332 2148 2389 habet:
2177 2347 2344 2403 usque
2370 2333 2435 2388 ad
2463 2334 2634 2393 istam
2685 2333 2870 2388 horam
2922 2337 3086 2391 metui
3116 2337 3318 2406 dicere,
3348 2356 3480 2411 quo-

1900 2429 2040 2482 niam
2067 2429 2177 2482 seio
2201 2429 2483 2483 Dominum
2511 2427 2677 2483 Deum
2704 2438 2966 2491 nostrum,
3001 2439 3053 2485 et
3077 2429 3142 2485 de
3160 2431 3274 2500 ejus
3292 2442 3478 2490 natura

1900 2518 2174 2588 disputare
2222 2518 2350 2572 mihi
2396 2534 2502 2572 non
2558 2519 3270 2589 persuadebam;quouiam
3299 2534 3476 2579 autem

1899 2621 2075 2666 vestra
2107 2611 2362 2666 sanctitas
2405 2609 2666 2678 permittit
2713 2619 2765 2664 et
2803 2611 2977 2676 docet,
3009 2611 3152 2670 dico.
3200 2613 3482 2671 Flavianus

1899 2705 2185 2774 episcopus
2207 2704 2374 2758 dixit:
2407 2703 2522 2757 Non
2555 2718 2652 2758 nos
2683 2704 2971 2758 novitatem
3017 2704 3316 2761 inducimus
3340 2749 3355 2772 ,
3387 2708 3481 2764 sed

1900 2806 1940 2834 ω
1976 2805 2224 2866 parentes
2275 2795 2444 2851 nostri
2497 2804 2900 2864 esposuerunt;
2958 2804 3012 2850 et
3056 2797 3193 2851 sicut
3239 2799 3480 2867 exposita

1900 2888 1968 2943 ab
1988 2888 2066 2943 eis
2096 2887 2226 2942 ﬁdes
2255 2886 2434 2952 habet,
2465 2885 2543 2940 sic
2586 2885 2892 2951 credentes,
2926 2885 2978 2939 in
3013 2887 3094 2940 his
3136 2903 3482 2957 perseverare

1899 2994 2088 3035 omnes
2117 2978 2385 3042 volumus,
2413 2986 2466 3032 et
2490 2977 2693 3032 nullum
2724 2976 2924 3044 aliquid
2954 2978 3228 3032 innovare.
3262 2979 3483 3034 Floren-

241 3074 448 3120 sa‘nctam
473 3075 648 3120 autem
675 3065 946 3135 Virginem
969 3065 1230 3137 confiteor
1251 3065 1406 3120 nobis
1437 3069 1787 3126 consubstan-
1813 3077 1861 3141 C
1897 3075 2000 3129 tius
2026 3073 2109 3128 vir
2135 3073 2343 3128 illuster
2368 3070 2500 3126 dixit
2525 3089 2539 3125 :
2571 3069 3096 3125 Consuhstztntialem
3128 3079 3154 3106 η
3178 3087 3244 3125 cx
3273 3071 3482 3126 duabus

243 3162 415 3228 tialem,
439 3172 487 3216 et
509 3161 757 3231 quoniam
787 3176 852 3214 ex
881 3176 940 3214 ea
974 3161 1276 3215 incarnatus
1299 3171 1379 3215 est
1410 3161 1549 3217 Deus
1581 3174 1784 3220 noster.

248 3246 261 3287 ¹
292 3251 495 3306 Basilius
535 3252 820 3321 episcopus
877 3250 1051 3305 dixit:
1087 3250 1142 3306 Si
1171 3261 1342 3306 mater
1362 3261 1443 3306 est
1475 3254 1628 3309 nobis
1657 3271 1788 3310 con-

238 3345 570 3398 suismntlalis
591 3381 605 3405 ,
635 3353 689 3396 ct
721 3344 854 3412 ipse,
887 3341 1140 3411 quoniam
1175 3340 1314 3395 [ilius
1346 3343 1578 3398 hominis
1626 3362 1786 3402 voca-

297 3534 316 3558 ⁸
348 3525 499 3578 Lond.
531 3525 714 3579 Cltalc.
751 3535 801 3579 et
843 3524 1008 3580 addit.
1043 3525 1194 3580 Dion.
1231 3526 1517 3595 utrobique
1549 3527 1785 3583 dictatio.

241 3592 372 3648 Vand.
399 3612 514 3650 eum
547 3596 666 3649 Vat.
702 3597 858 3660 i342,
903 3598 1078 3666 primo
1124 3598 1260 3661 loro,
1292 3592 1481 3661 dictio;
1526 3602 1782 3665 secundo,

229 3667 587 3742 dictat_to._hlox
625 3667 1157 3742 pro-sensibusvnlg.
1193 3666 1358 3721 Cone.
1403 3670 1599 3723 habent
1629 3686 1787 3742 expo-

230 3737 398 3806 sitioni.
427 3738 576 3791 Vind.
607 3750 661 3793 et
698 3739 900 3793 \‘ercel.
929 3739 1107 3794 delent
1141 3749 1442 3806 utrumque.

292 3804 315 3843 δ
343 3809 660 3880 Μεῖειιιιιῐιἶ
708 3811 880 3872 Diom,
910 3825 1131 3880 quorum
1177 3804 1465 3880 Putru‘mi
1487 3808 1580 3862 Dic
1617 3827 1710 3877 per
1739 3822 1784 3864 te

229 3875 394 3998 igniti.
431 3878 582 3947 Vulg.
625 3879 792 3932 Cone.
842 3875 962 3934 eum
1019 3895 1148 3934 mss.
1192 3881 1402 3946 Chalc.,
1441 3879 1534 3932 Dic
1570 3875 1786 3950 quorum

271 3957 315 3997 ut
345 3967 438 3998 nm.
463 3951 542 3998 dir
572 3967 659 3998 ner
690 3959 736 3998 te
759 3952 944 3998 insnm.

271 3957 315 3997 ut
345 3967 438 4010 nm,
463 3951 542 4002 n'ir
569 3967 659 4018 per
690 3959 736 4008 te
759 3952 944 4016 ipsum.

290 4028 310 4055 ε
339 4018 477 4081 Vulg.
501 4020 668 4073 Cone.
704 4040 715 4073 :
741 4019 995 4088 Conﬁteor
1022 4031 1192 4088 antem
1223 4023 1409 4088 factam
1440 4021 1615 4088 ejusin
1633 4037 1786 4074 carne

229 4093 519 4148 t-rcrsentiam
542 4107 606 4144 ex
632 4107 786 4144 carne
815 4081 1007 4146 sancta:
1055 4081 1302 4160 Virginis.
1326 4101 1372 4143 et
1406 4081 1784 4158 incorporatum

229 4173 327 4232 sunt
355 4163 585 4232 perfecte.
617 4161 752 4216 Cod.
782 4162 992 4216 Thuan.
1027 4178 1040 4213 :
1081 4161 1336 4230 Conﬁteor
1364 4171 1530 4214 autem
1560 4178 1786 4232 pz'wsen-

229 4230 444 4303 ta‘ionent
461 4233 512 4283 in
537 4249 700 4303 carne
726 4233 908 4303 ipsius,
939 4244 1044 4287 etc.

284 4295 308 4334 δ
345 4303 490 4354 Solus
520 4302 565 4368 ρ
588 4295 756 4368 ισ·εη.,’
783 4301 903 4356 Νοη
951 4302 1229 4359 confiteris.
1261 4303 1388 4355 Dein
1439 4317 1568 4356 mss.
1614 4302 1782 4356 addit.

231 4364 362 4422 Dion.
385 4384 432 4425 et
459 4364 647 4427 Ctt’alc.
686 4364 807 4426 cum
859 4371 977 4426 Vat.
1009 4372 1149 4427 5858
1192 4373 1540 4438 tlelt-ntdixi;
1593 4385 1646 4425 et
1689 4391 1785 4437 pro

1895 3167 2100 3220 naturis
2139 3175 2259 3234 post
2288 3163 2710 3219 incarnationem
2753 3161 3037 3216 Dominttm
3081 3172 3348 3230 no~trnm,
3389 3163 3486 3234 qui

1893 3274 1958 3313 ex
1993 3258 2208 3328 Virgine
2240 3265 2264 3294 ο
2293 3265 2397 3322 est,
2427 3256 2582 3323 dicis,
2613 3271 2680 3310 an
2721 3270 2826 3309 non
2847 3255 3172 3326 i‘Entyches
3201 3255 3490 3326 presbyter

1895 3348 2036 3404 dixit
2070 3367 2082 3402 :
2120 3359 2146 3397 Ρ
2177 3345 2439 3416 Conﬁteor
2470 3362 2532 3400 ea:
2562 3345 2762 3399 duabus
2791 3346 2989 3399 naturis
3021 3347 3179 3417 fuisse
3212 3347 3488 3400 Dominum

1896 3528 2142 3584 Potiores
2163 3529 2321 3583 codd.
2355 3544 2476 3584 cum
2502 3528 2662 3583 Vind.
2691 3528 3043 3596 praetulimus.
3071 3531 3272 3587 Sensus
3301 3543 3482 3591 autem

1894 3617 1958 3653 ex
1991 3600 2177 3654 Graeco
2202 3611 2320 3654 est:
2357 3601 2477 3655 Non
2508 3601 2616 3652 dixi
2639 3615 2826 3668 corpus
2860 3599 3081 3652 hominis
3121 3618 3307 3671 corpus
3355 3603 3480 3671 Dei;

1891 3673 1980 3725 sed
2009 3672 2116 3724 dixi
2147 3674 2428 3744 humanum
2452 3686 2657 3740 corpus,
2682 3667 2735 3722 et
2758 3672 2893 3739 quod
2915 3687 2980 3724 ex
3018 3671 3129 3741 ipsa
3161 3667 3372 3744 Virgine
3400 3667 3480 3730 in;

1891 3752 2132 3795 coenatus
2153 3751 2224 3794 est
2251 3741 2519 3795 Dominus.

1972 3810 1986 3849 ⁵
2026 3811 2146 3867 Vat.
2177 3814 2337 3873 5855,
2369 3822 2416 3865 et
2438 3807 2808 3864 substantialis.
2851 3809 3020 3865 Codd.
3050 3810 3237 3868 Cbalc.
3268 3823 3316 3869 et
3351 3832 3478 3870 con-

1893 3883 2248 3954 substantiale.
2317 3883 2431 3936 Mox
2487 3881 2695 3954 Quesn.
2723 3891 2847 3954 ante
2893 3893 3060 3935 tamsn
3101 3887 3298 3954 repetit
3340 3887 3476 3942 dico.

1895 3953 2203 4006 Dt’ieViIIIUS
2231 3969 2349 4006 cum
2374 3955 2572 4006 nostris
2601 3951 2760 4004 codd.
2789 3961 2841 4005 ιιι
2868 3955 3011 4019 vulg.

1968 4023 1981 4073 i
2019 4025 2137 4078 Vat.
2165 4023 2300 4077 ﬁt?
2317 4036 2368 4077 et
2393 4038 2520 4076 mss.
2546 4023 2713 4075 addit.
2744 4021 2896 4073 Dion.
2928 4024 3172 4078 consedit.
3199 4025 3316 4079 Mox
3345 4029 3479 4081 enim

1893 4107 1958 4146 ex
1990 4095 2237 4147 omnibus
2270 4095 2466 4147 nostris
2489 4093 2647 4146 codd.
2678 4102 2732 4146 et
2762 4094 2974 4146 excusis
3003 4093 3315 4162 adjecimns.
3349 4097 3476 4152 Dein

1893 4181 2083 4285 nfg‘tlxns
2112 4165 2266 4285 agisagis
2280 4180 2374 4233 pro
2396 4179 2606 4236 negasse
2632 4179 2688 4217 eo
2718 4165 2853 4233 quod
2883 4176 2967 4218 est
2999 4165 3049 4217 itt
3095 4165 3256 4220 codd.
3287 4167 3473 4223 Chalc.

1893 4252 1919 4285 υ
2026 4245 2098 4285 :tl.
2128 4255 2160 4285 ο
2275 4274 2288 4285 .

1890 4243 1946 4286 et
1981 4237 2098 4289 Vat.
2128 4237 2288 4289 5853.

1961 4302 1987 4340 ιι
2011 4305 2237 4370 Quesn..
2270 4306 2401 4358 sicut
2431 4312 2574 4372 puto.
2604 4303 2832 4358 Textum
2880 4303 2944 4357 ad
2982 4305 3134 4358 Vind.
3168 4315 3221 4360 et
3249 4319 3475 4362 creteros

1891 4387 2106 4429 nostros
2135 4377 2348 4428 codices
2375 4380 2680 4442 exegimus.
2714 4375 2840 4428 Mss.
2881 4375 3063 4429 (lltalc.
3099 4375 3300 4432 Rustici
3351 4395 3473 4434 cum

230 4457 324 4490 rem
353 4440 506 4517 Deum
556 4443 756 4517 habent
788 4442 948 4517 Deum
1003 4459 1193 4495 meum.
1229 4443 1346 4496 Vat.
1403 4444 1565 4506 1542,
1610 4445 1786 4517 deleto
1815 4458 1862 4516 D
1891 4445 2074 4517 Gram,
2105 4445 2223 4517 dico
2245 4440 2542 4517 autemtitii,
2571 4445 2692 4517 quia
2718 4445 2790 4497 sic
2817 4445 3037 4517 (extimo,
3063 4447 3186 4516 quia
3223 4465 3255 4500 a
3282 4451 3476 4517 princi-

231 4525 343 4584 ενωι,
382 4513 532 4567 habet
577 4514 776 4580 paritrr
808 4514 965 4584 Denm
999 4530 1186 4573 meum.
1219 4524 1272 4584 9t
1302 4529 1420 4567 cum
1453 4528 1582 4566 mss.
1615 4515 1779 4569 addit.

232 4576 362 4635 Dion.
391 4576 596 4649 ignorat
626 4598 785 4636 voces
813 4582 925 4635 θρίξ
948 4592 992 4636 et
1017 4592 1184 4636 turrar.

287 4659 305 4685 ε
335 4652 413 4705 Sic
449 4653 604 4708 Vind.
637 4663 690 4706 et
720 4653 931 4707 Thuan.
968 4653 1377 4707 concinentibus
1411 4654 1640 4706 caeteris.
1684 4654 1786 4708 So-

231 4716 316 4794 lum
346 4725 494 4778 codd.
526 4724 784 4778 Chalced.
817 4740 937 4777 cum
971 4724 1156 4791 Crab.,
1191 4741 1294 4778 non
1332 4725 1453 4776 mihi
1477 4727 1778 4794 persuadeo.

228 4792 360 4862 Sidus
392 4798 614 4860 Qucan
644 4811 745 4845 non
775 4796 1101 4862 persuadens.

288 4859 303 4897 ί
328 4865 375 4917 ln
396 4859 640 4918 omnibus
659 4859 788 4920 mss.
807 4864 1212 4918 collectionibus
1237 4865 1490 4932 antiquis,
1509 4881 1624 4929 quae
1643 4865 1782 4920 hanc

228 4933 498 4994 primmvam
538 4937 840 4988 versionem
879 4935 1178 4997 continent,
1209 4936 1423 4988 omissa:
1449 4948 1570 4988 sunt
1604 4937 1780 4989 brevis

227 5002 529 5075 interloctstio
574 5004 829 5070 Flaviani,
883 5014 937 5059 et
981 5005 1234 5075 Eutychis
1284 5009 1775 5075 responsiotquas

227 5074 444 5140 antiquus
481 5076 748 5142 interpres
775 5075 984 5129 concilii
1016 5074 1466 5129 Chalcedonensis
1493 5091 1559 5129 ex
1593 5074 1781 5130 Graec-1

227 5145 455 5216 supplevit
481 5146 562 5198 his
588 5147 793 5198 verbis:
819 5147 1182 5200 Sanctissimus
1203 5145 1610 5216 archiepiscopus
1632 5148 1784 5200 disit:

227 5211 657 5268 Coitsubstantialis
680 5232 797 5284 ergo
825 5218 965 5270 nobis
989 5227 1032 5269 et
1065 5215 1246 5285 Virgo,
1271 5232 1332 5268 ea:
1361 5211 1460 5285 qua
1482 5211 1753 5269 incarnatn
1771 5237 1788 5266 ς

227 5294 283 5334 est
303 5287 607 5357 immittatur
628 5285 880 5339 Christus.
908 5287 1160 5357 Eutyches
1184 5288 1442 5357 presbyter
1465 5287 1634 5340 dixit:
1665 5288 1788 5342 Dixi

243 5355 342 5419 quia
377 5355 526 5427 Vrgo
554 5359 996 5410 consubstantialis
1014 5355 1096 5409 Vest
1125 5357 1284 5410 nobis.
1312 5355 1572 5423 Basilius;
1604 5370 1709 5414 etc.

287 5436 307 5469 ις
335 5427 446 5480 Vat.
480 5427 651 5492 1542,
678 5429 731 5480 in
781 5429 1032 5482 omnibus.
1083 5429 1200 5480 Mox
1235 5427 1388 5481 Codd.
1426 5428 1593 5482 addit.
1625 5429 1778 5483 Dim.

225 5504 260 5546 et
283 5512 402 5549 mss.
429 5497 640 5558 Chalc.,
666 5514 781 5550 cum
811 5508 971 5551 mater
999 5497 1145 5551 nobis
1171 5498 1498 5550 constrbs'ant
1522 5502 1574 5551 al
1597 5517 1620 5551 ,ς
1663 5500 1747 5552 sit.

279 5565 551 5639 {Quean
585 5570 961 5621 Animadvertis
989 5571 1124 5639 quod
1148 5585 1246 5622 non
1274 5568 1402 5621 dixi.
1436 5569 1782 5624 Corrcxintus

217 5651 270 5688 ex
300 5636 448 5692 Vind.
480 5640 690 5692 'l‘huan.
731 5650 786 5693 et
827 5655 954 5693 mss.
989 5636 1154 5693 addit.
1211 5639 1364 5692 Dion.
1403 5648 1562 5704 atque
1592 5639 1776 5693 (.halc.

216 5705 332 5770 vctu
383 5710 584 5770 Queen.
617 5709 754 5766 deiet
786 5719 852 5772 et,
889 5720 938 5764 et
969 5726 1066 5776 pro
1096 5712 1388 5771 incarnatus
1420 5709 1579 5765 habet
1603 5718 1772 5771 natus.

1890 4515 1976 4594 pio
2013 4531 2112 4597 non
2135 4514 2378 4568 dcebum.
2415 4515 2535 4568 Mox
2574 4515 2669 4568 hoc
2721 4529 2785 4568 ex
2825 4515 3012 4569 iisdem
3036 4514 3196 4572 cedd.
3224 4514 3290 4573 et'
3326 4521 3472 4591 vulg.

1889 4598 2235 4640 lllsel'lllllllls.

1965 4653 1981 4692 ι
2015 4655 2216 4723 Quesn.
2248 4657 2396 4710 addit
2437 4671 2524 4719 se;
2555 4655 2849 4711 delevimus
2891 4671 3011 4710 cum
3064 4657 3470 4723 Vit:d.,'l‘httan.

1885 4726 2111 4794 aliisque
2141 4731 2338 4781 nostris
2367 4727 2524 4780 codd.

1961 4806 2000 4833 ω
2032 4796 2174 4851 Idem
2209 4798 2396 4852 inserit
2437 4798 2700 4865 quoniam.
2752 4796 2920 4850 Codd.
2957 4796 3141 4852 Chalc.
3175 4815 3296 4853 eum
3347 4799 3471 4857 Val.

1888 4866 2030 4922 3855
2063 4882 2158 4936 pro
2188 4877 2420 4930 parentes
2443 4867 2642 4923 habent
2672 4868 2876 4921 Patres.

1957 4946 1987 4974 υ
2014 4938 2133 4993 Vat.
2164 4939 2300 4993 1542
2319 4949 2371 4993 et
2391 4939 2548 4991 codd.
2580 4939 2745 4993 addtt.
2771 4939 2923 4991 Dion.
2947 4949 3105 5004 atque
3128 4939 3317 4995 Chalc.
3347 4955 3470 4996 cum

1890 5007 2100 5078 Grmco.
2131 5019 2177 5062 et
2199 5026 2260 5062 ea:
2279 5010 2477 5062 duabus
2508 5010 2724 5064 naturis.
2761 5009 2814 5062 ln
2841 5010 2967 5064 solis
2992 5010 3149 5063 endd.
3183 5014 3339 5078 hujus
3359 5013 3470 5062 col-

1890 5077 2137 5133 lectionis
2163 5079 2467 5148 conjttnctio
2494 5090 2540 5132 et
2578 5082 2798 5134 excidit.

1961 5159 1984 5183 ο
2021 5149 2213 5201 Vocem
2255 5164 2406 5202 natus
2432 5167 2459 5201 a
2501 5152 2788 5213 Qttt-snollo
2823 5150 3076 5201 insertam
3108 5149 3464 5213 expttnxitntts

1888 5220 2206 5272 auctoritate
2237 5235 2365 5272 mss.
2405 5219 2560 5270 Vind.
2599 5235 2660 5272 ac
2689 5218 2924 5282 Tltuan.,
2958 5220 3074 5270 aliis
3102 5219 3325 5270 altarum
3354 5225 3468 5272 col-

1890 5289 2176 5342 lectionnm
2221 5289 2538 5341 faventibus.

1959 5368 1986 5407 P
2015 5358 2142 5411 Iltrc
2166 5358 2340 5411 eadem
2373 5358 2518 5409 verba
2543 5358 2694 5424 refer!
2719 5373 2782 5409 ea:
2811 5358 2908 5409 ista
2940 5357 3164 5409 versione
3206 5357 3264 5410 S.
3298 5357 3395 5410 Leo
3418 5360 3469 5413 in

1888 5431 2099 5498 epistola
2138 5429 2206 5480 ad
2239 5427 2566 5490 FL-wiunum,
2599 5444 2711 5498 cap.
2757 5429 2819 5493 6;
2875 5429 3006 5498 unde
3057 5429 3313 5498 conjicere
3355 5431 3468 5482 licet

1886 5500 2032 5552 illam
2053 5501 2216 5570 ipsam
2249 5513 2356 5552 esse
2381 5514 2496 5570 qum
2516 5513 2578 5550 ex
2604 5497 2786 5570 ﬁrmo
2798 5497 3035 5570 confecm
3065 5511 3134 5552 ιδι
3152 5497 3333 5551 statim
3358 5509 3475 5567 post

1884 5565 2090 5640 accepta
2137 5579 2277 5638 gesta
2329 5569 2510 5638 synodi
2553 5569 2706 5632 huius
2747 5565 2856 5640 CP.
2882 5582 2996 5635 qut:
3024 5571 3256 5639 pontifex
3299 5565 3480 5623 noster

1886 5637 2072 5708 passim
2101 5637 2239 5706 gesta
2271 5637 2520 5711 appellat,
2565 5637 2992 5711 quemadmodum
3025 5637 3084 5690 ‘tn
3117 5637 3283 5707 fronte
3311 5639 3463 5711 hnjm

1885 5711 2091 5782 capituli
2126 5711 2328 5780 ῥεθέων.
2361 5710 2432 5765 ita
2481 5711 2678 5775 Queen.
2711 5709 2831 5765 cod.
2869 5708 3120 5777 Thuan.;
3156 5711 3286 5766 alias
3315 5708 3448 5768 (16in
