3924 6188
473 313 575 367 6ἓῦ

1402 313 1745 372 APPENDlX
1792 317 1877 371 AD
1918 315 1976 372 S.
2020 315 2265 373 LliONlS
2303 314 2514 373 BIAGNI
2556 315 2799 373 OPERA.
3577 321 3663 376 tit‘t

464 450 583 497 eme
610 433 750 488 circa
782 433 1028 489 effectum
1063 449 1164 486 non
1195 433 1351 486 talcm
1380 447 1484 486 non
1526 432 1749 486 haberet
1778 431 2046 486 licentiam
2078 436 2130 492 Α
2155 441 2428 487 correctus
2460 442 2512 485 et
2541 432 2877 494 emendatus,
2907 439 3290 499 eonseqttenter
3316 447 3548 494 correctus
3573 439 3590 479 ί
3622 454 3667 496 t-t

465 525 836 594 permanendi.
870 526 987 593 Quo
1014 525 1201 594 magis,
1236 533 1292 578 ut
1321 524 1521 579 dietttm
1563 532 1666 588 est,
1697 523 1943 592 exemplo
1969 530 2052 575 at-

465 631 570 685 qne
601 616 837 686 periculo
861 624 886 651 ³
917 615 1127 678 moniti,
1157 615 1315 684 327
1343 616 1430 684 qui
1477 614 1665 669 eodem
1712 624 1899 669 tenore
1926 622 2052 668 sunt

466 708 764 769 constricti,
802 704 1059 760 festinare
1078 704 1299 770 debent,
1326 713 1383 757 ut
1412 721 1516 759 non
1544 707 1674 759 tales
1693 719 1813 758 esse
1842 720 2048 770 ρει-τηειρ

464 806 647 860 urant,
665 798 857 867 quibus
882 798 1149 852 sententia
1176 797 1260 850 illa
1285 812 1388 850 non
1415 796 1669 851 so'venda
1704 795 1916 864 prtulixa
1942 804 2046 860 est;

462 900 512 941 et
544 903 665 943 esse
708 888 839 942 tales
891 888 1168 956 incipiant,
1223 888 1472 957 qualibus
1512 886 1540 924 ι’
1590 901 1694 941 non
1753 886 2050 939 insolubilis

463 979 679 1044 praefixa
709 978 995 1042 sententia,
1029 979 1340 1046 possitesse
1367 976 1630 1031 solubilis.
1664 977 1924 1043 Quoniam
1955 991 2048 1028 au-

409 1116 416 1123 .
465 1082 570 1124 tem
602 1069 793 1124 eﬂ‘eeto
821 1085 925 1123 non
958 1070 1069 1135 tali,
1101 1069 1240 1140 quali
1268 1084 1373 1122 non
1405 1068 1656 1122 solvenda
1688 1068 1900 1135 praefixa
1928 1082 2052 1120 sen-

462 1162 628 1215 tentia
655 1172 733 1215 est
756 1178 771 1225 ;
794 1162 1006 1226 effecto,
1047 1164 1284 1230 inquam,
1319 1176 1424 1214 non
1462 1162 1574 1224 tali,
1606 1171 1779 1230 potest
1810 1160 2050 1214 ευιιιιιίιίς

394 1266 400 1324 ς
462 1271 583 1311 esse
612 1258 904 1311 sententia:
951 1256 1074 1325 quia
1113 1255 1223 1323 jam
1266 1254 1460 1308 Acacio
1505 1270 1608 1306 non
1653 1254 1853 1307 volenti
1885 1264 1907 1291 ε
1945 1271 2050 1309 non

466 1346 625 1402 talem
656 1360 798 1412 esse,
826 1344 964 1399 sicut
992 1344 1083 1398 tali
1108 1359 1277 1413 usque
1305 1343 1355 1397 in
1388 1345 1545 1399 linem
1574 1347 1903 1412 pet-manenti
1935 1360 2053 1407 ter-

464 1439 661 1495 mansit
692 1438 991 1493 iuabsoluta
1033 1437 1326 1500 sententia,
1360 1435 1431 1490 ita
1476 1436 1584 1505 jam
1635 1451 1743 1489 non
1785 1436 1875 1490 tali
1912 1435 2050 1491 eflici

463 1548 571 1590 non
596 1531 1082 1597 volenti,solubilis
1108 1545 1213 1585 non
1239 1528 1842 1600 potestessesententia.
1868 1530 2053 1584 Nonne

466 1634 646 1681 tantos
674 1624 905 1680 habebat
929 1625 1154 1680 Aeacius
1176 1638 1401 1694 quorum
1437 1623 1742 1692 exemplum
1768 1623 1918 1693 sequi
1954 1637 2050 1691 po-

468 1720 657 1772 tuisset
687 1717 970 1783 antis'ites,
996 1716 1085 1785 qui
1112 1724 1161 1770 in
1188 1716 1459 1785 Ephesino
1490 1715 1720 1784 prolapsi
1755 1714 2050 1777 latrocinio,

2155 526 2329 595 possit
2359 525 2513 578 solvi.

2223 617 2351 672 Car.
2383 616 2471 670 Vl.
2516 645 2585 656 ——
2636 612 3043 683 Notandnmque
3078 614 3215 683 quod
3249 616 3466 684 quolibet
3500 637 3662 689 genere

2152 706 2649 772 blaSphemantibus
2678 706 2729 758 in
2762 704 3017 772 Spiritum
3049 718 3305 769 sanetum,
3331 707 3371 761 si
3397 711 3662 780 resipiscam

2154 807 2209 851 et
2235 798 2527 868 corrigam,
2551 807 2604 852 et
2629 797 2713 850 hic
2740 796 2822 851 eis
2844 797 2970 853 etin
2995 796 3167 849 futuro
3185 798 3368 852 sazeulo
3388 804 3660 862 remittatur:

2154 904 2253 944 nec
2279 890 2401 943 inde
2426 890 2592 958 possit
2619 888 2827 942 Dnnini
2860 898 2883 934 ϐ
2915 899 3107 941 nutare
3134 893 3401 956 sententia,
3431 909 3531 961 qua:
3550 898 3664 952 circa

2154 982 2289 1035 tales
2318 982 2498 1050 utique
2548 991 2928 1049 permanentes
2965 995 3277 1048 permanere
3316 983 3441 1037 dicta
3469 997 3554 1051 est,
3583 1005 3665 1043 non

2153 1073 2293 1126 circa
2328 1088 2430 1124 non
2467 1073 2599 1125 tales
2628 1071 2866 1125 effectos.
2899 1071 3144 1137 Quandiu
3179 1083 3346 1126 autent
3380 1074 3426 1127 itt
3465 1076 3549 1130 hoc
3579 1095 3668 1131 illa-

2155 1170 2301 1226 nent,
2328 1163 2460 1215 tales
2482 1173 2625 1226 sunt,
2653 1160 2899 1230 qualibus
2921 1176 3027 1214 non
3056 1161 3295 1215 remitten
3318 1167 3413 1216 lum
3439 1180 3542 1219 esse
3565 1182 3669 1233 pra-

2155 1257 2315 1310 lixnm
2347 1265 2458 1317 est;
2488 1272 2608 1308 cum
2642 1264 2819 1308 autem
2858 1256 2927 1309 ab
2971 1254 3071 1309 hoc
3098 1258 3421 1322 receSSerint,
3450 1276 3537 1313 non
3567 1263 3669 1315 tuli-s

2154 1347 2461 1401 efﬁciuntur
2484 1346 2731 1415 qualibus
2753 1360 2857 1400 non
2876 1346 3259 1401 remittendum
3282 1363 3392 1402 esse
3417 1351 3671 1418 pstcdicttun

2156 1447 2267 1492 est:
2301 1446 2354 1489 et
2396 1437 2517 1491 ideo
2558 1452 2662 1490 non
2694 1437 2889 1492 talibus
2929 1438 3135 1492 effectis
3168 1448 3335 1507 potest
3361 1448 3411 1495 et
3453 1443 3605 1505 ltie,et
3630 1448 3669 1496 in

2155 1528 2336 1581 futuro
2368 1525 2394 1563 ιι
2422 1527 2643 1589 szueulo,
2668 1527 2779 1597 jam
2819 1528 3039 1583 remitti.
3086 1529 3353 1599 Alioquin,
3389 1533 3513 1602 quod
3547 1535 3673 1597 absit,

2156 1620 2346 1674 frustra
2381 1621 2653 1675 videretur
2695 1621 2933 1676 Ecclesia
2963 1620 3264 1690 hujusmodi
3310 1621 3324 1659 ί
3367 1638 3450 1677 sua
3479 1625 3674 1679 reconci-

2157 1712 2377 1765 liatione
2416 1714 2720 1780 suscipere;
2751 1714 2874 1783 quia
2905 1722 3080 1767 autem
3115 1711 3357 1767 frustrari
3390 1730 3485 1769 non
3520 1724 3674 1783 petest,

465 1810 703 1875 quolibet
723 1809 882 1863 modo
913 1810 963 1863 in
994 1809 1403 1863 consensionem
1426 1806 1724 1861 reciderant
1751 1804 2057 1873 pravitatis?
2090 1799 2135 1858 B
2166 1804 2263 1857 hoc
2293 1804 2565 1859 intellectu
2599 1806 2771 1858 modis
2799 1804 3070 1869 omnibus,
3098 1806 3247 1859 salva
3291 1807 3475 1859 Domini
3501 1819 3676 1861 senten-

465 1898 660 1969 Utiqne
685 1910 862 1955 tamen
894 1901 985 1971 (et
1013 1901 1058 1954 si
1092 1900 1292 1954 dictum
1320 1913 1426 1953 non
1453 1898 1596 1969 erat)
1626 1895 1720 1952 det
1747 1906 2054 1969 perpetuam

464 1992 863 2047 damnationem
905 1993 1045 2048 ferre
1073 1993 1397 2063 potuissent,
1430 1993 1530 2047 nisi
1569 1992 1969 2061 resipiscentes.
2001 2002 2057 2045 et

464 2101 572 2140 non
604 2085 737 2141 tales
765 2086 938 2141 eﬂ'ecti
971 2086 1159 2156 quales
1186 2086 1298 2141 illic
1335 2085 1460 2141 facti
1491 2085 1729 2150 fuerant;
1758 2083 2057 2139 damnatio-

464 2192 694 2250 nemque
716 2185 1027 2248 perpetuam
1052 2177 1419 2241 merebantur,
1455 2177 1647 2232 resolvi
1671 2177 1809 2231 circa
1833 2191 1893 2231 se
1907 2175 2057 2230 dam-

465 2273 755 2337 nationem,
790 2273 1101 2329 recedentes
1128 2289 1155 2326 a
1188 2282 1465 2343 perpetua:
1485 2271 1843 2326 damnationis
1869 2286 2053 2335 causa,

466 2373 817 2419 meruerunt:
851 2379 1030 2432 quam.
1056 2364 1145 2432 qui
1181 2368 1487 2432 perstitere,
1521 2362 1658 2415 circa
1700 2376 1758 2415 se
1796 2360 2053 2415 insolubi-

467 2455 573 2509 lem
614 2455 983 2510 reddiderunt.
1028 2454 1167 2508 Nihil
1201 2454 1358 2523 igitur
1398 2455 1639 2518 interest,
1680 2453 1810 2506 nillil
1854 2452 2050 2517 dill‘crt,

469 2556 647 2601 utrum
675 2545 885 2600 dicatur
917 2561 1190 2615 nunquam
1225 2544 1534 2609 solvendus,
1565 2562 1629 2597 an
1661 2560 1765 2597 non
1809 2543 2051 2599 dicatur:

465 2639 586 2705 quia
636 2638 1000 2693 ecclesiastica
1051 2640 1317 2692 sententia
1361 2653 1482 2692 reas
1527 2648 1580 2691 et
1615 2638 2054 2707 p:a:varicatores

464 2730 699 2797 obligat;
736 2731 856 2798 quia
882 2730 1020 2783 sirut
1050 2745 1155 2783 non
1188 2738 1360 2796 potest
1387 2730 1433 2783 ei
1460 2728 1755 2797 suffragari,
1781 2729 1919 2799 quod
1946 2744 2053 2782 non

469 2832 553 2875 e—t
583 2824 923 2892 ilictusnunq
964 2838 1048 2875 am
1082 2822 1400 2888 solvendus,
1435 2822 1550 2889 sed,
1578 2822 1620 2875 si
1645 2823 1695 2876 itt
1730 2837 1913 2875 errore
1935 2837 2054 2892 per—

400 2974 410 2983 ,
469 2915 746 2978 manserit,
779 2915 1078 2969 insolubilis
1110 2916 1282 2969 modis
1312 2916 1560 2969 oninibns
1597 2926 1923 2983 perseverat,
1959 2930 2056 2971 nec

468 3015 646 3074 potest
676 3006 818 3074 inde,
850 3006 950 3061 nisi
981 3024 1084 3060 non
1114 3008 1232 3060 talis
1257 3006 1497 3072 elfettns,
1522 3007 1752 3073 absoltt;
1788 3009 1863 3061 sic
1897 3016 1920 3043 ο
1944 3007 2056 3060 cni-

466 3115 624 3167 quam
645 3100 993 3166 pra-judicare
1022 3115 1127 3152 non
1150 3108 1344 3167 potest,
1370 3099 1579 3153 tametsi
1603 3100 1799 3154 dictum
1823 3109 1900 3153 est
1921 3114 2055 3151 nun-

467 3198 624 3261 quam
649 3206 769 3245 csse
797 3190 1110 3245 solvendum
1135 3206 1150 3251 ;
1182 3191 1462 3245 manifesta
1494 3190 1700 3243 ratione
1723 3200 2055 3245 mOnstrante
2084 3179 2129 3240 C

467 3282 588 3350 quia
623 3298 889 3352 nunquam
920 3284 985 3336 sit
1016 3285 1235 3338 omnino
1280 3283 1589 3346 solvendus,
1637 3284 1679 3337 si
1712 3283 1849 3348 tatis,
1882 3282 2055 3352 qualis

468 3370 661 3441 ligatus
683 3383 785 3436 est,
819 3388 937 3428 esse
979 3375 1251 3443 persiStat.
1277 3375 1357 3429 vel
1402 3376 1522 3429 talis
1554 3374 1737 3443 utique
1784 3388 2052 3442 nunquam

467 3463 777 3530 solvendus,
807 3465 979 3534 qualis
1011 3477 1088 3520 cst
1117 3466 1403 3535 obligatus.
1439 3465 1553 3519 Non
1597 3466 1808 3534 adjecto
1850 3476 2051 3531 autem,

467 3556 680 3611 etiamsi
711 3557 986 3623 rrsipiscat
1009 3566 1063 3611 et
1093 3557 1348 3625 currigat,
1373 3568 1554 3626 patere
1583 3572 1799 3626 prorsus
1837 3567 1891 3611 et
1915 3557 2052 3611 libe-

472 3666 589 3704 rum
620 3664 740 3703 esse
770 3665 877 3704 non
907 3650 1121 3704 dubium
1146 3651 1236 3713 sit,
1262 3665 1313 3704 ut
1346 3668 1449 3706 non
1480 3652 1599 3705 talis
1622 3650 1863 3715 effectus,
1886 3652 2059 3721 qnal's

472 3754 739 3808 nunquam
769 3739 944 3795 dictus
976 3751 1056 3796 est
1085 3742 1247 3812 328
1276 3756 1397 3796 esse
1441 3743 1756 3807 solvendus,
1783 3742 1877 3796 sed
1915 3743 2054 3806 talis,

471 3829 642 3898 qualis
675 3846 777 3883 non
801 3840 882 3885 est
908 3831 1102 3900 dictus,
1136 3847 1402 3902 nunquam
1421 3848 1539 3887 esse
1566 3833 1877 3901 solvendus,
1900 3833 1950 3887 id
1974 3843 2058 3889 est

542 4047 569 4074 ⁸
595 4039 820 4105 Quesn..
852 4049 1099 4093 monente.

542 4108 567 4146 δ
600 4111 756 4163 Solus
784 4111 1008 4175 Quesn..
1041 4125 1139 4162 non
1167 4108 1418 4163 solubilis.

544 4190 567 4216 ε
599 4181 690 4235 Sic
718 4183 908 4234 metius
938 4195 1058 4233 cum
1089 4180 1231 4249 vulg.
1255 4180 1418 4235 Cone.
1442 4195 1600 4249 quant
1629 4194 1750 4235 cum
1776 4184 1972 4248 Quesn.
2002 4194 2054 4239 et

470 4255 671 4305 nostris
697 4252 857 4305 codd.
901 4266 1002 4303 non
1039 4252 1179 4304 talis.
1210 4251 1337 4304 Dein
1378 4254 1602 4318 Quesn.,
1646 4269 1747 4306 non
1783 4254 2054 4321 absoluta;

469 4322 615 4391 vulg.
642 4322 829 4379 Cnne..
871 4325 915 4372 ἠ
958 4320 1214 4375 absoluta.
1248 4321 1438 4377 Melius
1477 4337 1597 4376 eum
1636 4325 1835 4378 uestris
1867 4320 2048 4389 eodd,,

468 4394 777 4446 inabsolnta.
803 4391 921 4445 Max
941 4392 1085 4445 solus
1113 4392 1335 4459 Quesn.,
1364 4410 1464 4446 non
1489 4393 1579 4447 tali
1608 4395 1744 4462 efﬁci
1771 4396 2051 4451 volentiso-

463 4462 647 4534 labilis
678 4473 839 4529 potest
870 4479 1008 4525 esse;
1034 4475 1084 4516 et
1112 4472 1294 4532 postea
1324 4474 1490 4534 posset
1521 4478 1616 4531 pro
1645 4466 1908 4534 potuisset.

541 4529 567 4568 σί
598 4533 795 4608 Quesn.
824 4548 944 4608 cum
975 4529 1172 4608 (lauti,
1202 4529 1494 4608 perpetuam
1520 4529 1899 4608 damnationem
1922 4539 2056 4608 ferre

471 4605 773 4676 potuissent,
797 4607 894 4657 nisi
920 4605 1266 4672 resipiscentes
1288 4622 1386 4657 non
1407 4606 1531 4658 tales
1556 4605 1612 4676 ef
1609 4607 1900 4671 licerentur,
1923 4605 2055 4676 qua-

2165 1897 2256 1964 tia,
2295 1898 2689 1965 prmdicandum
2714 1907 2817 1964 cst,
2843 1908 3100 1968 quantum
3134 1900 3198 1952 ad
3230 1915 3324 1952 nos
3347 1900 3562 1965 pertinet.
3587 1916 3679 1952 oin-

2163 1992 2289 2044 nino
2314 2007 2416 2043 non
2446 2006 2622 2058 posse.
2655 1990 2796 2045 Talis
2826 1990 2988 2060 igitur
3008 1992 3188 2046 dictus
3210 2003 3284 2046 est
3311 1992 3529 2053 Aeacius,
3546 1992 3683 2058 qualis

2162 2085 2355 2154 ligatus
2382 2095 2484 2150 est,
2518 2100 2789 2153 nunquam
2822 2098 2945 2139 esse
2974 2085 3293 2149 solvendus;
3339 2084 3448 2140 talis
3474 2099 3612 2152 usque
3644 2084 3683 2136 in

2164 2180 2322 2233 linem
2351 2191 2471 2231 esse
2497 2177 2810 2243 permansit,
2838 2176 2956 2230 talis
2986 2192 3109 2232 esse
3148 2194 3253 2231 nou
3275 2176 3479 2231 destitit.
3506 2179 3517 2225 t
3546 2175 3605 2228 lta
3625 2184 3683 2227 ta-

2162 2272 2228 2326 lis
2253 2280 2336 2326 est
2366 2270 2523 2325 hodie
2551 2273 2719 2340 qualis
2752 2280 2835 2325 est
2874 2280 2927 2325 et
2960 2270 3171 2335 dictus;
3214 2285 3316 2324 non
3344 2268 3453 2322 talis
3477 2281 3579 2321 esse
3598 2265 3683 2335 jam

2164 2381 2268 2419 non
2319 2373 2526 2433 potest:
2569 2378 2840 2432 nunquam
2884 2363 3043 2432 igitur
3075 2364 3205 2417 talis
3244 2358 3571 2431 permanendo
3604 2356 3685 2409 sol-

2162 2457 2366 2511 vendus
2394 2467 2506 2520 est;
2537 2456 2623 2526 qui
2652 2456 2694 2510 si
2726 2455 2845 2510 talis
2871 2469 2992 2510 esse
3025 2455 3047 2491 κ
3080 2454 3382 2518 desisteret,
3409 2466 3497 2505 nec
3525 2450 3568 2503 in
3604 2462 3684 2501 non

2165 2548 2253 2601 tali
2280 2550 2681 2617 permansisset,
2706 2557 2755 2601 ct
2789 2562 3056 2616 nunquam
3087 2562 3215 2600 esse
3256 2544 3564 2604 solvendam;
3591 2538 3686 2607 quin

2164 2657 2266 2692 non
2293 2640 2431 2701 talis,
2464 2640 2636 2707 qualis
2659 2641 2833 2693 dictus
2873 2649 2955 2691 est
3003 2655 3277 2705 nunquam
3315 2650 3428 2690 es-e
3455 2630 3689 2686 solvendas

2163 2741 2344 2799 posset
2366 2730 2595 2795 absolvi,
2621 2742 2674 2782 et
2703 2729 2717 2767 ι
2746 2745 2859 2789 non
2882 2730 2966 2783 tali
2988 2745 3263 2799 nunquam
3290 2728 3413 2780 solvi
3444 2723 3685 2783 recederct,

2162 2832 2218 2876 el.
2248 2825 2367 2877 ideo
2400 2834 2453 2876 nt
2485 2824 2618 2878 solvi
2654 2833 2832 2891 posset
2870 2824 3175 2878 accederet.
3203 2833 3241 2859 ω
3270 2819 3412 2889 Quod
3438 2818 3569 2871 s-des
3590 2830 3687 2882 apo-

2161 2916 2350 2968 stolica
2393 2932 2498 2968 non
2546 2915 2837 2980 consensit,
2871 2930 2970 2969 nec
3016 2917 3311 2986 imperator
3340 2911 3577 2981 imposuit.
3615 2920 3690 2959 ιιεο

2163 3007 2443 3061 Anatolius
2468 3009 2771 3077 n~utpavit;
2799 3017 3090 3076 totumque,
3117 3008 3381 3061 utdictum
3403 3003 3563 3071 est,iu
3580 2999 3691 3053 sedis

2161 3100 2464 3161 apostoticm
2487 3107 2569 3151 est
2598 3101 2823 3165 positum
2858 3107 3129 3165 potestate
3156 3118 3168 3149 :
3202 3102 3269 3152 ita
3302 3096 3432 3167 quod
3462 3096 3507 3148 in
3528 3090 3691 3162 synodo

2161 3188 2316 3240 sedes
2346 3188 2634 3255 apostolica
2673 3190 2919 3255 firmavit,
2968 3188 3069 3244 ltoc
3101 3190 3270 3243 robur
3310 3185 3549 3249 obtinuit;
3581 3178 3693 3251 quod

2162 3282 2428 3345 refutuvit,
2458 3281 2657 3334 habere
2680 3297 2782 3335 ttOn
2802 3281 2973 3347 potuit
2998 3282 3339 3336 firmitatem:
3359 3275 3693 3334 etsolarescin-

2162 3373 2239 3428 dit
2273 3373 2413 3443 qnod
2448 3384 2640 3443 pra-ter
2669 3373 2908 3429 ordinem
2937 3375 3283 3443 congregatio
3314 3373 3465 3444 329
3488 3365 3692 3442 synodica

2166 3468 2436 3535 putaverat
2494 3465 2895 3533 usurpandum,
2953 3481 3057 3519 non
3117 3467 3486 3536 promulgatrix
3535 3463 3695 3514 iteratae

2163 3561 2465 3621 sententim,
2489 3560 2578 3611 S'Hi
2597 3574 2715 3611 cum
2736 3557 3029 3628 apostolica
3052 3560 3188 3613 sede
3205 3558 3394 3614 vcteris
3417 3549 3692 3611 exsecutrix.

2231 3652 2357 3706 CAP.
2392 3652 2506 3706 \‘ll.
2535 3682 2606 3693 —-
2646 3652 2753 3705 lloc
2786 3662 2964 3706 tamen
2996 3693 3012 3717 ,
3039 3654 3189 3722 quod
3234 3653 3302 3706 de
3325 3666 3426 3705 uno
3454 3646 3699 3711 eodemque

2161 3743 2378 3797 homine
2410 3744 2609 3795 dictum
2653 3752 2755 3807 est,
2784 3743 2898 3795 sive
2926 3742 3013 3795 tali
3044 3744 3400 3812 persistente,
3428 3737 3579 3809 qualis
3603 3744 3698 3786 sen-

2161 3834 2384 3888 tentiam
2411 3840 2779 3903 competenter
2805 3832 3012 3903 accepit
3037 3877 3050 3901 ,
3079 3835 3198 3890 sive
3226 3850 3331 3889 non
3364 3833 3450 3888 tali
3472 3828 3636 3884 et'fecto
3660 3840 3698 3888 ι,

2158 4053 2263 4115 tur,
2290 4044 2426 4111 quod
2460 4044 2662 4111 ansn.
2698 4057 2997 4115 receperat.

2236 4114 2250 4152 ξ
2280 4107 2700 4181 Ουε-ιιξίιιεειτίι
2730 4107 2954 4169 homines
2984 4120 3068 4179 in;
3104 4114 3281 4166 delent
3329 4111 3460 4177 vnlg.
3495 4107 3634 4156 Con“.
3660 4108 3702 4151 ει

2162 4195 2329 4239 nostri
2360 4185 2519 4238 codd.
2548 4183 2668 4239 Mox
2697 4187 2894 4250 Osor...
2931 4203 3024 4248 pro
3056 4185 3325 4254 frustrari,
3355 4183 3505 4254 habet
3530 4181 3703 4242 [mslm-

2165 4256 2345 4316 Vind.,
2404 4256 2675 4324 frustrare.
2736 4258 2868 4311 Dein
2910 4251 3064 4324 vnlgf
3096 4256 3291 4319 (Ione,
3346 4251 3539 4304 omnino
3571 4257 3701 4311 poste.

2162 4326 2343 4381 deleto
2366 4343 2503 4398 non.
2991 4397 2995 4398 ί
3271 4386 3305 4398 _,
3444 4392 3451 4398 ,
3645 4384 3669 4398 ,.

2237 4399 2250 4446 i
2288 4396 2445 4449 Solus
2476 4396 2700 4463 ῥυείη..
2733 4400 2901 4464 itaque
2927 4397 3074 4458 talis;
3107 4413 3169 4448 ac.
3200 4386 3343 4457 dein,
3366 4392 3451 4444 setl
3479 4404 3568 4440 non
3596 4386 3704 4436 ta't't.

2234 4466 2259 4504 ¹ι
2286 4467 2511 4535 Qtlt‘Stl.,
2537 4470 2748 4535 melius,
2773 4484 2894 4521 cum
2921 4470 3121 4524 υκηιι..
3148 4466 3482 4518 destitisset...
3508 4470 3704 4537 perman-

2161 4539 2325 4600 sisset,
2358 4553 2619 4608 nunquam
2639 4550 2765 4591 esset
2793 4538 3081 4592 solvendus.
3112 4538 3376 4608 Codicum
3410 4538 3705 4608 yi-tttsttormt

2166 4610 2444 4662 lectionem
2469 4603 2589 4661 eum
2620 4610 2846 4677 vulgatis
2868 4611 3198 4662 concordem
3224 4606 3326 4663 etsi
3358 4603 3525 4657 minus
3547 4607 3708 4651 rectam

474 4654 548 4724 les
573 4673 679 4724 illic
709 4654 834 4743 [avrti
861 4654 1083 4745 fuerant.
1117 4677 1159 4726 Α
1182 4686 1425 4743 perpetua
1454 4654 2058 4745 ergo't'lamnationejme-
2087 4654 2139 4715 Ῑ)
2164 4654 2508 4733 mittare'ansi
2543 4654 2875 4733 nonws't'iiit'u‘s.

471 4754 687 4796 ruerunt
746 4746 950 4811 resolvi,
995 4750 1281 4797 recedentes
1336 4762 1367 4797 a
1414 4754 1667 4815 perpetere
1719 4748 2059 4802 damnationis

468 4827 646 4876 causa,
679 4830 830 4880 quam
859 4818 966 4882 qui,
995 4825 1098 4867 etc.
1136 4815 1442 4868 Lectionem
1477 4817 1826 4869 vetustiorum
1853 4828 2062 4871 nostro-

464 4898 594 4949 rum
626 4886 785 4937 codd.
815 4901 877 4938 ac
905 4886 1065 4938 etiam
1093 4884 1305 4939 Tttuan.
1332 4900 1456 4938 cum
1476 4888 1620 4953 vulg.
1644 4886 1810 4940 Cone.
1836 4902 2062 4943 consen-

471 4960 720 5016 rientem,
769 4956 889 5009 licet
941 4955 1120 5009 minus
1169 4955 1394 5024 claram,
1437 4957 1721 5009 immutare
1768 4958 2059 5013 noluimus.

465 5026 661 5081 Solum
693 5027 834 5094 vulg.
869 5027 1034 5080 Cone.
1066 5042 1162 5094 pro
1192 5036 1482 5080 meruerunt
1512 5026 1707 5081 habent
1737 5031 2054 5083 meruissent.

540 5107 564 5132 α
596 5095 677 5149 ita
710 5098 864 5150 rodd.
897 5098 1055 5150 etiam
1083 5096 1291 5151 Tbuan.
1323 5109 1380 5152 et
1401 5098 1540 5166 vulg.
1571 5097 1911 5165 Qttesnellus,
1950 5106 2056 5154 cui-

464 5170 588 5222 dam
617 5170 973 5238 prmiudieari.

544 5240 563 5276 ί
593 5239 923 5295 Particulam
954 5249 1003 5293 et
1033 5253 1260 5293 ex-mss.
1293 5247 1347 5292 et
1374 5239 1519 5307 vnlg.
1546 5238 1710 5292 Cone.
1744 5241 2057 5307 adjeeimus.

472 5309 587 5434 leo:
610 5312 898 5365 notandum
929 5310 1066 5381 quod
1093 5310 1271 5364 deleto
1296 5326 1411 5379 qua:
1437 5327 1486 5363 tn
1519 5311 1660 5380 vulg.
1688 5310 1852 5365 Cone.
1881 5322 1934 5365 et
1961 5327 2062 5368 ms.

518 5394 682 5434 erun.

518 5394 682 5434 01'0".

468 5519 663 5590 Vind"
697 5522 953 5576 mendose
983 5524 1273 5590 praifereus
1301 5519 1493 5574 mirari.
1527 5523 1750 5588 Quesu.,
1780 5525 2005 5578 mutari.“

546 5587 572 5624 δ
611 5593 809 5657 Quesn.
841 5585 1016 5644 omisit
1047 5595 1234 5645 saeculo
1248 5595 1381 5660 jam.
1418 5585 1569 5661 Vulg:
1597 5594 1772 5647 minus
1795 5604 1937 5647 recte
1966 5585 2075 5648 ha:

473 5668 609 5715 bent
639 5662 826 5713 sarculo
848 5677 965 5732 non.
1007 5662 1227 5715 Nostros
1258 5663 1415 5716 codd.
1447 5667 1742 5732 sequimur.
1775 5663 1905 5716 Dein
1936 5680 2056 5715 eum

476 5732 624 5800 vulg.
654 5739 707 5783 et
738 5744 839 5785 ms.
875 5730 1097 5797 V'eron.,
1122 5732 1371 5785 rideretur
1404 5730 1740 5800 reposuimus
1772 5747 1865 5800 pro
1888 5735 2060 5786 videa-

2240 4746 2427 4802 ‘ldem
2484 4750 2712 4815 Quesn.,
2761 4749 3183 4817 repugnantibus
3239 4747 3437 4799 nostris
3484 4738 3620 4817 codri.
3668 4743 3709 4786 et

2164 4819 2303 4888 vulg.
2328 4813 2523 4891 Coum,
2546 4836 2646 4891 non
2672 4820 2788 4873 talis
2820 4813 3081 4888 nunquam
3108 4822 3226 4872 sola
3254 4834 3312 4871 us
3343 4813 3625 4891 abscederet.

2236 4885 2275 4926 πῖ
2299 4890 2424 4943 llaec
2457 4890 2704 4957 periodus
2728 4893 2825 4944 hoc
2850 4885 2967 4943 loco
2996 4907 3283 4956 perperam
3306 4889 3508 4940 thetnr
3530 4885 3712 4957 lustri}:

2166 4945 2641 5030 aptiusqtte'eapiti
2697 4960 2933 5015 secundo
2976 4945 3280 5029 adjicienda
3323 4964 3462 5032 esset
3508 4960 3612 5032 lifts!
3646 4945 3710 5032 ίηῖξ

2166 5027 2279 5101 qua!
2304 5027 2513 5083 noceant
2536 5036 2780 5098 refutare.
2809 5033 2938 5084 Dein
2965 5042 3011 5083 et
3039 5027 3152 5083 sola
3178 5030 3423 5084 rescindit
3446 5027 3712 5101 scripsitqtls

2167 5084 2232 5157 ex
2268 5116 2465 5155 nostris
2495 5084 2622 5155 nisi.
2651 5117 2711 5153 ac
2740 5084 2900 5157 etiam
2934 5119 2994 5153 ex
3022 5102 3236 5154 'l‘ltnan.
3267 5102 3429 5170 ipsius
3458 5084 3711 5170 Qttesttcllr.

2169 5173 2395 5241 vulgatis
2421 5171 2784 5227 Conciliorunt
2822 5171 3264 5242 suifragantibus.
3286 5159 3389 5226 ille
3420 5179 3557 5227 vero,
3576 5159 3711 5214 solum

2170 5259 2291 5313 ergo
2318 5242 2544 5313 rescidit.
2632 5312 2649 5313 γ
3356 5312 3359 5313 ν
3560 5304 3572 5313 _
3672 5294 3700 5313 ξ,

2238 5304 2265 5348 it
2308 5312 2418 5367 Soli
2448 5313 2591 5382 vulg.
2617 5312 2849 5377 Concil.,
2891 5324 2936 5366 et
2970 5314 3079 5366 illa.
3124 5313 3262 5368 Dein
3296 5312 3454 5367 iidem
3488 5304 3640 5382 γιιιιιοο
3666 5309 3698 5347 ³³

2070 5392 2079 5415 τ
2167 5382 2354 5436 militer
2373 5398 2480 5435 esse
2496 5379 2784 5454 pfwﬁxum,
2816 5396 2861 5438 et
2879 5386 3067 5452 papula
3091 5400 3155 5436 ac
3177 5395 3324 5454 gente
3345 5379 3496 5434 simul
3512 5380 3710 5454 delirat":

542 5459 569 5497 ϐ
605 5451 698 5507 Sic
728 5466 827 5505 ms.
866 5452 1061 5506 Veron.
1095 5468 1215 5507 cum
1254 5452 1395 5521 vulg.
1428 5453 1591 5506 Cone.
1622 5452 1871 5507 Concinit
1900 5452 2077 5521 etiam"

2167 5464 2310 5522 ptum
2332 5448 2519 5520 potius,
2539 5448 2652 5523 qua:
2673 5457 2725 5507 in
2739 5464 2840 5507 toto
2862 5448 2979 5508 orbe
3000 5459 3164 5523 portio
3177 5448 3280 5507 ἕεις
3298 5452 3323 5505 1
3334 5456 3440 5505 dent
3470 5448 3606 5523 enim,
3628 5448 3711 5521 9‘"-

2169 5519 2265 5577 Vix
2296 5538 2511 5578 sensum
2539 5519 2674 5578 habe
2699 5534 2754 5588 ιι,
2783 5527 2953 5593 inquit
2981 5519 3306 5593 Quesnetlns
3339 5539 3355 5578 :
3384 5524 3528 5587 cujtts
3557 5519 3710 5593 lectio.-

2167 5609 2287 5648 ttem
2320 5594 2547 5662 probant
2578 5595 2747 5664 nostri
2785 5590 3021 5662 codices,
3053 5597 3153 5647 niSt
3185 5595 3329 5664 quod
3383 5593 3492 5644 voci
3522 5590 3712 5664 dissert!"

2166 5676 2285 5737 nata
2310 5664 2505 5737 Veron.
2532 5663 2729 5731 sufﬁcit
2749 5667 3002 5735 portione,
3032 5662 3519 5737 Viuit-partiamur.
3546 5662 3711 5737 (ξείνι’-ι

2165 5736 2455 5801 Quesucllo
2498 5744 2719 5788 notante
2749 5729 2766 5795 ζ
2806 5739 2963 5791 ιιυικι
2994 5729 3281 5802 porticum
3321 5739 3516 5796 adepta.
3551 5729 3713 5779 “rei”
