3924 6188
242 273 343 333 825

678 269 901 327 CODEX
941 267 1261 325 CAXONUM
1304 267 1585 324 EIZCLISS.
1630 266 1715 320 ET
1755 264 1815 318 C(

1943 264 2330 337 rtt‘uroauu
2374 266 2426 322 s.
2472 266 2662 321 ssots
2705 266 3033 321 arusroc.

3398 263 3523 316 63‘6—

236 402 288 446 et
314 392 376 446 ab
399 389 485 445 illa
513 389 807 450 sententia,
838 401 953 456 qua:
987 400 1091 440 non
1124 385 1210 437 tali
1244 399 1349 438 non
1378 384 1513 436 dicta
1554 391 1634 436 est
1664 381 1808 435 abso-
1840 385 1887 440 Α
1918 381 1970 434 in
2020 382 2277 452 utrisque,
2316 382 2417 436 hoc
2444 392 2554 448 est,
2590 384 2640 436 in
2671 398 2736 438 eo
2777 382 3211 452 permanentibus
3237 422 3254 449 ,
3288 384 3344 439 in
3384 403 3495 453 quo

237 487 371 549 lato,
408 492 465 537 et
506 484 557 536 in
591 494 908 550 unaquaque
941 479 1159 532 civitate
1190 478 1381 546 legitur
1417 477 1663 530 similiter
1692 490 1811 529 esse

236 574 469 641 przellxa,
500 580 556 628 et
593 572 646 625 in
676 571 868 640 populo
904 586 965 622 ac
989 569 1143 622 simul
1172 578 1328 637 gente
1351 568 1689 633 deprompta,
1719 581 1812 633 po-

234 672 439 735 tiusque
469 666 521 717 in
563 674 672 718 toto
700 663 831 717 orbe
852 662 1217 715 disseminata.
1240 658 1381 712 idem
1415 658 1555 711 enim
1582 658 1809 709 mundus

230 770 332 824 est,
361 758 450 825 qui
481 767 533 811 et
566 757 835 826 periturus
857 764 939 808 est
961 754 1158 819 dictos,
1182 761 1235 807 et
1264 766 1440 805 sermo
1463 750 1557 804 Dei
1590 766 1691 804 non
1718 766 1810 819 po-

228 860 330 903 test
349 848 636 913 excidere,
664 856 719 902 et
751 848 803 900 in
838 846 953 915 ipso
979 845 1179 899 mundo
1211 844 1554 897 nihilominus
1577 859 1603 894 a
1635 844 1810 911 pravis

227 939 615 995 intentionibus
649 938 941 993 recedente
972 953 1074 990 non
1112 937 1395 1003 promitur.
1431 934 1519 989 Sic
1557 936 1727 1004 Tyrus
1756 943 1812 989 et

232 1033 643 1105 Beryton,Gaza
665 1042 719 1086 et
736 1031 997 1101 [Egyptus
1026 1030 1380 1098 pronuntiata:
1403 1041 1525 1083 sunt
1558 1028 1811 1097 peritura:

228 1123 440 1193 (Jerem.
476 1137 647 1190 nvn,
678 1124 733 1185 ις
769 1136 919 1185 xuv,
946 1120 1061 1188 1‘2),
1093 1136 1223 1189 quas
1244 1128 1422 1189 postea
1451 1134 1545 1189 per
1570 1118 1812 1189 Evange-

230 1219 351 1268 lium
386 1216 635 1268 novimus
673 1228 792 1268 esse
820 1214 1073 1266 salvatas.
1099 1211 1583 1281 Perieruntitaque
1613 1210 1811 1281 duplici

227 1308 406 1369 modo,
436 1316 529 1359 aut
553 1312 931 1371 permanentes
977 1306 1030 1357 in
1069 1318 1136 1358 eo
1164 1319 1270 1374 quo
1298 1304 1459 1359 talem
1490 1304 1810 1358 sententiam

227 1411 607 1469 susceperant;
636 1408 725 1452 aut
757 1397 1065 1452 deﬁcientes
1093 1397 1159 1451 ab
1188 1412 1257 1451 eo
1282 1412 1387 1466 quo
1412 1396 1547 1451 tales
1580 1396 1809 1460 fuerant,

232 1507 275 1549 et
302 1495 631 1562 incipientes
663 1507 783 1547 esse
811 1507 919 1561 quo
946 1507 1052 1545 non
1084 1492 1218 1545 tales
1244 1490 1474 1554 fuerant,
1497 1490 1692 1559 quibus
1730 1498 1813 1542 est

241 1581 313 1638 lla
344 1583 571 1653 praeﬁxa
605 1584 903 1646 sententia;
946 1592 1001 1633 ιιι
1026 1589 1420 1651 consequenter
1445 1579 1510 1633 ad
1539 1594 1642 1633 non
1677 1579 1813 1633 tales

246 1690 326 1735 ira
353 1676 650 1746 pertineret
675 1675 761 1729 illa
780 1674 1071 1738 sententia,
1104 1688 1225 1743 qua:
1250 1688 1353 1727 non
1375 1671 1566 1725 talibus
1595 1671 1809 1740 praeﬁxa

1916 476 2074 529 talem
2116 477 2433 531 sententiam
2466 486 2854 546 perceperunt,
2888 485 2942 529 ct
2973 476 3023 529 in
3053 476 3272 530 salvatis
3297 478 3494 534 exinde

1914 569 2187 623 Dominica
2217 570 2477 622 sententia
2510 569 2612 623 ﬁxa
2642 584 2887 636 permans
2913 578 2949 620 t.
2986 568 3238 622 Ettatnen
3266 570 3359 620 illa
3382 585 3495 633 per-

1914 670 2192 723 manente,
2226 662 2304 713 sic
2332 662 2409 713 eis
2442 680 2471 711 n
2498 662 2576 713 iro
2603 675 2798 727 genere
2825 660 3029 712 sanitas
3058 658 3358 713 introducti
3392 673 3511 721 est,

1914 760 1970 805 ut
2019 754 2104 806 illa
2134 754 2398 807 sententia
2433 769 2537 805 non
2584 764 2781 804 mutata
2812 750 3111 817 videretur;
3166 751 3259 804 sed
3309 752 3499 806 eadem

1914 845 2232 912 perdurante
2263 846 2461 899 sanitas
2485 887 2498 909 ,
2534 859 2635 898 non
2662 845 2876 897 illorum
2900 844 3113 898 conﬁde
3139 844 3223 897 .tia
3252 885 3264 905 ,
3298 844 3389 898 sed
3414 845 3497 898 di-

1913 938 2037 991 vino
2065 954 2286 992 munere
2320 938 2637 1005 proven'ret.

1984 1030 2114 1083 Car.
2145 1027 2280 1083 VIII.
2306 1030 2539 1095 -—Quod
2569 1032 2610 1083 si
2636 1030 2747 1084 huic
2774 1041 2796 1067 '
2823 1038 3028 1084 tentare
3064 1032 3370 1096 formidant,
3399 1049 3499 1087 nec

1913 1123 1978 1176 ad
2008 1136 2118 1175 suae
2149 1123 2417 1189 pertinere
2441 1132 2766 1185 cognoscunt
2795 1123 3066 1178 modulum
3089 1126 3389 1191 potestatis,
3409 1128 3497 1181 cui

1914 1218 1983 1272 de
2017 1214 2267 1270 humanis
2296 1216 2458 1270 rebus
2500 1224 2701 1269 tantum
2742 1217 2980 1284 judicare
3012 1218 3329 1287 permissum
3379 1228 3496 1285 est,

1915 1324 2019 1362 non
2066 1308 2225 1362 etiam
2275 1322 2507 1375 praeesse
2544 1306 2782 1371 divinis;
2828 1309 3100 1377 quomodo
3140 1310 3208 1364 de
3240 1311 3353 1373 his,
3405 1326 3500 1380 per

1914 1415 2048 1465 quos
2075 1399 2251 1452 divina
2281 1399 2653 1452 tninistrantur
2672 1441 2685 1461 ,
2707 1399 2949 1466 judicare
2977 1404 3343 1468 prmsumunt?
3364 1403 3501 1458 Fue.

1914 1491 2023 1545 rint
2046 1492 2159 1547 ltzec
2180 1500 2303 1545 ante
2319 1490 2607 1545 adventum
2627 1490 2851 1559 Christi,
2868 1499 2926 1544 ut
2948 1492 3241 1561 ﬁguraliter
3255 1493 3495 1563 quidam,

1915 1582 2089 1638 adhuc
2120 1592 2300 1637 tamen
2334 1584 2385 1636 in
2416 1583 2723 1637 carnalibus
2750 1583 3051 1640 actionibus
3079 1587 3374 1646 constituti,
3412 1604 3501 1653 pa-

1917 1676 2047 1729 riter
2061 1690 2211 1743 reges
2246 1675 2631 1730 exsisterentet
2650 1676 2850 1743 pariter
2870 1676 3358 1747 sacerdotes,qnod
3388 1694 3503 1732 san-

232 1786 327 1823 oon
354 1744 559 1823 fuerat.
605 1768 694 1822 Sic
723 1767 884 1822 etiam
927 1767 993 1821 de
1037 1775 1194 1835 gente
1231 1764 1539 1820 Judaaorum
1587 1776 1611 1801 ι
1641 1782 1667 1815 a
1701 1764 1812 1818 Deo
1845 1744 1889 1802 Β
1912 1776 2059 1818 ctum
2091 1765 2474 1819 Melchisedech
2506 1764 2667 1820 fuisse
2695 1780 2845 1821 sacra
2876 1768 3053 1836 prodit
3085 1744 3304 1822 historia
3332 1770 3500 1838 :quotl

230 1863 379 1914 etiarn
420 1878 517 1928 per
542 1861 731 1913 Isaiam
756 1859 1071 1929 pr0phetatn
1106 1857 1462 1927 peremptorie
1494 1858 1651 1911 veluti
1684 1872 1809 1926 pro-

234 1953 534 2005 nuntiatum
565 1961 647 2005 est
685 1968 699 2005 :
731 1950 926 2005 Claude
955 1948 1127 2004 oculos
1153 1965 1350 2011 eorum,
1372 1957 1416 2001 rt
1438 1948 1635 2001 obdura
1666 1964 1813 2001 utres

232 2061 438 2107 eorum;
479 2055 533 2097 ut
562 2045 787 2099 videntes
827 2060 926 2095 non
966 2043 1169 2095 videant
1196 2051 1239 2093 et
1285 2041 1545 2094 audientes
1585 2057 1685 2092 non
1715 2056 1809 2092 au-

229 2138 391 2203 diunt,
425 2153 491 2189 ne
519 2136 724 2205 quando
751 2133 1060 2206 intelligant.
1096 2132 1159 2185 Et
1190 2132 1385 2184 obdura
1413 2148 1503 2184 cor
1525 2132 1701 2202 populi
1725 2133 1814 2183 Itu-

230 2234 262 2299 ir
280 2246 322 2291 ε,
347 2245 419 2280 ne
443 2245 669 2297 unquam
688 2236 1041 2280 conrertantur
1062 2237 1109 2280 et
1130 2241 1297 2279 canem
1316 2224 1432 2277 illos
1449 2222 1583 2293 (Isa.
1605 2239 1678 2286 VI,
1704 2225 1810 2292 l0).

235 2322 317 2373 ttic
360 2319 537 2375 etiam
585 2318 848 2372 correctio
891 2327 943 2370 et
984 2317 1288 2371 emendatio
1336 2316 1614 2370 interdicta
1662 2332 1816 2370 mon-

231 2421 426 2465 stratur
448 2451 465 2471 ,
512 2419 564 2462 et
596 2409 943 2475 resipiscendi
983 2424 1195 2477 quoque
1217 2423 1339 2477 spes
1366 2423 1582 2475 prorsus
1607 2408 1815 2461 abscin-

232 2502 362 2554 tl'tur
397 2521 409 2553 :
446 2501 520 2554 de
550 2518 654 2568 quo
687 2511 863 2552 tamen
892 2500 1088 2570 pupula
1113 2501 1385 2566 apostolos
1426 2510 1481 2553 et
1516 2500 1811 2554 Ecclesium

236 2593 402 2657 primit
431 2607 555 2642 vam
592 2594 836 2642 novimus
866 2590 1191 2657 processisse
1212 2634 1225 2656 ,
1261 2601 1313 2643 et
1343 2600 1418 2643 tot
1450 2591 1613 2644 millia
1646 2591 1815 2643 homi-

236 2700 346 2736 ntun
389 2698 504 2736 una
534 2681 567 2735 d
594 2698 623 2736 e
664 2683 980 2750 baptismate
1026 2681 1189 2735 fuisse
1224 2683 1477 2737 salvatos.
1509 2685 1644 2737 l'lcec
1670 2693 1723 2737 et
1758 2684 1812 2735 in

235 2775 645 2839 persistentibus
688 2772 861 2840 qualis
910 2782 992 2826 est
1037 2774 1125 2827 illa
1166 2774 1433 2829 sententia
1480 2777 1812 2843 promu'gata

236 2868 527 2932 permansit
552 2906 571 2929 ,
618 2879 717 2919 nec
754 2865 821 2919 ad
870 2866 1263 2920 correctionem
1307 2882 1528 2935 prorsus
1567 2869 1749 2923 venire
1788 2867 1813 2905 δ

237 2958 477 3009 iattilztlis
509 2956 731 3009 admissi
765 2965 911 3019 sunt,
936 2955 1030 3011 sed
1053 2956 1339 3023 adjudicati
1370 2967 1494 3011 sunt
1525 2959 1575 3012 in
1602 2972 1697 3012 sua
1725 2974 1816 3011 uc-

236 3050 383 3114 qu'tia
411 3050 698 3117 deperire:
727 3058 781 3102 et
811 3058 1059 3102 manente
1080 3048 1257 3104 divina
1287 3049 1695 3112 sententiamon
1723 3066 1813 3116 per

237 3140 468 3205 ipsorum
515 3144 785 3206 propriam
820 3140 1251 3194 emendationem
1284 3180 1298 3202 ,
1336 3156 1503 3193 suove
1541 3140 1817 3194 ittlrilccltl

236 3234 311 3285 νιιι
357 3242 516 3286 nmtu
550 3274 565 3297 ,
594 3248 797 3299 suaque
836 3233 1031 3287 virtute
1068 3232 1152 3285 vel
1193 3232 1545 3300 possibilitate
1574 3232 1816 3286 comersi

236 3337 385 3375 snntc
419 3334 487 3378 nt
520 3335 867 3387 -anarentur;
892 3324 987 3377 sed
1005 3324 1334 3393 pergratiam
1371 3325 1461 3378 Dei
1484 3327 1653 3378 sanati
1674 3334 1815 3386 sunt,

240 3426 291 3468 ut
310 3426 781 3470 converterentur.
815 3413 897 3467 Ne
920 3427 1296 3480 conrertan't-r,
1342 3416 1526 3485 inquit.
1563 3428 1607 3469 et
1646 3433 1819 3469 aanrm

239 3501 550 3581 eos;'330
582 3523 647 3561 ne
677 3524 768 3560 sua
796 3517 987 3577 sponte
1009 3547 1025 3572 ,
1058 3524 1124 3563 ne
1149 3510 1260 3561 suis
1312 3510 1596 3577 operibus,
1628 3510 1819 3578 quibus

240 3602 410 3670 utique
445 3601 828 3665 conﬁdebant,
864 3616 929 3655 ne
951 3618 1099 3657 suam
1124 3601 1387 3669 justitiam
1418 3613 1705 3663 sectantes,
1735 3603 1820 3670 ju-

239 3694 384 3746 stitia:
408 3693 513 3746 Dei
534 3689 562 3729 ά
588 3709 691 3745 non
714 3692 945 3747 debeant
964 3708 1083 3747 esse
1104 3693 1327 3761 subjecti
1352 3711 1363 3755 ;
1389 3693 1457 3748 de
1489 3694 1599 3747 suis
1620 3692 1820 3747 viribus

239 3784 592 3849 conﬁdentes,
618 3800 722 3838 non
750 3784 943 3838 divina:
972 3800 1029 3837 se
1055 3785 1439 3838 misericordia:
1472 3784 1820 3838 illtmtiuatio-

240 3874 389 3943 nique
411 3874 731 3928 subdentes.
766 3874 833 3926 Et
864 3874 983 3927 ideo
1010 3874 1277 3927 inhibetur
1306 3874 1383 3927 eis
1413 3876 1655 3939 superine.
1688 3890 1821 3941 pra--

239 3968 560 4033 sumptionis
587 3964 837 4027 effectus,
886 3982 945 4017 ne
975 3976 1328 4018 convertantur
1355 3968 1466 4020 suis
1509 3966 1815 4020 intentioni-

242 4055 487 4121 hus,snis
512 4055 737 4119 nisibus,
765 4065 820 4108 ut
845 4064 1123 4122 putarant;
1148 4066 1193 4107 et
1220 4072 1515 4120 sanemeos,
1546 4072 1611 4111 ne
1636 4072 1819 4110 eorum

237 4148 379 4212 quasi
405 4147 617 4199 meritis
656 4163 720 4199 ex
756 4148 962 4214 propria
999 4147 1245 4200 facultate
1274 4149 1612 4201 venientibus
1640 4148 1820 4201 salva-

242 4240 337 4293 trix
376 4238 554 4308 gratia
597 4239 816 4291 daretur
844 4280 857 4300 ,
894 4248 1052 4306 atque
1083 4240 1147 4289 ita
1179 4238 1343 4305 gratia
1372 4238 1481 4305 jam
1525 4254 1629 4291 non
1678 4246 1823 4293 esset

238 4330 420 4397 gratia,
455 4330 622 4382 sinon
653 4328 815 4397 gratis
846 4329 965 4380 data
990 4339 1130 4381 esset
1155 4329 1466 4392 immeritis;
1494 4330 1589 4382 seti
1616 4344 1822 4383 merces

241 4432 491 4489 tanquam
517 4419 723 4473 meritis
756 4420 1023 4472 restituta.
1070 4419 1182 4471 Non
1211 4435 1338 4485 ergo
1368 4420 1464 4486 ipsi
1492 4429 1815 4474 convertan-

242 4523 321 4564 tur
344 4557 358 4576 ,
387 4523 445 4566 et
472 4526 655 4565 saneto
681 4524 804 4573 eos;
836 4511 927 4564 sed
961 4510 1143 4564 sanati.
1165 4526 1258 4579 per
1292 4511 1516 4579 gratiam
1538 4552 1553 4577 ,
1594 4512 1822 4581 qualiter

241 4604 299 4654 ad
341 4602 700 4656 humilitatem
729 4600 927 4654 Christi
957 4609 1368 4666 convertantur,
1400 4611 1708 4671 agnoscant.
1743 4604 1817 4658 Ita

241 4717 565 4770 disseminata
591 4716 636 4769 is
659 4717 953 4784 sumpsisse
981 4717 1187 4769 videtur
1206 4732 1270 4770 ex
1301 4714 1511 4771 Tlman.
1535 4718 1653 4771 cod.
1671 4718 1824 4786 cujus

242 4788 433 4840 nullam
456 4792 750 4842 variantetn
773 4788 1097 4856 designavit;
1114 4802 1173 4840 ac
1189 4797 1473 4857 prOptcrea
1488 4803 1820 4858 nequaquam

241 4859 615 4919 expunximus.

310 4935 335 4963 ⁸
368 4928 537 4984 Voces-
566 4944 597 4979 a
628 4925 739 4982 Deo
766 4929 921 4981 etiam
961 4942 1025 4982 ex
1056 4928 1199 4996 vulg.
1232 4939 1287 4983 et
1310 4928 1506 4982 nostris
1536 4929 1694 4983 codd.
1728 4930 1820 4982 ad-

236 4998 489 5123 gligimus.
516 4999 672 5063 Dein,
698 5013 795 5068 pro
821 4998 1037 5062 obdura,
1070 4999 1279 5053 Thuan.
1303 5014 1424 5053 cum
1454 5001 1596 5069 vulg.
1626 5000 1819 5066 Cone,

324 5085 445 5122 ara.

229 5073 445 5123 Obtura.

309 5137 335 5176 δ
376 5138 488 5193 Vox
511 5139 749 5192 sanitatis
774 5138 825 5190 in
850 5140 964 5193 solo
992 5140 1189 5205 Quesn.
1222 5140 1575 5194 desideratur.

312 5219 335 5279 ξ
375 5210 782 5273 Quesn.inserit
803 5210 933 5275 alii;
956 5213 1135 5264 delent
1159 5210 1314 5265 codd.
1342 5213 1643 5264 nostrienm
1675 5212 1819 5279 vulg.

308 5275 332 5313 δ
376 5279 534 5333 Solus
562 5283 765 5345 Quesn.
788 5320 802 5343 ,
833 5296 931 5333 non
956 5291 1118 5334 essent
1146 5281 1388 5347 subiecti;
1419 5283 1481 5335 de
1532 5282 1637 5335 suis
1661 5275 1822 5334 virtu-

240 5348 372 5402 trbus
410 5350 741 5418 conﬁdentes.

311 5420 578 5491 :Qttesn.
628 5420 816 5475 inserit
845 5436 1029 5475 vocem
1061 5421 1415 5491 imperatores;
1453 5422 1613 5475 codd.
1648 5422 1817 5476 nostri

236 5502 297 5539 ac
328 5490 787 5546 Thoaneusetiam
807 5505 926 5545 eum
952 5492 1094 5560 vulg.
1116 5490 1280 5545 Cone.
1310 5493 1574 5558 ignorant.
1606 5492 1817 5545 Subau-

238 5561 383 5612 ditur
404 5560 615 5631 quidem
630 5560 826 5629 aliquid
854 5563 1047 5627 simile,
1084 5572 1139 5617 ut
1161 5578 1223 5617 ex
1248 5562 1595 5631 sequentibus
1623 5563 1813 5631 liquet,

238 5642 282 5677 at
320 5639 518 5695 δείξειεν
536 5630 696 5686 ﬁdem
724 5633 964 5685 codicum
1014 5633 1143 5687 nihil
1188 5630 1511 5688 addendum.
1539 5632 1811 5695 Quatenus

240 5712 366 5753 vero
385 5701 501 5755 hac
512 5716 632 5756 cum
655 5703 1088 5758 antecedentibus
1111 5706 1432 5765 colmreant,
1448 5702 1700 5770 explicari
1718 5718 1812 5767 p0-

1916 1856 1970 1910 in
2001 1858 2111 1910 suis
2132 1871 2343 1926 quoque
2360 1856 2603 1909 diabolus
2625 1864 2710 1911 est
2741 1858 2980 1911 imitatus
3010 1857 3086 1929 (ut
3116 1868 3238 1926 pote
3253 1859 3342 1926 qui
3364 1875 3513 1913 SPIII-r

1918 1964 2043 2017 per,
2079 1964 2197 2015 qum
2247 1948 2436 2002 divino
2468 1949 2633 2006 cultui
2671 1950 3052 2013 convenirent,
3080 1950 3296 2005 sibimet
3321 1962 3504 2023 tyran-

1918 2040 2036 2092 nica
2064 2040 2250 2109 Spiritu
2279 2040 2548 2095 vindicare
2577 2039 2899 2112 contendit),
2947 2052 3003 2095 ut
3047 2043 3235 2111 pagani
3269 2042 3503 2110 impera-

1918 2138 2060 2183 tores
2083 2129 2243 2185 iidem
2276 2141 2329 2185 et
2356 2131 2569 2185 maximi
2597 2131 2874 2197 pentiﬁces
2899 2131 3230 2186 dicerentur.
3254 2132 3359 2187 Sed
3381 2150 3502 2189 cum

1918 2221 1984 2275 ad
2001 2238 2184 2276 verum
2208 2231 2424 2276 ventum
2449 2233 2531 2277 est
2554 2221 2803 2275 eumdem
2851 2222 3048 2290 Regem
3082 2232 3241 2290 atque
3283 2222 3503 2277 Pontiﬁ-

1916 2327 2059 2378 ecm,
2093 2314 2231 2367 ultra
2248 2312 2350 2367 sibi
2373 2329 2471 2367 nec
2496 2315 2784 2381 imperator
2809 2313 3073 2381 pontiﬁc’s
3100 2328 3296 2369 nomen
3331 2314 3504 2384 impo-

1919 2406 2047 2465 suit.
2073 2419 2171 2459 nec
2197 2406 2430 2473 pontifex
2461 2406 2639 2473 regale
2669 2406 2935 2473 fastigium
2968 2405 3254 2459 vindicavit
3283 2424 3293 2458 :
3320 2421 3501 2474 quaut-

1918 2497 1999 2547 vis
2030 2493 2050 2533 τ
2081 2498 2221 2550 enim
2262 2497 2499 2551 membra
2531 2498 2695 2565 ipsius
2720 2537 2734 2560 ,
2770 2496 2820 2551 id
2853 2506 2965 2561 est,
3003 2499 3114 2553 veri
3159 2499 3317 2567 [tegis
3346 2508 3505 2569 atque

1922 2585 2213 2649 l‘ontiﬁcis,
2255 2586 2549 2641 secandum
2588 2586 3045 2656 participationem
3072 2597 3274 2643 natura:
3304 2592 3508 2659 magni-

1923 2676 2055 2744 fica},
2089 2688 2373 2745 utrumque
2421 2679 2470 2731 in
2507 2694 2656 2732 sacra
2687 2680 3045 2748 generositate
3068 2682 3295 2737 subiisse
3339 2682 3495 2754 331

1918 2766 2183 2832 dicantur,
2221 2779 2276 2821 ut
2298 2768 2451 2821 simul
2478 2770 2655 2837 regale
2672 2786 2839 2837 genus
2866 2780 2921 2824 et
2952 2772 3287 2826 sacerdotale
3330 2776 3507 2827 subsi-

1919 2859 2122 2928 st'int(l
2158 2858 2265 2913 Pet.
2292 2875 2348 2923 lt,
2380 2858 2458 2930 it).
2494 2868 2518 2906 ι
2550 2861 2810 2926 Quoniam
2836 2861 3083 2916 Christus
3111 2879 3314 2918 memor
3338 2863 3505 2929 fragi~

1923 2950 2089 3004 litatis
2138 2951 2403 3018 butnante,
2438 2952 2578 3020 quod
2624 2968 2842 3006 suorum
2871 2954 3025 3008 saluti
3056 2966 3397 3025 congrueret,
3426 2959 3507 3010 di-

1921 3044 2269 3112 spensatione
2298 3044 2578 3114 magniﬁca
2614 3047 2964 3113 temperavit;
2999 3045 3182 3115 sicque
3210 3048 3505 3103 actionibus

1924 3137 2154 3206 propriis
2203 3137 2659 3207 dignitatibusque
2707 3139 2974 3195 distinctis
3014 3139 3187 3194 ofﬁcia
3232 3145 3519 3210 p0testatis

1928 3232 2203 3298 utriusque
2257 3230 2509 3285 discrevit
2537 3272 2551 3295 ,
2582 3245 2713 3285 suos
2746 3232 2936 3286 volens
2963 3232 3266 3302 medicinali
3301 3234 3507 3289 humili-

1926 3333 2031 3376 tate
2058 3322 2251 3376 salvari
2272 3365 2287 3390 ,
2325 3338 2427 3376 ton
2465 3325 2689 3377 humana
2721 3324 2969 3392 superbia
3002 3340 3187 3379 rursus
3213 3326 3457 3395 intercipi
3490 3346 3504 3380 :

1923 3423 1979 3466 ut
2000 3422 2054 3467 et
2081 3412 2359 3467 christiani
2391 3414 2740 3482 imperatores
2769 3429 2865 3484 pro
2893 3424 3092 3469 aeterna
3118 3416 3217 3470 vita
3243 3419 3505 3484 pontiﬁci~

1925 3506 2026 3559 bos
2056 3504 2355 3573 indigerent
2382 3545 2397 3566 ,
2430 3514 2485 3559 et
2507 3506 2786 3570 pontiﬁces
2815 3520 2909 3573 pro
2945 3507 3314 3575 temporalium
3343 3522 3513 3565 cursu.

1923 3610 2100 3649 rerum
2130 3595 2491 3661 imperialibus
2514 3595 2953 3661 diSpositionibus
2978 3604 3278 3660 uterentur;
3312 3605 3502 3665 quate-

1925 3703 2021 3739 nus
2054 3685 2348 3753 spiritualis
2380 3686 2520 3736 actio
2541 3699 2569 3736 a
2588 3683 2891 3737 carnalibus
2911 3684 3137 3739 distaret
3177 3686 3515 3748 incursibus,

1926 3777 1947 3814 ¹³
1963 3789 2009 3831 et
2033 3780 2145 3832 ideo
2163 3777 2387 3830 militans
2404 3775 2508 3828 Deo
2528 3777 2734 3828 minime
2755 3792 2807 3829 se
2830 3777 3041 3846 negotiis
3066 3775 3393 3831 torcularibus
3413 3780 3503 3828 im-

1925 3872 2139 3937 plicaret
2166 3869 2228 3941 (ll
2250 3869 2381 3923 Tim.
2415 3886 2475 3933 ιι,
2501 3868 2576 3939 l),
2612 3884 2673 3923 ac
2698 3869 2929 3923 vicissim
2965 3884 3069 3923 non
3113 3871 3203 3926 ille
3234 3872 3393 3925 rebus
3421 3873 3503 3926 di-

1924 3964 2061 4017 vinis
2094 3962 2380 4031 prassidere
2410 3962 2704 4026 videretur,
2736 3962 2822 4030 qui
2848 3972 2992 4016 esset
3024 3963 3251 4030 negotiis
3279 3964 3502 4018 sarcula-

1926 4053 2072 4109 ribus
2095 4055 2393 4123 implicatus
2418 4073 2429 4107 :
2461 4062 2592 4108 utet
2613 4054 2871 4108 modestia
2892 4055 3165 4123 utriusque
3186 4054 3386 4108 ordinis
3407 4071 3505 4110 cu-

1926 4154 2154 4211 raretur,
2183 4162 2250 4200 ne
2277 4144 2637 4199 extolleretur
2660 4154 2888 4213 utroque
2910 4143 3183 4209 suffultus;
3209 4155 3264 4199 et
3292 4159 3508 4215 compc~

1926 4249 2043 4293 tens
2081 4238 2425 4307 qualitatibus
2469 4238 2736 4290 actionum
2785 4238 3091 4306 specialiter
3116 4238 3375 4307 professio
3414 4254 3509 4309 ap-

1926 4336 2147 4384 taretur.

1994 4420 2124 4475 Car.
2155 4419 2247 4475 ιχ.
2270 4449 2339 4458 -
2360 4419 2562 4486 Quibus
2585 4420 2834 4475 omnibus
2864 4422 2965 4477 rite
2981 4422 3218 4477 collectis
3247 4424 3377 4477 satis
3399 4424 3510 4478 evi-

1849 4487 1902 4549 Ῐ)
1926 4514 2118 4567 denter
2154 4513 2455 4567 ostenditur
2484 4553 2497 4575 ,
2548 4527 2576 4565 a
2606 4512 2848 4567 saaculari
2906 4526 3198 4582 potestate,
3233 4531 3327 4569 net:
3356 4517 3503 4585 ligari

1926 4619 2163 4674 prorsus,
2199 4618 2299 4658 nec
2327 4603 2460 4657 solvi
2492 4618 2646 4672 posse
2678 4605 3000 4673 pontiﬁcem.
3026 4606 3142 4673 Quo
3170 4606 3507 4663 manifestius

1926 4730 2052 4789 test,
2076 4722 2118 4774 si
2144 4718 2365 4789 perinde
2397 4718 2661 4787 intelligas
2681 4759 2694 4781 .
2720 4719 2989 4788 principes
3018 4733 3115 4773 nec
3138 4730 3346 4775 tentare
3376 4722 3503 4784 hac,

1925 4793 1993 4848 de
2023 4792 2213 4861 quibus
2244 4799 2399 4846 antea
2429 4789 2627 4861 dictum
2659 4798 2743 4843 est
2774 4790 3049 4853 (nimirum
3076 4806 3268 4845 sanare
3298 4807 3506 4845 animas

1927 4860 2229 4924 hominum,
2251 4862 2391 4929 quod
2426 4875 2493 4915 ex
2523 4860 2704 4913 divino
2736 4876 2957 4915 munere
2987 4863 3278 4929 provenit),
3311 4878 3412 4916 nec
3440 4865 3533 4915 ad,

1924 4948 2074 4987 suam
2123 4940 2440 5001 potestatem
2479 4930 2683 4985 referre
2714 4974 2726 4993 ,
2759 4943 2865 4985 etc.
2905 4932 3110 4999 Aliquid
3148 4947 3277 4987 vero
3316 4933 3506 4987 deesse

1922 5005 2218 5067 credimus,
2253 5019 2359 5067 quo
2390 5001 2619 5065 obiectio
2645 5016 2672 5051 a
2706 5002 3035 5068 pl'lltt'llllblls
3056 5014 3288 5069 sumpta,
3314 5004 3395 5055 cui
3421 5005 3505 5053 hii:

1924 5074 2170 5128 Gelasius
2220 5072 2539 5138 reSpondet,
2592 5086 2921 5139 proponatur
2943 5113 2959 5139 ,
2991 5083 3043 5127 et
3076 5074 3181 5126 hoc
3204 5083 3359 5139 caput
3383 5086 3502 5123 cum

1924 5143 2247 5211 prmrciteoti
2282 5143 2456 5207 aptius
2479 5143 2781 5203 copuletur.

1999 5214 2017 5250 ί
2067 5213 2259 5264 Vocem
2288 5214 2423 5266 enim
2453 5225 2481 5262 a
2506 5211 2705 5277 Quesn.
2737 5211 2987 5264 omissam
3021 5226 3138 5264 cum
3168 5208 3328 5263 editis
3355 5209 3502 5263 Con-

1924 5284 2015 5335 cil.
2061 5292 2114 5337 et
2146 5282 2342 5333 nostris
2369 5280 2525 5335 codd.
2560 5282 2948 5333 remeavimus.
2992 5281 3118 5332 Post
3148 5294 3311 5345 pauca
3344 5279 3515 5335 iidem-

1922 5354 2068 5413 editi,
2098 5351 2368 5420 magniﬁce
2407 5362 2676 5423 utrumque
2702 5394 2715 5413 ,
2738 5350 2924 5423 minus
2953 5361 3131 5423 recte;
3158 5361 3218 5423 et
3237 5350 3383 5415 dein,
3413 5367 3509 5423 pro

1923 5423 2154 5484 subiisse,
2187 5419 2386 5474 habent
2414 5420 2707 5483 sumpsisse.
2738 5420 2935 5473 Veron.
2958 5458 2972 5483 ,
3001 5419 3267 5474 submisse.

1992 5503 2017 5540 ις
2060 5492 2211 5560 Vulg.
2242 5489 2436 5552 Cone.,
2462 5498 2688 5562 attamen
2715 5488 2949 5543 Christus
2968 5507 2985 5555 ;
3026 5500 3080 5546 et
3113 5501 3295 5561 postea
3325 5502 3513 5562 tempe-

1920 5580 1979 5614 ra
1988 5581 2041 5615 as
2066 5579 2161 5623 pro
2195 5561 2509 5629 temperavit.

1988 5632 2012 5670 ιι
2054 5636 2278 5701 Quesu.,
2312 5641 2358 5685 et
2395 5631 2501 5685 Deo
2524 5630 2749 5685 militans
2779 5632 3004 5685 minime.
