3922 6180
243 344 351 404 εὶς

691 342 913 398 CODEX
955 343 1280 399 CANUNUM
1323 342 1599 397 ECCLES.
1646 340 1733 396 ET
1773 342 2350 401 CONSTITUTURUM
2391 346 2450 402 S.
2493 346 2684 403 SEDIS
2725 348 3062 403 APUS‘I‘OL‘.

239 461 475 516 motione
504 457 737 527 gaudere
764 476 775 510 ε
802 468 855 512 et
881 474 978 525 ego
1006 460 1147 512 nulla
1173 457 1339 525 ipsius
1370 474 1603 526 unquam
1624 457 1823 524 scripta
1852 464 1901 520 Α
1933 474 2248 526 unaquaque
2282 460 2469 515 haeresi
2492 475 2523 514 a
2554 460 2812 529 principio
2836 462 3147 515 chrismate
3166 482 3173 509 ι
3192 460 3437 529 ciigtonts
3462 471 3531 517 et

196 572 199 573 ν
237 554 559 619 percipiens,
603 550 936 612 honoriﬁcis,
980 560 1036 604 nt
1066 553 1256 615 nostis,
1294 566 1418 605 eum
1459 551 1651 605 litteris
1680 551 1823 604 salu-

233 655 347 699 tare
373 643 673 697 curavrrim
697 642 721 693 ?
747 641 1070 696 Decessores
1094 643 1220 705 mei,
1243 642 1551 695 sacerdotes
1573 642 1659 709 qui
1688 656 1824 708 pne-

230 736 621 791 v.irieatorihus
651 749 711 788 se
737 735 1167 789 communicasse
1196 733 1407 803 propria
1434 749 1562 788 voce
1592 733 1821 787 tont‘essi

228 838 378 891 svnt,
426 843 456 879 a
497 827 879 880 communione
917 826 1213 893 apostolica
1261 826 1668 879 submouerunt.
1708 834 1732 861 ⁸
1764 826 1820 880 Si

227 919 325 972 isti
349 924 521 988 placet
552 933 609 971 se
634 918 863 971 miscere
889 918 1174 981 damnatis,
1205 918 1358 971 nobis
1382 933 1488 971 non
1522 926 1699 986 potest
1724 916 1824 971 itit-

231 1011 430 1079 pntari.
458 1010 519 1065 Si
538 1010 607 1063 ab
624 1012 704 1063 eis
735 1009 864 1063 velit
894 1009 1210 1073 abscedere,
1238 1019 1387 1064 tanto
1413 1009 1581 1079 magis
1610 1026 1643 1062 a
1670 1009 1823 1063 nobis

231 1121 338 1155 mm
376 1111 553 1171 potest:
574 1118 693 1156 esse
723 1102 1030 1165 damnatus,
1053 1103 1146 1156 sed
1178 1103 1351 1169 potius
1379 1103 1441 1155 ad
1466 1103 1692 1170 gratiam
1712 1103 1825 1156 sin-

231 1210 294 1245 ce
328 1207 375 1245 ω
404 1192 799 1246 communionis
827 1190 1111 1247 admissus.
1146 1193 1223 1248 Ad
1253 1200 1498 1248 senatum
1532 1208 1658 1246 vero
1700 1208 1821 1261 per-

234 1286 369 1337 tinet
412 1283 709 1337 Romanum
756 1292 809 1337 ut
843 1300 1051 1338 memor
1082 1284 1203 1339 ﬁdei
1247 1301 1409 1354 quam
1450 1302 1476 1337 a
1508 1286 1824 1354 parentibus

233 1379 535 1444 suscepisse
575 1395 633 1432 se
675 1378 937 1441 meminit,
980 1378 1223 1447 euntagia
1260 1379 1391 1432 vitet
1423 1379 1821 1433 communionis

233 1479 487 1531 uterum,
531 1485 598 1523 ne
626 1485 655 1521 a
701 1472 1078 1523 communione
1112 1472 1257 1523 sedis
1297 1471 1634 1539 apostolica},
1677 1475 1817 1538 quod

240 1562 403 1624 absit,
446 1561 702 1615 reddatur
738 1572 1010 1616 externos.
1056 1563 1279 1617 Veniam
1321 1563 1422 1618 sibi
1462 1563 1576 1617 dari
1624 1563 1821 1619 dtberc

239 1660 565 1718 proponunt.
610 1652 839 1720 Legatur
881 1667 948 1706 ex
984 1668 1090 1717 quo
1136 1660 1219 1706 est
1270 1652 1459 1722 religio
1504 1654 1816 1720 christiana,

233 1744 257 1779 δ
281 1747 364 1797 vel
390 1756 540 1798 certe
558 1744 714 1799 detur
742 1746 1045 1813 exempl-tun
1078 1746 1128 1800 in
1162 1746 1398 1800 Ecclesia
1421 1746 1513 1800 Dei
1542 1762 1569 1797 a
1597 1746 1821 1815 quibus-

1929 550 2122 603 iacttnn
2156 551 2319 607 fuisse
2346 562 2403 606 et
2433 553 2546 606 lleri
2586 552 2867 609 manifesta
2901 569 3082 609 rerum
3125 552 3333 606 ratione
3366 570 3515 606 nion-

1926 650 2164 701 strator:
2206 642 2653 715 tleeessoremque
2698 660 2875 699 meum
2917 652 3297 700 exsecutorem
3347 643 3513 699 fuisse

1925 734 2123 788 veteris
2163 733 2183 771 ί
2215 736 2513 799 constituti,
2558 752 2662 789 non
2702 751 2854 791 nova:
2890 736 3287 791 constitutionis
3329 746 3527 791 aucto-7

1927 839 2061 879 rem.
2093 826 2244 893 Quod
2272 841 2376 881 non
2398 828 2567 880 solum
2597 828 2811 892 pnesuli
2830 828 3129 897 apostolico
3156 827 3330 887 facere
3363 827 3509 893 licet,

1925 918 2020 971 sed
2046 919 2347 988 cuicunque
2382 920 2650 989 poutiiici;
2682 930 2708 965 κ
2746 930 2804 974 ut
2831 920 3102 989 quoslibet
3133 927 3189 974 et
3216 919 3534 989 quemlibet.

1928 1011 2102 1065 locum
2128 1012 2419 1067 secundum
2444 1014 2681 1081 regulam
2713 1014 2981 1068 haereseos
3008 1012 3174 1082 ipsius
3199 1025 3324 1066 ante
3353 1013 3508 1066 ἀξίω·

1928 1112 2068 1157 natae
2107 1119 2136 1155 a
2181 1103 2445 1158 catholica
2489 1106 2867 1159 communione
2911 1104 3241 1159 discernant.
3284 1104 3511 1159 Aeacius

1925 1194 2122 1264 quippe
2152 1210 2256 1247 non
2283 1195 2385 1249 fuit
2414 1196 2533 1248 novi
2563 1197 2644 1250 vel
2676 1196 2875 1263 proprii
2918 1197 3122 1252 erroris
3149 1197 3415 1260 inventor,
3452 1203 3510 1248 ut

1928 1286 1980 1338 in
2010 1300 2132 1340 eum
2163 1301 2299 1340 nova
2348 1286 2481 1340 scita
2524 1282 2549 1321 ιι
2590 1286 2964 1353 procederent,
3008 1287 3168 1357 335
3205 1288 3296 1342 sed
3329 1287 3534 1342 alieno.

1927 1380 2146 1434 facinori
2190 1395 2284 1434 sua
2315 1383 2691 1434 communione
2725 1396 2784 1435 se
2812 1380 3041 1435 miscuit.
3075 1382 3258 1449 Itaque
3287 1395 3510 1436 necesse

1925 1482 2008 1527 est
2030 1484 2084 1527 ut
2113 1476 2163 1527 in
2195 1475 2338 1527 illam
2359 1474 2776 1543 recideretjusta
2808 1474 2958 1528 lance
2984 1474 3507 1541 sententiam,quam

1924 1582 2043 1618 cum
2066 1566 2596 1621 suissuccessoribus
2621 1581 2716 1633 per
2735 1565 3163 1621 convenientiam
3195 1564 3506 1635 synodaletn

1922 1667 2233 1724 susceperat
2261 1669 2447 1713 auctor
2476 1657 2695 1712 erroris.

1995 1748 2125 1801 CAP.
2160 1748 2798 1815 [IL—NobiSOpponunt
2827 1761 3078 1810 tannnes,
3105 1747 3231 1801 dum
3264 1748 3511 1800 nesciunt

231 1836 362 1889 libet
383 1838 746 1906 pontiﬁcibus,
775 1840 843 1894 ab
873 1837 1006 1907 ip-is
1031 1840 1308 1910 apostolis,
1342 1840 1410 1893 ah
1439 1840 1559 1908 ipso
1587 1840 1819 1909 denique
1848 1841 1895 1900 Β
1924 1839 2047 1908 quid
2075 1840 2381 1909 loquantur.
2411 1840 2610 1895 Contra
2640 1854 2774 1909 quos
2809 1839 2910 1893 hoc
2940 1838 3057 1906 ipso
3086 1840 3271 1891 venire
3296 1853 3355 1893 se
3385 1854 3509 1907 pro-

233 1926 533 1994 Salvatore,
559 1930 793 1995 veniam,
822 1930 922 1983 nisi
952 1930 1369 1997 corrigentibus,
1396 1929 1559 1985 fuisse
1586 1945 1818 1987 conces-

233 2031 368 2071 sam.
390 2017 557 2089 33‘.
583 2020 834 2073 Auditum
864 2028 1045 2074 autem
1076 2022 1175 2074 sub
1200 2021 1301 2075 isto
1327 2021 1467 2076 caelo
1496 2038 1601 2077 non
1628 2024 1819 2091 legitur

232 2108 472 2173 cumino,
511 2124 611 2163 nec
638 2111 854 2176 dicitur,
888 2113 1029 2179 quod
1060 2128 1243 2166 eorum
1281 2129 1412 2169 voce
1443 2114 1815 2182 depromitur:

233 2199 357 2253 date
385 2201 538 2252 nobis
566 2202 798 2261 veniant,
831 2213 889 2257 nt
918 2213 1097 2257 tamen
1124 2219 1222 2257 nos
1251 2204 1303 2257 in
1331 2220 1514 2260 errore
1539 2206 1816 2259 duremus.

233 2300 259 2326 ⁸
284 2291 580 2360 Id'quoqtle
606 2308 791 2361 parum
824 2306 925 2348 est.
959 2296 1256 2349 Ostendant
1282 2298 1369 2365 qui
1403 2298 1557 2351 nobis
1586 2312 1821 2352 canones

236 2402 266 2436 n
293 2395 483 2441 tnntur
504 2404 800 2457 apponere,
829 2393 1023 2461 quibus
1046 2392 1147 2447 hoc
1173 2396 1491 2459 canonibus,
1515 2396 1709 2465 quibus
1738 2412 1822 2450 re—

235 2480 389 2539 gulis,
418 2495 521 2545 qua
555 2480 804 2546 lectione,
836 2498 1009 2550 quove
1039 2483 1385 2549 documento,
1415 2486 1529 2540 sive
1576 2502 1607 2540 a
1647 2486 1819 2555 majo-

238 2570 377 2620 rilms
419 2571 640 2636 nostris,
682 2573 797 2626 sive
837 2574 905 2628 ab
941 2574 1072 2644 ipsis
1101 2576 1393 2645 Apostolis,
1418 2592 1553 2647 quos
1584 2580 1820 2647 potiores

238 2662 433 2713 nterito
473 2660 639 2716 fuisse
670 2679 773 2717 non
804 2664 1023 2719 dubium
1061 2677 1163 2734 est,
1199 2668 1311 2722 sive
1342 2669 1409 2723 ab
1435 2669 1552 2737 ipso
1594 2670 1821 2725 Domino

234 2751 519 2812 salvawre,
554 2754 642 2820 qui
664 2754 1007 2822 judicatnrus
1029 2758 1270 2813 creditur
1294 2761 1455 2814 vivos»
1478 2770 1531 2814 et
1557 2771 1818 2826 mortuos,

236 2845 344 2897 sive
369 2845 565 2898 factum
596 2857 677 2900 est
708 2864 959 2918 unquam,
1002 2853 1081 2906 vel
1122 2853 1421 2907 faciendum
1450 2869 1567 2908 esse
1597 2855 1819 2910 manda-

184 2948 192 2956 ·
234 2942 339 2987 tur.
370 2936 605 2990 Morinos
626 2940 914 2995 snseitnsse
946 2942 1173 3011 legimus
1199 2944 1507 3010 Christum;
1544 2947 1594 2999 in
1637 2962 1823 3004 errore

234 3035 476 3079 mortuos
514 3027 830 3095 absolvisse,
876 3046 980 3085 non
1025 3034 1270 3104 legimus.
1314 3036 1380 3090 Et
1420 3039 1513 3105 qui
1544 3039 1645 3093 hoc
1675 3049 1822 3094 certe

233 3116 465 3170 faciendi
495 3120 642 3173 solus
669 3122 849 3177 habuit
886 3133 1227 3193 potestatem,
1252 3130 1410 3183 beato
1441 3128 1600 3184 Petro
1624 3131 1823 3199 princi-

1922 1930 2078 1995 dunt,
2100 1930 2241 1999 quod
2264 1931 2450 1998 prima:
2476 1930 2591 1984 sedi
2618 1943 2747 1983 sana
2775 1937 3028 1998 ret-taque
3048 1927 3297 1982 suadenti
3324 1943 3531 1996 parcre

1922 2020 2213 2090 refugiunt.
2248 2020 2350 2087 Ipsi
2376 2030 2500 2074 sunt
2527 2034 2782 2087 canones,
2812 2019 2906 2088 qui
2931 2018 3318 2088 appellationes
3349 2019 3511 2071 totius

1924 2110 2187 2166 Ecclesia:
2215 2110 2294 2167 ad.
2313 2110 2473 2181 hujus
2501 2110 2644 2167 sedis
2670 2110 2890 2166 voluere
2918 2125 3142 2164 examen
3171 2109 3367 2163 deferri
3395 2126 3409 2173 ;
3442 2112 3510 2162 ab

1924 2205 2037 2273 ipsa
2065 2219 2195 2257 vero
2237 2219 2456 2273 prorsus
2486 2218 2747 2273 nusquam
2775 2201 3034 2271 appellari
3070 2201 3274 2256 debere
3311 2216 3510 2256 sanxe-

1923 2305 2084 2349 runt:
2136 2310 2199 2347 ac
2242 2310 2335 2363 per
2374 2294 2477 2348 hee
2520 2294 2667 2348 illam
2712 2294 2779 2348 de
2808 2300 2921 2348 tota
2980 2292 3220 2348 Ecclesia
3246 2291 3509 2362 judicare,

1926 2388 2095 2456 ipsam
2125 2388 2191 2442 ad
2224 2388 2425 2442 nullius
2452 2401 2762 2443 commeare
2797 2386 3083 2456 judicium,
3127 2400 3225 2441 nec
3252 2384 3317 2439 de
3348 2386 3511 2454 ipsius

1925 2495 2159 2548 unquam
2203 2490 2576 2549 praeceperunt
2614 2479 2821 2547 judicio
2860 2479 3119 2548 judicari;
3164 2478 3511 2533 sententiatn~

1923 2590 2031 2643 que
2056 2574 2197 2628 illius
2220 2576 2614 2628 constituerunt
2658 2590 2762 2626 non
2799 2580 3051 2639 oportere
3088 2572 3332 2637 dissolvi,
3362 2572 3514 2639 cujus

1926 2658 2100 2735 potius
2124 2668 2393 2735 sequenda
2416 2666 2633 2721 decreta
2659 2665 3002 2719 mandarunt.
3022 2664 3076 2719 In
3101 2663 3202 2719 liae
3218 2664 3329 2735 ipsa
3353 2680 3538 2719 causa.

1924 2759 2237 2814 Timotheus
2286 2758 2708 2824 Alexandrinus.
2768 2766 2826 2814 et
2881 2758 3067 2812 Petrus
3106 2756 3511 2817 Antiocbetms,

1930 2851 1946 2888 ί
1976 2852 2184 2915 Petrus,
2217 2849 2433 2914 Paulus,
2454 2849 2690 2905 Joannes
2714 2858 2769 2904 et
2788 2849 2990 2914 caeteri,
3019 2864 3125 2903 non
3156 2848 3329 2902 solum
3349 2863 3512 2911 unus.

1922 2946 2018 3001 sed
2052 2945 2232 3014 plures
2254 2945 2435 3013 utique
2462 2958 2657 3000 nomen
2684 2942 2970 2999 sacerdotii
3001 2942 3371 3011 prmferentes,
3403 2941 3514 2995 sola
3576 2964 3581 2969 τ

1926 3036 2071 3095 sedis
2116 3034 2427 3102 apostolica:
2459 3044 2586 3091 sunt
2628 3035 2949 3090 auctoritate
2980 3033 3198 3104 deiecti.
3245 3032 3409 3101 Cujus
3441 3050 3525 3088 ret-

1928 3131 2079 3185 testis
2122 3130 2284 3187 etiam
2316 3131 2433 3199 ipse
2462 3130 2687 3184 docetur
2726 3128 2974 3195 Aeacius,
3002 3128 3093 3198 qui
3141 3127 3516 3197 prmccptionis

237 3211 434 3276 pahter
478 3214 695 3268 mandat
722 3220 963 3283 apostolo
985 3235 998 3271 :
1024 3221 1149 3283 Quir
1180 3222 1417 3291 ligaveris
1438 3239 1591 3292 suprr
1612 3235 1818 3293 terram,
1848 3210 1896 3274 C
1928 3221 2088 3289 hujus
2114 3223 2317 3276 exstitit
2345 3230 2652 3277 exsecutor.
2685 3220 2836 3287 Quod
2870 3221 3071 3288 utique,
3100 3222 3241 3273 sicut
3260 3220 3525 3289 apostoli-tt

232 3311 381 3353 ίηιηι
415 3302 575 3371 ligula
604 3317 648 3357 et
684 3309 735 3360 in
763 3310 929 3373 casto;
960 3320 1008 3362 et
1035 3327 1151 3379 qua:
1190 3313 1399 3365 solveris
1435 3318 1591 3382 super
1615 3325 1819 3380 terram,

235 3392 399 3443 wintt
429 3407 575 3447 erunt
607 3406 655 3449 et
684 3399 733 3450 in
763 3398 889 3452 caelo
911 3399 1122 3470 (Matth.
1147 3418 1252 3467 xvn,
1272 3402 1380 3472 l9).
1410 3404 1580 3471 Super
1603 3415 1821 3472 terram,

236 3483 446 3550 inquit;
489 3504 607 3540 nam
656 3490 707 3541 in
753 3490 853 3543 hac
906 3492 1157 3560 ligatione
1199 3494 1509 3547 defunctum
1560 3510 1821 3565 nusquam

236 3576 367 3627 dixit
405 3578 635 3631 absolvi.
680 3580 833 3645 Quod
877 3598 1005 3651 ergo
1049 3600 1318 3650 nunquam
1363 3587 1559 3639 laetum
1589 3595 1693 3651 est,
1739 3587 1820 3639 vel

237 3678 416 3722 mente
440 3673 725 3739 concipete
757 3676 1125 3743 lorntitlamus,
1173 3681 1404 3733 scientes
1436 3681 1487 3732 in
1529 3679 1708 3733 divino
1732 3680 1821 3749 ju-

232 3761 379 3813 dicio
417 3777 522 3815 non
567 3779 726 3831 posse
768 3766 978 3833 penitus
1023 3770 1289 3821 evcnsari.
1318 3766 1346 3805 ά
1378 3769 1430 3823 Si
1464 3780 1640 3823 autem
1679 3769 1821 3837 quod

236 3867 377 3903 nunc
419 3854 763 3920 prmtendnnt
802 3872 830 3909 a
877 3857 1111 3910 Romana
1155 3875 1212 3910 sc
1258 3859 1490 3912 Ecclesia
1533 3861 1817 3923 divisurus,

235 3944 375 4013 quod
402 3946 717 4013 jamdudum
751 3950 940 4005 iecisse
969 3964 1359 4007 monstrantur.

306 4036 433 4091 Car.
464 4040 632 4093 II.—°
661 4043 1014 4109 Euphemiunt
1040 4060 1167 4099 vero
1187 4048 1371 4109 miror,
1399 4048 1819 4116 si-ignorantiam

233 4143 383 4181 51mm
414 4132 524 4198 ipse
556 4148 659 4185 non
692 4136 964 4201 perstiicit,
1011 4138 1097 4203 qui
1142 4138 1269 4190 dicit
1314 4140 1558 4193 Acacium
1602 4142 1671 4193 ah
1716 4157 1822 4193 uno

240 4237 343 4271 non
370 4225 602 4288 potui-se
625 4224 891 4278 damnari.
929 4227 1073 4282 Itane
1111 4244 1215 4281 non
1246 4232 1500 4298 perspicit
1527 4232 1820 4286 secundum

235 4311 457 4365 [-rmam
487 4315 676 4386 synodi
701 4316 1153 4373 Chalcedonensis
1183 4320 1435 4375 Acacium
1471 4324 1632 4377 fuisse
1673 4323 1820 4377 dant-

238 4404 454 4456 natum?
495 4421 593 4458 nec
624 4406 790 4471 novit,
821 4420 911 4461 aut
950 4425 1009 4464 se
1050 4425 1209 4466 nosse
1245 4411 1583 4465 dissimulat?
1623 4413 1676 4466 lu
1717 4430 1819 4481 qua

238 4492 413 4563 utique
446 4513 540 4560 per
571 4514 914 4553 numerosam
944 4504 1264 4557 sententiam
1295 4504 1631 4557 sacerdotum
1665 4522 1814 4559 erro-

1927 3328 2044 3369 eam
2072 3314 2252 3369 sedem
2286 3313 2437 3384 juxta
2471 3314 2699 3368 formam
2727 3312 3035 3383 synodicam
3067 3310 3255 3367 iecisse
3294 3311 3517 3365 manife-

1926 3417 2069 3460 stum
2112 3416 2226 3471 est,
2268 3407 2347 3460 sic
2385 3405 2654 3461 neminem
2710 3405 2974 3460 resultare
3015 3403 3283 3473 potuisse,
3326 3402 3517 3457 certis-

1928 3501 2145 3554 simum.
2206 3498 2317 3551 Hoc
2374 3498 2534 3567 igitur
2583 3497 2741 3551 modo
2784 3496 3029 3550 recidens
3080 3496 3134 3547 in
3184 3494 3511 3548 consortium

1925 3590 2321 3653 damnatorum,
2341 3598 2424 3644 est
2451 3588 2735 3643 damnatus
2756 3586 3005 3651 Aeacius,
3034 3584 3123 3653 qui
3145 3598 3330 3637 eorum
3358 3585 3512 3639 dam-

1928 3682 2197 3734 nationem
2228 3690 2515 3750 antequam
2547 3681 2926 3749 prazvaricator
2975 3676 3306 3744 exstitisset,
3343 3677 3516 3733 fuerat

1922 3782 2229 3826 exsecutus.
2262 3770 2424 3825 Nobis
2455 3771 2573 3825 ausi
2604 3780 2728 3824 sunt
2764 3785 3029 3825 canonum
3080 3770 3256 3825 lacere
3284 3770 3514 3824 mentio-

1930 3878 2076 3925 nem,
2103 3872 2287 3915 contra
2321 3868 2458 3931 quos
2496 3861 2883 3916 ambitionibus
2912 3851 3127 3931 semper
3154 3860 3393 3916 illiritisi
3436 3870 3515 3916 te-

1928 3954 2166 4010 tendisse
2212 3965 2599 4011 monstrantur.
2632 3956 2748 4024 Qua
2787 3956 2887 4026 ipsi
2930 3958 3157 4029 synodo,
3206 3959 3289 4013 vel
3322 3973 3515 4013 secun-

1925 4046 2052 4099 dum
2095 4046 2248 4115 cujus
2288 4047 2479 4116 synodi
2516 4047 2736 4102 formam
2789 4048 3207 4104 Alexandrinum
3252 4050 3511 4103 Joannem

1927 4137 1994 4191 de
2036 4136 2296 4204 E«c!esi.t,
2342 4140 2427 4193 cui
2470 4140 2748 4194 ordinatus
2798 4139 2994 4207 fuerat,
3037 4140 3394 4210 expulerunt?
3422 4140 3534 4209 qui-

1928 4232 2088 4285 nullis
2131 4232 2306 4285 causis
2349 4231 2709 4298 evidentibus,
2744 4231 2765 4271 ¹ι
2797 4249 2897 4289 nec
2931 4242 3070 4290 ante
3105 4218 3376 4298 convinci,
3416 4247 3517 4287 nec

1928 4333 2113 4391 postea
2147 4339 2448 4394 proweaus
2472 4325 2634 4379 etiam
2664 4325 2718 4379 in
2755 4326 2958 4394 judicio
2987 4328 3310 4397 coinpetenti
3345 4327 3517 4395 potuit

1927 4417 2202 4469 accusari?
2227 4416 2379 4484 Quod
2412 4418 2454 4470 si
2481 4416 2665 4470 dicunt
2697 4434 2708 4469 :
2744 4418 3048 4487 Imperator
3094 4420 3194 4473 hoc
3225 4419 3371 4485 fecit,
3415 4418 3516 4471 hoc

1930 4507 2098 4573 ipsum
2130 4507 2323 4574 quibus
2363 4507 2681 4573 cauonibus,
2729 4507 2922 4575 quibus
2956 4508 3155 4579 regulis
3194 4519 3276 4563 est
3307 4522 3512 4576 praece-

238 4598 309 4635 ris
337 4586 488 4655 ltujus
520 4598 642 4641 auct
666 4606 766 4643 .res
795 4601 1003 4644 constat
1035 4592 1197 4646 fuisse
1239 4594 1523 4648 damnatos
1549 4612 1561 4645 :
1595 4596 1733 4648 sicut
1764 4596 1813 4648 in
1848 4589 1899 4649 Ι)
1928 4599 2109 4666 ptum?
2139 4596 2247 4652 Cur
2295 4599 2418 4653 huic
2449 4608 2555 4653 tam
2586 4614 2753 4669 pravo
2780 4601 2920 4655 tacto
2943 4602 3216 4656 consensit
3252 4600 3511 4663 Aeacius,

310 4731 339 4791 ξι
368 4721 569 4785 Quesn.
604 4724 655 4774 in
689 4724 996 4791 marg.:Al.,
1026 4726 1071 4777 si
1097 4726 1188 4778 ita.

309 4786 343 4868 it
374 4794 459 4844 Sic
488 4793 661 4846 nostri
689 4786 850 4848 codd.
888 4804 939 4847 et
978 4786 1116 4865 vulg.
1153 4798 1315 4851 Coac.
1355 4798 1694 4864 Quesnellus,
1742 4802 1821 4853 vel

244 4869 423 4923 potius.

314 4939 337 4966 ο
378 4930 531 5000 Vulg.
576 4932 781 5000 Conc.,
826 4935 880 4988 id
919 4952 1113 5007 quoque
1156 4937 1379 5008 pariter;
1426 4950 1479 4992 ct
1520 4939 1572 4991 in
1611 4956 1813 5009 mat-3.,

242 5015 333 5064 par
362 5011 426 5051 est
433 5040 446 5051 .

311 5069 346 5105 τί·
377 5071 446 5122 ita
478 5076 710 5140 potiores
730 5076 915 5139 codd.,
943 5076 1126 5141 Vintl.,
1154 5078 1361 5131 'I‘hnan.
1392 5089 1447 5133 et
1478 5079 1673 5134 Veron.
1695 5081 1816 5134 Afli-

244 5154 341 5221 nes
380 5145 665 5221 sunt_V_at.
713 5145 841 5221 Isid.
877 5156 934 5200 et
963 5150 1104 5215 vulg.
1149 5150 1378 5221 Merlini,
1416 5150 1516 5204 nisi
1549 5152 1688 5219 quod
1722 5168 1820 5221 pro

242 5214 483 5288 divisurus
512 5216 711 5288 habent
739 5217 949 5269 divisuri
988 5214 1121 5270 tum.
1171 5220 1323 5288 Vulg.
1365 5214 1578 5287 Contu,‘
1611 5240 1662 5275 se
1700 5214 1819 5276 sunt

241 5280 465 5361 divisuri,
633 5290 748 5357 jam
801 5290 1017 5361 digium.
1075 5280 1323 5353 Quesni:
1359 5291 1417 5346 Si
1470 5280 1637 5346 autem
1685 5309 1815 5361 prte-

240 5352 448 5433 tentlttlit:
463 5371 493 5433 ᾳ
514 5352 748 5433 [fortia-na
766 5374 817 5433 se
835 5356 1064 5433 Ecclesia
1081 5352 1357 5433 enisuros,
1374 5364 1583 5433 Itocjnm
1597 5352 1813 5417 dudum.

320 5429 341 5499 ξ’
381 5421 510 5477 (Ind.
545 5426 735 5501 Vind.,
768 5427 1165 5494 "cap/tinuum;
1200 5421 1418 5497 Vereri,
1454 5421 1816 5501 Eupltimt'um;

242 5498 295 5567 ιιι
326 5498 629 5571 it:t_sentper
655 5498 929 5565 deinceps.
964 5503 1084 5554 I‘ost
1107 5503 1400 5571 aliquanto,
1433 5498 1681 5556 nec'novit
1705 5522 1815 5557 cum

242 5572 298 5611 in
325 5568 462 5631 vuig.
494 5571 661 5622 Cone.

318 5628 337 5665 ί
378 5628 545 5692 (lion.
578 5640 723 5700 cml.,
748 5643 987 5693 instituti.

274 5711 340 5777 H"
368 5704 571 5781 _Vert:n.
612 5708 679 5781 ιδ
709 5710 853 5765 delet
886 5721 961 5771 ut,
1000 5721 1054 5765 et
1082 5713 1262 5765 Statim
1306 5720 1651 5781 prosequitur
1692 5733 1812 5770 cum

247 5768 394 5823 \‘inzl.
426 5794 434 5827 :
474 5796 593 5843 I/nns
626 5780 738 5832 lict!
766 5784 1028 5849 quem/iiut
1052 5784 1218 5835 locum
1250 5768 1523 5837 triundnnt
1557 5790 1807 5859 rrgulam.

1925 4729 2235 4786 Lectionem
2249 4733 2393 4801 vuig.
2411 4733 2776 4789 Conciliorum
2799 4734 2869 4787 uti
2889 4733 3166 4789 meliorem
3187 4735 3531 4803 recepimus..

1926 4803 2129 4867 Quesn.
2162 4804 2307 4856 delet
2335 4814 2381 4857 et
2408 4805 2676 4874 quemlibet
2706 4806 2893 4859 locum.
2948 4804 3070 4859 Mox
3096 4806 3353 4860 damnata
3377 4809 3515 4862 scri-

1924 4874 2129 4940 psimus
2154 4889 2274 4929 cum
2306 4890 2435 4930 mss.
2478 4875 2663 4943 Vind.,
2692 4876 2905 4947 'l‘huan.
2935 4887 2992 4931 et
3017 4877 3159 4947 vulg.
3194 4876 3383 4935 Codex
3401 4878 3511 4934 Ve-

1927 4960 2070 5014 ron..
2100 4947 2306 5009 Inutile,
2336 4947 2547 5000 damna.
2570 4949 2798 5014 Quesn.,
2827 4946 3118 5001 damnatos.

1996 5013 2021 5090 if
2064 5015 2243 5090 Vulg.,
2269 5018 2557 5090 prodirent:
2580 5013 2783 5090 Veron:
2818 5033 2942 5090 ms.,
2967 5017 3331 5090 prwcedercnt.

2000 5087 2013 5119 ί
2060 5087 2258 5152 Quesn.
2286 5089 2485 5143 delevit
2517 5087 2719 5152 Petrus,
2746 5087 2976 5153 Paulus,
2996 5091 3118 5143 licet
3149 5087 3378 5141 fateatur
3405 5087 3511 5155 legi

1926 5154 1978 5206 in
2016 5157 2160 5220 vulg.
2192 5166 2249 5210 et
2275 5159 2484 5213 'Iltuan.
2516 5159 2732 5223 Legitur
2761 5165 2922 5211 etiam
2954 5162 3004 5211 in
3033 5162 3279 5209 omnibus
3310 5164 3529 5211 nostris.

1924 5226 2083 5277 trium
2129 5227 2464 5282 diversarum
2496 5230 2876 5283 collectionum
2905 5245 3035 5282 mss.
3081 5227 3259 5286 Vind.,
3307 5226 3509 5281 Veron.

1926 5304 1979 5347 et
2005 5296 2121 5349 Vat.
2149 5297 2271 5349 Isid.
2305 5298 2400 5353 llic
2428 5299 2563 5352 alter
2595 5302 2786 5352 Petrus
2802 5308 2886 5351 est
2910 5298 3099 5352 Petrus
3122 5298 3339 5362 Mongus
3365 5300 3509 5363 pari-

1925 5374 2004 5419 tcr
2028 5367 2439 5430 Alexandrinus,
2477 5370 2669 5421 Paulus
2698 5383 2825 5422 vero
2853 5376 2907 5420 et
2931 5369 3167 5422 Joannes
3200 5370 3345 5422 luere
3374 5368 3511 5423 Pau-

1924 5437 2005 5489 lus
2039 5438 2357 5505 Ephesinus,
2383 5448 2438 5493 et
2458 5440 2692 5493 Joannes
2722 5443 3029 5505 Apamteus.

1998 5506 2011 5556 i
2067 5508 2242 5573 Vulg.,
2262 5509 2458 5578 fecisse.
2483 5510 2703 5579 Veron.,
2734 5510 2938 5564 tenendi
2964 5524 3093 5573 esse,
3118 5512 3396 5577 mendose,
3416 5526 3529 5579 pro.

1923 5580 2213 5633 tetendisse.
3414 5620 3422 5628 .

1993 5649 2014 5686 ιε
2062 5650 2177 5703 Vat.
2210 5650 2333 5705 Isid.
2366 5652 2469 5707 650
2500 5669 2620 5708 cum
2658 5652 2907 5717 Merlino,
2938 5666 3027 5706 nec
3054 5660 3172 5706 ante
3209 5662 3517 5720 conventu:t

1922 5738 2009 5773 nec
2042 5732 2214 5787 postea
2246 5734 2546 5790 provocatus

3410 351 3519 408 οδε)
3592 383 3600 393 ·
