4102 6306
1751 302 2569 428 ELENCHUS

1059 627 1446 690 OPBRUM
1481 627 1688 703 QUE
1724 625 1826 686 IN
1864 624 2048 687 HOC
2087 621 2348 682 TOMO
2388 616 2542 680 LVI
2575 615 3243 678 CONTINENTUR.

1919 902 2404 932 ’ἥθ’-’³⁸

543 1146 979 1225 Interpretatio
1013 1145 1082 1207 in
1109 1144 1330 1206 Isaiam
1359 1142 1757 1224 prophetam,
1789 1141 1991 1220 capita
2023 1139 2179 1200 VIII.
3417 1127 3532 1190 col.
3700 1124 3768 1186 11

542 1247 829 1310 Humilia;
869 1248 949 1309 VI
983 1245 1051 1308 in
1085 1247 1290 1308 Oziam
1319 1263 1431 1307 seu
1459 1244 1537 1306 de
1568 1241 1950 1323 Seraphinis.
3442 1238 3444 1240 '
3702 1225 3778 1285 93

539 1347 810 1410 Homilia
845 1348 910 1408 in
940 1346 1150 1409 locum
1191 1346 1365 1407 illum
1403 1345 1581 1406 Isaiae
1617 1361 1632 1404 :
1671 1344 1802 1420 Ego
1832 1343 2135 1402 Dominus
2161 1340 2327 1401 Deus
2354 1339 2480 1418 feci
2507 1338 2731 1412 lumen,
2767 1343 2886 1398 etc.
3667 1325 3770 1386 141

541 1447 809 1508 Homilia
844 1447 910 1508 in
952 1447 1159 1509 locum
1192 1445 1366 1508 illum
1394 1445 1681 1508 Ieremia)
1714 1463 1728 1500 :
1766 1442 2051 1517 Domine,
2085 1459 2213 1502 non
2243 1449 2332 1502 est
2364 1442 2434 1502 in
2463 1439 2703 1500 homine
2746 1441 2852 1500 via
2895 1440 3047 1520 ejus,
3085 1442 3202 1502 etc.
3667 1426 3776 1489 153

540 1547 829 1609 Homiliaa
863 1549 919 1609 II
954 1547 1033 1610 de
1069 1545 1542 1629 prophetiarum
1578 1544 1978 1608 obscuritate.

539 1647 975 1726 Interpretatio
1016 1627 1084 1708 in
1119 1645 1462 1720 Danielem,
1500 1645 1703 1725 capita
1731 1647 1892 1707 XIII.
3664 1627 3774 1689 193

541 1750 814 1812 Homilia
851 1750 920 1811 in
954 1749 1111 1812 illud
1143 1749 1400 1812 Joannis
1438 1770 1454 1811 :
1495 1747 1696 1810 Filius
1736 1769 1812 1809 ex
1853 1769 1914 1810 se
1943 1747 2104 1811 nihil
2141 1749 2323 1827 facit,
2371 1753 2488 1810 etc.
3658 1728 3770 1788 247

539 1848 807 1911 Homilia
836 1848 914 1911 de
946 1848 1424 1911 Melchisedeco.
1649 1878 1656 1884 -

540 1950 808 2012 Homilia
843 1954 1058 2012 contra
1086 1948 1270 2010 ludos
1314 1955 1376 2009 et
1401 1946 1657 2009 theatra.
3657 1930 3771 1990 263

540 2051 807 2113 Homilia
843 2052 907 2112 in
940 2050 1094 2112 illud
1126 2050 1305 2110 :Hoc
1349 2058 1553 2109 autem
1582 2048 1818 2121 scitote,
1852 2054 1968 2108 etc.
2629 2127 2631 2130 p
3657 2029 3766 2091 271

541 2148 809 2210 Homilia
853 2149 929 2210 de
957 2147 1234 2228 perfecta
1271 2149 1546 2211 caritate.
2182 2197 2190 2203 .
3653 2129 3770 2191 279

539 2253 809 2315 Homilia
853 2253 932 2316 de
975 2253 1381 2316 continentia.
2404 2308 2410 2317 _
3654 2235 3770 2296 291

540 2353 876 2416 Sermones
905 2356 962 2415 ΙΙ
990 2355 1069 2417 de
1101 2355 1528 2418 consolatione
1569 2352 1805 2414 mortis.
3657 2337 3777 2397 293

539 2453 845 2532 Synopsis
887 2455 1224 2534 Scripturae
1257 2471 1470 2515 sacrae.
3657 2437 3778 2498 313

539 2551 808 2614 Homilia
835 2552 902 2614 in
935 2553 1204 2615 natalem
1234 2551 1451 2612 Christi
1483 2550 1672 2611 diem.
2812 2599 2818 2606 .
3657 2535 3780 2595 385

539 2654 812 2718 Homilia
850 2655 929 2718 de
965 2655 1365 2733 Legislatore.
3660 2641 3774 2702 397

540 2753 810 2815 Homilia
841 2755 905 2815 in
933 2753 1087 2814 illud
1117 2751 1406 2824 Matthaai,
1442 2753 1514 2813 In
1549 2770 1671 2830 qua
1699 2759 2004 2831 potestate
2045 2751 2166 2812 hcrc
2205 2753 2383 2830 facit,
2417 2759 2532 2812 etc.
3657 2743 3772 2803 411

540 2855 828 2916 Homiliaa
870 2857 950 2916 VI
989 2855 1056 2916 in
1092 2853 1312 2916 mundi
1344 2853 1744 2915 creationem.
3656 2841 3778 2901 429

541 2953 811 3016 Homilia
840 2955 917 3016 de
947 2959 1262 3034 serpente.
1594 2977 1600 2988 ι
3660 2942 3777 3001 499

539 3050 818 3131 Epistola
860 3051 938 3114 ad
975 3051 1375 3116 Theodorum
1412 3055 1945 3133 Mepsuesteuum.
3658 3041 3774 3102 517

544 3149 794 3229 Spuria.
3659 3141 3771 3201 517

1983 3504 2240 3560 MONITU
2252 3506 2295 3557 M
2307 3545 2319 3557 .

611 3658 855 3713 Forsitan
872 3656 1172 3721 miraberis,
1198 3655 1392 3712 Lector
1412 3655 1703 3717 benevole,
1725 3658 1887 3726 quod,
1912 3657 2038 3712 dum
2069 3658 2121 3711 in
2140 3657 2390 3711 omnibus
2417 3665 2527 3709 tum
2548 3654 2969 3726 praecedentibus
2987 3665 3097 3709 tum
3127 3655 3496 3712 subsecuturis
3519 3657 3574 3711 S.
3603 3658 3778 3713 Joan-

549 3745 674 3784 nem
703 3727 1142 3798 Chrysostomum
1171 3726 1271 3782 SS.
1299 3727 1543 3798 Patribus
1572 3727 1749 3781 versio
1778 3727 1966 3798 Latina
1996 3729 2060 3782 ad
2089 3727 2562 3798 texturirtlrzecuin
2590 3727 2836 3798 columna
2867 3726 2931 3780 ad
2955 3727 3258 3779 columnam
3282 3728 3506 3789 accedit,
3527 3731 3578 3781 in
3609 3730 3780 3784 haece

545 3795 996 3868 nostrarejusdem
1023 3798 1080 3849 S.
1115 3797 1356 3852 Doctoris
1386 3797 1642 3859 editione,
1670 3797 1860 3868 pagina
1883 3798 2071 3851 Latina
2104 3797 2253 3868 juxta
2279 3796 2516 3868 Graecam
2543 3795 2786 3868 paginam
2798 3803 3022 3868 tantum
3051 3805 3300 3868 ponatur.
3335 3798 3459 3868 lliec
3486 3814 3644 3851 causa
3673 3801 3782 3854 l'uit

545 3877 603 3923 et
629 3867 842 3935 quidem
876 3867 1054 3929 unica,
1084 3867 1226 3934 quod
1259 3868 1566 3935 priusquam
1597 3865 1836 3937 nobisin
1881 3868 2062 3922 animo
2107 3865 2305 3921 ’fuisset
2327 3865 2632 3937 integram,
2659 3865 2756 3937 SS.
2798 3865 3013 3918 Patrum
3035 3933 3050 3937 _
3078 3867 3326 3922 Ecclesiae
3375 3867 3572 3922 Graeca:
3613 3871 3782 3922 tradi-

546 3933 746 4008 tionem
774 3944 1077 4008 contexere,
1101 3933 1206 4004 iam
1239 3933 1540 4008 quindecim
1563 3936 1770 4008 abhinc
1789 3939 1945 3991 annis
1972 3938 2195 4008 seorsim
2217 3933 2559 4008 edideramus
2584 3936 2771 4008 Latine
2791 3943 2996 3990 tantum
3027 3933 3080 3991 S.
3109 3939 3158 3990 .I.
3187 3937 3550 4008 Chrysostomi
3588 3955 3778 4006 opera,

546 4004 846 4072 litterisque
875 4005 1321 4058 mandaveramus
1347 4005 1728 4059 immobilibus.
1759 4007 1864 4060 Res
1893 4025 2012 4062 eum
2042 4009 2113 4061 ita
2143 4007 2202 4060 se
2233 4006 2512 4067 haberent,
2544 4017 2599 4060 et
2627 4023 2725 4060 nec
2750 4007 2802 4059 in
2837 4024 2998 4061 manu
3037 4019 3183 4060 esset
3231 4004 3434 4060 litteras
3471 4004 3783 4062 immobiles

547 4089 1006 4148 movere,‘_neque
1047 4075 1116 4148 in_
1141 4076 1324 4128 animo
1367 4073 1591 4148 hujusce
1637 4075 1888 4148 editionis
1926 4077 2530 4148 mereiLatinminovem
2559 4076 2745 4131 delere
2773 4078 3043 4148 volumina
3089 4093 3207 4148 qua:
3233 4077 3587 4148 janr_integre
3636 4079 3782 4148 typis

545 4143 913 4216 immobilibus
959 4144 1210 4198 mandata
1237 4155 1391 4216 erant
1430 4153 1484 4198 et
1517 4144 1684 4212 pluris
1722 4161 1886 4216 quam
1920 4147 2193 4216 sexaginta
2221 4146 2457 4201 millibus
2490 4143 2845 4200 constiterant
2874 4143 3268 4207 francis,’hun‘c
3296 4143 3521 4201 feliciter
3559 4143 3777 4200 imam-

545 4228 670 4338 plus
691 4213 1081 4339 EI?@UIIH.E(:II
1106 4221 1285 4337 tamdle
1315 4213 1432 4268 sine
1458 4228 1620 4284 opera
1639 4222 1690 4267 et
1719 4214 1980 4285 impensa,
2013 4213 2128 4270 haec
2153 4217 2369 4285 aptandi
2400 4216 2526 4271 huic
2549 4217 2769 4272 editioni
2798 4233 2970 4280 novae,
2993 4233 3112 4285 qua:
3141 4217 3218 4272 sic
3242 4218 3416 4287 lingua
3451 4227 3558 4270 tum
3587 4219 3775 4271 Graeca

573 4298 660 4338 um
733 4298 876 4337 ama
943 4301 955 4337 ι
1043 4297 1196 4338 aeva
1237 4299 1297 4337 ι.

573 4298 660 4338 um
691 4292 876 4337 Latina
901 4292 1068 4338 ditata
1098 4292 1297 4338 evadit.

2494 5533 2566 5584 hx
2601 5537 2735 5603 typis
2779 5509 3006 5588 MIIUNI‘I.
3051 5551 3117 5586 an
3158 5536 3657 5604 Pctil-MOItII’OUge.
