4102 6306
477 261 510 312 7
1910 252 2294 310 PREFATIO.
3742 260 3781 313 8

475 370 686 433 exsilii
717 369 846 430 otio
878 368 1197 430 frueretur
1246 366 1414 429 hanc
1442 366 1805 445 suscepisse
1835 382 2098 445 operam
2134 385 2147 423 :
2187 363 2295 425 sed
2340 362 2474 425 haec
2503 364 2720 427 omnia
2747 364 2990 428 incerta
3013 369 3187 443 sunt,
3219 384 3337 429 nec
3367 366 3488 430 nisi
3526 385 3787 449 augu—

469 452 674 513 rando
705 449 975 528 proferri
1007 453 1298 528 possunt.
1940 525 1953 528 _
2135 523 2148 528 _
2294 522 2311 528 _
2477 522 2486 528 _
2989 525 2999 528 _
3196 526 3205 528 _
3335 527 3347 528 ί
3687 490 3695 499 .

547 530 679 591 Cur
706 522 921 591 autem
951 522 1392 606 imperfectum
1418 543 1583 603 opus
1603 525 2007 606 remanserit,
2039 523 2183 606 quis
2214 522 2314 582 vel
2344 522 2715 606 conjectura
2743 525 3003 606 assequi
3037 526 3240 606 possit
3266 528 3294 586 ?
3315 527 3470 600 Quae
3508 546 3784 606 super-

466 614 842 670 suntautem
863 608 941 669 ad
958 602 1234 668 medium
1252 602 1499 685 tantum
1528 606 1753 683 capitis
1769 604 1977 666 octavi
1998 602 2386 681 pertingant.
2407 602 2520 685 Ubi
2538 603 3009 665 animadvertas
3027 602 3239 678 velim,
3260 607 3432 666 illam
3450 607 3514 666 in
3534 602 3778 685 capita

464 687 1016 765 divisionem,quce
1036 687 1104 747 in
1132 687 1307 747 hisce
1333 680 1815 765 Commentariis
1840 680 2247 765 observatur,
2279 698 2318 742 a
2347 680 2627 765 quodam
2655 698 2903 765 nupero
2922 727 2939 755 ,
2972 685 3319 765 secundum
3358 680 3777 749 divisionem

463 765 788 828 hodierna:
815 761 1106 845 vulgatae
1135 770 1371 825 nostras
1412 764 1729 845 invectam
1763 761 2448 845 fui_sse._Priscis_enim
2474 761 2869 845 temporibus
2892 806 2908 834 ,
2941 764 3109 840 apud
3143 764 3393 825 Grecds
3428 767 3771 845 maxime,

465 846 611 907 aliae
640 838 1036 926 diversaeque
1061 846 1437 926 obtinebant
1482 843 1549 903 in
1578 843 1787 926 capita
1829 841 2200 926 divisiones.
2232 838 2777 926 Commentarium
2809 838 3342 926 vero‘humquam
3370 861 3408 926 a
3449 838 3777 926 Chrysa-4

463 930 673 987 atomo
732 918 1079 1003 perfectum
1130 924 1627 1003 absolutumque
1662 918 1872 1003 inisse
1920 921 2201 1003 arbitror
2232 938 2247 977 :
2285 918 2395 978 sed
2428 935 2575 978 cum
2600 920 2818 979 animo
2847 918 3213 998 perﬁciendi
3246 925 3543 1001 caepisset
3580 918 3617 998 ,⁷
3656 927 3770 988 in-

460 999 837 1082 gruentibus
886 1004 1156 1082 negotiis
1204 1002 1333 1063 alio
1364 1001 1634 1082 fortasse
1670 1000 1982 1082 abductus
2014 999 2224 1082 fueijt.

538 1077 1141 1161 lnterpretatidnem
1185 1098 1378 1161 porro
1427 1081 1722 1161 Latinam
1776 1077 2097 1161 Godet'ridi
2128 1077 2449 1137 Tilmanni
2476 1122 2493 1150 ,
2526 1080 2780 1161 utpote
2798 1079 3271 1161 paraphrastice
3304 1081 3712 1146 adornatam
3741 1132 3762 1158 ,

456 1179 535 1224 ac
568 1158 779 1224 verbis
822 1163 1155 1223 inutilibus
1189 1158 1672 1221 redundantem
1699 1204 1715 1229 ,
1753 1158 2117 1237 rejecimus,
2149 1172 2517 1237 novamque
2558 1158 2955 1237 paravimus.
2992 1159 3174 1221 Certe
3224 1160 3276 1220 is
3308 1178 3451 1220 cum
3481 1166 3764 1227 ratione

458 1259 746 1320 pugnare
775 1242 1045 1312 videtur,
1076 1241 1186 1318 qui
1217 1240 1764 1320 Chrysostomum.
1789 1234 1920 1315 q'uo
1957 1237 2173 1320 nullus
2200 1236 2266 1295 in
2296 1234 2567 1320 dicendo
2595 1236 2999 1320 locupletior,
3031 1239 3119 1300 ita
3144 1240 3219 1299 de
3253 1240 3487 1301 Graecis
3521 1244 3597 1302 in
3626 1245 3763 1306 La-
3820 1258 3825 1261 ‘

455 1315 662 1381 tinnm
690 1321 1026 1391 convertit,
1055 1315 1125 1379 ut
1150 1336 1322 1380 nova
1347 1315 1558 1379 adhuc
1586 1318 1650 1377 in
1679 1316 2201 1396 interpretatione
2236 1316 2577 1396 verborum
2607 1315 3031 1396 redundantia
3062 1323 3449 1396 compareat.

537 1400 632 1460 Ad
664 1400 975 1460 Homilias
1003 1400 1068 1459 in
1089 1398 1309 1459 Oziam
1332 1404 1394 1458 et
1413 1393 1890 1474 de‘Seraphinis
1921 1395 2082 1455 nihil
2110 1393 2264 1454 novi
2293 1393 2742 1471 proferendum
2772 1395 3105 1468 habemus,
3145 1393 3254 1458 sed
3286 1400 3438 1460 satis
3469 1407 3638 1460 sunt
3669 1421 3757 1468 ea

452 1495 601 1555 quae
624 1478 903 1540 diximus
934 1479 999 1538 in
1033 1478 1301 1546 Monito,
1332 1478 1453 1537 col.
1481 1473 1694 1536 93-98.
1721 1476 1848 1535 Nec
1876 1474 2205 1555 quidpiam
2226 1474 2507 1555 suppetit
2528 1473 2695 1555 circa
2718 1474 2877 1536 duas
2910 1481 3249 1553 sequentes
3279 1478 3585 1540 homilias
3634 1482 3758 1541 ad-

455 1552 729 1618 dendum
757 1558 858 1632 iis,
891 1575 1035 1635 quas
1067 1559 1132 1617 in
1157 1556 1413 1617 Monilis
1444 1556 1846 1634 singularum
1873 1553 2105 1614 ibidem
2136 1552 2541 1614 narravimus
2568 1574 2583 1612 :
2613 1552 3017 1633 idipsumqne
3044 1556 3312 1617 dicimus
3351 1557 3427 1617 de
3469 1558 3752 1622 duabus

455 1635 751 1698 Homiliis
781 1637 857 1699 de
884 1637 1370 1714 Prophetiarum
1404 1635 1815 1714 obscuritate.

531 1711 1074 1777 Commentarium
1104 1718 1166 1775 in
1198 1715 1529 1795 Danielem
1562 1732 1690 1774 non
1718 1713 1855 1795 sine
1886 1712 2106 1789 aliquo
2136 1711 2441 1795 scrupulo
2468 1712 2636 1795 inter
2660 1728 2964 1795 germana
2990 1714 3255 1777 Joannis
3289 1717 3489 1777 nostri
3522 1734 3750 1795 Opera

452 1794 829 1856 locavimus.
869 1796 1073 1856 Dictio
1104 1800 1272 1855 certe
1302 1792 1738 1872 Chrysostomi
1773 1798 1909 1863 est;
1943 1809 2145 1872 genus
2178 1790 2634 1872 interpretandi
2660 1809 2698 1872 a
2726 1792 3163 1871 Chrysostomi
3196 1812 3373 1856 more
3417 1814 3549 1856 non
3573 1790 3750 1859 'dis—

450 1874 615 1965 cedit
646 1894 661 1934 :
849 1879 981 1965 tam
1028 1870 1543 1965 compendiosam
1583 1873 2023 1965 narrationem
2058 1871 2127 1930 in
2176 1871 2381 1965 sancti
2433 1870 2711 1965 doctoris
2755 1870 3059 1949 operibus
3090 1875 3196 1965 vi;
3227 1876 3514 1965 reperias
3542 1896 3746 1965 ;_non

442 1953 612 2013 solet
638 1954 878 2032 quippe
906 1954 1012 2014 ille
1044 1954 1131 2014 ita
1172 1949 1393 2032 jejune
1440 1958 1502 2012 et
1531 1952 1786 2012 exiliter
1812 1950 2148 2011 disserere.
2179 1949 2609 2032 Quamobrem
2632 1950 2917 2032 dicamus
2949 1959 3199 2032 oportet
3225 1949 3372 2013 cum
3400 1954 3747 2017 Cotelerio

448 2036 512 2093 et
556 2028 964 2093 Tillemontio
988 2077 1004 2104 ,
1050 2028 1212 2111 opus
1236 2028 1287 2093 ἐι
1319 2032 1776 2111 Chrysostomo
1806 2035 2143 2111 tentatum,
2178 2046 2307 2088 non
2338 2029 2706 2111 absolutum
2741 2028 2959 2089 fuisse.
2988 2028 3215 2111 Neque
3254 2038 3468 2093 tamen
3526 2036 3743 2097 talem

446 2128 590 2172 esse
615 2112 782 2173 hanc
824 2108 1114 2173 nostram
1141 2108 1511 2189 Opinionem
1544 2115 1723 2188 puto,
1752 2114 1824 2170 ut
1854 2110 2136 2189 adimere
2170 2124 2425 2189 omnem
2449 2108 2788 2189 adversam
2818 2108 3251 2187 suspicionem
3281 2113 3507 2189 possit.

526 2190 596 2250 In
627 2191 786 2252 duas
827 2208 981 2252 vero
1007 2186 1348 2268 sequentes
1372 2186 1694 2261 homilias,
1727 2205 1890 2267 quas
1922 2205 2053 2248 non
2084 2187 2178 2268 ita
2204 2186 2447 2264 pridem
2471 2206 2553 2248 ex
2586 2186 3039 2268 Manuscriptis
3062 2186 3323 2251 eruerat
3352 2209 3411 2250 v.
3450 2193 3531 2253 cl.
3558 2194 3745 2255 Ben-

437 2270 671 2342 aelius,
691 2275 1003 2347 quantum
1031 2266 1186 2331 satis
1218 2274 1381 2339 erat,
1405 2266 2089 2348 diximusinMonitis:
2119 2266 2259 2348 _Hoc
2293 2283 2495 2348 unum
2524 2266 2958 2348 addere_libet,
2982 2286 3098 2329 nos
3129 2270 3600 2348 priorem,qua3
3630 2275 3743 2334 in-

448 2353 545 2431 ter
582 2344 1138 2431 praestantissimas
1187 2347 1608 2431 numeranda,
1642 2346 1915 2431 edidisse
1948 2346 2026 2431 ad
2055 2344 2241 2406 ﬁdem
2282 2344 3001 2431 Ottoboniani_Codicis,
3039 2344 3209 2409 unde
3247 2366 3368 2428 ego
3400 2344 3739 2431 exscripsi

436 2426 814 2507 *ltomae,qui
845 2427 1058 2489 Codex
1090 2429 1278 2507 longe
1300 2427 1663 2488 accuratior
1690 2428 1785 2485 est
1813 2426 2195 2507 Anglicano,
2219 2441 2358 2507 quo
2394 2430 2675 2507 ususfest
2703 2426 3062 2486 Benzelius.

522 2506 703 2581 Quod
724 2503 974 2585 spectat
1001 2503 1229 2569 autem'
1244 2507 1588 2567 Homiliam
1612 2512 1838 2571 contra
1860 2505 2191 2566 Circenses
2219 2503 2404 2563 ludos
2438 2509 2502 2585 et
2524 2506 2797 2578 theatra,
2829 2521 2959 2581 qua
2984 2506 3312 2582 pulchrior
3334 2509 3541 2571 altera
3581 2527 3727 2572 non

430 2592 540 2666 est
570 2588 633 2646 in
664 2584 1099 2666 Chrysostomi
1130 2587 1409 2664 scriptis,
1440 2602 1765 2666 quamque
1792 2602 1962 2666 nunc
1989 2584 2269 2666 primum
2294 2600 2330 2643 a
2348 2584 2532 2643 nobis
2547 2589 2811 2666 erutam
2844 2585 3337 2661 publicavimus,
3364 2590 3519 2665 quid
3553 2608 3730 2651 sen-

430 2665 731 2737 tiremus,
760 2662 915 2743 q'uid
943 2666 1019 2727 de
1048 2662 1405 2737 annm—imo
1426 2665 1504 2724 de
1523 2664 1625 2725 die
1650 2662 1782 2741 qua
1808 2663 2023 2743 habita
2049 2662 2240 2723 fuerit
2268 2662 2677 2743 statuendum
2710 2670 3107 2741 putaremus,
3137 2662 3719 2730 abunde—diximus

441 2742 509 2804 in
538 2742 793 2833 Monito
818 2744 897 2833 a_d_
939 2745 1248 2833 eamdem.
1278 2745 1519 2833 Yerum
1570 2744 1727 2833 quia
1766 2742 2047 2833 secundae
2093 2760 2257 2802 cura:
2290 2742 2572 2833 potiores
2604 2752 2777 2833 sunt,
2807 2759 3047 2833 novam
3074 2761 3347 2833 eamque
3380 2750 3719 2833 gravissif

439 2839 611 2884 mam
639 2823 1071 2885 diﬂicultatem
1100 2824 1271 2886 circa
1297 2828 1547 2901 tempus
1579 2827 1643 2882 et
1669 2821 1833 2883 diem
1863 2821 2459 2902 habitaconcionis
2490 2840 2573 2882 ex
2616 2822 2772 2900 ipsis
2800 2821 3258 2902 Chrysostomi
3282 2821 3490 2888 verbis
3537 2829 3710 2889 oriri

439 2902 994 2982 deprehendimus,
1025 2920 1157 2980 qua
1183 2902 1259 2964 de
1288 2920 1358 2963 re
1384 2900 1516 2981 jam
1544 2903 1727 2962 nobis
1758 2901 2076 2980 agendum
2106 2900 2438 2962 incumbit.

519 3055 548 3127 §
578 3052 656 3112 ll.
686 3050 1060 3131 Disquisitio
1093 3049 1264 3110 circa
1277 3057 1517 3131 tempus
1533 3055 1587 3107 et
1610 3046 1766 3107 diem
1794 3064 1914 3125 quo
1943 3042 2152 3106 habita
2174 3045 2300 3131 fuit
2316 3043 2569 3131 egregia
2597 3044 2709 3131 illa
2725 3045 2952 3131 Cencio
2981 3055 3202 3108 contra
3229 3048 3411 3111 ludos
3441 3050 3717 3113 Circen-

1036 3147 1126 3188 ses
1155 3136 1210 3188 et
1242 3124 1499 3196 theatra,
1529 3145 1710 3206 quam
1738 3124 1935 3204 nuper
1968 3134 2202 3184 erutam
2229 3124 2551 3192 edidimus,
2584 3125 2705 3184 col.
2733 3125 2851 3185 263
2876 3130 2939 3186 et
2963 3144 3104 3204 sqq.

514 3251 1037 3344 Ut‘intelligatur,
1077 3265 1209 3342 qua
1238 3250 1303 3309 in
1327 3267 1399 3344 re
1433 3248 1770 3344 difficultas
1799 3252 2127 3344 verset-ur,
2150 3247 2570 3344 retraetauda
2583 3253 2750 3344 sunt.
2765 3265 2839 3311 ea
2869 3266 3013 3344 quin
3041 3251 3107 3344 iu
3137 3250 3381 3344 Monito
3407 3251 3741 3344 diximus.

438 3330 783 3410 repetenda
822 3327 935 3393 illa
962 3327 1299 3408 quaicirca
1325 3334 1575 3410 tempus
1607 3335 1670 3388 et
1709 3328 1874 3388 diem
1904 3328 2143 3410 habitae
2168 3328 2502 3410 concionis
2536 3327 2840 3410 dicuntur
2873 3328 3057 3410 initio
3086 3329 3386 3391 homiliaa.
3416 3332 3561 3394 Jam
3592 3352 3727 3398 an-

438 3407 592 3471 num
640 3428 845 3470 unum
890 3407 1191 3471 emensus
1232 3413 1371 3469 erat
1404 3407 1899 3487 Chrysostomus
1930 3408 1997 3466 in
2046 3407 2420 3487 episcopatu
2454 3408 3196 3486 Constantinopolitano.
3236 3411 3455 3471 etenim
3506 3432 3725 3475 annue

437 3490 681 3550 tandem
717 3497 801 3549 est
831 3490 1072 3567 elapsus
1113 3508 1190 3548 ea:
1217 3506 1338 3567 quo
1371 3487 1441 3547 in
1470 3486 1729 3547 vestram
1748 3487 2057 3567 civitatem
2076 3486 2367 3567 advectus
2387 3506 2520 3546 sum
2543 3507 2562 3546 :
2587 3506 2733 3548 cum
2762 3488 3097 3550 ordinatus
3121 3507 3272 3567 ergo
3288 3489 3511 3550 fuisset
3537 3510 3724 3554 anno

434 3569 573 3641 398,
607 3575 802 3650 atque
824 3576 895 3650 ut
919 3565 1008 3629 ait
1039 3565 1357 3650 Socrates,
1377 3566 1460 3650 26
1490 3567 1853 3650 Februarii,
1880 3565 2013 3650 jam
2044 3566 2399 3650 secundum
2426 3567 2833 3650 episcopatus
2866 3584 3110 3650 annum
3140 3565 3544 3650 agebatrlllo
3577 3573 3724 3650 igi-

439 3656 542 3709 tur
566 3645 737 3710 anno
765 3647 924 3710 feria
954 3653 1187 3725 quarta
1228 3646 1640 3708 hebdomadze
1675 3645 2008 3723 cujusdam
2053 3647 2440 3724 irrumpente
2476 3647 2701 3722 pluvia
2743 3648 2984 3723 ingenti
3017 3654 3201 3725 atque
3250 3649 3455 3708 omnia
3507 3645 3722 3710 sec-itm

435 3727 735 3800 trahente,
770 3735 825 3787 et
868 3726 942 3787 ab
989 3744 1115 3794 ore,
1162 3734 1231 3806 ut
1268 3726 1636 3806 ita_dicam,
1688 3725 2107 3806 agricolarum
2148 3743 2415 3784 mensam
2461 3725 2763 3806 rapiente,
2807 3736 3078 3806 comatos
3107 3727 3311 3803 spicas
3356 3728 3715 3806 dejiciente,

436 3815 769 3885 ceteraque
800 3807 1007 3866 omnia
1032 3823 1149 3883 per
1180 3804 1445 3885 {tumidae
1487 3805 1756 3864 materiae
1783 3805 2023 3885 copiam
2055 3804 2425 3871 devastante,
2453 3804 2691 3885 (itania:
2717 3813 2773 3885 et
2806 3805 3298 3883 supplicationes
3335 3804 3529 3885 fuere.
3584 3816 3713 3869 etc.

429 3883 730 3944 Diximus
758 3890 970 3946 autem
1002 3890 1144 3960 post
1172 3883 1693 3961 Chrysostomum
1725 3885 1856 3945 haec
1882 3884 2037 3944 feria
2066 3890 2297 3961 quarta
2335 3884 2642 3945 accidisse
2673 3906 2687 3944 :
2719 3884 2807 3944 ait
2835 3885 3027 3951 enim,
3057 3901 3191 3945 uno
3218 3883 3466 3945 tantum
3496 3888 3717 3947 inter-

417 3964 641 4039 :posito
690 3968 836 4041 post
864 3968 1111 4023 tantam
1150 3963 1454 4041 alluviem
1499 3964 1622 4032 die,
1656 3964 1838 4023 ludos
1870 3962 2201 4024 Circenses
2239 3963 2300 4021 in
2342 3964 2688 4024 Parasceve
2742 3964 2941 4022 editos
2995 3963 3215 4023 fuisse.
3245 3964 3313 4023 ln
3344 3967 3716 4027 Parasceve

418 4042 652 4121 igitur,
687 4040 947 4119 quidam
1005 4059 1084 4101 ex
1132 4059 1324 4119 grege
1364 4040 1876 4102 Christianorum
1910 4043 2131 4103 relicta
2175 4043 2459 4104 ecclesiae
2508 4044 2838 4115 concione,
2888 4042 2968 4121 ad
3000 4044 3416 4121 spectaculum
3456 4064 3717 4106 concer-

432 4119 705 4211 tantium
734 4137 1030 4211 equorum
1060 4121 1553 4211 trans[ugerunt,
1604 4132 1785 4211 atque
1816 4121 2309 4211 itadebacchati.
2332 4130 2502 4211 sunt,
2533 4130 2602 4181 ut
2627 4131 2818 4211 totam
2858 4119 3065 4211 urbem
3101 4120 3357 4211 uocibus
3399 4125 3716 4211 clamorif

413 4199 661 4279 «basque
702 4198 1179 4280 repleverint....
1220 4199 1315 4260 Ne
1346 4198 1550 4280 ipsam
1582 4198 2021 4280 quidemaicm
2056 4202 2330 4269 reveriti,
2379 4202 2447 4261 in
2480 4220 2600 4280 qua
2649 4199 2920 4280 symbolo
2954 4200 3175 4260 salutis
3197 4203 3458 4280 generis
3500 4205 3713 4264 nostri

432 4277 854 4340 consummata
881 4288 1048 4357 sunt.
1083 4279 1306 4337 Verum
1332 4278 1400 4337 in
1421 4277 1758 4357 Parasceve
1780 4277 1882 4357 (α).
1920 4298 2056 4338 cum
2076 4281 2378 4340 Dominus
2410 4277 2553 4340 tuns
2575 4277 2696 4357 pro
2726 4278 2868 4338 orbe
2897 4278 3396 4357 cruciﬁgebatur,
3425 4291 3481 4341 et
3510 4284 3713 4344 sacri-

412 4428 423 4437 ⁸
431 4360 534 4439 ﬁci
542 4378 641 4419 um
675 4358 793 4439 tale
815 4356 1211 4439 offerebatur.
1232 4356 1581 4439 paradisus
1593 4356 2004 4439 aperiebatur.
2039 4366 2096 4417 ct
2125 4359 2289 4417 latro
2321 4356 2737 4439 in_antiauam
2763 4356 3174 4418 reducebatur
3192 4361 3488 4436 patriam,
3520 4365 3710 4423 male-

431 4375 641 4439 ficium
675 4375 793 4419 tate
815 4375 1211 4437 merebatur.
1232 4375 1568 4434 paradisus
1593 4375 2004 4497 alierieoamr.
2039 4375 2096 4417 ct
2125 4375 2289 4417 latro
2321 4377 2389 4419 in
2417 4375 2737 4438 antiquam
2763 4375 3174 4418 reauceoatur
3192 4375 3488 4436 patriam,
3520 4375 3710 4423 male-

431 4438 627 4499 dictio
651 4436 1122 4517 dissolecbatur,
1146 4445 1465 4517 peccatum
1489 4436 1614 4497 dele
1640 4447 1821 4517 atur,
1855 4436 2228 4517 diuturnum;
2247 4436 2580 4497 tollebatur
2609 4437 2853 4517 bellum,
2873 4439 3152 4517 Deusque
3173 4440 3711 4501 reconciliabatur

418 4536 570 4577 cum
593 4516 1190 4598 hominibus._atque
1226 4516 1430 4598 omnia
1458 4515 1861 4598 mutabantur
1890 4536 1910 4576 :
1947 4516 2022 4598 in_
2050 4515 2164 4598 illa
2189 4515 2379 4598 diein
2433 4534 2553 4594 qua
2575 4516 2868 4598 jejunare
2895 4515 3216 4598 oportebat
3243 4564 3258 4584 ,
3306 4522 3613 4598 conﬁteri.
3650 4529 3710 4579 et

416 4596 670 4677 gratias
713 4596 1028 4677 precando
1077 4594 1303 4675 referre
1344 4595 1402 4655 ei
1436 4596 1545 4674 qui
1586 4603 1687 4677 tot
1727 4594 1887 4677 bona
1924 4594 2063 4655 orbi
2093 4595 2361 4677 contulit
2395 4614 2415 4653 :
2456 4594 2601 4677 tunc
2638 4594 2732 4677 'tu_
2754 4594 2973 4677 relicta
3008 4596 3259 4677 ecclesia
3296 4604 3351 4656 et
3390 4594 3704 4677 sacriﬁcio

428 4673 777 4814 sggituali,
822 4673 1213 4755 fratrumque
1239 4682 1413 4742 ccetu,
1447 4673 1627 4753 atque
1647 4673 1885 4753 jejunii
1925 4676 2262 4752 gravitate,
2300 4674 2581 4753 captivus
2611 4695 2650 4735 a
2693 4674 2940 4737 diabolo
2985 4674 3067 4734 ad
3096 4674 3260 4735 illud
3287 4673 3706 4754 spectaculum

437 4774 468 4814 τι
558 4764 735 4814 actus
765 4773 846 4813 es.

437 4764 735 4815 abductus
765 4773 846 4813 88.

512 4833 659 4895 Haec
679 4836 765 4893 ita
790 4832 1105 4910 pathetice
1123 4831 1830 4911 etTertChrysostomus,
1850 4835 1921 4891 ut
1947 4832 2304 4909 putaverim
2328 4835 2721 4894 Parasceven
2746 4834 2943 4903 illam,
2977 4851 3171 4909 quam
3199 4837 3532 4911 tantopere
3554 4837 3709 4895 cete

416 4913 575 4976 'hrat
595 4913 875 4982 ille,esse
902 4912 1122 4972 feriam
1150 4918 1398 4973 sextam
1430 4912 1833 4972 hebdomadas
1864 4917 2123 4981 sanctae,
2155 4930 2229 4973 ac
2252 4913 2515 4989 proinde
2546 4913 2655 4973 illa
2678 4912 2917 4979 omnia,
2938 4929 3081 4989 quae
3104 4913 3392 4989 pluribus
3413 4918 3707 4974 recenset

416 4992 491 5053 ‘S.
512 4994 801 5065 antistes,
824 4992 888 5050 in
918 4992 1311 5052 hebdomade
1342 4996 1562 5051 sancta
1594 4990 1929 5051 accidisse:
1956 4989 2286 5067 fateorque
2317 5010 2416 5051 me
2455 4992 2621 5051 hanc
2648 4992 3030 5051 sententiam
3078 4994 3445 5069 amplexum
3476 4993 3701 5053 fuisse.

429 5072 668 5132 Verum
690 5075 913 5132 contra
932 5071 1102 5132 illam
1120 5071 1511 5149 gravissimae
1529 5070 1871 5148 insurgunt
1892 5069 2597 5148 difﬁcultates,quarum
2622 5070 2889 5130 alteram
2916 5071 3119 5147 primo
3137 5078 3498 5149 perceptam
3516 5091 3591 5132 ex
3602 5091 3708 5148 ροι

431 5152 529 5211 sui
556 5152 619 5210 in
637 5151 902 5220 Monito,
922 5157 1145 5229 estque
1168 5148 1530 5229 hujusmodi
1553 5150 1651 5210 :ln
1680 5150 1993 5229 concione
2012 5150 2101 5209 ait
2119 5150 2634 5228 Chrysostomus,
2653 5160 2793 5209 ante
2811 5159 2931 5207 tres
2954 5149 3081 5210 dies
3105 5150 3293 5210 imber
3316 5153 3554 5229 ingens.
3578 5152 3703 5211 lm-

430 5231 546 5290 ber
573 5237 786 5292 autem
814 5229 922 5289 ille
950 5228 1177 5289 decidit
1205 5228 1363 5290 feria
1389 5235 1620 5305 quarta
1649 5228 2315 5305 hebdomadis,quinta
2345 5229 2499 5290 feria
2517 5229 2675 5288 nihil
2704 5236 3098 5289 memoratur
3122 5228 3449 5301 accidisse,
3481 5231 3543 5288 in
3579 5231 3703 5287 Pa—

429 5325 692 5371 rasceve
726 5309 856 5370 ludi
885 5313 1215 5385 equestres
1247 5309 1480 5367 multos
1508 5326 1591 5368 ex
1616 5308 1939 5368 catholicis
1977 5308 2423 5377 abduxerunt;
2466 5308 2741 5368 Sabbato
2773 5307 2957 5367 iidem
2991 5309 3107 5385 ipsi
3145 5308 3489 5369 Christiani
3523 5309 3696 5365 thea-

429 5392 676 5468 trorum
704 5389 1061 5468 spectacula
1079 5387 1389 5454 adierunt.
1412 5388 1574 5468 Hinc
1601 5406 1750 5447 vero
1775 5387 1955 5463 sequi
1984 5387 2230 5446 videtur
2256 5387 2420 5468 hanc
2439 5388 2765 5448 homiliam
2786 5388 2922 5463 ipsa
2945 5386 3044 5447 die
3066 5389 3394 5448 Dominica
3416 5388 3695 5468 habitam

431 5465 652 5540 fuisse,
682 5464 847 5527 inter
880 5485 1075 5545 quam
1106 5472 1269 5526 diem
1324 5472 1386 5525 et
1434 5466 1658 5528 feriam
1697 5474 1994 5544 quartam
2025 5466 2487 5544 praecedentem
2514 5472 2686 5529 retro
2727 5468 3127 5527 numerando
3160 5473 3288 5528 tres
3326 5464 3694 5527 intercede—

492 5608 564 5670 (α)
586 5614 695 5674 "fec
711 5606 1031 5674 intelligenda
1059 5621 1169 5657 esse
1194 5608 1257 5657 de
1274 5607 1353 5655 die
1374 5609 1575 5674 veneris
1597 5615 1709 5674 ante
1725 5607 1993 5674 Paschaex
2016 5608 2345 5674 eo_probatur,
2366 5609 2492 5673 quod
2518 5612 2564 5657 in
2591 5608 2670 5658 illa
2696 5610 2792 5672 ipsa
2818 5609 2898 5660 die
2923 5611 3181 5661 evenerint
3204 5625 3315 5674 qum
3339 5611 3415 5662 hic
3437 5615 3691 5670 memorat,

429 5677 484 5718 et
504 5669 635 5734 quod
652 5670 893 5731 jejunium
915 5683 1143 5734 magnum
1162 5684 1251 5721 seu
1276 5669 1695 5733 quadragesimalc
1724 5672 1769 5719 in
1793 5672 1953 5720 medio
1978 5669 2268 5730 proferatur.
