4102 6306
378 362 443 416 η
1638 352 1704 406 iN
1744 348 2009 431 manu;
2033 347 2185 408 car.
2229 355 2272 409 I.
3587 356 3656 411 is

372 478 482 531 dies
520 473 739 544 jejunus
790 472 1008 537 mansit,
1059 469 1364 539 nullamque
1405 481 1507 521 non
1548 464 1961 520 sollicitudinem

377 568 607 622 adhibuit
640 567 692 619 in
720 564 1073 635 supplicando
1096 563 1207 617 Deo
1228 602 1247 627 ,
1275 570 1330 616 ut
1356 561 1473 613 illos
1498 556 1566 613 ab
1587 572 1767 612 amara
1788 556 1960 611 servi-

379 672 483 715 tute
511 660 831 714 redimeret.
868 656 1070 726 Singuli
1101 670 1311 726 quoque
1336 652 1504 707 sancti
1537 651 1637 705 hoc
1664 648 1964 719 splendoris

376 767 563 822 genere
606 750 835 821 fulgent.
881 749 972 803 Sic
1008 756 1063 802 et
1104 744 1266 800 David
1309 745 1598 799 immissum
1630 741 1681 795 in
1711 740 1961 811 populum

380 844 504 897 itam
536 843 627 896 Dei
655 857 908 904 cernens,
943 840 993 892 in
1022 854 1080 892 se
1107 838 1392 891 vindictam
1420 834 1704 895 revocabat
1727 833 1915 887 dicens
1940 846 1955 882 :

383 937 485 1003 Ego
513 948 685 1000 pastor
711 934 933 1003 peccavi,
967 942 1011 986 et
1032 948 1122 1001 ego
1151 940 1320 999 pastor
1344 928 1536 981 malum
1562 924 1841 996 perpetrari
1873 939 1894 978 :
1914 933 1963 978 et

378 1030 477 1094 isti,
500 1029 584 1096 qui
605 1042 731 1097 grex
752 1035 891 1087 sunt,
917 1025 1038 1094 quid
1062 1020 1326 1092 fecerunt?
1354 1018 1475 1073 Fiat
1498 1033 1677 1070 manus
1702 1026 1787 1069 tua
1810 1030 1963 1083 super

379 1137 486 1183 me,
511 1130 556 1171 et
582 1119 791 1171 domum
827 1116 987 1185 patris
1016 1114 1112 1168 mei
1141 1113 1230 1183 (2.
1265 1111 1392 1182 Reg.
1418 1110 1506 1165 9.4.
1534 1108 1664 1178 17).
1694 1107 1965 1163 Abraham

382 1227 506 1263 vero
548 1208 872 1278 patriarcha,
900 1222 1020 1261 eum
1060 1204 1243 1275 procul
1283 1211 1428 1258 esset
1462 1217 1491 1255 a
1532 1201 1705 1263 malis,
1736 1210 1792 1255 et
1827 1198 1963 1253 nihil

379 1315 658 1355 commune
698 1300 923 1355 haberet
952 1313 1073 1352 cum
1108 1295 1341 1366 pernicie
1372 1295 1455 1347 illa
1484 1292 1788 1347 Sodomitas
1812 1292 1961 1346 iuva-

382 1410 521 1455 stu-a,
548 1393 697 1463 quasi
736 1395 851 1463 ipse
894 1392 947 1445 in
992 1390 1181 1445 mediis
1202 1387 1593 1443 calamitatibus
1618 1389 1957 1449 consisteret,

382 1486 451 1538 ita
481 1486 641 1539 Deum
671 1485 989 1553 precabatur
1006 1491 1061 1537 et
1079 1480 1313 1552 rogabat,
1339 1494 1509 1549 neque
1537 1478 1697 1532 ﬁnem
1727 1476 1964 1531 facturus

382 1589 493 1629 erat
536 1575 868 1646 supplicandi
909 1585 964 1628 ut
1006 1574 1176 1627 dirum
1209 1571 1509 1626 incendium
1540 1577 1824 1630 averteret,
1857 1564 1959 1620 nisi

385 1672 521 1724 heus
545 1671 635 1724 illo
658 1670 881 1724 dimisso
909 1668 1143 1722 abiissct.
1190 1666 1369 1722 Sancti
1414 1679 1573 1734 porro
1609 1661 1739 1717 Novi
1770 1660 1959 1715 Testa-

383 1766 544 1820 meoti
591 1763 848 1833 majorem
895 1763 1182 1817 exhibuere
1219 1760 1505 1823 virtutem,
1552 1764 1735 1826 utpote
1772 1751 1960 1822 majori

383 1858 543 1926 gratia
575 1857 777 1922 donati,
800 1865 854 1912 et
872 1855 937 1910 ad
959 1855 1282 1909 diuturniora
1305 1851 1595 1907 certamina
1613 1850 1805 1904 vocati.
1838 1848 1961 1903 ideo

385 1953 568 2007 Petrus
594 1952 865 2006 Christum
897 1950 1119 2004 audiens
1141 1948 1426 2009 dicentem,
1445 1944 1693 1999 divitibus
1713 1941 1963 1996 difﬁcilli-

383 2060 521 2096 mum
545 2058 667 2097 esse
690 2042 941 2096 caelorum
970 2041 1282 2109 ingressum,
1302 2036 1595 2107 angebatur
1609 2044 1662 2089 et
1679 2031 1959 2097 tremebat,

384 2146 534 2204 atque
564 2137 635 2188 ita
666 2133 963 2188 sciscitatus
985 2140 1096 2186 est:
1122 2130 1243 2196 Quis
1268 2145 1386 2199 ergo
1414 2136 1573 2197 potest
1597 2124 1785 2179 salvari
1806 2122 1958 2195 (Luc.

388 2229 466 2283 I8.
498 2228 629 2297 i6)?
659 2227 868 2283 etiamsi
896 2226 1036 2281 circa
1069 2240 1153 2281 res
1182 2239 1302 2278 suas
1327 2221 1638 2277 confideret.
1671 2217 1786 2274 Non
1816 2216 1958 2271 enim

381 2321 444 2375 de
465 2321 625 2373 rebus
649 2319 784 2383 suis,
811 2318 905 2373 sed
930 2316 997 2371 de
1021 2316 1149 2370 orbe
1170 2315 1380 2369 solliciti
1405 2319 1578 2367 erant.
1605 2310 1798 2366 Paulus
1815 2315 1962 2363 certe

383 2426 471 2478 per
490 2425 683 2464 omnes
711 2409 977 2478 Epistolas
1001 2422 1123 2463 suas
1162 2406 1287 2461 illud
1325 2405 1550 2459 indicat:
1579 2401 1669 2473 qui
1698 2402 1844 2472 prius
1869 2399 1961 2453 ha-

382 2504 537 2557 bebat
572 2503 850 2556 hominum
893 2502 1141 2567 salutem,
1171 2514 1329 2570 quam
1360 2498 1631 2552 Christum
1653 2495 1861 2558 videre,
1889 2493 1960 2547 ita

382 2595 560 2649 dicens
587 2614 601 2649 :
627 2594 850 2659 Resolvi,
873 2604 918 2646 et
942 2609 1058 2647 eum
1076 2590 1273 2646 Christo
1293 2606 1417 2651 esse,
1442 2588 1619 2641 melius
1639 2595 1732 2647 est.
1760 2600 1964 2638 orauere

380 2699 544 2741 mitem
568 2689 619 2739 in
648 2703 803 2740 carne
821 2687 983 2756 "mgis
1006 2684 1341 2738 necessarium
1361 2689 1567 2750 propter
1585 2696 1671 2734 eos
1698 2676 1958 2749 (Philipp.

381 2780 431 2834 1.
458 2779 550 2834 23.
578 2778 697 2848 2-1).
728 2778 911 2833 Talem
940 2777 1092 2831 nobis
1120 2784 1294 2830 servat
1320 2774 1542 2828 formam
1558 2771 1651 2825 hic
1673 2770 1957 2840 propheta;

383 2873 471 2928 Dei
516 2886 747 2941 namque
786 2870 1076 2925 sententias
1107 2884 1230 2924 cum
1273 2882 1460 2937 magna
1505 2865 1695 2921 ﬁducia
1738 2862 1959 2933 profert,

382 2972 689 3033 peceatores
718 2963 981 3030 increpat,
1014 2961 1292 3030 ipsumque
1319 2968 1504 3013 contra
1530 2957 1648 3011 illos
1677 2970 1964 3026 exaspera-

381 3068 483 3110 tum
509 3057 680 3125 longis
702 3055 1011 3125 frequenter
1029 3052 1363 3107 Sermonibus
1384 3052 1583 3121 placat;
1609 3048 1750 3119 quod
1779 3052 1829 3102 in
1858 3048 1963 3102 fine

383 3149 607 3201 maxime
637 3146 936 3217 prophetia:
958 3145 1137 3200 videre
1160 3152 1260 3199 est.
1292 3142 1529 3197 Tandem
1557 3142 1727 3213 ipsum
1755 3139 1960 3195 adeun-

380 3237 504 3292 dum
524 3248 608 3294 est
635 3238 933 3309 prophetia:
961 3235 1259 3291 exordium.

968 3349 1192 3406 CAPUT
1232 3350 1246 3403 l
1289 3347 1387 3419 (η).

857 3465 990 3519 Vitio
1015 3482 1163 3533 quant
1192 3464 1309 3518 vidit
1336 3461 1522 3516 Isaias.

462 3605 511 3653 1.
543 3598 808 3655 Visionem
846 3609 1003 3653 Vocat
1051 3597 1378 3668 prophetiam
1404 3636 1419 3662 ,
1462 3594 1545 3649 vel
1594 3595 1671 3648 sic
1710 3593 1959 3664 loquitur,

388 3690 531 3759 quod
568 3692 724 3745 multa
756 3706 942 3745 eorum
985 3707 1104 3758 qua:
1135 3699 1385 3745 eventura
1427 3695 1579 3743 erant
1621 3685 1719 3740 sub
1748 3692 1963 3752 aspectu

391 3780 636 3844 haberet;
663 3780 1111 3851 quemadmodum
1141 3779 1387 3835 Micharas
1412 3777 1543 3833 vidit
1570 3778 1821 3849 pupulum
1852 3775 1964 3829 dis-

390 3889 600 3941 persum
628 3874 700 3946 (5.
734 3873 865 3942 Reg.
892 3872 982 3929 22.
1015 3874 1141 3943 17);
1171 3884 1224 3928 et
1251 3870 1493 3927 Ezechiel
1521 3871 1878 3941 captivitatem
1902 3880 1967 3921 ac

387 3968 875 4035 prmvaricatiouem
898 3981 1084 4022 eorum
1108 3965 1195 4035 qui
1219 3965 1385 4019 solem
1415 3974 1471 4019 et
1492 3960 1820 4019 Tltamuzem
1846 3958 1968 4013 ado-

391 4061 570 4112 rabant
611 4058 838 4130 (Ezech.
866 4058 920 4113 8.
954 4058 1055 4125 14)
1091 4074 1104 4110 :
1134 4057 1215 4111 vel
1245 4056 1365 4126 quia
1392 4055 1442 4110 id
1470 4053 1609 4125 quod
1636 4051 1908 4123 propheta:
1936 4064 1967 4105 a

391 4150 494 4204 Deo
516 4150 825 4215 audiebant,
850 4150 965 4217 ipso
991 4162 1170 4204 rerum
1198 4156 1486 4217 conspectu
1512 4145 1645 4200 nihil
1674 4145 1849 4198 minus
1874 4144 1968 4195 ha-

395 4243 555 4306 beret,
576 4241 675 4296 sed
700 4240 921 4311 perinde
942 4239 1102 4294 iidem
1126 4238 1344 4305 faceret,
1365 4250 1520 4293 secus
1538 4251 1695 4306 quam
1727 4236 1778 4289 in
1808 4234 1968 4289 rebus

395 4334 545 4400 hujus
580 4332 788 4387 mundi.
828 4330 979 4399 Quod
1015 4329 1160 4386 enim
1187 4329 1290 4383 alio
1313 4329 1559 4384 audirent
1586 4327 1745 4382 modo
1765 4368 1780 4391 ,
1806 4341 1966 4397 quam

394 4424 572 4492 reliqui
604 4424 871 4486 homines,
898 4421 948 4475 id
978 4421 1066 4475 ille
1093 4421 1203 4476 ait:
1230 4419 1438 4474 Addidit
1453 4419 1577 4472 mihi
1597 4434 1768 4471 curent
1787 4418 1854 4471 ad
1876 4433 1970 4470 att-

395 4516 626 4568 diendtun
660 4513 812 4583 (irai.
844 4513 933 4568 50.
967 4514 1044 4582 ι).
1077 4512 1387 4567 Sermonem
1420 4520 1596 4565 autem
1624 4508 1727 4564 fide
1750 4509 1967 4579 dignum

394 4606 693 4661 redditcutn
714 4606 809 4669 ait,
846 4604 999 4665 Vitia,
1021 4602 1421 4672 auditoremque
1441 4601 1662 4666 excitat,
1687 4610 1741 4654 et
1760 4600 1824 4654 ad
1847 4615 1967 4654 eum

397 4701 480 4766 qui
502 4716 585 4753 res
613 4699 859 4753 exhibuit
880 4696 1209 4751 transmittit.
1241 4696 1355 4750 Mos
1382 4695 1522 4749 enim
1545 4700 1661 4749 erat
1684 4692 1932 4747 omnibus
1950 4732 1966 4759 ,

398 4793 477 4858 qui
516 4792 604 4844 Dei
642 4792 785 4844 dicta
822 4792 874 4843 in
917 4789 1050 4844 alios
1090 4788 1539 4851 transmittebant,
1567 4785 1691 4839 illud
1720 4796 1842 4838 ante
1868 4784 1969 4837 alia

400 4884 736 4946 constituere,
767 4897 825 4937 se
848 4881 979 4935 nihil
1010 4896 1037 4933 a
1060 4879 1359 4949 semetipsis
1388 4879 1553 4949 loqui,
1584 4877 1675 4932 sed
1697 4876 1872 4931 divina
1903 4875 1971 4929 ab

399 4986 452 5023 se
478 4974 697 5040 proferri
726 4973 941 5028 oracula
968 4981 1020 5026 et
1047 4972 1241 5041 scripta
1265 4986 1331 5026 ex
1352 4970 1496 5025 etelis
1520 4968 1713 5024 delata.
1751 4968 1839 5023 Sic
1867 4966 1971 5020 Da-

402 5066 479 5119 \id
510 5067 719 5121 aiebat:
745 5064 950 5137 Lingua
989 5080 1099 5117 mea
1133 5064 1356 5117 calamus
1386 5062 1562 5117 scribis
1588 5062 1817 5115 velociter
1851 5059 1973 5113 seri-

409 5160 547 5212 brutis
571 5160 741 5225 (Psol.
770 5159 859 5212 44.
882 5157 919 5211 2
936 5156 977 5227 ).
1012 5156 1088 5212 Ne
1115 5165 1267 5225 putes
1291 5156 1449 5226 igitur
1474 5154 1656 5208 literas
1681 5168 1747 5209 ex
1768 5152 1974 5206 calamo

412 5251 619 5315 prodire,
644 5250 737 5305 sed
767 5268 830 5305 ex
860 5250 1078 5304 dextera
1114 5246 1340 5302 tenentis
1367 5261 1521 5307 cuin;
1554 5243 1604 5298 id
1630 5252 1709 5298 est
1729 5284 1744 5308 ,
1776 5258 1878 5297 non
1909 5258 1976 5297 ex

414 5339 566 5410 littgtu
596 5343 829 5404 Davidis,
860 5339 955 5396 sed
1002 5354 1067 5394 ex
1111 5338 1274 5408 gratia
1319 5337 1488 5406 ipsam
1528 5342 1794 5388 movente.
1826 5332 1978 5387 Alius

420 5447 528 5487 vero
567 5434 818 5503 propheta
849 5434 1080 5501 idipsum
1105 5430 1382 5485 declamas
1416 5427 1625 5483 dicebat
1659 5443 1673 5480 :
1701 5425 1979 5493 Caprariua

421 5541 533 5578 erum
560 5543 842 5598 syromoras
881 5524 1103 5579 evellent
1130 5521 1320 5595 (Amos
1348 5520 1401 5574 7.
1434 5518 1499 5573 16
1519 5517 1573 5589 );
1607 5532 1673 5572 ne
1699 5517 1815 5586 quis
1838 5516 1978 5569 dicta

427 5738 435 5746 ,
466 5678 527 5740 (α)
554 5680 679 5747 Nulla
700 5682 913 5747 θρίω-ιιι
935 5676 1189 5747 distinctio
1202 5674 1410 5747 habetur
1423 5673 1473 5722 in
1496 5674 1642 5747 llegio
1661 5669 1983 5747 Codicenlnto

423 5738 462 5785 ίιι
478 5734 703 5795 véteribus
720 5734 829 5794 tt'ss.
855 5743 1011 5805 longe
1032 5740 1262 5805 divorte
1286 5743 1387 5805 erat
1422 5736 1630 5805 cattle"!
1659 5734 1797 5805 9'99:
1826 5740 1889 5804 ,ιιι
1912 5735 1981 5782 νί-

425 5804 523 5856 deas
540 5808 585 5857 in
600 5809 889 5860 meum
912 5795 1083 5857 nostra
1106 5799 1410 5860 Coislittiatta,
1432 5795 1497 5847 de
1522 5796 1655 5848 libris
1676 5795 1881 5847 Biblicis.

2070 470 2317 528 humana:
2343 473 2617 542 sapientia:
2643 472 2985 528 adscriberet.
3020 471 3201 543 Neque
3231 472 3343 527 boc-
3357 472 3499 526 dioto
3520 489 3650 528 cou-

2070 573 2246 620 tentus
2274 564 2391 631 fuit,
2419 565 2512 620 sed
2544 565 2681 619 aliud
2704 564 2906 621 addidit
2934 565 3018 621 his
3043 566 3215 621 verbis
3243 582 3257 619 :
3292 565 3413 620 Sed
3434 582 3528 635 ego
3563 582 3646 619 re-

2070 657 2231 725 pletus
2255 673 2366 711 sum
2400 658 2697 727 fortitudine
2720 658 2771 711 in
2799 658 2998 725 Spiritu
3027 655 3254 719 Domini,
3289 667 3335 711 et
3354 657 3573 728 judicio,
3603 666 3663 710 er

2069 751 2291 819 potentia
2329 748 2349 822 (
2367 749 2533 803 dficit.
2556 749 2609 803 3.
2642 749 2733 819 8).
2780 749 2959 806 Gratia
2989 750 3183 820 quippe
3213 751 3330 804 iil‘os
3355 765 3461 805 non
3491 749 3650 804 modo

2069 843 2359 912 sapientes,
2404 843 2499 897 sed
2540 842 2698 896 etiam
2746 844 2908 898 fortes
2943 843 3239 908 efficiebat,
3268 857 3373 897 non
3412 842 3651 911 corporis

2068 936 2465 1001 constitutione,
2497 935 2589 989 sed
2618 943 2815 989 mente.
2840 936 2972 1004 Quia
3001 937 3144 990 enim
3170 951 3289 991 cum
3321 935 3514 1006 populo
3534 950 3650 989 rem

2070 1029 2334 1085 habebant
2359 1029 2555 1083 audace
2576 1039 2631 1084 et
2658 1028 2983 1097 impudente,
3012 1044 3073 1082 ac
3094 1029 3335 1098 sanguini
3365 1028 3651 1098 propheta—

2068 1139 2185 1177 rum
2218 1122 2453 1177 initiante
2474 1166 2488 1187 ,
2514 1133 2924 1192 sanctorumque
2948 1121 3148 1177 caedem
3180 1122 3453 1189 moliente,
3486 1122 3649 1178 multa

2068 1225 2213 1269 Certe
2252 1215 2324 1269 illi
2369 1215 2593 1286 egebant
2637 1214 2942 1269 fortitudine
2962 1257 2976 1279 ,
3007 1223 3064 1269 ut
3090 1231 3157 1269 ne
3178 1230 3364 1269 eorum
3395 1214 3650 1284 impetum

2068 1306 2433 1362 formidarent.
2460 1305 2586 1362 Ideo
2613 1307 2855 1362 Jercmia:
2880 1306 3090 1369 dicitur,
3122 1306 3281 1360 Potui
3302 1317 3346 1359 te
3374 1319 3429 1360 ut
3450 1308 3649 1361 colum-

2067 1416 2183 1452 nam
2201 1402 2414 1471 ferream
2435 1410 2481 1452 et
2501 1409 2554 1452 ut
2575 1415 2773 1452 murum
2795 1415 2977 1452 meum
3001 1397 3131 1467 (Jer.
3157 1399 3207 1453 1.
3234 1398 3356 1468 18);
3386 1398 3647 1453 Ezechieli

2067 1500 2262 1551 autem,
2285 1488 2352 1544 In
2375 1490 2539 1544 medio
2559 1490 2871 1560 scorpiorum
2894 1499 2945 1542 tu
2966 1490 3180 1555 habitas,
3199 1506 3262 1543 ne
3276 1489 3449 1542 timeas
3468 1505 3501 1541 α
3520 1490 3649 1561 facie

2066 1601 2260 1646 eorum,
2294 1601 2449 1654 neque
2476 1584 2715 1655 formidet
2749 1582 2968 1655 (Ezech.
2996 1582 3051 1635 2.
3084 1583 3172 1651 6).
3214 1581 3421 1654 Moyses
3440 1597 3650 1652 quoque

2068 1694 2189 1731 cunt
2211 1677 2527 1743 mitteretur,
2554 1692 2656 1731 non
2682 1675 3009 1730 Pharaonem
3036 1685 3257 1733 tantum.
3282 1674 3374 1730 sed
3399 1683 3453 1730 et
3481 1689 3650 1745 popu-

2069 1769 2177 1823 lum
2206 1768 2481 1825 Iudaicum
2504 1778 2765 1831 metuens,
2783 1781 3056 1823 recusnsse
3078 1766 3204 1821 mihi
3221 1766 3429 1822 videtur
3453 1765 3646 1839 (Exod.

2068 1860 2121 1914 4.
2153 1859 2263 1929 10).
2294 1859 2458 1914 Deum
2488 1860 2647 1929 igitur
2671 1859 2972 1928 alloquens,
3001 1857 3227 1913 barbaro
3255 1858 3496 1924 dimisso,
3529 1857 3648 1913 edi-

2070 1965 2221 2005 scere
2246 1950 2444 2021 ingenii
2474 1950 2650 2004 studio
2677 1948 2993 2020 peroptabat
3012 1990 3027 2013 ,
3058 1949 3182 2019 quid
3211 1948 3492 2005 dicendum
3520 1948 3648 2018 ipsis

2066 2049 2211 2097 esset
2256 2056 2367 2095 non
2404 2040 2779 2103 credentibus,
2809 2054 2868 2095 se
2893 2055 2923 2095 a
2952 2039 3063 2095 Deo
3088 2041 3308 2095 missum
3348 2040 3646 2107 accedere;

2067 2134 2323 2205 signaque
2352 2133 2554 2201 accepit
2583 2132 2659 2187 ad'
2681 2131 2892 2187 illorum
2919 2139 3152 2186 mentem
3180 2129 3527 2201 subigendam
3554 2147 3648 2201 ονε

2068 2236 2291 2295 portuna
2316 2242 2328 2276 :
2354 2232 2408 2280 ct
2426 2225 2616 2279 merito
2630 2223 2864 2294 quidem.
2888 2222 3018 2277 Nam
3036 2222 3228 2279 siunus
3251 2223 3463 2278 illorum
3477 2223 3647 2293 ipsum

2068 2320 2136 2371 ita
2163 2318 2443 2383 exterruit,
2472 2327 2526 2370 et
2560 2316 2772 2387 quidem
2794 2316 3055 2373 beneﬂcio
3076 2315 3331 2381 affectus,
3360 2316 3487 2387 quid
3525 2332 3649 2385 pas-

2065 2426 2184 2465 sum
2209 2409 2331 2466 esse
2354 2409 2643 2465 verisimile
2681 2419 2764 2464 est
2808 2408 3168 2464 turbulentum
3207 2408 3354 2463 illum
3384 2411 3647 2479 populum

2066 2512 2247 2560 mente
2289 2502 2693 2559 revolventem?
2731 2500 2855 2556 Ideo
2887 2517 2992 2557 non
3030 2501 3303 2570 sapientia:
3347 2501 3524 2567 modo,
3553 2500 3647 2556 sed

2066 2599 2227 2652 etiam
2271 2596 2596 2652 fortitudinis
2633 2594 2888 2667 Spiritum
2933 2594 3153 2663 accepit,
3183 2603 3239 2649 et
3279 2593 3398 2649 ideo
3438 2594 3651 2650 dicebat

2066 2690 2197 2744 ille:
2232 2687 2470 2759 Replettu
2511 2704 2625 2742 sum
2673 2686 2969 2759 fortitudine
3008 2688 3061 2741 in
3104 2687 3301 2757 Spiritu
3345 2686 3572 2754 Domini,
3602 2695 3651 2741 et

2057 2784 2276 2853 judicio,
2295 2794 2341 2838 et
2365 2783 2583 2853 potentia
2604 2780 2791 2854 (Mich.
2814 2782 2867 2839 ὅ.
2886 2781 2963 2849 8).
2992 2781 3244 2853 Aliusque
3265 2782 3459 2837 iterum
3483 2800 3496 2837 :
3527 2780 3653 2835 Ver-

2068 2878 2185 2932 bum
2216 2877 2311 2932 Dei
2337 2879 2527 2948 factum
2550 2888 2621 2931 est
2647 2878 2714 2930 ad
2748 2876 3020 2931 Jeremiam
3047 2878 3208 2945 ﬁliuni
3236 2876 3453 2931 Cheleiat
3496 2875 3649 2950 (λα’.

2069 2970 2120 3024 1.
2154 2971 2177 3025 1
2206 2970 2248 3042 ).
2279 2970 2347 3026 Et
2373 2972 2509 3025 alius
2532 2985 2741 3025 rursum
2772 2988 2787 3027 :
2818 2970 3103 3040 Auumptio
3131 2968 3358 3025 .Vinives.
3400 2968 3549 3024 Liber
3572 2969 3651 3023 oi-

2067 3065 2224 3119 sionis
2250 3064 2459 3120 Nullum
2480 3064 2692 3119 Elcestei
2720 3062 2974 3134 (Notium.
3000 3066 3049 3119 I.
3075 3065 3150 3135 I).
3181 3064 3276 3119 llic
3304 3063 3417 3134 ipse
3440 3077 3652 3134 quoque

2071 3158 2232 3214 Isaias
2256 3159 2428 3213 altero
2452 3158 2611 3213 verbo
2638 3156 2865 3227 idipsum
2890 3155 3030 3227 quod
3062 3158 3207 3226 prius
3229 3155 3503 3222 declarat,
3531 3154 3653 3225 Spi-

2068 3249 2201 3304 ritus
2223 3248 2677 3321 partieipationem
2700 3264 2897 3304 vocans
2919 3249 3358 3318 assutnptionem.
3390 3246 3657 3313 Quoniam

2068 3341 2210 3396 enim
2231 3356 2260 3395 a
2284 3341 2482 3412 Spiritu
2506 3341 2764 3411 assumpti
2789 3340 2866 3396 sic
2888 3339 3262 3414 loquebantur,
3285 3337 3659 3409 operationem

2068 3435 2250 3503 gratia:
2277 3435 2350 3488 ita
2372 3435 2597 3489 vocavit.

2141 3550 2410 3617 Apostolus
2438 3567 2469 3603 α
2497 3548 2602 3604 Deo
2631 3548 2832 3612 missus,
2852 3561 2915 3619 ,ιιι
2940 3563 3117 3602 nomen
3143 3549 3307 3615 ipsum
3334 3555 3497 3602 sonat.
3541 3542 3653 3601 Na.

2072 3642 2240 3696 bilitas
2293 3658 2395 3696 non
2445 3658 2508 3698 ex
2553 3639 2862 3710 majoribus,
2885 3639 3062 3695 sedem
3109 3639 3285 3694 merito
3333 3640 3652 3711 prppria...—

2074 3736 2275 3792 Itlcirco
2304 3735 2499 3792 Paulus
2538 3733 2785 3789 omnibus
2815 3732 3065 3803 Epistolis
3102 3731 3430 3801 apostolatus
3459 3746 3652 3786 nomen

2072 3831 2346 3902 prmmittit
2377 3846 2392 3875 =
2421 3828 2562 3898 quod
2592 3828 2753 3884 etiam
2786 3826 3059 3898 pr0piteta:
3098 3826 3360 3881 faciebant
3379 3866 3395 3891 ,
3422 3840 3543 3880 cum
3572 3824 3653 3879 di:

2072 3933 2290 3987 cerent,
2322 3922 2488 3989 visio,
2519 3931 2574 3977 et
2618 3920 2870 3981 verbum,
2900 3929 2957 3974 et
2994 3918 3287 3988 assumptio
3309 3959 3324 3984 ,
3350 3928 3406 3975 et
3436 3933 3665 3983 sermo;

2075 4015 2304 4086 idipsum
2347 4014 2437 4069 ille
2462 4028 2558 4085 per
2594 4012 2923 4082 apostolatus
2956 4027 3148 4066 nomen
3193 4010 3477 4067 efficiebat.
3504 4009 3655 4065 Sicut

2073 4109 2214 4166 enim
2246 4108 2311 4173 is,
2330 4106 2418 4177 qui
2439 4105 2569 4162 dicit
2589 4105 2845 4160 visionem
2873 4112 2927 4157 et
2953 4117 3255 4158 sermonem
3277 4102 3391 4164 Dei,
3408 4117 3513 4156 non
3534 4116 3653 4172 pro-

2073 4205 2185 4273 pria
2203 4200 2354 4258 eil‘ert
2372 4217 2385 4252 :
2404 4200 2482 4255 sic
2500 4206 2554 4255 et
2575 4198 2664 4268 qui
2676 4197 2909 4268 seipsum
2923 4196 3221 4266 apostolum
3243 4204 3415 4259 vocat,
3435 4209 3539 4249 non
3555 4209 3669 4248 sua.

2072 4295 2229 4352 docet
2252 4336 2266 4359 ,
2304 4294 2397 4349 sed
2423 4309 2484 4347 ea
2510 4308 2631 4363 qua
2652 4289 2813 4361 jussit
2837 4290 2884 4345 is
2907 4290 2997 4361 qui
3025 4290 3186 4345 misit.
3232 4289 3470 4357 Apostoli
3498 4303 3647 4342 nam-

2073 4402 2176 4455 que
2203 4386 2433 4457 dignitas
2474 4392 2557 4439 est
2583 4398 2680 4454 per
2703 4396 2765 4438 se
2802 4381 2932 4436 nihil
2963 4380 3177 4435 olferre.
3207 4380 3409 4434 Idcirco
3440 4379 3669 4435 dicebat.

2073 4478 2320 4533 Christus
2355 4493 2368 4528 :
2401 4474 2483 4530 Ne
2521 4475 2702 4529 vocetis
2749 4473 3047 4545 magistrum
3090 4487 3241 4540 super
3278 4458 3461 4525 terrain
3484 4487 3655 4528 minus

2076 4572 2205 4625 enim
2234 4579 2305 4623 est
2326 4568 2564 4639 magister
2586 4575 2763 4633 vester,
2785 4566 2870 4636 qui
2894 4576 2966 4620 est
2991 4566 3043 4619 in
3059 4565 3195 4619 catlis
3211 4563 3515 4637 (Παιανιεῖ).
3541 4564 3656 4633 10);

2075 4664 2363 4719 ostendens
2401 4677 2561 4716 omne
2606 4659 2911 4729 dogmatum
2958 4669 3258 4713 nostrorum
3314 4656 3667 4727 principium,

2078 4758 2309 4812 radicem
2358 4755 2586 4823 desuper
2639 4768 2703 4807 ex
2751 4751 3001 4807 caelorum
3069 4750 3294 4804 Domino
3349 4750 3665 4818 accepisse,

2078 4850 2286 4908 etiamsi
2319 4848 2561 4903 homines
2582 4847 2688 4901 sint
2714 4847 2801 4916 qui
2830 4844 2894 4899 ad
2925 4843 3010 4899 illa
3040 4843 3359 4899 ministrant.
3389 4840 3553 4909 Quam
3577 4841 3653 4893 vi-

2079 4948 2149 5001 dit
2170 4944 2355 4999 Isaias.
2387 4940 2665 5010 Quomodo
2694 4938 2807 4993 bare
2832 4978 2856 5004 ,
2876 4953 2994 5007 quzc
3034 4935 3213 4990 vident
3258 4931 3658 5005 prophetae,,vi-

2078 5040 2260 5104 deant,
2277 5036 2455 5091 dicere
2472 5049 2576 5088 non
2596 5040 2835 5086 nostrum
2860 5039 2967 5093 est;
2993 5027 3212 5082 visionis
3231 5026 3426 5095 quippe
3443 5018 3661 5078 modum

2084 5149 2190 5188 non
2223 5143 2505 5201 possumus
2528 5124 2899 5195 interpretari;
2928 5122 3020 5176 sed
3051 5121 3139 5175 ille
3182 5119 3353 5173 solum
3393 5116 3535 5170 clare
3562 5130 3658 5173 nos

2085 5227 2180 5286 vit,
2206 5225 2292 5293 qui
2316 5220 2640 5292 experientia
2683 5218 2884 5271 didicit.
2934 5215 3138 5270 Etenim
3179 5212 3222 5265 si
3254 5218 3455 5267 natura:
3494 5221 3657 5276 opera

2084 5326 2138 5372 et
2165 5314 2384 5371 affectus
2410 5326 2553 5382 saepe
2583 5323 2740 5366 nemo
2764 5306 3032 5375 explicare
3065 5311 3258 5371 potest,
3288 5298 3452 5352 multo
3484 5297 3657 5353 minus

2085 5406 2299 5462 modum
2326 5401 2648 5474 Operatiouis
2675 5398 2921 5468 Spiritus.
2967 5394 3116 5462 Quod
3143 5390 3455 5449 siobscuris
3478 5387 3659 5456 imagi-

2086 5500 2243 5554 nibus
2283 5496 2537 5552 audacter
2576 5492 2695 5562 quis
2722 5490 2773 5545 id
2801 5488 3012 5558 aggredi
3059 5483 3258 5554 possit,
3292 5497 3395 5536 non
3421 5490 3564 5535 certe
3592 5479 3661 5539 ita

2088 5590 2285 5662 poterit
2311 5596 2366 5641 ut
2394 5585 2594 5641 clarum
2624 5582 2674 5636 id
2703 5581 2886 5637 reddat
2903 5619 2931 5645 ,,
2952 5577 3042 5631 sed
3073 5577 3126 5629 in
3151 5574 3434 5643 aenigmate
3460 5572 3511 5626 id
3538 5571 3662 5626 effe-

2089 5696 2189 5740 ret.
2214 5683 2339 5740 Mihi
2367 5680 2581 5753 quidem
2623 5676 2832 5732 videtur
2858 5673 2910 5727 id
2948 5672 3023 5725 ita
3050 5668 3246 5722 factum
3293 5681 3412 5724 esse
3455 5667 3507 5720 iu
3535 5679 3662 5734 pro-

2091 5776 2297 5852 phetis,
2327 5784 2527 5830 utcum
2554 5783 2703 5842 aqua:
2748 5763 2978 5839 limpida:
3014 5772 3201 5818 natura
3250 5759 3427 5816 radios
3466 5756 3664 5813 soleres
