4102 6306
378 308 445 362 15
1110 303 1173 359 5.
1213 302 1489 359 JOANNIS
1525 293 2003 362 CiIIiI'SOSTOMI
2035 293 2352 350 ARCIIIEP.
2379 294 2915 355 CONSTANTINOP.
3583 301 3651 361 1,8

379 424 606 494 excepit,
639 431 747 478 tota
795 422 1117 487 illustratur,
1150 421 1227 475 sie
1257 429 1307 476 et
1341 421 1719 491 prophetarum
1751 418 1958 471 animas

380 515 600 585 propria,
620 515 812 567 virtute
842 512 989 580 prius
1017 520 1356 581 expurgatas,
1387 509 1583 563 donum
1613 507 1844 577 Spiritus
1865 520 1959 560 ac-

378 610 557 677 cipere
577 646 593 668 ,
625 614 679 659 et
704 605 770 659 ad
800 604 1055 675 fulgorem
1089 604 1233 657 illum
1279 604 1621 657 concinnatas
1648 602 1717 654 ita
1744 600 1961 653 futuro—

379 715 495 753 rum
543 697 785 751 notitiam
828 695 1130 750 admittere.
1177 693 1343 748 Filius
1389 694 1563 747 Amos.
1601 690 1710 747 Cur
1756 700 1961 762 patrem

378 789 797 843 t-ommemorat?
843 793 947 843 Ant
971 788 1038 842 ad
1068 787 1357 842 tollendum
1388 786 1719 856 :equivocum
1744 826 1758 845 .
1785 793 1877 839 aut
1903 793 1964 838 ut

448 879 713 934 discamus
744 880 908 948 patris
937 880 1188 934 vilitatem
1218 879 1310 934 lilii
1356 880 1603 933 virtutem
1631 892 1735 932 non
1759 876 1957 931 obscu-

378 987 500 1027 rare
531 989 543 1025 :
572 969 1011 1041 nobilitatemque
1039 985 1159 1026 esse
1199 985 1306 1025 non
1350 985 1416 1024 ex
1447 968 1719 1039 praeclaris
1748 966 1965 1037 majori-

384 1064 480 1137 bus
507 1062 670 1127 oriri,
701 1062 795 1118 sed
834 1079 897 1117 ex
940 1065 1147 1134 propria
1187 1062 1566 1133 magnitudine.
1610 1062 1707 1117 Hic
1731 1070 1875 1116 certe
1898 1076 1961 1115 ex

380 1154 594 1224 ignobili
623 1164 774 1226 patre
803 1166 960 1210 natus
982 1196 996 1220 ,
1024 1155 1274 1208 unmibus
1316 1155 1575 1209 illustrior
1602 1154 1805 1217 evasit,
1834 1167 1963 1222 pro-

386 1248 524 1317 prias
563 1249 773 1303 virtutis
812 1248 1122 1302 excellentia
1152 1247 1378 1317 fulgens.
1427 1246 1594 1315 Quam
1640 1246 1761 1301 vidit
1790 1258 1969 1299 contra

383 1338 623 1395 Iudaeam
646 1351 694 1394 et
722 1352 896 1395 contra
932 1342 1235 1396 Jerusalem.

451 1432 505 1487 2.
536 1432 644 1486 Cur
686 1433 935 1487 distincte
986 1444 1268 1503 utrmnquc
1312 1433 1485 1487 locum
1539 1426 1965 1486 commemorat?

381 1524 519 1592 Quia
551 1539 719 1593 paena:
757 1524 966 1579 divisior
1018 1524 1228 1578 inﬂictae
1254 1533 1411 1589 sunt,
1458 1524 1788 1595 diversisque
1827 1530 1966 1577 tem-

388 1616 627 1687 poribus,
659 1618 766 1671 Deo
795 1618 845 1671 id
877 1617 1145 1687 sapienter
1168 1618 1529 1686 dispensante,
1561 1633 1629 1672 ne
1655 1631 1841 1671 omnes
1862 1630 1966 1669 una

388 1707 643 1777 perirent,
664 1708 756 1761 sed
782 1709 977 1761 sensim
1001 1718 1053 1761 et
1076 1708 1326 1777 paulatim
1352 1749 1365 1771 ,
1387 1717 1445 1762 ut
1467 1708 1816 1763 abducturum
1843 1722 1968 1775 sup-

394 1801 554 1871 plicio
598 1800 780 1855 caeteri
821 1800 1216 1869 resipiscerent.
1264 1799 1413 1867 Quod
1442 1800 1487 1854 si
1526 1799 1818 1870 pharmace
1859 1814 1963 1852 non

386 1892 611 1958 fuerint,
640 1901 697 1946 ut
723 1909 819 1963 par
839 1900 969 1957 erat,
1003 1893 1116 1958 usi;
1149 1909 1253 1945 non
1284 1891 1494 1954 medici,
1526 1891 1621 1945 sed
1645 1900 1964 1959 regrotorum

386 1985 543 2055 culpa
567 1984 686 2039 erit.
722 1985 775 2039 Id
798 1995 973 2038 autem
1004 1983 1126 2038 facit
1149 1998 1360 2052 semper
1387 1991 1441 2037 et
1470 1983 1521 2036 in
1552 1976 1773 2052 singulis
1802 1998 1965 2051 gene-

383 2077 696 2142 rationibus,
726 2094 829 2131 non
852 2092 1040 2133 omnes
1065 2076 1221 2130 simul
1248 2076 1300 2130 in
1332 2075 1516 2131 eadem
1546 2084 1760 2144 peccata
1791 2074 1968 2143 lapsos

389 2169 659 2239 plectens;
690 2184 810 2223 nam
855 2169 988 2224 alias
1026 2177 1191 2223 totum
1220 2181 1391 2238 genus
1436 2175 1674 2220 nostrum
1700 2166 1810 2233 jam
1840 2165 1969 2219 olim

384 2261 647 2317 sublatum
674 2271 847 2327 esset;
880 2261 972 2317 sed
994 2262 1061 2316 ab
1081 2261 1201 2316 aliis
1224 2261 1310 2315 hic
1332 2275 1513 2329 ptenas
1540 2259 1765 2330 repetit,
1799 2258 1965 2313 levio-

386 2369 497 2407 rem
531 2352 653 2407 hinc
681 2354 1004 2424 illis'paraus
1054 2353 1105 2407 in
1147 2352 1250 2406 alia
1297 2353 1404 2406 vita
1445 2351 1737 2405 cruciatum
1764 2365 1778 2404 :
1804 2358 1969 2419 atque

385 2442 675 2514 aequalibus
706 2445 943 2513 ipsorum
973 2443 1284 2497 mutationis
1310 2443 1363 2496 in
1388 2441 1581 2498 melius
1602 2456 1845 2511 magnam
1876 2455 1970 2495 oc-

385 2535 655 2589 casionem
686 2535 989 2605 suppeditat
1022 2554 1035 2589 :
1067 2535 1185 2590 illos
1216 2543 1392 2588 autem
1421 2534 1510 2604 qui
1551 2548 1723 2601 neque
1746 2548 1809 2587 ex
1841 2547 1968 2602 pro-

386 2625 504 2695 prio
539 2636 685 2680 motu
710 2667 724 2691 ,
754 2641 929 2695 neque
956 2623 1027 2680 ex
1050 2626 1144 2679 tali
1170 2624 1567 2695 dispensatione
1592 2623 1863 2694 quidpiam
1888 2624 1970 2678 lu-

385 2715 524 2770 crari
550 2716 772 2780 volunt,
816 2714 893 2770 ad
928 2716 1285 2771 inevitabilem
1323 2725 1378 2769 et
1425 2714 1757 2771 tremendum
1782 2714 1971 2785 judicii

385 2803 525 2858 diem
556 2816 806 2860 reservat.
838 2804 904 2859 In
930 2822 1086 2876 regno
1117 2805 1256 2860 Uziw
1275 2815 1321 2859 et
1347 2804 1572 2859 Joatnan
1592 2847 1608 2873 ,
1645 2814 1692 2859 et
1734 2805 1905 2857 Achaz
1924 2814 1971 2859 et

391 2896 654 2959 Ezechias,
683 2899 768 2968 qui
788 2908 1063 2968 regnarunt
1102 2898 1155 2950 in
1178 2897 1383 2951 Judwa.
1411 2896 1719 2968 Opportune
1762 2906 1971 2966 tempus

387 2982 603 3057 adjicit,
636 2989 930 3043 studiosum
959 2990 1255 3043 auditorem
1281 2990 1558 3043 remittens
1596 2990 1661 3043 ad
1694 2989 1967 3043 historiam

389 3090 885 3150 rerum'gestarum.
918 3079 989 3135 lta
1020 3083 1162 3137 enim
1211 3083 1486 3151 prophetia
1519 3081 1722 3136 facilius
1767 3081 1967 3137 intelli-

386 3172 862 3242 getur'clariorque
887 3173 1010 3236 erit,
1040 3173 1082 3226 si
1111 3171 1378 3226 discamus
1399 3214 1413 3239 ,
1442 3188 1543 3242 qua
1574 3188 1751 3226 rerum
1787 3170 1971 3225 condi-

389 3264 550 3325 tione,
581 3271 636 3317 et
664 3278 770 3333 quo
800 3260 851 3317 in
878 3272 1017 3317 statu
1043 3262 1379 3318 Iudaicarum
1418 3262 1708 3333 plagarum,
1740 3261 1971 3331 prophe-

393 3364 460 3408 ta:
491 3353 774 3425 phartnaea
799 3353 1186 3410 concinnarint.
1210 3354 1437 3419 2.Audi,
1474 3354 1671 3417 cwlum,
1703 3361 1748 3406 et
1768 3350 1971 3405 auribus

392 3446 622 3515 percipe,
646 3457 779 3499 terra
803 3487 817 3511 ,
841 3446 959 3518 quia
986 3446 1231 3500 Dominus
1262 3446 1495 3515 loquutus
1536 3454 1626 3498 est.
1674 3443 1830 3497 Multa
1859 3443 1971 3511 ple-

395 3550 522 3592 tmm
553 3546 635 3593 est
664 3540 749 3593 ira
767 3539 869 3594 hoc
894 3540 1202 3595 exordium.
1230 3536 1339 3592 Nisi
1365 3539 1505 3591 enim
1538 3536 1722 3607 ingens
1752 3545 1895 3589 esset
1919 3545 1971 3588 et

389 3631 669 3689 inefl'hliilis
708 3633 1017 3703 indignatio,
1048 3644 1376 3703 nequaquam
1396 3673 1411 3697 ,
1440 3631 1619 3685 missis
1644 3628 1969 3696 hominibus,

392 3725 462 3778 ad
494 3726 757 3780 elementa
786 3740 1086 3781 sermonem
1114 3726 1385 3782 vertisset.
1407 3722 1539 3778 Illud
1564 3738 1690 3778 vero
1718 3722 1843 3778 facit
1867 3740 1968 3776 non

394 3817 670 3870 modoirae
697 3816 1033 3872 declarandae
1078 3832 1260 3881 causa,
1292 3816 1386 3871 sed
1418 3825 1474 3869 ut
1502 3830 1595 3870 eos
1619 3816 1708 3885 qui
1739 3814 1969 3869 audituri

386 3912 561 3972 eram;
593 3908 791 3976 ingenti
824 3907 1024 3975 pudore
1054 3908 1400 3971 suffunderet,
1430 3907 1719 3962 ostendens
1758 3922 1852 3963 eos
1881 3908 1971 3978 qui

388 3999 607 4054 ratione
622 4000 856 4053 decorati
884 4009 1069 4054 essent
1089 4040 1103 4065 ,
1133 4002 1284 4069 pejus
1322 4015 1381 4053 se
1411 4000 1607 4071 habere
1632 4041 1645 4064 ,
1674 4015 1831 4071 quam
1862 4001 1972 4056 ele-

388 4098 568 4148 menta
598 4094 1041 4147 sensu-carentia.
1071 4091 1291 4160 ld‘quod
1317 4093 1474 4144 etiam
1503 4092 1711 4147 czeteris
1737 4093 1970 4163 prophe-

387 4182 456 4239 tis
482 4184 532 4237 in
558 4197 705 4237 more
732 4190 832 4237 est.
866 4183 1065 4238 Idcirco
1095 4184 1139 4237 is
1165 4185 1252 4253 qui
1280 4182 1747 4237 ad‘JcroIioamum
1776 4186 1972 4239 missus

388 4273 581 4340 morat,
615 4275 815 4329 omisso
844 4286 969 4346 rege
993 4275 1057 4328 ad
1088 4290 1245 4344 quem
1280 4276 1605 4341 mittebatur,
1640 4276 1809 4331 altare
1833 4275 1972 4329 allo-

384 4367 571 4437 quitur
593 4367 611 4435 (
636 4367 689 4422 5.
723 4367 851 4438 Reg.
883 4367 969 4421 15.
1000 4367 1051 4421 1.
1078 4366 1114 4419 2
1136 4365 1173 4438 )⁷.
1211 4366 1274 4419 Ει
1295 4366 1555 4421 Jeremias
1584 4378 1781 4421 terram
1807 4379 1970 4421 voca-

390 4457 695 4514 Dat‘dic'cns
722 4479 733 4514 :
768 4459 928 4514 Terra
951 4502 966 4525 ,
998 4469 1161 4524 terra,
1208 4470 1342 4513 terra
1366 4476 1383 4514 :
1404 4460 1563 4515 scribe
1604 4461 1741 4515 hunc
1766 4461 1929 4515 virum
1951 4502 1966 4527 ,

389 4553 905 4624 sititm‘proscriptum
935 4553 1066 4624 (lar.
1091 4552 1180 4607 29..
1214 4553 1303 4609 29ι
1335 4550 1447 4626 ⁸511).
1477 4552 1729 4625 Aliusque
1757 4570 1970 4610 rursum

388 4642 600 4695 dicebat
629 4661 641 4697 :
671 4643 875 4709 Audite,
896 4644 1084 4711 valles,
1115 4644 1444 4717 fundamenta
1489 4654 1656 4700 terror.
1689 4644 1853 4699 Filios
1877 4662 1968 4715 ge-

391 4734 481 4787 nui
506 4731 694 4805 (llclt.
726 4735 779 4789 6.
808 4735 845 4789 2
865 4737 902 4805 ).
932 4734 1047 4791 Non
1077 4752 1359 4792 commune
1385 4738 1633 4793 Omnibus
1666 4737 1971 4792 hominibus

398 4826 485 4881 hic
512 4827 661 4896 (lenit
686 4827 1003 4883 beneﬁcium
1029 4870 1043 4893 ,
1074 4829 1214 4899 quod
1254 4842 1447 4900 nempe
1492 4830 1612 4886 facti
1635 4838 1816 4887 essent
1836 4872 1850 4897 ,
1874 4829 1969 4884 sed

392 4920 599 4990 insigne
639 4919 957 4990 quodpiam,
988 4921 1128 4991 quod
1168 4921 1269 4976 lilii
1304 4920 1477 4977 effecti
1503 4932 1709 4978 essent.
1746 4924 1972 4991 Semper

387 5016 531 5069 enim
555 5014 809 5070 beneficia
830 5014 1024 5070 inferre
1047 5014 1230 5085 incipit
1247 5014 1408 5069 Deus.
1430 5014 1506 5069 Ac
1521 5014 1973 5084 quemadmodum

387 5106 812 5162 ctunliominem
860 5116 1086 5169 crearet,
1130 5107 1229 5175 qui
1263 5116 1379 5160 non-
1397 5116 1521 5161 ante
1548 5106 1736 5169 fuerat.
1766 5118 1887 5161 eum
1916 5108 1967 5160 in

391 5199 665 5270 princlpiO'
700 5200 984 5254 honoravit
1043 5198 1230 5254 dicens
1252 5241 1266 5263 ,
1301 5197 1575 5253 Faciamus
1614 5199 1865 5252 hominem
1900 5198 1967 5251 ad

388 5293 671 5361 imaginan‘
696 5302 759 5347 et
787 5290 1179 5345 similitudinem
1207 5300 1432 5344 nostram
1465 5288 1631 5361 (Gen.
1668 5290 1719 5343 I.
1745 5290 1814 5343 26
1834 5288 1878 5361 );
1914 5290 1965 5343 in

390 5394 535 5436 nova
562 5392 741 5438 autem
787 5384 902 5454 lege
932 5381 1117 5451 majori
1150 5396 1251 5435 nos
1290 5383 1500 5435 ornavit
1543 5380 1831 5444 beneficio;
1859 5395 1964 5433 non

390 5471 565 5527 solum
594 5471 737 5527 enim
768 5473 1024 5528 nihildum
1053 5481 1300 5543 operatos
1320 5512 1335 5537 ,
1360 5472 1455 5527 sed
1483 5472 1643 5527 etiam
1675 5471 1968 5525 innumeris

391 5564 553 5620 nulls
570 5575 795 5621 onustos
816 5566 1096 5621 honoravit
1117 5580 1217 5636 per
1231 5566 1497 5619 lavacrum
1518 5564 1963 5637 regenerationis:

390 5658 460 5712 ita
489 5658 649 5713 et'ltic
676 5658 861 5713 videre
884 5669 995 5723 est;
1025 5670 1157 5713 nam-
1181 5673 1281 5713 eos'
1303 5660 1393 5728 qui
1423 5674 1527 5712 non
1569 5658 1727 5712 modo
1753 5660 1803 5711 in
1832 5655 1964 5711 ado-

390 5749 717 5820 ptione'nihli
739 5751 863 5805 boni
884 5760 1121 5823 egerant,
1142 5752 1249 5807 scd'
1263 5753 1429 5807 ctiam'
1457 5751 1587 5824 lapsi
1609 5750 1816 5807 fuerant
1839 5792 1850 5815 ,
1871 5750 1966 5803 Ito-

2070 414 2301 467 noravit.
2326 412 2434 468 Nec
2479 428 2602 469 vero
2643 413 2763 483 quia
2802 423 2925 469 ante
2962 413 3456 470 Iahoreshonorarc
3491 417 3657 482 solet,

2070 516 2191 576 post
2220 506 2433 560 labores
2472 507 2716 561 mercede
2743 508 2944 577 privat;
2974 508 3067 563 sed
3101 516 3227 563 tunc
3272 510 3475 576 maiora
3518 527 3649 566 con-

2072 598 2170 652 fert
2189 599 2427 661 prarmia.
2458 598 2520 652 Et
2545 600 2781 653 exultanti.
2812 599 2941 665 Qua:
2968 600 3018 653 in
3046 598 3299 671 Ᾱίεγβιο,
3322 618 3441 670 (pne
3469 602 3521 656 in
3552 606 3647 657 de.-

2069 702 2236 757 serto,
2259 707 2376 761 quae
2396 694 2447 746 in
2473 692 2749 746 Palaestina
2778 694 2965 762 gessit,
2992 710 3098 747 uno
3125 696 3289 749 verbo
3318 698 3540 766 carptim
3571 707 3646 751 te.

2074 787 2211 856 tig-it.
2240 787 2352 841 Mos
2381 787 2524 842 enim
2573 787 2685 841 Deo
2711 796 2795 842 est
2821 786 2891 845 ob
2914 786 3301 842 beneﬁciorum
3341 790 3550 857 copiam
3598 791 3650 844 in

2073 876 2382 934 narratione
2423 884 2697 946 gestorum
2738 892 2846 933 non
2890 878 3190 933 minutatim
3236 879 3506 934 insistere.
3541 880 3650 947 Ipsi

2069 980 2235 1025 unum
2263 979 2557 1039 spreverunt
2586 985 2684 1024 me.
2714 969 3054 1040 Transgressi
3082 981 3225 1035 sunt,
3257 971 3446 1041 inquit,
3480 971 3650 1041 legent

2069 1078 2266 1129 meam,
2297 1062 2545 1119 mandata
2590 1062 3013 1132 dereliquerunt.
3056 1063 3110 1119 3.
3140 1060 3383 1134 Cognovit
3422 1063 3508 1118 bos
3539 1081 3654 1133 pos-

2069 1172 2311 1212 sessorem
2332 1172 2501 1222 suum,
2528 1164 2578 1211 et
2615 1157 2788 1211 asinus
2814 1172 3038 1227 prmepo
3071 1155 3263 1211 domini
3290 1157 3391 1211 sui.
3420 1157 3653 1226 Compa-

2070 1248 2310 1303 rationes
2359 1248 2684 1304 accusationi
2739 1248 3099 1305 accessionem
3149 1257 3372 1319 parant,
3421 1251 3657 1305 maxime

2070 1355 2200 1395 vero
2228 1354 2351 1393 cum
2376 1354 2443 1394 ex
2472 1340 2819 1409 inaequalibus
2842 1340 3231 1395 conciunantur
3265 1357 3278 1394 :
3308 1340 3648 1411 quemadmo-

2070 1434 2200 1489 dum
2223 1443 2277 1489 et
2295 1433 2542 1489 Christus
2569 1435 2642 1488 ait
2671 1451 2684 1488 :
2728 1432 2835 1487 Viri
2860 1432 3103 1489 Ninivitat
3125 1442 3329 1505 surgent
3368 1435 3419 1487 in
3455 1434 3656 1505 judicio

2073 1543 2187 1581 cum
2210 1528 2527 1599 generatione
2554 1527 2671 1593 hac,
2700 1537 2747 1582 et
2769 1527 3172 1581 condemnabam
3213 1543 3324 1581 eam
3353 1527 3373 1598 (
3390 1527 3515 1581 Luc.
3560 1528 3649 1582 11.

2072 1619 2194 1688 32);
2226 1632 2289 1674 ac
2327 1632 2536 1674 rursum
2572 1636 2585 1672 :
2632 1619 2831 1689 Regina
2868 1621 3028 1673 austri
3060 1628 3228 1691 surget
3261 1622 3313 1673 in
3343 1620 3560 1691 judicio,
3605 1630 3654 1675 at

2072 1712 2425 1766 condemnabit
2455 1712 2825 1782 generationem
2852 1712 3002 1773 hanc,
3034 1713 3152 1780 quia
3193 1711 3323 1764 venit
3364 1727 3427 1765 ea:
3467 1712 3659 1780 ﬁnibus

2073 1812 2218 1858 terra
2242 1805 2423 1859 audire
2444 1805 2745 1876 sapientiam
2774 1804 3064 1858 Salomonis
3089 1803 3248 1875 (Ibid.
3279 1821 3325 1859 υ.
3355 1803 3467 1875 51).
3510 1804 3649 1858 Rur-

2071 1910 2267 1964 susque
2294 1895 2554 1951 Jeremias
2583 1897 2658 1950 ait
2684 1911 2704 1951 :
2732 1895 2813 1950 Ite
2846 1897 2914 1950 ad
2957 1898 3151 1951 insulas
3180 1896 3393 1951 Chetiim
3420 1907 3466 1949 et
3493 1898 3656 1951 videte

2073 1994 2123 2041 in
2153 1988 2335 2042 Cedar.
2370 1988 2556 2043 Mittite
2584 1999 2632 2043 et
2651 1990 2954 2060 cognoscite,
2979 1990 3022 2043 si
3048 1988 3308 2043 mutabunt
3336 2000 3506 2059 gentes
3530 1992 3655 2042 deos

2074 2092 2231 2135 suos:
2254 2081 2479 2151 populus
2497 2098 2613 2135 vero
2638 2098 2777 2135 meus
2807 2082 3013 2134 mutavit
3038 2081 3251 2152 gloriam
3268 2097 3412 2134 suam
3428 2122 3441 2142 ,
3468 2096 3529 2133 ea:
3552 2096 3652 2149 quo

2074 2175 2202 2229 nihil
2226 2173 2602 2245 proﬁcietUer.
2631 2173 2685 2227 2.
2707 2173 2793 2229 10.
2823 2175 2934 2244 II).
2957 2173 3124 2227 Docet
3154 2173 3441 2242 Iegemnon
3464 2172 3653 2225 duram

2074 2284 2216 2339 esse,
2231 2280 2284 2326 et
2301 2277 2553 2339 quantum
2567 2282 2868 2323 mensuram
2890 2266 3141 2337 exigatab
3155 2265 3476 2329 hominibus,
3492 2280 3649 2335 quam

2074 2366 2253 2427 bruta,
2285 2371 2341 2418 et
2381 2363 2539 2417 bruta
2575 2362 2814 2417 omnium
2854 2359 3217 2429 stupidissima
3256 2358 3473 2427 implerc
3525 2373 3650 2427 pos.

2074 2458 2201 2512 sint.
2230 2455 2333 2512 Sed
2362 2455 2556 2510 dixerit
2575 2452 2975 2524 quisniamJlIa
3001 2451 3051 2505 in
3080 2460 3265 2504 natura
3294 2446 3659 2517 habentquod'

2076 2557 2420 2619 cognoscant.
2452 2547 2559 2602 Sed
2603 2559 2885 2615 possmnus
2925 2558 2988 2597 ea
3009 2558 3127 2611 quae
3159 2541 3311 2595 bruta
3352 2555 3416 2594 ex
3467 2538 3651 2593 natura

2074 2658 2167 2698 sua
2195 2643 2392 2696 faciunt
2436 2656 2500 2697 ex
2551 2638 2822 2709 proposito
2851 2635 3136 2689 voluntatis
3174 2634 3415 2702 implere.
3459 2633 3654 2700 Cogno—

2074 2737 2140 2789 vit
2185 2737 2272 2789 bos
2322 2749 2679 2804 possessorem.
2716 2730 2833 2785 Non
2858 2745 2923 2783 ex
2954 2727 3077 2782 doni
3107 2726 3419 2780 excellentia
3453 2724 3653 2776 inme:

2075 2831 2218 2885 dium
2248 2828 2495 2893 adducit,
2525 2825 2623 2881 sed
2648 2841 2713 2880 ex
2738 2823 2987 2894 nequitias
3016 2822 3031 2852 ί
3059 2818 3407 2875 redundantia
3442 2817 3659 2869 illorum

2075 2934 2234 2996 anget
2262 2922 2757 2994 reprehensionem.
2788 2915 3244 2986 Quemadmodum
3275 2914 3415 2966 enim
3447 2911 3513 2963 ad
3538 2910 3656 2963 illo-

2082 3035 2196 3072 rmn
2228 3018 2483 3087 pudorem
2525 3014 2791 3069 elementa
2830 3018 3016 3065 evocat
3043 3024 3059 3057 :
3092 3006 3167 3060 ita
3189 3020 3298 3060 non
3322 3001 3651 3064 hominibus,

2077 3112 2168 3165 sed
2197 3111 2367 3165 brutis
2399 3111 2543 3179 ipsos
2589 3114 2884 3174 comparat,
2928 3117 2991 3156 ac
3032 3100 3305 3153 brutorum
3353 3092 3654 3164 stupidissi-

2077 3205 2199 3265 mis,
2232 3202 2438 3270 illisque
2469 3200 2678 3269 pejores
2708 3211 2830 3251 esse
2858 3192 3110 3248 ostendit.

2147 3298 2200 3352 5.
2243 3294 2386 3349 Idem
2413 3293 2535 3347 facit
2561 3300 2613 3347 et
2638 3290 2915 3354 Jeremias,
2950 3296 3204 3340 turturem
3236 3291 3291 3338 et
3315 3279 3651 3335 hirundinem

2076 3391 2128 3448 in
2156 3389 2387 3445 medium
2414 3398 2642 3440 evocans
2673 3380 2806 3453 (Jer.
2840 3381 2893 3435 8.
2922 3378 3012 3449 7);
3038 3388 3091 3432 et
3117 3376 3390 3439 Salomon,
3424 3388 3563 3426 nunc
3590 3370 3653 3424 ad

2078 3486 2373 3543 formicam,
2401 3496 2539 3534 nunc
2560 3478 2625 3531 ad
2655 3490 2807 3544 apem
2831 3473 3044 3527 mittens
3074 3485 3193 3525 cum
3221 3471 3308 3537 qui
3339 3466 3507 3519 otiose
3530 3463 3657 3517 vivit

2078 3577 2258 3649 (-Prov.
2293 3576 2344 3627 6.
2374 3572 2448 3641 6).
2479 3568 2645 3623 Israel
2667 3577 2836 3619 autem
2864 3579 2943 3616 me
2971 3577 3071 3615 non
3092 3559 3319 3629 cognovit
3345 3555 3514 3625 (Eccli
3564 3555 3652 3607 11.

2077 3670 2153 3738 5).
2186 3665 2436 3721 Accessio
2468 3659 2682 3715 malitiae
2707 3665 2806 3724 est,
2836 3670 2955 3709 eum
2989 3654 3020 3707 ii
3051 3652 3139 3722 qui
3170 3649 3454 3704 familiares
3481 3655 3653 3701 erant.

2076 3770 2193 3833 post
2222 3769 2296 3813 tot
2323 3757 2574 3820 honores,
2598 3764 2784 3807 omnes
2813 3747 3089 3805 confertim
3108 3744 3174 3798 ad
3197 3742 3448 3796 malitiam
3470 3750 3658 3808 sponte

2076 3852 2403 3921 Confugitmt.
2440 3848 2555 3902 Non
2593 3846 2753 3909 dixit,
2784 3841 2968 3906 Iacob,
2998 3838 3112 3903 sed,
3142 3835 3329 3901 Israel,
3359 3845 3417 3887 ιιι
3453 3850 3519 3887 ex
3547 3833 3655 3883 vir-

2078 3957 2189 4002 tute
2231 3941 2579 4014 progenitoris
2625 3939 2883 4007 ingratum
2930 3941 3179 4001 nepotum
3216 3928 3447 3981 animum
3491 3924 3658 3993 magis

2076 4037 2401 4093 ostenderet.
2428 4033 2521 4087 Ille
2556 4032 2696 4085 enim
2729 4029 2889 4082 animi
2932 4026 3125 4077 virtute
3152 4020 3573 4075 benedictionem
3606 4016 3655 4068 in

2075 4128 2295 4185 nOinine
2320 4137 2627 4195 expressom
2652 4119 2945 4189 promeruit
2995 4132 3006 4166 :
3054 4113 3124 4165 illi
3155 4125 3282 4164 vero
3316 4110 3384 4162 ob
3416 4106 3659 4175 iniquita-

2079 4232 2186 4276 tem
2223 4221 2401 4289 ipsam
2422 4213 2785 4283 prodiderunt;
2826 4208 2887 4261 Et
2917 4204 3135 4275 populus
3170 4218 3309 4255 meus
3334 4216 3411 4252 nte
3445 4214 3544 4250 non
3574 4197 3656 4248 in-

2078 4311 2279 4366 tellexlt
2298 4326 2317 4364 :
2347 4307 2452 4373 Ile,
2482 4304 2669 4374 inquit,
2702 4302 2815 4355 sole
2844 4298 3143 4352 clariorem.
3167 4295 3225 4347 4.
3265 4291 3352 4343 Vw
3379 4290 3656 4359 genli'pec-

2076 4404 2272 4458 catrici.
2306 4401 2420 4455 Hoc
2453 4399 2612 4454 etiam
2641 4392 2913 4465 prephetis
2958 4391 3008 4442 in
3037 4401 3189 4440 more
3211 4384 3326 4448 fuit,
3359 4391 3417 4435 nt
3453 4396 3546 4435 eos
3573 4378 3656 4432 In.

2076 4506 2292 4571 gerent,
2322 4493 2423 4566 qui
2441 4489 2715 4548 incurablli
2743 4485 2929 4542 morbo
2956 4484 3277 4536 laborarent.
3310 4475 3476 4571 Sicci
3503 4472 3655 4571 Iere-

2078 4564 2211 4647 mias
2242 4564 2426 4644 multis
2461 4586 2513 4639 in
2544 4582 2709 4646 locis;
2741 4580 2818 4635 sic
2856 4588 2909 4632 et
2942 4574 3184 4630 Christus
3212 4584 3334 4625 cum
3359 4568 3487 4622 dicit
3518 4584 3531 4619 :
3573 4564 3661 4619 Var

2077 4685 2163 4739 tibi
2203 4679 2447 4743 Charaxi,
2490 4690 2566 4731 me
2599 4675 2687 4729 tibi
2714 4669 2985 4726 Bethsaida
3016 4663 3225 4735 (Matth.
3260 4662 3346 4714 II.
3384 4659 3499 4731 21).
3526 4658 3657 4711 Nam

2079 4779 2179 4833 hoc
2225 4776 2382 4830 etiam
2424 4769 2680 4826 doctrinae
2720 4763 3053 4834 speciesest.
3094 4752 3451 4822 Quemenim'
3480 4763 3659 4805 sermo

2078 4888 2182 4925 non
2239 4869 2410 4937 potuit
2454 4863 2776 4922 reformare,
2828 4857 3000 4910 Ittcttts
3050 4863 3286 4921 persmpe
3331 4843 3653 4937 emendavit,

2078 4931 2282 5032 Populo
2307 4958 2454 5029 pleno
2472 4951 2705 5025 peccatis;
2731 4936 3495 5002 A'liaaccusationis-accessio,
3515 4931 3657 5002 quod
3704 4992 3715 5026 ἐ

2074 5029 2280 5113 omnes.
2312 5044 2767 5120 quod'admodnm‘
2791 5029 3313 5113 [peccatoresrsint].
3342 5029 3537 5085 Semini
3567 5043 3656 5079 nc-
3706 5042 3711 5047 ·

2074 5162 2244 5220 quam.
2273 5144 2389 5199 Non
2429 5140 2684 5208 originem
2728 5148 2911 5190 eorum
2956 5132 3247 5198 vituperat,
3291 5124 3382 5179 scd
3425 5120 3657 5220 ostendit

2074 5215 2169 5297 eos
2196 5256 2225 5295 a
2254 5239 2421 5308 prima
2463 5240 2619 5288 aetate
2642 5228 2913 5300 improbos
2942 5226 3122 5279 fuisse.
3154 5220 3303 5275 Sicut
3331 5218 3470 5273 enim
3491 5215 3650 5308 Ioan-

2076 5350 2172 5389 nes
2201 5306 2322 5387 cum
2347 5330 2493 5393 dicit,
2531 5325 2822 5393 Serpentes,
2853 5319 3106 5390 genimina
3134 5316 3417 5385 viperarum
3443 5306 3649 5377 (Matth.

2075 5426 2129 5481 5.
2166 5424 2250 5495 7),
2294 5438 2397 5476 non
2446 5428 2687 5475 naturam
2727 5414 3028 5483 vituperat:
3064 5424 3168 5462 non
3217 5405 3359 5460 enim
3408 5400 3651 5461 dixisset,

2138 5628 2167 5660 ί·
2192 5632 2331 5676 t'orte
2352 5622 2544 5677 melius,
2568 5627 2729 5668 Graaca
2752 5615 2959 5677 lectione
2983 5611 3277 5677 aliquantum
3311 5610 3489 5677 mutata
3516 5614 3527 5677 ς
3560 5607 3653 5677 ξοδδ

2073 5670 2216 5741 modo
2225 5670 2296 5738 Eii
2305 5670 2425 5735 doni
2438 5670 2555 5745 ipsis
2577 5692 2785 5730 concessi
2800 5673 3101 5732 excellentia,
3116 5670 3199 5719 sed
3218 5682 3280 5720 et?
3298 5670 3540 5730 nequitur.
3557 5670 3652 5709 etc.

2075 5762 2183 5804 inec
2210 5764 2270 5800 ex
2299 5748 2464 5798 Alieno
2488 5745 2769 5794 nuntians.
