4102 6306
267 359 327 413 i7
1628 373 1692 428 1N
1731 371 1841 426 18.ὶῖ

1944 369 1982 438 Ι,
2021 375 2168 434 CAP.
2214 375 2254 433 Ι.
3493 401 3554 455 18

269 475 437 529 Facite
478 477 642 544 igitur
662 483 868 548 [ructus
910 481 1085 550 dignos
1120 485 1417 552 pandentia:
1438 483 1598 552 (Ibid.
1628 502 1672 540 ν.
1704 486 1783 558 8),
1814 485 1860 541 si

265 583 327 621 ex
357 578 552 622 natura
594 581 650 624 et
691 573 761 624 ab
790 583 916 626 ortu
965 575 1096 629 tales
1139 574 1358 630 fuissent
1392 594 1404 629 :
1432 580 1507 632 sic
1535 588 1590 633 et
1619 579 1720 636 hoc
1745 582 1866 636 loco

268 674 388 712 cum
425 659 559 713 dicit
591 678 605 714 :
641 661 846 717 Semini
887 681 1121 733 nequam,
1170 683 1273 722 non
1317 677 1494 725 ortum
1539 671 1735 743 probro
1774 674 1867 729 dat

273 749 394 802 illis.
445 748 602 805 Filris
642 753 924 824 exlegibus.
969 755 1084 810 Non
1120 757 1286 826 dixit,
1332 759 1860 833 Prtevaricatoribns,

275 843 386 908 sed,
427 843 731 917 Etlegibus,
763 847 855 919 qui
892 864 996 903 non
1021 850 1224 904 meliori
1251 863 1430 907 essent
1459 854 1668 918 allecto,
1701 872 1858 930 quam

272 933 313 987 si
345 934 519 1003 legem
569 951 861 1006 numquam
899 939 1250 1009 excepissent.
1278 941 1382 998 Sed
1427 947 1681 1014 propositi
1711 947 1862 1003 diﬁc.

275 1026 498 1080 rentiam
527 1026 792 1097 signiﬁcat
825 1030 862 1082 ’.
890 1028 1238 1100 Dereliquistis
1263 1032 1557 1099 Dominum,
1582 1048 1628 1091 et
1657 1039 1726 1091 ad
1754 1042 1862 1092 ira-

272 1116 510 1167 cundiam
552 1119 880 1185 prorocastis.
913 1121 1014 1175 Per
1052 1121 1329 1192 emphasin
1369 1123 1469 1180 hoc
1510 1127 1662 1186 dixit.
1697 1129 1858 1185 Sufﬁ-

271 1209 445 1261 ciehat
473 1210 618 1266 enim
659 1225 853 1265 nomen
895 1213 983 1266 Dei
1011 1213 1076 1267 ad
1101 1216 1492 1274 accusationem
1530 1237 1543 1274 :
1573 1236 1674 1291 qua
1703 1224 1770 1277 de
1801 1239 1858 1280 re

272 1298 531 1354 Jeremias
569 1305 874 1373 expostulat
914 1305 1094 1360 dicens
1124 1325 1135 1359 :
1171 1307 1304 1372 Quia
1339 1310 1400 1363 ab
1436 1310 1525 1364 illo
1547 1313 1852 1382 defecerunt,

270 1400 313 1441 et
343 1391 661 1446 dwmonibus
693 1394 1032 1449 adhaeserunt.
1057 1397 1301 1452 Sanctum
1325 1398 1490 1454 Israel
1519 1402 1765 1471 (Baruclt.
1796 1408 1850 1462 4.

270 1479 318 1530 7.
352 1479 432 1550 8).
471 1480 600 1536 Haec
637 1498 847 1553 quoque
891 1487 1270 1544 criminationis
1317 1493 1554 1546 accessio
1597 1503 1697 1557 est,
1730 1497 1852 1565 quia

269 1586 387 1623 cum
419 1575 725 1628 communis
752 1577 986 1630 omnium
1012 1578 1262 1635 Dominus
1288 1581 1382 1648 sit,
1416 1584 1540 1652 ipsis
1566 1594 1687 1639 tunc
1710 1586 1852 1659 (pro-

271 1663 404 1728 prie)
446 1671 607 1718 notus
637 1674 774 1718 erat.
805 1667 1086 1721 Abalienati
1123 1681 1236 1722 sunt
1279 1682 1568 1726 retrorsum.
1615 1676 1668 1730 5.
1715 1679 1851 1744 Quid

269 1752 405 1804 ultra
440 1754 793 1822 percutiemini
829 1758 1066 1810 addentes
1112 1762 1584 1828 prevaricatioues?
1625 1766 1848 1823 Maxima

267 1842 559 1908 damnatio,
580 1860 706 1899 cum
727 1861 795 1900 ne
821 1862 886 1901 ex
907 1849 1172 1918 suppliciis
1187 1853 1400 1922 quidem
1427 1858 1672 1912 meliores
1695 1859 1846 1914 ﬁnnt.

271 1931 507 2002 Illudqne
535 1935 745 2004 species
771 1935 1010 1992 beneﬁcii
1041 1951 1172 2006 erat,
1202 1943 1342 2010 quod
1380 1947 1708 2012 punirentur.
1741 1950 1846 2006 Ne-

269 2041 370 2092 que
388 2026 531 2079 enim
559 2025 741 2082 dicere
777 2041 994 2097 possent
1035 2033 1194 2087 Deum
1236 2036 1526 2094 honorasse
1569 2051 1768 2096 tantum
1793 2054 1847 2100 et

270 2116 540 2172 beneﬁciis
568 2119 847 2186 alrecisse,
880 2136 1160 2191 peccantes
1204 2137 1380 2182 autem
1422 2130 1719 2199 dimisisse;
1750 2136 1844 2190 sed

271 2209 358 2263 ille
387 2209 682 2265 honoribus
715 2212 1044 2281 attrahebat,
1077 2225 1130 2270 et
1157 2219 1532 2288 suppliciorum
1564 2224 1751 2279 timore
1778 2226 1845 2282 ad

268 2300 540 2355 meliorem
575 2301 786 2373 frugem
815 2306 1115 2373 revocabat,
1143 2319 1197 2364 et
1232 2311 1372 2365 inter
1403 2324 1623 2384 utraque
1664 2316 1736 2371 illi
1765 2318 1844 2372 in-

265 2391 480 2445 eurabili
512 2393 707 2448 morbo
735 2394 937 2453 detenti
965 2399 1264 2455 manebant.
1297 2402 1464 2458 Omne
1483 2421 1650 2475 genus
1671 2409 1841 2465 medi-

262 2480 391 2535 cinae
434 2482 712 2549 exhibuit,
746 2499 966 2552 secans,
1001 2503 1160 2544 urens
1201 2508 1214 2543 :
1257 2493 1474 2548 morbus
1517 2505 1691 2552 tamen
1737 2515 1841 2556 non

262 2573 448 2639 Cessit,
482 2576 630 2643 quod
672 2578 902 2633 maxime
927 2579 1134 2650 signum
1172 2594 1248 2637 est
1292 2585 1599 2644 incnrabilis
1625 2594 1840 2661 aegritu-

261 2663 412 2726 dinis,
437 2681 563 2720 cum
594 2683 701 2720 non
726 2678 900 2737 potest
925 2671 1042 2740 quis
1068 2675 1357 2730 remedium
1383 2679 1648 2748 accipere.
1682 2683 1844 2740 Omne

261 2767 406 2821 caput
435 2756 507 2808 ad
536 2757 785 2824 laborem,
813 2771 860 2812 et
879 2777 1022 2815 omne
1042 2780 1129 2817 cor
1152 2765 1221 2818 ad
1241 2767 1511 2823 tristitiam.
1542 2771 1594 2826 6.
1625 2773 1667 2826 Α
1693 2777 1840 2843 pedi-

259 2848 342 2898 bus
365 2865 525 2917 usque
543 2851 615 2902 ad
655 2862 808 2920 caput
836 2869 936 2906 non
974 2866 1046 2908 est
1071 2856 1124 2909 in
1147 2873 1204 2911 eo
1229 2858 1512 2929 integritas,
1548 2880 1704 2932 neque
1727 2867 1839 2919 uul-

261 2958 376 3003 nus,
407 2959 568 3011 neque
596 2945 772 3008 eibex,
807 2962 963 3015 neque
989 2948 1140 3020 plaga
1183 2961 1396 3008 tumens.
1432 2955 1631 3012 Deinde
1661 2971 1840 3016 narrat

260 3034 518 3086 cruciatus
556 3043 613 3088 et
659 3036 914 3104 supplicia
948 3056 960 3093 :
994 3056 1164 3110 neque
1201 3046 1340 3098 enim
1381 3049 1558 3103 minor
1597 3050 1708 3107 haec
1756 3063 1841 3108 est

260 3124 460 3187 species
485 3125 736 3180 beneﬁcii
768 3139 821 3182 et
841 3129 1056 3185 honoris
1080 3133 1206 3201 ipsis
1234 3137 1428 3192 collati.
1451 3139 1648 3197 Omnes
1670 3146 1835 3211 enim,

261 3215 456 3285 inquit,
487 3219 689 3281 afﬂixi,
723 3235 922 3291 eosque
952 3224 1003 3277 iu
1044 3225 1281 3282 dolorem
1319 3232 1542 3299 conjeci.
1581 3235 1635 3289 Si
1680 3252 1837 3295 omne

258 3310 414 3366 caput
451 3302 504 3352 in
547 3303 786 3359 laborem
807 3347 821 3372 ,
866 3310 1134 3376 quomodo
1164 3328 1266 3366 non
1303 3324 1384 3369 est
1409 3317 1600 3372 vulnus
1621 3361 1635 3386 ,
1667 3338 1837 3390 neque

261 3391 453 3444 \‘ibex?
482 3392 703 3459 Vulnus,
746 3397 954 3467 reliquo
993 3416 1218 3471 corpore
1256 3420 1421 3474 sano,
1456 3420 1581 3466 tunc
1615 3427 1836 3484 apparet

263 3483 456 3536 vulnus
482 3501 495 3535 :
523 3485 661 3554 quod
690 3489 732 3541 si
761 3497 930 3545 totum
953 3493 1311 3552 exulceratum
1349 3500 1532 3568 fuerit,
1561 3520 1668 3560 non
1701 3509 1833 3564 ultra

261 3573 455 3628 minus
481 3579 769 3644 apparebit.
803 3581 914 3636 Hoc
941 3584 1100 3654 igitttr
1124 3589 1399 3658 signiﬁcat,
1435 3603 1600 3650 totum
1640 3613 1836 3669 corpus

262 3663 425 3719 fuisse
455 3668 720 3725 ulceribus
761 3673 972 3742 plenum
1008 3694 1022 3728 :
1054 3694 1223 3749 neque
1261 3683 1401 3738 aliud
1445 3701 1654 3754 sanum,
1687 3663 1830 3746 aliud

257 3756 551 3810 uleeratnm
582 3758 772 3821 fuisse:
796 3764 888 3818 sed
919 3774 1088 3823 totum
1115 3769 1454 3841 intumuisse,
1488 3786 1652 3834 totum
1683 3783 1832 3840 ulcus

259 3861 415 3898 unum
447 3848 631 3903 fuisse.
665 3849 783 3904 Non
823 3864 894 3907 est
934 3859 1190 3927 malagma
1227 3879 1491 3932 apponere.
1524 3869 1633 3925 Hoc
1657 3875 1832 3940 priore

258 3939 463 4002 gravius
489 3949 590 3993 est.
615 3940 800 3996 Morbo
834 3947 977 4000 enim
1022 3949 1263 4006 laborare
1290 3971 1394 4009 non
1428 3958 1496 4012 ita
1528 3977 1687 4030 grave
1725 3975 1828 4033 est,

259 4038 308 4077 ut
333 4043 531 4098 agrum
559 4046 666 4085 non
690 4048 847 4102 posse
884 4039 1060 4093 sanari
1091 4056 1103 4094 :
1129 4046 1417 4108 praesertim
1457 4064 1575 4104 cum
1617 4055 1735 4110 talis
1765 4058 1832 4112 sit

261 4121 510 4176 medicus.
543 4122 722 4194 Neque
761 4128 948 4194 oleum,
979 4147 1137 4200 neque
1173 4134 1437 4205 ligamina.
1472 4140 1539 4197 Ut
1567 4159 1688 4200 cum
1719 4164 1831 4203 em-

262 4209 400 4275 phasi
432 4213 700 4282 loquatur,
741 4227 939 4286 perstat
965 4221 1019 4274 in
1051 4224 1233 4280 eadem
1266 4232 1572 4299 metaphora
1605 4255 1616 4290 :
1647 4237 1698 4293 in
1729 4239 1830 4297 hoc

261 4301 390 4352 enim
415 4301 516 4355 sita
557 4314 643 4358 est
678 4307 1004 4377 metaphora:
1046 4318 1363 4380 praestantia.
1394 4321 1450 4376 7.
1481 4321 1634 4379 Terra
1669 4341 1828 4385 vestra

265 4391 465 4447 deserta.
508 4395 635 4452 Haec
656 4413 761 4452 non
783 4409 838 4454 ut
853 4401 963 4469 jam
984 4403 1116 4459 facta
1137 4411 1430 4480 annuntiat,
1453 4416 1546 4470 sed
1581 4427 1638 4472 ut
1657 4419 1826 4478 futura

268 4484 545 4547 mdicit'.
580 4487 694 4542 Hoc
717 4498 934 4546 utuntur
962 4509 1112 4551 more
1137 4501 1426 4569 propheta),
1445 4506 1603 4563 simul
1622 4512 1827 4569 audito-

270 4588 365 4627 rem
397 4585 693 4646 terrentes,
719 4590 775 4635 et
813 4597 923 4639 sua:
951 4588 1188 4644 veritatis
1226 4597 1330 4647 vim
1372 4599 1733 4660 ostendentes.
1759 4606 1830 4662 Ut

275 4666 395 4719 enim
424 4684 542 4737 qua:
571 4673 973 4741 prazleriernnt,
998 4694 1100 4732 non
1137 4695 1356 4750 possunt
1390 4702 1494 4742 non
1523 4690 1654 4748 facta
1684 4711 1823 4764 esse,

277 4755 340 4808 sic
373 4774 482 4826 qua:
523 4759 700 4815 futura
745 4778 776 4818 a
821 4768 1091 4836 prophetis
1129 4777 1477 4841 praenuntiata
1519 4792 1663 4847 sunt,
1711 4755 1826 4842 ﬁeri

281 4849 438 4912 nequit
465 4861 520 4903 ut
552 4868 657 4906 non
682 4856 1009 4927 contingant,
1043 4862 1142 4917 nisi
1169 4868 1534 4932 paenitentiam
1560 4887 1717 4945 agant
1745 4878 1822 4933 illi

285 4937 354 4999 qui
377 4942 621 5008 supplicio
641 4954 766 4998 sunt
798 4948 1086 5016 plectendi.
1117 4954 1350 5012 Ciuitates
1374 4973 1551 5017 vestra:
1572 4937 1826 5025 succensa:

290 5022 390 5090 igni.
410 5030 516 5084 Non
545 5035 685 5087 enim
710 5037 828 5092 illas
857 5042 1076 5096 omnino
1104 5043 1330 5116 delevit,
1366 5053 1462 5107 sed
1501 5060 1739 5123 permisit
1768 5072 1825 5118 ut

300 5115 483 5172 ilicemlii
530 5122 787 5180 barbarici
831 5130 1076 5201 reliquis:
1116 5115 1477 5210 superessent,
1501 5115 1634 5216 qua:
1659 5155 1825 5222 magis

300 5203 349 5254 ad
373 5206 655 5267 intuentium
675 5229 950 5286 aspectum
968 5203 1267 5296 pertingere
1293 5203 1822 5309 possent..Region;n

305 5307 472 5352 intraui
491 5321 652 5359 coram
673 5309 809 5364 vobis
832 5312 989 5367 alieni
1007 5314 1269 5386 devorant,
1294 5330 1341 5375 et
1357 5323 1584 5382 desolata
1609 5307 1680 5385 est
1704 5335 1825 5389 sub-

355 5449 437 5551 ἶιιξῖ
455 5463 613 5551 Si“???
1213 5483 1328 5551 ἥξοι
1367 5485 1641 5551 ιεεεράιιω
1664 5491 1823 5551 susu-

600 5517 611 5522 -
665 5517 674 5526 .
1011 5517 1178 5536 ηφτ..
1214 5517 1328 5536 -..πη
1367 5517 1823 5551 υςτυυυυυηυη..-

305 5517 974 5614 ξῗᾘῖέέξῇεεῖεὲῖκξὲιὲὲιξξίὶί1ξ’.
984 5546 1172 5614 sesese
1180 5541 1364 5614 ριιιξιμιε
1382 5545 1658 5608 (μιαίνει-ει.
1675 5552 1824 5614 siqui-

519 5567 630 5586 παι...
652 5567 662 5575 .
692 5567 806 5579 -..ι-ν
831 5567 964 5581 omu-
987 5567 1165 5584 συνοιιο
1184 5567 1364 5599 υινιιιιιῦ
1382 5567 1458 5605 ιμΙί

302 5567 534 5653 δ”ἷηῐξᾞὶζμ
557 5588 788 5653 signiﬁcat
813 5593 1068 5645 voluntatis
1092 5600 1458 5653 corruptionem.

526 5633 533 5638 -
607 5633 618 5646 ,
814 5633 1068 5645 .ν--..-....-
1092 5633 1458 5653 ιν.,..υ..υ,,ε,,,,

359 5633 604 5729 meum.
631 5633 962 5722 mitis-parii“.
997 5671 1043 5716 νο
1075 5659 1179 5729 ιβῖ,
1199 5660 1467 5729 legendum
1499 5677 1667 5729 putat:
1705 5681 1822 5723 Illuc

305 5702 563 5793 r{irisI-{artu
583 5702 842 5773 annuntiat,

296 5764 419 5809 stimo
440 5762 588 5830 intentu,
624 5783 673 5824 ut

1976 502 2116 544 versa
2143 510 2174 543 α
2199 496 2401 563 populis
2436 497 2633 554 alienis.
2661 501 2991 564 Calamitatis
3021 513 3259 571 accessio
3282 523 3394 579 cst,
3431 533 3554 573 cum

1974 583 2201 649 propria:
2244 585 2475 642 miseria:
2516 601 2844 658 spectatores
2884 609 3028 667 sunt,
3078 617 3177 658 nec
3213 605 3331 664 solo
3371 610 3554 665 auditu

1971 669 2115 727 illam
2142 674 2373 732 discunt.
2411 680 2462 735 8.
2496 680 2880 756 Derelinquetur
2903 692 3013 758 ﬁlia
3039 692 3167 750 Sion
3184 736 3198 758 ,
3219 700 3367 762 quasi
3394 709 3554 753 teuto.

1969 767 2101 820 rium
2123 769 2175 822 in
2203 772 2366 837 uinea,
2389 784 2436 827 et
2460 777 2589 830 sicut
2615 782 2870 850 tugurium
2897 785 2948 838 in
2967 791 3336 844 cucumerario.

2039 859 2092 912 4.
2131 859 2372 931 Magnum
2393 866 2662 936 quidpiam
2690 871 2742 925 in
2763 886 2821 927 se
2847 877 3122 933 continent
3143 880 3246 934 illa:
3267 882 3546 954 imagines,

1967 953 2300 1024 maximeque
2330 958 2379 1010 in
2411 958 2682 1032 Scriptura
2703 1005 2718 1030 ,
2750 965 2816 1020 ad
2843 969 3308 1038 ampliﬁcationem
3339 953 3547 1033 sermo;

1967 1043 2065 1096 uis.
2094 1043 2388 1103 Jerusalem
2413 1061 2591 1108 autem
2611 1066 2765 1112 vocat
2786 1057 2944 1114 ﬁliam
2972 1061 3118 1127 Sion,
3143 1066 3281 1134 quod
3305 1068 3352 1122 ei
3379 1072 3544 1125 monti

1962 1135 2200 1205 subjecta
2229 1139 2318 1194 sit.
2349 1141 2498 1197 Sicut
2520 1149 2784 1204 tentorium
2809 1152 2861 1205 in
2886 1154 3046 1218 uinea,
3071 1167 3116 1210 et
3137 1159 3263 1211 sicut
3290 1163 3544 1232 tugurium

1961 1224 2013 1278 in
2038 1233 2397 1288 (πενθῆσαι-ἕο.
2432 1234 2653 1296 Sublato
2681 1256 2906 1311 namque
2935 1244 3125 1312 fructu,
3156 1224 3544 1322 summotisque

1959 1319 2198 1386 colonis,
2246 1327 2511 1395 superﬂua
2562 1330 2812 1405 deinceps
2862 1335 3018 1390 luerit
3062 1348 3324 1394 structura
3375 1319 3538 1398 urbis.

1961 1409 2106 1464 Sicut
2145 1414 2260 1468 urbs
2297 1433 2410 1484 qua:
2448 1421 2717 1476 obsidetur.
2763 1425 2873 1480 Hoc
2899 1429 3229 1498 :enigmatice
3259 1432 3450 1488 dicitur
3473 1436 3540 1492 ad

1959 1501 2319 1562 inﬁrmitatem
2342 1518 2395 1563 et
2419 1509 2820 1570 derelictionem
2847 1519 2962 1587 ejus
2987 1519 3377 1578 declarandam.
3405 1525 3538 1584 Cum

1957 1593 2096 1646 enim
2128 1596 2300 1652 nullus
2330 1610 2409 1654 est
2439 1603 2528 1672 qui
2556 1605 2862 1674 auxilietnr,
2894 1619 3017 1665 tunc
3049 1628 3268 1669 necesse
3289 1627 3370 1670 cst
3396 1617 3540 1671 obsi-

1955 1683 2065 1739 dcri
2097 1703 2209 1753 eos,
2238 1692 2427 1761 quibus
2462 1711 2565 1750 una
2591 1711 2834 1768 superest
2861 1719 3130 1761 murorum
3173 1709 3356 1763 tutela.
3387 1713 3440 1764 9.
3469 1710 3537 1766 Et

1955 1779 2050 1830 nisi
2083 1778 2326 1837 Dominus
2353 1785 2610 1842 Sabbaoth
2635 1791 2972 1863 dereliquisset
2996 1798 3136 1852 nobis
3163 1817 3328 1853 semen
3349 1841 3362 1861 .
3390 1805 3535 1863 quasi

1955 1867 2181 1922 Sodoma
2207 1875 2494 1942 fuissemus,
2526 1889 2572 1932 et
2600 1883 2743 1950 quasi
2773 1883 3054 1940 Comorrlta
3080 1889 3266 1944 similes
3296 1907 3529 1947 essemus.

1952 1958 2064 2012 Mos
2091 1971 2173 2016 est
2214 1977 2427 2035 semper
2467 1970 2737 2038 prophetis
2777 1990 2880 2028 non
2923 1976 3005 2030 illa
3047 1980 3215 2033 solum
3248 1983 3530 2049 przudicero

1952 2052 2110 2114 mala,
2140 2069 2258 2122 qum
2289 2059 2494 2126 passuri
2522 2072 2641 2114 sunt
2674 2067 3124 2136 prmvaricatores,
3157 2074 3249 2126 sed
3281 2077 3438 2130 etiam
3463 2093 3526 2131 ea

1949 2155 2068 2210 quae
2100 2143 2244 2214 digni
2279 2157 2404 2200 sunt
2443 2157 2679 2220 perpeti,
2715 2163 2770 2208 ut
2799 2156 2848 2210 in
2881 2157 2998 2225 ipso
3021 2163 3261 2231 supplicii
3291 2176 3528 2235 tempore

1951 2235 2144 2290 multas
2184 2237 2413 2295 habeant
2459 2241 2568 2298 Deo
2609 2247 2843 2314 gratias,
2887 2251 3026 2319 quod
3065 2269 3168 2308 non
3213 2271 3309 2324 pro
3338 2261 3529 2313 merito

1948 2327 2230 2398 scelerum,
2257 2331 2349 2384 sed
2375 2333 2540 2388 multo
2567 2335 2790 2392 leviores
2820 2337 2966 2394 luant
2991 2357 3193 2411 prunas.
3229 2345 3338 2402 Hoc
3361 2351 3526 2406 etiam

1947 2415 2076 2474 dicit
2115 2418 2215 2474 hoc
2251 2421 2370 2476 loco
2392 2463 2406 2486 .
2440 2435 2652 2494 peccata
2685 2443 2872 2499 nempe
2908 2447 3091 2488 eorum
3123 2451 3226 2490 non
3258 2454 3319 2492 ea
3349 2439 3524 2495 solum

1946 2525 2064 2580 qnze
2091 2512 2229 2567 dicta
2259 2524 2382 2569 sunt
2401 2558 2417 2582 ,
2446 2518 2538 2572 sed
2565 2520 2724 2576 etiam
2755 2524 3168 2582 internecionem
3199 2532 3482 2599 expetiisse
3505 2575 3520 2598 ,

1947 2604 2312 2675 universeque
2336 2609 2507 2676 gentis
2533 2611 2749 2666 exitium
2781 2633 2792 2666 :
2818 2630 2935 2683 qua:
2964 2617 3120 2671 etiam
3150 2622 3198 2674 in
3231 2621 3523 2679 Sodomitis

1945 2695 2295 2764 contigerunt.
2331 2698 2422 2752 Dei
2448 2713 2623 2755 autem
2653 2702 2945 2773 benignitas
2969 2706 3080 2762 haec
3108 2710 3218 2764 ﬁeri
3249 2727 3352 2766 non
3375 2713 3518 2780 sivit,

1945 2783 2036 2838 sed
2063 2800 2270 2853 prunam
2304 2798 2523 2860 peccato
2553 2791 2706 2862 longe
2737 2795 2988 2852 leviorem
3018 2800 3225 2856 inﬂixit.
3268 2803 3398 2870 Quia
3431 2821 3521 2861 ve-

1944 2890 2004 2928 ro
2027 2876 2184 2930 multa
2207 2887 2289 2932 est
2309 2881 2536 2938 afﬁnitas
2560 2884 2720 2939 Vetus
2743 2887 2878 2944 inter
2903 2900 2955 2944 et
2983 2891 3184 2948 Novum
3208 2895 3520 2954 Testamen-

1945 2972 2074 3029 tum,
2101 2968 2222 3035 jure
2246 2969 2336 3024 illo
2361 2971 2556 3029 Paulus
2575 2987 2655 3030 est
2679 2994 2804 3032 usus
2830 2997 2843 3033 :
2865 2989 2920 3036 et
2937 2985 3338 3042 convenientius
3358 3006 3515 3060 quam

1942 3058 2196 3126 propheta
2238 3059 2388 3115 dixit.
2435 3063 2888 3131 Quemadmodum
2928 3075 3069 3128 enim
3106 3076 3196 3131 illo
3238 3058 3476 3152 tempore
3500 3127 3516 3151 ,

1944 3146 2043 3201 nisi
2083 3165 2268 3219 magna
2309 3153 2494 3209 fuisset
2529 3156 2620 3212 Dei
2660 3161 3018 3219 misericnrdia
3044 3207 3060 3231 ,
3101 3183 3288 3226 omnes
3314 3146 3517 3245 abrepti

1942 3236 2163 3294 inissent
2190 3243 2362 3314 (Rom.
2397 3245 2447 3302 9.
2476 3248 2567 3320 29)
2597 3269 2611 3304 :
2639 3253 2715 3307 sic
2741 3254 2791 3307 in
2825 3263 3064 3327 tempore
3089 3260 3286 3318 Christi
3315 3236 3514 3321 adven-

1941 3340 2048 3399 tus,
2079 3335 2176 3388 nisi
2208 3339 2371 3406 gratia
2399 3343 2747 3410 apparuisset,
2777 3350 3016 3417 graviora
3047 3351 3133 3408 his
3162 3371 3349 3412 omnes
3376 3361 3516 3428 passi

1941 3435 2138 3479 essent.
2188 3427 2470 3499 Dereliquit
2507 3445 2680 3488 autem
2730 3438 2880 3492 nobis
2910 3456 3092 3497 semen
3125 3462 3141 3500 τ
3179 3445 3246 3500 de
3276 3447 3338 3502 iis
3367 3427 3456 3518 qui
3487 3465 3518 3506 a

1939 3518 2241 3586 captivitate
2285 3525 2479 3576 servati
2517 3538 2641 3580 sunt
2679 3528 2927 3598 loquitur.
2975 3533 3060 3588 i0.
3102 3539 3285 3593 Audite
3317 3543 3516 3594 uerbum

1939 3605 2162 3673 Domini,
2193 3613 2442 3682 principes
2472 3615 2828 3687 Sodomorum,
2856 3625 3094 3679 attendite
3116 3629 3274 3699 legem
3302 3630 3396 3686 Dei
3426 3650 3519 3688 no-

1937 3699 2050 3763 stri,
2075 3701 2291 3769 papulus
2315 3702 2626 3759 Gomorrlue.
2655 3707 2880 3775 Quando
2898 3710 3029 3768 dixit
3052 3716 3170 3772 illos
3191 3735 3309 3776 esse
3330 3723 3518 3792 dignos

1937 3788 2026 3856 qui
2057 3789 2242 3844 eadem
2284 3801 2622 3862 paterentur,
2655 3813 2772 3868 qua:
2803 3802 3091 3860 Sodomita:
3114 3849 3128 3872 ,
3161 3788 3515 3869 ostendit—eos

1937 3878 2122 3933 eadem
2162 3895 2323 3936 ausos
2351 3897 2469 3939 esse
2493 3902 2612 3956 quae
2637 3889 2956 3951 Sodomitas.
3009 3895 3130 3953 Ideo
3157 3900 3274 3956 illos
3302 3917 3333 3957 a
3359 3919 3509 3960 cont-

1939 3969 2084 4022 muni
2116 3973 2468 4040 appellatione
2493 3980 2749 4036 nominat.
2781 3982 2890 4039 Nisi
2912 3987 3052 4040 enim
3084 3988 3185 4046 hoc
3209 4004 3369 4059 esset,
3402 4013 3508 4054 non

1937 4069 2231 4128 opportuna
2264 4062 2451 4120 luisset
2478 4066 2743 4138 loquutus.
2786 4074 2936 4140 Quod
2972 4079 3112 4134 enim
3136 4097 3275 4138 nunc
3317 4100 3422 4141 non
3453 4089 3508 4144 in

1935 4148 2234 4206 Sodomitas
2251 4152 2550 4224 invehatur,
2570 4159 2662 4215 sed
2683 4161 2734 4216 in
2755 4162 2986 4232 Judaos,
3010 4168 3127 4224 illos
3141 4173 3217 4227 sic
3233 4175 3508 4245 appellans

1935 4239 2005 4294 ob
2035 4242 2262 4299 nominis
2289 4247 2712 4306 convenientiam
2736 4293 2752 4320 ,
2782 4269 2898 4324 quae
2928 4270 3217 4329 sequuntur
3251 4264 3505 4323 indicant.

1934 4331 2064 4386 Nam
2093 4337 2347 4392 sacriﬁcia
2375 4353 2785 4412 commemorat,
2814 4347 3106 4407 oblationes
3133 4353 3401 4428 aliumque
3427 4359 3507 4414 le-

1933 4424 2102 4494 galem
2131 4428 2328 4481 cultum
2355 4470 2369 4492 ,
2401 4431 2551 4500 cujus
2581 4449 2648 4489 ne
2678 4437 2956 4506 vestigium
2984 4443 3197 4511 quidem
3228 4424 3342 4501 erat
3367 4451 3504 4518 apud

1932 4515 2251 4572 Sodomitas.
2283 4517 2466 4591 Legem
2497 4522 2594 4577 Dei
2626 4529 2782 4581 nostri
2808 4527 2859 4582 in
2886 4545 3252 4599 argumentum
3282 4515 3502 4609 profert.

2003 4607 2271 4678 Sacriﬁcia
2287 4615 2460 4668 veteris
2481 4614 2778 4675 Testamenti
2794 4621 2903 4677 Deo
2917 4642 3006 4695 per
3025 4644 3077 4681 se
3096 4647 3194 4683 non
3213 4607 3505 4701 placebant:

1933 4715 2021 4753 cur
2046 4702 2189 4771 fuere
2206 4705 2448 4762 instituta.
2478 4707 2765 4779 Repudium
2793 4715 2845 4768 in
2873 4720 3024 4772 ueteri
3047 4722 3153 4792 lege
3178 4741 3268 4778 cur
3294 4730 3506 4795 permis-

1930 4807 2062 4843 sum.
2101 4823 2171 4832 —
2199 4795 2283 4849 li.
2318 4796 2453 4863 Quid
2480 4802 2604 4854 nti/ii
2632 4805 2899 4860 multitudo
2926 4813 3287 4881 sacriﬁciorum
3321 4831 3504 4873 cestro-

1933 4883 2080 4935 rum?
2107 4884 2228 4938 dicit
2247 4885 2510 4944 Dominus.
2535 4890 2724 4949 Plenus
2743 4913 2852 4950 sum
2871 4901 3174 4959 holocaustis
3197 4909 3429 4972 arietum.
3456 4923 3503 4966 et

1932 4973 2130 5041 adipem
2168 4993 2441 5047 agnorum,
2468 4986 2855 5056 sanguinemque
2888 5001 3146 5049 taurorum
3173 5008 3218 5052 et
3248 5000 3501 5054 hircorum

1932 5067 2067 5120 nolo.
2117 5068 2357 5126 Psalmns
2385 5074 2820 5149 quadragesimus
2848 5099 3020 5141 nonus
3050 5099 3192 5145 totus
3229 5092 3352 5147 huic
3387 5095 3504 5148 loco

1932 5159 2118 5214 similis
2141 5171 2244 5225 est,
2267 5164 2383 5220 aliis
2406 5169 2617 5237 quidem
2644 5175 2840 5241 verbis,
2870 5179 3055 5235 eadem
3078 5199 3205 5238 vero
3227 5196 3506 5242 contextus

1930 5252 2208 5305 sententia.
2262 5254 2369 5310 Illis
2413 5260 2554 5314 enim
2579 5302 2594 5326 ,
2634 5263 2906 5321 Advocabit
2945 5273 3120 5328 calum
3153 5275 3416 5330 desursum
3461 5290 3506 5332 et

1931 5349 2112 5393 terram
2137 5344 2414 5402 discernere
2439 5353 2683 5418 populum
2708 5372 2856 5410 suum
2884 5357 2904 5430 (
2926 5360 3070 5416 Psal.
3099 5365 3188 5419 49.
3211 5366 3245 5420 ι
3267 5366 3306 5435 ),
3334 5367 3506 5426 simile

1930 5440 2010 5483 est
2030 5429 2131 5486 hoc
2153 5434 2349 5490 dictum
2375 5456 2385 5490 :
2407 5440 2560 5507 Audi,
2585 5445 2780 5511 ctutum,
2811 5459 2858 5501 et
2880 5429 3085 5506 auribus
3109 5429 3325 5528 percipe,
3350 5467 3502 5529 terra,

1929 5522 2046 5589 quia
2073 5521 2319 5582 Donunus
2343 5529 2576 5596 loquutus
2599 5546 2707 5601 est;
2736 5548 2788 5594 et
2813 5551 3002 5597 caetera
3029 5521 3149 5598 cum
3175 5521 3256 5602 his
3280 5521 3507 5609 censen;

1932 5610 2085 5668 tinnt.
2120 5616 2575 5682 Quemadmodum
2607 5628 2748 5682 enim
2780 5631 2942 5686 David
2972 5633 3098 5688 dicit
3126 5652 3142 5688 :
3171 5637 3291 5694 Non
3329 5644 3380 5696 in
3420 5664 3503 5699 sa-

1929 5704 2130 5771 criﬁciis
2161 5710 2257 5762 tuis
2284 5728 2494 5780 arguam
2523 5728 2586 5778 te,
2619 5718 2906 5776 holocausta
2928 5733 3091 5776 autem
3115 5735 3199 5782 tua
3222 5731 3273 5783 in
3297 5750 3504 5804 conspe-

1931 5805 2014 5849 ctu
2044 5814 2152 5853 meo
2177 5810 2290 5854 sunt
2318 5819 2512 5875 semper
2546 5809 2564 5873 (
2588 5807 2722 5863 Ibid.
2770 5828 2817 5866 t'.
2865 5813 2936 5886 8)
2965 5830 2977 5866 :
3006 5813 3082 5869 sic
3111 5823 3165 5870 et
3198 5817 3360 5878 isaias
3382 5827 3454 5886 ait
3485 5842 3503 5886 δ
