4102 6306
565 319 630 374 19
1403 314 1458 370 S.
1490 313 1765 369 JOANNIS
1788 309 2255 387 CIIRYSOSTOMI
2282 313 2596 369 ARCHIEP.
2636 317 3165 398 CONSTANTINOP.
3765 331 3832 388 20

567 436 705 505 Quid
730 435 850 489 mihi
877 429 1146 487 multitudo
1169 430 1532 499 sacriﬁciorum
1557 428 1872 483 vestrorum?
1896 427 2017 479 dicit
2045 426 2147 479 Do-

565 532 749 583 minus.
782 531 855 583 Ae
882 538 1066 581 rursus
1098 524 1260 580 David
1289 524 1413 578 dicit
1442 542 1454 576 :
1487 521 1605 575 Non
1635 522 1880 589 accipiam
1910 522 1971 572 de
1998 520 2146 572 domo

568 634 654 674 tua
683 620 864 673 vitulos
885 660 898 683 ,
924 634 1078 686 neque
1109 618 1170 671 de
1198 619 1434 687 gregibus
1454 616 1551 667 tuis
1587 615 1752 689 hircos
1782 611 1945 679 (Ibid.
1971 627 2016 664 υ.
2048 612 2104 676 9)
2130 627 2143 676 ;

566 708 725 766 Isaias
753 720 881 764 vero
906 718 930 764 :‘
948 707 1257 762 Holocausta
1276 705 1497 759 arietum
1523 748 1537 769 ,
1569 715 1614 757 et
1640 706 1841 773 adipem
1867 719 2143 773 agnorum,

563 812 609 857 et
650 800 946 872 sanguinem
986 810 1245 853 taurorum
1283 809 1327 852 et
1368 800 1620 851 hircorum
1665 797 1801 849 nolo.
1851 795 1983 849 Nam
2022 796 2144 865 quia

561 895 796 949 acetisati
849 894 1180 962 frequenter,
1227 892 1381 958 quod
1413 894 1619 945 caneris
1665 890 1948 944 virtutibus
1994 890 2143 944 vacui

561 994 766 1052 essent,
793 1003 885 1055 pro
904 987 1130 1041 maxima
1156 984 1465 1040 defensione
1486 982 1743 1040 sacriﬁcia
1765 984 2140 1049 obtendebant,

557 1088 615 1134 ut
645 1094 761 1149 quae
790 1079 1093 1149 frequenter
1120 1078 1515 1150 persolvebant,
1548 1078 1737 1133 merito
1768 1088 1989 1150 uterque
2015 1094 2143 1149 pro-

557 1169 717 1239 pheta
744 1211 760 1236 ,
806 1171 912 1224 imo
958 1172 1129 1239 potius
1171 1171 1349 1225 creteri
1381 1184 1565 1224 omnes
1595 1170 1662 1225 ab
1693 1171 1793 1225 hac
1834 1170 2144 1226 defensione

560 1266 681 1320 illos
712 1265 1015 1320 exturbant.
1060 1262 1209 1321 Unde
1234 1266 1449 1336 planum
1480 1274 1563 1321 est
1592 1280 1653 1321 ea
1681 1281 1785 1319 non
1818 1281 1937 1321 esse
1964 1281 2057 1335 per
2084 1280 2144 1319 se

556 1356 830 1426 praecipue
855 1358 1160 1421 constituta,
1184 1357 1276 1411 sed
1308 1366 1363 1413 ut
1388 1357 1455 1411 ad
1476 1365 1678 1412 rectum
1702 1358 1823 1411 vitae
1846 1356 2139 1411 institutum

559 1458 893 1520 cmterasque
928 1449 1148 1505 virtutes
1176 1446 1298 1504 illos
1325 1451 1666 1505 deducerent.
1708 1449 1839 1519 Quia
1867 1466 1993 1505 vero
2022 1451 2097 1504 illi
2123 1492 2141 1517 ,

560 1542 772 1597 caneris
797 1560 913 1612 quae
945 1544 1244 1598 necessaria
1275 1553 1426 1599 erant
1454 1543 1727 1613 neglectis,
1759 1545 1840 1599 his
1869 1544 2143 1599 incumbe-

564 1627 708 1699 bant,
746 1650 806 1690 se
847 1635 933 1689 illa
976 1635 1189 1690 demum
1226 1648 1331 1690 non
1375 1636 1654 1691 admittere
1696 1637 1823 1691 dicit
1855 1637 2012 1692 Deus.
2051 1637 2138 1692 12.

564 1724 743 1798 Neque
764 1724 993 1781 veneritis
1021 1737 1076 1780 ut
1101 1729 1393 1797 apparentia
1420 1729 1563 1781 mihi.
1594 1727 1648 1783 Si
1676 1729 2029 1796 aceesseritis,
2060 1728 2141 1784 in-

561 1819 693 1887 quit,
727 1818 792 1872 ad
827 1818 1098 1888 templum.
1132 1816 1256 1884 Quis
1285 1821 1415 1873 enim
1442 1821 1666 1889 quwsivit
1694 1822 1800 1874 bwc
1826 1821 1888 1874 de
1913 1820 2141 1876 manibus

560 1910 775 1985 vestris?
800 1910 957 1965 Certe
984 1919 1124 1965 totus
1148 1911 1237 1965 ille
1265 1910 1403 1966 liber
1426 1912 1512 1981 qui
1542 1910 1807 1966 Leviticus
1833 1914 2046 1980 dicitur,
2073 1912 2144 1969 de

559 2000 945 2055 sacriﬁciorum
982 2002 1317 2057 accoratione
1349 2003 1491 2073 leges
1518 2002 1751 2057 exhibet.
1780 2004 1836 2057 In
1878 2006 2140 2060 Deutero-

560 2093 739 2167 nomio
776 2107 984 2162 quoque
1018 2103 1071 2146 et
1101 2092 1152 2145 in
1179 2091 1296 2146 aliis
1332 2093 1570 2162 plurimis
1599 2094 1727 2147 locis
1754 2095 1933 2149 multae
1960 2096 2026 2151 de
2052 2110 2140 2151 sa-

558 2180 773 2235 criﬁciis
805 2196 1009 2251 sparsre‘
1031 2192 1155 2236 sunt
1194 2183 1357 2252 leges.
1406 2182 1580 2250 Quare
1609 2184 1766 2253 igitur
1790 2184 1917 2239 dicit
1957 2206 1971 2239 :
2017 2185 2141 2251 Quis

557 2266 811 2342 requisivit
839 2274 945 2327 lucc
970 2274 1031 2326 de
1057 2273 1284 2328 manibus
1312 2262 1522 2328 vestris?
1560 2274 1629 2330 Ut
1656 2272 1829 2330 discas
1856 2276 2000 2330 illam
2035 2293 2138 2331 non

560 2358 721 2418 fuisse
741 2366 1059 2434 praecipuam
1085 2365 1175 2419 Dei
1193 2365 1536 2432 voluntatem,
1558 2374 1617 2421 ut
1637 2361 1762 2420 talia
1784 2369 2136 2435 sancirentur,

559 2442 653 2511 Sed
681 2457 748 2511 ab
783 2473 966 2511 eorum
1008 2457 1312 2513 inﬁrmitate
1350 2459 1556 2514 initium
1586 2459 1701 2513 illas
1730 2460 1874 2530 leges
1903 2460 2137 2516 duxisse.

558 2549 1014 2615 Quemadmodum
1055 2550 1199 2605 enim
1242 2550 1457 2605 nolebat
1494 2551 1769 2606 mulierem
1817 2551 1981 2607 semel
2028 2554 2141 2607 viro

559 2641 895 2711 conjunctam
913 2641 1202 2711 repudiari;
1221 2643 1463 2713 graviora
1486 2651 1661 2698 tamen
1684 2644 1819 2697 mala
1838 2643 2137 2710 succidens,

561 2736 628 2785 ne
658 2731 935 2801 repudiare
960 2733 1137 2794 vetiti,
1170 2733 1283 2787 illas
1309 2733 1503 2791 invisas
1534 2749 1726 2789 uxores
1744 2734 1894 2798 intus
1926 2733 2139 2805 jugula-

562 2831 716 2886 rent,
764 2823 937 2877 minus
977 2823 1173 2877 malum
1204 2824 1447 2895 permisit
1473 2842 1485 2877 :
1515 2824 1591 2879 sic
1614 2836 1668 2879 et
1694 2824 1833 2879 circa
1864 2840 1974 2880 rem
2004 2825 2141 2880 hanc

563 2904 685 2994 fecit
709 2957 721 2975 ,
771 2920 829 2969 ut
862 2916 1192 2971 (temonibus
1236 2917 1512 2972 immolare
1549 2917 1871 2987 prohiberet,
1912 2918 1962 2972 id
2001 2917 2141 2988 quod

562 3007 778 3060 minime
799 3006 1006 3062 volebat
1025 3008 1255 3076 admisit,
1281 3018 1337 3063 ut
1356 3010 1497 3080 quod
1518 3012 1728 3066 Volebat
1747 3022 2138 3081 assequeretur.

564 3099 676 3153 Hoc
702 3101 872 3171 ipsum
904 3118 1083 3157 rursus
1112 3104 1272 3157 Amos
1300 3103 1556 3173 propheta
1584 3104 1859 3159 declarans
1889 3104 2097 3160 diccbat
2125 3124 2140 3160 :

565 3189 705 3243 Nunt
738 3192 959 3246 victimas
980 3204 1026 3246 et
1062 3194 1250 3248 hostias
1278 3196 1523 3249 obtulistis
1547 3196 1671 3250 mihi
1694 3196 2027 3267 quadraginta
2052 3214 2144 3250 an-

563 3281 679 3336 nis?
718 3280 837 3335 dicit
866 3282 1110 3338 Dominus
1148 3285 1343 3354 (Amos
1378 3287 1429 3341 5.
1481 3276 1550 3342 95
1575 3287 1615 3357 ).
1652 3284 1909 3341 Jeremias
1933 3302 2143 3356 quoque

532 3372 637 3427 ~ait
671 3391 682 3426 :
717 3370 836 3428 Non
862 3383 977 3428 sunt
1006 3375 1111 3429 Izwc
1136 3392 1245 3444 qua:
1271 3377 1506 3431 mandavi
1533 3378 1758 3448 patribus
1795 3378 1968 3432 vestris
1995 3376 2140 3449 (Jer.

561 3458 614 3517 7.
646 3458 760 3534 ρει).

635 3554 688 3609 5.
729 3555 984 3624 Quoniam
1024 3557 1165 3610 enim
1203 3558 1474 3612 dat-mones
1516 3558 1616 3614 hoc
1653 3559 1776 3614 culti
1810 3570 1933 3612 sunt
1964 3559 2140 3624 modo,

568 3645 702 3715 ipse,
746 3664 812 3701 ne
838 3649 1098 3717 quaepiam
1132 3648 1255 3703 hinc
1295 3650 1674 3704 inﬁrmioribus
1706 3651 1956 3721 perniciei
1985 3666 2143 3705 occa-

563 3739 644 3793 sio
669 3741 916 3803 oriretur,
952 3742 1063 3795 haec
1086 3740 1389 3812 frequenter
1412 3758 1505 3811 per
1525 3742 1814 3813 prepbetas
1839 3758 2025 3796 (mines
2051 3744 2145 3798 de-

567 3832 791 3883 nuntiat.
827 3831 949 3885 Ihec
976 3847 1095 3885 cum
1140 3848 1241 3885 non
1270 3833 1542 3900 darentur,
1592 3834 1663 3887 illi
1713 3833 2139 3903 indignabantur,

565 3916 629 3972 ac
665 3919 967 3989 frequenter
1006 3922 1293 3991 instabant,
1336 3922 1574 3978 nidorem
1618 3933 1672 3979 et
1695 3923 1897 3979 fumum
1924 3924 2146 3995 exigen-

569 4018 669 4076 tes,
698 4010 1038 4081 dicentesque
1064 4030 1077 4066 :

873 4135 923 4174 Τὸ
944 4134 1185 4187 τὰρολάκομν
1206 4138 1309 4187 τίθει
1330 4138 1430 4186 ἠμῖς
1455 4125 1555 4191 (ιθ-ν
1702 4188 1727 4191 η

1487 4188 1722 4252 (ﬂamen)

569 4285 687 4360 Ipse
712 4274 840 4345 vero
872 4289 921 4346 id
968 4304 1137 4360 neque
1167 4292 1234 4347 ab
1274 4291 1425 4347 initio
1453 4293 1627 4363 petiit,
1657 4306 1710 4349 et
1736 4295 1945 4366 quando
1964 4297 2145 4365 jussit,

566 4382 799 4438 ostendit
820 4399 877 4437 se
908 4400 1010 4438 non
1044 4385 1294 4439 libentem
1318 4385 1433 4442 hinc
1463 4388 1811 4456 permittere;
1846 4404 2017 4459 neque
2044 4390 2145 4445 hoc

573 4482 777 4528 tantum
804 4473 925 4529 hinc
945 4485 1109 4544 patet,
1140 4476 1233 4531 sed
1263 4479 1421 4533 etiam
1448 4478 1569 4549 quia
1597 4480 1704 4534 cito
1732 4482 1915 4549 solvit,
1943 4493 1998 4537 et
2025 4485 2143 4552 quia

566 4558 688 4620 cum
714 4566 802 4619 illa
832 4568 1196 4635 persolverent
1226 4585 1328 4623 non
1371 4570 1624 4626 admisit:
1651 4582 1811 4643 atque
1846 4588 1952 4627 uno
1986 4574 2149 4629 verbo

571 4673 668 4726 per
705 4657 880 4711 omnia
926 4657 1595 4730 signiﬁcavit,.hujusmodi
1642 4664 1846 4719 cultum
1894 4674 1949 4729 et
1988 4664 2148 4720 ritum

572 4748 850 4819 majestate
874 4766 967 4804 sua
997 4752 1153 4822 longe
1191 4752 1462 4822 indignum
1493 4769 1631 4808 esse.
1677 4754 1787 4809 lloe
1814 4755 1991 4823 itaque
2030 4756 2145 4811 ait:

572 4842 794 4912 Propter
823 4858 916 4897 vos
949 4843 1064 4898 ιιωο
1085 4843 1324 4910 toleravi,
1359 4860 1533 4914 neque
1560 4846 1641 4899 bis
1667 4862 1800 4915 Opus
1823 4846 2001 4900 habui.
2031 4846 2149 4902 Cal-

566 4953 685 4991 care
724 4937 908 4989 atrium
947 4954 1113 4990 meum
1157 4954 1259 4991 non
1312 4940 1595 5008 apponetis.
1643 4939 1748 4994 Aut
1792 4941 2148 5009 captivitatem

570 5031 835 5100 pra-dicit,
871 5041 963 5085 aut
998 5031 1157 5085 etiam
1188 5031 1290 5086 hoc
1329 5040 1491 5094 vetat,
1532 5034 1652 5102 quia
1694 5048 1799 5087 non
1839 5048 1959 5087 cum
2004 5044 2151 5089 recto

567 5124 752 5179 animo
791 5122 1246 5193 ingrediebantur.
1289 5124 1377 5177 15.
1410 5124 1470 5177 Si
1498 5123 1721 5190 offeratis
1748 5127 1873 5179 mihi
1908 5127 2148 5195 similam,

568 5229 774 5269 bonum.
806 5210 1169 5269 Mandatorum
1212 5215 1354 5270 enim
1398 5215 1502 5268 alia
1534 5226 1751 5286 propter
1789 5232 1848 5273 se
1880 5218 2014 5288 ipsa,
2045 5220 2148 5274 alia

564 5309 730 5375 aliam
771 5307 842 5363 ob
872 5322 1085 5361 causam
1130 5307 1622 5373 constituebantur;
1667 5318 1725 5363 ut
1754 5310 1922 5365 Deum
1966 5327 2145 5379 nosse,

575 5417 679 5455 non
723 5399 990 5464 occidere,
1042 5414 1147 5453 non
1194 5398 1473 5467 moechari,
1517 5408 1569 5455 et
1612 5415 1960 5471 quaecumque
2002 5403 2147 5468 talia,

631 5512 703 5573 (α)
732 5512 1013 5579 uuncenim
1042 5511 1265 5579 notiorem
1285 5526 1369 5562 nos
1390 5513 1544 5579 sortiti
1562 5527 1740 5565 smnus.
1766 5523 1862 5565 Hoc
1882 5518 1953 5565 ait
1970 5521 2153 5579 Jupiter

575 5572 1100 5639 umnnemﬂalloquens,
1126 5574 1259 5639 Iliad.
1294 5576 1451 5639 ~49,
1486 5578 1700 5637 itemQUe
1733 5580 1915 5639 Jupiter
1951 5572 2152 5629 deortun

570 5644 746 5682 (ποιητῇ
770 5636 1039 5698 alloquens.
1072 5638 1202 5685 lliavl'.
1230 5653 1274 5692 Ω,
1307 5637 1385 5694 70,
1405 5653 1512 5685 cum
1535 5640 1597 5685 de
1619 5636 1917 5688 restituendo
1936 5645 2154 5691 Hectoris

570 5702 808 5745 cadavere
852 5707 1101 5765 agereutr.
1127 5707 1225 5765 Itoc
1246 5700 1549 5765 institistieltio
1571 5706 1720 5751 utitur
1742 5703 1854 5750 alibi
1880 5702 2153 5765 Chrysosto-

566 5770 694 5819 tntis,
720 5766 774 5810 ut
792 5770 933 5821 supra
952 5795 965 5820 ,
996 5763 1045 5809 in
1069 5761 1248 5810 t‘salmo
1272 5761 1349 5810 49.

2256 438 2474 497 propter
2502 431 2781 486 utilitatem
2829 434 2951 491 inde
2989 430 3387 505 provenientem
3427 439 3826 510 sanciebantur;

2255 520 2557 576 sacriﬁcare
2600 533 2797 590 autem,
2833 526 3109 581 incensum
3138 528 3354 596 offerre,
3402 531 3683 586 sabbatum
3722 512 3827 589 set:-

2254 628 2399 678 vare,
2432 621 2485 667 et
2529 614 2718 669 similia
2749 633 2980 683 rursum,
3011 635 3116 673 non
3144 631 3201 674 ut
3224 620 3339 676 hazc
3368 623 3555 678 ﬁerent
3581 626 3828 695 simplici-

2252 711 2354 769 ter,
2404 707 2494 758 sed
2535 715 2592 759 ut
2635 722 2701 761 ex
2748 724 2932 762 eorum
2978 711 3233 766 exercitio
3278 728 3309 767 a
3346 712 3648 770 diemonum
3688 718 3827 771 cultu

2250 794 2665 851 abducerentur.
2701 797 2839 865 Quia
2863 801 3021 871 igitur
3050 803 3162 856 haec
3187 800 3398 873 quidem
3431 806 3825 875 persolvebant,

2249 886 2343 941 sed
2381 888 2581 943 nullam
2621 886 2744 945 inde
2789 891 3065 947 utilitatem
3095 894 3479 964 pereipiebant,
3516 897 3610 952 sed
3655 897 3827 954 adhuc

2248 979 2577 1035 daemonibus
2617 981 2813 1037 addicti
2855 993 3025 1053 erant,
3051 985 3172 1056 iure
3208 985 3323 1042 haec
3351 1003 3564 1059 quoque
3609 989 3828 1059 ejiciun-

2250 1083 2335 1130 tur
2365 1091 2377 1128 :
2409 1074 2837 1147 quandoquidem
2860 1078 3050 1133 merito
3077 1080 3196 1150 quis
3221 1081 3467 1136 arborem
3496 1082 3725 1142 excidat.
3751 1082 3827 1136 lo-

2246 1165 2332 1220 liis
2362 1174 2415 1222 et
2448 1168 2611 1223 ramis
2639 1179 2902 1233 ornatam,
2939 1170 3033 1225 sed
3058 1169 3233 1225 fructu
3260 1187 3502 1227 vacuam.
3530 1172 3664 1228 Nam
3687 1174 3827 1229 colo-

2247 1272 2347 1310 nus
2402 1273 2616 1314 omnem
2672 1275 2853 1315 curam
2903 1262 3042 1317 circa
3105 1264 3352 1319 arborem
3399 1263 3657 1329 adhibet,
3722 1281 3823 1320 non

2246 1353 2459 1406 corticis
2494 1361 2586 1407 aut
2626 1354 2798 1409 trunci
2841 1370 3025 1418 causa,
3060 1355 3154 1409 sed
3185 1364 3242 1410 ut
3281 1355 3510 1411 fructum
3551 1356 3823 1426 decerpat.

2245 1442 2517 1498 lncensum
2540 1444 2845 1500 abominatio
2866 1449 2988 1501 mihi
3018 1456 3108 1501 est.
3144 1446 3331 1502 Viden‘
3354 1464 3475 1502 eum
3504 1463 3613 1503 non
3641 1448 3708 1504 de
3735 1463 3825 1503 na-

2245 1542 2363 1589 tura
2402 1549 2586 1590 eorum
2614 1552 2732 1606 quae
2772 1536 2874 1592 sibi
2904 1536 3267 1593 offerebantur
3290 1538 3529 1607 gavisum
3560 1555 3704 1605 esse,
3733 1540 3820 1595 sed

2244 1625 2579 1681 oll’erentium
2629 1637 2861 1683 mentem
2916 1630 3311 1699 exploravisse?
3358 1630 3480 1685 ldeo
3527 1629 3733 1686 fumum
3774 1640 3826 1687 et

2245 1719 2485 1775 nidorem
2511 1735 2577 1775 ex
2620 1719 2880 1776 sacriﬁcio
2909 1721 3021 1776 Noe
3064 1730 3367 1793 surgentem
3397 1720 3619 1777 odorem
3649 1724 3823 1777 suavi.

2243 1815 2368 1869 tatis
2396 1814 2624 1880 vocavit,
2651 1814 2925 1869 incensum
2953 1829 3083 1870 vero
3119 1815 3566 1870 abominationem
3596 1813 3750 1885 (Gen.
3768 1815 3819 1873 8.

2245 1897 2360 1975 21).
2408 1904 2563 1971 Nam,
2592 1914 2650 1959 ut
2688 1904 2964 1971 dicebam,
2987 1921 3091 1960 non
3132 1915 3375 1961 naturam
3402 1905 3691 1974 donorum,
3730 1908 3822 1963 sed

2243 1996 2487 2052 affectum
2514 1997 2849 2053 offerentium
2886 1999 3129 2067 requirit.
3175 2000 3261 2054 14.
3286 1998 3599 2054 Νεοηιεηὶαδ
3640 2011 3822 2054 vestras

2250 2099 2296 2143 et
2325 2089 2551 2143 sabbata.
2599 2088 2996 2144 Observandum
3027 2099 3111 2146 est
3146 2105 3266 2147 eum
3297 2091 3430 2145 nihil
3474 2106 3663 2146 eorum
3707 2109 3821 2163 qua:

2243 2181 2542 2233 necessaria
2564 2188 2686 2234 sunt
2708 2179 3020 2247 excludere,
3049 2179 3142 2235 sed
3163 2182 3298 2246 huic,
3330 2197 3449 2251 qua:
3476 2182 3640 2237 etiam
3669 2183 3819 2236 Chri-

2242 2280 2357 2325 stus
2389 2269 2677 2327 adveniens
2719 2271 3010 2342 abrogavit.
3046 2273 3402 2340 Quamobrem
3434 2274 3629 2330 Paulus
3659 2275 3820 2329 vehe-

2243 2365 2504 2419 mentiore
2543 2378 2671 2419 usus
2698 2379 2971 2433 sermone,
3010 2381 3129 2420 cum
3169 2375 3354 2421 contra
3380 2366 3594 2422 Judaaos
3618 2383 3818 2438 pugna-

2244 2464 2349 2523 ret,
2378 2472 2485 2510 non
2516 2455 2632 2511 haec
2651 2456 2843 2523 solum,
2878 2456 2970 2511 sed
2996 2466 3049 2511 et
3074 2458 3178 2511 alia
3209 2457 3291 2513 his
3316 2458 3543 2528 plurima
3569 2457 3817 2523 efferens,

2242 2562 2355 2613 eos,
2396 2549 2484 2619 qui
2525 2548 2655 2602 nihil
2695 2565 2760 2604 ex
2792 2564 2851 2604 se
2878 2548 3133 2621 (virtutis)
3158 2549 3495 2618 exhiberem,
3529 2549 3662 2603 nihil
3691 2548 3813 2604 inde

2244 2638 2381 2693 lucri
2424 2636 2628 2694 referre
2666 2639 2821 2703 dixit,
2853 2640 2934 2694 his
2958 2639 3135 2694 verbis
3165 2658 3179 2693 :
3209 2639 3270 2695 Si
3309 2649 3477 2693 autem
3519 2649 3572 2692 tu
3608 2638 3819 2694 Judtcus

2243 2729 2634 2800 cognominaris,
2672 2740 2720 2782 et
2745 2730 3010 2800 requiescis
3036 2731 3089 2783 in
3106 2780 3109 2781 ,
3126 2730 3256 2801 lege,
3282 2741 3328 2783 et
3356 2730 3592 2800 gloriaris
3612 2731 3667 2783 in
3692 2729 3814 2792 Deo,

2244 2833 2289 2875 et
2317 2823 2448 2876 nosti
2474 2822 2778 2877 voluntatem
2818 2823 2945 2892 ejus,
2980 2832 3025 2876 et
3055 2823 3239 2893 probas
3280 2824 3506 2888 utiliora,
3552 2823 3820 2876 instructus

2245 2932 2333 2981 per
2362 2916 2520 2985 legem
2548 2915 2722 2986 (Rom.
2766 2916 2821 2969 2.
2862 2917 2949 2970 17.
2994 2916 3103 2986 18).
3148 2916 3215 2970 Ει
3244 2932 3466 2972 rursus:
3500 2916 3820 2970 Circumcisio

2243 3007 2443 3077 quidem
2463 3006 2686 3079 prodest,
2718 3008 2763 3061 si
2792 3007 2948 3077 legem
2978 3007 3233 3071 observes;
3263 3008 3308 3061 si
3331 3017 3496 3060 autem
3526 3009 3822 3074 praevarica-

2246 3107 2324 3151 tor
2338 3099 2429 3165 sis,
2447 3098 2759 3152 circumcisio
2778 3108 2862 3153 tua
2876 3099 3176 3169 pratputium
3207 3103 3342 3169 [acta
3366 3109 3439 3154 est
3461 3098 3508 3168 (l
3518 3098 3620 3151 bid.
3642 3116 3689 3153 v.
3708 3096 3818 3168 25).

2246 3186 2355 3243 Nec
2380 3189 2647 3258 quidpiam
2678 3189 2881 3243 fructus
2907 3205 3000 3244 eos
3031 3190 3156 3244 inde
3198 3190 3469 3259 percipere
3497 3190 3649 3255 dixit,
3684 3190 3820 3260 quod

2246 3279 2333 3334 lex
2361 3280 2439 3334 eis
2465 3280 2769 3334 concredita
2794 3279 2880 3346 sit,
2911 3281 3033 3349 quia
3062 3296 3168 3335 non
3203 3281 3543 3337 crediderunt
3566 3301 3581 3337 :
3606 3282 3658 3335 id
3685 3282 3821 3354 quod

2246 3373 2351 3427 alio
2403 3373 2563 3428 modo
2622 3373 2786 3428 David
2840 3373 3183 3428 subindicans
3247 3374 3457 3429 dicebat
3505 3392 3518 3426 :
3565 3373 3823 3429 Peccatori

2247 3472 2413 3517 autent
2456 3464 2584 3517 dixit
2634 3464 2770 3519 Deus
2807 3465 3023 3531 :Quare
3073 3474 3127 3519 tu
3169 3482 3376 3519 enarras
3414 3466 3647 3536 justitias
3692 3483 3823 3519 meas

2248 3554 2422 3622 (Psal.
2455 3556 2545 3612 49.
2592 3556 2720 3627 16)ἳ
2754 3559 2886 3623 Qma
2927 3559 3067 3613 enim
3104 3558 3171 3611 de
3212 3558 3391 3612 audita
3431 3557 3660 3613 lectione
3699 3558 3824 3627 legis

2247 3664 2407 3718 supra
2435 3649 2649 3702 modum
2680 3650 2785 3703 alte
2814 3650 3114 3704 sentiebant
3142 3665 3259 3703 eum
3287 3650 3536 3719 operibus
3564 3652 3714 3704 vacui
3741 3664 3823 3703 es-

2250 3750 2390 3804 sent,
2420 3755 2486 3794 ex
2521 3739 2621 3793 hac
2654 3739 2907 3809 jactantia
2949 3742 3107 3794 etiam
3137 3741 3332 3795 Paulus
3375 3741 3493 3795 illos
3524 3740 3822 3795 deturbavit

2249 3830 2433 3885 dicens
2463 3847 2476 3884 :
2509 3831 2606 3895 Qui
2632 3848 2750 3902 ergo
2773 3833 2927 3885 alium
2952 3833 3121 3899 doces,
3154 3833 3368 3902 teipsum
3395 3850 3494 3887 non
3524 3834 3714 3886 doces?
3737 3835 3819 3902 qui

2252 3924 2496 3993 pradicas
2539 3940 2639 3977 non
2678 3924 2987 3995 furandum,
3030 3926 3218 3993 iuraris
3265 3924 3441 3995 (Rom.
3487 3925 3543 3979 2.
3587 3923 3720 3989 9.1)?
3762 3925 3824 3978 Et

2250 4013 2413 4069 David
2458 4014 2702 4069 similiter
2748 4014 2971 4069 dicens:
3007 4013 3068 4069 Si
3118 4014 3319 4069 videbas
3366 4020 3550 4088 furem,
3595 4016 3826 4069 currebas

2250 4124 2364 4161 cum
2414 4124 2500 4170 eo,
2545 4117 2601 4161 et
2643 4122 2757 4160 cum
2800 4106 3043 4159 adulteris
3087 4108 3368 4175 portionem
3414 4117 3553 4160 tuam
3606 4106 3821 4176 ponebas

2251 4196 2427 4267 (Psal.
2453 4198 2541 4253 49.
2570 4195 2680 4269 18).
2719 4195 2787 4249 Ει
2814 4196 2946 4249 diem
2975 4196 3211 4267 magnum
3244 4214 3342 4250 non
3369 4196 3599 4251 admitto.
3632 4199 3825 4266 [fenic-

2250 4298 2432 4343 eosten
2464 4289 2612 4355 dicit,
2645 4288 3051 4358 Sccnopegiam,
3086 4288 3308 4355 Pascha,
3340 4299 3395 4344 et
3424 4290 3654 4359 reliquas
3680 4290 3825 4346 cele-

2252 4382 2493 4435 britates.
2520 4380 2786 4452 Jejunium
2812 4391 2857 4435 et
2886 4382 3191 4435 vacationem
3218 4382 3280 4435 ab
3307 4398 3473 4453 opere,
3508 4391 3556 4436 et
3582 4383 3826 4451 festivita—

2256 4483 2325 4527 tes
2348 4484 2535 4527 vestras
2565 4475 2669 4527 odit
2699 4474 2868 4527 anima
2908 4490 3036 4527 mea.
3067 4474 3315 4529 Humano
3346 4490 3495 4529 more
3525 4474 3671 4543 ipsos
3696 4474 3828 4528 allo-

2254 4564 2454 4634 quitur.
2497 4548 2659 4617 Facti.
2676 4565 2790 4617 estis
2834 4562 2957 4617 mihi
2986 4564 3053 4616 ad
3088 4565 3365 4617 satietatem
3387 4580 3406 4617 :
3432 4563 3500 4619 ad
3540 4564 3827 4628 fastidium,

2254 4655 2321 4710 ad
2358 4655 2559 4709 odium.
2604 4655 2661 4709 Id
2701 4655 2817 4725 ejus
2860 4655 3178 4709 ineﬁabilem
3222 4655 3533 4725 patientiam
3574 4654 3824 4719 ostendit,

2255 4749 2394 4820 quod
2442 4763 2586 4819 saape
2636 4758 2921 4819 peccantes
2966 4749 3168 4816 tulerit,
3210 4764 3310 4805 nec
3351 4750 3498 4819 prius
3542 4748 3828 4804 vindictam

2256 4841 2562 4910 sumpserit,
2596 4858 2753 4911 quatn
2790 4842 3038 4911 nequitiae
3078 4841 3441 4912 magnitudine
3467 4843 3637 4912 ipsum
3663 4842 3831 4897 scele-

2257 4935 2321 4989 sti
2349 4934 2640 4988 evocarint.
2672 4933 2792 4987 Non
2821 4933 2955 4987 ultra
2991 4934 3243 4988 remittam
3266 4944 3473 5001 peccata
3500 4944 3681 4989 vestra.
3714 4934 3830 4989 Non

2258 5026 2393 5079 ultra
2421 5022 2610 5094 patiar.
2640 5023 2870 5094 ldipsum
2905 5034 2983 5080 est
3012 5029 3063 5079 id
3089 5025 3229 5095 quod
3258 5027 3335 5080 ait
3362 5025 3527 5080 David
3555 5044 3569 5080 :
3600 5024 3725 5079 ch
3751 5028 3830 5096 fe-

2256 5116 2388 5179 cisti,
2409 5124 2453 5168 et
2481 5114 2806 5185 tacui-(Psal.
2829 5117 2919 5170 49.
2944 5116 3061 5183 21).

2330 5205 2504 5259 Oratio
2524 5206 2715 5260 inutilis
2743 5214 2814 5260 est
2837 5222 2959 5259 cum.
2972 5208 3085 5275 quis
3106 5218 3381 5276 perseverat
3401 5207 3454 5261 in
3480 5208 3717 5277 peccatis.
3747 5231 3819 5246 --

2257 5296 2292 5352 5
2306 5337 2315 5348 .
2328 5296 2453 5351 Cum
2477 5297 2793 5352 extenderitis
2813 5315 2992 5352 manus
3008 5310 3196 5354 vestras
3212 5299 3279 5352 ad
3303 5316 3398 5363 me,
3421 5310 3643 5353 avertam
3659 5306 3837 5354 oculos

2258 5405 2391 5442 meos
2416 5405 2450 5441 a
2482 5389 2617 5443 vobis
2641 5404 2660 5442 :
2688 5399 2734 5443 et
2761 5390 2804 5443 si
2820 5391 3265 5461 multiplicaveritis
3289 5392 3710 5459 deprecationem,
3733 5404 3843 5443 non

2257 5479 2547 5533 exaudiam.
2588 5479 2715 5535 Inde
2756 5480 2921 5550 liquet
2949 5481 3146 5535 nullam
3177 5495 3297 5535 esse
3334 5480 3589 5535 orationis
3637 5480 3833 5533 utilitav

2261 5582 2366 5627 tem
2386 5614 2402 5638 ,
2450 5573 2835 5643 quantumlibet
2856 5575 3007 5645 longa
3035 5574 3104 5628 sit
3149 5574 3360 5645 quando
3384 5574 3431 5630 is
3454 5574 3543 5644 qui
3570 5583 3832 5643 precatur,

2262 5666 2312 5718 in
2358 5668 2589 5736 peccatis
2619 5678 2939 5736 perseverat.
2970 5668 3109 5722 Nihil
3156 5669 3297 5723 enim
3354 5669 3531 5723 virtuti
3570 5684 3663 5736 par
3710 5677 3832 5735 est,

2262 5772 2467 5812 necnon
2517 5758 2630 5814 voci
2682 5775 2798 5831 qum
2851 5775 2944 5829 per
2991 5775 3150 5830 opera
3199 5760 3591 5830 comprobatur.
3634 5758 3830 5813 Manus
