  <div class='ocr_page' id='page_1' title='image "/cluster/home/n/w/nwhite01/storage/ocr_20150623/56/mdp.39015028574351/026.png"; bbox 0 0 4102 6306; ppageno 0'>
   <div class='ocr_carea' id='block_1_1' title="bbox 322 273 1899 351">
    <p class='ocr_par' dir='ltr' id='par_1_1' title="bbox 322 274 1899 351">
     <span class='ocr_line' id='line_1_1' title="bbox 322 274 1899 351; baseline -0.013 0"><span class='ocrx_word' id='word_1_1' title='bbox 322 294 369 351; x_wconf 66' lang='lat' dir='ltr'><strong>Il</strong></span> <span class='ocrx_word' id='word_1_2' title='bbox 1589 275 1656 334; x_wconf 72' lang='grc' dir='ltr'><strong>ΙΝ</strong></span> <span class='ocrx_word' id='word_1_3' title='bbox 1694 274 1899 332; x_wconf 77' lang='lat' dir='ltr'><strong>lSAIAI</strong></span> 
     </span>
    </p>
   </div>
   <div class='ocr_carea' id='block_1_2' title="bbox 2004 273 3564 351">
    <p class='ocr_par' dir='ltr' id='par_1_2' title="bbox 2004 274 3564 339">
     <span class='ocr_line' id='line_1_2' title="bbox 2004 274 3564 339; baseline 0.006 -10"><span class='ocrx_word' id='word_1_4' title='bbox 2004 274 2066 330; x_wconf 63' lang='grc' dir='ltr'><strong>ΞΛ</strong></span> <span class='ocrx_word' id='word_1_5' title='bbox 2076 274 2134 329; x_wconf 83' lang='lat' dir='ltr'><strong>P.</strong></span> <span class='ocrx_word' id='word_1_6' title='bbox 2176 274 2218 331; x_wconf 87' lang='grc' dir='ltr'><strong>Ι.</strong></span> <span class='ocrx_word' id='word_1_7' title='bbox 3492 283 3564 339; x_wconf 67' lang='grc'><strong>22</strong></span> 
     </span>
    </p>
   </div>
   <div class='ocr_carea' id='block_1_3' title="bbox 324 391 1878 479">
    <p class='ocr_par' dir='ltr' id='par_1_3' title="bbox 324 391 1878 479">
     <span class='ocr_line' id='line_1_3' title="bbox 324 391 1878 479; baseline -0.011 -16"><span class='ocrx_word' id='word_1_8' title='bbox 324 412 427 463; x_wconf 82' lang='lat' dir='ltr'><strong>enim</strong></span> <span class='ocrx_word' id='word_1_9' title='bbox 443 416 624 463; x_wconf 70' lang='lat' dir='ltr'><strong>cestu!</strong></span> <span class='ocrx_word' id='word_1_10' title='bbox 639 405 894 479; x_wconf 74' lang='lat' dir='ltr'><strong>sanguine</strong></span> <span class='ocrx_word' id='word_1_11' title='bbox 915 404 1076 477; x_wconf 70' lang='lat' dir='ltr'><strong>plenae</strong></span> <span class='ocrx_word' id='word_1_12' title='bbox 1098 409 1214 457; x_wconf 73' lang='lat' dir='ltr'><strong>sunt</strong></span> <span class='ocrx_word' id='word_1_13' title='bbox 1236 417 1255 455; x_wconf 93' lang='lat'><strong><em>:</em></strong></span> <span class='ocrx_word' id='word_1_14' title='bbox 1286 399 1383 454; x_wconf 78' lang='lat' dir='ltr'><strong>line</strong></span> <span class='ocrx_word' id='word_1_15' title='bbox 1411 405 1493 454; x_wconf 87' lang='lat' dir='ltr'><strong>est</strong></span> <span class='ocrx_word' id='word_1_16' title='bbox 1510 439 1525 463; x_wconf 89' lang='lat'><strong>,</strong></span> <span class='ocrx_word' id='word_1_17' title='bbox 1553 391 1832 450; x_wconf 69' lang='lat' dir='ltr'><strong>homicidae</strong></span> <span class='ocrx_word' id='word_1_18' title='bbox 1860 408 1878 447; x_wconf 86' lang='lat'><strong>:</strong></span> 
     </span>
    </p>
   </div>
   <div class='ocr_carea' id='block_1_4' title="bbox 321 482 1882 562">
    <p class='ocr_par' dir='ltr' id='par_1_4' title="bbox 321 482 1882 562">
     <span class='ocr_line' id='line_1_4' title="bbox 321 482 1882 562; baseline -0.012 -8"><span class='ocrx_word' id='word_1_19' title='bbox 321 510 364 554; x_wconf 81' lang='lat' dir='ltr'><strong>at</strong></span> <span class='ocrx_word' id='word_1_20' title='bbox 387 515 481 554; x_wconf 89' lang='lat' dir='ltr'><strong>non</strong></span> <span class='ocrx_word' id='word_1_21' title='bbox 510 498 687 562; x_wconf 77' lang='lat' dir='ltr'><strong>dixit,</strong></span> <span class='ocrx_word' id='word_1_22' title='bbox 720 496 1034 561; x_wconf 72' lang='lat' dir='ltr'><strong>llomicidze,</strong></span> <span class='ocrx_word' id='word_1_23' title='bbox 1066 493 1191 559; x_wconf 86' lang='lat' dir='ltr'><strong>sed,</strong></span> <span class='ocrx_word' id='word_1_24' title='bbox 1227 492 1399 546; x_wconf 80' lang='lat' dir='ltr'><strong>Pteme</strong></span> <span class='ocrx_word' id='word_1_25' title='bbox 1433 487 1711 559; x_wconf 81' lang='lat' dir='ltr'><strong>sanguine,</strong></span> <span class='ocrx_word' id='word_1_26' title='bbox 1742 482 1882 537; x_wconf 89' lang='lat' dir='ltr'><strong>ludi-</strong></span> 
     </span>
    </p>
   </div>
   <div class='ocr_carea' id='block_1_5' title="bbox 321 574 1884 657">
    <p class='ocr_par' dir='ltr' id='par_1_5' title="bbox 321 574 1884 657">
     <span class='ocr_line' id='line_1_5' title="bbox 321 574 1884 657; baseline -0.011 -13"><span class='ocrx_word' id='word_1_27' title='bbox 321 602 426 644; x_wconf 81' lang='lat' dir='ltr'><strong>caus</strong></span> <span class='ocrx_word' id='word_1_28' title='bbox 450 589 571 643; x_wconf 86' lang='lat' dir='ltr'><strong>illos</strong></span> <span class='ocrx_word' id='word_1_29' title='bbox 598 588 858 643; x_wconf 89' lang='lat' dir='ltr'><strong>meditate</strong></span> <span class='ocrx_word' id='word_1_30' title='bbox 885 586 1113 657; x_wconf 75' lang='lat' dir='ltr'><strong>peccatis</strong></span> <span class='ocrx_word' id='word_1_31' title='bbox 1134 585 1372 640; x_wconf 87' lang='lat' dir='ltr'><strong>addictos</strong></span> <span class='ocrx_word' id='word_1_32' title='bbox 1402 580 1583 643; x_wconf 80' lang='lat' dir='ltr'><strong>fuisse,</strong></span> <span class='ocrx_word' id='word_1_33' title='bbox 1611 585 1666 633; x_wconf 92' lang='lat' dir='ltr'><strong>et</strong></span> <span class='ocrx_word' id='word_1_34' title='bbox 1690 574 1884 644; x_wconf 89' lang='lat' dir='ltr'><strong>ubique</strong></span> 
     </span>
    </p>
   </div>
   <div class='ocr_carea' id='block_1_6' title="bbox 321 682 808 738">
    <p class='ocr_par' dir='ltr' id='par_1_6' title="bbox 321 682 808 738">
     <span class='ocr_line' id='line_1_6' title="bbox 321 682 808 738; baseline -0.006 0"><span class='ocrx_word' id='word_1_35' title='bbox 321 699 421 738; x_wconf 88' lang='lat' dir='ltr'><strong>cum</strong></span> <span class='ocrx_word' id='word_1_36' title='bbox 443 682 808 737; x_wconf 74' lang='lat' dir='ltr'><strong>vehementia.</strong></span> 
     </span>
    </p>
   </div>
   <div class='ocr_carea' id='block_1_7' title="bbox 379 760 1885 844">
    <p class='ocr_par' dir='ltr' id='par_1_7' title="bbox 379 760 1885 844">
     <span class='ocr_line' id='line_1_7' title="bbox 379 760 1885 844; baseline -0.009 -16"><span class='ocrx_word' id='word_1_37' title='bbox 379 774 427 829; x_wconf 79' lang='lat'><strong>6.</strong></span> <span class='ocrx_word' id='word_1_38' title='bbox 452 775 654 844; x_wconf 83' lang='lat' dir='ltr'><strong>Estque</strong></span> <span class='ocrx_word' id='word_1_39' title='bbox 676 771 810 827; x_wconf 85' lang='lat' dir='ltr'><strong>illud</strong></span> <span class='ocrx_word' id='word_1_40' title='bbox 838 766 1255 825; x_wconf 82' lang='lat' dir='ltr'><strong>mansuetudinis</strong></span> <span class='ocrx_word' id='word_1_41' title='bbox 1297 764 1411 835; x_wconf 80' lang='lat' dir='ltr'><strong>ejus</strong></span> <span class='ocrx_word' id='word_1_42' title='bbox 1440 762 1712 825; x_wconf 86' lang='lat' dir='ltr'><strong>indicium,</strong></span> <span class='ocrx_word' id='word_1_43' title='bbox 1743 760 1885 831; x_wconf 90' lang='lat' dir='ltr'><strong>quod</strong></span> 
     </span>
    </p>
   </div>
   <div class='ocr_carea' id='block_1_8' title="bbox 321 852 1890 928">
    <p class='ocr_par' dir='ltr' id='par_1_8' title="bbox 321 852 1890 928">
     <span class='ocr_line' id='line_1_8' title="bbox 321 852 1890 928; baseline -0.008 -10"><span class='ocrx_word' id='word_1_44' title='bbox 321 882 423 919; x_wconf 82' lang='lat' dir='ltr'><strong>cunt</strong></span> <span class='ocrx_word' id='word_1_45' title='bbox 449 864 828 928; x_wconf 73' lang='lat' dir='ltr'><strong>comminatur,</strong></span> <span class='ocrx_word' id='word_1_46' title='bbox 858 862 1115 915; x_wconf 90' lang='lat' dir='ltr'><strong>rationem</strong></span> <span class='ocrx_word' id='word_1_47' title='bbox 1149 857 1352 913; x_wconf 62' lang='lat' dir='ltr'><strong>adernt.</strong></span> <span class='ocrx_word' id='word_1_48' title='bbox 1398 855 1597 910; x_wconf 76' lang='lat' dir='ltr'><strong>Causas</strong></span> <span class='ocrx_word' id='word_1_49' title='bbox 1632 853 1773 908; x_wconf 89' lang='lat' dir='ltr'><strong>enim</strong></span> <span class='ocrx_word' id='word_1_50' title='bbox 1794 852 1890 907; x_wconf 88' lang='lat' dir='ltr'><strong>ad-</strong></span> 
     </span>
    </p>
   </div>
   <div class='ocr_carea' id='block_1_9' title="bbox 318 944 1889 1023">
    <p class='ocr_par' dir='ltr' id='par_1_9' title="bbox 318 944 1889 1023">
     <span class='ocr_line' id='line_1_9' title="bbox 318 944 1889 1023; baseline -0.01 -12"><span class='ocrx_word' id='word_1_51' title='bbox 318 956 402 1023; x_wconf 87' lang='lat' dir='ltr'><strong>dit,</strong></span> <span class='ocrx_word' id='word_1_52' title='bbox 432 972 527 1011; x_wconf 89' lang='lat' dir='ltr'><strong>cur</strong></span> <span class='ocrx_word' id='word_1_53' title='bbox 550 971 656 1009; x_wconf 92' lang='lat' dir='ltr'><strong>non</strong></span> <span class='ocrx_word' id='word_1_54' title='bbox 686 954 932 1008; x_wconf 81' lang='lat' dir='ltr'><strong>admittat</strong></span> <span class='ocrx_word' id='word_1_55' title='bbox 956 950 1267 1005; x_wconf 90' lang='lat' dir='ltr'><strong>orationem.</strong></span> <span class='ocrx_word' id='word_1_56' title='bbox 1290 948 1374 1003; x_wconf 85' lang='grc'><strong>16.</strong></span> <span class='ocrx_word' id='word_1_57' title='bbox 1405 946 1687 1012; x_wconf 77' lang='lat' dir='ltr'><strong>Lavamini,</strong></span> <span class='ocrx_word' id='word_1_58' title='bbox 1712 944 1889 997; x_wconf 86' lang='lat' dir='ltr'><strong>mundi</strong></span> 
     </span>
    </p>
   </div>
   <div class='ocr_carea' id='block_1_10' title="bbox 317 1040 1890 1111">
    <p class='ocr_par' dir='ltr' id='par_1_10' title="bbox 317 1040 1890 1111">
     <span class='ocr_line' id='line_1_10' title="bbox 317 1040 1890 1111; baseline -0.01 -7"><span class='ocrx_word' id='word_1_59' title='bbox 317 1060 474 1105; x_wconf 79' lang='lat' dir='ltr'><strong>estote.</strong></span> <span class='ocrx_word' id='word_1_60' title='bbox 506 1048 636 1111; x_wconf 85' lang='lat' dir='ltr'><strong>Cur,</strong></span> <span class='ocrx_word' id='word_1_61' title='bbox 663 1062 785 1101; x_wconf 90' lang='lat' dir='ltr'><strong>cum</strong></span> <span class='ocrx_word' id='word_1_62' title='bbox 809 1044 1027 1110; x_wconf 78' lang='lat' dir='ltr'><strong>dixerit,</strong></span> <span class='ocrx_word' id='word_1_63' title='bbox 1061 1041 1180 1096; x_wconf 85' lang='lat' dir='ltr'><strong>Non</strong></span> <span class='ocrx_word' id='word_1_64' title='bbox 1228 1040 1362 1094; x_wconf 83' lang='lat' dir='ltr'><strong>ultra</strong></span> <span class='ocrx_word' id='word_1_65' title='bbox 1395 1040 1644 1093; x_wconf 75' lang='lat' dir='ltr'><strong>remittam</strong></span> <span class='ocrx_word' id='word_1_66' title='bbox 1688 1046 1890 1107; x_wconf 80' lang='lat' dir='ltr'><strong>peccata</strong></span> 
     </span>
    </p>
   </div>
   <div class='ocr_carea' id='block_1_11' title="bbox 317 1129 1887 1205">
    <p class='ocr_par' dir='ltr' id='par_1_11' title="bbox 317 1129 1887 1205">
     <span class='ocr_line' id='line_1_11' title="bbox 317 1129 1887 1205; baseline -0.011 -8"><span class='ocrx_word' id='word_1_67' title='bbox 317 1153 493 1205; x_wconf 73' lang='lat' dir='ltr'><strong>vestra,</strong></span> <span class='ocrx_word' id='word_1_68' title='bbox 512 1138 793 1195; x_wconf 87' lang='lat' dir='ltr'><strong>consilium</strong></span> <span class='ocrx_word' id='word_1_69' title='bbox 814 1138 926 1201; x_wconf 87' lang='lat' dir='ltr'><strong>dat,</strong></span> <span class='ocrx_word' id='word_1_70' title='bbox 949 1145 1003 1191; x_wconf 92' lang='lat' dir='ltr'><strong>et</strong></span> <span class='ocrx_word' id='word_1_71' title='bbox 1027 1149 1144 1190; x_wconf 90' lang='lat' dir='ltr'><strong>cum</strong></span> <span class='ocrx_word' id='word_1_72' title='bbox 1164 1131 1453 1187; x_wconf 89' lang='lat' dir='ltr'><strong>ostenderit</strong></span> <span class='ocrx_word' id='word_1_73' title='bbox 1493 1132 1636 1200; x_wconf 88' lang='lat' dir='ltr'><strong>ipsos</strong></span> <span class='ocrx_word' id='word_1_74' title='bbox 1676 1129 1887 1182; x_wconf 89' lang='lat' dir='ltr'><strong>incura-</strong></span> 
     </span>
    </p>
   </div>
   <div class='ocr_carea' id='block_1_12' title="bbox 320 1219 1889 1293">
    <p class='ocr_par' dir='ltr' id='par_1_12' title="bbox 320 1219 1889 1293">
     <span class='ocr_line' id='line_1_12' title="bbox 320 1219 1889 1293; baseline -0.011 -3"><span class='ocrx_word' id='word_1_75' title='bbox 320 1235 402 1290; x_wconf 90' lang='lat' dir='ltr'><strong>bili</strong></span> <span class='ocrx_word' id='word_1_76' title='bbox 432 1232 618 1287; x_wconf 91' lang='lat' dir='ltr'><strong>morbo</strong></span> <span class='ocrx_word' id='word_1_77' title='bbox 646 1231 915 1293; x_wconf 85' lang='lat' dir='ltr'><strong>laborare,</strong></span> <span class='ocrx_word' id='word_1_78' title='bbox 946 1226 1368 1283; x_wconf 82' lang='lat' dir='ltr'><strong>emendationem</strong></span> <span class='ocrx_word' id='word_1_79' title='bbox 1400 1221 1644 1277; x_wconf 86' lang='lat' dir='ltr'><strong>inducit?</strong></span> <span class='ocrx_word' id='word_1_80' title='bbox 1674 1219 1787 1274; x_wconf 82' lang='lat' dir='ltr'><strong>Mos</strong></span> <span class='ocrx_word' id='word_1_81' title='bbox 1807 1228 1889 1274; x_wconf 89' lang='lat' dir='ltr'><strong>est</strong></span> 
     </span>
    </p>
   </div>
   <div class='ocr_carea' id='block_1_13' title="bbox 322 1312 1892 1392">
    <p class='ocr_par' dir='ltr' id='par_1_13' title="bbox 322 1312 1892 1392">
     <span class='ocr_line' id='line_1_13' title="bbox 322 1312 1892 1392; baseline -0.011 -10"><span class='ocrx_word' id='word_1_82' title='bbox 322 1327 452 1392; x_wconf 86' lang='lat' dir='ltr'><strong>Deo,</strong></span> <span class='ocrx_word' id='word_1_83' title='bbox 480 1326 643 1380; x_wconf 85' lang='lat' dir='ltr'><strong>etiam</strong></span> <span class='ocrx_word' id='word_1_84' title='bbox 669 1339 792 1378; x_wconf 90' lang='lat' dir='ltr'><strong>cum</strong></span> <span class='ocrx_word' id='word_1_85' title='bbox 824 1321 1179 1377; x_wconf 85' lang='lat' dir='ltr'><strong>comminatur</strong></span> <span class='ocrx_word' id='word_1_86' title='bbox 1198 1359 1212 1380; x_wconf 87' lang='lat'><strong>,</strong></span> <span class='ocrx_word' id='word_1_87' title='bbox 1259 1317 1326 1372; x_wconf 88' lang='lat' dir='ltr'><strong>de</strong></span> <span class='ocrx_word' id='word_1_88' title='bbox 1367 1315 1537 1371; x_wconf 87' lang='lat' dir='ltr'><strong>salute</strong></span> <span class='ocrx_word' id='word_1_89' title='bbox 1564 1312 1892 1384; x_wconf 77' lang='lat' dir='ltr'><strong>desperatio-</strong></span> 
     </span>
    </p>
   </div>
   <div class='ocr_carea' id='block_1_14' title="bbox 317 1404 1890 1483">
    <p class='ocr_par' dir='ltr' id='par_1_14' title="bbox 317 1404 1890 1483">
     <span class='ocr_line' id='line_1_14' title="bbox 317 1404 1890 1483; baseline -0.01 -10"><span class='ocrx_word' id='word_1_90' title='bbox 317 1433 430 1473; x_wconf 87' lang='lat' dir='ltr'><strong>nem</strong></span> <span class='ocrx_word' id='word_1_91' title='bbox 456 1416 670 1480; x_wconf 82' lang='lat' dir='ltr'><strong>efferre,</strong></span> <span class='ocrx_word' id='word_1_92' title='bbox 721 1423 779 1469; x_wconf 91' lang='lat' dir='ltr'><strong>ut</strong></span> <span class='ocrx_word' id='word_1_93' title='bbox 828 1421 1019 1483; x_wconf 80' lang='lat' dir='ltr'><strong>augeat</strong></span> <span class='ocrx_word' id='word_1_94' title='bbox 1068 1419 1289 1474; x_wconf 90' lang='lat' dir='ltr'><strong>metmn,</strong></span> <span class='ocrx_word' id='word_1_95' title='bbox 1327 1423 1497 1478; x_wconf 89' lang='lat' dir='ltr'><strong>neque</strong></span> <span class='ocrx_word' id='word_1_96' title='bbox 1526 1406 1613 1461; x_wconf 84' lang='lat' dir='ltr'><strong>hic</strong></span> <span class='ocrx_word' id='word_1_97' title='bbox 1640 1404 1890 1475; x_wconf 77' lang='lat' dir='ltr'><strong>loquendi</strong></span> 
     </span>
    </p>
   </div>
   <div class='ocr_carea' id='block_1_15' title="bbox 318 1500 1890 1571">
    <p class='ocr_par' dir='ltr' id='par_1_15' title="bbox 318 1500 1890 1571">
     <span class='ocr_line' id='line_1_15' title="bbox 318 1500 1890 1571; baseline -0.01 -7"><span class='ocrx_word' id='word_1_98' title='bbox 318 1508 467 1564; x_wconf 75' lang='lat' dir='ltr'><strong>ﬁnem</strong></span> <span class='ocrx_word' id='word_1_99' title='bbox 492 1507 693 1571; x_wconf 84' lang='lat' dir='ltr'><strong>facere,</strong></span> <span class='ocrx_word' id='word_1_100' title='bbox 735 1516 794 1559; x_wconf 88' lang='lat' dir='ltr'><strong>ut</strong></span> <span class='ocrx_word' id='word_1_101' title='bbox 820 1505 1011 1560; x_wconf 86' lang='lat' dir='ltr'><strong>bonam</strong></span> <span class='ocrx_word' id='word_1_102' title='bbox 1038 1516 1188 1571; x_wconf 83' lang='lat' dir='ltr'><strong>spem</strong></span> <span class='ocrx_word' id='word_1_103' title='bbox 1214 1500 1476 1569; x_wconf 86' lang='lat' dir='ltr'><strong>subjiciat,</strong></span> <span class='ocrx_word' id='word_1_104' title='bbox 1507 1506 1562 1551; x_wconf 89' lang='lat' dir='ltr'><strong>et</strong></span> <span class='ocrx_word' id='word_1_105' title='bbox 1580 1500 1655 1551; x_wconf 86' lang='lat' dir='ltr'><strong>sic</strong></span> <span class='ocrx_word' id='word_1_106' title='bbox 1680 1510 1890 1551; x_wconf 84' lang='lat' dir='ltr'><strong>rursum</strong></span> 
     </span>
    </p>
   </div>
   <div class='ocr_carea' id='block_1_16' title="bbox 316 1590 1888 1674">
    <p class='ocr_par' dir='ltr' id='par_1_16' title="bbox 316 1590 1888 1674">
     <span class='ocr_line' id='line_1_16' title="bbox 316 1590 1888 1674; baseline -0.011 -16"><span class='ocrx_word' id='word_1_107' title='bbox 316 1604 375 1658; x_wconf 86' lang='lat' dir='ltr'><strong>ad</strong></span> <span class='ocrx_word' id='word_1_108' title='bbox 393 1601 766 1674; x_wconf 76' lang='lat' dir='ltr'><strong>ptenitentiam</strong></span> <span class='ocrx_word' id='word_1_109' title='bbox 784 1605 1021 1653; x_wconf 77' lang='lat' dir='ltr'><strong>revocet.</strong></span> <span class='ocrx_word' id='word_1_110' title='bbox 1046 1595 1206 1665; x_wconf 84' lang='lat' dir='ltr'><strong>quue</strong></span> <span class='ocrx_word' id='word_1_111' title='bbox 1228 1594 1421 1663; x_wconf 89' lang='lat' dir='ltr'><strong>ubique</strong></span> <span class='ocrx_word' id='word_1_112' title='bbox 1437 1590 1549 1646; x_wconf 80' lang='lat' dir='ltr'><strong>fieri</strong></span> <span class='ocrx_word' id='word_1_113' title='bbox 1576 1590 1755 1644; x_wconf 87' lang='lat' dir='ltr'><strong>videre</strong></span> <span class='ocrx_word' id='word_1_114' title='bbox 1783 1598 1888 1641; x_wconf 86' lang='lat' dir='ltr'><strong>est.</strong></span> 
     </span>
    </p>
   </div>
   <div class='ocr_carea' id='block_1_17' title="bbox 318 1679 1889 1765">
    <p class='ocr_par' dir='ltr' id='par_1_17' title="bbox 318 1679 1889 1765">
     <span class='ocr_line' id='line_1_17' title="bbox 318 1679 1889 1765; baseline -0.012 -15"><span class='ocrx_word' id='word_1_115' title='bbox 318 1696 445 1765; x_wconf 79' lang='lat' dir='ltr'><strong>Erga</strong></span> <span class='ocrx_word' id='word_1_116' title='bbox 468 1692 737 1748; x_wconf 81' lang='lat' dir='ltr'><strong>Ninivitas</strong></span> <span class='ocrx_word' id='word_1_117' title='bbox 756 1699 903 1746; x_wconf 87' lang='lat' dir='ltr'><strong>certe</strong></span> <span class='ocrx_word' id='word_1_118' title='bbox 923 1688 978 1744; x_wconf 97' lang='lat' dir='ltr'><strong>id</strong></span> <span class='ocrx_word' id='word_1_119' title='bbox 1005 1701 1109 1741; x_wconf 87' lang='lat' dir='ltr'><strong>non</strong></span> <span class='ocrx_word' id='word_1_120' title='bbox 1137 1685 1331 1751; x_wconf 81' lang='lat' dir='ltr'><strong>verbis,</strong></span> <span class='ocrx_word' id='word_1_121' title='bbox 1357 1683 1450 1738; x_wconf 83' lang='lat' dir='ltr'><strong>sed</strong></span> <span class='ocrx_word' id='word_1_122' title='bbox 1470 1680 1717 1750; x_wconf 82' lang='lat' dir='ltr'><strong>operibus</strong></span> <span class='ocrx_word' id='word_1_123' title='bbox 1747 1679 1889 1734; x_wconf 82' lang='lat' dir='ltr'><strong>fecit.</strong></span> 
     </span>
    </p>
   </div>
   <div class='ocr_carea' id='block_1_18' title="bbox 317 1774 1891 1851">
    <p class='ocr_par' dir='ltr' id='par_1_18' title="bbox 317 1774 1891 1851">
     <span class='ocr_line' id='line_1_18' title="bbox 317 1774 1891 1851; baseline -0.008 -12"><span class='ocrx_word' id='word_1_124' title='bbox 317 1787 499 1842; x_wconf 70' lang='lat' dir='ltr'><strong>Verbis</strong></span> <span class='ocrx_word' id='word_1_125' title='bbox 524 1784 671 1840; x_wconf 81' lang='lat' dir='ltr'><strong>enim</strong></span> <span class='ocrx_word' id='word_1_126' title='bbox 699 1782 834 1837; x_wconf 86' lang='lat' dir='ltr'><strong>nihil</strong></span> <span class='ocrx_word' id='word_1_127' title='bbox 860 1781 984 1836; x_wconf 91' lang='lat' dir='ltr'><strong>boni</strong></span> <span class='ocrx_word' id='word_1_128' title='bbox 1008 1778 1296 1851; x_wconf 86' lang='lat' dir='ltr'><strong>pollicitus,</strong></span> <span class='ocrx_word' id='word_1_129' title='bbox 1328 1776 1421 1831; x_wconf 86' lang='lat' dir='ltr'><strong>sed</strong></span> <span class='ocrx_word' id='word_1_130' title='bbox 1466 1775 1637 1830; x_wconf 90' lang='lat' dir='ltr'><strong>solum</strong></span> <span class='ocrx_word' id='word_1_131' title='bbox 1687 1774 1891 1843; x_wconf 86' lang='lat' dir='ltr'><strong>suppli-</strong></span> 
     </span>
    </p>
   </div>
   <div class='ocr_carea' id='block_1_19' title="bbox 316 1864 1891 1945">
    <p class='ocr_par' dir='ltr' id='par_1_19' title="bbox 316 1864 1891 1945">
     <span class='ocr_line' id='line_1_19' title="bbox 316 1864 1891 1945; baseline -0.01 -12"><span class='ocrx_word' id='word_1_132' title='bbox 316 1878 449 1933; x_wconf 74' lang='lat' dir='ltr'><strong>cium</strong></span> <span class='ocrx_word' id='word_1_133' title='bbox 497 1885 624 1945; x_wconf 90' lang='lat' dir='ltr'><strong>post</strong></span> <span class='ocrx_word' id='word_1_134' title='bbox 668 1872 1140 1929; x_wconf 72' lang='lat' dir='ltr'><strong>columinationem</strong></span> <span class='ocrx_word' id='word_1_135' title='bbox 1184 1867 1373 1923; x_wconf 82' lang='lat' dir='ltr'><strong>adesse</strong></span> <span class='ocrx_word' id='word_1_136' title='bbox 1418 1875 1739 1929; x_wconf 83' lang='lat' dir='ltr'><strong>monstrans,</strong></span> <span class='ocrx_word' id='word_1_137' title='bbox 1769 1864 1891 1934; x_wconf 86' lang='lat' dir='ltr'><strong>quia</strong></span> 
     </span>
    </p>
   </div>
   <div class='ocr_carea' id='block_1_20' title="bbox 318 1956 1892 2036">
    <p class='ocr_par' dir='ltr' id='par_1_20' title="bbox 318 1956 1892 2036">
     <span class='ocr_line' id='line_1_20' title="bbox 318 1956 1892 2036; baseline -0.009 -13"><span class='ocrx_word' id='word_1_138' title='bbox 318 1968 518 2023; x_wconf 82' lang='lat' dir='ltr'><strong>barbari</strong></span> <span class='ocrx_word' id='word_1_139' title='bbox 540 1981 759 2032; x_wconf 80' lang='lat' dir='ltr'><strong>omnes,</strong></span> <span class='ocrx_word' id='word_1_140' title='bbox 780 1980 900 2036; x_wconf 65' lang='lat' dir='ltr'><strong>qua;</strong></span> <span class='ocrx_word' id='word_1_141' title='bbox 935 1977 1149 2019; x_wconf 88' lang='lat' dir='ltr'><strong>suarum</strong></span> <span class='ocrx_word' id='word_1_142' title='bbox 1168 1960 1397 2031; x_wconf 86' lang='lat' dir='ltr'><strong>partium</strong></span> <span class='ocrx_word' id='word_1_143' title='bbox 1425 1966 1596 2023; x_wconf 89' lang='lat' dir='ltr'><strong>crant,</strong></span> <span class='ocrx_word' id='word_1_144' title='bbox 1626 1956 1892 2027; x_wconf 70' lang='lat' dir='ltr'><strong>praestite-</strong></span> 
     </span>
    </p>
   </div>
   <div class='ocr_carea' id='block_1_21' title="bbox 319 2048 1890 2124">
    <p class='ocr_par' dir='ltr' id='par_1_21' title="bbox 319 2048 1890 2124">
     <span class='ocr_line' id='line_1_21' title="bbox 319 2048 1890 2124; baseline -0.007 -10"><span class='ocrx_word' id='word_1_145' title='bbox 319 2069 453 2124; x_wconf 80' lang='lat' dir='ltr'><strong>runt,</strong></span> <span class='ocrx_word' id='word_1_146' title='bbox 472 2060 610 2113; x_wconf 82' lang='lat' dir='ltr'><strong>iram</strong></span> <span class='ocrx_word' id='word_1_147' title='bbox 632 2058 742 2112; x_wconf 85' lang='lat' dir='ltr'><strong>cito</strong></span> <span class='ocrx_word' id='word_1_148' title='bbox 764 2055 988 2111; x_wconf 79' lang='lat' dir='ltr'><strong>sedavit.</strong></span> <span class='ocrx_word' id='word_1_149' title='bbox 1010 2053 1098 2110; x_wconf 90' lang='lat' dir='ltr'><strong>Sic</strong></span> <span class='ocrx_word' id='word_1_150' title='bbox 1120 2063 1175 2109; x_wconf 88' lang='lat' dir='ltr'><strong>et</strong></span> <span class='ocrx_word' id='word_1_151' title='bbox 1190 2066 1375 2107; x_wconf 83' lang='lat' dir='ltr'><strong>rursus</strong></span> <span class='ocrx_word' id='word_1_152' title='bbox 1401 2051 1452 2105; x_wconf 89' lang='lat' dir='ltr'><strong>in</strong></span> <span class='ocrx_word' id='word_1_153' title='bbox 1469 2049 1681 2104; x_wconf 82' lang='lat' dir='ltr'><strong>Psalmo</strong></span> <span class='ocrx_word' id='word_1_154' title='bbox 1698 2048 1890 2103; x_wconf 85' lang='lat' dir='ltr'><strong>David:</strong></span> 
     </span>
    </p>
   </div>
   <div class='ocr_carea' id='block_1_22' title="bbox 317 2140 1891 2220">
    <p class='ocr_par' dir='ltr' id='par_1_22' title="bbox 317 2140 1891 2220">
     <span class='ocr_line' id='line_1_22' title="bbox 317 2140 1891 2220; baseline -0.008 -15"><span class='ocrx_word' id='word_1_155' title='bbox 317 2152 417 2220; x_wconf 75' lang='lat' dir='ltr'><strong>jam</strong></span> <span class='ocrx_word' id='word_1_156' title='bbox 442 2150 584 2205; x_wconf 86' lang='lat' dir='ltr'><strong>enim</strong></span> <span class='ocrx_word' id='word_1_157' title='bbox 616 2148 730 2203; x_wconf 78' lang='lat' dir='ltr'><strong>dixi</strong></span> <span class='ocrx_word' id='word_1_158' title='bbox 760 2148 932 2218; x_wconf 87' lang='lat' dir='ltr'><strong>ipsum</strong></span> <span class='ocrx_word' id='word_1_159' title='bbox 960 2147 1023 2200; x_wconf 90' lang='lat' dir='ltr'><strong>iis</strong></span> <span class='ocrx_word' id='word_1_160' title='bbox 1050 2157 1264 2215; x_wconf 85' lang='lat' dir='ltr'><strong>prorsus</strong></span> <span class='ocrx_word' id='word_1_161' title='bbox 1286 2142 1477 2198; x_wconf 80' lang='lat' dir='ltr'><strong>similia</strong></span> <span class='ocrx_word' id='word_1_162' title='bbox 1508 2140 1672 2211; x_wconf 84' lang='lat' dir='ltr'><strong>loqui,</strong></span> <span class='ocrx_word' id='word_1_163' title='bbox 1699 2155 1817 2211; x_wconf 71' lang='lat' dir='ltr'><strong>qua:</strong></span> <span class='ocrx_word' id='word_1_164' title='bbox 1840 2140 1891 2193; x_wconf 89' lang='lat' dir='ltr'><strong>in</strong></span> 
     </span>
    </p>
   </div>
   <div class='ocr_carea' id='block_1_23' title="bbox 322 2230 1891 2310">
    <p class='ocr_par' dir='ltr' id='par_1_23' title="bbox 322 2230 1891 2310">
     <span class='ocr_line' id='line_1_23' title="bbox 322 2230 1891 2310; baseline -0.008 -15"><span class='ocrx_word' id='word_1_165' title='bbox 322 2246 416 2294; x_wconf 74' lang='lat' dir='ltr'><strong>hoc</strong></span> <span class='ocrx_word' id='word_1_166' title='bbox 443 2241 710 2310; x_wconf 64' lang='lat' dir='ltr'><strong>prooemio</strong></span> <span class='ocrx_word' id='word_1_167' title='bbox 738 2239 1004 2293; x_wconf 81' lang='lat' dir='ltr'><strong>habentur</strong></span> <span class='ocrx_word' id='word_1_168' title='bbox 1028 2238 1046 2268; x_wconf 78' lang='grc'>⁸</span> <span class='ocrx_word' id='word_1_169' title='bbox 1076 2253 1091 2290; x_wconf 87' lang='lat'><strong>:</strong></span> <span class='ocrx_word' id='word_1_170' title='bbox 1120 2250 1185 2292; x_wconf 86' lang='lat' dir='ltr'><strong>ac</strong></span> <span class='ocrx_word' id='word_1_171' title='bbox 1206 2237 1343 2290; x_wconf 86' lang='lat' dir='ltr'><strong>sicut</strong></span> <span class='ocrx_word' id='word_1_172' title='bbox 1373 2233 1457 2288; x_wconf 83' lang='lat' dir='ltr'><strong>hic</strong></span> <span class='ocrx_word' id='word_1_173' title='bbox 1479 2232 1553 2287; x_wconf 86' lang='lat' dir='ltr'><strong>ait</strong></span> <span class='ocrx_word' id='word_1_174' title='bbox 1575 2250 1589 2286; x_wconf 88' lang='lat'><strong>:</strong></span> <span class='ocrx_word' id='word_1_175' title='bbox 1608 2230 1891 2297; x_wconf 70' lang='lat' dir='ltr'><strong>Lammini,</strong></span> 
     </span>
    </p>
   </div>
   <div class='ocr_carea' id='block_1_24' title="bbox 319 2323 1894 2400">
    <p class='ocr_par' dir='ltr' id='par_1_24' title="bbox 319 2323 1894 2400">
     <span class='ocr_line' id='line_1_24' title="bbox 319 2323 1894 2400; baseline -0.008 -14"><span class='ocrx_word' id='word_1_176' title='bbox 319 2333 490 2386; x_wconf 72' lang='lat' dir='ltr'><strong>standi</strong></span> <span class='ocrx_word' id='word_1_177' title='bbox 539 2340 718 2394; x_wconf 86' lang='lat' dir='ltr'><strong>estote,</strong></span> <span class='ocrx_word' id='word_1_178' title='bbox 766 2337 885 2400; x_wconf 83' lang='lat' dir='ltr'><strong>post</strong></span> <span class='ocrx_word' id='word_1_179' title='bbox 927 2326 1368 2382; x_wconf 85' lang='lat' dir='ltr'><strong>comminationes</strong></span> <span class='ocrx_word' id='word_1_180' title='bbox 1398 2342 1412 2378; x_wconf 88' lang='lat'><strong>:</strong></span> <span class='ocrx_word' id='word_1_181' title='bbox 1437 2326 1517 2378; x_wconf 90' lang='lat' dir='ltr'><strong>sic</strong></span> <span class='ocrx_word' id='word_1_182' title='bbox 1544 2332 1595 2378; x_wconf 90' lang='lat' dir='ltr'><strong>et</strong></span> <span class='ocrx_word' id='word_1_183' title='bbox 1634 2323 1723 2377; x_wconf 86' lang='lat' dir='ltr'><strong>ille</strong></span> <span class='ocrx_word' id='word_1_184' title='bbox 1748 2330 1894 2389; x_wconf 88' lang='lat' dir='ltr'><strong>post-</strong></span> 
     </span>
    </p>
   </div>
   <div class='ocr_carea' id='block_1_25' title="bbox 317 2416 1897 2495">
    <p class='ocr_par' dir='ltr' id='par_1_25' title="bbox 317 2416 1897 2495">
     <span class='ocr_line' id='line_1_25' title="bbox 317 2416 1897 2495; baseline -0.008 -15"><span class='ocrx_word' id='word_1_185' title='bbox 317 2440 467 2495; x_wconf 85' lang='lat' dir='ltr'><strong>quam</strong></span> <span class='ocrx_word' id='word_1_186' title='bbox 498 2423 733 2488; x_wconf 79' lang='lat' dir='ltr'><strong>dixerat,</strong></span> <span class='ocrx_word' id='word_1_187' title='bbox 773 2423 997 2492; x_wconf 74' lang='lat' dir='ltr'><strong>Argum</strong></span> <span class='ocrx_word' id='word_1_188' title='bbox 1037 2430 1086 2474; x_wconf 89' lang='lat' dir='ltr'><strong>te</strong></span> <span class='ocrx_word' id='word_1_189' title='bbox 1135 2428 1183 2473; x_wconf 88' lang='lat' dir='ltr'><strong>et</strong></span> <span class='ocrx_word' id='word_1_190' title='bbox 1231 2428 1447 2471; x_wconf 74' lang='lat' dir='ltr'><strong>statuant</strong></span> <span class='ocrx_word' id='word_1_191' title='bbox 1489 2427 1663 2470; x_wconf 89' lang='lat' dir='ltr'><strong>contra</strong></span> <span class='ocrx_word' id='word_1_192' title='bbox 1715 2416 1897 2485; x_wconf 82' lang='lat' dir='ltr'><strong>[aciem</strong></span> 
     </span>
    </p>
   </div>
   <div class='ocr_carea' id='block_1_26' title="bbox 318 2506 1896 2584">
    <p class='ocr_par' dir='ltr' id='par_1_26' title="bbox 318 2506 1896 2584">
     <span class='ocr_line' id='line_1_26' title="bbox 318 2506 1896 2584; baseline -0.008 -15"><span class='ocrx_word' id='word_1_193' title='bbox 318 2527 451 2569; x_wconf 74' lang='lat' dir='ltr'><strong>mam</strong></span> <span class='ocrx_word' id='word_1_194' title='bbox 477 2515 775 2584; x_wconf 70' lang='lat' dir='ltr'><strong>iniquitates</strong></span> <span class='ocrx_word' id='word_1_195' title='bbox 795 2521 927 2574; x_wconf 80' lang='lat' dir='ltr'><strong>tuas,</strong></span> <span class='ocrx_word' id='word_1_196' title='bbox 954 2507 1156 2565; x_wconf 80' lang='lat' dir='ltr'><strong>addidit</strong></span> <span class='ocrx_word' id='word_1_197' title='bbox 1193 2526 1206 2562; x_wconf 88' lang='lat'><strong>:</strong></span> <span class='ocrx_word' id='word_1_198' title='bbox 1240 2507 1563 2577; x_wconf 76' lang='lat' dir='ltr'><strong>Sacriﬁcium</strong></span> <span class='ocrx_word' id='word_1_199' title='bbox 1607 2506 1773 2560; x_wconf 71' lang='lat' dir='ltr'><strong>laudis</strong></span> <span class='ocrx_word' id='word_1_200' title='bbox 1801 2507 1896 2558; x_wconf 75' lang='lat' dir='ltr'><strong>Ito-</strong></span> 
     </span>
    </p>
   </div>
   <div class='ocr_carea' id='block_1_27' title="bbox 317 2598 1899 2675">
    <p class='ocr_par' dir='ltr' id='par_1_27' title="bbox 317 2598 1899 2675">
     <span class='ocr_line' id='line_1_27' title="bbox 317 2598 1899 2675; baseline -0.007 -14"><span class='ocrx_word' id='word_1_201' title='bbox 317 2607 598 2675; x_wconf 64' lang='lat' dir='ltr'><strong>noriﬁcabit</strong></span> <span class='ocrx_word' id='word_1_202' title='bbox 624 2621 727 2672; x_wconf 77' lang='lat' dir='ltr'><strong>me,</strong></span> <span class='ocrx_word' id='word_1_203' title='bbox 774 2613 821 2658; x_wconf 88' lang='lat' dir='ltr'><strong>et</strong></span> <span class='ocrx_word' id='word_1_204' title='bbox 845 2604 949 2657; x_wconf 89' lang='lat' dir='ltr'><strong>illic</strong></span> <span class='ocrx_word' id='word_1_205' title='bbox 991 2603 1106 2668; x_wconf 82' lang='lat' dir='ltr'><strong>iter,</strong></span> <span class='ocrx_word' id='word_1_206' title='bbox 1150 2617 1249 2670; x_wconf 75' lang='lat' dir='ltr'><strong>quo</strong></span> <span class='ocrx_word' id='word_1_207' title='bbox 1294 2599 1553 2654; x_wconf 76' lang='lat' dir='ltr'><strong>ostendam</strong></span> <span class='ocrx_word' id='word_1_208' title='bbox 1574 2598 1646 2652; x_wconf 91' lang='lat' dir='ltr'><strong>eis</strong></span> <span class='ocrx_word' id='word_1_209' title='bbox 1677 2598 1899 2651; x_wconf 84' lang='lat' dir='ltr'><strong>salutare</strong></span> 
     </span>
    </p>
   </div>
   <div class='ocr_carea' id='block_1_28' title="bbox 319 2691 1898 2772">
    <p class='ocr_par' dir='ltr' id='par_1_28' title="bbox 319 2691 1898 2772">
     <span class='ocr_line' id='line_1_28' title="bbox 319 2691 1898 2772; baseline -0.004 -20"><span class='ocrx_word' id='word_1_210' title='bbox 319 2698 408 2752; x_wconf 87' lang='lat' dir='ltr'><strong>Dei</strong></span> <span class='ocrx_word' id='word_1_211' title='bbox 450 2696 643 2772; x_wconf 89' lang='lat' dir='ltr'><strong>(Psal.</strong></span> <span class='ocrx_word' id='word_1_212' title='bbox 698 2695 792 2752; x_wconf 72' lang='lat'><strong>49.</strong></span> <span class='ocrx_word' id='word_1_213' title='bbox 840 2694 931 2751; x_wconf 77' lang='lat' dir='ltr'><strong>2i.</strong></span> <span class='ocrx_word' id='word_1_214' title='bbox 981 2691 1118 2763; x_wconf 71' lang='lat'><strong>23);</strong></span> <span class='ocrx_word' id='word_1_215' title='bbox 1148 2691 1356 2747; x_wconf 86' lang='lat' dir='ltr'><strong>laudem</strong></span> <span class='ocrx_word' id='word_1_216' title='bbox 1390 2705 1584 2745; x_wconf 85' lang='lat' dir='ltr'><strong>vocans</strong></span> <span class='ocrx_word' id='word_1_217' title='bbox 1615 2705 1731 2744; x_wconf 87' lang='lat' dir='ltr'><strong>eam</strong></span> <span class='ocrx_word' id='word_1_218' title='bbox 1753 2729 1770 2755; x_wconf 93' lang='lat'><strong>,</strong></span> <span class='ocrx_word' id='word_1_219' title='bbox 1796 2705 1898 2758; x_wconf 87' lang='lat' dir='ltr'><strong>qua</strong></span> 
     </span>
    </p>
   </div>
   <div class='ocr_carea' id='block_1_29' title="bbox 320 2779 1899 2860">
    <p class='ocr_par' dir='ltr' id='par_1_29' title="bbox 320 2779 1899 2860">
     <span class='ocr_line' id='line_1_29' title="bbox 320 2779 1899 2860; baseline -0.008 -16"><span class='ocrx_word' id='word_1_220' title='bbox 320 2804 409 2859; x_wconf 88' lang='lat' dir='ltr'><strong>per</strong></span> <span class='ocrx_word' id='word_1_221' title='bbox 430 2804 597 2859; x_wconf 80' lang='lat' dir='ltr'><strong>opera</strong></span> <span class='ocrx_word' id='word_1_222' title='bbox 623 2786 797 2860; x_wconf 88' lang='lat' dir='ltr'><strong>gloria</strong></span> <span class='ocrx_word' id='word_1_223' title='bbox 821 2786 932 2842; x_wconf 89' lang='lat' dir='ltr'><strong>Deo</strong></span> <span class='ocrx_word' id='word_1_224' title='bbox 950 2783 1177 2841; x_wconf 81' lang='lat' dir='ltr'><strong>refertur</strong></span> <span class='ocrx_word' id='word_1_225' title='bbox 1196 2824 1213 2851; x_wconf 91' lang='lat'><strong>,</strong></span> <span class='ocrx_word' id='word_1_226' title='bbox 1258 2790 1315 2838; x_wconf 90' lang='lat' dir='ltr'><strong>et</strong></span> <span class='ocrx_word' id='word_1_227' title='bbox 1358 2781 1710 2852; x_wconf 76' lang='lat' dir='ltr'><strong>cognitionem</strong></span> <span class='ocrx_word' id='word_1_228' title='bbox 1761 2779 1899 2834; x_wconf 86' lang='lat' dir='ltr'><strong>divi-</strong></span> 
     </span>
    </p>
   </div>
   <div class='ocr_carea' id='block_1_30' title="bbox 316 2896 522 2937">
    <p class='ocr_par' dir='ltr' id='par_1_30' title="bbox 316 2896 522 2937">
     <span class='ocr_line' id='line_1_30' title="bbox 316 2896 522 2937; baseline -0.015 0"><span class='ocrx_word' id='word_1_229' title='bbox 316 2896 522 2937; x_wconf 77' lang='lat' dir='ltr'><strong>norum.</strong></span> 
     </span>
    </p>
   </div>
   <div class='ocr_carea' id='block_1_31' title="bbox 384 2962 1901 3038">
    <p class='ocr_par' dir='ltr' id='par_1_31' title="bbox 384 2962 1901 3038">
     <span class='ocr_line' id='line_1_31' title="bbox 384 2962 1901 3038; baseline -0.008 -11"><span class='ocrx_word' id='word_1_230' title='bbox 384 2971 554 3027; x_wconf 72' lang='lat' dir='ltr'><strong>Liberi</strong></span> <span class='ocrx_word' id='word_1_231' title='bbox 580 2970 783 3025; x_wconf 77' lang='lat' dir='ltr'><strong>arbitrii</strong></span> <span class='ocrx_word' id='word_1_232' title='bbox 818 2978 1054 3038; x_wconf 84' lang='lat' dir='ltr'><strong>potestas.</strong></span> <span class='ocrx_word' id='word_1_233' title='bbox 1091 2966 1301 3021; x_wconf 81' lang='lat' dir='ltr'><strong>Virtutis</strong></span> <span class='ocrx_word' id='word_1_234' title='bbox 1324 2964 1614 3019; x_wconf 67' lang='lat' dir='ltr'><strong>exercendae</strong></span> <span class='ocrx_word' id='word_1_235' title='bbox 1637 2962 1901 3034; x_wconf 59' lang='lat' dir='ltr'><strong>difﬁculta-</strong></span> 
     </span>
    </p>
   </div>
   <div class='ocr_carea' id='block_1_32' title="bbox 317 3056 1896 3122">
    <p class='ocr_par' dir='ltr' id='par_1_32' title="bbox 317 3056 1896 3122">
     <span class='ocr_line' id='line_1_32' title="bbox 317 3056 1896 3122; baseline -0.009 -1"><span class='ocrx_word' id='word_1_236' title='bbox 317 3075 407 3119; x_wconf 85' lang='lat' dir='ltr'><strong>tes.</strong></span> <span class='ocrx_word' id='word_1_237' title='bbox 425 3094 497 3105; x_wconf 90' lang='lat'><strong><em>—</em></strong></span> <span class='ocrx_word' id='word_1_238' title='bbox 518 3063 589 3120; x_wconf 84' lang='lat' dir='ltr'><strong>Ut</strong></span> <span class='ocrx_word' id='word_1_239' title='bbox 615 3077 748 3118; x_wconf 85' lang='lat' dir='ltr'><strong>vero</strong></span> <span class='ocrx_word' id='word_1_240' title='bbox 770 3076 895 3117; x_wconf 87' lang='lat' dir='ltr'><strong>cum</strong></span> <span class='ocrx_word' id='word_1_241' title='bbox 922 3059 1184 3121; x_wconf 80' lang='lat' dir='ltr'><strong>audirent,</strong></span> <span class='ocrx_word' id='word_1_242' title='bbox 1216 3056 1498 3122; x_wconf 63' lang='lat' dir='ltr'><strong>lasanum,</strong></span> <span class='ocrx_word' id='word_1_243' title='bbox 1520 3056 1696 3109; x_wconf 77' lang='lat' dir='ltr'><strong>mundi</strong></span> <span class='ocrx_word' id='word_1_244' title='bbox 1724 3064 1896 3119; x_wconf 87' lang='lat' dir='ltr'><strong>estote,</strong></span> 
     </span>
    </p>
   </div>
   <div class='ocr_carea' id='block_1_33' title="bbox 318 3147 1897 3223">
    <p class='ocr_par' dir='ltr' id='par_1_33' title="bbox 318 3147 1897 3223">
     <span class='ocr_line' id='line_1_33' title="bbox 318 3147 1897 3223; baseline -0.004 -12"><span class='ocrx_word' id='word_1_245' title='bbox 318 3174 422 3213; x_wconf 88' lang='lat' dir='ltr'><strong>non</strong></span> <span class='ocrx_word' id='word_1_246' title='bbox 449 3156 637 3212; x_wconf 88' lang='lat' dir='ltr'><strong>solitas</strong></span> <span class='ocrx_word' id='word_1_247' title='bbox 674 3155 797 3209; x_wconf 84' lang='lat' dir='ltr'><strong>illas</strong></span> <span class='ocrx_word' id='word_1_248' title='bbox 838 3151 1233 3223; x_wconf 81' lang='lat' dir='ltr'><strong>puriﬁcationes</strong></span> <span class='ocrx_word' id='word_1_249' title='bbox 1257 3149 1587 3219; x_wconf 78' lang='lat' dir='ltr'><strong>cogitarent,</strong></span> <span class='ocrx_word' id='word_1_250' title='bbox 1636 3147 1897 3215; x_wconf 81' lang='lat' dir='ltr'><strong>subjecit:</strong></span> 
     </span>
    </p>
   </div>
   <div class='ocr_carea' id='block_1_34' title="bbox 319 3240 1902 3316">
    <p class='ocr_par' dir='ltr' id='par_1_34' title="bbox 319 3240 1902 3316">
     <span class='ocr_line' id='line_1_34' title="bbox 319 3240 1902 3316; baseline -0.008 -12"><span class='ocrx_word' id='word_1_251' title='bbox 319 3249 526 3316; x_wconf 60' lang='lat' dir='ltr'><strong>Auferte</strong></span> <span class='ocrx_word' id='word_1_252' title='bbox 536 3245 762 3301; x_wconf 79' lang='lat' dir='ltr'><strong>malitias</strong></span> <span class='ocrx_word' id='word_1_253' title='bbox 775 3244 839 3299; x_wconf 85' lang='lat' dir='ltr'><strong>ab</strong></span> <span class='ocrx_word' id='word_1_254' title='bbox 851 3242 1114 3298; x_wconf 66' lang='lat' dir='ltr'><strong>animabus</strong></span> <span class='ocrx_word' id='word_1_255' title='bbox 1127 3241 1297 3295; x_wconf 74' lang='lat' dir='ltr'><strong>uestris</strong></span> <span class='ocrx_word' id='word_1_256' title='bbox 1313 3256 1348 3294; x_wconf 78' lang='grc' dir='ltr'><em>α</em></span> <span class='ocrx_word' id='word_1_257' title='bbox 1365 3249 1627 3309; x_wconf 82' lang='lat' dir='ltr'><strong>conspectu</strong></span> <span class='ocrx_word' id='word_1_258' title='bbox 1644 3240 1902 3293; x_wconf 83' lang='lat' dir='ltr'><strong>oculorum</strong></span> 
     </span>
    </p>
   </div>
   <div class='ocr_carea' id='block_1_35' title="bbox 321 3333 1901 3408">
    <p class='ocr_par' dir='ltr' id='par_1_35' title="bbox 321 3333 1901 3408">
     <span class='ocr_line' id='line_1_35' title="bbox 321 3333 1901 3408; baseline -0.006 -11"><span class='ocrx_word' id='word_1_259' title='bbox 321 3359 583 3407; x_wconf 66' lang='lat' dir='ltr'><strong>meorum,</strong></span> <span class='ocrx_word' id='word_1_260' title='bbox 604 3349 793 3394; x_wconf 84' lang='lat' dir='ltr'><strong>cessate</strong></span> <span class='ocrx_word' id='word_1_261' title='bbox 821 3355 853 3391; x_wconf 87' lang='lat' dir='ltr'><strong>a</strong></span> <span class='ocrx_word' id='word_1_262' title='bbox 878 3336 1113 3408; x_wconf 77' lang='lat' dir='ltr'><strong>nequitiis</strong></span> <span class='ocrx_word' id='word_1_263' title='bbox 1134 3338 1325 3390; x_wconf 73' lang='lat' dir='ltr'><strong>vestris.</strong></span> <span class='ocrx_word' id='word_1_264' title='bbox 1353 3333 1571 3388; x_wconf 82' lang='lat' dir='ltr'><strong>Virtutis</strong></span> <span class='ocrx_word' id='word_1_265' title='bbox 1596 3333 1901 3389; x_wconf 79' lang='lat' dir='ltr'><strong>facilitatem</strong></span> 
     </span>
    </p>
   </div>
   <div class='ocr_carea' id='block_1_36' title="bbox 325 3426 1902 3500">
    <p class='ocr_par' dir='ltr' id='par_1_36' title="bbox 325 3426 1902 3500">
     <span class='ocr_line' id='line_1_36' title="bbox 325 3426 1902 3500; baseline -0.003 -15"><span class='ocrx_word' id='word_1_266' title='bbox 325 3431 583 3494; x_wconf 66' lang='lat' dir='ltr'><strong>mtendit,</strong></span> <span class='ocrx_word' id='word_1_267' title='bbox 620 3440 675 3486; x_wconf 80' lang='lat' dir='ltr'><strong>et</strong></span> <span class='ocrx_word' id='word_1_268' title='bbox 711 3428 989 3500; x_wconf 75' lang='lat' dir='ltr'><strong>potestatis</strong></span> <span class='ocrx_word' id='word_1_269' title='bbox 1034 3426 1343 3492; x_wconf 83' lang='lat' dir='ltr'><strong>arbitrium,</strong></span> <span class='ocrx_word' id='word_1_270' title='bbox 1387 3428 1509 3498; x_wconf 88' lang='lat' dir='ltr'><strong>quia</strong></span> <span class='ocrx_word' id='word_1_271' title='bbox 1556 3441 1721 3497; x_wconf 86' lang='lat' dir='ltr'><strong>penes</strong></span> <span class='ocrx_word' id='word_1_272' title='bbox 1757 3427 1902 3495; x_wconf 83' lang='lat' dir='ltr'><strong>ipsos</strong></span> 
     </span>
    </p>
   </div>
   <div class='ocr_carea' id='block_1_37' title="bbox 326 3517 1903 3589">
    <p class='ocr_par' dir='ltr' id='par_1_37' title="bbox 326 3517 1903 3589">
     <span class='ocr_line' id='line_1_37' title="bbox 326 3517 1903 3589; baseline -0.004 -10"><span class='ocrx_word' id='word_1_273' title='bbox 326 3532 526 3579; x_wconf 84' lang='lat' dir='ltr'><strong>eratut</strong></span> <span class='ocrx_word' id='word_1_274' title='bbox 551 3532 889 3578; x_wconf 81' lang='lat' dir='ltr'><strong>mutarentur.</strong></span> <span class='ocrx_word' id='word_1_275' title='bbox 938 3520 1027 3575; x_wconf 78' lang='lat' dir='ltr'><strong>i7.</strong></span> <span class='ocrx_word' id='word_1_276' title='bbox 1074 3518 1263 3575; x_wconf 79' lang='lat' dir='ltr'><strong>Discite</strong></span> <span class='ocrx_word' id='word_1_277' title='bbox 1296 3519 1476 3573; x_wconf 67' lang='lat' dir='ltr'><strong>bonum</strong></span> <span class='ocrx_word' id='word_1_278' title='bbox 1518 3522 1700 3589; x_wconf 77' lang='lat' dir='ltr'><strong>facere.</strong></span> <span class='ocrx_word' id='word_1_279' title='bbox 1724 3517 1903 3587; x_wconf 84' lang='lat' dir='ltr'><strong>Usque</strong></span> 
     </span>
    </p>
   </div>
   <div class='ocr_carea' id='block_1_38' title="bbox 326 3610 1898 3684">
    <p class='ocr_par' dir='ltr' id='par_1_38' title="bbox 326 3610 1898 3684">
     <span class='ocr_line' id='line_1_38' title="bbox 326 3610 1898 3684; baseline -0.005 -14"><span class='ocrx_word' id='word_1_280' title='bbox 326 3615 547 3670; x_wconf 79' lang='lat' dir='ltr'><strong>adcoes</strong></span> <span class='ocrx_word' id='word_1_281' title='bbox 564 3615 752 3684; x_wconf 79' lang='lat' dir='ltr'><strong>ingenti</strong></span> <span class='ocrx_word' id='word_1_282' title='bbox 769 3613 962 3668; x_wconf 86' lang='lat' dir='ltr'><strong>malitia</strong></span> <span class='ocrx_word' id='word_1_283' title='bbox 978 3613 1193 3667; x_wconf 89' lang='lat' dir='ltr'><strong>virtutis</strong></span> <span class='ocrx_word' id='word_1_284' title='bbox 1214 3610 1565 3681; x_wconf 68' lang='lat' dir='ltr'><strong>cognitionem</strong></span> <span class='ocrx_word' id='word_1_285' title='bbox 1576 3610 1898 3678; x_wconf 75' lang='lat' dir='ltr'><strong>abiecerant.</strong></span> 
     </span>
    </p>
   </div>
   <div class='ocr_carea' id='block_1_39' title="bbox 319 3700 1902 3775">
    <p class='ocr_par' dir='ltr' id='par_1_39' title="bbox 319 3700 1902 3775">
     <span class='ocr_line' id='line_1_39' title="bbox 319 3700 1902 3775; baseline -0.006 -14"><span class='ocrx_word' id='word_1_286' title='bbox 319 3707 496 3761; x_wconf 87' lang='lat' dir='ltr'><strong>Sicet</strong></span> <span class='ocrx_word' id='word_1_287' title='bbox 529 3703 779 3775; x_wconf 74' lang='lat' dir='ltr'><strong>propheta</strong></span> <span class='ocrx_word' id='word_1_288' title='bbox 810 3702 972 3758; x_wconf 81' lang='lat' dir='ltr'><strong>David</strong></span> <span class='ocrx_word' id='word_1_289' title='bbox 1012 3701 1142 3757; x_wconf 88' lang='lat' dir='ltr'><strong>dicit</strong></span> <span class='ocrx_word' id='word_1_290' title='bbox 1169 3719 1184 3756; x_wconf 91' lang='lat'><strong>:</strong></span> <span class='ocrx_word' id='word_1_291' title='bbox 1224 3700 1411 3767; x_wconf 80' lang='lat' dir='ltr'><strong>Venite,</strong></span> <span class='ocrx_word' id='word_1_292' title='bbox 1443 3701 1558 3768; x_wconf 77' lang='lat' dir='ltr'><strong>ﬁlii,</strong></span> <span class='ocrx_word' id='word_1_293' title='bbox 1597 3700 1864 3754; x_wconf 79' lang='lat' dir='ltr'><strong>auditeme</strong></span> <span class='ocrx_word' id='word_1_294' title='bbox 1884 3716 1902 3753; x_wconf 93' lang='lat'><strong><em>:</em></strong></span> 
     </span>
    </p>
   </div>
   <div class='ocr_carea' id='block_1_40' title="bbox 320 3790 1901 3863">
    <p class='ocr_par' dir='ltr' id='par_1_40' title="bbox 320 3790 1901 3863">
     <span class='ocr_line' id='line_1_40' title="bbox 320 3790 1901 3863; baseline -0.004 -13"><span class='ocrx_word' id='word_1_295' title='bbox 320 3798 560 3850; x_wconf 65' lang='lat' dir='ltr'><strong>tiniae-eas</strong></span> <span class='ocrx_word' id='word_1_296' title='bbox 612 3794 811 3849; x_wconf 65' lang='lat' dir='ltr'><strong>Domini</strong></span> <span class='ocrx_word' id='word_1_297' title='bbox 859 3794 1046 3848; x_wconf 76' lang='lat' dir='ltr'><strong>docebo</strong></span> <span class='ocrx_word' id='word_1_298' title='bbox 1086 3808 1174 3846; x_wconf 74' lang='lat' dir='ltr'><strong>vos</strong></span> <span class='ocrx_word' id='word_1_299' title='bbox 1219 3790 1407 3863; x_wconf 83' lang='lat' dir='ltr'><strong>(Psal.</strong></span> <span class='ocrx_word' id='word_1_300' title='bbox 1456 3792 1545 3847; x_wconf 75' lang='lat'><strong>33.</strong></span> <span class='ocrx_word' id='word_1_301' title='bbox 1596 3790 1719 3862; x_wconf 69' lang='grc' dir='ltr'><strong>η).</strong></span> <span class='ocrx_word' id='word_1_302' title='bbox 1746 3790 1901 3844; x_wconf 82' lang='lat' dir='ltr'><strong>Omni</strong></span> 
     </span>
    </p>
   </div>
   <div class='ocr_carea' id='block_1_41' title="bbox 322 3881 1905 3958">
    <p class='ocr_par' dir='ltr' id='par_1_41' title="bbox 322 3881 1905 3958">
     <span class='ocr_line' id='line_1_41' title="bbox 322 3881 1905 3958; baseline -0.006 -15"><span class='ocrx_word' id='word_1_303' title='bbox 322 3890 525 3958; x_wconf 81' lang='lat' dir='ltr'><strong>quippe</strong></span> <span class='ocrx_word' id='word_1_304' title='bbox 551 3887 770 3942; x_wconf 81' lang='lat' dir='ltr'><strong>scientia</strong></span> <span class='ocrx_word' id='word_1_305' title='bbox 800 3887 913 3940; x_wconf 66' lang='lat' dir='ltr'><strong>haec</strong></span> <span class='ocrx_word' id='word_1_306' title='bbox 939 3884 1184 3955; x_wconf 85' lang='lat' dir='ltr'><strong>superior</strong></span> <span class='ocrx_word' id='word_1_307' title='bbox 1215 3892 1317 3950; x_wconf 88' lang='lat' dir='ltr'><strong>est,</strong></span> <span class='ocrx_word' id='word_1_308' title='bbox 1343 3898 1460 3953; x_wconf 68' lang='lat' dir='ltr'><strong>quae</strong></span> <span class='ocrx_word' id='word_1_309' title='bbox 1484 3897 1551 3937; x_wconf 90' lang='lat' dir='ltr'><strong>eo</strong></span> <span class='ocrx_word' id='word_1_310' title='bbox 1576 3881 1761 3951; x_wconf 83' lang='lat' dir='ltr'><strong>majori</strong></span> <span class='ocrx_word' id='word_1_311' title='bbox 1783 3890 1905 3951; x_wconf 85' lang='lat' dir='ltr'><strong>eget</strong></span> 
     </span>
    </p>
   </div>
   <div class='ocr_carea' id='block_1_42' title="bbox 324 3976 1906 4049">
    <p class='ocr_par' dir='ltr' id='par_1_42' title="bbox 324 3976 1906 4049">
     <span class='ocr_line' id='line_1_42' title="bbox 324 3976 1906 4049; baseline -0.004 -14"><span class='ocrx_word' id='word_1_312' title='bbox 324 3981 521 4044; x_wconf 83' lang='lat' dir='ltr'><strong>studio,</strong></span> <span class='ocrx_word' id='word_1_313' title='bbox 546 3979 689 4049; x_wconf 79' lang='lat' dir='ltr'><strong>quod</strong></span> <span class='ocrx_word' id='word_1_314' title='bbox 715 3978 863 4049; x_wconf 83' lang='lat' dir='ltr'><strong>plura</strong></span> <span class='ocrx_word' id='word_1_315' title='bbox 877 3977 1069 4031; x_wconf 86' lang='lat' dir='ltr'><strong>habeat</strong></span> <span class='ocrx_word' id='word_1_316' title='bbox 1090 3976 1484 4045; x_wconf 87' lang='lat' dir='ltr'><strong>impedimenta,</strong></span> <span class='ocrx_word' id='word_1_317' title='bbox 1500 3984 1698 4028; x_wconf 73' lang='lat' dir='ltr'><strong>natura:</strong></span> <span class='ocrx_word' id='word_1_318' title='bbox 1715 3989 1906 4042; x_wconf 85' lang='lat' dir='ltr'><strong>nempe</strong></span> 
     </span>
    </p>
   </div>
   <div class='ocr_carea' id='block_1_43' title="bbox 330 4065 1907 4144">
    <p class='ocr_par' dir='ltr' id='par_1_43' title="bbox 330 4065 1907 4144">
     <span class='ocr_line' id='line_1_43' title="bbox 330 4065 1907 4144; baseline -0.005 -18"><span class='ocrx_word' id='word_1_319' title='bbox 330 4073 683 4144; x_wconf 74' lang='lat' dir='ltr'><strong>tyrannidem,</strong></span> <span class='ocrx_word' id='word_1_320' title='bbox 716 4070 864 4125; x_wconf 87' lang='lat' dir='ltr'><strong>liberi</strong></span> <span class='ocrx_word' id='word_1_321' title='bbox 885 4070 1088 4124; x_wconf 86' lang='lat' dir='ltr'><strong>arbitrii</strong></span> <span class='ocrx_word' id='word_1_322' title='bbox 1119 4068 1401 4138; x_wconf 86' lang='lat' dir='ltr'><strong>ignaviam,</strong></span> <span class='ocrx_word' id='word_1_323' title='bbox 1446 4066 1745 4121; x_wconf 66' lang='lat' dir='ltr'><strong>daemonum</strong></span> <span class='ocrx_word' id='word_1_324' title='bbox 1779 4065 1907 4118; x_wconf 90' lang='lat' dir='ltr'><strong>insi-</strong></span> 
     </span>
    </p>
   </div>
   <div class='ocr_carea' id='block_1_44' title="bbox 332 4152 1907 4232">
    <p class='ocr_par' dir='ltr' id='par_1_44' title="bbox 332 4152 1907 4232">
     <span class='ocr_line' id='line_1_44' title="bbox 332 4152 1907 4232; baseline -0.006 -16"><span class='ocrx_word' id='word_1_325' title='bbox 332 4162 465 4226; x_wconf 86' lang='lat' dir='ltr'><strong>dias,</strong></span> <span class='ocrx_word' id='word_1_326' title='bbox 509 4160 840 4232; x_wconf 67' lang='lat' dir='ltr'><strong>negotiorum</strong></span> <span class='ocrx_word' id='word_1_327' title='bbox 888 4159 1116 4213; x_wconf 87' lang='lat' dir='ltr'><strong>turbam.</strong></span> <span class='ocrx_word' id='word_1_328' title='bbox 1155 4158 1241 4212; x_wconf 86' lang='lat' dir='ltr'><strong>Sic</strong></span> <span class='ocrx_word' id='word_1_329' title='bbox 1269 4166 1325 4211; x_wconf 92' lang='lat' dir='ltr'><strong>et</strong></span> <span class='ocrx_word' id='word_1_330' title='bbox 1353 4155 1555 4210; x_wconf 82' lang='lat' dir='ltr'><strong>Barucli</strong></span> <span class='ocrx_word' id='word_1_331' title='bbox 1588 4173 1602 4211; x_wconf 91' lang='lat'><strong>:</strong></span> <span class='ocrx_word' id='word_1_332' title='bbox 1635 4153 1732 4208; x_wconf 82' lang='lat' dir='ltr'><strong>Hic</strong></span> <span class='ocrx_word' id='word_1_333' title='bbox 1768 4152 1907 4207; x_wconf 84' lang='lat' dir='ltr'><strong>Deus</strong></span> 
     </span>
    </p>
   </div>
   <div class='ocr_carea' id='block_1_45' title="bbox 336 4248 1907 4324">
    <p class='ocr_par' dir='ltr' id='par_1_45' title="bbox 336 4248 1907 4324">
     <span class='ocr_line' id='line_1_45' title="bbox 336 4248 1907 4324; baseline -0.007 -17"><span class='ocrx_word' id='word_1_334' title='bbox 336 4266 529 4319; x_wconf 80' lang='lat' dir='ltr'><strong>noster;</strong></span> <span class='ocrx_word' id='word_1_335' title='bbox 574 4270 675 4308; x_wconf 86' lang='lat' dir='ltr'><strong>non</strong></span> <span class='ocrx_word' id='word_1_336' title='bbox 717 4252 1029 4324; x_wconf 76' lang='lat' dir='ltr'><strong>reputabitur</strong></span> <span class='ocrx_word' id='word_1_337' title='bbox 1052 4251 1183 4303; x_wconf 84' lang='lat' dir='ltr'><strong>alius</strong></span> <span class='ocrx_word' id='word_1_338' title='bbox 1221 4249 1289 4302; x_wconf 85' lang='lat' dir='ltr'><strong>ad</strong></span> <span class='ocrx_word' id='word_1_339' title='bbox 1313 4265 1424 4302; x_wconf 87' lang='lat' dir='ltr'><strong>eum</strong></span> <span class='ocrx_word' id='word_1_340' title='bbox 1446 4265 1465 4302; x_wconf 92' lang='lat'><strong><em>:</em></strong></span> <span class='ocrx_word' id='word_1_341' title='bbox 1485 4248 1667 4301; x_wconf 79' lang='lat' dir='ltr'><strong>invenit</strong></span> <span class='ocrx_word' id='word_1_342' title='bbox 1711 4262 1907 4300; x_wconf 87' lang='lat' dir='ltr'><strong>omnem</strong></span> 
     </span>
    </p>
   </div>
   <div class='ocr_carea' id='block_1_46' title="bbox 338 4338 1905 4412">
    <p class='ocr_par' dir='ltr' id='par_1_46' title="bbox 338 4338 1905 4412">
     <span class='ocr_line' id='line_1_46' title="bbox 338 4338 1905 4412; baseline -0.006 -13"><span class='ocrx_word' id='word_1_343' title='bbox 338 4350 463 4399; x_wconf 69' lang='lat' dir='ltr'><strong>ciam</strong></span> <span class='ocrx_word' id='word_1_344' title='bbox 488 4348 727 4401; x_wconf 74' lang='lat' dir='ltr'><strong>scienlite.</strong></span> <span class='ocrx_word' id='word_1_345' title='bbox 756 4342 1017 4412; x_wconf 65' lang='lat' dir='ltr'><strong>Exquirile</strong></span> <span class='ocrx_word' id='word_1_346' title='bbox 1040 4342 1282 4409; x_wconf 76' lang='lat' dir='ltr'><strong>indicium</strong></span> <span class='ocrx_word' id='word_1_347' title='bbox 1312 4341 1330 4411; x_wconf 92' lang='lat'>(</span> <span class='ocrx_word' id='word_1_348' title='bbox 1350 4338 1569 4393; x_wconf 78' lang='lat' dir='ltr'><strong>Baraclt.</strong></span> <span class='ocrx_word' id='word_1_349' title='bbox 1599 4339 1653 4393; x_wconf 82' lang='grc'><strong>5.</strong></span> <span class='ocrx_word' id='word_1_350' title='bbox 1672 4339 1758 4393; x_wconf 76' lang='grc'><strong>56.</strong></span> <span class='ocrx_word' id='word_1_351' title='bbox 1782 4339 1847 4392; x_wconf 77' lang='grc'><strong>57</strong></span> <span class='ocrx_word' id='word_1_352' title='bbox 1866 4342 1905 4406; x_wconf 84' lang='grc'><strong>).</strong></span> 
     </span>
    </p>
   </div>
   <div class='ocr_carea' id='block_1_47' title="bbox 342 4431 1908 4509">
    <p class='ocr_par' dir='ltr' id='par_1_47' title="bbox 342 4431 1908 4509">
     <span class='ocr_line' id='line_1_47' title="bbox 342 4431 1908 4509; baseline -0.008 -17"><span class='ocrx_word' id='word_1_353' title='bbox 342 4439 448 4494; x_wconf 89' lang='lat' dir='ltr'><strong>lloc</strong></span> <span class='ocrx_word' id='word_1_354' title='bbox 479 4450 578 4506; x_wconf 90' lang='lat' dir='ltr'><strong>est,</strong></span> <span class='ocrx_word' id='word_1_355' title='bbox 610 4438 818 4509; x_wconf 81' lang='lat' dir='ltr'><strong>injuriis</strong></span> <span class='ocrx_word' id='word_1_356' title='bbox 862 4436 1078 4490; x_wconf 70' lang='lat' dir='ltr'><strong>aﬁectos</strong></span> <span class='ocrx_word' id='word_1_357' title='bbox 1105 4433 1305 4496; x_wconf 85' lang='lat' dir='ltr'><strong>ulcisci,</strong></span> <span class='ocrx_word' id='word_1_358' title='bbox 1335 4433 1512 4502; x_wconf 90' lang='lat' dir='ltr'><strong>quain</strong></span> <span class='ocrx_word' id='word_1_359' title='bbox 1542 4446 1600 4485; x_wconf 89' lang='lat' dir='ltr'><strong>re</strong></span> <span class='ocrx_word' id='word_1_360' title='bbox 1628 4431 1791 4485; x_wconf 89' lang='lat' dir='ltr'><strong>multo</strong></span> <span class='ocrx_word' id='word_1_361' title='bbox 1829 4432 1908 4482; x_wconf 85' lang='lat' dir='ltr'><strong>la-</strong></span> 
     </span>
    </p>
   </div>
   <div class='ocr_carea' id='block_1_48' title="bbox 344 4521 1907 4601">
    <p class='ocr_par' dir='ltr' id='par_1_48' title="bbox 344 4521 1907 4601">
     <span class='ocr_line' id='line_1_48' title="bbox 344 4521 1907 4601; baseline -0.008 -15"><span class='ocrx_word' id='word_1_362' title='bbox 344 4532 467 4588; x_wconf 88' lang='lat' dir='ltr'><strong>bore</strong></span> <span class='ocrx_word' id='word_1_363' title='bbox 492 4543 543 4588; x_wconf 86' lang='lat' dir='ltr'><strong>et</strong></span> <span class='ocrx_word' id='word_1_364' title='bbox 573 4532 712 4601; x_wconf 83' lang='lat' dir='ltr'><strong>vigili</strong></span> <span class='ocrx_word' id='word_1_365' title='bbox 749 4529 928 4583; x_wconf 86' lang='lat' dir='ltr'><strong>animo</strong></span> <span class='ocrx_word' id='word_1_366' title='bbox 968 4538 1050 4582; x_wconf 87' lang='lat' dir='ltr'><strong>est</strong></span> <span class='ocrx_word' id='word_1_367' title='bbox 1073 4542 1223 4596; x_wconf 88' lang='lat' dir='ltr'><strong>opus.</strong></span> <span class='ocrx_word' id='word_1_368' title='bbox 1260 4525 1380 4580; x_wconf 87' lang='lat' dir='ltr'><strong>Ideo</strong></span> <span class='ocrx_word' id='word_1_369' title='bbox 1427 4523 1580 4588; x_wconf 76' lang='lat' dir='ltr'><strong>dixit,</strong></span> <span class='ocrx_word' id='word_1_370' title='bbox 1626 4521 1907 4588; x_wconf 74' lang='lat' dir='ltr'><strong>Exquirite.</strong></span> 
     </span>
    </p>
   </div>
   <div class='ocr_carea' id='block_1_49' title="bbox 345 4617 1911 4691">
    <p class='ocr_par' dir='ltr' id='par_1_49' title="bbox 345 4617 1911 4691">
     <span class='ocr_line' id='line_1_49' title="bbox 345 4617 1911 4691; baseline -0.008 -13"><span class='ocrx_word' id='word_1_371' title='bbox 345 4624 493 4680; x_wconf 71' lang='lat' dir='ltr'><strong>Multa</strong></span> <span class='ocrx_word' id='word_1_372' title='bbox 537 4626 679 4680; x_wconf 87' lang='lat' dir='ltr'><strong>enim</strong></span> <span class='ocrx_word' id='word_1_373' title='bbox 725 4631 867 4687; x_wconf 88' lang='lat' dir='ltr'><strong>sunt,</strong></span> <span class='ocrx_word' id='word_1_374' title='bbox 918 4635 1037 4691; x_wconf 66' lang='lat' dir='ltr'><strong>qua}</strong></span> <span class='ocrx_word' id='word_1_375' title='bbox 1075 4617 1329 4689; x_wconf 86' lang='lat' dir='ltr'><strong>justitiam</strong></span> <span class='ocrx_word' id='word_1_376' title='bbox 1373 4617 1678 4679; x_wconf 86' lang='lat' dir='ltr'><strong>obscurent,</strong></span> <span class='ocrx_word' id='word_1_377' title='bbox 1722 4628 1911 4682; x_wconf 86' lang='lat' dir='ltr'><strong>nempe</strong></span> 
     </span>
    </p>
   </div>
   <div class='ocr_carea' id='block_1_50' title="bbox 348 4710 1910 4789">
    <p class='ocr_par' dir='ltr' id='par_1_50' title="bbox 348 4710 1910 4789">
     <span class='ocr_line' id='line_1_50' title="bbox 348 4710 1910 4789; baseline -0.009 -15"><span class='ocrx_word' id='word_1_378' title='bbox 348 4719 505 4784; x_wconf 76' lang='lat' dir='ltr'><strong>dona,</strong></span> <span class='ocrx_word' id='word_1_379' title='bbox 540 4716 831 4789; x_wconf 77' lang='lat' dir='ltr'><strong>ignorantia</strong></span> <span class='ocrx_word' id='word_1_380' title='bbox 854 4757 868 4777; x_wconf 88' lang='lat'><strong>.</strong></span> <span class='ocrx_word' id='word_1_381' title='bbox 910 4713 1164 4784; x_wconf 78' lang='lat' dir='ltr'><strong>potentia,</strong></span> <span class='ocrx_word' id='word_1_382' title='bbox 1197 4710 1363 4780; x_wconf 91' lang='lat' dir='ltr'><strong>pudor</strong></span> <span class='ocrx_word' id='word_1_383' title='bbox 1384 4751 1401 4775; x_wconf 94' lang='lat'><strong>,</strong></span> <span class='ocrx_word' id='word_1_384' title='bbox 1433 4710 1624 4773; x_wconf 88' lang='lat' dir='ltr'><strong>timor,</strong></span> <span class='ocrx_word' id='word_1_385' title='bbox 1659 4722 1910 4777; x_wconf 78' lang='lat' dir='ltr'><strong>persona-</strong></span> 
     </span>
    </p>
   </div>
   <div class='ocr_carea' id='block_1_51' title="bbox 351 4798 1913 4872">
    <p class='ocr_par' dir='ltr' id='par_1_51' title="bbox 351 4798 1913 4872">
     <span class='ocr_line' id='line_1_51' title="bbox 351 4798 1913 4872; baseline -0.008 -8"><span class='ocrx_word' id='word_1_386' title='bbox 351 4826 457 4865; x_wconf 79' lang='grc' dir='ltr'><strong><em>η</em></strong></span> <span class='ocrx_word' id='word_1_387' title='bbox 499 4812 700 4871; x_wconf 85' lang='lat' dir='ltr'><strong>cultus;</strong></span> <span class='ocrx_word' id='word_1_388' title='bbox 752 4823 815 4864; x_wconf 89' lang='lat' dir='ltr'><strong>ac</strong></span> <span class='ocrx_word' id='word_1_389' title='bbox 859 4805 1023 4860; x_wconf 89' lang='lat' dir='ltr'><strong>multa</strong></span> <span class='ocrx_word' id='word_1_390' title='bbox 1070 4818 1205 4872; x_wconf 82' lang='lat' dir='ltr'><strong>Opus</strong></span> <span class='ocrx_word' id='word_1_391' title='bbox 1247 4812 1328 4858; x_wconf 90' lang='lat' dir='ltr'><strong>est</strong></span> <span class='ocrx_word' id='word_1_392' title='bbox 1369 4801 1656 4870; x_wconf 76' lang='lat' dir='ltr'><strong>vigilantia.</strong></span> <span class='ocrx_word' id='word_1_393' title='bbox 1688 4798 1913 4852; x_wconf 81' lang='lat' dir='ltr'><strong>Liberale</strong></span> 
     </span>
    </p>
   </div>
   <div class='ocr_carea' id='block_1_52' title="bbox 354 4891 1911 4971">
    <p class='ocr_par' dir='ltr' id='par_1_52' title="bbox 354 4891 1911 4971">
     <span class='ocr_line' id='line_1_52' title="bbox 354 4891 1911 4971; baseline -0.008 -15"><span class='ocrx_word' id='word_1_394' title='bbox 354 4919 455 4955; x_wconf 73' lang='lat' dir='ltr'><strong>ant</strong></span> <span class='ocrx_word' id='word_1_395' title='bbox 477 4903 560 4971; x_wconf 75' lang='lat' dir='ltr'><strong>qui</strong></span> <span class='ocrx_word' id='word_1_396' title='bbox 585 4900 775 4970; x_wconf 70' lang='lat' dir='ltr'><strong>injuria</strong></span> <span class='ocrx_word' id='word_1_397' title='bbox 825 4897 1060 4968; x_wconf 62' lang='lat' dir='ltr'><strong>aﬂicitur.</strong></span> <span class='ocrx_word' id='word_1_398' title='bbox 1092 4895 1201 4949; x_wconf 89' lang='lat' dir='ltr'><strong>lloc</strong></span> <span class='ocrx_word' id='word_1_399' title='bbox 1228 4893 1398 4962; x_wconf 87' lang='lat' dir='ltr'><strong>majus</strong></span> <span class='ocrx_word' id='word_1_400' title='bbox 1438 4902 1520 4947; x_wconf 90' lang='lat' dir='ltr'><strong>est</strong></span> <span class='ocrx_word' id='word_1_401' title='bbox 1561 4891 1735 4961; x_wconf 88' lang='lat' dir='ltr'><strong>priore</strong></span> <span class='ocrx_word' id='word_1_402' title='bbox 1769 4905 1911 4944; x_wconf 89' lang='lat' dir='ltr'><strong>:non</strong></span> 
     </span>
    </p>
   </div>
   <div class='ocr_carea' id='block_1_53' title="bbox 354 4984 1913 5066">
    <p class='ocr_par' dir='ltr' id='par_1_53' title="bbox 354 4984 1913 5066">
     <span class='ocr_line' id='line_1_53' title="bbox 354 4984 1913 5066; baseline -0.008 -19"><span class='ocrx_word' id='word_1_403' title='bbox 354 4996 479 5049; x_wconf 79' lang='lat' dir='ltr'><strong>enim</strong></span> <span class='ocrx_word' id='word_1_404' title='bbox 497 4996 652 5066; x_wconf 72' lang='lat' dir='ltr'><strong>exigit</strong></span> <span class='ocrx_word' id='word_1_405' title='bbox 680 5003 738 5048; x_wconf 93' lang='lat' dir='ltr'><strong>ut</strong></span> <span class='ocrx_word' id='word_1_406' title='bbox 755 4994 901 5063; x_wconf 76' lang='lat' dir='ltr'><strong>jusm</strong></span> <span class='ocrx_word' id='word_1_407' title='bbox 944 4990 1320 5050; x_wconf 80' lang='lat' dir='ltr'><strong>decentantnr,</strong></span> <span class='ocrx_word' id='word_1_408' title='bbox 1365 4984 1457 5041; x_wconf 84' lang='lat' dir='ltr'><strong>sed</strong></span> <span class='ocrx_word' id='word_1_409' title='bbox 1503 4994 1562 5039; x_wconf 92' lang='lat' dir='ltr'><strong>ut</strong></span> <span class='ocrx_word' id='word_1_410' title='bbox 1606 4984 1673 5039; x_wconf 88' lang='lat' dir='ltr'><strong>ad</strong></span> <span class='ocrx_word' id='word_1_411' title='bbox 1714 4984 1913 5039; x_wconf 78' lang='lat' dir='ltr'><strong>exitum</strong></span> 
     </span>
    </p>
   </div>
   <div class='ocr_carea' id='block_1_54' title="bbox 358 5076 1917 5158">
    <p class='ocr_par' dir='ltr' id='par_1_54' title="bbox 358 5076 1917 5158">
     <span class='ocr_line' id='line_1_54' title="bbox 358 5076 1917 5158; baseline -0.009 -18"><span class='ocrx_word' id='word_1_412' title='bbox 358 5088 496 5142; x_wconf 78' lang='lat' dir='ltr'><strong>etiam</strong></span> <span class='ocrx_word' id='word_1_413' title='bbox 524 5087 895 5158; x_wconf 85' lang='lat' dir='ltr'><strong>perducantur.</strong></span> <span class='ocrx_word' id='word_1_414' title='bbox 946 5080 1187 5135; x_wconf 77' lang='lat' dir='ltr'><strong>Judicate</strong></span> <span class='ocrx_word' id='word_1_415' title='bbox 1231 5078 1498 5148; x_wconf 71' lang='lat' dir='ltr'><strong>pupillum,</strong></span> <span class='ocrx_word' id='word_1_416' title='bbox 1548 5086 1596 5130; x_wconf 86' lang='lat' dir='ltr'><strong>et</strong></span> <span class='ocrx_word' id='word_1_417' title='bbox 1638 5076 1917 5146; x_wconf 81' lang='lat' dir='ltr'><strong>justiﬁcatc</strong></span> 
     </span>
    </p>
   </div>
   <div class='ocr_carea' id='block_1_55' title="bbox 360 5166 1911 5236">
    <p class='ocr_par' dir='ltr' id='par_1_55' title="bbox 360 5166 1911 5236">
     <span class='ocr_line' id='line_1_55' title="bbox 360 5166 1911 5236; baseline -0.011 -2"><span class='ocrx_word' id='word_1_418' title='bbox 360 5180 548 5233; x_wconf 68' lang='lat' dir='ltr'><strong>Iidem.</strong></span> <span class='ocrx_word' id='word_1_419' title='bbox 576 5181 788 5235; x_wconf 74' lang='lat' dir='ltr'><strong>Multam</strong></span> <span class='ocrx_word' id='word_1_420' title='bbox 824 5175 994 5232; x_wconf 83' lang='lat' dir='ltr'><strong>habet</strong></span> <span class='ocrx_word' id='word_1_421' title='bbox 1017 5172 1278 5227; x_wconf 88' lang='lat' dir='ltr'><strong>rationem</strong></span> <span class='ocrx_word' id='word_1_422' title='bbox 1325 5170 1483 5233; x_wconf 88' lang='lat' dir='ltr'><strong>Deus,</strong></span> <span class='ocrx_word' id='word_1_423' title='bbox 1535 5184 1603 5221; x_wconf 92' lang='lat' dir='ltr'><strong>ne</strong></span> <span class='ocrx_word' id='word_1_424' title='bbox 1652 5166 1911 5236; x_wconf 77' lang='lat' dir='ltr'><strong>quiSpiam</strong></span> 
     </span>
    </p>
   </div>
   <div class='ocr_carea' id='block_1_56' title="bbox 364 5258 1915 5345">
    <p class='ocr_par' dir='ltr' id='par_1_56' title="bbox 364 5258 1915 5345">
     <span class='ocr_line' id='line_1_56' title="bbox 364 5258 1915 5345; baseline -0.011 -18"><span class='ocrx_word' id='word_1_425' title='bbox 364 5274 477 5327; x_wconf 76' lang='lat' dir='ltr'><strong>male</strong></span> <span class='ocrx_word' id='word_1_426' title='bbox 499 5277 741 5345; x_wconf 84' lang='lat' dir='ltr'><strong>patiatur;</strong></span> <span class='ocrx_word' id='word_1_427' title='bbox 766 5270 1035 5341; x_wconf 87' lang='lat' dir='ltr'><strong>majorem</strong></span> <span class='ocrx_word' id='word_1_428' title='bbox 1062 5279 1211 5329; x_wconf 86' lang='lat' dir='ltr'><strong>vero,</strong></span> <span class='ocrx_word' id='word_1_429' title='bbox 1240 5278 1354 5317; x_wconf 90' lang='lat' dir='ltr'><strong>cum</strong></span> <span class='ocrx_word' id='word_1_430' title='bbox 1376 5263 1409 5316; x_wconf 89' lang='lat' dir='ltr'><strong>ii</strong></span> <span class='ocrx_word' id='word_1_431' title='bbox 1435 5261 1688 5331; x_wconf 63' lang='lat' dir='ltr'><strong>qui‘male</strong></span> <span class='ocrx_word' id='word_1_432' title='bbox 1711 5258 1915 5327; x_wconf 87' lang='lat' dir='ltr'><strong>patiun-</strong></span> 
     </span>
    </p>
   </div>
   <div class='ocr_carea' id='block_1_57' title="bbox 416 5426 1914 5496">
    <p class='ocr_par' dir='ltr' id='par_1_57' title="bbox 416 5426 1914 5496">
     <span class='ocr_line' id='line_1_57' title="bbox 416 5426 1914 5496; baseline -0.002 -32"><span class='ocrx_word' id='word_1_433' title='bbox 416 5436 430 5464; x_wconf 80' lang='grc'><strong>1</strong></span> <span class='ocrx_word' id='word_1_434' title='bbox 717 5447 827 5496; x_wconf 43' lang='grc' dir='ltr'><strong>εφη-ν</strong></span> <span class='ocrx_word' id='word_1_435' title='bbox 850 5441 924 5492; x_wconf 59' lang='grc' dir='ltr'><strong>τὰρ</strong></span> <span class='ocrx_word' id='word_1_436' title='bbox 948 5439 1097 5496; x_wconf 49' lang='grc' dir='ltr'><strong>-ιξώη</strong></span> <span class='ocrx_word' id='word_1_437' title='bbox 1132 5431 1194 5496; x_wconf 59' lang='grc' dir='ltr'><strong>ξτι</strong></span> <span class='ocrx_word' id='word_1_438' title='bbox 1231 5426 1388 5496; x_wconf 52' lang='grc' dir='ltr'><strong>ὅλα-ξπ</strong></span> <span class='ocrx_word' id='word_1_439' title='bbox 1411 5428 1570 5496; x_wconf 46' lang='grc' dir='ltr'><strong>ὅλουΛῷ</strong></span> <span class='ocrx_word' id='word_1_440' title='bbox 1602 5429 1774 5479; x_wconf 48' lang='lat' dir='ltr'><strong>tempta,</strong></span> <span class='ocrx_word' id='word_1_441' title='bbox 1804 5429 1914 5465; x_wconf 74' lang='grc' dir='ltr'><strong>τοῦτο</strong></span> 
     </span>
    </p>
   </div>
   <div class='ocr_carea' id='block_1_58' title="bbox 364 5480 1916 5563">
    <p class='ocr_par' dir='ltr' id='par_1_58' title="bbox 364 5480 1916 5563">
     <span class='ocr_line' id='line_1_58' title="bbox 364 5480 1916 5563; baseline 0.002 -3"><span class='ocrx_word' id='word_1_442' title='bbox 364 5480 684 5560; x_wconf 57' lang='lat' dir='ltr'><strong>mulino-&quot;&#39;7&#39;.</strong></span> <span class='ocrx_word' id='word_1_443' title='bbox 701 5480 1650 5563; x_wconf 48' lang='lat' dir='ltr'><strong>jiiiih&#39;ﬁbisiutﬂaiﬁﬁe‘iét&#39;ﬁliiii}?</strong></span> <span class='ocrx_word' id='word_1_444' title='bbox 1670 5488 1916 5563; x_wconf 47' lang='lat'><strong>$91.21*:</strong></span> 
     </span>
    </p>
   </div>
   <div class='ocr_carea' id='block_1_59' title="bbox 362 5538 1917 5629">
    <p class='ocr_par' dir='ltr' id='par_1_59' title="bbox 362 5538 1917 5629">
     <span class='ocr_line' id='line_1_59' title="bbox 362 5538 1917 5629; baseline 0 0"><span class='ocrx_word' id='word_1_445' title='bbox 362 5538 549 5629; x_wconf 47' lang='grc' dir='ltr'><strong>ἐξ</strong></span> <span class='ocrx_word' id='word_1_446' title='bbox 697 5538 849 5616; x_wconf 61' lang='grc' dir='ltr'><strong>ἕέὲῖοῗ</strong></span> <span class='ocrx_word' id='word_1_447' title='bbox 869 5538 927 5629; x_wconf 62' lang='grc' dir='ltr'><strong>ἑὲ</strong></span> <span class='ocrx_word' id='word_1_448' title='bbox 950 5553 1031 5620; x_wconf 66' lang='lat' dir='ltr'><strong>sic</strong></span> <span class='ocrx_word' id='word_1_449' title='bbox 1262 5542 1430 5629; x_wconf 64' lang='grc' dir='ltr'><strong>,ἓνξξίίξ</strong></span> <span class='ocrx_word' id='word_1_450' title='bbox 1447 5541 1633 5596; x_wconf 63' lang='grc' dir='ltr'><strong>⁰¹³τίυτν</strong></span> <span class='ocrx_word' id='word_1_451' title='bbox 1676 5538 1917 5629; x_wconf 45' lang='lat' dir='ltr'><strong>Si“???</strong></span> 
     </span>
    </p>
   </div>
   <div class='ocr_carea' id='block_1_60' title="bbox 353 5598 1915 5677">
    <p class='ocr_par' dir='ltr' id='par_1_60' title="bbox 353 5598 1915 5677">
     <span class='ocr_line' id='line_1_60' title="bbox 353 5598 1915 5677; baseline 0.02 -8"><span class='ocrx_word' id='word_1_452' title='bbox 353 5598 551 5675; x_wconf 43' lang='lat' dir='ltr'><strong>ista;</strong></span> <span class='ocrx_word' id='word_1_453' title='bbox 573 5598 679 5677; x_wconf 58' lang='grc' dir='ltr'><strong>ξας.</strong></span> <span class='ocrx_word' id='word_1_454' title='bbox 1010 5598 1150 5677; x_wconf 65' lang='lat' dir='ltr'><strong>quea</strong></span> <span class='ocrx_word' id='word_1_455' title='bbox 1175 5611 1299 5655; x_wconf 68' lang='lat' dir='ltr'><strong>ww</strong></span> <span class='ocrx_word' id='word_1_456' title='bbox 1323 5602 1553 5677; x_wconf 55' lang='lat' dir='ltr'><strong>teme:</strong></span> <span class='ocrx_word' id='word_1_457' title='bbox 1586 5598 1765 5677; x_wconf 55' lang='lat' dir='ltr'><strong>“9W</strong></span> <span class='ocrx_word' id='word_1_458' title='bbox 1791 5606 1915 5648; x_wconf 61' lang='lat' dir='ltr'>W</span> 
     </span>
    </p>
   </div>
   <div class='ocr_carea' id='block_1_61' title="bbox 344 5662 1913 5749">
    <p class='ocr_par' dir='ltr' id='par_1_61' title="bbox 344 5662 1913 5749">
     <span class='ocr_line' id='line_1_61' title="bbox 344 5662 1913 5749; baseline -0.015 -17"><span class='ocrx_word' id='word_1_459' title='bbox 344 5662 995 5749; x_wconf 48' lang='grc' dir='ltr'><strong>ἶὸἶοξᾘιξῖξί,</strong></span> <span class='ocrx_word' id='word_1_460' title='bbox 1023 5662 1146 5722; x_wconf 73' lang='lat' dir='ltr'><strong>huic</strong></span> <span class='ocrx_word' id='word_1_461' title='bbox 1165 5663 1393 5730; x_wconf 70' lang='grc' dir='ltr'><strong>ρτοαηήο</strong></span> <span class='ocrx_word' id='word_1_462' title='bbox 1602 5662 1662 5715; x_wconf 84' lang='lat' dir='ltr'><strong>sit</strong></span> <span class='ocrx_word' id='word_1_463' title='bbox 1691 5675 1707 5711; x_wconf 92' lang='lat'><em>:</em></span> <span class='ocrx_word' id='word_1_464' title='bbox 1734 5673 1913 5723; x_wconf 88' lang='lat' dir='ltr'><strong>nempe</strong></span> 
     </span>
    </p>
   </div>
   <div class='ocr_carea' id='block_1_62' title="bbox 339 5704 698 5805">
    <p class='ocr_par' dir='ltr' id='par_1_62' title="bbox 339 5704 698 5805">
     <span class='ocr_line' id='line_1_62' title="bbox 339 5704 698 5805; baseline -0.008 0"><span class='ocrx_word' id='word_1_465' title='bbox 339 5704 698 5805; x_wconf 61' lang='lat' dir='ltr'><strong>me:</strong></span> 
     </span>
    </p>
   </div>
   <div class='ocr_carea' id='block_1_63' title="bbox 1988 388 3569 460">
    <p class='ocr_par' dir='ltr' id='par_1_63' title="bbox 1988 388 3569 460">
     <span class='ocr_line' id='line_1_63' title="bbox 1988 388 3569 460; baseline 0.009 -16"><span class='ocrx_word' id='word_1_466' title='bbox 1988 397 2097 455; x_wconf 92' lang='lat' dir='ltr'><strong>tur,</strong></span> <span class='ocrx_word' id='word_1_467' title='bbox 2127 389 2226 446; x_wconf 87' lang='lat' dir='ltr'><strong>alia</strong></span> <span class='ocrx_word' id='word_1_468' title='bbox 2255 388 2569 446; x_wconf 85' lang='lat' dir='ltr'><strong>circumdati</strong></span> <span class='ocrx_word' id='word_1_469' title='bbox 2592 403 2715 450; x_wconf 87' lang='lat' dir='ltr'><strong>sunt</strong></span> <span class='ocrx_word' id='word_1_470' title='bbox 2733 395 3055 453; x_wconf 76' lang='lat' dir='ltr'><strong>calamitate.</strong></span> <span class='ocrx_word' id='word_1_471' title='bbox 3094 398 3328 455; x_wconf 73' lang='lat' dir='ltr'><strong>Viduitas</strong></span> <span class='ocrx_word' id='word_1_472' title='bbox 3345 407 3485 456; x_wconf 80' lang='lat' dir='ltr'><strong>enlnt</strong></span> <span class='ocrx_word' id='word_1_473' title='bbox 3509 415 3569 460; x_wconf 84' lang='lat' dir='ltr'><strong>et</strong></span> 
     </span>
    </p>
   </div>
   <div class='ocr_carea' id='block_1_64' title="bbox 1990 484 3568 555">
    <p class='ocr_par' dir='ltr' id='par_1_64' title="bbox 1990 484 3568 555">
     <span class='ocr_line' id='line_1_64' title="bbox 1990 484 3568 555; baseline 0.004 -18"><span class='ocrx_word' id='word_1_474' title='bbox 1990 484 2259 554; x_wconf 84' lang='lat' dir='ltr'><strong>pupillaris</strong></span> <span class='ocrx_word' id='word_1_475' title='bbox 2294 492 2422 539; x_wconf 68' lang='lat' dir='ltr'><strong>tetas</strong></span> <span class='ocrx_word' id='word_1_476' title='bbox 2450 495 2629 555; x_wconf 86' lang='lat' dir='ltr'><strong>per&#39;se</strong></span> <span class='ocrx_word' id='word_1_477' title='bbox 2656 496 2781 542; x_wconf 85' lang='lat' dir='ltr'><strong>sunt</strong></span> <span class='ocrx_word' id='word_1_478' title='bbox 2802 489 3160 544; x_wconf 82' lang='lat' dir='ltr'><strong>intolerabiles</strong></span> <span class='ocrx_word' id='word_1_479' title='bbox 3188 509 3201 547; x_wconf 91' lang='lat'>:</span> <span class='ocrx_word' id='word_1_480' title='bbox 3234 506 3355 546; x_wconf 89' lang='lat' dir='ltr'><strong>cum</strong></span> <span class='ocrx_word' id='word_1_481' title='bbox 3384 496 3568 544; x_wconf 86' lang='lat' dir='ltr'><strong>autem</strong></span> 
     </span>
    </p>
   </div>
   <div class='ocr_carea' id='block_1_65' title="bbox 1989 577 3573 652">
    <p class='ocr_par' dir='ltr' id='par_1_65' title="bbox 1989 577 3573 652">
     <span class='ocr_line' id='line_1_65' title="bbox 1989 577 3573 652; baseline 0.004 -23"><span class='ocrx_word' id='word_1_482' title='bbox 1989 579 2059 630; x_wconf 85' lang='lat' dir='ltr'><strong>ab</strong></span> <span class='ocrx_word' id='word_1_483' title='bbox 2081 577 2200 631; x_wconf 83' lang='lat' dir='ltr'><strong>aliis</strong></span> <span class='ocrx_word' id='word_1_484' title='bbox 2225 577 2419 633; x_wconf 84' lang='lat' dir='ltr'><strong>damno</strong></span> <span class='ocrx_word' id='word_1_485' title='bbox 2444 579 2781 644; x_wconf 79' lang='lat' dir='ltr'><strong>afﬁciuntur,</strong></span> <span class='ocrx_word' id='word_1_486' title='bbox 2831 590 2955 635; x_wconf 88' lang='lat' dir='ltr'><strong>tunc</strong></span> <span class='ocrx_word' id='word_1_487' title='bbox 2999 584 3193 652; x_wconf 80' lang='lat' dir='ltr'><strong>duplex</strong></span> <span class='ocrx_word' id='word_1_488' title='bbox 3231 594 3313 640; x_wconf 86' lang='lat' dir='ltr'><strong>est</strong></span> <span class='ocrx_word' id='word_1_489' title='bbox 3355 587 3573 639; x_wconf 74' lang='lat' dir='ltr'><strong>naufra-</strong></span> 
     </span>
    </p>
   </div>
   <div class='ocr_carea' id='block_1_66' title="bbox 1991 670 3568 741">
    <p class='ocr_par' dir='ltr' id='par_1_66' title="bbox 1991 670 3568 741">
     <span class='ocr_line' id='line_1_66' title="bbox 1991 670 3568 741; baseline 0.005 -18"><span class='ocrx_word' id='word_1_490' title='bbox 1991 670 2154 739; x_wconf 86' lang='lat' dir='ltr'><strong>gium.</strong></span> <span class='ocrx_word' id='word_1_491' title='bbox 2190 671 2275 726; x_wconf 86' lang='grc'><strong>18.</strong></span> <span class='ocrx_word' id='word_1_492' title='bbox 2308 671 2373 724; x_wconf 85' lang='lat' dir='ltr'><strong>Et</strong></span> <span class='ocrx_word' id='word_1_493' title='bbox 2411 673 2602 737; x_wconf 77' lang='lat' dir='ltr'><strong>venite,</strong></span> <span class='ocrx_word' id='word_1_494' title='bbox 2652 684 2700 725; x_wconf 86' lang='lat' dir='ltr'><strong>et</strong></span> <span class='ocrx_word' id='word_1_495' title='bbox 2738 673 3086 741; x_wconf 60' lang='lat' dir='ltr'><strong>disceptent”,</strong></span> <span class='ocrx_word' id='word_1_496' title='bbox 3138 677 3258 729; x_wconf 84' lang='lat' dir='ltr'><strong>dicit</strong></span> <span class='ocrx_word' id='word_1_497' title='bbox 3302 676 3568 731; x_wconf 76' lang='lat' dir='ltr'><strong>Dominus.</strong></span> 
     </span>
    </p>
   </div>
   <div class='ocr_carea' id='block_1_67' title="bbox 1990 763 3571 835">
    <p class='ocr_par' dir='ltr' id='par_1_67' title="bbox 1990 763 3571 835">
     <span class='ocr_line' id='line_1_67' title="bbox 1990 763 3571 835; baseline 0.002 -18"><span class='ocrx_word' id='word_1_498' title='bbox 1990 763 2387 817; x_wconf 81' lang='lat' dir='ltr'><strong>Observandum</strong></span> <span class='ocrx_word' id='word_1_499' title='bbox 2418 773 2499 819; x_wconf 91' lang='lat' dir='ltr'><strong>est</strong></span> <span class='ocrx_word' id='word_1_500' title='bbox 2529 764 2721 833; x_wconf 89' lang='lat' dir='ltr'><strong>ubique</strong></span> <span class='ocrx_word' id='word_1_501' title='bbox 2746 765 2880 835; x_wconf 85' lang='lat' dir='ltr'><strong>apud</strong></span> <span class='ocrx_word' id='word_1_502' title='bbox 2916 767 3202 833; x_wconf 84' lang='lat' dir='ltr'><strong>prophetas</strong></span> <span class='ocrx_word' id='word_1_503' title='bbox 3233 767 3361 822; x_wconf 73' lang='lat' dir='ltr'><strong>nihil</strong></span> <span class='ocrx_word' id='word_1_504' title='bbox 3407 768 3571 822; x_wconf 81' lang='lat' dir='ltr'><strong>Deunt</strong></span> 
     </span>
    </p>
   </div>
   <div class='ocr_carea' id='block_1_68' title="bbox 1994 859 3572 929">
    <p class='ocr_par' dir='ltr' id='par_1_68' title="bbox 1994 859 3572 929">
     <span class='ocr_line' id='line_1_68' title="bbox 1994 859 3572 929; baseline 0 -17"><span class='ocrx_word' id='word_1_505' title='bbox 1994 859 2063 913; x_wconf 88' lang='lat' dir='ltr'><strong>ita</strong></span> <span class='ocrx_word' id='word_1_506' title='bbox 2085 859 2377 927; x_wconf 87' lang='lat' dir='ltr'><strong>requirere.</strong></span> <span class='ocrx_word' id='word_1_507' title='bbox 2408 874 2564 929; x_wconf 86' lang='lat' dir='ltr'><strong>quam</strong></span> <span class='ocrx_word' id='word_1_508' title='bbox 2589 868 2644 912; x_wconf 90' lang='lat' dir='ltr'><strong>ut</strong></span> <span class='ocrx_word' id='word_1_509' title='bbox 2678 859 2865 927; x_wconf 87' lang='lat' dir='ltr'><strong>injuria</strong></span> <span class='ocrx_word' id='word_1_510' title='bbox 2903 859 3072 912; x_wconf 64' lang='lat' dir='ltr'><strong>affecti</strong></span> <span class='ocrx_word' id='word_1_511' title='bbox 3102 860 3454 917; x_wconf 82' lang='lat' dir='ltr'><strong>vindicentur.</strong></span> <span class='ocrx_word' id='word_1_512' title='bbox 3486 861 3572 916; x_wconf 78' lang='lat' dir='ltr'><strong>Sic</strong></span> 
     </span>
    </p>
   </div>
   <div class='ocr_carea' id='block_1_69' title="bbox 1992 948 3574 1017">
    <p class='ocr_par' dir='ltr' id='par_1_69' title="bbox 1992 948 3574 1017">
     <span class='ocr_line' id='line_1_69' title="bbox 1992 948 3574 1017; baseline 0 -14"><span class='ocrx_word' id='word_1_513' title='bbox 1992 960 2046 1003; x_wconf 90' lang='lat' dir='ltr'><strong>et</strong></span> <span class='ocrx_word' id='word_1_514' title='bbox 2097 948 2255 1011; x_wconf 85' lang='lat' dir='ltr'><strong>alibi.</strong></span> <span class='ocrx_word' id='word_1_515' title='bbox 2305 958 2363 1003; x_wconf 93' lang='lat' dir='ltr'><strong>ut</strong></span> <span class='ocrx_word' id='word_1_516' title='bbox 2410 950 2545 1017; x_wconf 87' lang='lat' dir='ltr'><strong>apud</strong></span> <span class='ocrx_word' id='word_1_517' title='bbox 2602 950 2873 1003; x_wconf 78' lang='lat' dir='ltr'><strong>Miclneam</strong></span> <span class='ocrx_word' id='word_1_518' title='bbox 2899 950 3199 1004; x_wconf 72' lang='lat' dir='ltr'><strong>dicentibus</strong></span> <span class='ocrx_word' id='word_1_519' title='bbox 3239 950 3436 1007; x_wconf 68' lang='lat' dir='ltr'><strong>Jttdmis</strong></span> <span class='ocrx_word' id='word_1_520' title='bbox 3469 970 3481 1004; x_wconf 90' lang='lat'><strong>:</strong></span> <span class='ocrx_word' id='word_1_521' title='bbox 3514 952 3574 1007; x_wconf 96' lang='lat' dir='ltr'><strong>Si</strong></span> 
     </span>
    </p>
   </div>
   <div class='ocr_carea' id='block_1_70' title="bbox 1994 1039 3575 1113">
    <p class='ocr_par' dir='ltr' id='par_1_70' title="bbox 1994 1039 3575 1113">
     <span class='ocr_line' id='line_1_70' title="bbox 1994 1039 3575 1113; baseline 0.004 -21"><span class='ocrx_word' id='word_1_522' title='bbox 1994 1039 2123 1093; x_wconf 85' lang='lat' dir='ltr'><strong>dabo</strong></span> <span class='ocrx_word' id='word_1_523' title='bbox 2148 1040 2475 1109; x_wconf 83' lang='lat' dir='ltr'><strong>primogenita</strong></span> <span class='ocrx_word' id='word_1_524' title='bbox 2505 1057 2614 1093; x_wconf 81' lang='lat' dir='ltr'><strong>mea</strong></span> <span class='ocrx_word' id='word_1_525' title='bbox 2640 1058 2731 1110; x_wconf 82' lang='lat' dir='ltr'><strong>pro</strong></span> <span class='ocrx_word' id='word_1_526' title='bbox 2772 1041 3022 1107; x_wconf 84' lang='lat' dir='ltr'><strong>impietate</strong></span> <span class='ocrx_word' id='word_1_527' title='bbox 3047 1059 3175 1107; x_wconf 87' lang='lat' dir='ltr'><strong>mea,</strong></span> <span class='ocrx_word' id='word_1_528' title='bbox 3204 1046 3425 1113; x_wconf 76' lang='lat' dir='ltr'><strong>fractum</strong></span> <span class='ocrx_word' id='word_1_529' title='bbox 3447 1048 3575 1097; x_wconf 79' lang='lat' dir='ltr'><strong>uteri</strong></span> 
     </span>
    </p>
   </div>
   <div class='ocr_carea' id='block_1_71' title="bbox 1994 1130 3568 1205">
    <p class='ocr_par' dir='ltr' id='par_1_71' title="bbox 1994 1130 3568 1205">
     <span class='ocr_line' id='line_1_71' title="bbox 1994 1130 3568 1205; baseline 0.003 -22"><span class='ocrx_word' id='word_1_530' title='bbox 1994 1132 2089 1185; x_wconf 85' lang='lat' dir='ltr'><strong>mei</strong></span> <span class='ocrx_word' id='word_1_531' title='bbox 2114 1148 2206 1200; x_wconf 81' lang='lat' dir='ltr'><strong>pro</strong></span> <span class='ocrx_word' id='word_1_532' title='bbox 2228 1141 2429 1199; x_wconf 78' lang='lat' dir='ltr'><strong>peccato</strong></span> <span class='ocrx_word' id='word_1_533' title='bbox 2453 1132 2633 1185; x_wconf 75' lang='lat' dir='ltr'><strong>anitme</strong></span> <span class='ocrx_word' id='word_1_534' title='bbox 2662 1148 2786 1185; x_wconf 69' lang='lat' dir='ltr'><strong>mea:</strong></span> <span class='ocrx_word' id='word_1_535' title='bbox 2804 1130 2983 1202; x_wconf 79' lang='lat' dir='ltr'><strong>(Mich.</strong></span> <span class='ocrx_word' id='word_1_536' title='bbox 3010 1132 3061 1187; x_wconf 83' lang='lat'><strong>6.</strong></span> <span class='ocrx_word' id='word_1_537' title='bbox 3086 1133 3137 1188; x_wconf 88' lang='lat'><strong>7.</strong></span> <span class='ocrx_word' id='word_1_538' title='bbox 3163 1134 3242 1205; x_wconf 73' lang='lat'><strong>8),</strong></span> <span class='ocrx_word' id='word_1_539' title='bbox 3267 1136 3533 1204; x_wconf 77' lang='lat' dir='ltr'><strong>subjunin</strong></span> <span class='ocrx_word' id='word_1_540' title='bbox 3556 1155 3568 1188; x_wconf 91' lang='lat'>:</span> 
     </span>
    </p>
   </div>
   <div class='ocr_carea' id='block_1_72' title="bbox 1995 1224 3576 1298">
    <p class='ocr_par' dir='ltr' id='par_1_72' title="bbox 1995 1224 3576 1298">
     <span class='ocr_line' id='line_1_72' title="bbox 1995 1224 3576 1298; baseline 0.003 -20"><span class='ocrx_word' id='word_1_541' title='bbox 1995 1224 2316 1278; x_wconf 76' lang='lat' dir='ltr'><strong>Annttntiabo</strong></span> <span class='ocrx_word' id='word_1_542' title='bbox 2342 1225 2447 1289; x_wconf 84' lang='lat' dir='ltr'><strong>tibi,</strong></span> <span class='ocrx_word' id='word_1_543' title='bbox 2476 1224 2643 1288; x_wconf 77' lang='lat' dir='ltr'><strong>homo,</strong></span> <span class='ocrx_word' id='word_1_544' title='bbox 2669 1226 2788 1293; x_wconf 76' lang='lat' dir='ltr'><strong>quid</strong></span> <span class='ocrx_word' id='word_1_545' title='bbox 2807 1227 2871 1278; x_wconf 89' lang='lat' dir='ltr'><strong>sit</strong></span> <span class='ocrx_word' id='word_1_546' title='bbox 2894 1225 3095 1289; x_wconf 79' lang='lat' dir='ltr'><strong>bonum,</strong></span> <span class='ocrx_word' id='word_1_547' title='bbox 3118 1238 3163 1280; x_wconf 87' lang='lat' dir='ltr'><strong>et</strong></span> <span class='ocrx_word' id='word_1_548' title='bbox 3186 1229 3307 1298; x_wconf 80' lang='lat' dir='ltr'><strong>quid</strong></span> <span class='ocrx_word' id='word_1_549' title='bbox 3331 1227 3576 1282; x_wconf 78' lang='lat' dir='ltr'><strong>Dominus</strong></span> 
     </span>
    </p>
   </div>
   <div class='ocr_carea' id='block_1_73' title="bbox 1994 1318 3571 1391">
    <p class='ocr_par' dir='ltr' id='par_1_73' title="bbox 1994 1318 3571 1391">
     <span class='ocr_line' id='line_1_73' title="bbox 1994 1318 3571 1391; baseline 0.001 -20"><span class='ocrx_word' id='word_1_550' title='bbox 1994 1320 2214 1389; x_wconf 74' lang='lat' dir='ltr'><strong>requirat</strong></span> <span class='ocrx_word' id='word_1_551' title='bbox 2248 1336 2278 1370; x_wconf 92' lang='lat' dir='ltr'><strong>a</strong></span> <span class='ocrx_word' id='word_1_552' title='bbox 2308 1328 2373 1380; x_wconf 89' lang='lat' dir='ltr'><strong>te,</strong></span> <span class='ocrx_word' id='word_1_553' title='bbox 2403 1318 2500 1371; x_wconf 83' lang='lat' dir='ltr'><strong>nisi</strong></span> <span class='ocrx_word' id='word_1_554' title='bbox 2528 1328 2580 1369; x_wconf 85' lang='lat' dir='ltr'><strong>ut</strong></span> <span class='ocrx_word' id='word_1_555' title='bbox 2607 1318 2767 1388; x_wconf 81' lang='lat' dir='ltr'><strong>facias</strong></span> <span class='ocrx_word' id='word_1_556' title='bbox 2780 1319 3053 1387; x_wconf 80' lang='lat' dir='ltr'><strong>judicium,</strong></span> <span class='ocrx_word' id='word_1_557' title='bbox 3085 1329 3133 1372; x_wconf 87' lang='lat' dir='ltr'><strong>et</strong></span> <span class='ocrx_word' id='word_1_558' title='bbox 3167 1321 3349 1391; x_wconf 84' lang='lat' dir='ltr'><strong>diligas</strong></span> <span class='ocrx_word' id='word_1_559' title='bbox 3374 1322 3571 1375; x_wconf 86' lang='lat' dir='ltr'><strong>miseri-</strong></span> 
     </span>
    </p>
   </div>
   <div class='ocr_carea' id='block_1_74' title="bbox 1996 1408 3573 1479">
    <p class='ocr_par' dir='ltr' id='par_1_74' title="bbox 1996 1408 3573 1479">
     <span class='ocr_line' id='line_1_74' title="bbox 1996 1408 3573 1479; baseline 0 -17"><span class='ocrx_word' id='word_1_560' title='bbox 1996 1409 2241 1474; x_wconf 88' lang='lat' dir='ltr'><strong>cordiam,</strong></span> <span class='ocrx_word' id='word_1_561' title='bbox 2267 1420 2315 1461; x_wconf 89' lang='lat' dir='ltr'><strong>et</strong></span> <span class='ocrx_word' id='word_1_562' title='bbox 2340 1418 2547 1479; x_wconf 79' lang='lat' dir='ltr'><strong>paratus</strong></span> <span class='ocrx_word' id='word_1_563' title='bbox 2574 1414 2641 1461; x_wconf 83' lang='lat' dir='ltr'><strong>sis</strong></span> <span class='ocrx_word' id='word_1_564' title='bbox 2667 1409 2733 1461; x_wconf 82' lang='lat' dir='ltr'><strong>ad</strong></span> <span class='ocrx_word' id='word_1_565' title='bbox 2754 1408 3115 1461; x_wconf 67' lang='lat' dir='ltr'><strong>ambulandum</strong></span> <span class='ocrx_word' id='word_1_566' title='bbox 3146 1421 3257 1478; x_wconf 83' lang='lat' dir='ltr'><strong>post</strong></span> <span class='ocrx_word' id='word_1_567' title='bbox 3300 1410 3573 1465; x_wconf 72' lang='lat' dir='ltr'><strong>Duntinwu</strong></span> 
     </span>
    </p>
   </div>
   <div class='ocr_carea' id='block_1_75' title="bbox 1996 1501 3574 1571">
    <p class='ocr_par' dir='ltr' id='par_1_75' title="bbox 1996 1501 3574 1571">
     <span class='ocr_line' id='line_1_75' title="bbox 1996 1501 3574 1571; baseline -0.001 -16"><span class='ocrx_word' id='word_1_568' title='bbox 1996 1501 2160 1556; x_wconf 75' lang='lat' dir='ltr'><strong>Deum</strong></span> <span class='ocrx_word' id='word_1_569' title='bbox 2179 1511 2339 1555; x_wconf 77' lang='lat' dir='ltr'><strong>tuum.</strong></span> <span class='ocrx_word' id='word_1_570' title='bbox 2367 1503 2443 1555; x_wconf 80' lang='lat' dir='ltr'><strong>Ac</strong></span> <span class='ocrx_word' id='word_1_571' title='bbox 2471 1517 2654 1555; x_wconf 86' lang='lat' dir='ltr'><strong>rursus</strong></span> <span class='ocrx_word' id='word_1_572' title='bbox 2704 1502 2957 1571; x_wconf 84' lang='lat' dir='ltr'><strong>propheta</strong></span> <span class='ocrx_word' id='word_1_573' title='bbox 2991 1502 3151 1556; x_wconf 85' lang='lat' dir='ltr'><strong>David</strong></span> <span class='ocrx_word' id='word_1_574' title='bbox 3194 1503 3403 1557; x_wconf 75' lang='lat' dir='ltr'><strong>dicebat</strong></span> <span class='ocrx_word' id='word_1_575' title='bbox 3431 1520 3444 1555; x_wconf 89' lang='lat'><strong>:</strong></span> <span class='ocrx_word' id='word_1_576' title='bbox 3472 1502 3574 1556; x_wconf 69' lang='lat' dir='ltr'><strong>Ni-</strong></span> 
     </span>
    </p>
   </div>
   <div class='ocr_carea' id='block_1_76' title="bbox 1995 1593 3569 1666">
    <p class='ocr_par' dir='ltr' id='par_1_76' title="bbox 1995 1593 3569 1666">
     <span class='ocr_line' id='line_1_76' title="bbox 1995 1593 3569 1666; baseline 0 -18"><span class='ocrx_word' id='word_1_577' title='bbox 1995 1595 2319 1648; x_wconf 84' lang='lat' dir='ltr'><strong>sericordiam</strong></span> <span class='ocrx_word' id='word_1_578' title='bbox 2351 1605 2397 1647; x_wconf 91' lang='lat' dir='ltr'><strong>et</strong></span> <span class='ocrx_word' id='word_1_579' title='bbox 2433 1595 2685 1663; x_wconf 71' lang='lat' dir='ltr'><strong>judicium</strong></span> <span class='ocrx_word' id='word_1_580' title='bbox 2726 1593 2936 1650; x_wconf 70' lang='lat' dir='ltr'><strong>mutabo</strong></span> <span class='ocrx_word' id='word_1_581' title='bbox 2987 1595 3094 1657; x_wconf 75' lang='lat' dir='ltr'><strong>tibi,</strong></span> <span class='ocrx_word' id='word_1_582' title='bbox 3152 1593 3365 1649; x_wconf 82' lang='lat' dir='ltr'><strong>Domine</strong></span> <span class='ocrx_word' id='word_1_583' title='bbox 3391 1594 3569 1666; x_wconf 80' lang='lat' dir='ltr'><strong>(Pul.</strong></span> 
     </span>
    </p>
   </div>
   <div class='ocr_carea' id='block_1_77' title="bbox 2000 1687 3575 1758">
    <p class='ocr_par' dir='ltr' id='par_1_77' title="bbox 2000 1687 3575 1758">
     <span class='ocr_line' id='line_1_77' title="bbox 2000 1687 3575 1758; baseline -0.003 -14"><span class='ocrx_word' id='word_1_584' title='bbox 2000 1691 2120 1744; x_wconf 78' lang='grc'><strong>100.</strong></span> <span class='ocrx_word' id='word_1_585' title='bbox 2160 1689 2246 1758; x_wconf 86' lang='grc'><strong>1).</strong></span> <span class='ocrx_word' id='word_1_586' title='bbox 2281 1687 2347 1741; x_wconf 82' lang='lat' dir='ltr'><strong>Et</strong></span> <span class='ocrx_word' id='word_1_587' title='bbox 2376 1689 2553 1741; x_wconf 77' lang='lat' dir='ltr'><strong>venite.</strong></span> <span class='ocrx_word' id='word_1_588' title='bbox 2586 1687 2866 1756; x_wconf 82' lang='lat' dir='ltr'><strong>Postquam</strong></span> <span class='ocrx_word' id='word_1_589' title='bbox 2910 1687 3377 1753; x_wconf 68' lang='lat' dir='ltr'><strong>justiticatimtibus</strong></span> <span class='ocrx_word' id='word_1_590' title='bbox 3427 1702 3575 1741; x_wconf 78' lang='lat' dir='ltr'><strong>com-</strong></span> 
     </span>
    </p>
   </div>
   <div class='ocr_carea' id='block_1_78' title="bbox 2000 1778 3575 1847">
    <p class='ocr_par' dir='ltr' id='par_1_78' title="bbox 2000 1778 3575 1847">
     <span class='ocr_line' id='line_1_78' title="bbox 2000 1778 3575 1847; baseline -0.002 -12"><span class='ocrx_word' id='word_1_591' title='bbox 2000 1782 2242 1845; x_wconf 79' lang='lat' dir='ltr'><strong>munivit,</strong></span> <span class='ocrx_word' id='word_1_592' title='bbox 2268 1790 2390 1834; x_wconf 88' lang='lat' dir='ltr'><strong>tunc</strong></span> <span class='ocrx_word' id='word_1_593' title='bbox 2436 1779 2501 1834; x_wconf 88' lang='lat' dir='ltr'><strong>ad</strong></span> <span class='ocrx_word' id='word_1_594' title='bbox 2529 1780 2757 1833; x_wconf 76' lang='lat' dir='ltr'><strong>tribunal</strong></span> <span class='ocrx_word' id='word_1_595' title='bbox 2785 1778 2944 1832; x_wconf 80' lang='lat' dir='ltr'><strong>trahit</strong></span> <span class='ocrx_word' id='word_1_596' title='bbox 2972 1796 2986 1834; x_wconf 86' lang='lat'><strong>:</strong></span> <span class='ocrx_word' id='word_1_597' title='bbox 3015 1789 3067 1832; x_wconf 85' lang='lat' dir='ltr'><strong>et</strong></span> <span class='ocrx_word' id='word_1_598' title='bbox 3092 1788 3368 1847; x_wconf 78' lang='lat' dir='ltr'><strong>postquam</strong></span> <span class='ocrx_word' id='word_1_599' title='bbox 3395 1780 3575 1834; x_wconf 84' lang='lat' dir='ltr'><strong>docuit</strong></span> 
     </span>
    </p>
   </div>
   <div class='ocr_carea' id='block_1_79' title="bbox 1997 1872 3574 1946">
    <p class='ocr_par' dir='ltr' id='par_1_79' title="bbox 1997 1872 3574 1946">
     <span class='ocr_line' id='line_1_79' title="bbox 1997 1872 3574 1946; baseline -0.001 -19"><span class='ocrx_word' id='word_1_600' title='bbox 1997 1874 2265 1946; x_wconf 82' lang='lat' dir='ltr'><strong>quomodo</strong></span> <span class='ocrx_word' id='word_1_601' title='bbox 2292 1874 2511 1928; x_wconf 90' lang='lat' dir='ltr'><strong>crimina</strong></span> <span class='ocrx_word' id='word_1_602' title='bbox 2534 1881 2749 1937; x_wconf 78' lang='lat' dir='ltr'><strong>exuant,</strong></span> <span class='ocrx_word' id='word_1_603' title='bbox 2784 1879 2905 1926; x_wconf 82' lang='lat' dir='ltr'><strong>tunc</strong></span> <span class='ocrx_word' id='word_1_604' title='bbox 2952 1872 3182 1925; x_wconf 81' lang='lat' dir='ltr'><strong>rationes</strong></span> <span class='ocrx_word' id='word_1_605' title='bbox 3214 1872 3476 1939; x_wconf 76' lang='lat' dir='ltr'><strong>exposuit,</strong></span> <span class='ocrx_word' id='word_1_606' title='bbox 3507 1887 3574 1926; x_wconf 79' lang='lat' dir='ltr'><strong>ac</strong></span> 
     </span>
    </p>
   </div>
   <div class='ocr_carea' id='block_1_80' title="bbox 2001 1963 3572 2031">
    <p class='ocr_par' dir='ltr' id='par_1_80' title="bbox 2001 1963 3572 2031">
     <span class='ocr_line' id='line_1_80' title="bbox 2001 1963 3572 2031; baseline -0.004 -10"><span class='ocrx_word' id='word_1_607' title='bbox 2001 1968 2119 2021; x_wconf 79' lang='lat' dir='ltr'><strong>illus</strong></span> <span class='ocrx_word' id='word_1_608' title='bbox 2146 1965 2454 2020; x_wconf 87' lang='lat' dir='ltr'><strong>defensione</strong></span> <span class='ocrx_word' id='word_1_609' title='bbox 2495 1965 2775 2019; x_wconf 71' lang='lat' dir='ltr'><strong>desuittnos</strong></span> <span class='ocrx_word' id='word_1_610' title='bbox 2812 1963 3208 2031; x_wconf 83' lang='lat' dir='ltr'><strong>reprehendens</strong></span> <span class='ocrx_word' id='word_1_611' title='bbox 3234 1963 3572 2018; x_wconf 84' lang='lat' dir='ltr'><strong>condemnet.</strong></span> 
     </span>
    </p>
   </div>
   <div class='ocr_carea' id='block_1_81' title="bbox 2004 2056 3572 2127">
    <p class='ocr_par' dir='ltr' id='par_1_81' title="bbox 2004 2056 3572 2127">
     <span class='ocr_line' id='line_1_81' title="bbox 2004 2056 3572 2127; baseline -0.001 -15"><span class='ocrx_word' id='word_1_612' title='bbox 2004 2060 2067 2113; x_wconf 84' lang='lat' dir='ltr'><strong>Et</strong></span> <span class='ocrx_word' id='word_1_613' title='bbox 2094 2059 2442 2127; x_wconf 65' lang='lat' dir='ltr'><strong>disceptent&quot;.</strong></span> <span class='ocrx_word' id='word_1_614' title='bbox 2482 2058 2688 2113; x_wconf 79' lang='lat' dir='ltr'><strong>Judicio</strong></span> <span class='ocrx_word' id='word_1_615' title='bbox 2710 2058 3110 2120; x_wconf 75' lang='lat' dir='ltr'><strong>contemiamus,</strong></span> <span class='ocrx_word' id='word_1_616' title='bbox 3147 2057 3221 2109; x_wconf 86' lang='lat' dir='ltr'><strong>ait</strong></span> <span class='ocrx_word' id='word_1_617' title='bbox 3246 2057 3284 2109; x_wconf 77' lang='lat'><strong>&#39;.</strong></span> <span class='ocrx_word' id='word_1_618' title='bbox 3307 2056 3407 2123; x_wconf 85' lang='lat' dir='ltr'><strong>Qui</strong></span> <span class='ocrx_word' id='word_1_619' title='bbox 3429 2056 3572 2126; x_wconf 83' lang='lat' dir='ltr'><strong>judi-</strong></span> 
     </span>
    </p>
   </div>
   <div class='ocr_carea' id='block_1_82' title="bbox 1998 2148 3573 2219">
    <p class='ocr_par' dir='ltr' id='par_1_82' title="bbox 1998 2148 3573 2219">
     <span class='ocr_line' id='line_1_82' title="bbox 1998 2148 3573 2219; baseline -0.003 -12"><span class='ocrx_word' id='word_1_620' title='bbox 1998 2152 2083 2207; x_wconf 90' lang='lat' dir='ltr'><strong>cio</strong></span> <span class='ocrx_word' id='word_1_621' title='bbox 2101 2151 2371 2207; x_wconf 88' lang='lat' dir='ltr'><strong>contendit</strong></span> <span class='ocrx_word' id='word_1_622' title='bbox 2414 2151 2470 2203; x_wconf 90' lang='lat' dir='ltr'><strong>llt</strong></span> <span class='ocrx_word' id='word_1_623' title='bbox 2500 2159 2750 2219; x_wconf 80' lang='lat' dir='ltr'><strong>patronus</strong></span> <span class='ocrx_word' id='word_1_624' title='bbox 2793 2158 2847 2203; x_wconf 91' lang='lat' dir='ltr'><strong>ct</strong></span> <span class='ocrx_word' id='word_1_625' title='bbox 2893 2148 3148 2202; x_wconf 84' lang='lat' dir='ltr'><strong>medicus.</strong></span> <span class='ocrx_word' id='word_1_626' title='bbox 3206 2148 3403 2203; x_wconf 88' lang='lat' dir='ltr'><strong>Deinde</strong></span> <span class='ocrx_word' id='word_1_627' title='bbox 3453 2163 3573 2202; x_wconf 69' lang='lat' dir='ltr'><strong>etne</strong></span> 
     </span>
    </p>
   </div>
   <div class='ocr_carea' id='block_1_83' title="bbox 2000 2239 3565 2310">
    <p class='ocr_par' dir='ltr' id='par_1_83' title="bbox 2000 2239 3565 2310">
     <span class='ocr_line' id='line_1_83' title="bbox 2000 2239 3565 2310; baseline -0.004 -10"><span class='ocrx_word' id='word_1_628' title='bbox 2000 2244 2325 2300; x_wconf 83' lang='lat' dir='ltr'><strong>declarasset</strong></span> <span class='ocrx_word' id='word_1_629' title='bbox 2353 2256 2451 2296; x_wconf 86' lang='lat' dir='ltr'><strong>nos</strong></span> <span class='ocrx_word' id='word_1_630' title='bbox 2477 2242 2682 2296; x_wconf 87' lang='lat' dir='ltr'><strong>etiamsi</strong></span> <span class='ocrx_word' id='word_1_631' title='bbox 2726 2256 2910 2310; x_wconf 79' lang='lat' dir='ltr'><strong>magna</strong></span> <span class='ocrx_word' id='word_1_632' title='bbox 2941 2255 3101 2307; x_wconf 88' lang='lat' dir='ltr'><strong>opera</strong></span> <span class='ocrx_word' id='word_1_633' title='bbox 3149 2239 3450 2302; x_wconf 84' lang='lat' dir='ltr'><strong>fecerimus,</strong></span> <span class='ocrx_word' id='word_1_634' title='bbox 3476 2242 3565 2293; x_wconf 80' lang='lat' dir='ltr'><strong>ad-</strong></span> 
     </span>
    </p>
   </div>
   <div class='ocr_carea' id='block_1_84' title="bbox 2002 2331 3575 2405">
    <p class='ocr_par' dir='ltr' id='par_1_84' title="bbox 2002 2331 3575 2405">
     <span class='ocr_line' id='line_1_84' title="bbox 2002 2331 3575 2405; baseline -0.006 -14"><span class='ocrx_word' id='word_1_635' title='bbox 2002 2339 2103 2391; x_wconf 84' lang='lat' dir='ltr'><strong>ltuc</strong></span> <span class='ocrx_word' id='word_1_636' title='bbox 2128 2336 2242 2405; x_wconf 87' lang='lat' dir='ltr'><strong>ejus</strong></span> <span class='ocrx_word' id='word_1_637' title='bbox 2272 2334 2549 2390; x_wconf 88' lang='lat' dir='ltr'><strong>clementia</strong></span> <span class='ocrx_word' id='word_1_638' title='bbox 2574 2347 2709 2401; x_wconf 88' lang='lat' dir='ltr'><strong>opus</strong></span> <span class='ocrx_word' id='word_1_639' title='bbox 2731 2331 2945 2395; x_wconf 85' lang='lat' dir='ltr'><strong>habere,</strong></span> <span class='ocrx_word' id='word_1_640' title='bbox 2978 2341 3037 2384; x_wconf 90' lang='lat' dir='ltr'><strong>ut</strong></span> <span class='ocrx_word' id='word_1_641' title='bbox 3085 2346 3115 2385; x_wconf 88' lang='lat' dir='ltr'><strong>a</strong></span> <span class='ocrx_word' id='word_1_642' title='bbox 3164 2331 3393 2399; x_wconf 85' lang='lat' dir='ltr'><strong>peccatis</strong></span> <span class='ocrx_word' id='word_1_643' title='bbox 3444 2331 3575 2383; x_wconf 76' lang='lat' dir='ltr'><strong>liii-~-</strong></span> 
     </span>
    </p>
   </div>
   <div class='ocr_carea' id='block_1_85' title="bbox 2002 2410 3572 2495">
    <p class='ocr_par' dir='ltr' id='par_1_85' title="bbox 2002 2410 3572 2495">
     <span class='ocr_line' id='line_1_85' title="bbox 2002 2410 3572 2495; baseline -0.009 -12"><span class='ocrx_word' id='word_1_644' title='bbox 2002 2442 2200 2489; x_wconf 88' lang='lat' dir='ltr'><strong>remur,</strong></span> <span class='ocrx_word' id='word_1_645' title='bbox 2232 2427 2304 2479; x_wconf 85' lang='lat' dir='ltr'><strong>ait</strong></span> <span class='ocrx_word' id='word_1_646' title='bbox 2334 2443 2347 2479; x_wconf 89' lang='lat'><strong>:</strong></span> <span class='ocrx_word' id='word_1_647' title='bbox 2378 2424 2441 2479; x_wconf 88' lang='lat' dir='ltr'><strong>Si</strong></span> <span class='ocrx_word' id='word_1_648' title='bbox 2468 2410 2663 2495; x_wconf 31' lang='lat' dir='ltr'><strong>fuerint.</strong></span> <span class='ocrx_word' id='word_1_649' title='bbox 2692 2433 2893 2494; x_wconf 85' lang='lat' dir='ltr'><strong>peccata</strong></span> <span class='ocrx_word' id='word_1_650' title='bbox 2919 2432 3079 2476; x_wconf 70' lang='lat' dir='ltr'><strong>vestra</strong></span> <span class='ocrx_word' id='word_1_651' title='bbox 3106 2422 3233 2474; x_wconf 73' lang='lat' dir='ltr'><strong>sicut</strong></span> <span class='ocrx_word' id='word_1_652' title='bbox 3257 2422 3572 2483; x_wconf 67' lang='lat' dir='ltr'><strong>vermiculus,</strong></span> 
     </span>
    </p>
   </div>
   <div class='ocr_carea' id='block_1_86' title="bbox 2000 2512 3574 2592">
    <p class='ocr_par' dir='ltr' id='par_1_86' title="bbox 2000 2512 3574 2592">
     <span class='ocr_line' id='line_1_86' title="bbox 2000 2512 3574 2592; baseline -0.007 -18"><span class='ocrx_word' id='word_1_653' title='bbox 2000 2519 2145 2592; x_wconf 79' lang='lat' dir='ltr'><strong>quasi</strong></span> <span class='ocrx_word' id='word_1_654' title='bbox 2164 2519 2321 2572; x_wconf 80' lang='lat' dir='ltr'><strong>nivem</strong></span> <span class='ocrx_word' id='word_1_655' title='bbox 2357 2514 2598 2571; x_wconf 80' lang='lat' dir='ltr'><strong>dealbabo</strong></span> <span class='ocrx_word' id='word_1_656' title='bbox 2625 2531 2644 2569; x_wconf 93' lang='lat'><strong><em>:</em></strong></span> <span class='ocrx_word' id='word_1_657' title='bbox 2667 2530 2730 2569; x_wconf 79' lang='lat' dir='ltr'><strong>ex</strong></span> <span class='ocrx_word' id='word_1_658' title='bbox 2761 2514 3022 2568; x_wconf 83' lang='lat' dir='ltr'><strong>diametro</strong></span> <span class='ocrx_word' id='word_1_659' title='bbox 3048 2513 3318 2583; x_wconf 81' lang='lat' dir='ltr'><strong>oppositas</strong></span> <span class='ocrx_word' id='word_1_660' title='bbox 3349 2512 3574 2581; x_wconf 84' lang='lat' dir='ltr'><strong>qualita-</strong></span> 
     </span>
    </p>
   </div>
   <div class='ocr_carea' id='block_1_87' title="bbox 2003 2604 3577 2679">
    <p class='ocr_par' dir='ltr' id='par_1_87' title="bbox 2003 2604 3577 2679">
     <span class='ocr_line' id='line_1_87' title="bbox 2003 2604 3577 2679; baseline -0.009 -10"><span class='ocrx_word' id='word_1_661' title='bbox 2003 2623 2084 2669; x_wconf 85' lang='lat' dir='ltr'><strong>tes</strong></span> <span class='ocrx_word' id='word_1_662' title='bbox 2108 2626 2401 2673; x_wconf 86' lang='lat' dir='ltr'><strong>assumens,</strong></span> <span class='ocrx_word' id='word_1_663' title='bbox 2447 2608 2812 2679; x_wconf 87' lang='lat' dir='ltr'><strong>pollicitusque</strong></span> <span class='ocrx_word' id='word_1_664' title='bbox 2844 2622 2904 2661; x_wconf 90' lang='lat' dir='ltr'><strong>se</strong></span> <span class='ocrx_word' id='word_1_665' title='bbox 2932 2606 2982 2659; x_wconf 89' lang='lat' dir='ltr'><strong>in</strong></span> <span class='ocrx_word' id='word_1_666' title='bbox 3008 2606 3336 2660; x_wconf 88' lang='lat' dir='ltr'><strong>contrarium</strong></span> <span class='ocrx_word' id='word_1_667' title='bbox 3381 2604 3429 2657; x_wconf 89' lang='lat' dir='ltr'><strong>id</strong></span> <span class='ocrx_word' id='word_1_668' title='bbox 3463 2620 3577 2655; x_wconf 87' lang='lat' dir='ltr'><strong>lltll-</strong></span> 
     </span>
    </p>
   </div>
   <div class='ocr_carea' id='block_1_88' title="bbox 2003 2695 3575 2769">
    <p class='ocr_par' dir='ltr' id='par_1_88' title="bbox 2003 2695 3575 2769">
     <span class='ocr_line' id='line_1_88' title="bbox 2003 2695 3575 2769; baseline -0.008 -9"><span class='ocrx_word' id='word_1_669' title='bbox 2003 2714 2249 2760; x_wconf 82' lang='lat' dir='ltr'><strong>laturum.</strong></span> <span class='ocrx_word' id='word_1_670' title='bbox 2282 2704 2343 2757; x_wconf 88' lang='lat' dir='ltr'><strong>Si</strong></span> <span class='ocrx_word' id='word_1_671' title='bbox 2373 2713 2537 2756; x_wconf 76' lang='lat' dir='ltr'><strong>autem</strong></span> <span class='ocrx_word' id='word_1_672' title='bbox 2561 2712 2614 2755; x_wconf 85' lang='lat' dir='ltr'><strong>ut</strong></span> <span class='ocrx_word' id='word_1_673' title='bbox 2655 2700 2930 2764; x_wconf 85' lang='lat' dir='ltr'><strong>coccinum,</strong></span> <span class='ocrx_word' id='word_1_674' title='bbox 2952 2698 3093 2769; x_wconf 74' lang='lat' dir='ltr'><strong>quasi</strong></span> <span class='ocrx_word' id='word_1_675' title='bbox 3121 2698 3289 2751; x_wconf 79' lang='lat' dir='ltr'><strong>lanam</strong></span> <span class='ocrx_word' id='word_1_676' title='bbox 3314 2695 3575 2749; x_wconf 66' lang='lat' dir='ltr'><strong>deaurato.</strong></span> 
     </span>
    </p>
   </div>
   <div class='ocr_carea' id='block_1_89' title="bbox 2004 2786 3575 2867">
    <p class='ocr_par' dir='ltr' id='par_1_89' title="bbox 2004 2786 3575 2867">
     <span class='ocr_line' id='line_1_89' title="bbox 2004 2786 3575 2867; baseline -0.009 -16"><span class='ocrx_word' id='word_1_677' title='bbox 2004 2797 2187 2867; x_wconf 82' lang='lat' dir='ltr'><strong>Magna</strong></span> <span class='ocrx_word' id='word_1_678' title='bbox 2234 2795 2313 2848; x_wconf 85' lang='lat' dir='ltr'><strong>vis</strong></span> <span class='ocrx_word' id='word_1_679' title='bbox 2366 2792 2593 2863; x_wconf 76' lang='lat' dir='ltr'><strong>prmsidii</strong></span> <span class='ocrx_word' id='word_1_680' title='bbox 2648 2806 2771 2861; x_wconf 80' lang='lat' dir='ltr'><strong>erga</strong></span> <span class='ocrx_word' id='word_1_681' title='bbox 2819 2790 3001 2843; x_wconf 78' lang='lat' dir='ltr'><strong>viduas</strong></span> <span class='ocrx_word' id='word_1_682' title='bbox 3029 2787 3267 2846; x_wconf 83' lang='lat' dir='ltr'><strong>esbibiti.</strong></span> <span class='ocrx_word' id='word_1_683' title='bbox 3316 2786 3575 2855; x_wconf 85' lang='lat' dir='ltr'><strong>siquidem</strong></span> 
     </span>
    </p>
   </div>
   <div class='ocr_carea' id='block_1_90' title="bbox 2004 2881 3580 2953">
    <p class='ocr_par' dir='ltr' id='par_1_90' title="bbox 2004 2881 3580 2953">
     <span class='ocr_line' id='line_1_90' title="bbox 2004 2881 3580 2953; baseline -0.01 -7"><span class='ocrx_word' id='word_1_684' title='bbox 2004 2890 2233 2946; x_wconf 88' lang='lat' dir='ltr'><strong>animam</strong></span> <span class='ocrx_word' id='word_1_685' title='bbox 2261 2889 2325 2942; x_wconf 83' lang='lat' dir='ltr'><strong>ita</strong></span> <span class='ocrx_word' id='word_1_686' title='bbox 2353 2885 2641 2945; x_wconf 88' lang='lat' dir='ltr'><strong>sordidam.</strong></span> <span class='ocrx_word' id='word_1_687' title='bbox 2686 2894 2741 2938; x_wconf 93' lang='lat' dir='ltr'><strong>ut</strong></span> <span class='ocrx_word' id='word_1_688' title='bbox 2780 2882 3027 2953; x_wconf 68' lang='lat' dir='ltr'><strong>nequitia:</strong></span> <span class='ocrx_word' id='word_1_689' title='bbox 3055 2881 3333 2936; x_wconf 86' lang='lat' dir='ltr'><strong>tincturam</strong></span> <span class='ocrx_word' id='word_1_690' title='bbox 3362 2894 3580 2948; x_wconf 73' lang='lat' dir='ltr'><strong>arcch-</strong></span> 
     </span>
    </p>
   </div>
   <div class='ocr_carea' id='block_1_91' title="bbox 2005 2975 3581 3051">
    <p class='ocr_par' dir='ltr' id='par_1_91' title="bbox 2005 2975 3581 3051">
     <span class='ocr_line' id='line_1_91' title="bbox 2005 2975 3581 3051; baseline -0.01 -11"><span class='ocrx_word' id='word_1_691' title='bbox 2005 2986 2094 3051; x_wconf 92' lang='lat' dir='ltr'><strong>rit,</strong></span> <span class='ocrx_word' id='word_1_692' title='bbox 2126 3000 2231 3039; x_wconf 91' lang='lat' dir='ltr'><strong>non</strong></span> <span class='ocrx_word' id='word_1_693' title='bbox 2260 2982 2418 3037; x_wconf 91' lang='lat' dir='ltr'><strong>modo</strong></span> <span class='ocrx_word' id='word_1_694' title='bbox 2448 2982 2632 3034; x_wconf 86' lang='lat' dir='ltr'><strong>liberat</strong></span> <span class='ocrx_word' id='word_1_695' title='bbox 2661 2995 2689 3031; x_wconf 89' lang='lat' dir='ltr'><strong>a</strong></span> <span class='ocrx_word' id='word_1_696' title='bbox 2715 2978 2932 3040; x_wconf 76' lang='lat' dir='ltr'><strong>malitia,</strong></span> <span class='ocrx_word' id='word_1_697' title='bbox 2976 2975 3069 3031; x_wconf 83' lang='lat' dir='ltr'><strong>sed</strong></span> <span class='ocrx_word' id='word_1_698' title='bbox 3106 2976 3263 3030; x_wconf 89' lang='lat' dir='ltr'><strong>etiam</strong></span> <span class='ocrx_word' id='word_1_699' title='bbox 3310 2975 3376 3027; x_wconf 89' lang='lat' dir='ltr'><strong>ita</strong></span> <span class='ocrx_word' id='word_1_700' title='bbox 3402 2975 3581 3043; x_wconf 87' lang='lat' dir='ltr'><strong>splen-</strong></span> 
     </span>
    </p>
   </div>
   <div class='ocr_carea' id='block_1_92' title="bbox 2005 3068 3579 3133">
    <p class='ocr_par' dir='ltr' id='par_1_92' title="bbox 2005 3068 3579 3133">
     <span class='ocr_line' id='line_1_92' title="bbox 2005 3068 3579 3133; baseline -0.011 0"><span class='ocrx_word' id='word_1_701' title='bbox 2005 3078 2182 3133; x_wconf 88' lang='lat' dir='ltr'><strong>didam</strong></span> <span class='ocrx_word' id='word_1_702' title='bbox 2218 3078 2395 3132; x_wconf 84' lang='lat' dir='ltr'><strong>eflicit.</strong></span> <span class='ocrx_word' id='word_1_703' title='bbox 2428 3075 2512 3131; x_wconf 84' lang='grc'><strong>19.</strong></span> <span class='ocrx_word' id='word_1_704' title='bbox 2545 3072 2609 3127; x_wconf 76' lang='lat' dir='ltr'><strong>Et</strong></span> <span class='ocrx_word' id='word_1_705' title='bbox 2651 3074 2694 3127; x_wconf 89' lang='lat' dir='ltr'><strong>si</strong></span> <span class='ocrx_word' id='word_1_706' title='bbox 2737 3071 3019 3133; x_wconf 83' lang='lat' dir='ltr'><strong>volueritis,</strong></span> <span class='ocrx_word' id='word_1_707' title='bbox 3048 3079 3095 3124; x_wconf 88' lang='lat' dir='ltr'><strong>et</strong></span> <span class='ocrx_word' id='word_1_708' title='bbox 3120 3068 3443 3123; x_wconf 70' lang='lat' dir='ltr'><strong>exartdicritis</strong></span> <span class='ocrx_word' id='word_1_709' title='bbox 3479 3083 3579 3127; x_wconf 68' lang='lat' dir='ltr'><strong>me,</strong></span> 
     </span>
    </p>
   </div>
   <div class='ocr_carea' id='block_1_93' title="bbox 2006 3158 3582 3228">
    <p class='ocr_par' dir='ltr' id='par_1_93' title="bbox 2006 3158 3582 3228">
     <span class='ocr_line' id='line_1_93' title="bbox 2006 3158 3582 3228; baseline -0.013 0"><span class='ocrx_word' id='word_1_710' title='bbox 2006 3173 2136 3228; x_wconf 82' lang='lat' dir='ltr'><strong>bona</strong></span> <span class='ocrx_word' id='word_1_711' title='bbox 2187 3183 2335 3226; x_wconf 66' lang='lat' dir='ltr'><strong>terra</strong></span> <span class='ocrx_word' id='word_1_712' title='bbox 2376 3168 2659 3223; x_wconf 81' lang='lat' dir='ltr'><strong>comedetis.</strong></span> <span class='ocrx_word' id='word_1_713' title='bbox 2693 3165 2782 3219; x_wconf 69' lang='lat'><strong>20.</strong></span> <span class='ocrx_word' id='word_1_714' title='bbox 2841 3163 2903 3219; x_wconf 87' lang='lat' dir='ltr'><strong>Si</strong></span> <span class='ocrx_word' id='word_1_715' title='bbox 2947 3172 3116 3216; x_wconf 79' lang='lat' dir='ltr'><strong>autem</strong></span> <span class='ocrx_word' id='word_1_716' title='bbox 3170 3158 3448 3221; x_wconf 78' lang='lat' dir='ltr'><strong>nolueritis,</strong></span> <span class='ocrx_word' id='word_1_717' title='bbox 3494 3173 3582 3209; x_wconf 72' lang='lat' dir='ltr'><strong>nec</strong></span> 
     </span>
    </p>
   </div>
   <div class='ocr_carea' id='block_1_94' title="bbox 2006 3249 3585 3332">
    <p class='ocr_par' dir='ltr' id='par_1_94' title="bbox 2006 3249 3585 3332">
     <span class='ocr_line' id='line_1_94' title="bbox 2006 3249 3585 3332; baseline -0.014 -11"><span class='ocrx_word' id='word_1_718' title='bbox 2006 3265 2327 3321; x_wconf 73' lang='lat' dir='ltr'><strong>exaudieritis</strong></span> <span class='ocrx_word' id='word_1_719' title='bbox 2347 3278 2443 3325; x_wconf 88' lang='lat' dir='ltr'><strong>me,</strong></span> <span class='ocrx_word' id='word_1_720' title='bbox 2473 3260 2673 3332; x_wconf 78' lang='lat' dir='ltr'><strong>gladius</strong></span> <span class='ocrx_word' id='word_1_721' title='bbox 2694 3255 2946 3312; x_wconf 72' lang='lat' dir='ltr'><strong>devotabit</strong></span> <span class='ocrx_word' id='word_1_722' title='bbox 2974 3270 3078 3308; x_wconf 75' lang='lat' dir='ltr'><strong>vos.</strong></span> <span class='ocrx_word' id='word_1_723' title='bbox 3113 3252 3184 3306; x_wconf 83' lang='lat' dir='ltr'><strong>0s</strong></span> <span class='ocrx_word' id='word_1_724' title='bbox 3208 3252 3338 3305; x_wconf 89' lang='lat' dir='ltr'><strong>enim</strong></span> <span class='ocrx_word' id='word_1_725' title='bbox 3380 3249 3585 3303; x_wconf 80' lang='lat' dir='ltr'><strong>Domini</strong></span> 
     </span>
    </p>
   </div>
   <div class='ocr_carea' id='block_1_95' title="bbox 2008 3341 3583 3426">
    <p class='ocr_par' dir='ltr' id='par_1_95' title="bbox 2008 3341 3583 3426">
     <span class='ocr_line' id='line_1_95' title="bbox 2008 3341 3583 3426; baseline -0.013 -13"><span class='ocrx_word' id='word_1_726' title='bbox 2008 3361 2271 3426; x_wconf 81' lang='lat' dir='ltr'><strong>loquntum</strong></span> <span class='ocrx_word' id='word_1_727' title='bbox 2319 3366 2390 3409; x_wconf 88' lang='lat' dir='ltr'><strong>est</strong></span> <span class='ocrx_word' id='word_1_728' title='bbox 2421 3356 2545 3409; x_wconf 71' lang='lat' dir='ltr'><strong>ltwc.</strong></span> <span class='ocrx_word' id='word_1_729' title='bbox 2592 3352 2724 3420; x_wconf 82' lang='lat' dir='ltr'><strong>Quia</strong></span> <span class='ocrx_word' id='word_1_730' title='bbox 2776 3351 2917 3405; x_wconf 87' lang='lat' dir='ltr'><strong>enim</strong></span> <span class='ocrx_word' id='word_1_731' title='bbox 2966 3342 3316 3402; x_wconf 83' lang='lat' dir='ltr'><strong>crassioribus</strong></span> <span class='ocrx_word' id='word_1_732' title='bbox 3362 3358 3461 3395; x_wconf 90' lang='lat' dir='ltr'><strong>non</strong></span> <span class='ocrx_word' id='word_1_733' title='bbox 3514 3341 3583 3393; x_wconf 84' lang='lat' dir='ltr'><strong>ita</strong></span> 
     </span>
    </p>
   </div>
   <div class='ocr_carea' id='block_1_96' title="bbox 2008 3434 3584 3520">
    <p class='ocr_par' dir='ltr' id='par_1_96' title="bbox 2008 3434 3584 3520">
     <span class='ocr_line' id='line_1_96' title="bbox 2008 3434 3584 3520; baseline -0.012 -18"><span class='ocrx_word' id='word_1_734' title='bbox 2008 3450 2237 3520; x_wconf 78' lang='lat' dir='ltr'><strong>optabile</strong></span> <span class='ocrx_word' id='word_1_735' title='bbox 2263 3458 2313 3503; x_wconf 90' lang='lat' dir='ltr'><strong>et</strong></span> <span class='ocrx_word' id='word_1_736' title='bbox 2336 3445 2625 3517; x_wconf 83' lang='lat' dir='ltr'><strong>jucundum</strong></span> <span class='ocrx_word' id='word_1_737' title='bbox 2654 3443 2858 3497; x_wconf 88' lang='lat' dir='ltr'><strong>videtur</strong></span> <span class='ocrx_word' id='word_1_738' title='bbox 2878 3438 3089 3494; x_wconf 85' lang='lat' dir='ltr'><strong>liberari</strong></span> <span class='ocrx_word' id='word_1_739' title='bbox 3110 3452 3141 3491; x_wconf 88' lang='lat' dir='ltr'><strong>a</strong></span> <span class='ocrx_word' id='word_1_740' title='bbox 3168 3434 3584 3503; x_wconf 78' lang='lat' dir='ltr'><strong>peccatis.quam</strong></span> 
     </span>
    </p>
   </div>
   <div class='ocr_carea' id='block_1_97' title="bbox 2009 3523 3583 3607">
    <p class='ocr_par' dir='ltr' id='par_1_97' title="bbox 2009 3523 3583 3607">
     <span class='ocr_line' id='line_1_97' title="bbox 2009 3523 3583 3607; baseline -0.015 -11"><span class='ocrx_word' id='word_1_741' title='bbox 2009 3542 2073 3596; x_wconf 90' lang='lat' dir='ltr'><strong>iis</strong></span> <span class='ocrx_word' id='word_1_742' title='bbox 2094 3540 2191 3595; x_wconf 88' lang='lat' dir='ltr'><strong>frui</strong></span> <span class='ocrx_word' id='word_1_743' title='bbox 2238 3540 2411 3603; x_wconf 88' lang='lat' dir='ltr'><strong>bonis,</strong></span> <span class='ocrx_word' id='word_1_744' title='bbox 2442 3552 2560 3607; x_wconf 68' lang='lat' dir='ltr'><strong>qua:</strong></span> <span class='ocrx_word' id='word_1_745' title='bbox 2597 3536 2648 3588; x_wconf 94' lang='lat' dir='ltr'><strong>in</strong></span> <span class='ocrx_word' id='word_1_746' title='bbox 2691 3532 2939 3604; x_wconf 77' lang='lat' dir='ltr'><strong>pnnsenti</strong></span> <span class='ocrx_word' id='word_1_747' title='bbox 2969 3529 3073 3583; x_wconf 86' lang='lat' dir='ltr'><strong>vita</strong></span> <span class='ocrx_word' id='word_1_748' title='bbox 3100 3526 3221 3581; x_wconf 88' lang='lat' dir='ltr'><strong>talia</strong></span> <span class='ocrx_word' id='word_1_749' title='bbox 3250 3538 3368 3579; x_wconf 87' lang='lat' dir='ltr'><strong>esse</strong></span> <span class='ocrx_word' id='word_1_750' title='bbox 3399 3523 3583 3576; x_wconf 78' lang='lat' dir='ltr'><strong>viden-</strong></span> 
     </span>
    </p>
   </div>
   <div class='ocr_carea' id='block_1_98' title="bbox 2010 3611 3587 3697">
    <p class='ocr_par' dir='ltr' id='par_1_98' title="bbox 2010 3611 3587 3697">
     <span class='ocr_line' id='line_1_98' title="bbox 2010 3611 3587 3697; baseline -0.016 -9"><span class='ocrx_word' id='word_1_751' title='bbox 2010 3644 2127 3697; x_wconf 90' lang='lat' dir='ltr'><strong>tur,</strong></span> <span class='ocrx_word' id='word_1_752' title='bbox 2158 3648 2279 3687; x_wconf 90' lang='lat' dir='ltr'><strong>cum</strong></span> <span class='ocrx_word' id='word_1_753' title='bbox 2310 3630 2414 3683; x_wconf 91' lang='lat' dir='ltr'><strong>illis</strong></span> <span class='ocrx_word' id='word_1_754' title='bbox 2443 3627 2557 3681; x_wconf 74' lang='lat' dir='ltr'><strong>[nec</strong></span> <span class='ocrx_word' id='word_1_755' title='bbox 2587 3625 2747 3679; x_wconf 86' lang='lat' dir='ltr'><strong>etiam</strong></span> <span class='ocrx_word' id='word_1_756' title='bbox 2790 3619 3047 3691; x_wconf 85' lang='lat' dir='ltr'><strong>promittit</strong></span> <span class='ocrx_word' id='word_1_757' title='bbox 3073 3637 3089 3672; x_wconf 88' lang='lat'><strong>:</strong></span> <span class='ocrx_word' id='word_1_758' title='bbox 3116 3631 3235 3670; x_wconf 89' lang='lat' dir='ltr'><strong>natn</strong></span> <span class='ocrx_word' id='word_1_759' title='bbox 3266 3616 3364 3668; x_wconf 81' lang='lat' dir='ltr'><strong>ltoc</strong></span> <span class='ocrx_word' id='word_1_760' title='bbox 3405 3628 3470 3666; x_wconf 77' lang='lat' dir='ltr'><strong>ex</strong></span> <span class='ocrx_word' id='word_1_761' title='bbox 3498 3611 3587 3664; x_wconf 86' lang='lat' dir='ltr'><strong>illo</strong></span> 
     </span>
    </p>
   </div>
   <div class='ocr_carea' id='block_1_99' title="bbox 2009 3724 2223 3796">
    <p class='ocr_par' dir='ltr' id='par_1_99' title="bbox 2009 3724 2223 3796">
     <span class='ocr_line' id='line_1_99' title="bbox 2009 3724 2223 3796; baseline -0.009 -19"><span class='ocrx_word' id='word_1_762' title='bbox 2009 3724 2223 3796; x_wconf 86' lang='lat' dir='ltr'><strong>pendet.</strong></span> 
     </span>
    </p>
   </div>
   <div class='ocr_carea' id='block_1_100' title="bbox 2081 3797 3588 3876">
    <p class='ocr_par' dir='ltr' id='par_1_100' title="bbox 2081 3797 3588 3876">
     <span class='ocr_line' id='line_1_100' title="bbox 2081 3797 3588 3876; baseline -0.015 -6"><span class='ocrx_word' id='word_1_763' title='bbox 2081 3819 2131 3871; x_wconf 88' lang='lat'><strong>7.</strong></span> <span class='ocrx_word' id='word_1_764' title='bbox 2178 3813 2374 3869; x_wconf 87' lang='lat' dir='ltr'><strong>Deinde</strong></span> <span class='ocrx_word' id='word_1_765' title='bbox 2402 3809 2688 3866; x_wconf 88' lang='lat' dir='ltr'><strong>ostendens</strong></span> <span class='ocrx_word' id='word_1_766' title='bbox 2715 3821 2872 3876; x_wconf 84' lang='lat' dir='ltr'><strong>quam</strong></span> <span class='ocrx_word' id='word_1_767' title='bbox 2899 3803 3065 3857; x_wconf 81' lang='lat' dir='ltr'><strong>facilis</strong></span> <span class='ocrx_word' id='word_1_768' title='bbox 3088 3802 3157 3856; x_wconf 90' lang='lat' dir='ltr'><strong>sit</strong></span> <span class='ocrx_word' id='word_1_769' title='bbox 3186 3800 3349 3853; x_wconf 81' lang='lat' dir='ltr'><strong>virtus</strong></span> <span class='ocrx_word' id='word_1_770' title='bbox 3371 3839 3386 3864; x_wconf 91' lang='lat'><strong>,</strong></span> <span class='ocrx_word' id='word_1_771' title='bbox 3410 3797 3461 3850; x_wconf 92' lang='lat' dir='ltr'><strong>in</strong></span> <span class='ocrx_word' id='word_1_772' title='bbox 3492 3810 3588 3847; x_wconf 84' lang='lat' dir='ltr'><strong>vo-</strong></span> 
     </span>
    </p>
   </div>
   <div class='ocr_carea' id='block_1_101' title="bbox 2013 3890 3586 3968">
    <p class='ocr_par' dir='ltr' id='par_1_101' title="bbox 2013 3890 3586 3968">
     <span class='ocr_line' id='line_1_101' title="bbox 2013 3890 3586 3968; baseline -0.015 -5"><span class='ocrx_word' id='word_1_773' title='bbox 2013 3909 2215 3962; x_wconf 88' lang='lat' dir='ltr'><strong>luntate</strong></span> <span class='ocrx_word' id='word_1_774' title='bbox 2238 3912 2441 3957; x_wconf 85' lang='lat' dir='ltr'><strong>tantum</strong></span> <span class='ocrx_word' id='word_1_775' title='bbox 2474 3902 2613 3955; x_wconf 88' lang='lat' dir='ltr'><strong>illam</strong></span> <span class='ocrx_word' id='word_1_776' title='bbox 2645 3898 2810 3968; x_wconf 82' lang='lat' dir='ltr'><strong>punit.</strong></span> <span class='ocrx_word' id='word_1_777' title='bbox 2846 3894 2909 3951; x_wconf 84' lang='lat' dir='ltr'><strong>Ut</strong></span> <span class='ocrx_word' id='word_1_778' title='bbox 2936 3910 3004 3949; x_wconf 88' lang='lat' dir='ltr'><strong>ne</strong></span> <span class='ocrx_word' id='word_1_779' title='bbox 3027 3902 3202 3946; x_wconf 85' lang='lat' dir='ltr'><strong>autem</strong></span> <span class='ocrx_word' id='word_1_780' title='bbox 3234 3907 3298 3944; x_wconf 73' lang='lat' dir='ltr'><strong>ex</strong></span> <span class='ocrx_word' id='word_1_781' title='bbox 3328 3890 3586 3942; x_wconf 78' lang='lat' dir='ltr'><strong>bonorum</strong></span> 
     </span>
    </p>
   </div>
   <div class='ocr_carea' id='block_1_102' title="bbox 2011 3979 3584 4055">
    <p class='ocr_par' dir='ltr' id='par_1_102' title="bbox 2011 3979 3584 4055">
     <span class='ocr_line' id='line_1_102' title="bbox 2011 3979 3584 4055; baseline -0.015 0"><span class='ocrx_word' id='word_1_782' title='bbox 2011 3995 2515 4055; x_wconf 84' lang='lat' dir='ltr'><strong>commemoratione</strong></span> <span class='ocrx_word' id='word_1_783' title='bbox 2542 3992 2747 4046; x_wconf 85' lang='lat' dir='ltr'><strong>animus</strong></span> <span class='ocrx_word' id='word_1_784' title='bbox 2783 3989 3036 4048; x_wconf 66' lang='lat' dir='ltr'><strong>solveret,</strong></span> <span class='ocrx_word' id='word_1_785' title='bbox 3065 3999 3247 4039; x_wconf 89' lang='lat' dir='ltr'><strong>rursus</strong></span> <span class='ocrx_word' id='word_1_786' title='bbox 3287 3983 3337 4035; x_wconf 90' lang='lat' dir='ltr'><strong>in</strong></span> <span class='ocrx_word' id='word_1_787' title='bbox 3370 3979 3584 4036; x_wconf 83' lang='lat' dir='ltr'><strong>terribi-</strong></span> 
     </span>
    </p>
   </div>
   <div class='ocr_carea' id='block_1_103' title="bbox 2014 4071 3585 4147">
    <p class='ocr_par' dir='ltr' id='par_1_103' title="bbox 2014 4071 3585 4147">
     <span class='ocr_line' id='line_1_103' title="bbox 2014 4071 3585 4147; baseline -0.016 0"><span class='ocrx_word' id='word_1_788' title='bbox 2014 4092 2150 4147; x_wconf 89' lang='lat' dir='ltr'><strong>libus</strong></span> <span class='ocrx_word' id='word_1_789' title='bbox 2172 4101 2470 4145; x_wconf 88' lang='lat' dir='ltr'><strong>sermonem</strong></span> <span class='ocrx_word' id='word_1_790' title='bbox 2498 4081 2822 4140; x_wconf 90' lang='lat' dir='ltr'><strong>concludens</strong></span> <span class='ocrx_word' id='word_1_791' title='bbox 2840 4121 2854 4141; x_wconf 89' lang='lat'><strong>,</strong></span> <span class='ocrx_word' id='word_1_792' title='bbox 2884 4079 3045 4134; x_wconf 77' lang='lat' dir='ltr'><strong>[idem</strong></span> <span class='ocrx_word' id='word_1_793' title='bbox 3074 4075 3200 4130; x_wconf 77' lang='lat' dir='ltr'><strong>facit</strong></span> <span class='ocrx_word' id='word_1_794' title='bbox 3228 4074 3342 4143; x_wconf 76' lang='lat' dir='ltr'><strong>ejus</strong></span> <span class='ocrx_word' id='word_1_795' title='bbox 3367 4071 3541 4126; x_wconf 80' lang='lat' dir='ltr'><strong>virtuti</strong></span> <span class='ocrx_word' id='word_1_796' title='bbox 3570 4113 3585 4135; x_wconf 92' lang='lat'><strong>,</strong></span> 
     </span>
    </p>
   </div>
   <div class='ocr_carea' id='block_1_104' title="bbox 2012 4168 3588 4256">
    <p class='ocr_par' dir='ltr' id='par_1_104' title="bbox 2012 4168 3588 4256">
     <span class='ocr_line' id='line_1_104' title="bbox 2012 4168 3588 4256; baseline -0.015 -18"><span class='ocrx_word' id='word_1_797' title='bbox 2012 4186 2101 4256; x_wconf 91' lang='lat' dir='ltr'><strong>qui</strong></span> <span class='ocrx_word' id='word_1_798' title='bbox 2143 4183 2257 4237; x_wconf 82' lang='lat' dir='ltr'><strong>Inec</strong></span> <span class='ocrx_word' id='word_1_799' title='bbox 2300 4176 2673 4251; x_wconf 78' lang='lat' dir='ltr'><strong>pronuntiavit.</strong></span> <span class='ocrx_word' id='word_1_800' title='bbox 2722 4172 2812 4227; x_wconf 74' lang='lat' dir='ltr'><strong>2i.</strong></span> <span class='ocrx_word' id='word_1_801' title='bbox 2859 4168 3121 4237; x_wconf 82' lang='lat' dir='ltr'><strong>Quomodo</strong></span> <span class='ocrx_word' id='word_1_802' title='bbox 3160 4171 3291 4237; x_wconf 79' lang='lat' dir='ltr'><strong>facta</strong></span> <span class='ocrx_word' id='word_1_803' title='bbox 3324 4175 3397 4218; x_wconf 85' lang='lat' dir='ltr'><strong>est</strong></span> <span class='ocrx_word' id='word_1_804' title='bbox 3430 4179 3588 4217; x_wconf 87' lang='lat' dir='ltr'><strong>mere-</strong></span> 
     </span>
    </p>
   </div>
   <div class='ocr_carea' id='block_1_105' title="bbox 2015 4256 3589 4343">
    <p class='ocr_par' dir='ltr' id='par_1_105' title="bbox 2015 4256 3589 4343">
     <span class='ocr_line' id='line_1_105' title="bbox 2015 4256 3589 4343; baseline -0.018 -9"><span class='ocrx_word' id='word_1_805' title='bbox 2015 4281 2115 4334; x_wconf 73' lang='lat' dir='ltr'><strong>trix</strong></span> <span class='ocrx_word' id='word_1_806' title='bbox 2142 4278 2315 4331; x_wconf 76' lang='lat' dir='ltr'><strong>civitas</strong></span> <span class='ocrx_word' id='word_1_807' title='bbox 2339 4272 2505 4343; x_wconf 77' lang='lat' dir='ltr'><strong>ﬁdelis</strong></span> <span class='ocrx_word' id='word_1_808' title='bbox 2532 4269 2700 4324; x_wconf 76' lang='lat' dir='ltr'><strong>Sion?</strong></span> <span class='ocrx_word' id='word_1_809' title='bbox 2726 4263 3036 4333; x_wconf 84' lang='lat' dir='ltr'><strong>Hujusmodi</strong></span> <span class='ocrx_word' id='word_1_810' title='bbox 3078 4260 3300 4330; x_wconf 66' lang='lat' dir='ltr'><strong>qttccstio</strong></span> <span class='ocrx_word' id='word_1_811' title='bbox 3326 4268 3381 4311; x_wconf 90' lang='lat' dir='ltr'><strong>et</strong></span> <span class='ocrx_word' id='word_1_812' title='bbox 3406 4256 3589 4310; x_wconf 87' lang='lat' dir='ltr'><strong>dicen-</strong></span> 
     </span>
    </p>
   </div>
   <div class='ocr_carea' id='block_1_106' title="bbox 2016 4346 3587 4431">
    <p class='ocr_par' dir='ltr' id='par_1_106' title="bbox 2016 4346 3587 4431">
     <span class='ocr_line' id='line_1_106' title="bbox 2016 4346 3587 4431; baseline -0.018 -5"><span class='ocrx_word' id='word_1_813' title='bbox 2016 4370 2081 4426; x_wconf 90' lang='lat' dir='ltr'><strong>tis</strong></span> <span class='ocrx_word' id='word_1_814' title='bbox 2109 4368 2372 4431; x_wconf 88' lang='lat' dir='ltr'><strong>dolorem,</strong></span> <span class='ocrx_word' id='word_1_815' title='bbox 2397 4374 2451 4418; x_wconf 91' lang='lat' dir='ltr'><strong>et</strong></span> <span class='ocrx_word' id='word_1_816' title='bbox 2485 4366 2751 4431; x_wconf 88' lang='lat' dir='ltr'><strong>ingentem</strong></span> <span class='ocrx_word' id='word_1_817' title='bbox 2780 4356 3084 4412; x_wconf 72' lang='lat' dir='ltr'><strong>Judtt-nrum</strong></span> <span class='ocrx_word' id='word_1_818' title='bbox 3110 4350 3470 4420; x_wconf 87' lang='lat' dir='ltr'><strong>stupiditatem</strong></span> <span class='ocrx_word' id='word_1_819' title='bbox 3492 4346 3587 4399; x_wconf 84' lang='lat' dir='ltr'><strong>de-</strong></span> 
     </span>
    </p>
   </div>
   <div class='ocr_carea' id='block_1_107' title="bbox 2012 4440 3590 4529">
    <p class='ocr_par' dir='ltr' id='par_1_107' title="bbox 2012 4440 3590 4529">
     <span class='ocr_line' id='line_1_107' title="bbox 2012 4440 3590 4529; baseline -0.018 -10"><span class='ocrx_word' id='word_1_820' title='bbox 2012 4465 2194 4523; x_wconf 85' lang='lat' dir='ltr'><strong>clarat,</strong></span> <span class='ocrx_word' id='word_1_821' title='bbox 2213 4475 2429 4529; x_wconf 83' lang='lat' dir='ltr'><strong>relnque</strong></span> <span class='ocrx_word' id='word_1_822' title='bbox 2456 4466 2648 4527; x_wconf 71' lang='lat' dir='ltr'><strong>praeter</strong></span> <span class='ocrx_word' id='word_1_823' title='bbox 2670 4467 2817 4522; x_wconf 82' lang='lat' dir='ltr'><strong>spem</strong></span> <span class='ocrx_word' id='word_1_824' title='bbox 2847 4448 3102 4504; x_wconf 85' lang='lat' dir='ltr'><strong>accidisse</strong></span> <span class='ocrx_word' id='word_1_825' title='bbox 3129 4444 3318 4498; x_wconf 88' lang='lat' dir='ltr'><strong>innuit.</strong></span> <span class='ocrx_word' id='word_1_826' title='bbox 3338 4440 3590 4496; x_wconf 74' lang='lat' dir='ltr'><strong>Similiter</strong></span> 
     </span>
    </p>
   </div>
   <div class='ocr_carea' id='block_1_108' title="bbox 2016 4532 3592 4628">
    <p class='ocr_par' dir='ltr' id='par_1_108' title="bbox 2016 4532 3592 4628">
     <span class='ocr_line' id='line_1_108' title="bbox 2016 4532 3592 4628; baseline -0.018 -18"><span class='ocrx_word' id='word_1_827' title='bbox 2016 4556 2209 4611; x_wconf 80' lang='lat' dir='ltr'><strong>Paulus</strong></span> <span class='ocrx_word' id='word_1_828' title='bbox 2230 4553 2370 4606; x_wconf 85' lang='lat' dir='ltr'><strong>circa</strong></span> <span class='ocrx_word' id='word_1_829' title='bbox 2398 4543 2831 4628; x_wconf 43' lang='lat' dir='ltr'><strong>Galatagdubius</strong></span> <span class='ocrx_word' id='word_1_830' title='bbox 2857 4538 3119 4609; x_wconf 81' lang='lat' dir='ltr'><strong>exquirit:</strong></span> <span class='ocrx_word' id='word_1_831' title='bbox 3147 4536 3306 4589; x_wconf 80' lang='lat' dir='ltr'><strong>Miror</strong></span> <span class='ocrx_word' id='word_1_832' title='bbox 3332 4532 3465 4599; x_wconf 87' lang='lat' dir='ltr'><strong>quod</strong></span> <span class='ocrx_word' id='word_1_833' title='bbox 3490 4541 3592 4583; x_wconf 84' lang='lat' dir='ltr'><strong>tant</strong></span> 
     </span>
    </p>
   </div>
   <div class='ocr_carea' id='block_1_109' title="bbox 2015 4621 3593 4711">
    <p class='ocr_par' dir='ltr' id='par_1_109' title="bbox 2015 4621 3593 4711">
     <span class='ocr_line' id='line_1_109' title="bbox 2015 4621 3593 4711; baseline -0.017 -11"><span class='ocrx_word' id='word_1_834' title='bbox 2015 4648 2111 4701; x_wconf 87' lang='lat' dir='ltr'><strong>cito</strong></span> <span class='ocrx_word' id='word_1_835' title='bbox 2135 4640 2493 4711; x_wconf 79' lang='lat' dir='ltr'><strong>transferimini</strong></span> <span class='ocrx_word' id='word_1_836' title='bbox 2524 4621 2730 4709; x_wconf 63' lang='lat' dir='ltr'><strong>(Gdlat.</strong></span> <span class='ocrx_word' id='word_1_837' title='bbox 2764 4633 2814 4687; x_wconf 84' lang='grc'><strong>1.</strong></span> <span class='ocrx_word' id='word_1_838' title='bbox 2844 4630 2912 4700; x_wconf 82' lang='lat'><strong>6)</strong></span> <span class='ocrx_word' id='word_1_839' title='bbox 2939 4648 2953 4685; x_wconf 89' lang='lat'><strong>:</strong></span> <span class='ocrx_word' id='word_1_840' title='bbox 2987 4629 3036 4683; x_wconf 89' lang='lat' dir='ltr'><strong>id</strong></span> <span class='ocrx_word' id='word_1_841' title='bbox 3062 4626 3199 4698; x_wconf 80' lang='lat' dir='ltr'><strong>quod</strong></span> <span class='ocrx_word' id='word_1_842' title='bbox 3230 4621 3508 4681; x_wconf 64' lang='lat' dir='ltr'><strong>acetnaudi</strong></span> <span class='ocrx_word' id='word_1_843' title='bbox 3540 4633 3593 4674; x_wconf 90' lang='lat' dir='ltr'><strong>ct</strong></span> 
     </span>
    </p>
   </div>
   <div class='ocr_carea' id='block_1_110' title="bbox 2018 4712 3589 4802">
    <p class='ocr_par' dir='ltr' id='par_1_110' title="bbox 2018 4712 3589 4802">
     <span class='ocr_line' id='line_1_110' title="bbox 2018 4712 3589 4802; baseline -0.017 -10"><span class='ocrx_word' id='word_1_844' title='bbox 2018 4735 2259 4791; x_wconf 88' lang='lat' dir='ltr'><strong>hortandi</strong></span> <span class='ocrx_word' id='word_1_845' title='bbox 2301 4731 2506 4802; x_wconf 83' lang='lat' dir='ltr'><strong>species</strong></span> <span class='ocrx_word' id='word_1_846' title='bbox 2533 4736 2615 4783; x_wconf 89' lang='lat' dir='ltr'><strong>est</strong></span> <span class='ocrx_word' id='word_1_847' title='bbox 2653 4734 2710 4780; x_wconf 92' lang='lat' dir='ltr'><strong>ut</strong></span> <span class='ocrx_word' id='word_1_848' title='bbox 2735 4725 2800 4779; x_wconf 89' lang='lat' dir='ltr'><strong>ad</strong></span> <span class='ocrx_word' id='word_1_849' title='bbox 2828 4723 3076 4777; x_wconf 86' lang='lat' dir='ltr'><strong>virtutem</strong></span> <span class='ocrx_word' id='word_1_850' title='bbox 3105 4725 3343 4773; x_wconf 82' lang='lat' dir='ltr'><strong>revocet.</strong></span> <span class='ocrx_word' id='word_1_851' title='bbox 3374 4712 3589 4768; x_wconf 72' lang='lat' dir='ltr'><strong>Etiamsi</strong></span> 
     </span>
    </p>
   </div>
   <div class='ocr_carea' id='block_1_111' title="bbox 2018 4809 3590 4890">
    <p class='ocr_par' dir='ltr' id='par_1_111' title="bbox 2018 4809 3590 4890">
     <span class='ocr_line' id='line_1_111' title="bbox 2018 4809 3590 4890; baseline -0.018 -6"><span class='ocrx_word' id='word_1_852' title='bbox 2018 4830 2157 4884; x_wconf 88' lang='lat' dir='ltr'><strong>enim</strong></span> <span class='ocrx_word' id='word_1_853' title='bbox 2188 4829 2381 4881; x_wconf 86' lang='lat' dir='ltr'><strong>mirum</strong></span> <span class='ocrx_word' id='word_1_854' title='bbox 2401 4831 2485 4878; x_wconf 89' lang='lat' dir='ltr'><strong>est</strong></span> <span class='ocrx_word' id='word_1_855' title='bbox 2504 4821 2553 4876; x_wconf 90' lang='lat' dir='ltr'><strong>id</strong></span> <span class='ocrx_word' id='word_1_856' title='bbox 2574 4819 2713 4890; x_wconf 89' lang='lat' dir='ltr'><strong>quod</strong></span> <span class='ocrx_word' id='word_1_857' title='bbox 2740 4818 2953 4881; x_wconf 89' lang='lat' dir='ltr'><strong>dicitur,</strong></span> <span class='ocrx_word' id='word_1_858' title='bbox 2982 4813 3138 4868; x_wconf 87' lang='lat' dir='ltr'><strong>laude</strong></span> <span class='ocrx_word' id='word_1_859' title='bbox 3160 4823 3336 4865; x_wconf 86' lang='lat' dir='ltr'><strong>tamen</strong></span> <span class='ocrx_word' id='word_1_860' title='bbox 3370 4809 3590 4861; x_wconf 72' lang='lat' dir='ltr'><strong>mixtum</strong></span> 
     </span>
    </p>
   </div>
   <div class='ocr_carea' id='block_1_112' title="bbox 2018 4900 3589 4984">
    <p class='ocr_par' dir='ltr' id='par_1_112' title="bbox 2018 4900 3589 4984">
     <span class='ocr_line' id='line_1_112' title="bbox 2018 4900 3589 4984; baseline -0.018 -9"><span class='ocrx_word' id='word_1_861' title='bbox 2018 4930 2119 4984; x_wconf 82' lang='lat' dir='ltr'><strong>est,</strong></span> <span class='ocrx_word' id='word_1_862' title='bbox 2152 4921 2227 4974; x_wconf 86' lang='lat' dir='ltr'><strong>sic</strong></span> <span class='ocrx_word' id='word_1_863' title='bbox 2256 4915 2646 4971; x_wconf 88' lang='lat' dir='ltr'><strong>accusationem</strong></span> <span class='ocrx_word' id='word_1_864' title='bbox 2676 4900 3015 4965; x_wconf 82' lang='lat' dir='ltr'><strong>accusatione</strong></span> <span class='ocrx_word' id='word_1_865' title='bbox 3049 4903 3346 4975; x_wconf 87' lang='lat' dir='ltr'><strong>graviorem</strong></span> <span class='ocrx_word' id='word_1_866' title='bbox 3373 4901 3589 4952; x_wconf 83' lang='lat' dir='ltr'><strong>faciens.</strong></span> 
     </span>
    </p>
   </div>
   <div class='ocr_carea' id='block_1_113' title="bbox 2018 4988 3595 5075">
    <p class='ocr_par' dir='ltr' id='par_1_113' title="bbox 2018 4988 3595 5075">
     <span class='ocr_line' id='line_1_113' title="bbox 2018 4988 3595 5075; baseline -0.017 -9"><span class='ocrx_word' id='word_1_867' title='bbox 2018 5010 2132 5066; x_wconf 84' lang='lat' dir='ltr'><strong>Non</strong></span> <span class='ocrx_word' id='word_1_868' title='bbox 2159 5011 2300 5065; x_wconf 90' lang='lat' dir='ltr'><strong>enim</strong></span> <span class='ocrx_word' id='word_1_869' title='bbox 2330 5009 2400 5061; x_wconf 89' lang='lat' dir='ltr'><strong>ita</strong></span> <span class='ocrx_word' id='word_1_870' title='bbox 2424 5006 2751 5075; x_wconf 78' lang='lat' dir='ltr'><strong>exagitamus</strong></span> <span class='ocrx_word' id='word_1_871' title='bbox 2780 5015 2874 5056; x_wconf 85' lang='lat' dir='ltr'><strong>eos</strong></span> <span class='ocrx_word' id='word_1_872' title='bbox 2901 5000 2989 5068; x_wconf 91' lang='lat' dir='ltr'><strong>qui</strong></span> <span class='ocrx_word' id='word_1_873' title='bbox 3019 4996 3214 5051; x_wconf 88' lang='lat' dir='ltr'><strong>nullius</strong></span> <span class='ocrx_word' id='word_1_874' title='bbox 3246 5001 3369 5047; x_wconf 76' lang='lat' dir='ltr'><strong>sunt</strong></span> <span class='ocrx_word' id='word_1_875' title='bbox 3417 4988 3595 5059; x_wconf 78' lang='lat' dir='ltr'><strong>pretii,</strong></span> 
     </span>
    </p>
   </div>
   <div class='ocr_carea' id='block_1_114' title="bbox 2020 5084 3587 5173">
    <p class='ocr_par' dir='ltr' id='par_1_114' title="bbox 2020 5084 3587 5173">
     <span class='ocr_line' id='line_1_114' title="bbox 2020 5084 3587 5173; baseline -0.017 -16"><span class='ocrx_word' id='word_1_876' title='bbox 2020 5104 2283 5173; x_wconf 88' lang='lat' dir='ltr'><strong>vitamque</strong></span> <span class='ocrx_word' id='word_1_877' title='bbox 2310 5102 2495 5170; x_wconf 83' lang='lat' dir='ltr'><strong>ignave</strong></span> <span class='ocrx_word' id='word_1_878' title='bbox 2523 5106 2705 5167; x_wconf 84' lang='lat' dir='ltr'><strong>agunt,</strong></span> <span class='ocrx_word' id='word_1_879' title='bbox 2740 5104 2797 5149; x_wconf 87' lang='lat' dir='ltr'><strong>ut</strong></span> <span class='ocrx_word' id='word_1_880' title='bbox 2835 5107 2928 5148; x_wconf 90' lang='lat' dir='ltr'><strong>eos</strong></span> <span class='ocrx_word' id='word_1_881' title='bbox 2951 5091 3040 5162; x_wconf 91' lang='lat' dir='ltr'><strong>qui</strong></span> <span class='ocrx_word' id='word_1_882' title='bbox 3067 5090 3211 5159; x_wconf 89' lang='lat' dir='ltr'><strong>prius</strong></span> <span class='ocrx_word' id='word_1_883' title='bbox 3240 5084 3448 5139; x_wconf 86' lang='lat' dir='ltr'><strong>virtutis</strong></span> <span class='ocrx_word' id='word_1_884' title='bbox 3473 5091 3587 5134; x_wconf 80' lang='lat' dir='ltr'><strong>stu-</strong></span> 
     </span>
    </p>
   </div>
   <div class='ocr_carea' id='block_1_115' title="bbox 2020 5182 3590 5257">
    <p class='ocr_par' dir='ltr' id='par_1_115' title="bbox 2020 5182 3590 5257">
     <span class='ocr_line' id='line_1_115' title="bbox 2020 5182 3590 5257; baseline -0.017 -6"><span class='ocrx_word' id='word_1_885' title='bbox 2020 5197 2154 5251; x_wconf 88' lang='lat' dir='ltr'><strong>diosi</strong></span> <span class='ocrx_word' id='word_1_886' title='bbox 2201 5194 2532 5253; x_wconf 87' lang='lat' dir='ltr'><strong>videbantur,</strong></span> <span class='ocrx_word' id='word_1_887' title='bbox 2582 5200 2636 5244; x_wconf 87' lang='lat' dir='ltr'><strong>et</strong></span> <span class='ocrx_word' id='word_1_888' title='bbox 2687 5186 3048 5257; x_wconf 89' lang='lat' dir='ltr'><strong>improborum</strong></span> <span class='ocrx_word' id='word_1_889' title='bbox 3093 5182 3344 5247; x_wconf 88' lang='lat' dir='ltr'><strong>deinceps</strong></span> <span class='ocrx_word' id='word_1_890' title='bbox 3386 5190 3590 5229; x_wconf 79' lang='lat' dir='ltr'><strong>murem</strong></span> 
     </span>
    </p>
   </div>
   <div class='ocr_carea' id='block_1_116' title="bbox 2021 5278 3595 5359">
    <p class='ocr_par' dir='ltr' id='par_1_116' title="bbox 2021 5278 3595 5359">
     <span class='ocr_line' id='line_1_116' title="bbox 2021 5278 3595 5359; baseline -0.015 -16"><span class='ocrx_word' id='word_1_891' title='bbox 2021 5288 2226 5359; x_wconf 87' lang='lat' dir='ltr'><strong>sequuti</strong></span> <span class='ocrx_word' id='word_1_892' title='bbox 2252 5295 2392 5341; x_wconf 90' lang='lat' dir='ltr'><strong>sunt.</strong></span> <span class='ocrx_word' id='word_1_893' title='bbox 2425 5283 2754 5340; x_wconf 76' lang='lat' dir='ltr'><strong>Meretricem</strong></span> <span class='ocrx_word' id='word_1_894' title='bbox 2779 5289 2956 5334; x_wconf 87' lang='lat' dir='ltr'><strong>autem</strong></span> <span class='ocrx_word' id='word_1_895' title='bbox 2979 5278 3063 5331; x_wconf 89' lang='lat' dir='ltr'><strong>bic</strong></span> <span class='ocrx_word' id='word_1_896' title='bbox 3085 5284 3257 5339; x_wconf 71' lang='grc' dir='ltr'><strong>νοωι,</strong></span> <span class='ocrx_word' id='word_1_897' title='bbox 3282 5286 3387 5324; x_wconf 89' lang='lat' dir='ltr'><strong>non</strong></span> <span class='ocrx_word' id='word_1_898' title='bbox 3406 5282 3595 5338; x_wconf 75' lang='grc' dir='ltr'><strong>ωψσ-</strong></span> 
     </span>
    </p>
   </div>
   <div class='ocr_carea' id='block_1_117' title="bbox 2075 5495 3563 5580">
    <p class='ocr_par' dir='ltr' id='par_1_117' title="bbox 2075 5495 3563 5580">
     <span class='ocr_line' id='line_1_117' title="bbox 2075 5495 3563 5580; baseline -0.024 -4"><span class='ocrx_word' id='word_1_899' title='bbox 2075 5531 2091 5560; x_wconf 73' lang='grc' dir='ltr'>ι</span> <span class='ocrx_word' id='word_1_900' title='bbox 2117 5526 2172 5575; x_wconf 86' lang='lat' dir='ltr'><strong>In</strong></span> <span class='ocrx_word' id='word_1_901' title='bbox 2212 5525 2333 5579; x_wconf 74' lang='lat' dir='ltr'><strong>Reg.</strong></span> <span class='ocrx_word' id='word_1_902' title='bbox 2358 5523 2469 5580; x_wconf 80' lang='lat' dir='ltr'><strong>post</strong></span> <span class='ocrx_word' id='word_1_903' title='bbox 2498 5529 2652 5578; x_wconf 59' lang='lat' dir='ltr'><strong>graeca</strong></span> <span class='ocrx_word' id='word_1_904' title='bbox 2673 5512 2833 5580; x_wconf 37' lang='lat' dir='ltr'><strong>verba.</strong></span> <span class='ocrx_word' id='word_1_905' title='bbox 2858 5506 3178 5580; x_wconf 64' lang='lat' dir='ltr'><strong>atxaatbpeiia,</strong></span> <span class='ocrx_word' id='word_1_906' title='bbox 3204 5500 3360 5580; x_wconf 51' lang='grc' dir='ltr'><strong>φλνῖσὶηιε2</strong></span> <span class='ocrx_word' id='word_1_907' title='bbox 3543 5512 3563 5580; x_wconf 54' lang='grc' dir='ltr'>Ξ</span> 
     </span>
    </p>
   </div>
   <div class='ocr_carea' id='block_1_118' title="bbox 2009 5564 3571 5643">
    <p class='ocr_par' dir='ltr' id='par_1_118' title="bbox 2009 5564 3571 5643">
     <span class='ocr_line' id='line_1_118' title="bbox 2009 5564 3571 5643; baseline -0.024 -5"><span class='ocrx_word' id='word_1_908' title='bbox 2009 5591 2103 5639; x_wconf 81' lang='grc' dir='ltr'><strong>Καὶ</strong></span> <span class='ocrx_word' id='word_1_909' title='bbox 2136 5589 2215 5635; x_wconf 80' lang='grc' dir='ltr'>ἐὰν</span> <span class='ocrx_word' id='word_1_910' title='bbox 2257 5564 2381 5631; x_wconf 57' lang='lat' dir='ltr'><strong>diem:</strong></span> <span class='ocrx_word' id='word_1_911' title='bbox 2410 5564 2541 5640; x_wconf 60' lang='grc' dir='ltr'><strong>ὒμιῖῖν</strong></span> <span class='ocrx_word' id='word_1_912' title='bbox 2571 5580 2618 5643; x_wconf 65' lang='lat' dir='ltr'><strong>ai</strong></span> <span class='ocrx_word' id='word_1_913' title='bbox 2660 5574 2903 5643; x_wconf 52' lang='grc' dir='ltr'><strong>ᾁμαρςίαι,</strong></span> <span class='ocrx_word' id='word_1_914' title='bbox 2940 5574 3004 5639; x_wconf 67' lang='grc' dir='ltr'><strong>ᾡς</strong></span> <span class='ocrx_word' id='word_1_915' title='bbox 3038 5564 3411 5643; x_wconf 35' lang='grc' dir='ltr'><strong>Ξοινιξοξνὶξῦρι</strong></span> <span class='ocrx_word' id='word_1_916' title='bbox 3435 5564 3571 5643; x_wconf 47' lang='lat' dir='ltr'><strong>lusi“.</strong></span> 
     </span>
    </p>
   </div>
   <div class='ocr_carea' id='block_1_119' title="bbox 2010 5623 3574 5699">
    <p class='ocr_par' dir='ltr' id='par_1_119' title="bbox 2010 5623 3574 5699">
     <span class='ocr_line' id='line_1_119' title="bbox 2010 5623 3574 5699; baseline -0.02 -1"><span class='ocrx_word' id='word_1_917' title='bbox 2258 5623 2641 5691; x_wconf 47' lang='lat' dir='ltr'><strong>V&#39;E&#39;r&#39;udi‘iec&#39;in</strong></span> <span class='ocrx_word' id='word_1_918' title='bbox 2665 5623 2816 5699; x_wconf 58' lang='lat' dir='ltr'><strong>S&#39;avil:</strong></span> <span class='ocrx_word' id='word_1_919' title='bbox 2846 5623 3210 5699; x_wconf 29' lang='lat' dir='ltr'><strong>ncncniuilorel.</strong></span> <span class='ocrx_word' id='word_1_920' title='bbox 3235 5623 3499 5680; x_wconf 82' lang='lat' dir='ltr'><strong>habentur,</strong></span> <span class='ocrx_word' id='word_1_921' title='bbox 3520 5626 3574 5668; x_wconf 88' lang='lat' dir='ltr'><strong>et</strong></span> 
     </span>
    </p>
   </div>
   <div class='ocr_carea' id='block_1_120' title="bbox 2012 5692 3120 5773">
    <p class='ocr_par' dir='ltr' id='par_1_120' title="bbox 2012 5692 3120 5773">
     <span class='ocr_line' id='line_1_120' title="bbox 2012 5692 3120 5773; baseline -0.025 -11"><span class='ocrx_word' id='word_1_922' title='bbox 2012 5692 2372 5773; x_wconf 48' lang='lat' dir='ltr'><strong>inﬂigit-2mm</strong></span> <span class='ocrx_word' id='word_1_923' title='bbox 2398 5705 2475 5751; x_wconf 89' lang='lat' dir='ltr'><strong>hic</strong></span> <span class='ocrx_word' id='word_1_924' title='bbox 2499 5712 2609 5750; x_wconf 77' lang='lat' dir='ltr'><strong>esse</strong></span> <span class='ocrx_word' id='word_1_925' title='bbox 2631 5709 2690 5745; x_wconf 81' lang='lat' dir='ltr'><strong>ex</strong></span> <span class='ocrx_word' id='word_1_926' title='bbox 2715 5694 2845 5745; x_wconf 85' lang='lat' dir='ltr'><strong>serie</strong></span> <span class='ocrx_word' id='word_1_927' title='bbox 2872 5692 3120 5743; x_wconf 71' lang='lat' dir='ltr'><strong>videntur.</strong></span> 
     </span>
    </p>
   </div>
  </div>
