4102 6306
543 234 614 289 :23
1303 231 1359 287 S.
1398 227 1677 285 JOANNIS
1715 215 2193 281 CHRYSOSTOMI
2229 216 2550 283 ARCHIEP.
2589 218 3119 276 CONSTANTINOP.
3744 208 3813 260 ‘14

547 373 691 413 ream
714 354 1058 411 subindicans
1083 350 1373 413 lasciviam,
1390 347 1487 403 sed
1514 348 1779 416 ingratum
1807 358 1931 413 erga
1960 342 2125 397 Deum

548 450 805 512 animum,
830 462 957 516 .qua:
988 443 1273 499 fornicatlo
1301 442 1514 512 gravior
1536 450 1631 497 est
1673 439 1780 495 illa.
1820 439 1945 493 ,lllic
1986 437 2130 492 enim

551 538 710 592 homo
750 536 1070 593 contumelia
1101 534 1350 599 afficitur,
1383 533 1470 588 hic
1496 533 1640 587 Deus
1660 530 2040 587 eontenmitur.
2073 527 2128 583 ld

538 641 726 684 autem
758 639 825 683 .et
873 628 961 682 hic
1010 637 1063 683 et
1093 627 1183 681 alii
1212 640 1401 680 omnes
1440 623 1712 694 prophetze
1746 623 1943 677 faciunt
1970 620 2129 690 :quia

556 720 696 777 licus
716 719 901 776 mariti
932 720 1052 772 loco
1092 716 1217 773 huic
1259 715 1457 771 civitati
1511 714 1755 784 dignatus
1797 722 1879 768 est
1923 710 2127 773 haberi,

552 812 874 871 iueﬂ'oliilem
927 825 1077 869 suam
1114 824 1255 879 erga
1310 809 1430 863 illos
1476 806 1811 864 dilectionem
1859 819 2133 863 common-

552 916 765 959 strans:
792 903 984 970 illique
1011 911 1067 956 ut
1091 901 1157 956 de
1183 902 1296 955 viro
1325 909 1378 955 et
1407 914 1571 954 uxore
1592 914 1734 967 saepe
1756 897 2129 965 loquebantur,

546 1005 744 1051 uoti-ut
770 995 821 1053 in
860 993 1152 1053 humanam
1184 992 1480 1047 crassitiem
1512 1005 1821 1046 sermonem
1860 988 2131 1058 deprime-

550 1096 693 1151 rent,
725 1085 819 1141 sed
838 1092 906 1143 ut
942 1084 1057 1141 illos
1096 1098 1192 1152 per
1221 1098 1306 1140 res
1326 1081 1436 1139 sibi
1456 1081 1754 1139 familiares
1776 1079 1844 1135 ad
1874 1079 2133 1150 cognitio-

553 1194 675 1235 nem
703 1176 902 1232 amoris
946 1175 1041 1233 Dei
1069 1175 1393 1231 deducerent
1419 1174 1619 1239 ;,simnl
1640 1171 2132 1242 vereturpitudinis

547 1270 905 1341 appellatione
934 1269 1052 1327 illos
1074 1268 1342 1326 incessere
1363 1266 1629 1323 volebant.
1656 1265 1888 1331 Fidelis;
1921 1265 2021 1320 hoc
2049 1274 2131 1321 est

549 1361 657 1431 pia,
682 1370 739 1416 et
758 1360 901 1415 omni
927 1360 1119 1417 virtute
1143 1359 1321 1431 plena,
1350 1359 1492 1416 unde
1520 1360 1679 1415 etiam
1710 1360 1884 1429 palam
1906 1368 1988 1415 est
2007 1372 2130 1415 eum

551 1469 658 1509 non
698 1454 765 1510 de
797 1454 1142 1509 fornicatione
1186 1468 1443 1524 corporea
1475 1453 1619 1524 loqui
1648 1470 1662 1519 ;
1694 1454 1823 1508 alias
1870 1454 2011 1509 enim
2050 1453 2135 1509 di-

549 1549 737 1614 xisset,
765 1548 962 1603 Civitas
990 1557 1167 1613 casta;
1200 1547 1253 1601 id
1280 1547 1424 1602 enim
1452 1547 1638 1602 fuisset
1659 1548 1925 1602 meretrici
1962 1563 2131 1617 oppo-

553 1642 713 1695 situm
739 1656 758 1694 :
788 1656 931 1697 nunc
973 1653 1149 1696 autem
1192 1640 1481 1696 ostendens
1519 1656 1578 1695 se
1604 1656 1698 1709 per
1726 1640 2130 1696 fornicationem

549 1733 886 1787 subindieare
930 1733 1275 1801 impietatem,
1311 1732 1467 1787 fidem
1504 1732 1604 1802 ipsi
1645 1731 2005 1787 adversariam
2030 1748 2130 1802 po-

549 1825 673 1879 suit.
723 1824 888 1879 Plena
924 1825 1148 1895 judicii;
1190 1825 1241 1879 id
1289 1834 1392 1890 est,
1445 1825 1599 1893 plena
1644 1826 1881 1895 justitiai.
1926 1821 2132 1882 Rursus

550 1915 839 1969 maximum
867 1916 1089 1983 crimen,
1122 1933 1226 1970 non
1249 1917 1388 1986 quod
1418 1917 1484 1971 ad
1513 1917 1816 1972 universam
1843 1919 2129 1987 nequitiam

551 2005 910 2069 defecissent,
960 2007 1052 2063 sed
1088 2008 1227 2076 quod
1252 2008 1559 2062 universam
1588 2010 1837 2063 virtutem
1867 2010 2129 2077 prodidis-

551 2105 689 2158 sent,
714 2106 767 2152 et
791 2113 977 2153 omnes
1002 2099 1263 2154 bonorum
1294 2099 1503 2155 divitias
1522 2099 1803 2157 confertim
1826 2116 1858 2155 e
1888 2102 2133 2155 manibus

552 2189 890 2257 abjecissent,
932 2191 996 2245 ad
1036 2201 1329 2247 extremam
1357 2193 1616 2247 maiorum
1649 2203 2011 2264 paupertatem
2041 2195 2133 2251 de-

550 2281 696 2349 jecti.
723 2281 789 2336 In
823 2300 923 2352 qua
958 2284 1161 2353 justitia
1196 2286 1433 2355 requievit
1477 2287 1531 2341 in
1564 2302 1653 2340 ea.
1691 2286 1898 2350 Mansit,
1942 2288 2129 2357 inquit,

554 2373 828 2439 habitavit,
870 2374 922 2428 id
969 2384 1072 2441 est,
1122 2375 1354 2444 plantata
1398 2386 1499 2442 est,
1539 2378 1745 2433 radices
1780 2366 2131 2450 posuitﬁeum

552 2464 827 2520 alacri-tate
866 2466 936 2521 ab
971 2467 1216 2522 omnibus
1254 2468 1459 2524 civibus
1498 2471 1866 2526 exercebatur.
1900 2472 1955 2526 ln
1988 2475 2131 2543 prio-

554 2560 699 2612 ribus
721 2559 962 2614 laudibus
982 2560 1486 2626 immoratur,simul
1516 2578 1715 2633 augens
1741 2568 2132 2623 accusationem

555 2651 624 2705 de
644 2652 951 2717 mutatione,
972 2662 1025 2707 et
1039 2652 1395 2724 bonamspem
1418 2655 2135 2730 subjiciens,ostendensque

557 2742 713 2801 facile
740 2743 884 2812 ipsos
910 2757 1064 2812 posse
1093 2744 1147 2798 in
1177 2746 1461 2817 pristinum
1491 2755 1687 2804 statum
1721 2750 1947 2806 restitui.
1981 2751 2137 2807 Nunc

554 2844 724 2901 autem
746 2837 1107 2905 interfectores.
1139 2837 1428 2893 Homicida:
1452 2881 1466 2904 ,
1494 2839 1589 2895 ait.
1618 2839 1707 2895 22.
1740 2841 2017 2913 Argentum
2048 2861 2136 2899 ve-

556 2935 719 2980 strum
738 2927 1040 2997 rreprobum.
1069 2928 1123 2983 Id
1154 2937 1255 2994 est,
1284 2930 1419 2984 male
1445 2930 1708 3001 signatum
1728 2971 1742 2994 ,
1767 2932 2095 3003 illegitimum
2116 2978 2132 3001 ,

492 3027 496 3033 ‘
558 3020 1066 3091 falsum-Caupoues
1094 3023 1172 3076 tui
1194 3023 1400 3078 miscent
1425 3024 1595 3079 vinum
1619 3040 1771 3094 aqua.
1803 3025 2017 3093 Quiain
2043 3044 2137 3083 ex-

555 3112 711 3167 ordio
735 3128 919 3168 eorum
952 3114 1240 3183 nequitiam
1274 3128 1378 3169 non
1411 3116 1682 3184 speciatim
1706 3119 2009 3184 recensuit;
2040 3118 2135 3175 sed

548 3203 778 3259 ait-illos
803 3204 1224 3274 contempsisse,
1256 3220 1438 3263 semen
1479 3206 1780 3275 improbum
1804 3223 1925 3265 esse
1946 3250 1962 3274 ,
1992 3219 2049 3265 et
2076 3210 2136 3264 fi-

555 3298 657 3351 lios
695 3296 936 3367 iniquos,
972 3297 1109 3365 quod
1138 3298 1432 3355 convicium
1458 3299 1733 3355 videbatur
1771 3315 1890 3357 esse
1927 3303 2099 3372 potius

554 3407 715 3462 quam
754 3391 1022 3446 accusatio
1054 3408 1070 3446 :
1111 3390 1199 3447 hic
1230 3393 1607 3451 accusationes
1652 3394 1926 3464 speciatim
1971 3411 2137 3453 enun-

558 3484 682 3549 tiat,
708 3495 764 3538 et
802 3483 973 3553 primo
993 3525 1008 3550 ,
1040 3483 1180 3554 quod
1214 3492 1296 3538 est
1321 3493 1376 3538 et
1405 3485 1630 3553 primum
1654 3486 1914 3543 malorum
1940 3496 1994 3542 et
2021 3504 2137 3545 me-

557 3576 703 3631 dium
732 3586 786 3631 et
804 3586 1102 3632 extremum
1124 3618 1140 3643 ,
1172 3578 1482 3641 avaritiam,
1514 3586 1569 3634 et
1594 3579 1735 3635 circa
1767 3589 1917 3649 pacta
1944 3596 2139 3651 caupo-

558 3670 760 3723 nariam
787 3680 975 3724 artem.
1006 3669 1075 3723 At
1099 3669 1310 3737 quidam
1343 3669 1661 3724 ineffabilem
1689 3669 1781 3725 Dei
1823 3672 2135 3741 sapientiam

558 3776 665 3813 non
703 3761 1075 3828 intelligenles,
1120 3760 1222 3816 hoc
1246 3777 1339 3830 per
1369 3776 1641 3832 anagogen
1677 3761 1877 3818 dictum
1918 3778 2140 3833 accepe-

560 3862 703 3907 runt.
754 3852 937 3923 Neque
982 3855 1146 3913 enim.
1197 3854 1365 3919 aiunt,
1410 3870 1631 3925 magnus
1667 3856 1755 3911 ille
1803 3865 1857 3912 et
1896 3857 2139 3915 sublimis

564 3942 725 3997 Isaias
740 3942 805 3997 de
828 3942 1298 3999 nummulariorum
1315 3942 1542 4010 vafritie,
1557 3958 1607 4001 et
1624 3950 1690 4001 de
1708 3962 2005 4017 eauponum
2020 3965 2142 4005 cor-

563 4032 767 4102 ruptela
794 4033 1038 4103 loquutus
1065 4033 1250 4088 fuisset
1279 4051 1293 4087 :
1334 4033 1428 4088 sed
1456 4044 1733 4103 argentum
1768 4037 1849 4093 hic
1868 4039 2001 4095 dicit
2028 4040 2141 4095 elo-

564 4124 685 4193 quia
717 4124 808 4179 Dei
835 4165 848 4185 .
878 4134 931 4179 et
952 4123 1140 4178 vinum
1170 4123 1467 4179 doctrinam
1491 4165 1508 4189 ,
1547 4141 1704 4193 quam
1749 4130 2142 4197 permiscebant

563 4230 687 4271 suas
725 4217 983 4273 addentes
1009 4217 1333 4287 disciplinas.
1371 4217 1484 4287 Ego
1511 4234 1641 4275 vero
1668 4220 1805 4277 lianc
1825 4225 2139 4293 explicatio-

564 4324 683 4362 nem
731 4324 836 4363 non
886 4310 1164 4379 improbo,
1195 4309 1290 4366 sed
1324 4312 1487 4367 aliam
1533 4313 1795 4369 veriorem
1837 4330 1956 4372 esse
1996 4316 2138 4372 dico.

562 4397 677 4455 Non
706 4400 867 4455 modo
891 4402 1033 4457 enim
1061 4415 1166 4457 non
1198 4401 1470 4473 indignum
1494 4404 1755 4473 preplieta
1775 4413 1831 4460 et
1855 4404 1924 4460 de
1950 4408 2142 4464 talibus

566 4494 731 4563 loqui.
762 4493 854 4548 sed
882 4493 1035 4549 valde
1056 4492 1272 4563 dignum
1301 4504 1356 4549 et
1385 4495 1481 4549 illo
1500 4504 1559 4550 et
1590 4495 1683 4551 Dei
1708 4496 2057 4567 benignitate.
2078 4500 2144 4554 Et

560 4585 689 4656 quid
732 4600 866 4655 opus
906 4594 992 4640 est
1035 4585 1197 4640 multa
1236 4585 1464 4642 dicere?
1492 4585 1626 4645 Cum
1660 4588 1811 4643 enim
1838 4588 2143 4658 unigenitus

566 4678 656 4732 Dei
682 4678 846 4733 Filius
872 4678 1151 4734 sublimem
1172 4678 1402 4734 alferens
1420 4677 1971 4749 doctrinamadvenit,
1992 4699 2144 4741 cum-

562 4786 666 4839 que
691 4771 986 4839 angelicum
1009 4769 1134 4825 vita:
1172 4770 1471 4825 institutum
1510 4769 1953 4829 disseminaturus
1974 4783 2140 4838 esset,

564 4878 669 4914 non
716 4876 879 4930 pauca
929 4869 981 4915 et
1010 4862 1121 4930 ipse
1164 4859 1231 4915 de
1272 4856 1545 4919 mensuris
1579 4862 1848 4927 disseruit,
1882 4864 2053 4935 deque
2080 4867 2143 4920 iis

562 4968 682 5021 quae
725 4953 913 5008 viliora
965 4953 1284 5009 videbantur
1319 4968 1459 5019 esse,
1505 4954 1574 5009 de
1620 4956 2046 5022 salutationibus,
2074 4960 2143 5014 de

563 5047 741 5102 modio
790 5047 909 5101 loco
944 5047 1043 5116 (α),
1088 5047 1156 5102 de
1205 5049 1379 5117 primo
1418 5048 1686 5103 accubitu.
1725 5048 1855 5105 Nam
1883 5050 1998 5106 haec
2025 5069 2143 5122 qua:

563 5143 751 5211 exigua
786 5141 1037 5195 videntur
1058 5157 1197 5205 esse,
1230 5143 1275 5196 si
1318 5143 1667 5212 negligantur,
1697 5146 1869 5214 magni
1901 5158 2145 5216 peccato.

564 5250 681 5288 rum
716 5234 926 5289 fomites
962 5245 1103 5288 sntit.
1135 5234 1288 5301 Quod
1316 5235 1361 5290 si
1404 5236 1456 5288 in
1487 5235 1634 5291 Novo
1664 5235 2003 5292 Testamento
2029 5239 2145 5294 lucc

627 5370 700 5431 (η)
736 5369 787 5418 lu
808 5377 985 5424 artem,
1010 5386 1210 5430 om.
1236 5376 1344 5417 iure
1365 5376 1502 5417 recte
1527 5377 1658 5418 notat
1680 5372 1877 5421 sat-ilius
1898 5372 1987 5421 hoc
2004 5372 2106 5422 loro
2129 5389 2140 5423 :

572 5449 594 5474 ε
618 5430 808 5493 Nam.
842 5431 1024 5480 medios
1047 5431 1255 5480 incessus
1293 5430 1568 5489 significat:
1598 5433 1678 5493 qui
1729 5432 1859 5482 locus
1904 5443 1979 5483 est
2020 5438 2146 5484 inter

567 5492 904 5541 utnlntlamlum
932 5494 1358 5555 honoratissimus:
1385 5494 1496 5541 inde
1526 5492 1639 5542 illud
1671 5494 1973 5555 Imperatoris
1995 5498 2053 5544 ad
2089 5500 2145 5544 Ιι-

570 5555 759 5601 lu-rlmn
785 5568 922 5602 suum
949 5558 1075 5604 inter
1099 5554 1220 5604 duos
1243 5562 1497 5604 senatores
1536 5554 1749 5603 medium
1777 5558 2103 5607 ambulantem
2130 5574 2142 5607 :

571 5628 730 5663 .mnon
754 5623 797 5663 te
821 5616 965 5709 p-tgfrt
986 5616 1111 5669 inter
1128 5631 1212 5668 ws
1242 5616 1449 5666 medium
1482 5616 1721 5673 incedere,
1748 5630 1948 5679 quorum
1985 5634 2148 5671 scrt'tts

571 5688 672 5709 tum
693 5686 863 5709 nulnrau
928 5694 951 5709 ι

571 5688 672 5725 esse
688 5686 863 5738 potens
884 5686 907 5727 .7
928 5694 951 5722 ι

2237 331 2513 405 dirigenda
2540 345 2712 401 erant,
2744 336 2911 391 multo
2941 339 3109 407 magis
3137 339 3187 391 in
3213 337 3415 406 Veteri,
3442 339 3660 412 quando
3679 356 3827 397 cras-

2232 429 2407 491 siores
2432 430 2707 487 auditores
2736 439 2911 496 erant,
2941 440 2995 487 et
3026 440 3130 486 tota
3155 431 3367 489 illorum
3391 434 3672 493 vitam-alio
3697 437 3827 495 hinc

2230 521 2538 590 regebatur,
2560 534 2682 575 cum
2706 522 2931 590 pepulus
2961 522 3044 577 bis
3069 525 3239 593 magis
3262 523 3587 592 erudiretur,
3608 538 3668 583 ut
3698 545 3829 597 pro—

2235 613 2321 665 cul
2343 612 2489 666 omni
2519 612 2753 681 nequitia
2784 623 2947 680 esset,
2974 623 3029 670 et
3057 617 3109 670 in
3155 616 3304 671 nullo
3332 618 3641 689 proximum
3676 616 3823 678 frau-

2235 702 2409 766 daret,
2444 718 2617 774 neque
2653 720 2750 774 per
2787 707 2978 767 malam
3008 708 3151 767 illam
3199 712 3576 780 cauponariam
3618 727 3823 781 paupe-

2236 795 2407 853 riores
2428 798 2772 866 opprimeret.
2886 792 2890 797 ’

2306 886 2360 941 8.
2392 887 2483 943 His
2521 904 2749 960 namque
2793 890 3047 961 neglectis
3091 907 3232 963 saepe
3261 894 3501 953 civitates
3529 899 3824 962 subversa,

2224 988 2291 1037 «et
2314 979 2585 1048 principes
2612 979 2679 1035 de
2706 982 2840 1041 solio
2864 982 3128 1043 deturbati
3148 995 3291 1050 sunt,
3313 986 3561 1056 bellaque
3589 990 3829 1058 inexpia.

2240 1068 2363 1124 bilia
2414 1072 2664 1126 suscitata
2709 1091 2722 1127 :
2758 1074 3206 1143 quemadmodum
3234 1077 3333 1134 liis
3360 1080 3668 1141 observatis
3712 1100 3822 1151 pax

2239 1164 2402 1227 multa
2430 1173 2483 1221 et
2513 1166 2863 1237 tranquillitas
2893 1168 3009 1234 fuit,
3034 1185 3244 1229 necnon
3266 1173 3533 1235 securitas
3558 1174 3626 1229 ad
3657 1176 3825 1239 virtu-

2238 1264 2346 1313 tem
2390 1258 2678 1317 deducens.
2722 1259 2813 1316 25.
2848 1260 3111 1333 Principes
3156 1265 3229 1319 tui
3270 1264 3646 1337 inobsequentes
3674 1280 3822 1331 sum.

2228 1350 2479 1411 Maximte
2537 1353 2871 1423 aegritudinis
2910 1366 2970 1411 et
3021 1357 3379 1426 perversitatis
3438 1360 3648 1430 signqu
3699 1374 3779 1419 est
3805 1405 3821 1429 ,

2237 1444 2447 1516 quando
2469 1446 2661 1509 medici
2680 1451 2905 1507 morbos
2928 1448 3191 1519 adaugent
3212 1450 3313 1524 (α).
3332 1452 3648 1524 Principum
3677 1458 3822 1515 etaim

2237 1548 2319 1596 est
2347 1541 2523 1610 populi
2551 1542 2837 1601 dissolutos
2872 1558 3055 1605 mores
3083 1560 3443 1616 compescere,
3489 1558 3633 1609 recte
3665 1552 3827 1611 .ordi-

2237 1649 2385 1698 nare,
2410 1635 2687 1705 ipsumque
2707 1636 2912 1703 legibus
2933 1638 3389 1707 obtemperatuem
3408 1642 3639 1703 reddere
3660 1660 3825 1707 :~cum

2237 1734 2413 1780 autem
2443 1728 2539 1795 ipsi
2561 1728 2717 1797 primi
2747 1730 2889 1798 leges
2917 1732 3393 1807 transgrediuntur,
3412 1735 3683 1804 quomodo
3701 1737 3827 1791 aliis

2236 1816 2481 1873 doctores
2524 1819 2754 1874 fuerint?
2801 1822 2928 1877 Illud
2959 1824 3131 1890 enim,
3176 1823 3562 1895 [nobseqttentes
3598 1838 3736 1896 sunt,
3770 1830 3826 1884 id

2234 1922 2337 1976 est,
2369 1913 2483 1966 Non
2508 1914 2875 1984 obsequuntur
2892 1916 3024 1985 legi,
3050 1929 3320 1987 apreceepta
3341 1936 3452 1975 non
3478 1932 3695 1979 servant
3718 1924 3824 1981 :tid

2236 2005 2377 2073 quod
2399 2006 2558 2060 etiam
2590 2006 2785 2061 Paulus
2808 2008 2937 2077 ipsis
2966 2010 3170 2065 crimini
3194 2011 3291 2066 :dat
3314 2011 3495 2067 dicens
3525 2030 3538 2065 :
3564 2014 3671 2079 Qui
3699 2030 3826 2085 ergo

2238 2096 2393 2149 alium
2417 2097 2583 2160 dares,
2612 2100 2825 2163 teipsum
2858 2115 2961 2153 tum
2978 2100 3129 2159 doces
3156 2100 3328 2173 (Rom.
3348 2104 3408 2160 ἃ.
3426 2104 3825 2172 θητριωιιάιι

2237 2202 2366 2256 ergo
2396 2188 2546 2241 radix
2574 2198 2822 2256 corrupta
2853 2188 3029 2253 fuerit,
3060 2191 3128 2247 de
3165 2195 3328 2250 ramis
3353 2195 3478 2264 quid
3504 2196 3630 2255 leoni
3653 2199 3827 2264 conji-

2237 2278 2387 2330 eias?
2411 2279 2554 2333 Socii
2582 2284 2774 2348 furum.
2808 2282 3336 2351 Accessioveriminis,
3362 2286 3624 2356 quodnon
3643 2291 3823 2345 solum

2241 2370 2376 2425 mala
2408 2386 2511 2424 non
2543 2382 2842 2436 coerceant,
2887 2373 2979 2429 sed
3018 2384 3240 2431 conatus
3266 2376 3319 2433 in
3344 2381 3668 2437 contrarium
3698 2399 3826 2437 ver-

2241 2472 2371 2527 tant,
2414 2480 2518 2517 non
2546 2466 2708 2517 modo
2748 2466 2889 2520 fures
2930 2484 3040 2523 non
3082 2481 3407 2541 oppugnent,
3453 2474 3651 2533 sedet
3691 2477 3825 2546 ipsis

2236 2553 2545 2623 jungantur,
2577 2571 2641 2610 ex
2670 2556 2933 2612 diametro
2972 2561 3268 2629 oppositam
3307 2564 3486 2619 virtuti
3527 2566 3823 2637 principum

2242 2647 2526 2715 nequitiam
2556 2648 2834 2704 adeuntes.
2864 2649 3142 2721 Diligentes
3172 2669 3400 2709 munera.
3438 2656 3617 2711 Altera
3647 2660 3826 2729 gravis

2239 2738 2446 2805 species
2471 2737 2623 2793 famis
2640 2740 2780 2805 auri,
2812 2756 2930 2810 quae
2960 2742 3191 2799 fucatum
3218 2746 3433 2815 quidem
3474 2749 3635 2811 habet
3664 2766 3831 2821 argu-

2241 2838 2498 2895 mentum,
2533 2831 2629 2886 sed
2675 2832 3053 2889 benevolentiae
3081 2836 3301 2892 obtentu
3328 2849 3619 2896 extremam
3650 2844 3832 2898 avari-

2243 2922 2368 2975 tiam
2416 2922 2613 2993 prodit.
2666 2924 3027 2995 Persequentes
3070 2929 3468 2991 retributionem.
3516 2933 3826 2991 Memoriam

2241 3013 2552 3083 injuriarum
2579 3032 2704 3087 erga
2752 3017 2997 3076 inimicos
3022 3032 3319 3089 servantes,
3349 3025 3488 3080 mala
3530 3026 3828 3084 retribuere

2240 3117 2501 3162 conantur
2528 3109 2593 3165 iis
2618 3110 2705 3180 qui
2732 3125 2791 3166 se
2820 3112 3008 3182 injuria
3034 3114 3342 3182 affecerunt,
3366 3133 3488 3187 quae
3535 3130 3617 3175 est
3641 3121 3830 3193 ingens

2242 3200 2455 3254 malitiae
2500 3202 2705 3269 species
2744 3221 2758 3257 :
2798 3205 3142 3273 quamobrem
3190 3223 3293 3262 non
3338 3209 3391 3263 in
3429 3209 3580 3265 Novo
3622 3223 3829 3270 tantum

2243 3291 2605 3358 Testamento,
2636 3294 2731 3350 sed
2752 3296 2912 3350 etiam
2944 3297 2995 3350 in
3026 3298 3225 3365 Veteri,
3258 3317 3449 3371 magno
3478 3306 3652 3360 studio
3673 3322 3831 3361 coer-

2242 3394 2412 3439 cetur.
2444 3385 2697 3440 Notitiam
2721 3388 2887 3452 enim,
2926 3388 3114 3458 inquit,
3161 3393 3378 3461 proximi
3404 3397 3491 3448 uti
3524 3413 3593 3449 ine
3636 3408 3834 3453 revocet

2242 3478 2452 3547 quisque
2478 3488 2692 3537 vestrum
2732 3480 2787 3533 in
2835 3482 2987 3535 corde
3021 3500 3111 3535 suo
3148 3484 3327 3553 (Zach.
3362 3487 3415 3538 7.
3448 3488 3562 3557 10).
3603 3489 3684 3543 Μ)
3727 3490 3836 3548 hoc

2241 3569 2385 3622 enim
2414 3570 2661 3639 nequitia:
2691 3586 2886 3639 genere
2921 3588 3110 3642 purum
3148 3590 3269 3632 esse
3296 3586 3514 3645 oportet
3550 3581 3830 3650 populum,

2244 3661 2517 3731 multoque
2547 3664 2716 3732 magis
2762 3666 3074 3736 principem,
3106 3671 3209 3737 qni
3250 3671 3479 3731 subditis
3520 3674 3582 3733 in
3626 3674 3834 3745 judicio

2248 3752 2537 3821 praecipere
2562 3754 2742 3817 debet,
2770 3768 2827 3809 ut
2846 3768 3052 3825 ponant
3080 3759 3402 3828 inimicitias,
3441 3780 3510 3820 ne
3556 3775 3739 3836 portus
3772 3768 3831 3823 in

2245 3844 2523 3911 scopulum
2548 3853 2801 3902 vertatur.
2839 3845 3062 3917 Pupillis
3088 3867 3187 3904 non
3210 3853 3517 3917 iudicantes.
3548 3856 3603 3912 Id
3631 3868 3733 3922 eet,
3762 3859 3836 3914 iis

2245 3950 2351 3989 non
2378 3938 2792 4007 patrocinantes,
2824 3949 2873 3992 ut
2900 3940 2988 4008 jus
3024 3956 3176 3996 suum
3207 3945 3499 4005 obtineant.
3547 3948 3610 4003 Et
3628 3951 3838 4021 judicio

2245 4027 2509 4081 viduarum
2532 4045 2632 4082 non
2661 4030 2989 4089 attendentes.

2322 4120 2441 4174 Non
2465 4121 2614 4175 modo
2648 4123 2837 4175 ntaltun
2866 4136 3171 4195 perpetrare,
3219 4128 3306 4181 sed
3329 4129 3479 4184 etiam
3514 4131 3841 4191 tuumnon

2247 4230 2395 4283 agere
2423 4215 2619 4267 crimini
2646 4215 2816 4268 datur.
2841 4245 2914 4256 —-
2936 4216 3357 4286 Observandum,
3397 4238 3504 4278 non
3535 4227 3691 4279 motio
3718 4243 3844 4282 [ηδε

2248 4303 2357 4357 lum
2388 4314 2714 4373 perpetrare,
2745 4307 2837 4361 sed
2865 4308 3022 4362 etiam
3054 4310 3253 4366 bonum
3281 4330 3386 4369 non
3416 4330 3592 4386 agere,
3618 4319 3841 4377 crimini

2247 4394 2382 4460 dari,
2413 4397 2858 4465 quemadmodum
2880 4400 3037 4454 etiam
3067 4404 3116 4456 in
3149 4403 3297 4459 Novo
3317 4405 3672 4464 Testamento.
3696 4411 3844 4471 Nam

2246 4488 2338 4558 qui
2363 4490 2685 4545 esurientem
2716 4506 2821 4545 non
2844 4492 3011 4559 alunt,
3040 4509 3144 4548 non
3175 4498 3296 4565 quia
3321 4498 3492 4555 aliena
3519 4514 3839 4573 rapuerunt,

2248 4581 2339 4635 sed
2368 4582 2486 4650 quia
2518 4597 2611 4635 sua
2636 4583 2820 4652 egenis
2848 4599 2952 4638 non
2973 4598 3276 4655 erogarnnt,
3302 4589 3352 4643 in
3373 4589 3629 4659 gebenna:
3654 4594 3845 4664 ignem

2250 4673 2565 4727 mittuntur:
2603 4673 2682 4729 sic
2707 4673 2867 4743 igitur
2900 4674 2953 4729 bi
2994 4692 3135 4731 nunc
3177 4678 3504 4749 ineusantur,
3549 4697 3653 4739 non
3688 4690 3844 4755 quod

2249 4765 2435 4819 alienis
2458 4766 2610 4819 bonis
2639 4766 2860 4832 inhient,
2894 4784 2999 4822 non
3028 4770 3165 4838 quod
3198 4771 3391 4842 injuste
3420 4778 3651 4850 potentia
3680 4786 3850 4835 utau-

2253 4865 2352 4919 tur,
2385 4857 2476 4909 sed
2502 4856 2645 4925 quod
2680 4858 2862 4929 egenis
2888 4860 3178 4915 officiosam
3210 4879 3424 4918 manum
3448 4882 3558 4920 non
3588 4869 3847 4929 tendant.

2249 4944 2337 5000 24.
2378 4946 2589 5017 I’mpter
2626 4948 2721 5002 hoc
2754 4949 2871 5003 Ilaec
2906 4951 3029 5004 dicit
3072 4950 3371 5008 Dominator
3402 4953 3650 5012 Dominus
3691 4958 3852 5015 Sab-

2250 5039 2419 5103 baot/t,
2454 5050 2624 5107 potens
2651 5039 2816 5095 Israel
2848 5058 2866 5095 :
2896 5043 2944 5096 id
2983 5053 3084 5110 est,
3130 5047 3327 5114 populi.
3364 5047 3481 5103 Non
3519 5051 3635 5104 sine
3668 5068 3854 5112 causa

2252 5131 2401 5195 illud,
2434 5131 2644 5198 Potens,
2666 5136 2864 5202 posuit,
2896 5135 2987 5189 sed
3018 5137 3069 5190 in
3101 5140 3410 5193 niemoriam
3440 5155 3698 5196 revocans
3724 5143 3857 5203 illis

2315 5316 2387 5382 (al)
2416 5315 2467 5363 In
2483 5322 2738 5382 (τηεβες),εά
2761 5317 3430 5382 tem,_tm9isum._'lilmanuus
3443 5321 3603 5382 vertit.
3620 5320 3855 5382 inferum

2250 5377 2453 5447 morbos.
2472 5378 2561 5426 sed
2587 5376 2764 5447 melius
2786 5376 3091 5447 intelligitur,
3115 5380 3162 5428 ni
3195 5378 3548 5447 fallor,_tuorbos
3566 5376 3849 5447 adnitar-ur;

2252 5440 2378 5509 utuin
2396 5439 2677 5509 diuturnius
2700 5448 2893 5509 quimus
2917 5441 3203 5497 extrahant;
3231 5442 3307 5509 vel
3339 5443 3462 5495 forte
3486 5445 3555 5492 sic
3572 5439 3852 5509 possitiul

2253 5499 2426 5565 tclligi,
2454 5500 2502 5547 in
2526 5499 2699 5565 nimbis
2719 5499 2814 5565 ipsi
2834 5510 3110 5561 versarunt;
3131 5516 3245 5565 qua:
3272 5499 3615 5563 interpretatio
3654 5506 3857 5562 melius

2251 5558 2489 5625 quadrare
2514 5561 2707 5625 videtur
2728 5558 2785 5611 ad
2820 5577 2878 5611 ea
2900 5576 3010 5625 quae
3033 5558 3321 5625 sequuntur.
3348 5558 3437 5617 Sed
3469 5565 3507 5613 si
3544 5567 3617 5621 sic
3646 5558 3856 5620 intelli:

2254 5623 2465 5693 gentium
2490 5630 2641 5693 esset,
2666 5622 2842 5685 aliquid
2864 5622 3014 5675 seriei
3054 5622 3229 5675 (ιι-ἰδεῖν
3250 5627 3521 5681 addemlum
3561 5628 3854 5693 videretur,

2256 5686 2389 5731 γει-Μ
2419 5686 2587 5747 gratia.
2615 5698 2661 5740 ιὶς
2686 5700 2747 5741 τὰς
2773 5700 2893 5742 viaea;
2917 5699 3150 5747 ἰπιτρίεωοιν.
