4096 6322
172 182 181 247 ,ι

174 274 181 361 ἱ

172 368 181 439 ἑ

174 448 179 505 ι

172 506 179 583 1

78 886 87 915 ιί

72 1008 83 1047 ἱ

72 1056 79 1079 I

168 870 179 1037 ί

166 1048 171 1073 ξ

166 1084 171 1113 Ξ

168 1116 171 1131 r

168 1168 173 1201 γ

168 1222 171 1269 μ

168 1276 171 1301 L

305 444 370 500 2‘5
1699 449 1764 505 IN
1805 448 1957 504 ISAU

2091 446 2247 504 CAP.
2292 449 2335 505 1.
3002 490 3005 491 ν
3667 445 3735 503 24

302 561 448 615 πόλει
483 561 756 630 γενέσθαι,
785 561 886 633 τὴν
927 563 1132 631 ἄφατον
1164 563 1385 635 ἀγάπην
1414 562 1510 633 τὴν
1548 564 1673 634 περὶ
1710 553 1964 627 αὐτοὺςί

302 650 725 721 ἐνδεικνύμενος·
756 652 849 703 καὶ
886 650 961 714 ὡς
993 650 1121 722 περὶ
1151 652 1343 721 ἀνδρὸς
1367 652 1458 704 καὶ
1491 651 1745 718 γυναικὸς
1770 651 1965 703 πολλα-

302 736 386 808 χοῦ
418 738 785 806 διαλέγονται,
810 740 907 809 οὐχ
936 739 1022 791 ἴνα
1046 740 1126 802 είς
1153 738 1495 809 ἀνθρωπίνην
1522 738 1804 808 παχύτητα
1834 756 1962 791 κατ-

302 827 561 894 ενέγκωσι
599 827 692 879 τὸν
735 826 912 894 λόγον,
935 827 1051 879 ἀλλ’
1082 827 1167 879 ἴνα
1192 827 1280 881 διὰ
1306 826 1413 880 τῶν
1447 828 1757 898 συντρόφων
1785 827 1963 889 αὐτοῖς

304 914 635 983 πραγμάτων
655 914 751 967 ἐπὶ
775 915 875 985 τὴν
902 915 1102 983 γνῶσιν
1126 913 1225 984 τῆς
1256 914 1350 966 τοῦ
1375 914 1509 967 Θεοῦ
1540 915 1966 985 χειραγωγήσω-

303 1016 378 1053 σιν
422 1001 624 1065 αὐτοὺς
667 1002 1067 1073 φιλοστοργίας·
1114 1001 1249 1072 ὁμοῦ
1292 1000 1349 1054 δὲ
1392 1002 1485 1054 καὶ
1523 1000 1600 1072 τῷ
1632 1000 1839 1071 αἰσχρῷ
1865 1000 1963 1070 τῆς

306 1090 668 1158 προσηγορίας
715 1090 1063 1159 καθάψασθαι
1094 1090 1388 1161 βούλονται.
1426 1088 1636 1155 Πιστή·
1667 1087 1961 1153 τουτέστιν,

305 1176 337 1244 ή
365 1177 595 1246 εὐσεϐὴς
633 1179 727 1231 καὶ
765 1177 948 1249 πάσης
976 1180 1178 1250 ἀρετῆς
1213 1179 1474 1248 γέμουσα’
1499 1178 1638 1231 ὥστε
1673 1175 1963 1230 κάντεῦθεν

308 1261 478 1332 δῆλον,
521 1266 605 1317 ὅτι
650 1267 902 1336 πορνείαν
952 1267 1015 1320 οὐ
1057 1267 1156 1338 τὴν
1201 1266 1309 1320 τῶν
1342 1267 1608 1336 σωμάτων
1645 1264 1810 1333 λέγει’
1843 1263 1965 1317 ἐπεὶ

311 1346 455 1402 εἶπεν
482 1353 572 1417 ἂν,
607 1354 760 1418 πόλις
787 1356 820 1424 ἠ
848 1354 1097 1424 σώφρων
1120 1353 1263 1408 οὕτω
1286 1353 1393 1424 γάρ
1422 1349 1489 1424 ἦν
1519 1353 1580 1406 τὺ
1600 1351 1962 1406 άντιδιαστελσ

311 1436 525 1508 λόμενον
551 1442 619 1511 τῇ
654 1442 843 1513 ιιιιιιόρνῃ⁸
874 1441 969 1495 νῦν
1005 1443 1061 1496 δὲ
1088 1442 1320 1504 δεικνὺς,
1351 1442 1434 1495 ὅτι
1461 1441 1562 1513 τὴν
1590 1440 1842 1493 ἀσέϐειαν
1872 1441 1960 1492 αί-

316 1526 537 1579 νίττεται
561 1528 649 1581 διά
668 1530 764 1597 τῆς
786 1528 1058 1600 πορνείας,
1083 1529 1144 1581 τὸ
1165 1527 1539 1597 ἀντικείμενον
1568 1527 1708 1598 αὐτῇ
1729 1526 1958 1593 τέθεικε,

314 1611 409 1682 τὴν
432 1613 608 1667 πίστιν
622 1616 670 1667 ι’.
692 1614 936 1685 Πλήρης
950 1617 1200 1684 κρίσεως
1219 1633 1233 1646 ·
1250 1614 1514 1678 τουτέστι,
1538 1615 1748 1684 πλήρης
1760 1613 1961 1667 δικαιο-

320 1700 492 1770 σύνης.
526 1702 686 1756 Πάλιν
715 1705 967 1775 μέγιστον
993 1705 1260 1775 ἔγκλημα,
1282 1705 1380 1774 οὐχ
1402 1704 1482 1757 ὅτι
1510 1704 1644 1774 πρὸς
1672 1701 1960 1775 ὁλόκληρον

316 1787 413 1857 τὴν
456 1789 644 1843 κακίαν
685 1791 1079 1863 ηὐτομόλησαν,
1118 1792 1229 1846 ἀλλ’
1258 1793 1340 1845 ὅτι
1379 1793 1471 1845 καὶ
1505 1791 1795 1862 ὁλόκληρον
1827 1806 1960 1863 προ-

322 1872 509 1927 έδωκαν
529 1876 624 1947 τὴν
646 1879 866 1949 ἀρετὴν,
897 1879 1099 1933 καὶτὸν
1133 1879 1353 1935 πλοῦτον
1379 1880 1590 1934 ἄπαντα
1611 1878 1718 1931 τῶν
1740 1877 1959 1945 ἀγαθῶν

322 1960 503 2031 ἀθρόον
531 1964 637 2017 ἀπὸ
664 1966 772 2019 τῶν
805 1967 1005 2038 χειρῶν
1037 1966 1152 2039 [14]
1183 1967 1457 2038 ῥίψαντες,
1491 1968 1585 2020 κα)⁸
1621 1967 1758 2037 πρὸς
1794 1965 1957 2035 ἐσχά-

321 2065 412 2119 την
438 2050 537 2104 τῶν
566 2053 751 2107 κακῶν
769 2055 1181 2125 κατενεχθέντες
1201 2056 1410 2110 πενίαν.
1430 2057 1525 2108 Ἐν
1542 2050 1582 2126 ᾗ
1606 2053 1957 2123 δικαιοσύνη

317 2135 579 2207 ἐκοιμήθη
604 2140 676 2195 ἐν
697 2141 870 2211 αὐτῇ.
910 2143 1170 2213 Ηύλίσθη,
1205 2143 1357 2214 φησὶ,
1388 2144 1783 2213 κατεσκήνωσε,
1804 2158 1960 2195 τουτ-

316 2225 441 2287 έστι,
470 2228 816 2297 πεφύτευται,
866 2231 1150 2301 ἐρῤίξωτο,
1194 2230 1331 2302 μετὰ
1356 2230 1662 2301 προθυμίας
1690 2230 1794 2283 ὑπὸ
1826 2231 1961 2284 πάν-

313 2330 414 2366 των
452 2315 788 2387 κατωρθοῦτο
823 2319 931 2370 τῶν
961 2318 1208 2371 πολιτῶν.
1263 2319 1611 2389 Ἐνδιατρίϐει
1640 2320 1754 2381 τοῖς
1783 2320 1952 2386 ἐγκω-

311 2400 444 2469 μίοις
488 2406 600 2467 τοῖς
644 2405 948 2477 προτέροις,
981 2406 1114 2477 ὁμοῦ
1149 2407 1246 2477 μὲν
1272 2406 1449 2471 αὔξων
1488 2406 1587 2477 τὴν
1627 2407 1957 2478 κατηγορίαν

304 2488 397 2557 τὴν
430 2490 493 2543 ἐκ
523 2492 625 2561 τῆς
662 2492 981 2561 μεταϐολῆς,
1019 2493 1151 2563 ὁμοῦ
1185 2495 1242 2547 δὲ
1272 2493 1514 2566 χρηστάς
1541 2494 1831 2547 ὑποτείνων
1861 2494 1957 2557 τὰς

301 2575 534 2643 ἐλπίδας,
579 2578 673 2632 καὶ
711 2578 945 2643 δεικνὺς,
990 2581 1070 2633 ὅτι
1114 2582 1293 2653 ῥᾴδιον
1322 2582 1517 2645 αὐτοὺς
1552 2581 1957 2653 ἀνακτήσασθαι

300 2663 476 2718 πάλιν.
494 2665 628 2720 Νῦν
641 2665 709 2719 δὲ
722 2668 1025 2736 φονευταί.
1041 2668 1400 2739 Ἀνδροφόνοι,
1415 2668 1547 2738 φησί
1554 2709 1567 2722 .
1586 2668 1662 2721 Τὸ
1677 2667 1959 2736 ἀργύριον

290 2755 454 2822 ὑμῶν
473 2756 785 2826 ἀδόκιμον.
812 2756 1092 2822 Τουτέστι,
1122 2763 1471 2831 παράσημον,
1494 2760 1663 2823 νόθον,
1695 2761 1965 2834 κίϐδηλον.

285 2846 347 2896 01
364 2844 634 2913 κάπηλοί
649 2862 765 2901 σου
776 2846 1064 2915 μίσγουσι
1082 2847 1186 2901 τὸν
1197 2849 1364 2902 οἶνον
1379 2848 1571 2902 ὕδατι.
1591 2850 1807 2920 Ἐπειδὴ
1838 2868 1958 2921 προ⁴

287 2932 669 3004 οιμιαζόμενος
697 2936 757 2988 οὺ
781 2936 900 2988 κατ’
926 2929 1067 2999 εἶδος
1094 2930 1245 2988 εῐπεν
1274 2935 1452 2989 αὐτῶν
1478 2936 1578 3007 τὴν
1607 2936 1825 3002 κακίαν,
1852 2936 1967 2990 ἀλλ’

283 3019 366 3071 ὅτι
401 3021 700 3092 ἠθέτησαν,
739 3024 832 3076 καὶ
865 3022 945 3076 ὅτι
984 3021 1208 3093 σπέρμα
1244 3023 1481 3094 πονηρὸν
1524 3019 1686 3094 ἦσαν,
1720 3023 1814 3077 καὶ
1859 3024 1966 3078 υἱοὶ

286 3108 503 3177 ἄνομοι,
548 3110 577 3163 6
617 3110 884 3183 λοιδορίας
913 3110 1087 3165 ἐδόκει
1122 3110 1342 3181 μᾶλλον,
1373 3111 1407 3181 ἢ
1444 3110 1775 3183 κατηγορίας
1806 3106 1965 3165 εἶναι’

279 3202 528 3258 ἐνταῦθα
565 3206 659 3259 καὶ
695 3205 832 3260 αύτά
858 3204 1038 3278 τίθησι
1077 3206 1197 3259 κατ’
1218 3202 1356 3269 εἶδος
1393 3207 1461 3259 τά
1493 3206 1830 3277 ἐγκλήματα,
1858 3206 1952 3260 καὶ

279 3292 533 3361 πρῶτον,
572 3293 602 3346 6
639 3293 852 3364 πρῶτόν
907 3296 1022 3347 ἐστι
1070 3294 1162 3346 καὶ
1210 3294 1372 3365 μέσον
1402 3295 1494 3347 καὶ
1520 3294 1821 3347 τελευταῖον
1845 3294 1951 3346 τῶν

273 3380 497 3440 κακῶν,
552 3380 648 3451 τὴν
698 3381 1077 3453 φιλαργυρίαν,
1133 3383 1225 3434 καὶ
1270 3381 1368 3452 τὴν
1398 3381 1622 3453 περὶτὰ
1653 3380 1952 3451 συμϐόλαια

268 3466 619 3535 καπηλείαν.
658 3467 817 3521 Ἀλλά
851 3486 997 3532 τινες
1039 3470 1101 3523 οὐ
1142 3469 1409 3533 συνιέντες
1440 3480 1463 3509 α
1505 3468 1600 3540 τὴν
1631 3468 1835 3538 ἄφατον
1858 3469 1951 3521 τοῦ

265 3552 421 3605 Θεοῦ
455 3553 672 3620 σοφίαν,
696 3556 812 3608 κατ’
844 3556 1131 3627 ἀναγωγὴν
1157 3555 1217 3609 τὸ
1244 3555 1533 3628 εἰρημένον
1575 3555 1844 3624 ἐξέλαϐον.
1875 3556 1952 3610 Οὐ

263 3640 392 3711 γάρ
433 3639 536 3701 ἂν,
578 3640 756 3709 φησιν,
793 3642 821 3693 6
850 3643 1021 3711 μέγας
1050 3642 1143 3695 καὶ
1169 3643 1366 3713 ὑψηλὸς
1395 3643 1621 3707 Ἡσαΐας
1648 3642 1788 3712 ὑπὲρ
1814 3661 1952 3715 τρα-

260 3726 537 3793 πεζιτῶν
571 3730 927 3797 κακουργίας..
946 3729 1040 3781 καὶ
1066 3730 1321 3801 καπήλων
1348 3729 1639 3801 διαφθορᾶς
1683 3730 1948 3801 διελέχθη·

142 3814 147 3889 Γ
261 3815 415 3869 ἀλλὰ
442 3812 721 3885 ἀργύριον
745 3814 976 3870 ἐνταῦθα
995 3814 1064 3868 τὰ
1083 3815 1237 3884 λόγιά
1260 3833 1390 3887 φησι
1406 3817 1499 3871 τοῦ
1522 3818 1678 3881 Θεοῦ,
1701 3818 1794 3871 καὶ
1813 3814 1953 3872 οἶνον

142 3934 145 3993 ς
260 3906 367 3977 τὴν
395 3903 785 3970 διδασκαλίαν,
831 3906 897 3974 ἠν
925 3905 1140 3959 ἐθόλουν
1166 3907 1540 3975 ἐπεισάγοντες
1565 3909 1743 3963 αὐτῶν
1785 3910 1852 3963 τά
1876 3911 1955 3963 δι-

142 4020 149 4066 γ
258 3993 560 4064 δάγματα.
612 3992 754 4059 Ἐγὼ
797 3991 853 4045 δὲ
890 3991 1017 4045 οὔτε
1051 3993 1253 4063 ταύτην
1278 3993 1525 4063 ἀτιμάζω
1550 3994 1646 4065 τὴν
1675 3996 1950 4066 ἐξήγησιν,

262 4084 360 4135 καὶ
394 4084 507 4152 τὴν
540 4083 738 4153 ἑτέραν
778 4081 1151 4153 ἀληθεστέραν
1196 4078 1333 4134 εἷναί
1364 4098 1520 4152 φημι.
1554 4083 1626 4135 06
1654 4083 1761 4153 γάρ
1798 4084 1953 4153 μόνον

259 4171 361 4222 οὐκ
394 4170 637 4233 ἀνάξιον
666 4168 759 4222 τοῦ
786 4173 1068 4240 προφήτου
1108 4170 1170 4223 τὸ
1209 4171 1336 4241 περὶ
1373 4171 1573 4223 τούτων
1598 4170 1953 4238 διαλέγεσθαι,

260 4257 401 4309 ἀλλά
440 4260 547 4309 καὶ
578 4257 784 4327 σφόδρα
818 4258 966 4323 ἄξιον
1002 4258 1096 4310 καὶ
1123 4258 1289 4311 αὐτοῦ
1319 4258 1531 4328 καὶτῆς
1553 4258 1647 4310 τοῦ
1673 4258 1807 4311 Θεοῦ
1838 4259 1954 4327 φιλ-

261 4345 623 4417 ανθρωπίας.
663 4346 771 4397 Καὶ
797 4345 847 4397 τί
871 4345 948 4398 δεῖ
975 4344 1044 4396 τὰ
1079 4344 1243 4397 πολλὰ
1270 4345 1449 4413 λέγειν
1475 4361 1489 4409 ;
1520 4345 1647 4398 Ὅτε
1678 4344 1705 4384 ἀ
1740 4345 1867 4413 γοῦν
1889 4347 1954 4401 τὰ

263 4432 447 4502 ὑψηλά
486 4434 809 4502 διδάγματα
854 4433 1034 4503 φέρων
1076 4428 1239 4503 ἦλθεν
1287 4435 1317 4486 6
1359 4433 1651 4504 μονογενὴς
1689 4432 1781 4488 τοῦ
1822 4435 1953 4487 Θεοῦ

263 4514 423 4581 Παῖς.
450 4516 557 4570 καὶ
590 4520 695 4586 τὴν
731 4515 839 4570 τῶν
865 4515 1112 4585 ἀγγέλων
1152 4516 1547 4585 καταφυτεύειν
1583 4518 1769 4587 ἔμελλε
1806 4520 1954 4572 πολι-

152 4604 157 4675 ξ
260 4605 431 4667 τείαν,
461 4607 572 4659 οὐκ
606 4604 770 4672 ὀλίγα
795 4606 923 4675 περί⁷
953 4605 1168 4675 μέτρων
1208 4604 1302 4657 καὶ
1329 4604 1489 4667 αὐτὸς
1514 4605 1823 4670 διείλεκται,
1860 4611 1953 4660 καὶ

262 4690 365 4745 τῶν
399 4694 624 4746 τούτων
672 4692 1064 4760 εὐτελεστέρων
1104 4687 1240 4745 εἶναι
1277 4690 1591 4757 δοκούντων,
1625 4694 1951 4764 ἀσπασμῶν,

263 4780 353 4831 καὶ
381 4778 732 4850 μεσασμῶν,
764 4778 858 4832 καλ⁵
883 4778 1306 4849 πρωτοκλισιῶν.
1335 4781 1415 4835 Τὰ
1444 4780 1548 4852 γάρ
1584 4781 1755 4853 μικρά
1785 4782 1955 4836 ταῦτα

265 4862 399 4920 εἶναι
455 4867 742 4922 δοκοῦντα
788 4866 1245 4938 παραμελούμενα
1292 4869 1501 4938 μεγάλα
1547 4870 1955 4941 ἁμαρτημάτων

266 4952 692 5023 ὑπεκκαύματα
738 4951 966 5019 γίνεται.
1026 4952 1089 5005 Εί
1140 4952 1197 5006 δὲ
1234 4954 1325 5006 ἐπὶ
1366 4955 1464 5025 τῆς
1517 4956 1722 5025 Καινῆς
1783 4956 1956 5010 ταῦτα

267 5038 619 5109 διορθοῦσθαι
657 5040 794 5101 ἔδει,
838 5038 1017 5109 πολλῷ
1067 5039 1263 5110 μᾶλλον
1307 5042 1397 5094 ἐπὶ
1436 5042 1533 5112 τῆς
1572 5043 1832 5106 Παλαιᾶς,
1865 5044 1953 5097 ὅτε

268 5130 358 5182 καὶ
381 5132 708 5202 παχύτεροι
733 5130 780 5181 οί
812 5129 1093 5197 ἀκροαταὶ,
1122 5130 1214 5182 καὶ
1240 5131 1345 5194 πᾶς
1377 5131 1553 5185 αὐτῶν
1586 5135 1614 5186 6
1644 5132 1753 5200 βίος
1776 5132 1957 5185 ἐντεῦ-

158 5218 161 5249 ¹
271 5213 355 5267 θεν
373 5217 650 5289 ὠρθοῦτο,
697 5214 790 5269 τοῦ
815 5215 986 5285 δήμου
1015 5215 1155 5269 οὕτω
1189 5218 1346 5270 πλέον
1367 5219 1423 5272 ἐν
1448 5219 1679 5271 τουτοισὶ
1708 5221 1957 5273 παιδευοο

158 5356 159 5371 1
273 5302 451 5371 μένου,
489 5306 706 5377 πόρρω
747 5302 929 5373 πάσης
970 5305 1181 5368 ἀδικίας
1228 5305 1491 5373 γίνεσθαι,
1525 5307 1617 5360 καὶ
1655 5307 1714 5360 ἐν
1768 5307 1956 5379 μηδενὶ

333 5473 357 5500 ¹
384 5473 506 5537 Reg.
534 5476 651 5538 περὶ
675 5472 851 5538 αὐτοῦ,
878 5474 1032 5538 male:
1056 5475 1162 5538 περὶ
1182 5474 1339 5538 αὐτήν-
1354 5476 1534 5525 melius
1556 5482 1721 5538 esset:
1746 5489 1856 5525 nam
1877 5478 1957 5527 hic

271 5530 333 5601 sle
366 5530 567 5586 civilwate
595 5530 843 5601 I'oquilur;
871 5536 969 5601 sed
987 5538 1091 5599 περὶ
1103 5530 1301 5601 *αὐτούς
1326 5536 1459 5587 bene
1496 5537 1663 5598 habet,
1687 5544 1955 5601 possetque

272 5590 374 5658 hac
396 5590 717 5647 constructio
735 5595 982 5658 exemplis
1003 5590 1293 5646 co'uﬁrmarL

334 5654 362 5721 ξ)
390 5657 520 5707 Editi
546 5661 686 5708 male
723 5654 980 5721 rigidi-ru.
1010 5659 1268 5707 Bavaricus
1286 5660 1473 5721 optime
1491 5660 1578 5721 τὴν
1597 5658 1773 5709 πίστιν.

331 5719 361 5751 ε
389 5721 462 5766 Οὐ
487 5718 858 5775 συνιέντες.’8ἱσ
883 5720 1154 5770 Bavaricus.
1182 5718 1430 5769 Edebetur
1450 5720 1631 5770 omisso
1651 5722 1725 5769 ού.

336 5778 495 5845 Elige
516 5781 632 5845 ὶοορ
655 5783 733 5845 sic
757 5781 1188 5845 legendumrputal
1210 5782 1403 5845 Baisius
1440 5784 1489 5831 iu
1515 5784 1643 5831 nolis
1667 5783 1855 5845 Savilji.
1904 5796 1952 5845 ρ,

273 5838 405 5906 Ῑῖζτέῌι
435 5841 519 5906 ὅτε
539 5839 660 5906 γοῦν
678 5842 795 5906 δ-τόι
808 5838 966 5906 ὗψηλὰ.
987 5838 1199 5904 δόγματα
1219 5844 1388 5906 φέρων,
1408 5845 1436 5892 ὁ
1459 5846 1707 5906 μονογενὴς
1724 5843 1809 5891 τοῦ
1831 5838 1956 5893 Θεοῦ

276 5902 421 5964 Παῖς,
431 5903 516 5949 καὶ
542 5904 647 5964 τὴν
656 5904 756 5964 τῶν
776 5902 982 5962 ἀγγέλων
1002 5902 1335 5961 καταφυτεύειν
1357 5902 1537 5964 μέλλων
1568 5902 1823 5960 πολιτείαν,
1837 5915 1955 5964 elc.,

278 5966 360 6031 [el
378 5962 605 6031 ᾖτε-γοῦν
625 5963 681 6019 ὃς
698 5963 760 6031 τά
780 5964 938 6031 ρψῃλὰ
957 5962 1542 6031 διδάγματα-φέρωνῆλθεν
1558 5968 1585 6014 6
1608 5968 1857 6031 μονογενὴς
1871 5962 1956 6015 τοῦ

278 6024 584 6091 θεῷ-Παῖς,
602 6032 665 6091 et
683 6024 757 6071 sic
777 6024 1029 6091 deiuceps_,
1051 6024 1104 6074 ut
1141 6027 1194 6091 in_
1217 6024 1357 6091 ubi-is
1387 6028 1588 6091 legitur.
1610 6024 1678 6080 λι
1703 6024 1856 6090 ιὸευε,
1904 6036 1958 6081 ut

284 6088 337 6138 ω
356 6085 508 6138 Edilo
533 6090 635 6145 est,
679 6097 776 6133 non
800 6088 926 6133 male
948 6086 1128 6135 habere
1150 6086 1363 6135 videtur.

693 6172 964 6231 Ριιτιιοι..
1009 6171 1124 6232 Gn.
1156 6170 1324 6237 LVI,

2069 564 2179 617 τῶν
2216 562 2442 635 πλησίον
2478 561 2838 626 πλεονεκτεῖν,
2867 561 3000 632 μηδέ
3044 560 3142 625 τάς
3165 558 3273 612 τῶν
3302 557 3738 629 καταδεεστέρων

2068 650 2368 721 ἐπιτρίϐειν
2392 649 2582 713 πενίας
2600 651 2667 720 τῇ
2695 649 3001 720 κακουργία
3025 649 3123 718 τῆς
3152 646 3478 717 καπηλείας.

2136 742 2206 805 η’.
2229 736 2444 791 Τούτων
2463 736 2591 806 γοῦν
2619 734 3002 806 ἀμελουμένων
3028 736 3119 788 καὶ
3140 735 3318 798 πόλεις
3344 734 3598 797 πολλάκις
3617 731 3736 787 ἀνε-

2067 821 2371 893 τράπησαν,
2396 824 2488 877 καὶ
2519 822 2627 876 ἀπὸ
2661 820 2865 893 θρόνων
2895 821 3149 891 ἄρχοντες
3181 821 3611 892 κατηνέχθησαν,
3639 818 3735 873 καὶ

2069 908 2301 978 πόλεμος
2319 907 2575 973 ἄσπονδος
2597 907 2837 976 γέγονεν·
2860 906 3007 960 ὥσπε
3016 924 3047 977 ρ
3069 907 3516 978 κατορθουμένων
3542 907 3732 977 εἰρήνη

2067 993 2233 1064 πολλὴ
2273 1012 2371 1049 και
2398 994 2623 1065 εὐνομία
2655 993 2748 1046 καὶ
2776 993 3044 1061 ἀσφάλεια
3069 992 3204 1064 πρὸς
3232 993 3433 1065 ἀρετὴν
3459 1010 3732 1064 χειραγω-

2064 1080 2255 1149 γοῦσα.
2288 1084 2353 1134 Οί
2398 1081 2683 1150 ἄρχοντές
2719 1093 2836 1134 σου
2889 1079 3221 1134 ἀπειθοῦσι.
3263 1081 3541 1149 Μεγίστης
3575 1080 3731 1134 νόσου

2064 1170 2156 1222 καὶ
2181 1168 2510 1239 διαστροφῆς
2546 1168 2790 1237 σημεῖον,
2826 1167 2954 1219 ὅταν
2991 1166 3039 1219 οί
3069 1166 3241 1236 ἰατροὶ
3271 1167 3369 1230 τὰς
3396 1167 3580 1230 νόσους
3611 1170 3732 1222 ἐπι-

2061 1256 2338 1327 τρίϐωσιν.
2381 1254 2680 1326 ’Δρχόντων
2716 1253 2824 1324 γάρ
2854 1252 2945 1305 τοῦ
2971 1254 3147 1323 δήμου
3185 1255 3284 1316 τὰς
3311 1254 3537 1318 ἀταξίας
3563 1271 3731 1309 κατα-

2062 1342 2317 1407 στέλλειν,
2345 1343 2438 1395 καὶ
2472 1341 2610 1413 πρὸς
2633 1341 2695 1395 τὺ
2720 1340 2836 1394 δέον
2863 1340 3164 1411 ῥυθμίζειν,
3201 1340 3315 1413 [l5]
3351 1343 3445 1395 καὶ
3470 1341 3548 1411 τῷ
3579 1343 3730 1413 νόμῳ

2063 1435 2233 1485 ποιεῖν
2266 1430 2633 1493 καταπειθεῖς·
2678 1432 2804 1483 ὅταν
2836 1430 2892 1484 δὲ
2928 1430 3082 1483 αὐτοὶ
3114 1430 3319 1500 πρῶτοι
3365 1431 3490 1493 τοὺς
3530 1432 3730 1501 νόμους

2062 1517 2458 1587 παραϐαίνωσι,
2504 1516 2620 1581 πῶς
2663 1516 2729 1570 ἂν
2776 1517 2985 1586 ἑτέροις
3021 1516 3259 1584 γένοιντο
3294 1515 3630 1580 διδάσκαλοι;
3654 1517 3728 1571 T6

2060 1606 2190 1677 γὰρ,
2230 1604 2590 1667 Ἀπειθοῦσι,
2610 1603 2908 1668 τουτέστιν,
2938 1603 2998 1656 οὐ
3027 1603 3299 1657 πείθονται
3331 1602 3408 1673 τῷ
3441 1603 3609 1673 νόμῳ,
3627 1603 3727 1657 οὐκ

2059 1693 2342 1762 ἀνέχονται
2364 1690 2473 1745 τῶν
2501 1690 2747 1745 ἐντολῶν
2776 1690 2805 1744 6
2833 1690 2927 1743 καὶ
2957 1688 3165 1762 Παῦλος
3194 1689 3414 1757 ἐγκαλεῖ
3437 1688 3629 1755 λέγων·
3673 1689 3727 1741 '0

2059 1775 2173 1835 οὖν
2208 1778 2513 1833 διδάσκων
2542 1778 2765 1847 ἕτερον,
2803 1778 3063 1832 σεαυτὸν
3100 1779 3170 1833 οὐ
3201 1776 3535 1843 διδάσκεις;
3560 1778 3728 1834 Ὅταν

2059 1862 2153 1920 οὖν
2200 1868 2233 1936 ή
2284 1866 2409 1938 ῥίζα
2453 1864 2819 1936 διεφθαρμένη
2864 1862 2920 1938 ᾖ,
2957 1865 3010 1917 τί
3044 1863 3277 1936 χρηστὸν
3316 1863 3430 1916 ἔστι
3464 1863 3726 1934 περὶτῶν

2060 1957 2269 2011 κλάδων
2322 1956 2679 2021 ὑποπτεύεινς
2727 1954 3011 2008 Κοινωνοὶ
3069 1950 3363 2007 κλεπτῶν.
3434 1954 3724 2025 Προσθήκη

2059 2046 2414 2115 κατηγορίας,
2446 2046 2530 2097 ὃτι
2565 2045 2624 2097 οὐ
2661 2044 2817 2115 μόνον
2853 2042 2913 2095 οὐ
2948 2042 3365 2096 καταστέλλουσι
3403 2052 3426 2079 ο
3455 2041 3520 2094 τά
3553 2040 3722 2103 δεινὰ,

2058 2131 2194 2186 ἀλλά
2218 2133 2312 2184 καὶ
2336 2131 2736 2184 ἀντιτείνουσιν·
2767 2130 2827 2182 ού
2862 2128 3020 2198 μόνον
3055 2129 3114 2180 ού
3148 2126 3439 2197 πολεμοῦσι
3465 2130 3573 2191 τοῖς
3602 2126 3723 2180 κλέα

2056 2235 2239 2281 πταις,
2269 2217 2405 2272 ἀλλά
2428 2218 2522 2271 καὶ
2545 2217 3004 2288 συμπράττουσιν,
3027 2215 3092 2268 ἐκ
3116 2215 3408 2285 διαμέτρου
3438 2215 3534 2285 τῆς
3558 2232 3725 2285 προσ-

2057 2304 2192 2375 ηκού
2201 2322 2299 2374 σης
2324 2303 2527 2376 ἀρετῆς
2548 2305 2766 2374 ἄρχοντι
2784 2302 2882 2373 τὴν
2907 2302 3106 2355 κακίαν
3127 2302 3420 2373 μετιόντες.
3438 2299 3726 2370 Ἀγαπῶνκ-

2056 2410 2156 2459 τες
2201 2391 2376 2462 δῶρα.
2413 2390 2635 2462 Ἕτερον
2686 2389 3037 2460 φιλοχρυσίας
3069 2388 3090 2427 ί
3133 2385 3269 2452 εἶδος
3319 2388 3576 2460 χαλεπὸν,
3633 2389 3722 2442 e6-

2059 2476 2345 2547 πρόσωπον
2394 2474 2494 2545 μὲν
2529 2472 2781 2528 ὑπόθεσιν
2825 2472 2966 2542 ἔχον,
3000 2473 3059 2526 ἐν
3098 2472 3445 2546 προσχήματι
3482 2471 3540 2524 δὲ
3569 2470 3720 2540 φιλο-

2057 2564 2328 2635 φροσύνης
2376 2564 2476 2633 τὴν
2521 2562 2755 2633 ἐσχάτην
2791 2561 3101 2628 πλεονεξίαν
3130 2560 3589 2631 ἐπιδεικνύμενον.
3630 2562 3721 2613 Δι-

2053 2654 2309 2717 ώκοντες
2343 2648 2743 2719 ἀνταπόδομα.
2788 2647 3266 2719 Μνησικακοῦντες
3322 2650 3435 2710 τοῖς
3480 2647 3716 2718 ἐχθροῖς,

2052 2739 2444 2796 ἀνταποδοῦναι
2485 2736 2877 2804 σπουδάζοντες
2916 2741 3028 2805 τοῖς
3060 2740 3444 2813 λελυπηκόσιν,
3470 2743 3608 2817 ὅπερ
3633 2744 3732 2815 μέν

2052 2844 2237 2896 γιστον
2267 2827 2466 2890 κακίας
2498 2821 2660 2891 εἶδος.
2690 2827 2769 2879 Δι’
2792 2826 2823 2880 6
2849 2827 2950 2880 οὐκ
2975 2827 3035 2882 ἐν
3073 2831 3139 2901 τῇ
3166 2829 3343 2902 Καινῇ
3381 2831 3561 2900 μόνον,
3594 2830 3730 2888 ἀλλά

2061 2915 2158 2969 καὶ
2195 2916 2254 2969 ἐν
2284 2919 2352 2987 τῇ
2395 2917 2605 2988 Παλαιᾷ
2636 2916 2774 2987 μετά
2819 2914 3022 2985 πολλῆς
3049 2916 3291 2985 εἴργεται
3332 2916 3433 2985 τῆς
3467 2917 3723 2984 σπουδῆς.

2060 3004 2287 3058 Κακίαν
2320 3004 2429 3075 γὰρ
2465 3003 2742 3069 ἕκαστος,
2784 3002 2938 3072 φησὶ,
2973 3002 3081 3057 τοῦ
3113 3002 3380 3069 πλησίον
3426 3000 3612 3055 αὑτοῦ
3636 3000 3726 3069 μὴ

2056 3091 2477 3161 μνησικακεῖτε
2515 3092 2584 3144 ἐν
2634 3089 2761 3157 ταῖς
2801 3088 3071 3157 καρδίαις
3109 3088 3294 3156 ὑμῶν.
3335 3087 3588 3142 Μάλιστα
3627 3090 3727 3157 μὲν

2059 3178 2170 3250 γὰρ
2188 3179 2283 3233 καὶ
2311 3178 2374 3231 τὸ
2398 3178 2705 3249 δημοτικὸν,
2732 3176 2909 3247 πολλῷ
2928 3176 2986 3230 δὲ
3011 3176 3209 3246 μᾶλλον
3231 3175 3323 3228 τὸν
3344 3175 3577 3246 ἄρχοντα
3598 3172 3729 3225 ταύ-

2058 3282 2158 3335 της
2191 3265 2271 3318 δεῖ
2300 3263 2621 3335 καθαρεύειν
2652 3264 2749 3335 τῆς
2775 3263 2994 3327 κακίας,
3020 3263 3113 3316 καὶ
3140 3260 3234 3315 τοῦ
3271 3262 3405 3332 πρὸς
3430 3259 3726 3330 ἀπέχθειαν

2057 3351 2387 3421 ψηφίζεσθαι
2409 3354 2520 3413 τοῖς
2546 3350 2883 3422 κρινομένοις
2911 3348 3273 3419 ἀπηλλάχθαι,
3300 3349 3387 3402 ἴνα
3412 3348 3488 3420 μὴ
3516 3350 3544 3401 6
3566 3346 3727 3417 λιμὴν

2060 3440 2320 3502 σκόπελος
2340 3439 2584 3510 γένηται.
2626 3434 2929 3507 Ὀρφανοῖς
2963 3438 3035 3491 οὐ
3063 3436 3387 3505 κρίνοντες.
3413 3435 3724 3496 Τουτέστιν,

2057 3526 2118 3579 οὺ
2156 3526 2563 3597 προϊστάμενοι,
2588 3524 2662 3588 ὼς
2696 3525 2791 3578 καὶ⁵
2824 3523 2930 3576 τῶν
2957 3522 3179 3576 δικαίων
3228 3524 3431 3591 τυχεῖν.
3462 3522 3571 3578 Καὶ
3606 3523 3728 3590 xpl-

2057 3627 2154 3667 σει
2185 3612 2384 3682 χηρῶν
2413 3614 2485 3667 οὐ
2512 3611 2928 3680 προσέχοντες.

2128 3698 2546 3771 Παρατηρητέον
2585 3698 2668 3750 ὅτι
2708 3697 2768 3749 οὐ
2786 3697 2847 3750 τὸ
2862 3697 3195 3755 κακοποιεῖν,
3244 3695 3357 3748 ἀλλ’
3392 3696 3472 3749 ὅτι
3522 3694 3617 3748 καὶ
3666 3696 3730 3750 τὸ

2056 3789 2258 3857 ἀγαθὸν
2282 3788 2355 3859 μὴ
2376 3785 2699 3858 ἐργάζεσθαι
2719 3783 2926 3848 ἐνταξει
2959 3786 3133 3837 κεῖται
3160 3784 3421 3854 πονηρίας
3437 3825 3451 3846 ,
3477 3784 3725 3855 καθάπερ

2056 3874 2148 3931 οὖν
2190 3877 2284 3931 καὶ
2325 3878 2383 3928 ἐν
2423 3877 2492 3945 τῇ
2527 3875 2723 3943 Καινῇ.
2760 3874 2821 3924 Ol
2855 3872 2963 3942 γάρ
2997 3872 3263 3925 πεινῶντα
3298 3872 3373 3942 μὴ
3405 3871 3722 3941 θρέψαντες,

2056 3966 2153 4035 οὐχ
2184 3965 2265 4017 ὃτι
2286 3964 2353 4016 τά
2378 3961 2629 4031 ἀλλότρια
2647 3959 2918 4030 ἥρπασαν,
2942 3958 3055 4012 ἀλλ’
3079 3959 3158 4011 ὅτι
3182 3958 3249 4011 τά
3276 3958 3455 4012 αὐτῶν
3476 3959 3533 4011 οὑ
3558 3959 3724 4029 προή-

2056 4069 2220 4106 καντο
2242 4053 2351 4114 τοῖς
2377 4048 2669 4119 δεομένοις,
2697 4048 2776 4109 είς
2802 4044 2862 4098 τὸ
2884 4045 2980 4116 τῆς
3008 4046 3229 4114 γεέννης
3258 4046 3564 4115 πέμπονται
3590 4045 3721 4117 πῦρ·

2057 4139 2245 4209 ὥσπερ
2278 4132 2369 4190 οὖν
2400 4136 2493 4187 καὶ
2519 4128 2663 4188 οῦτοι
2702 4133 2795 4186 νῦν
2842 4131 3216 4201 ἐγκαλοῦνται,
3256 4132 3357 4202 οὐχ
3389 4133 3469 4185 ὅτι
3509 4132 3727 4184 πλεονε-

2059 4225 2293 4286 κτοῦσιν,
2311 4223 2418 4276 οὐδ’
2434 4223 2515 4275 ὅτι
2537 4219 3106 4280 καταδυναστεύουσιν.
3130 4219 3241 4272 ἀλλ’
3260 4220 3341 4273 ὃτι
3368 4220 3592 4283 καὶτοῖς
3621 4219 3728 4271 δεο-

2060 4315 2241 4383 μένοις
2262 4310 2361 4380 τῆς
2389 4309 2566 4364 αὐτῶν
2592 4307 2839 4378 βοηθείας
2854 4309 2953 4361 οὐκ
2971 4306 3220 4379 ὀρέγουσι
3240 4310 3410 4377 χεῖρα.
3434 4306 3535 4359 Διά
3550 4305 3725 4359 τοῦτο

2056 4402 2195 4455 τάδε
2232 4398 2391 4468 λέγει
2419 4400 2452 4451 ό
2476 4397 2780 4464 Δεσπότης
2812 4396 3023 4463 Κύριος
3060 4395 3319 4457 Σαϐαὼθ,
3357 4397 3389 4447 ό
3418 4394 3725 4460 δυνάστης

2055 4489 2160 4543 τοῦ
2194 4486 2450 4556 ἰσραήλο
2470 4484 2731 4549 τουτέστι,
2757 4483 2850 4535 τοῦ
2873 4481 3024 4536 λαοῦ.
3044 4483 3153 4551 Οὐχ
3180 4481 3362 4544 ἁπλῶς
3380 4482 3434 4534 δὲ
3456 4480 3721 4543 τέθεικεν,

2067 4577 2121 4629 ’0
2139 4574 2470 4641 δυνάστης,
2498 4571 2632 4625 ἀλλὰ
2659 4571 3090 4640 ἀναμιμνήσκων
3113 4570 3310 4631 αὐτοὺς
3341 4569 3434 4622 καὶ
3459 4567 3566 4620 τῶν
3593 4569 3723 4636 παρ’

2055 4660 2274 4724 ἐλπίδας
2303 4656 2648 4729 εὐεργεσιῶν,
2684 4656 2777 4709 καὶ
2802 4655 2911 4710 τῶν
2941 4654 3188 4725 χαλεπῶν
3226 4653 3499 4708 κολάσεων
3531 4653 3598 4716 ἀς
3627 4653 3724 4706 ὑπ-

2057 4746 2299 4815 έμειναν.
2339 4741 2555 4812 Ἐπειδὴ
2584 4740 2693 4811 γὰρ
2723 4738 2891 4793 πολλά
2924 4741 3015 4791 καὶ
3044 4740 3069 4779 ε
3104 4737 3360 4801 πολλάκις
3385 4735 3725 4808 ἁμαρτάνον-

2054 4846 2165 4895 τες,
2196 4828 2291 4883 καὶ
2318 4827 2519 4895 πολλῆς
2547 4825 2905 4889 ἀπολαύοντες
2941 4824 3039 4895 τῆς
3070 4824 3471 4896 μακροθυμίας,
3506 4825 3586 4887 είς
3624 4824 3722 4894 ρᾳ-

2055 4916 2252 4987 θυμίαν
2284 4914 2525 4977 ἔπιπτον,
2553 4912 2711 4966 τοῦτο
2742 4910 3073 4975 ἐνδείξασθαι
3109 4911 3374 4981 βούλεται,
3397 4912 3477 4965 ὅτι
3497 4907 3722 4964 δυνατὸν

2053 5004 2143 5057 ὅτε
2171 5003 2414 5073 βούλεται
2440 5000 2768 5067 ἐπεξελθεῖν,
2796 5000 2887 5053 καὶ
2911 5001 2971 5053 ού
2998 5001 3166 5053 δεῖται
3198 4998 3419 5071 καιρῶν,
3449 4998 3570 5050 ούδέ
3595 4996 3721 5065 χρό-

2055 5108 2180 5151 νων,
2206 5087 2319 5143 ἀλλ’
2341 5087 2533 5156 ἐτοιμα
2561 5085 2707 5156 αύτῷ
2733 5086 2911 5139 πάντα
2930 5086 3023 5138 καὶ
3043 5083 3550 5155 παρεσκευασμένα.
3572 5081 3717 5134 Οὐαὶ

2054 5176 2176 5242 τοῖς
2214 5175 2537 5243 ἰσχύουσιν
2561 5172 2630 5226 ἐν
2672 5173 2927 5239 ’1σραήλ’
2961 5173 3032 5224 οὺ
3064 5171 3356 5223 παύσεται
3387 5169 3498 5235 γάρ
3531 5184 3650 5235 μου
3685 5170 3719 5220 ό

2054 5263 2236 5333 θυμὸς
2255 5263 2323 5315 ἐν
2341 5260 2464 5326 τοῖς
2483 5258 2860 5323 ὑπεναντίοις
2879 5275 3014 5326 μου,
3046 5258 3110 5309 Τί
3137 5257 3244 5326 γὰρ
3266 5253 3587 5323 ἀθλιώτερον
3606 5253 3718 5307 τῶν

2052 5352 2142 5406 τὸν
2169 5350 2300 5403 Θεὸν
2331 5347 2585 5418 πολέμιον
2607 5348 2865 5417 ἐχόντων;
2894 5348 2975 5400 Οὺ
3000 5347 3291 5400 παύσεται
3313 5342 3371 5395 δὲ
3390 5341 3593 5411 ἔλεγεν,
3619 5340 3717 5413 οὐχ

2119 5531 2142 5560 ⁸
2167 5528 2289 5589 Reg.
2315 5527 2403 5575 οὐκ
2420 5523 2783 5589 ἀποστέλλουσι,
2801 5535 2909 5589 _non
2932 5525 3096 5589 _male.
3119 5521 3307 5589 [bidem
3333 5518 3509 5589 Sayik
3522 5532 3610 5582 pro
3632 5520 3717 5589 ἀν-

2052 5581 2299 5644 τιτείνοιῖᾇι
2323 5588 2587 5649 legendum
2612 5590 2753 5649 putat
2772 5585 3094 5649 ἐπιτείνουσι.
3119 5582 3269 5649 Ppulo
3301 5586 3413 5643 post
3433 5581 3640 5649 A_l|e_nus
3660 5582 3715 5629 in

2052 5654 2183 5701 nolis
2206 5642 2460 5709 Βενίιὶἱῖρ.
2489 5647 2597 5705 159,
2616 5642 2747 5709 hune
2771 5647 2932 5709 locum
2952 5646 3006 5694 ἐκ
3029 5645 3278 5709 διαμέτρου
3302 5642 3420 5701 elc.,
3445 5643 3515 5691 sic
3536 5642 3717 5709 legent-

2052 5714 2166 5761 dum
2187 5717 2341 5772 putat,
2361 5702 2683 5771 ἐκ’διαμέτρου
2724 5707 2950 5772 ἐναντίαν,
2975 5708 3052 5772 vel
3088 5702 3305 5772 ἐναντίως
3322 5711 3407 5765 τῆς
3425 5702 3605 5772 προσ,
3634 5702 3716 5750 vel

2050 5776 2136 5831 τὴν
2159 5762 2213 5822 ἐκ
2252 5762 2981 5837 διαμτρουξτῆξίπροσηκούσῄς
3022 5769 3098 5837 ἀρ.
3142 5762 3397 5837 οἷρχηκακ.Δ
3436 5762 3719 5837 μετ-..-ἐναγ-

2055 5822 2176 5893 τίαν,
2215 5822 2355 5882 certe
2379 5822 2457 5880 hi'c
2486 5822 2668 5893 aliquid
2687 5822 3298 5893 'subinlelliéendum'Es§:
3341 5822 3719 5893 Agipnltasﬁf

2050 5895 2139 5945 bet
2160 5889 2530 5952 Chrysoslomus
2548 5889 2823 5951 tiujusmodi
2846 5889 3203 5950 ἀποσιωπήσεις
3218 5926 3231 5950 ,
3256 5889 3483 5941 Hominis
3505 5890 3723 5930 manu).

2052 5960 2103 6007 in
2139 5957 2389 6005 Geneslm.

2120 6016 2139 6056 ι’
2169 6017 2423 6064 Bavaricus
2446 6014 2825 6075 φιλοχρηματίας.

2119 6080 2146 6121 σ
2167 6078 2248 6126 Sic
2267 6071 2916 6145 Bavaric'us.(minuebatur
2937 6074 3023 6138 γὰρ
3044 6075 3193 6126 πολλὰ
3216 6071 3337 6133 καί.)

3231 6163 3269 6205 9

3231 6199 3269 6221 ἂ
