4096 6322
456 378 531 433 τις
1267 385 1324 441 S.
1366 384 1650 441 JOANNIS
1687 380 2175 440 CHRYSOSTOMI
2213 376 2532 436 ARCHIEP.
2571 374 3111 435 CONSTANTINOP.
3498 416 3499 419 η
3794 382 3858 439 26

460 493 551 545 ἶνα
581 494 659 555 είς
691 494 997 563 ἀπόγνωσιν
1020 488 1279 571 ἐμϐάλλῃ,
1311 500 1425 553 ἀλλ’
1457 500 1542 553 ἱ⁹να
1573 499 1813 569 αὐξήσας
1839 498 1929 551 τὸν
1959 497 2123 566 φόϐον
2223 474 2358 557 σεως
2381 495 2474 547 καὶ
2504 492 2769 564 τιμωρίας
2794 492 2901 545 τῶν
2932 490 3223 559 πολεμίων.
3264 488 3423 541 Μετὰ
3443 486 3863 556 ἑλεημοσύνης,

461 578 539 640 εἰς
574 581 859 648 μετάνοιαν
890 585 1111 656 καλέσῃ.
1142 585 1257 656 [16]
1280 585 1385 638 Τοῦ
1415 586 1523 657 γάρ
1554 598 1603 652 ο,
1643 588 1725 637 Οὐ
1765 586 2052 638 παύσεται
2090 585 2123 635 ό
2218 582 2490 643 τουτέστι,
2555 579 2754 649 πολλῆς
2823 579 2920 648 τῆς
2986 575 3406 645 φιλανθρωπίας.
3475 574 3579 626 Δύο
3652 574 3861 627 ἐνταῦθα

460 665 666 733 θυμός,
715 670 1086 742 φοϐερώτερον
1126 674 1205 737 τὸ,
1257 673 1352 725 Ἑν
1398 673 1523 739 τοῖς
1563 674 1943 736 ὑπεναντίοις
1973 687 2113 739 μου.

456 753 621 805 Οὐδὲν
641 756 751 827 γὰρ
784 756 924 809 οὓτω
958 759 1045 810 τὸν
1070 758 1199 811 Θεὸν
1230 759 1549 831 παροξύνειν
1574 760 1783 823 εἴωθεν,
1815 759 1891 822 ὠς
1919 759 1952 828 ἡ
1982 756 2120 811 κατά

451 839 565 891 τῶν
598 844 839 914 πενήτων
860 844 1041 898 ἀδικία
1068 846 1189 898 κατ’
1214 847 1409 910 αὐτοὺς
1433 848 1707 918 γινομένη.
1742 847 1885 900 Οὐαὶ
1910 845 1967 898 δὲ
1997 844 2118 909 τοῖς

372 965 381 974 .
458 927 742 995 ἰσχύουσι
781 931 983 999 ἔλεγεν,
1025 933 1121 1001 οὐχ
1161 932 1344 996 ἁπλῶς
1390 933 1485 1004 τὴν
1525 934 1751 1004 δύναμιν
1796 932 2114 995 διαϐάλλων,

455 1012 590 1066 ἀλλά
627 1015 726 1086 τὴν
770 1017 861 1069 ἐπὶ
905 1018 1060 1088 κακῷ
1086 1018 1330 1089 δύναμιν.
1376 1021 1550 1090 ’ἰσχὺν
1585 1020 1641 1073 δὲ
1672 1020 1903 1073 ἐνταῦθα
1927 1019 1987 1071 οὐ
2018 1020 2116 1089 τὴν

454 1099 548 1153 τοῦ
592 1102 842 1171 σώματός
869 1121 1051 1175 φησιν,
1076 1106 1211 1159 ἀλλὰ
1244 1105 1342 1177 τὴν
1371 1107 1479 1160 ἀπὸ
1515 1106 1616 1177 τῆς
1644 1105 1751 1159 τῶν
1776 1104 2116 1177 πραγμάτων

456 1189 746 1260 περιϐολῆς
802 1190 1136 1245 δυναστείαν.
1176 1194 1285 1247 Kal
1331 1196 1533 1261 κρίσιν
1591 1193 1823 1261 ποιήσω
1876 1193 1943 1245 ἐκ
1998 1192 2115 1244 τῶν

453 1274 682 1342 ἐχθρῶν
699 1292 837 1344 μου.
865 1278 1091 1333 Κολάσω
1130 1282 1253 1343 τοὺς
1274 1281 1500 1351 ἐχθρούς
1535 1298 1659 1350 μου,
1695 1281 1921 1351 ἐχθροὺς
1951 1278 2111 1332 αὐτοῦ

452 1359 624 1428 λέγων
659 1364 783 1425 τοὺς
826 1364 933 1416 τῶν
972 1368 1220 1437 πενήτων
1277 1368 1503 1439 ἐχθροὺς
1552 1368 1639 1421 διὰ
1681 1368 1741 1420 τὸ
1789 1366 2113 1437 ἐπηρεάζειν

452 1446 611 1510 ὄντας
632 1463 645 1475 ·
676 1448 833 1502 τοῦτο
878 1451 933 1503 δὲ
967 1452 1170 1521 ἔλεγεν,
1211 1454 1298 1507 ἵνα
1332 1455 1510 1525 μάθῃς
1548 1456 1647 1524 τῆς
1673 1454 1886 1517 ἀδικίας
1918 1454 1977 1505 τὸ
2014 1453 2111 1522 μέ-

452 1534 625 1603 τεθος.
660 1537 766 1589 καὶ
792 1537 990 1601 ἐπάξω
1016 1538 1131 1607 τὴν
1156 1541 1321 1608 χεῖρά
1342 1560 1460 1610 μου
1485 1541 1581 1594 ἐπὶ
1611 1542 1704 1605 σὲ,
1736 1541 1830 1593 καὶ
1860 1539 2112 1607 πυρώσω

451 1638 525 1701 σε
558 1623 644 1701 είς
680 1626 962 1693 καθαρόν.
1000 1627 1115 1679 Ἷνα
1172 1629 1367 1699 μάθῃς,
1405 1630 1487 1682 ὅτι
1525 1629 1613 1681 οῖα
1641 1628 1706 1681 ἂν
1740 1625 1826 1701 ᾗή
1856 1628 1990 1697 ὀργὴ
2016 1626 2108 1678 τοῦ

450 1699 584 1752 Θεοῦ
640 1704 735 1755 καὶ
789 1705 823 1775 ή
871 1706 1130 1776 τιμωρία,
1162 1708 1262 1760 οὐκ
1324 1709 1417 1761 ἐπὶ
1455 1707 1657 1777 κακῷὶ»
1705 1699 1893 1760 καὶτὸ
1931 1706 2109 1758 δοῦναι

448 1786 600 1858 δίκην
629 1789 835 1856 γίνεται
872 1791 1053 1862 μόνον,
1080 1793 1195 1847 ἀλλ’
1222 1794 1315 1849 ἐπὶ
1345 1794 1423 1865 τῷ
1472 1794 1708 1864 βελτίους
1734 1794 1984 1863 γενέσθαι
2016 1792 2110 1845 καὶ

444 1875 643 1940 αὐτοὺς
698 1880 824 1943 τοὺς
870 1881 1283 1953 κολαζομένους.
1333 1884 1442 1938 Kal
1486 1885 1739 1953 πυρώσω
1791 1902 1883 1947 σε,
1920 1884 2104 1954 φησὶν,

447 1963 535 2027 εἰς
575 1966 852 2034 καθαρόν.
888 1969 962 2021 Οὐ
1006 1970 1181 2023 τοίνυν
1217 1971 1344 2024 ὅταν
1388 1971 1764 2042 κολαζώμεθα,
1811 1971 1928 2025 ἀλλ’
1980 1972 2108 2024 ὅταν

448 2048 870 2123 ἀμαρτάνωμεν,
898 2054 1020 2108 τότε
1052 2058 1236 2125 ἀλγεῖν
1281 2058 1515 2111 δίκαιον·
1541 2060 1602 2112 τὸ
1641 2060 1738 2130 μὲν
1774 2059 1883 2129 7&9
1913 2058 2105 2127 ῥύπον,

445 2137 507 2189 τὸ
529 2138 584 2190 δὲ
615 2140 891 2212 καθαρμὸν
924 2144 1232 2214 ἐργάζεται.
1274 2146 1339 2198 Τί
1376 2146 1433 2199 δέ
1462 2150 1628 2211 ἐστιν,
1669 2148 1769 2212 Εἰς
1808 2148 2107 2213 καθαρόν;

457 2224 545 2288 Ὧς
575 2227 709 2297 μηδὲ
743 2228 886 2299 ίχνος
914 2227 1050 2285 εἶναι
1074 2232 1223 2303 παρά
1254 2234 1334 2286 σοὶ
1357 2233 1592 2305 κηλῖδος.
1623 2235 1800 2302 Ὅπερ
1838 2234 1947 2304 γάρ
1991 2233 2106 2285 ἐστι

444 2312 522 2382 τῷ
572 2315 779 2385 χρυσίῳ
832 2317 893 2370 τὸ
928 2316 1059 2389 πῦρ,
1090 2320 1245 2372 τοῦτο
1292 2322 1405 2383 τοῖς
1453 2320 1717 2393 ῥᾳθύμοις
1759 2322 1792 2391 ἡ
1844 2320 2103 2391 τιμωρία.

451 2397 597 2463 Τοὺς
625 2398 693 2451 δὲ
728 2401 1120 2469 ἀπειθοῦντας
1138 2405 1420 2459 ἀπολέσω
1439 2446 1453 2469 ,
1484 2406 1585 2460 καὶ
1625 2404 1830 2475 ἀφελῶ
1874 2405 2107 2471 πάντας

443 2484 706 2553 ἀνόμους
730 2487 849 2541 ἀπὸ
878 2490 1014 2554 σοῦ,
1042 2490 1138 2543 καί
1168 2490 1396 2556 πάντας
1442 2492 1866 2561 ὑπερηφάνους
1905 2508 2105 2545 ταπει-

443 2574 635 2628 νώσω.
668 2576 731 2628 Ol
778 2577 887 2649 7&9
932 2578 1125 2632 ἀνίατα
1156 2580 1456 2646 νοσοῦντες,
1482 2581 1639 2651 φησὶ,
1680 2581 1774 2633 καὶ
1798 2580 1917 2633 οὐδὲ
1941 2598 2107 2650 τιμω-

446 2660 590 2730 ρίαις
622 2661 880 2727 εἴκοντες,
921 2664 1265 2721 ἀπολοῦνται.
1307 2668 1372 2720 Τί
1421 2666 1531 2738 γὰρ
1558 2667 1747 2737 ὄφελος
1766 2667 1865 2737 τῆς
1900 2667 2103 2719 τούτων

445 2745 609 2817 ζωῆς,
642 2749 770 2803 ὅταν
810 2751 905 2804 καὶ
933 2752 1144 2816 ἑαυτοῖς
1174 2753 1268 2807 καὶ
1313 2753 1520 2824 ἐτέροις
1575 2754 1997 2808 ἐπιϐουλὲύωσιν
2044 2755 2104 2808 ἐν

441 2834 521 2904 τῷ
565 2832 699 2907 ξῇνς
741 2838 804 2890 Ol
845 2838 902 2892 δέ
957 2838 1022 2891 ἐκ
1067 2840 1166 2911 τῆς
1210 2840 1435 2894 ἐκείνων
1485 2843 1757 2911 τιμωρίας
1816 2841 2101 2912 δυνάμενοι

445 2921 683 2991 βελτίους
712 2927 984 2995 γενέσθαι,
1017 2928 1256 3000 μενοῦσι.
1277 2930 1433 2983 Δοκεῖ
1449 2929 1504 2983 δέ
1527 2948 1615 3001 μοι
1637 2931 1868 2985 ἐνταῦθα
1892 2932 1983 2984 καὶ
2002 2932 2102 3000 τὴν

441 3012 818 3081 αἰχμαλωσίαν
860 3016 1209 3071 αἰνίττεσθαι.
1243 3016 1353 3071 Kal
1386 3016 1694 3084 ἐπιστήσω
1729 3017 1873 3083 τοὺς
1898 3018 2103 3086 κριτάς

441 3113 580 3162 σου,
606 3100 688 3167 ὡς
717 3103 785 3155 τὸ
817 3104 1125 3172 πρότερον,
1161 3104 1259 3157 καὶ
1285 3104 1424 3171 τοὺς
1445 3105 1832 3176 συμϐούλους
1861 3122 1998 3173 σου,
2021 3106 2103 3171 ὡς

439 3184 509 3239 τὸ
531 3188 632 3242 ἀπ’
663 3189 875 3259 ἀρχῆς.

511 3274 574 3329 θ’.
620 3276 882 3332 Ἐνταῦθα
909 3277 1006 3348 τὴν
1044 3279 1299 3333 ἐπάνοδόν
1336 3297 1487 3351 φησι.
1515 3280 1636 3334 Τῶν
1668 3298 1727 3333 τε
1763 3281 1870 3354 7&9
1910 3284 2103 3338 ἀνίατα

440 3364 737 3419 νοσούντων
797 3365 1189 3435 ἀναιρεθέντων
1215 3406 1229 3431 ,
1280 3366 1387 3419 τῶν
1441 3385 1500 3420 τε
1566 3368 1881 3438 ἐπιμέλειαν
1936 3371 2102 3425 ἐνδεί-

442 3455 633 3519 ξασθαι
671 3466 693 3495 ε
743 3457 1053 3527 δυναμένων
1094 3458 1520 3529 διορθωθέντων,
1577 3462 1845 3532 εὐκαίρως
1900 3462 1995 3515 καὶ
2042 3462 2103 3515 τὸ

438 3543 625 3597 λοιπὸν
673 3545 772 3614 τῆς
830 3544 1124 3615 θεραπείας
1157 3542 1293 3609 εἶδος
1332 3548 1697 3618 προστίθεται,
1719 3549 1954 3619 δοκίμων
2005 3550 2103 3619 ἀρ-

440 3631 641 3703 χόντων
697 3632 1007 3697 ἐπιστασία,
1034 3634 1128 3687 καὶ
1186 3634 1503 3704 συμϐούλων
1562 3636 1779 3704 ἀγαθῶν
1820 3636 1981 3707 φορά,
2018 3638 2102 3689 ἴνα

438 3718 533 3772 καὶ
577 3716 671 3771 τοῦ
719 3716 966 3788 σώματος
1023 3721 1258 3784 είκοντος
1302 3724 1413 3783 τοῖς
1480 3724 1810 3793 φαρμάκοις,
1857 3724 1952 3778 καὶ
1993 3724 2102 3778 τῶν

442 3804 639 3876 ίατρῶν
672 3804 904 3876 ἀρίστων
926 3806 1112 3869 ὄντων,
1148 3808 1479 3878 πανταχόθεν
1506 3811 1638 3881 πρὸς
1670 3811 1877 3880 ὑγίειαν
1905 3812 2101 3883 ἐπανίῃ

436 3894 505 3946 τά
535 3893 634 3962 τῆς
667 3892 873 3956 πόλεως
915 3893 1077 3965 μέρη.
1109 3894 1183 3947 Οὐ
1217 3895 1325 3967 7&9
1366 3897 1561 3967 μικρὸν
1597 3899 1914 3969 εὐεργεσίας
1938 3895 2099 3962 εἶδος,

437 3983 713 4053 ἀρχόντων
757 3984 1140 4053 ἐπιτυγχάνειν
1169 3984 1406 4053 ἀγαθῶν.
1442 3987 1551 4040 Kal
1570 3989 1717 4056 μετά
1738 3989 1923 4043 ταῦτα
1954 3995 2103 4059 κλη-

436 4070 597 4140 θήσῃ
632 4072 808 4136 πόλις
855 4070 1273 4140 δικαιοσύνης,
1320 4073 1686 4141 μητρόπολις
1714 4075 1866 4129 Σιὼν
1892 4079 2099 4147 πιστή.

436 4159 631 4213 Καίτοι
656 4175 718 4227 γε
756 4157 987 4229 οὐδαμοῦ
1018 4158 1173 4211 τοῦτο
1211 4157 1535 4230 εὑρίσκομεν
1560 4159 1621 4213 τὸ
1653 4162 1822 4231 ὄνομα
1841 4165 1907 4234 τῇ
1952 4164 2101 4219 πόλει

434 4243 542 4297 τῶν
579 4244 965 4316 Ἱεροσολύμων
1018 4243 1286 4301 ἐπιτεθέν.
1318 4244 1383 4298 τί
1426 4241 1518 4300 οῦν
1558 4248 1625 4300 ἂν
1666 4248 1947 4319 εῖποιμεν;
1979 4252 2101 4305 Ὀτι

435 4332 535 4404 τὴν
577 4332 687 4384 ἀπὸ
726 4333 834 4384 τῶν
887 4332 1229 4403 πραγμάτων
1276 4334 1645 4404 προσηγορίαν
1689 4334 1920 4388 ἐνταῦθά
1948 4355 2099 4407 φησι.

505 4415 677 4473 Τοῦτο
698 4419 753 4471 δὲ
781 4421 912 4491 ἡμῖν
935 4420 995 4473 οὐ
1026 4420 1218 4491 μικρὸν
1251 4421 1603 4493 συμϐαλεῖται
1624 4422 1677 4489 ά,
1706 4425 1833 4478 ὅταν
1865 4426 2103 4480 ἀπαιτῶ-

438 4525 523 4563 σιν
543 4509 688 4578 ἡμᾶς
704 4509 944 4562 Ἰουδαῖοι
964 4507 1056 4561 τοῦ
1072 4509 1414 4580 Ἐμμανουήλ
1434 4509 1531 4582 τὴν
1552 4512 1865 4583 ἑρμηνείαν.
1884 4513 2100 4584 Ἐπειδὴ

434 4595 546 4668 γὰρ
589 4595 814 4659 Ἡσαΐας
846 4593 1014 4667 ἔφησε
1043 4596 1134 4650 τὸν
1161 4596 1395 4669 Χριστὸν
1412 4597 1582 4663 οὔτως
1610 4599 2097 4672 ὀνομασθήσεσθαι,

432 4681 669 4753 οὐδαμοῦ
694 4681 750 4734 δὲ
783 4681 1116 4753 ὠνόμασται,
1138 4684 1386 4754 εἴποιμεν
1408 4684 1472 4738 ἂν
1494 4684 1630 4756 πρὸς
1653 4687 1869 4751 αὐτοὺς,
1898 4689 1978 4741 ὅτι
2002 4691 2100 4761 τὴν

434 4770 543 4825 ἀπὸ
581 4770 688 4823 τῶν
742 4769 1083 4841 πραγμάτων
1140 4772 1414 4842 σημασίαν
1450 4772 1651 4844 ἔφησεν
1707 4774 1876 4845 ὄνομα
1924 4771 2095 4831 εἶναι·

431 4856 621 4931 ὥσπερ
669 4852 762 4911 οῦν
805 4858 900 4911 καὶ
936 4856 1189 4913 ἐνταῦθα.
1241 4858 1404 4913 Μετὰ
1448 4860 1557 4930 γὰρ
1597 4863 1878 4931 κρίματος
1908 4866 2100 4933 σωθή-

432 4959 603 4998 σεται
634 4945 674 5012 ή
727 4945 1108 5014 αἰχμαλωσία
1128 4946 1337 5015 αὐτῆς,
1360 4946 1461 5001 καὶ
1489 4949 1640 5017 μετά
1657 4950 2096 5019 ἐλεημοσύνης.

431 5034 594 5087 Μετὰ
626 5034 928 5103 κρίματος,
975 5034 1245 5098 τουτέστι,
1283 5032 1402 5107 [17]
1442 5035 1581 5106 μετά
1630 5036 1786 5107 δίκης
1818 5039 1911 5091 καὶ
1942 5040 2100 5095 κολά-

496 5159 523 5188 ⁸
545 5157 835 5231 Legendutn
858 5164 999 5231 autat
1023 5160 1249 5231 .Allenus
1278 5159 1367 5210 τοῦ
1406 5163 1477 5211 δέ.
1517 5161 1643 5213 Infra
1677 5166 1783 5213 κατ’
1802 5166 1969 5223 αὐτούς
1989 5175 2099 5231 post

428 5220 591 5270 ἀδικία
608 5220 753 5268 deest
787 5222 838 5268 in
864 5220 1112 5270 'Bavarioo.

490 5280 519 5320 ιι
547 5281 886 5352 contmnam
906 5282 1108 5352 semet
1125 5284 1295 5352 more].
1324 5284 1495 5352 Series
1517 5287 1687 5352 mutila
1708 5288 1785 5335 vel
1812 5287 1975 5339 vitiata
2001 5298 2093 5341 est.

429 5342 611 5392 Locum
634 5342 829 5406 uicivult
850 5346 1045 5393 restitui
1078 5344 1250 5404 Savil.,
1273 5346 1361 5394 sed
1386 5358 1448 5394 ex
1474 5349 1751 5406 conjectura
1780 5356 1961 5399 tantum
1984 5374 1995 5399 :
2018 5357 2097 5402 καὶ

429 5407 458 5477 ᾖ
483 5402 695 5477 τιμωρία.
708 5405 782 5477 ἐπὶ
803 5407 955 5477 χαλκῷ,
979 5408 1060 5477 καὶ
1093 5402 1244 5477 αὐτῷ’
1259 5406 1420 5477 δοῦναι
1450 5402 1587 5477 δίκην
1611 5410 1962 5477 γίνεται-μρνον,
1982 5416 2096 5477 ,ἀλλ’

430 5466 507 5534 ἐπὶ
531 5466 607 5534 τᾷξ
618 5466 1059 5534 ’βελτίουςιΒρὶείυε
1083 5482 1093 5516 :
1252 5466 1558 5534 έπὶᾼκολάσει,
1582 5466 1661 5519 καὶ
1683 5474 1751 5533 τῷ
1774 5466 2095 5534 absumam,

430 5531 533 5598 ett};
551 5526 897 5598 Qlleltusiot'nt
922 5530 995 5576 ἐπὶ
1016 5532 1171 5598 κακῷ,
1190 5532 1269 5577 καὶ
1288 5532 1363 5598 τῷ.
1376 5526 1553 5579 δοῦναι
1577 5534 1710 5598 δίκην
1727 5526 1905 5595 ’γίνεται
1938 5526 2092 5597 μόνον,

428 5587 533 5636 ἀλλ’
559 5587 632 5635 ἐπὶ
654 5591 748 5653 τῷ.
768 5590 953 5653 Βοίεἱυε
982 5587 1135 5653 multa'
1159 5587 1406 5652 'congerit,
1452 5600 1503 5641 ut
1543 5587 1875 5653 conjecturam
1919 5587 2095 5643 conm;

428 5653 533 5720 rnet
554 5661 705 5696 suam.
721 5651 820 5699 Sed
839 5652 943 5720 haec
964 5652 1125 5701 omnia
1148 5651 1408 5720 divinando
1431 5651 1676 5720 dicuntur,
1695 5669 1784 5704 nec
1808 5663 1967 5718 potest
1986 5671 2094 5704 Sllle

427 5710 636 5781 altorum
658 5723 887 5781 ωδε-ονε
914 5716 1045 5781 locus
1067 5715 1351 5781 restjtui.ASi
1375 5729 1466 5777 qua
1508 5730 1573 5764 ex
1601 5710 1761 5781 altatis
1803 5710 2095 5781 eonjecturis

426 5772 615 5880 a;lmitti
634 5774 817 5881 .pOISﬂil,
840 5775 926 5820 οὐκ
951 5776 1023 5822 ἐπὶ
1051 5778 1185 5839 κακῷ
1207 5772 1422 5837 mallent,
1448 5789 1504 5825 ac
1522 5792 1631 5826 cum
1655 5782 1725 5827 sic
1742 5772 1917 5827 habeat
1941 5781 2093 5827 Bara-

428 5847 451 5880 r
474 5847 577 5881 cus.
605 5847 674 5881 suc
720 5847 828 5881 eam.

428 5847 577 5887 nens,
605 5847 674 5881 suc
702 5847 828 5893 lego.

492 5898 513 5923 ο
542 5893 801 5942 ιίαιήτίευε
822 5896 1049 5949 δέξασθαι.

489 5954 513 5994 ἀ
694 5962 745 6003 et
787 5955 998 6003 Savilius
1044 5960 1390 6024 συμϐάλληται.
1418 5959 1516 6007 Sed
1560 5959 1816 6024 Bituricus
1838 5963 2090 6024 συμϐαλεῖ-

439 6034 522 6067 ιαι.
550 6022 669 6077 Quae
690 6030 797 6067 mox
820 6026 1095 6080 sequuntur
1114 6024 1358 6071 tantillum
1382 6023 1605 6071 iulricala
1627 6022 1867 6071 videntur.

2225 665 2613 734 ἐπαγγέλλεται
2658 665 2887 735 μέγιστα
2916 664 3098 726 αὐτοῖς
3128 661 3297 732 δῶρα,
3333 661 3393 713 τό
3430 678 3489 713 τε
3519 660 3673 731 δίκην
3701 658 3863 713 δοῦναι

2221 752 2347 813 τοὺς
2378 752 2751 820 ἐπαγαγόντας
2772 791 2787 813 ,
2822 750 2882 803 τό
2912 766 2973 802 τε
2999 750 3193 812 αὐτοὺς
3227 748 3427 819 πολλῆς
3450 746 3749 801 ἀπολαῦσαι
3775 748 3865 816 τῆς

2222 840 2539 911 εὐημερίας,
2566 832 2640 892 ὧν
2673 839 2899 892 ἕκαστον
2931 838 3022 891 καὶ
3050 837 3171 891 καθ’
3208 837 3368 892 ἐαυτδ
3402 836 3665 907 μεγίστην
3698 836 3866 889 ἰκανὸν

2222 928 2524 996 παρασχεῖν
2573 926 2799 996 ήδονήν⁸
2844 926 2971 979 ὅταν
3027 925 3085 978 δὲ
3122 924 3217 978 καὶ
3269 925 3551 995 ἀμφότερα
3578 922 3863 993 συνδράμῃ,

2219 1012 2423 1080 άφατος
2454 1012 2645 1081 γένοιτ’
2680 1011 2746 1066 ἂν
2787 1014 2820 1082 ἡ
2875 1012 3200 1083 εὐφροσύνη.
3234 1010 3442 1073 Ἄλλως
3482 1026 3541 1062 τε
3585 1009 3678 1062 καὶ
3712 1008 3863 1073 δεῖξαι

2222 1101 2558 1171 βουλόμενος,
2590 1100 2671 1154 ὅτι
2704 1100 2797 1153 καὶ
2840 1099 2974 1170 μετά
2996 1099 3095 1170 τὴν
3122 1100 3336 1172 μακρὰν
3365 1097 3755 1168 αἰχμαλωσίαν,
3805 1098 3862 1149 οὐ

2218 1187 2306 1240 διά
2331 1188 2391 1240 τὸ
2419 1188 2597 1241 δοῦναι
2629 1187 2783 1258 δίκην
2813 1188 2988 1254 ἀξίαν,
3019 1186 3113 1240 καὶ
3140 1186 3201 1239 τὸ
3238 1186 3307 1238 τὰ
3334 1186 3704 1255 ἁμαρτήματα
3736 1185 3861 1236 ἀπο-

2218 1276 2499 1345 κείρασθαι
2529 1287 2575 1339 θ,
2605 1275 2738 1329 ἀλλὰ
2766 1275 2853 1329 διὰ
2878 1274 2975 1345 τὴν
3002 1273 3406 1344 φιλανθρωπίαν
3432 1273 3531 1342 τὴν
3553 1271 3716 1325 αὐτοῦ
3739 1272 3862 1342 πρὸς

2216 1362 2313 1432 τὴν
2350 1364 2554 1417 οἰκείαν
2610 1364 3001 1430 ἐπανάγονται,
3039 1362 3132 1415 καὶ
3184 1360 3333 1413 ἐλέου
3393 1360 3591 1431 μᾶλλόν
3641 1359 3779 1411 ἐστιν
3829 1361 3860 1425 ή

2219 1448 2483 1518 σωτηρία,
2515 1450 2548 1520 ἢ
2579 1449 2898 1512 ἀντιδόσεως
2931 1448 3024 1501 καὶ
3052 1448 3304 1518 ἀμοιϐῆς,
3329 1448 3597 1517 ἐπήγαγε,
3619 1446 3725 1500 Kal
3745 1445 3862 1514 μετ’

2216 1535 2644 1604 ἐλεημοσύνης.
2669 1535 2777 1589 Καὶ
2803 1535 3306 1605 συντριϐήσονται
3344 1537 3398 1588 οἱ
3453 1534 3659 1602 ἄνομοι
3688 1532 3779 1586 καὶ
3813 1535 3864 1585 οἰ

2216 1622 2545 1690 ἁμαρτωλοὶ
2578 1623 2718 1692 ἅμα.
2750 1621 2944 1694 Τρίτον
2982 1622 3250 1675 καὶτοῦτο
3283 1622 3597 1690 εὐεργεσίας
3627 1614 3779 1682 εἶδος,
3807 1620 3865 1671 τὸ

2219 1710 2422 1778 μηδένα
2447 1705 2583 1763 εἶναι
2599 1711 2689 1763 τὸν
2711 1710 2928 1779 παρασύ
2938 1726 3095 1780 ροντα
3118 1708 3209 1761 καὶ
3233 1709 3366 1777 πρὸς
3390 1709 3604 1777 ἀπάτην
3625 1706 3863 1769 ἕλκοντα,

2215 1796 2328 1849 ἀλλ’
2356 1796 2598 1851 ἐκποδὼν
2618 1797 2859 1865 γίνεσθαι
2906 1798 3031 1859 τοὺς
3059 1799 3157 1867 τῆς
3198 1797 3462 1866 πονηρίας
3502 1795 3862 1855 διδασκάλους.

2214 1884 2325 1936 Kal
2375 1886 2429 1937 οί
2469 1885 2998 1953 ἐγκαταλείποντες
3048 1884 3153 1937 τὸν
3200 1882 3419 1951 Κύριον
3468 1884 3866 1950 συντελεσθιξρ

2214 1986 2441 2026 σονται.
2475 1973 2541 2028 Οἱ
2574 1973 2629 2025 δὲ
2686 1972 2919 2034 ἀσεϐεῖς,
2952 1973 3136 2044 φησὶν,
3173 1971 3519 2025 ἀπολοῦνται.

2280 2063 2433 2115 Διότι
2458 2062 2573 2116 νῦν
2592 2061 3104 2130 αἰσχυνθήσονται
3131 2061 3200 2112 ἐν
3227 2059 3350 2124 τοῖς
3372 2058 3634 2123 εἰδώλοις
3653 2055 3864 2121 αὐτῶν,

2210 2147 2302 2217 ἐφ’
2317 2142 2407 2214 οἷς
2421 2149 2587 2202 αὐτοὶ
2607 2149 2943 2202 ἐϐούλοντο.
2964 2148 3116 2210 Τινὲς
3137 2148 3233 2217 μὲν
3254 2148 3345 2199 καὶ
3367 2146 3507 2198 κατά
3521 2145 3610 2196 τὸν
3629 2146 3867 2214 παρόντα

2213 2236 2400 2307 καιρὸν
2427 2236 2494 2289 τά
2523 2236 2785 2307 εἰρημένα
2830 2235 3088 2307 ἁρμόζειν
3122 2232 3519 2303 ἐπιχειροῦσιν·
3561 2232 3675 2284 ἀλλ’
3712 2232 3867 2300 ἡμεῖς

2209 2321 2333 2376 οὔτε
2361 2324 2602 2387 ἐκείνους
2638 2322 3010 2393 αἰτιασόμεθα,
3061 2322 3155 2374 καὶ
3184 2324 3249 2393 τῇ
3296 2320 3582 2390 ἀκολουθίᾳ
3612 2319 3865 2389 ἑψόμεθα.

2212 2410 2396 2463 Ταῦτα
2432 2410 2540 2481 γάρ
2562 2412 2727 2473 ἐστιν,
2763 2410 2798 2463 ἃ
2846 2408 3215 2480 συμϐήσεσθαί
3264 2425 3426 2477 φησιν
3470 2408 3560 2458 ἐπὶ
3608 2406 3707 2475 τῆς
3758 2407 3867 2457 τῶν

2213 2493 2481 2563 πολεμίων
2505 2493 2711 2560 ἐφόδου.
2748 2494 2915 2547 Ὀταν
2967 2494 3072 2564 γὰρ
3102 2493 3195 2545 τοῦ
3233 2492 3508 2563 βαρϐάρου
3554 2489 3649 2560 τὴν
3688 2487 3869 2559 χώραν

2211 2581 2651 2652 κατατρέχοντος,
2683 2583 2777 2635 καὶ
2793 2582 2890 2652 τὴν
2918 2581 3070 2633 πόλιν
3100 2580 3535 2650 περικαθημένου
3556 2618 3570 2642 ,
3609 2578 3704 2630 καὶ
3732 2578 3866 2630 πάν-

2208 2680 2303 2726 τας
2331 2663 2404 2725 ὠς
2430 2666 2487 2716 ἐν
2514 2664 2749 2726 δικτύοις
2778 2664 2973 2733 μέσους
3006 2663 3235 2732 ἔχοντος,
3266 2662 3451 2730 μηδεὶς
3493 2662 3522 2712 ὁ
3572 2659 3788 2729 ἀμύνων
3829 2658 3863 2732 ᾖ

2209 2747 2302 2798 καὶ
2326 2746 2387 2797 τὸ
2410 2745 2567 2814 νέφος
2594 2748 2766 2799 ἐκεῖνο
2790 2746 3205 2817 διακρουόμενος
3228 2744 3315 2797 διὰ
3352 2744 3450 2812 τὴν
3488 2741 3869 2810 ἐγκατάλειψιν

2207 2831 2301 2884 τοῦ
2343 2832 2499 2896 Θεοῦ,
2532 2832 2756 2896 εἰκότως
2810 2834 2903 2886 καὶ
2958 2832 3017 2896 ἐξ
3067 2832 3237 2900 αὐτῆς
3259 2831 3364 2883 τῶν
3393 2831 3730 2901 πραγμάτων
3769 2831 3871 2898 τῆς

2209 2918 2403 2989 πείρας
2452 2918 2618 2989 πολλὴ
2645 2919 3211 2989 κατασκεδασθήσεται
3240 2918 3347 2970 τῶν
3378 2917 3448 2969 τά
3477 2916 3673 2970 εἴδωλα
3713 2916 3868 2986 θεραο

2208 3005 2479 3058 πευόντων
2532 3007 2565 3076 ὴ
2621 3007 2871 3076 αἰσχύνη.
2943 3005 3062 3072 Ἐφ’
3125 3000 3214 3069 οἷς
3261 3005 3603 3063 ἐϐούλοντο,
3656 3004 3782 3072 περὶ
3832 3003 3870 3057 ἃ.

2208 3091 2650 3158 ἐσπουδάκεισαν,
2698 3091 2851 3164 φησί.
2903 3092 3014 3144 Kal
3052 3092 3565 3161 αἰσχυνθήσονται
3603 3091 3698 3143 ἐπὶ
3745 3091 3870 3159 τοῖς

2208 3180 2493 3250 γλυπτοῖς
2523 3180 2740 3245 αὐτῶν,
2781 3180 2865 3248 ἐφ’
2897 3174 2978 3243 οἷς
3017 3180 3296 3248 ἐποίησαν.
3340 3180 3427 3231 Ἐν
3481 3177 3633 3241 τάξει
3678 3178 3871 3246 διηγή-

2209 3284 2345 3331 σεως
2376 3267 2701 3338 κατηγορίαν
2734 3266 2961 3338 τίθησιν.
3001 3268 3198 3337 Ἤρκει
3247 3265 3353 3336 7&9
3384 3266 3477 3318 καὶ
3503 3265 3608 3336 πρὸ
3635 3264 3730 3333 τῆς
3759 3265 3871 3317 τῶν

2206 3355 2530 3425 τραυμάτων
2575 3355 2866 3417 ἐκϐάσεως,
2891 3354 2983 3407 καὶ
3041 3354 3201 3417 αὐτὸς
3248 3354 3346 3422 τῆς
3369 3352 3623 3422 τοιαύτης
3650 3352 3865 3403 εἰδωλο-

2208 3442 2389 3506 ποιίας
2437 3443 2466 3494 ὀ
2515 3443 2711 3513 τρόπος
2750 3442 2945 3504 αὐτοὺς
2975 3441 3348 3511 καταισχῦναι.
3380 3441 3443 3492 Τί
3501 3440 3609 3511 γὰρ
3652 3440 3873 3509 αἰσχρό-

2207 3546 2363 3601 τερον
2388 3528 2481 3581 τοῦ
2511 3529 2627 3582 θεόν
2654 3547 2773 3582 τινα
2798 3528 2975 3599 ἐαυτῷ
2993 3531 3161 3580 ποιεῖν
3182 3546 3195 3590 ;
3224 3530 3329 3580 Καὶ
3354 3525 3871 3596 αἰσχυνθήσονται

2206 3616 2305 3668 ἐπὶ
2343 3616 2463 3683 τοῖς
2488 3617 2699 3683 κήποις
2731 3615 2944 3680 αὐτῶν,
2977 3616 3068 3685 ἐρ’
3096 3610 3186 3681 οἷς
3222 3615 3625 3684 ἐπεθύμησαν.
3655 3615 3728 3666 υύ
3759 3614 3872 3683 γάρ

2207 3705 2271 3773 δὴ
2296 3705 2457 3770 ξόανα
2483 3705 2847 3776 προσεκύνουν
2888 3703 3067 3774 μόνον,
3091 3703 3226 3756 ἀλλά
3256 3704 3347 3755 καὶ
3378 3702 3565 3775 δένδρα
3588 3702 3644 3754 ἐν
3670 3703 3873 3771 κήποις

2209 3792 2556 3863 ἐθεράπευον.
2611 3793 2884 3845 Ἔσονται
2924 3792 3033 3861 γὰρ
3081 3792 3159 3857 ὠς
3193 3789 3522 3859 τερέϐινθος
3547 3790 3878 3856 ἀποϐεϐλη-

2208 3880 2347 3932 κυῖα
2382 3879 2572 3949 αὐτῆς
2597 3879 2668 3933 τὰ
2706 3881 2928 3948 φύλλα.
2960 3880 3116 3931 Ἤτοι
3154 3878 3220 3931 τὰ
3244 3877 3436 3930 εἱδωλα
3465 3876 3506 3937 ί,
3537 3876 3569 3947 ἢ
3621 3876 3776 3928 αὐτοὶ
3820 3878 3875 3929 οἰ

2208 3966 2304 4038 τὴν
2339 3968 2491 4022 πόλιν
2521 3966 2809 4029 οἰκοῦντες.
2839 3966 2948 4036 Τὴν
2980 3965 3037 4018 δὲ
3070 3965 3251 4017 εἰκόνα
3280 3963 3371 4017 τοῦ
3415 3963 3631 4033 δένδρου
3676 3962 3876 4015 τούτου

2208 4057 2514 4128 παρήγαγε,
2560 4056 2647 4108 διά
2691 4072 2749 4107 τε
2796 4054 2855 4107 τὸ
2882 4053 3141 4124 ἐγχώριον
3175 4050 3309 4106 εἶναι
3340 4042 3573 4122 μάλιστα
3605 4052 3667 4104 τὸ
3700 4053 3878 4119 φυτὸν

2208 4146 2300 4197 καὶ
2328 4145 2462 4196 πολὺ
2519 4145 2648 4213 παρ’
2702 4142 2905 4204 αὐτοῖς,
2931 4141 3023 4193 καὶ
3066 4140 3151 4193 διὰ
3183 4140 3243 4192 τὸ
3300 4140 3503 4211 σφόδρα
3541 4138 3720 4191 ἀνθεῖν
3776 4142 3878 4193 καὶ

2206 4230 2506 4299 τεθηλέναι,
2568 4229 2728 4301 ἡνίκα
2784 4228 2848 4281 ἂν
2896 4227 3138 4298 ἀκμάζῃ,
3187 4228 3279 4280 καὶ
3323 4227 3556 4296 ἐσχάτην
3589 4227 3878 4297 ἀμορφίαν

2208 4317 2592 4381 ἐνδείκνυσθαι,
2651 4316 2867 4369 ἐπειδάν
2928 4315 3203 4385 ἀποϐάλλῃ
3236 4314 3329 4367 ⁴τά
3384 4313 3576 4383 φύλλα.
3617 4314 3728 4367 Kal
3788 4314 3877 4381 ὡς

2207 4403 2567 4472 παράδεισος
2598 4402 2752 4471 ὕδωρ
2782 4402 2868 4471 μὴ
2908 4401 3083 4471 ἔχων.
3116 4403 3222 4455 Καὶ
3251 4404 3283 4470 ἠ
3320 4401 3545 4470 δευτέρα
3573 4397 3739 4451 εἰκὼν
3768 4401 3877 4471 τῆς

2207 4491 2476 4563 προτέρας
2526 4492 2852 4561 σαφεστέρα,
2882 4490 2976 4544 καὶ
3004 4490 3335 4559 πιστουμένη
3367 4488 3475 4540 τῶν
3510 4487 3602 4539 ἐπὶ
3630 4489 3696 4556 τῇ
3736 4503 3873 4557 προ-

2206 4578 2338 4649 τέρᾳ
2360 4577 2530 4645 λόγων
2561 4578 2861 4649 εἰρημένων
2888 4585 2935 4629 Β.
2986 4575 3121 4629 Οὔτε
3154 4576 3260 4647 7&9
3295 4576 3620 4645 παραδείσου
3646 4574 3878 4628 θάλλονο

2203 4682 2297 4729 τος
2322 4665 2697 4736 τερπνότερον,
2726 4663 2847 4717 οὐτε
2868 4662 3243 4734 ἐρημωθέντος
3275 4663 3691 4733 ἀτερπέστερον,
3723 4665 3879 4733 άπερ

2204 4753 2486 4824 ἀμφότερα
2512 4753 2729 4821 γέγονεν
2752 4752 2843 4804 ἐπὶ
2857 4752 2953 4821 τῆς
2982 4750 3360 4821 μητροπόλεως
3378 4749 3608 4819 ἐκείνης.
3629 4750 3877 4804 Πάντοτε

2204 4841 2312 4911 γὰρ
2337 4840 2403 4911 ἦν
2433 4840 2670 4910 ἀμείνων
2718 4839 2812 4892 καὶ
2852 4838 3222 4908 λαμπροτέρα,
3273 4836 3485 4908 μυρίοις
3525 4836 3876 4901 καλλωπιζο-

2207 4928 2345 4999 μένη
2395 4927 2653 4998 κόσμοιςο
2705 4927 2800 4979 καὶ
2852 4926 3066 4979 πάντων
3118 4924 3470 4993 εὐτελεστέρα
3523 4924 3714 4991 γέγονε
3780 4925 3880 4976 καὶ

2204 5016 2565 5084 αἰσχροτέρα,
2616 5012 2863 5066 τοσοῦτον
2924 5012 3115 5082 ἀθρόον
3169 5009 3461 5080 εὐκοσμίας
3516 5010 3880 5063 ἀπολαϐοῦσα

2205 5103 2452 5156 πλοῦτον.
2506 5100 2619 5154 Kal
2682 5102 2851 5154 ἔσται
2909 5101 2946 5167 ἡ
3015 5100 3193 5169 ἰσχὺς
3252 5098 3447 5152 αὐτῶν
3493 5099 3574 5164 ὠς
3624 5099 3880 5167 καλάμη

2204 5192 2609 5246 στυππίου.Λί
2634 5190 2890 5260 πρότεραι
2934 5190 3029 5258 μὲν
3059 5190 3261 5251 εἰκόνες
3290 5186 3405 5259 118]
3434 5188 3512 5250 εἰς
3545 5187 3605 5239 τὸ
3626 5187 3881 5256 ἀτερπὲς

2204 5278 2645 5350 παρελήφθησαν,
2672 5277 2809 5347 αὐτη
2832 5278 2885 5328 δὲ
2916 5278 2993 5339 εἰς
3014 5277 3071 5329 τὸ
3092 5276 3311 5338 ἀσθενές
3333 5292 3344 5303 ·
3380 5276 3549 5327 πᾶσαι
3576 5274 3630 5326 δέ
3659 5276 3882 5343 σφόδρα

2203 5369 2469 5438 ἐναργεῖς,
2505 5365 2598 5418 καὶ
2635 5364 2769 5416 πολὺ
2823 5364 2883 5415 τὸ
2927 5364 3094 5433 σαφὲς
3128 5364 3219 5416 καὶ
3262 5362 3591 5433 ἐμφαντικὸν
3621 5360 3878 5430 ἔχουσαι.

2214 5458 2307 5520 Ὡς
2346 5451 2581 5521 καλάμη
2628 5452 2954 5512 στυππίου,
3002 5450 3295 5512 τουτέστιν,
3342 5449 3606 5511 ἀσθενεῖς.
3649 5449 3765 5500 Kal
3812 5450 3882 5502 al

2264 5607 2287 5632 ε
2312 5595 2403 5641 Καὶ
2424 5593 2480 5640 τὸ
2511 5594 2570 5640 τὰ
2597 5594 2911 5655 ἁμαρτήματα
2947 5593 3301 5655 ἀποκείρασθαι.
3338 5588 3513 5639 Nescio
3548 5602 3609 5637 an
3650 5601 3885 5649 unquam

2200 5656 2347 5703 talem
2373 5668 2510 5703 usum
2534 5657 2665 5702 vocis
2684 5654 3019 5715 ἀποκείρασθαι
3044 5654 3265 5715 viderirn.

2267 5716 2285 5751 τ
2316 5716 2447 5771 Haec,
2473 5717 2578 5771 ἦτοι
2610 5718 2668 5763 τὰ
2696 5712 2886 5773 εἴδωλα,
2925 5716 3103 5762 desunt
3144 5716 3193 5762 in
3225 5712 3374 5761 Savil.
3414 5718 3466 5759 et
3491 5712 3637 5771 Reg.,
3660 5712 3753 5759 sed
3783 5712 3883 5760 ha-

2197 5776 2379 5823 bentur
2403 5782 2452 5825 in
2477 5778 2720 5825 Bavarico.
2898 5778 2909 5794 ⁴

2262 5841 2285 5877 8
2316 5840 2429 5900 Post
2454 5840 2705 5900 εἰρημένων
2727 5838 2916 5900 Boisins
2938 5834 3175 5900 addi_vult
3199 5833 3612 5900 alﬁesvaSayil.
3634 5835 3699 5880 ῖσ.
3722 5835 3888 5895 ἑρμη-

2197 5901 2364 5960 νείαν.)
2388 5895 2573 5948 lbideni
2600 5908 2709 5960 post
2725 5898 3025 5960 τερπνότερον
3043 5897 3187 5945 deest
3209 5912 3271 5960 τι,
3305 5896 3451 5960 quod
3473 5895 3619 5960 etiam
3646 5904 3765 5942 ante
3791 5910 3889 5955 po-

2197 5957 2356 6008 situm’
2384 5961 2535 6008 fuisse
2583 5957 2757 6020 notuit.
2782 5957 3069 6018 'Paulo'post
3105 5971 3193 6018 pro
3211 5957 3639 6020 ntinO‘t‘EiAllCnlls
3689 5960 3888 6016 legen-

2199 6025 2313 6072 dum
2350 6030 2484 6085 putat
2510 6018 2694 6070 πάντων
2715 6038 2780 6071 τε.
2804 6021 2904 6071 Sed
2923 6021 3138 6080 πάντοτε,
3167 6020 3213 6067 ni
3232 6018 3385 6077 fallor,
3411 6019 3523 6066 ferri
3546 6024 3730 6079 potest.
