4102 6306
362 416 435 471 95
1689 423 1754 481 lN
1791 424 1954 480 [SAIA

2083 425 2232 482 CAP.
2276 426 2315 480 l.
3578 440 3646 495 εδ

366 550 445 597 ea,
475 548 596 603 quae
624 546 838 604 praeter
861 551 1012 607 spem
1039 540 1349 609 consequuti
1378 546 1521 604 sunt,
1544 537 1821 605 beneﬁcia,
1851 554 1973 610 gra-

368 641 586 697 vesque,
613 643 758 698 quas
790 630 935 699 passi
955 640 1098 695 sunt,
1127 646 1329 700 paruas.
1358 631 1490 697 Quia
1517 632 1659 687 enim
1685 648 1807 685 cum
1829 646 1971 701 sa-pc

372 730 424 774 ct
449 721 617 774 multa
663 732 1006 791 peccassent,
1037 733 1088 778 et
1117 738 1359 793 magnam
1400 723 1493 778 Dei
1526 723 1831 793 patientiam
1872 739 1968 778 ex-

375 812 506 881 perti
549 821 758 879 essent,
815 813 872 868 in
922 814 1179 884 ignaviam
1228 814 1544 880 inciderunt,
1592 814 1644 869 id
1685 824 1831 869 certe
1860 815 1971 869 vult

376 905 671 970 declarare,
701 906 847 975 quod
877 906 1122 961 videlicet
1153 908 1341 978 possit,
1384 907 1596 978 quando
1630 908 1759 970 vult,
1791 908 1965 961 vindi—

376 1007 515 1051 ctam
545 1013 784 1062 sumere,
833 999 952 1054 sine
994 1000 1096 1053 ulla
1126 1009 1339 1054 servata
1379 1001 1631 1070 temporis
1669 1001 1749 1055 vel
1774 1015 1970 1071 oppor-

383 1089 621 1143 tunitatis
643 1090 952 1155 occasione,
984 1090 1075 1145 sed
1104 1091 1280 1145 omnia
1325 1092 1425 1147 sibi
1466 1106 1678 1161 semper
1708 1103 1887 1162 parata
1914 1102 1967 1146 et

380 1181 444 1235 ad
474 1197 691 1237 manum
717 1197 860 1238 esse.
894 1182 983 1236 Vw
1004 1185 1212 1253 fortibus
1239 1182 1405 1239 Israel
1430 1201 1449 1238 :
1474 1202 1574 1239 non
1600 1186 1731 1240 enim
1755 1185 1965 1239 cessabit

381 1275 523 1342 furor
547 1291 687 1328 meus
724 1286 901 1327 contra
926 1275 1159 1330 inimicos
1198 1292 1353 1331 meos.
1382 1276 1517 1343 Quid
1546 1277 1686 1331 enim
1716 1276 1965 1332 miserius

380 1365 464 1428 iis,
492 1366 581 1435 qui
608 1366 773 1421 Deum
803 1365 1001 1421 habent
1026 1368 1332 1422 inimicum?
1358 1368 1480 1422 Non
1508 1368 1738 1434 cessabit,
1772 1370 1960 1440 inquit,

382 1476 485 1514 non
524 1467 585 1513 ut
624 1460 676 1515 in
720 1459 1142 1529 desperationem
1183 1461 1462 1530 conjiciat,
1503 1462 1595 1516 sed
1625 1470 1681 1516 ut
1719 1463 1962 1517 timorem

378 1567 579 1622 augens
602 1552 669 1607 ad
701 1553 1062 1621 paenitentiam
1088 1563 1257 1609 vocet.
1295 1553 1424 1608 Nam
1458 1555 1568 1617 illo,
1602 1554 1723 1609 Non
1754 1554 1963 1609 cessabit

378 1647 542 1714 furor,
574 1646 864 1700 terribilius
891 1655 973 1700 est
997 1645 1142 1711 illud;
1170 1644 1358 1700 Contra
1382 1645 1609 1700 inimicos
1635 1663 1790 1701 meos.
1817 1646 1959 1701 Nihil

376 1736 517 1791 enim
552 1737 627 1789 ita
661 1737 825 1807 Deum
870 1736 937 1791 ad
987 1737 1117 1791 iram
1161 1738 1429 1791 concitare
1476 1738 1631 1799 solet.
1664 1749 1719 1791 ut
1768 1738 1960 1808 injuria

377 1828 703 1896 pauperibus
746 1828 901 1882 facta.
963 1827 1049 1883 Vw
1096 1836 1273 1884 autem
1318 1829 1530 1899 fortibus
1574 1828 1816 1897 dicebat,
1853 1844 1960 1886 non

377 1918 515 1989 quod
544 1920 859 1989 potentiam,
886 1921 981 1975 sed
1010 1920 1150 1989 quod
1174 1907 1461 1990 potentiam
1490 1922 1557 1977 ad
1586 1921 1785 1978 malum
1809 1923 1964 1979 adhi-

379 2012 537 2066 bitam
567 2012 957 2067 criminaretur.
1004 2013 1388 2069 Fortitudinem
1430 2030 1560 2070 vero
1588 2015 1674 2071 hic
1703 2031 1808 2071 non
1841 2032 1963 2072 cor-

376 2103 517 2173 poris
541 2103 691 2165 dicit.
724 2103 817 2159 sed
844 2119 963 2159 eam
995 2105 1280 2172 potentiam
1306 2121 1424 2175 qu:e
1448 2121 1516 2162 cx
1551 2107 1709 2163 rebus
1734 2109 1964 2165 circum-

377 2196 641 2250 stantibus
670 2196 892 2264 paritur.
925 2196 992 2249 Et
1007 2197 1258 2266 judicium
1284 2198 1471 2267 faciam
1495 2198 1557 2253 de
1580 2200 1793 2255 inimicis
1813 2203 1956 2256 meis.

378 2287 607 2343 Plectam
638 2288 879 2345 inimicos
908 2303 1078 2354 meos,
1125 2289 1368 2346 inimicos
1407 2306 1532 2347 suos
1554 2306 1753 2349 vocans
1781 2294 1957 2350 inimi-

374 2393 464 2433 eos
501 2394 824 2450 pauperum,
865 2381 954 2451 qui
1003 2381 1106 2436 illis
1143 2381 1393 2436 damnum
1436 2381 1671 2439 inferunt
1705 2402 1719 2437 :
1750 2384 1801 2440 id
1833 2402 1961 2443 vero

373 2470 582 2526 dicebat
614 2482 672 2526 ut
697 2470 873 2527 discas
900 2472 1169 2543 injustitia:
1199 2474 1637 2544 magnitudinem.
1662 2476 1750 2533 25.
1782 2476 1851 2532 Et
1877 2478 1959 2533 in-

374 2565 554 2618 ducam
589 2582 799 2619 manum
839 2582 1002 2620 suam
1036 2584 1189 2636 super
1228 2577 1295 2635 te,
1324 2578 1371 2623 et
1395 2586 1671 2640 excoquant
1701 2581 1749 2625 te
1771 2574 1839 2625 ad
1863 2589 1960 2644 pu-

371 2674 502 2710 rum.
534 2656 607 2713 Ut
646 2658 843 2724 discas,
871 2659 1269 2730 qualiscumque
1294 2661 1363 2715 sit
1387 2660 1465 2715 ira
1506 2661 1597 2717 Dei
1623 2673 1677 2717 et
1703 2664 1953 2731 vindicta,

370 2764 484 2803 eam
513 2764 623 2804 non
652 2749 704 2803 in
733 2750 951 2810 malum.
979 2758 1035 2806 et
1072 2759 1131 2805 ut
1159 2766 1329 2821 paenae
1359 2752 1653 2808 inferantur
1676 2754 1848 2810 solum
1876 2755 1960 2810 in-

370 2844 494 2913 ﬂigi,
524 2845 621 2901 sed
664 2855 723 2900 ut
769 2846 804 2900 ii
848 2846 936 2916 qui
982 2846 1270 2916 puniuntur
1315 2846 1382 2902 ad
1432 2847 1705 2904 meliorem
1750 2848 1954 2918 frugem

369 2948 707 2992 revocentur.
746 2937 814 2990 Et
843 2953 1116 3007 excoquat):
1157 2948 1225 3004 te,
1254 2938 1445 3009 inquit,
1488 2938 1559 2993 ad
1591 2955 1794 3010 purum.
1837 2940 1953 2996 Non

364 3042 492 3096 ergo
516 3043 642 3082 cum
667 3028 1011 3097 castigamur,
1043 3027 1136 3082 sed
1167 3042 1289 3083 cum
1330 3042 1629 3096 peccamus,
1649 3044 1746 3086 nos
1771 3029 1956 3087 dolere

364 3132 457 3187 par
480 3130 563 3175 est
596 3137 611 3175 :
642 3119 774 3174 illud
811 3120 954 3175 enim
990 3120 1197 3185 sordes,
1243 3119 1345 3176 hoc
1383 3122 1745 3192 purgationem
1790 3126 1950 3192 parit.

363 3212 496 3279 Quid
527 3222 707 3266 autem
737 3220 841 3275 est,
871 3211 952 3264 Ad
980 3211 1202 3281 parum?
1234 3211 1300 3267 Ut
1326 3228 1395 3267 ne
1423 3214 1707 3284 vestigium
1736 3214 1949 3285 quidem

364 3303 537 3358 sordis
565 3304 619 3357 in
648 3312 701 3358 te
728 3311 964 3358 maneat.
1004 3302 1158 3370 Quod
1200 3304 1341 3359 enim
1375 3318 1507 3359 auro
1548 3306 1685 3376 ignis
1715 3316 1818 3373 est,
1851 3307 1954 3363 huc

369 3396 571 3465 ignavis
592 3397 934 3467 supplicium.
985 3396 1336 3452 Inobedientes
1376 3414 1494 3453 vero
1523 3399 1749 3469 perdam,
1780 3409 1827 3455 et
1851 3417 1949 3454 au-

379 3493 533 3558 feram
553 3505 717 3544 anates
739 3489 972 3545 inimicos
991 3505 1023 3543 α
1048 3498 1116 3556 te,
1137 3499 1187 3544 et
1205 3506 1376 3545 omnes
1388 3490 1630 3559 superbos
1649 3492 1945 3547 Itumiliabo.

381 3577 476 3644 Qui
503 3579 661 3643 enim.
691 3579 882 3650 inquit,
922 3578 1289 3635 insanabiliter
1313 3590 1590 3651 aegrotant,
1626 3597 1725 3637 nec
1751 3584 1952 3652 suppli-

376 3670 471 3725 ciis
502 3670 710 3735 cedunt,
744 3671 795 3725 bi
824 3671 1092 3741 peribunt.
1121 3670 1250 3726 Nam
1286 3686 1405 3741 quze
1448 3672 1646 3727 utilitas
1668 3688 1735 3728 ex
1760 3686 1948 3727 eorum

371 3762 494 3826 vita,
526 3763 752 3829 quando,
776 3762 903 3817 dum
934 3762 1140 3824 vivunt,
1170 3772 1225 3817 et
1251 3762 1349 3817 sibi
1375 3772 1429 3818 et
1455 3762 1574 3818 aliis
1599 3763 1949 3819 insidiantur?

367 3855 463 3922 Qui
488 3864 665 3911 autem
689 3871 754 3911 ex
776 3871 965 3912 eorum
993 3854 1251 3926 supplicio
1278 3855 1523 3911 meliores
1558 3856 1670 3911 fieri
1704 3865 1945 3925 possunt,

365 3951 397 4004 ii
444 3949 761 4005 manebunt.
814 3948 916 4004 Hic
961 3963 1126 4020 porro
1166 3947 1293 4002 mihi
1336 3947 1543 4002 videtur
1586 3947 1947 4017 captivitatem

256 4092 265 4101 ,
360 4041 718 4095 subindicare.
749 4040 842 4095 26.
877 4039 941 4093 Et
968 4038 1242 4108 praeficiam
1256 4037 1459 4108 judices
1481 4048 1613 4102 tuos,
1636 4038 1764 4093 sicut
1783 4040 1945 4110 prius,

358 4144 404 4188 et
426 4132 749 4187 consiliarios
772 4140 907 4197 tuos,
936 4133 1066 4185 sicut
1092 4131 1156 4184 ab
1180 4131 1342 4184 initio.

427 4224 479 4278 9.
511 4224 610 4279 llic
635 4222 867 4278 reditum
893 4222 1187 4276 annuntiat.
1217 4222 1283 4276 lis
1309 4221 1449 4276 enim
1471 4222 1557 4292 qui
1581 4220 1949 4277 insatiabiliter

357 4316 693 4385 :rgretabant
711 4314 953 4381 sublatis,
978 4325 1032 4369 et
1054 4315 1118 4369 iis
1136 4314 1223 4383 qui
1246 4312 1663 4383 resipiscentiam
1694 4312 1948 4368 exhibere

358 4416 604 4479 poterant
646 4406 948 4461 emendatis
967 4411 1003 4472 ,'
1027 4415 1324 4474 opportune
1361 4404 1619 4473 reliquam
1658 4405 1947 4459 curationis

357 4500 592 4567 speciem
636 4498 856 4553 adhibet
888 4515 902 4551 :
931 4512 996 4552 ea
1035 4505 1118 4552 est
1153 4497 1491 4567 probatorum
1522 4497 1815 4568 principum
1846 4497 1944 4552 do-

356 4593 610 4653 minatus,
634 4598 688 4643 et
707 4588 1133 4645 consiliariorum
1155 4587 1414 4643 bonorum
1434 4588 1616 4657 copia;
1646 4597 1703 4643 ut
1722 4603 1947 4657 corpore

358 4684 613 4739 remediis
656 4682 913 4747 cedente,
953 4680 1275 4751 medicisque
1315 4680 1532 4750 optimis
1577 4680 1944 4745 adstantibus,

355 4776 502 4832 urbis
532 4785 718 4845 partes
744 4771 975 4841 undique
1002 4771 1068 4825 ad
1097 4772 1376 4827 sanitatem
1404 4783 1798 4827 revocarentur.
1828 4771 1944 4833 Non

355 4873 494 4925 enim
524 4883 755 4939 parvum
798 4864 1041 4921 beneﬁcii
1080 4880 1246 4935 genus
1273 4874 1389 4931 est,
1421 4864 1685 4934 principes
1712 4865 1946 4920 nancisci

356 4963 542 5018 bonos.
571 4961 640 5015 Et
666 4971 779 5031 post
799 4961 906 5014 haec
927 4959 1181 5013 vocaberis
1199 4959 1372 5013 ciuitas
1392 4958 1628 5027 justitiar,
1655 4958 1945 5025 metropolis

358 5055 481 5109 Sion
525 5053 717 5123 ﬁdelis.
763 5051 926 5121 Atqui
970 5064 1228 5117 nusquam
1275 5048 1573 5116 reperimus
1617 5048 1718 5103 hoc
1749 5064 1943 5103 nomen

360 5149 465 5202 urbi
513 5145 977 5216 Jerosolymorum
1010 5140 1251 5195 inditum.
1284 5140 1420 5205 Quid
1456 5154 1584 5208 ergo
1609 5139 1945 5194 dixerimus?

362 5238 501 5294 Hanc
530 5235 952 5308 appellationem
981 5248 1050 5287 ex
1078 5231 1235 5286 rebus
1266 5231 1393 5300 ipsis
1424 5230 1495 5284 illi
1522 5230 1779 5285 attribuit.

420 5328 728 5383 Iudaeorum
750 5324 1020 5394 objectioni
1038 5322 1383 5391 respondetur.
1402 5352 1471 5361 —
1488 5320 1619 5375 illud
1640 5337 1765 5376 vero
1791 5320 1945 5375 nobis

362 5434 458 5474 neu
480 5436 670 5491 parum
701 5418 829 5471 utile
855 5417 979 5479 erit,
1005 5430 1127 5469 cum
1157 5413 1323 5468 Judaei
1351 5428 1379 5465 a
1410 5412 1564 5467 nobis
1591 5422 1769 5482 petent
1799 5414 1943 5467 vocis

368 5511 669 5566 Emmanuel
727 5508 1249 5577 interpretationem.
1314 5505 1475 5559 Isaias
1529 5520 1757 5575 namque
1812 5504 1945 5558 dixit

366 5604 620 5659 Christum
650 5604 727 5657 sic
756 5600 1057 5655 vocandum
1087 5596 1233 5660 fore,
1265 5608 1317 5651 et
1351 5607 1526 5650 tamen
1557 5609 1841 5666 numquam
1867 5596 1943 5650 sic

366 5707 573 5750 vocatus
596 5705 700 5761 est,
732 5692 1156 5763 respondeamus
1182 5689 1330 5758 ipsis,
1362 5704 1482 5741 eum
1512 5688 1728 5752 dixisse,
1764 5703 1941 5741 rerum

370 5788 792 5857 significationem
836 5786 1004 5855 ipsius
1052 5796 1244 5835 nomen
1290 5795 1409 5835 esse
1451 5779 1601 5845 (lsai.
1632 5780 1684 5833 7.
1729 5779 1808 5848 4).
1855 5780 1945 5833 Sic

363 5877 520 5931 uiam
546 5879 632 5934 hic
658 5878 978 5933 faciendum.
1009 5876 1100 5929 2'7.
1133 5873 1259 5927 Cum
1285 5871 1485 5941 judicio
1511 5871 1640 5925 enim
1670 5868 1941 5924 salttabitur

2079 544 2345 609 captivitas
2368 546 2495 617 ejus,
2535 553 2583 598 et
2622 559 2738 597 cum
2784 544 3151 598 misericordia.
3188 542 3313 598 Cum
3337 542 3559 611 judicio,
3592 544 3645 600 id

2075 648 2151 690 cst
2175 677 2189 697 .
2229 653 2353 694 cum
2377 639 2605 693 vindicta
2626 680 2641 703 ,
2668 636 2906 693 cruciatu
2933 648 2987 691 et
3011 635 3273 708 supplicio
3296 634 3663 697 inimicorum.

2073 724 2201 782 Cum
2224 731 2566 784 misericordia
2589 772 2603 793 ,
2651 727 2753 783 hoc
2790 737 2909 793 est,
2951 742 3070 782 cum
3113 728 3275 783 multa
3306 728 3662 800 benignitate.

2073 821 2188 877 Duo
2225 822 2310 877 hic
2341 824 2467 893 ipsis
2496 824 2722 877 maxima
2752 820 2890 876 dona
2921 821 3203 891 pollicetur
3224 863 3241 888 ,
3290 821 3493 877 scilicet
3530 831 3653 878 tunc

2070 928 2257 983 pinnas
2293 914 2510 968 daturos
2554 930 2648 969 eos
2678 915 2765 983 qui
2806 928 2863 967 se
2908 912 3275 980 abduxeraat,
3322 923 3549 984 tuncque
3593 927 3655 970 se

2072 1005 2236 1059 multa
2278 1003 2534 1061 fruituros
2583 1020 2702 1060 CSSc
2753 1004 3041 1070 felicitate,
3088 1020 3313 1074 quorum
3370 1016 3653 1076 utrumque

2069 1097 2295 1152 seorsim
2322 1113 2564 1168 magnam
2599 1105 2771 1166 potest
2797 1094 2988 1150 afferre
3015 1095 3342 1164 voluptatem
3369 1115 3380 1148 :
3404 1111 3523 1151 cum
3554 1112 3651 1150 au—

2073 1200 2179 1247 tem
2204 1189 2364 1243 ambo
2388 1190 2790 1255 concurrerint,
2837 1186 3208 1243 inenarrabilis
3252 1188 3433 1243 laetitia
3472 1189 3650 1243 fuerit.

2069 1281 2297 1336 Aliunde
2323 1295 2450 1336 vero
2477 1280 2765 1337 ostendere
2794 1281 3009 1347 volens,
3040 1289 3160 1350 post
3189 1280 3397 1350 longam
3425 1283 3650 1351 captivi-

2072 1380 2232 1426 tatem
2263 1386 2378 1439 eos,
2401 1386 2506 1425 non
2533 1372 2673 1442 quod
2694 1371 2882 1441 dignas
2904 1385 3089 1441 poenas
3108 1370 3371 1435 dederint,
3392 1386 3489 1425 nec
3508 1371 3650 1440 quod

2070 1470 2281 1531 peccata
2328 1478 2423 1517 sua
2468 1463 2813 1532 expiaverint,
2861 1461 2954 1516 sed
3002 1471 3224 1532 propter
3275 1461 3652 1533 benignitatem

2070 1558 2182 1621 Dei,
2212 1559 2263 1611 in
2293 1572 2441 1613 suam
2466 1558 2647 1614 reduci
2673 1567 2889 1615 terram.
2920 1571 3039 1626 qua:
3068 1556 3213 1611 salus
3244 1556 3412 1625 magis
3439 1564 3523 1609 est
3551 1555 3652 1608 miv

2066 1650 2393 1715 sericordizc,
2423 1665 2582 1721 quam
2611 1648 2974 1704 retributionis
3003 1647 3083 1701 vel
3107 1647 3310 1718 prmmii
3332 1689 3348 1714 ,
3380 1647 3499 1703 ideo
3527 1647 3652 1702 sub-

2060 1740 2256 1811 junxit,
2288 1740 2353 1795 Et
2384 1757 2499 1795 cum
2522 1738 2881 1795 misericordia.
2912 1738 3002 1795 28.
3049 1737 3114 1792 Et
3150 1748 3464 1793 conterentur
3491 1738 3651 1808 iniqui

2065 1845 2110 1889 et
2136 1843 2420 1904 peccatores
2460 1834 2634 1893 simul.
2662 1833 2840 1889 Tertia
2871 1832 2986 1887 haec
3016 1842 3098 1888 est
3123 1832 3328 1901 Species
3358 1831 3601 1888 beneﬁcii
3628 1874 3645 1899 ,

2063 1928 2207 1999 quod
2234 1941 2392 1983 nemo
2416 1927 2488 1983 sit
2510 1926 2601 1997 qui
2628 1926 2857 1981 abducat
2883 1934 2939 1979 et
2964 1926 3016 1979 in
3052 1924 3292 1979 fraudem
3324 1925 3528 1991 trahat,
3557 1925 3650 1980 sed

2064 2019 2311 2089 nequitia:
2335 2019 2583 2075 doctores
2618 2018 2686 2072 de
2729 2016 2904 2072 medio
2931 2016 3121 2071 sublati
3150 2017 3275 2071 sint.
3305 2015 3371 2070 Et
3398 2018 3483 2086 qui
3512 2017 3653 2070 dere-

2064 2110 2316 2180 liquerunt
2338 2108 2654 2174 Dominum,
2703 2108 3205 2163 consummabantur.
3248 2106 3397 2179 [mpii
3435 2120 3648 2173 autem,

2062 2202 2254 2272 inquit,
2276 2201 2547 2273 peribunt.

2129 2294 2449 2351 ldololatrio:
2493 2296 2753 2365 turpitudo
2787 2304 2833 2349 et
2870 2292 3085 2349 vanitas.
3113 2291 3295 2348 -—29.
3341 2292 3474 2360 Quia
3516 2309 3652 2346 nunc

2060 2388 2433 2460 confundentur
2455 2387 2508 2442 in
2534 2387 2685 2441 idolis
2705 2386 2831 2453 suis,
2855 2402 2967 2456 qua:
2987 2386 3086 2456 ipsi
3110 2384 3392 2439 voluerunt.
3422 2384 3647 2453 Quidam

2060 2480 2176 2536 haec
2205 2480 2345 2535 dicta
2377 2478 2498 2534 huic
2528 2478 2751 2549 tempori
2793 2489 2976 2547 aptare
3003 2486 3267 2532 conantur
3295 2496 3308 2531 :
3335 2487 3388 2530 at
3417 2492 3513 2530 nos
3543 2492 3648 2531 non

2058 2570 2453 2626 confutabimus
2476 2570 2616 2631 illos.
2641 2568 2734 2625 sed
2754 2569 2949 2625 seriem
2976 2584 3282 2637 sequemur.
3310 2567 3433 2623 Haec
3452 2568 3651 2637 quippe

2059 2671 2216 2731 sunt,
2260 2679 2378 2733 qum
2404 2674 2657 2718 eventura
2687 2661 2818 2718 dicit
2868 2662 2919 2716 in
2968 2662 3197 2715 hostium
3246 2660 3479 2715 incursu.
3509 2659 3644 2714 Cum

2059 2756 2198 2810 enim
2217 2795 2233 2820 ,
2263 2754 2489 2810 barbaro
2517 2763 2710 2809 terram
2740 2753 3047 2807 incursante
3074 2792 3088 2817 ,
3122 2754 3305 2806 urbem
3335 2750 3645 2816 obsidente,

2059 2856 2113 2902 et
2135 2860 2322 2902 ornnes
2349 2846 2498 2917 quasi
2526 2846 2730 2901 retibus
2759 2845 2990 2901 inclusos
3016 2853 3228 2899 tenente
3247 2886 3263 2909 ,
3308 2857 3466 2898 nemo
3493 2843 3649 2897 fuerit

2056 2936 2146 3008 qui
2169 2937 2439 3001 defendat,
2462 2946 2516 2993 et
2542 2937 2737 2992 nubem
2765 2936 2908 2990 illam
2937 2936 3184 3004 depellat,
3219 2951 3284 2990 eo
3312 2934 3455 3005 quod
3479 2950 3510 2988 a
3535 2935 3643 2988 Deo

2056 3029 2294 3085 derelicti
2326 3028 2544 3100 fuerint,
2563 3029 2681 3098 jure
2699 3044 2763 3082 ex
2793 3029 2905 3098 ipsa
2934 3044 3114 3083 rerum
3141 3027 3492 3095 experientia,
3523 3035 3647 3079 tunc

2058 3138 2250 3193 magno
2292 3122 2494 3193 pudore
2540 3122 2911 3177 suffundentur
2959 3122 2992 3175 ii
3035 3121 3124 3191 qui
3170 3120 3453 3175 coluerunt
3481 3119 3643 3172 idola.

2059 3214 2187 3282 Qua:
2210 3214 2475 3269 voluerunt
2492 3255 2509 3281 ,
2537 3214 2705 3283 inquit
2723 3254 2738 3277 ,
2787 3213 2839 3266 in
2870 3212 3061 3281 quibus
3087 3210 3261 3265 studia
3286 3225 3379 3264 sua
3406 3209 3627 3263 colloca.

2054 3315 2195 3361 runt.
2224 3305 2295 3360 Et
2328 3306 2616 3361 erubescent
2656 3306 2707 3359 in
2746 3303 3063 3374 sculptilibus
3104 3302 3209 3357 suis
3236 3317 3352 3367 qua:
3393 3302 3641 3370 fecerunt.

2053 3398 2331 3454 Narrantis
2379 3413 2529 3452 more
2580 3396 2975 3451 accusationem
3035 3394 3278 3449 instituit.
3339 3392 3646 3448 Sufﬁciebat

2052 3490 2192 3545 enim
2218 3490 2380 3545 etiam
2407 3498 2532 3544 ante
2556 3488 2812 3542 inilictum
2844 3487 3059 3551 vulnus,
3088 3486 3171 3540 vel
3202 3485 3314 3554 ipse
3342 3483 3479 3538 idola
3509 3497 3643 3536 cnu-

2056 3583 2267 3638 ficiendi
2293 3581 2484 3636 modus
2510 3580 2576 3634 ad
2606 3595 2700 3635 eos
2736 3578 2939 3648 pudore
2978 3576 3310 3631 afficiendos.
3336 3574 3471 3642 Quid
3498 3574 3641 3627 enim

2054 3676 2279 3746 turpius,
2308 3689 2465 3745 quam
2492 3672 2592 3727 sibi
2616 3672 2714 3742 ipsi
2743 3671 2903 3725 deum
2929 3669 3143 3724 facere?
3176 3668 3241 3721 Et
3270 3665 3641 3736 confundantur

2051 3784 2203 3837 super
2231 3768 2389 3821 hortis
2417 3766 2541 3828 suis,
2573 3780 2685 3836 qua:
2712 3765 3119 3833 concupiverunt.
3150 3761 3265 3816 Non
3294 3760 3465 3814 solum
3496 3761 3638 3813 enim

2052 3858 2317 3928 sculptilis
2343 3856 2653 3918 adorabant,
2683 3855 2774 3910 sed
2798 3856 2957 3909 etiam
2982 3852 3200 3908 arbores
3222 3853 3273 3907 iu
3298 3851 3469 3906 hortis
3493 3853 3639 3905 colc-

2051 3950 2199 4006 bant.
2227 3949 2316 4006 50.
2357 3946 2524 4001 Erunt
2557 3950 2690 4002 enim
2718 3947 2864 4017 quasi
2895 3945 3218 4009 terebinthus,
3254 3958 3367 4013 qua:
3392 3942 3517 4011 folia
3545 3958 3639 3995 sua

2051 4044 2240 4097 amisit.
2269 4042 2483 4098 Scilicet
2514 4039 2651 4095 idola
2674 4082 2688 4104 ,
2727 4039 2810 4093 vel
2838 4037 2998 4092 etiam
3029 4051 3124 4091 eos
3150 4034 3240 4104 qui
3268 4034 3453 4089 urbem
3484 4033 3634 4086 inco-

2052 4136 2287 4191 lebant'.
2322 4133 2604 4204 Imaginem
2636 4146 2793 4201 porro
2821 4128 3027 4184 arboris
3058 4127 3214 4196 hujus
3242 4124 3485 4189 induxit,
3512 4125 3637 4194 quia

2051 4229 2105 4283 in
2135 4228 2220 4283 illa
2262 4226 2479 4297 regione
2519 4224 2833 4279 nascebatur
2869 4230 2927 4276 et
2969 4221 3214 4290 frequens
3253 4224 3396 4279 erat,
3429 4227 3482 4271 et
3510 4217 3633 4286 quia

2050 4317 2333 4374 admodum
2374 4318 2529 4371 floret
2555 4324 2609 4369 et
2645 4315 2809 4369 densa
2858 4312 2995 4366 foliis
3035 4319 3151 4377 est,
3196 4308 3323 4365 dum
3371 4308 3541 4371 viret,
3582 4316 3640 4360 et

2051 4425 2346 4468 extremam
2375 4411 2763 4465 deformitatem
2794 4422 2904 4478 pra:
2934 4421 2992 4460 se
3022 4405 3175 4469 ferat,
3200 4418 3322 4457 cum
3355 4401 3475 4455 folia
3503 4400 3636 4453 ami-

2050 4506 2200 4561 serit.
2254 4503 2321 4558 Et
2368 4504 2494 4558 sicut
2539 4502 2711 4555 hortus
2756 4516 2856 4553 non
2912 4498 3099 4551 habens
3144 4511 3345 4565 aquam.
3390 4492 3635 4549 Secunda

2050 4598 2226 4666 imago
2253 4595 2430 4665 priore
2458 4592 2654 4648 clarior
2678 4599 2792 4652 est,
2841 4599 2897 4645 et
2938 4589 3096 4644 ﬁdem
3144 4587 3266 4641 facit
3295 4587 3389 4651 iis,
3432 4601 3549 4654 qua:
3581 4586 3633 4638 in

2050 4688 2229 4758 priore
2260 4687 2400 4740 dicta
2432 4694 2575 4739 sunt.
2602 4682 2740 4737 Nihil
2771 4681 2910 4734 enim
2938 4689 3021 4734 est
3041 4679 3197 4733 horto
3220 4676 3636 4741 virentejucun-

2049 4780 2188 4842 dius,
2216 4777 2347 4831 nihil
2374 4777 2529 4830 horto
2555 4776 2638 4829 his
2662 4774 2917 4829 destituto
2944 4769 3299 4841 iujucundius,
3328 4784 3447 4839 qua:
3472 4767 3633 4820 ambo

2050 4873 2124 4926 illi
2156 4870 2435 4939 metropoli
2470 4869 2822 4938 contigerunt.
2864 4865 3087 4935 Semper
3126 4864 3267 4920 enim
3294 4862 3491 4932 optima
3517 4866 3634 4913 erat

2049 4977 2104 5020 et
2145 4962 2573 5034 Splendidissima
2599 5001 2614 5025 ,
2664 4959 2957 5014 innumeris
2991 4957 3243 5012 decorata
3275 4949 3631 5011 ornamentis,

2049 5068 2105 5113 et
2144 5057 2382 5112 omnium
2423 5054 2673 5110 vilissima
2721 5051 3129 5121 turpissimaque
3174 5048 3310 5100 facta
3355 5051 3456 5107 est,
3509 5054 3631 5095 cum

2050 5160 2225 5205 tantas
2279 5148 2569 5217 derepente
2619 5155 3051 5199 ornamentorum
3091 5138 3301 5193 divitias
3343 5130 3629 5187 amisisset.

2049 5244 2108 5299 5|
2124 5280 2138 5295 .
2163 5242 2228 5296 Et
2248 5242 2339 5296 erit
2361 5239 2604 5312 fortitudo
2628 5254 2798 5292 eorum
2821 5235 2966 5303 quasi
2985 5233 3171 5302 stipula
3191 5238 3402 5299 stuppae.
3422 5224 3635 5279 Priures

2048 5334 2261 5403 quidem
2291 5332 2546 5402 imagines
2591 5329 2656 5383 ad
2701 5326 3043 5396 injucundum
3075 5317 3430 5390 spectaculum
3459 5324 3631 5384 capta:

2048 5435 2192 5489 sunt,
2224 5423 2339 5477 haec
2366 5436 2495 5477 vero
2518 5419 2585 5475 ad
2619 5418 2977 5473 inﬁrmitatem
3006 5406 3376 5468 declarandam
3402 5422 3416 5460 :
3444 5420 3632 5459 omnes

2048 5525 2224 5570 autem
2271 5513 2555 5569 admodum
2596 5512 2887 5582 perspicua:
2914 5515 3068 5567 sunt,
3102 5501 3372 5569 multaque
3397 5497 3635 5569 gaudent

2048 5610 2287 5663 claritate
2331 5616 2385 5662 et
2427 5604 2687 5675 emphasi.
2725 5601 2879 5668 Quasi
2932 5596 3119 5661 stipula
3162 5601 3376 5661 stuppa,
3419 5590 3470 5644 id
3514 5597 3629 5645 est.

2050 5699 2363 5754 imbecilles.
2398 5696 2465 5749 Et
2504 5710 2657 5767 Opera
2686 5709 2857 5747 eorum
2900 5686 3043 5756 quasi
3084 5683 3303 5739 scintilla
3346 5681 3496 5751 ignis.
3537 5678 3632 5732 Hic

2112 5816 2126 5845 ¹
2166 5814 2220 5861 In
2242 5809 2381 5860 Savil.
2408 5817 2461 5858 et
2495 5802 2943 5870 lteg.,_quibusdam
2966 5799 3174 5859 omissis
3201 5797 3274 5847 sic
3296 5794 3477 5855 legitur
3497 5804 3510 5840 :
3533 5778 3632 5830 δεδ-

2050 5876 2156 5926 lirct
2180 5874 2216 5925 ii
2239 5871 2321 5935 qui
2343 5873 2508 5921 urbem
2531 5866 2812 5918 incolebant.
