4102 6306
412 458 476 511 9)
1086 442 1137 497 8.
1176 438 1453 497 ,ΙΟᾹΝΝΙΞ
1493 431 1963 493 CIIRYSOSTOMI
2006 431 2033 487 Α

2143 429 2322 486 ΠΙΕΡ.
2362 421 2890 483 CONSTANTINOP.

417 569 650 629 ostendit
678 584 741 622 cx
771 563 961 633 seipsis
992 561 1128 615 mala
1161 557 1421 628 prodiisse
1445 596 1461 621 ,
1511 555 1757 622 ipsosque
1784 548 1884 604 sibi
1910 562 2001 601 ca-

422 662 721 735 ptivitatem
747 654 1037 727 peperisse,
1059 658 1113 706 et
1132 649 1402 704 fornacem
1430 641 1789 700 succendisse.
1810 638 2004 706 Quem-

422 730 711 809 admodum
765 746 907 802 enim
966 740 1208 799 scintillae
1260 738 1463 807 illapsa:
1506 734 1683 804 ignem
1733 730 2003 793 excitant,

422 846 495 900 ita
530 847 745 913 peccata
783 849 971 893 eorum
1015 837 1266 900 congesta
1308 826 1403 883 Dei
1450 825 1584 879 iram
1628 818 2002 877 accenderunt.

424 933 495 989 Et
522 912 636 1004 igne
661 935 1016 985 consumentur
1040 921 1200 991 iniqui
1229 929 1275 974 et
1304 926 1588 989 peccatores
1620 912 1806 979 simul,
1835 919 1882 964 et
1908 925 2009 961 non

421 1028 515 1081 erit
535 1002 620 1095 qui
641 1022 944 1093 exstinguat.
964 1016 1170 1072 Rursus
1192 1012 1418 1082 denegat
1434 1009 1659 1065 salutem
1677 1005 1747 1059 ob
1766 1002 2009 1060 eamdem

425 1092 597 1187 ipsam
626 1092 840 1171 causam
864 1152 881 1178 ,
926 1124 1034 1165 non
1061 1116 1119 1162 ut
1145 1104 1453 1175 desperent,
1481 1100 1575 1156 sed
1600 1108 1659 1154 ut
1683 1097 1807 1152 hinc
1834 1092 2011 1150 valido

428 1184 620 1267 timore
648 1204 911 1280 perculsi,
941 1202 1210 1272 ingentem
1241 1194 1503 1268 ignaviam
1532 1190 1824 1248 excutiant.
1853 1184 2010 1241 Aliud

426 1315 639 1372 quoque
651 1276 754 1354 hic
777 1293 1109 1357 subindicat,
1141 1289 1308 1362 ipsius
1337 1297 1529 1356 nempe
1553 1276 2011 1352 inexpugnabilem

428 1392 721 1464 potentiam
739 1430 756 1458 ,
783 1386 1035 1460 quodque
1059 1384 1177 1454 ipso
1206 1378 1459 1452 puniente
1479 1419 1495 1444 ,
1526 1384 1582 1432 et
1604 1372 1890 1429 vindictam
1917 1384 2011 1425 su-

432 1492 633 1550 mente,
664 1495 823 1539 nemo
852 1476 1021 1551 possit
1050 1473 1301 1531 resistere
1328 1480 1381 1527 ct
1410 1468 1552 1525 mala
1578 1466 1810 1524 solvere.

1063 1604 1290 1669 CAPUT
1341 1601 1408 1658 11.

514 1728 749 1794 Verbum,
772 1726 906 1797 quod
929 1724 1122 1793 factum
1151 1731 1219 1775 est
1246 1720 1313 1774 ad
1355 1717 1548 1771 Isaiam
1577 1715 1744 1784 ﬁlium
1770 1716 1940 1766 Amos.

510 1845 560 1898 l.
603 1842 737 1897 llinc
779 1841 942 1910 liquet
983 1834 1274 1907 prophetas
1309 1848 1413 1887 non
1457 1845 1565 1885 uno
1608 1837 1850 1897 tempore
1892 1838 2016 1894 pro-

438 1935 644 2004 phetias
667 1932 886 1997 dixisse,
909 1927 1003 1984 sed
1032 1926 1258 1982 diversis
1277 1923 1483 1979 amatos
1517 1918 1865 1989 temporibus,
1897 1931 2018 1985 par-

437 2036 517 2080 tes
545 2022 799 2094 quasdam
830 2019 1192 2084 annuntiasse,
1215 2031 1335 2087 quae
1352 2014 1566 2069 den‘ium
1579 2011 1734 2067 simul
1754 2009 2016 2075 collectae,

439 2126 606 2173 totum
638 2114 829 2169 librum
857 2112 1164 2168 effecerunt.
1194 2108 1318 2163 Ideo
1344 2107 1420 2162 sic
1457 2105 1657 2175 incipit.
1690 2103 1871 2173 Neque
1897 2101 2021 2156 hinc

440 2220 641 2265 tantum
683 2208 733 2262 id
764 2205 937 2277 palam
963 2204 1117 2259 nobis
1154 2211 1237 2257 est
1275 2208 1330 2254 et
1368 2198 1627 2269 liquidum
1650 2238 1666 2263 ,
1690 2194 1783 2250 sed
1817 2194 1939 2265 quia
1967 2194 2019 2247 in

442 2298 788 2369 sequentibus
813 2306 1051 2365 tempora
1082 2291 1380 2363 significat,
1411 2303 1553 2344 nunc
1596 2287 1783 2343 dicens
1810 2301 1825 2339 :
1850 2285 2017 2349 Auno,

441 2407 538 2459 quo
556 2390 809 2460 ingressus
836 2396 907 2442 est
932 2385 1138 2440 Nat/tan
1162 2384 1235 2453 (ιι)
1253 2379 1626 2451 AzotumUsai.
1649 2378 1816 2448 20.1)
1843 2396 1857 2459 ς
1885 2393 2023 2432 nunc

442 2496 575 2536 vero
606 2497 620 2534 :
657 2478 725 2532 Et
752 2484 942 2549 factum
971 2486 1043 2532 est
1076 2479 1129 2529 in
1173 2491 1307 2528 anno
1342 2474 1397 2528 in
1434 2488 1533 2542 quo
1574 2479 1804 2525 mortuus
1841 2452 1912 2523 est
1935 2485 2025 2523 rea:

448 2573 621 2639 Ozias,
650 2572 751 2625 vidi
782 2571 1056 2624 Dominum
1099 2568 1350 2624 sedentem
1374 2582 1524 2635 super
1565 2565 1749 2620 solium
1776 2563 2026 2618 excelsum

445 2676 493 2720 et
538 2665 784 2719 eleuatum
831 2661 981 2731 (Isai.
1012 2660 1064 2715 6.
1117 2660 1192 2729 l).
1242 2658 1357 2713 Non
1391 2659 1533 2713 enim
1582 2653 2025 2726 quemadmodum

450 2757 599 2812 Pauli
647 2755 899 2825 Epistola:
926 2763 978 2809 et
1012 2752 1295 2821 Evangelia
1332 2752 1384 2805 in
1421 2764 1583 2804 unum
1610 2749 1833 2805 collecta
1880 2757 2024 2812 sunt,

448 2849 519 2903 ita
552 2858 605 2906 et
631 2847 944 2918 prophetia),
967 2846 1061 2901 sed
1092 2844 1231 2915 quod
1257 2842 1391 2909 dixi,
1418 2841 1643 2897 diversis
1674 2838 2026 2909 temporibus.

451 2939 605 2995 Unde
631 2940 697 2994 ab
723 2939 828 2994 alio
852 2937 1073 2991 exordio
1111 2943 1426 3004 praesentem
1454 2932 1467 2963 ¹
1503 2944 1803 2986 sermonem
1823 2929 2028 2997 incipit.

451 3032 634 3100 Neque
684 3029 803 3083 ideo
839 3037 1064 3091 tantum,
1096 3025 1189 3081 sed
1219 3024 1341 3089 quia
1383 3030 1775 3093 argumentum,
1810 3020 1879 3075 de
1926 3034 2033 3089 quo

455 3125 770 3192 loquuturus
808 3128 911 3185 est,
943 3120 1101 3188 longo
1126 3117 1297 3186 spatio
1325 3114 1487 3170 distat
1506 3129 1536 3167 a
1564 3110 1991 3184 praecedentibus
2014 3152 2029 3176 ,

453 3214 835 3283 siiblimiusque
851 3221 953 3267 est.
985 3211 1107 3280 Agit
1128 3210 1270 3263 enim
1293 3208 1359 3263 de
1378 3207 1613 3277 gentium
1639 3205 1939 3271 vocatione,
1966 3202 2034 3260 de

454 3305 847 3376 prmdicationis
867 3304 1118 3369 adventu,
1149 3301 1216 3356 de
1235 3299 1535 3370 cognitione
1557 3312 1650 3366 per
1663 3305 1828 3352 totum
1851 3295 2034 3350 orbem

454 3407 672 3452 extensa
697 3404 790 3463 ,et
829 3394 897 3450 de
947 3408 1075 3464 pace
1114 3392 1296 3446 orbem
1336 3399 1672 3458 occupatura.
1717 3385 1870 3455 Quod
1896 3386 1940 3441 si
1967 3385 2037 3441 de

457 3488 650 3543 talibus
678 3496 996 3541 tractaturus
1019 3483 1375 3553 dogmatibus,
1402 3479 1639 3535 Judaeam
1665 3488 1718 3533 et
1737 3475 2033 3534 Jerusalem

455 3589 737 3644 memorat,
765 3578 892 3634 nihil
923 3578 1136 3632 mirum.
1159 3574 1308 3643 Quod
1339 3572 1481 3627 enim
1498 3569 1777 3625 dicebatur
1805 3567 2040 3639 prophe-

461 3676 533 3728 tia
585 3672 830 3732 erat,his
885 3670 1162 3725 nominum
1210 3662 1658 3736 appellationibus
1704 3660 2034 3716 adumbrata.

457 3762 897 3833 Quandoquidem
925 3760 1088 3817 David
1136 3760 1403 3818 Psalmum
1449 3753 1897 3825 septuagesimum
1928 3753 2041 3823 pri-

459 3871 605 3909 mum
631 3853 1039 3923 compositurus,
1072 3851 1221 3904 illum
1251 3845 1897 3915 Salomouiinscripsit,et
1919 3857 2044 3914 pro-

462 3963 678 4020 gressus
719 3947 877 4017 longe
904 3944 1104 4014 majora
1145 3941 1441 3998 Salomonis
1467 3940 1757 4009 dignitate,
1793 3938 1901 3992 imo
1940 3952 2045 4005 po-

464 4041 571 4094 tius
601 4045 710 4093 tota
746 4035 1017 4090 hominum
1050 4040 1234 4087 natura
1257 4030 1439 4084 vidit’.
1465 4028 1595 4083 Illud
1622 4029 1785 4093 enim,
1811 4028 1940 4080 Ante
1964 4044 2045 4080 so-

465 4134 566 4187 lem
602 4137 856 4201 permanet
880 4142 1061 4180 nomen
1086 4125 1195 4192 eius
1217 4164 1233 4189 ,
1252 4131 1306 4178 et
1324 4164 1337 4187 ,
1369 4122 1497 4174 Ante
1522 4119 1692 4173 lunam
1716 4119 1923 4173 thronus
1940 4120 2048 4189 ejus

467 4221 641 4294 (Psal.
665 4223 752 4275 7l.
778 4221 862 4274 l7.
890 4218 995 4287 5),
1027 4216 1359 4283 similiaque,
1396 4226 1554 4266 nemo
1599 4212 1756 4265 etiam
1798 4225 1863 4265 ex
1914 4210 2046 4263 insi-

466 4314 817 4387 pientioribus
859 4309 1058 4365 dixerit
1094 4307 1162 4362 de
1203 4307 1428 4359 humana
1484 4312 1666 4356 natura
1715 4302 2050 4371 pronuntiata

470 4408 653 4463 fuisse.
708 4402 875 4459 Jacob
913 4414 1155 4471 quoque,
1190 4412 1311 4453 cum
1339 4396 1473 4459 ba-c,
1505 4409 1622 4463 qua:
1650 4407 1788 4446 nunc
1816 4391 2053 4446 dicturus

472 4508 557 4554 est
579 4497 760 4559 Isaias,
791 4495 896 4548 imo
918 4492 999 4546 his
1027 4491 1175 4560 plura
1195 4485 1582 4557 praenuntiabat
1598 4480 1748 4553 (Gen.
1770 4481 1862 4549 49)
1887 4497 1901 4546 ;
1930 4495 2054 4535 nam

476 4604 598 4645 cum
628 4586 863 4657 gentium
888 4583 1165 4638 vocatione
1194 4587 1418 4634 mortem
1446 4576 1607 4635 etiam
1628 4584 1681 4629 et
1711 4571 2057 4629 resurrectio-

478 4696 599 4735 nem
627 4678 783 4739 dixit,
804 4686 1116 4745 tempusque
1136 4686 1241 4740 quo
1258 4665 1544 4742 [Christus]
1566 4665 1892 4721 adventuros
1904 4673 2054 4727 erat;

478 4786 584 4826 non
616 4780 793 4824 tamen
820 4766 908 4821 ille
938 4766 1053 4819 haec
1077 4762 1216 4817 nudc
1245 4758 1483 4829 protulit,
1515 4756 1607 4812 sed
1627 4770 1850 4826 persona
1877 4763 1931 4811 et
1959 4769 2061 4808 no-

481 4864 629 4917 mine
658 4859 776 4914 Filii
815 4858 896 4913 sui
933 4856 1021 4909 illa
1069 4854 1323 4922 obtegens
1361 4866 1480 4920 quae
1527 4850 1764 4904 dicturus
1816 4856 1951 4913 erat,
1982 4845 2061 4901 sic

478 4948 877 5024 praenuntiavit,
904 4944 1054 5016 quasi
1081 4959 1144 4998 ea
1168 4957 1284 5011 qua:
1307 4940 1458 4995 Juda:
1482 4949 1735 4995 eventura
1762 4946 1914 4993 erant
1946 4952 2061 4991 me-

483 5058 734 5107 morans;
769 5048 828 5094 ut
873 5046 1049 5092 autem
1099 5048 1277 5089 rerum
1313 5040 1533 5086 eventus
1585 5028 2063 5099 testificatur,qu:e

480 5137 724 5197 Christus
771 5131 983 5203 egregie
1029 5128 1264 5182 facturus
1312 5133 1427 5179 erat
1476 5122 1813 5191 prmdicebat.
1885 5117 2065 5191 Neque

486 5231 628 5284 enim
650 5226 814 5283 Judas
840 5222 936 5278 fuit
969 5217 1294 5289 ex3pectatio
1321 5214 1556 5285 gentium
1582 5253 1597 5276 ,
1621 5228 1791 5283 neque
1818 5221 1943 5266 tunc
1972 5213 2066 5266 tri-

488 5321 590 5376 bus
614 5314 973 5389 resplenduit,
1001 5325 1124 5368 cum
1152 5322 1339 5364 eorum
1383 5305 1679 5375 respublica
1715 5304 1944 5368 defecit;
1977 5306 2070 5361 sed

494 5410 609 5463 bare
636 5408 814 5463 omnia
837 5417 963 5461 tunc
984 5408 1133 5472 gesta
1156 5406 1301 5462 sunt,
1328 5410 1449 5452 cum
1479 5395 1722 5454 Christus
1742 5395 1976 5450 advenit.

552 5548 569 5577 ¹
594 5542 717 5603 Vox,
738 5545 1020 5603 promentem
1043 5537 1147 5599 (Gr.
1161 5531 1431 5598 παρόντος),
1445 5529 1591 5579 deest
1612 5529 1658 5577 in
1672 5525 1797 5587 Reg.
1822 5524 2057 5583 etSavrl.,

490 5604 581 5655 scd
603 5608 679 5650 est
703 5601 753 5649 in
773 5602 1021 5649 Bavarico.

556 5668 577 5695 ²
612 5661 753 5713 Savil.
772 5663 821 5709 in
843 5672 999 5720 marg.
1040 5660 1174 5720 notat
1196 5656 1321 5701 torte
1347 5651 1609 5719 legendum
1635 5662 1767 5711 esse,
1804 5650 1948 5712 dixit,
1973 5664 2078 5714 pro,

494 5725 634 5777 vidit.
662 5723 859 5772 Allenus
881 5718 1146 5781 legendum
1171 5720 1324 5776 putat,
1349 5718 1540 5762 cecinit.

563 5808 637 5871 (α)
670 5804 774 5856 Vox
814 5803 1048 5851 Hebraica
1080 5811 1175 5854 est.
1194 5801 1350 5881 '(Tl‘l‘n,
1380 5797 1605 5855 Tharttm,
1630 5797 1678 5844 in
1706 5795 1881 5855 Bibliis.
1906 5810 2083 5860 ruat»,

498 5902 629 5954 unde
654 5900 805 5964 prima
826 5896 1020 5957 dempta
1045 5897 1221 5957 syllaba
1246 5894 1440 5952 factum,
1469 5904 1603 5949 Νάθαν,
1629 5888 1830 5941 Nullum.

3611 392 3688 454 98

2191 543 2369 595 Multte
2401 538 2677 611 prophetia:
2712 539 2775 591 de
2797 573 2805 581 .
2824 533 3134 589 Patriurchis
3172 533 3339 604 edita,
3366 549 3469 590 non
3501 535 3600 591 nisi
3625 537 3682 590 in

2115 650 2284 687 eorum
2312 631 2574 700 nepotibus
2599 629 2817 701 impleta:
2842 635 2975 682 sunt.
3004 656 3073 666 --
3096 625 3249 694 Quod
3278 626 3323 682 si
3358 626 3697 698 impudenter

2114 723 2469 795 agantJudmi,
2486 721 2623 776 hanc
2642 720 2931 792 prophetae
2940 719 3115 788 legem
3136 732 3414 788 perperam
3431 718 3692 788 explican-

2116 832 2217 885 tes,
2248 835 2314 874 ex
2335 818 2400 873 iis
2423 817 2653 872 maxime
2676 829 2795 886 qum
2820 813 2959 869 dicta
2991 820 3115 866 sunt
3143 809 3295 865 facile
3322 806 3695 876 confutaverit.

2116 918 2158 970 si
2190 916 2309 987 quis
2336 923 2582 971 accurate
2608 912 2912 984 prophetias
2934 910 3226 980 explicans,
3254 900 3310 963 et
3329 906 3506 961 omnia
3532 902 3695 958 verba

2115 1023 2236 1063 cum
2266 1007 2445 1063 debita
2476 1005 2769 1061 attentione
2796 1004 3132 1064 examinans.
3153 999 3289 1056 dicta
3311 997 3463 1052 factis
3489 1008 3703 1050 accom-

2117 1099 2315 1154 modet.
2365 1097 2445 1153 Ex
2468 1096 2755 1152 abundanti
2791 1097 2966 1165 itaque
2995 1093 3229 1163 ipsorum
3277 1103 3372 1145 ora
3411 1087 3692 1149 obturans,

2119 1205 2223 1244 non
2252 1205 2316 1245 ex
2338 1189 2402 1243 iis
2430 1203 2550 1259 quae
2572 1187 2639 1243 de
2662 1186 2879 1242 Christo
2898 1184 3036 1240 dicta
3061 1192 3219 1248 sunt,
3242 1180 3337 1237 sed
3362 1194 3429 1235 ex
3467 1178 3533 1232 iis
3572 1189 3694 1246 quae

2120 1293 2244 1338 sunt
2272 1282 2339 1338 de
2365 1280 2680 1352 patriarchis
2707 1280 2944 1351 ipsorum
2982 1275 3331 1347 praenuntiata
3351 1314 3367 1340 ,
3397 1272 3500 1326 hoc
3528 1272 3700 1340 ipsum

2119 1376 2262 1431 clare
2288 1374 2659 1430 demonstrare
2686 1371 2944 1437 conabor,
2974 1368 3264 1424 ostendens
3291 1382 3358 1422 ex
3402 1361 3704 1435 prophetiis

2121 1465 2315 1522 multas
2334 1463 2505 1519 dictas
2530 1463 2691 1517 fuisse
2715 1461 2783 1517 de
2813 1461 3044 1515 tribuum
3074 1455 3519 1528 progenitoribus,
3539 1452 3590 1506 in
3609 1465 3705 1505 eo-

2122 1574 2345 1627 rumque
2373 1557 2651 1623 nepotibus
2676 1554 2919 1625 impletas
2967 1568 3106 1607 esse.
3163 1552 3230 1606 Et
3270 1547 3501 1617 exempli
3540 1559 3704 1600 cziusa

2124 1665 2225 1703 una
2254 1650 2487 1704 alterave
2511 1648 2668 1702 allata
2697 1646 2934 1709 historia,
2954 1658 3064 1699 rem
3088 1641 3411 1713 propositam
3425 1637 3705 1710 attingam.

2126 1740 2331 1795 Etenim
2361 1754 2481 1795 cum
2502 1736 2822 1810 Symeonem
2847 1744 2902 1790 et
2926 1734 3056 1789 Levi
3083 1739 3322 1789 vocasset
3346 1728 3531 1792 Jacob,
3564 1742 3706 1796 prte-

2124 1832 2375 1886 nuntians
2402 1846 2466 1886 ea
2492 1871 2508 1897 ,
2532 1844 2651 1899 qua:
2675 1829 2806 1899 ipsis
2846 1834 3100 1883 eventura
3143 1832 3333 1878 erant.
3372 1822 3450 1877 sic
3495 1819 3711 1875 dicebat

2126 1924 2347 1993 Symeon
2367 1931 2415 1977 et
2441 1918 2557 1976 Levi
2583 1925 2766 1991 fratres
2786 1918 3034 1990 (GenJ9.
3054 1916 3131 1985 5),
3150 1925 3205 1970 et
3228 1915 3461 1970 incusata
3489 1911 3706 1966 illorum

2126 2017 2420 2085 iniquitate,
2445 2015 2745 2084 injustaque
2770 2011 3140 2068 Sicemitarum
3188 2010 3363 2069 caede.
3392 2007 3445 2061 in
3481 2018 3711 2073 sequen-

2128 2108 2267 2161 tibus
2290 2106 2364 2160 ait
2394 2122 2408 2160 :
2435 2103 2674 2158 Dividam
2699 2119 2782 2158 eos
2805 2104 2859 2157 iu
2882 2101 3044 2156 Jacob
3065 2142 3079 2167 ,
3108 2109 3157 2155 et
3185 2099 3471 2168 dispergam
3497 2096 3613 2150 illos
3647 2096 3709 2150 in

2127 2198 2294 2253 Israel
2323 2196 2485 2269 (Ibid.
2504 2213 2552 2251 υ.
2580 2195 2658 2267 7).
2689 2194 2801 2249 Hoc
2842 2203 3019 2248 autem
3070 2204 3230 2246 nemo
3255 2188 3451 2244 dixerit
3492 2187 3545 2242 in
3598 2185 3707 2241 Le-

2130 2292 2178 2345 vi
2205 2300 2259 2346 et
2285 2289 2552 2361 Symeone
2594 2286 2791 2342 factum
2819 2299 2975 2350 esse,
3010 2281 3103 2339 sed
3137 2284 3188 2336 iu
3228 2279 3470 2336 tribubus
3515 2292 3586 2332 ex
3627 2278 3712 2332 eis

2130 2380 2440 2451 progenitis.
2466 2378 2601 2434 Nam
2630 2377 2800 2432 tribus
2820 2374 2950 2431 Levi
2978 2373 3219 2441 dispersa
3245 2380 3357 2436 est,
3385 2370 3454 2424 ita
3479 2376 3538 2423 ut
3558 2366 3710 2423 deci-

2131 2486 2271 2525 mam
2304 2479 2509 2540 partem
2538 2467 2655 2538 ejus
2682 2478 3014 2535 unaquaque
3052 2462 3225 2518 tribus
3252 2461 3469 2515 haberet
3495 2475 3513 2517 :
3540 2457 3714 2512 tribus

2132 2566 2257 2619 item
2304 2561 2587 2634 Symeonis
2621 2574 2744 2632 quae
2790 2557 3021 2627 idipsum
3065 2555 3176 2609 fere
3216 2560 3432 2624 experta
3471 2559 3571 2616 est,
3618 2564 3717 2618 per

2131 2670 2319 2711 omnes
2345 2653 2464 2710 illas
2491 2660 2707 2708 extensa
2738 2664 2832 2721 per
2856 2658 3056 2704 sortem
3082 2689 3095 2711 ,
3125 2660 3230 2700 non
3261 2640 3712 2716 quemadmodum

2133 2748 2272 2814 alios,
2301 2746 2642 2815 conjunctam
2667 2751 2723 2799 et
2746 2741 2903 2797 simul
2929 2738 3297 2808 conglobatam
3340 2734 3522 2790 habuit
3550 2732 3714 2786 herc-

2132 2837 2375 2892 ditatem.
2401 2834 2565 2891 Jacob
2590 2833 2753 2888 etiam
2780 2847 2845 2887 ex
2872 2829 3102 2898 acceptis
3143 2844 3171 2882 a
3208 2836 3358 2897 patre
3387 2823 3717 2880 benedictio-

2136 2927 2311 2992 nibus,
2343 2924 2543 2980 nullam
2571 2922 2686 2993 ipse
2704 2930 3064 2991 consequutus
3089 2929 3189 2972 est.
3216 2917 3370 2972 Pater
3390 2915 3530 2971 enim
3548 2914 3718 2984 ipsius

2137 3020 2352 3089 longam
2376 3017 2782 3088 prosperitatem
2810 3014 2909 3084 ipsi
2941 3011 3277 3083 praedixerat,
3309 3019 3366 3065 et
3403 3015 3719 3078 perpetuum

2137 3113 2189 3168 in
2220 3113 2361 3168 Esau
2388 3111 2736 3175 dominatum,
2760 3110 2806 3163 is
2840 3121 2969 3162 vero
3007 3104 3057 3159 in
3085 3118 3263 3158 rerum
3301 3101 3720 3157 necessariarum

2139 3204 2361 3274 penuria
2402 3211 2555 3271 erat,
2590 3201 3057 3268 mercenariusque
3099 3196 3341 3250 alebatur
3362 3234 3378 3260 ,
3407 3200 3721 3260 tantumque

2139 3298 2326 3352 aberat
2363 3304 2423 3352 ut
2468 3295 2751 3366 imperium
2787 3292 3007 3347 haberet
3050 3291 3100 3344 in
3130 3288 3369 3353 fratrem,
3403 3294 3458 3340 ut
3491 3284 3560 3340 de
3610 3284 3724 3338 vita

2141 3389 2551 3461 periclitaretur,
2574 3395 2631 3443 et
2675 3384 2843 3441 semel
2872 3383 2947 3438 illi
2975 3381 3160 3438 obvius
3185 3394 3305 3438 cum
3336 3377 3505 3433 multo
3529 3375 3726 3431 timore

2143 3482 2332 3546 factus,
2356 3479 2495 3536 bene
2515 3491 2697 3534 secum
2713 3485 2888 3531 actum
2920 3475 3133 3545 putarit,
3166 3470 3307 3541 quod
3344 3462 3571 3536 potuerit
3604 3482 3725 3522 ma-

2144 3589 2245 3629 nus
2287 3572 2403 3643 ejus
2433 3570 2687 3641 effugere.
2731 3566 2869 3637 Quid
2908 3567 3064 3637 igitur
3091 3565 3158 3619 ad
3185 3564 3301 3617 haec
3333 3561 3614 3616 dicamus?
3654 3574 3727 3614 an

2146 3667 2453 3722 mendacem
2472 3678 2593 3720 esse
2616 3659 2989 3734 prephetiam?
3018 3658 3167 3715 Absit
3200 3674 3213 3709 :
3238 3654 3333 3711 sed
3379 3655 3497 3724 ejus
3520 3667 3730 3708 morem

2148 3760 2289 3814 hunc
2315 3771 2457 3827 saepe
2484 3770 2624 3821 esse,
2647 3764 2707 3809 ut
2729 3769 2789 3809 ea
2819 3767 2937 3822 qua:
2971 3760 3095 3805 sunt
3133 3749 3253 3803 aliis
3295 3755 3576 3812 eventura,
3606 3745 3732 3799 aliis

2148 3850 2391 3922 personis
2418 3848 2717 3913 adscribat,
2751 3856 2804 3901 et
2833 3845 2935 3899 alia
2968 3858 3064 3914 pro
3086 3843 3203 3897 aliis
3231 3839 3537 3896 nominibus
3565 3851 3731 3891 usur-

2152 3954 2241 4015 pet
2271 3961 2287 4000 :
2320 3943 2372 3998 id
2402 3940 2544 4013 quod
2579 3940 2740 3997 etiam
2771 3938 2822 3993 in
2864 3936 3151 3993 Chanaano
3191 3936 3384 3988 factum
3415 3941 3518 3987 est.
3546 3928 3734 3998 Neque

2150 4038 2295 4093 enim
2323 4034 2569 4090 videmus
2596 4031 2743 4087 illum
2777 4027 3060 4085 servivisse
3092 4025 3344 4081 fratribus
3377 4023 3508 4088 suis,
3555 4034 3737 4091 neque

2151 4129 2312 4183 etiam
2338 4123 2763 4180 maledictionem
2784 4118 3045 4175 excidisse
3063 4159 3079 4185 ,
3109 4116 3205 4172 sed
3232 4119 3281 4171 in
3311 4113 3619 4170 Gabaonitis
3664 4126 3734 4165 ex

2153 4220 2440 4273 Chanaano
2468 4215 2601 4270 ortis
2626 4215 2782 4269 finem
2807 4210 3095 4279 accepisse.
3129 4208 3259 4262 Nam
3281 4207 3333 4262 id
3359 4206 3499 4277 quod
3520 4204 3736 4259 diceba-

2157 4320 2242 4364 tur
2268 4307 2715 4377 prophctiaerat,
2746 4299 3133 4375 maledictionis
3173 4298 3340 4353 forma
3368 4298 3592 4366 prolata.

2227 4401 2283 4454 2.
2324 4400 2456 4454 Cum
2484 4408 2560 4452 tot
2580 4412 2706 4466 ergo
2734 4395 2960 4463 taliaque
2992 4392 3279 4446 habeamus
3304 4388 3548 4457 exempla
3569 4428 3585 4453 ,
3613 4385 3738 4455 qui-

2160 4493 2258 4548 bus
2288 4491 2557 4560 probatur,
2590 4488 2753 4543 multa
2783 4501 2901 4556 qua:
2918 4486 3166 4539 dicuntur
3192 4482 3257 4535 de
3280 4480 3397 4535 aliis
3424 4476 3740 4549 proferri,ct

2162 4586 2213 4640 in
2244 4584 2360 4639 aliis
2388 4581 2630 4636 accidere
2650 4621 2665 4645 ,
2694 4589 2748 4633 et
2770 4576 3072 4632 nominibus
3107 4574 3184 4628 sic
3213 4586 3337 4628 usos
3362 4585 3481 4627 esse
3511 4569 3741 4639 prepbe-

2162 4688 2265 4745 tas,
2295 4675 2419 4747 quid
2441 4676 2634 4729 mirum
2676 4672 2721 4727 si
2756 4684 2896 4726 nunc
2918 4684 3108 4724 nomen
3138 4666 3336 4721 Judzea:
3360 4674 3415 4720 et
3445 4662 3742 4718 Jerusalem

2165 4771 2419 4842 propheta
2445 4780 2728 4834 usurpans,
2757 4765 2825 4819 de
2848 4762 3082 4818 Ecclesia
3099 4760 3413 4814 vaticinetur
3432 4757 3455 4811 ?
3474 4755 3603 4811 Nam
3620 4754 3741 4822 quia

2168 4861 2390 4932 ingratis
2445 4857 2784 4928 loquebatur,
2833 4854 3123 4924 prOphetas
3161 4847 3542 4913 occidentibus,
3579 4845 3744 4899 libros

2167 4949 2619 5012 comburentibus,
2639 4962 2759 5002 aras
2778 4944 3199 5005 suﬂ'odientibus.
3215 4942 3334 5012 jure
3356 4938 3596 4994 velamen
3618 4934 3747 5004 ipsis

2169 5043 2473 5114 impositum
2504 5047 2620 5094 erat
2658 5038 2709 5091 in
2756 5036 2985 5090 lectione
3027 5032 3234 5087 Veteris
3259 5027 3619 5091 Testamenti,
3654 5039 3745 5078 se-

2170 5136 2401 5194 cundum
2444 5132 2654 5186 beatum
2698 5127 2912 5181 Paulum
2946 5125 3031 5193 (2.
3062 5123 3181 5179 Cor.
3223 5124 3276 5178 5.
3323 5122 3451 5191 id).
3500 5116 3748 5185 Alioquin

2173 5230 2336 5283 libros
2352 5223 2709 5285 sustulissent,
2734 5220 2777 5272 si
2799 5216 3087 5287 prophetia:
3111 5212 3401 5269 deChristo
3414 5212 3522 5266 vim
3541 5209 3747 5264 intelle-

2176 5318 2535 5377 xissent.Cum
2548 5314 2690 5369 enim
2705 5319 3022 5382 praesentem
3036 5310 3206 5378 ipsum
3218 5304 3471 5360 miracula
3483 5302 3750 5365 edentem,

2178 5411 2572 5482 perfectamque
2584 5402 2835 5474 potentize
2854 5417 2964 5456 sure
2980 5409 3031 5455 et
3046 5411 3339 5455 consensus
3352 5392 3754 5462 concordiaeque

2179 5517 2299 5556 cum
2341 5500 2500 5555 Patre
2526 5492 3035 5552 demonstrationem
3065 5488 3434 5554 exhibentem,
3463 5500 3570 5540 non
3599 5497 3754 5539 reve-

2182 5594 2270 5649 riti
2303 5592 2438 5656 sint,
2470 5602 2644 5659 neque
2668 5584 2971 5657 quieverint
3006 5582 3177 5638 donec
3198 5594 3320 5636 eum
3351 5576 3755 5635 crucifixissent,

2184 5688 2270 5742 vix
2300 5682 2660 5755 pepercissent
2682 5680 2768 5746 iis,
2807 5677 2896 5748 qui
2924 5676 2991 5731 de
3020 5675 3137 5746 ipso
3163 5671 3364 5743 loquuti
3389 5676 3569 5726 essent
3587 5708 3601 5733 ,
3628 5678 3761 5735 quos

2189 5774 2531 5834 nihilominus
2564 5773 2867 5841 frequenter
2904 5765 3224 5836 lapidabant.
3266 5760 3390 5816 Ideo
3438 5756 3665 5829 propriis
3707 5763 3758 5809 et

2194 5870 2333 5927 mitis
2373 5867 2475 5924 sibi
2512 5863 2816 5923 nominibus
2861 5859 3088 5917 libenter
3119 5861 3351 5922 utentes,
3399 5850 3499 5907 hac
3538 5858 3762 5925 persona
