4096 6322
345 283 419 344 99
1121 288 1180 346 S.
1221 288 1507 346 JOANNIS
1538 287 2025 347 CHRYSOSTOMI
2065 287 2384 351 ARCIIIEP.
2425 295 2972 355 CONSTANTINOP.

345 398 487 467 πρὸς
532 395 625 450 τὸν
671 396 885 468 Πατέρα
926 399 1241 468 συμφωνίας
1281 418 1339 454 τε
1372 401 1468 455 καὶ
1492 400 1745 472 ὁμονοίας
1782 400 2014 470 παρεχό-

348 500 508 552 μενον
547 482 647 551 τὴν
693 482 963 548 ἀπόδειξιν
995 485 1093 537 οὐκ
1142 485 1480 556 ᾐδέσθησαν,
1528 486 1649 539 οὐδὲ
1702 486 2013 555 ἀπέστησαν

343 572 451 634 ἕως
480 571 846 643 ἐσταύρωσαν.
884 573 1045 645 σχολῇ
1076 591 1139 642 γε
1178 574 1244 628 ἂν
1273 575 1380 628 τῶν
1406 586 1435 615 ει
1479 576 1606 647 περὶ
1634 574 1797 628 αὑτοῦ
1823 574 2008 642 λεγόν-

343 677 453 712 των
499 660 799 727 ἐφείσαντο,
841 658 935 723 οὓς
964 660 1057 714 καὶ
1090 661 1258 732 χωρὶς
1305 662 1490 715 τούτου
1538 662 1825 716 κατέλευον
1895 679 2016 714 συν-

343 748 502 818 εχῶς.
525 748 621 801 Διά
648 747 804 801 τοῦτο
823 750 931 812 τοῖς
952 748 1171 811 οἰκείοις
1201 750 1294 803 καὶ
1320 749 1614 821 γνωρίμοις
1643 750 1823 812 αὐτοῖς
1851 751 2012 819 ἐμφι-

343 833 704 905 λοχωροῦντες
749 834 994 905 ὀνόμασι,
1043 834 1142 898 τὰς
1176 836 1509 906 προφητείας
1564 834 1737 905 τούτῳ
1799 836 2016 887 συσκιά·

344 922 496 985 ζουσι
525 922 601 991 τῷ
627 921 922 993 προσώπῳ.
948 922 1071 974 Ὀτι
1100 921 1207 992 γὰρ
1238 922 1297 974 ού
1328 921 1455 993 περὶ
1493 921 1594 992 τῆς
1630 920 1885 986 Ἰουδαίας
1920 922 2012 975 καὶ

356 1008 708 1081 Ἰερουσαλὴμ
753 1010 782 1062 6
822 1008 1010 1077 λόγος,
1056 1009 1291 1079 ἑκάστην
1342 1009 1678 1081 παράγοντες
1725 1008 1869 1073 λέξιν
1934 1011 2016 1067 είς

346 1095 510 1165 μέσον
543 1098 679 1168 μετά
706 1096 992 1168 ἀκριϐείας
1024 1096 1278 1167 εἰσόμεθα
1311 1098 1380 1151 τά
1406 1097 1688 1169 εἰρημένα.

416 1255 545 1308 Ὅτι
594 1256 766 1310 ἔσται
807 1255 878 1308 ἐν
906 1255 1034 1322 ταῖς
1060 1255 1346 1324 ἐσχάταις
1386 1254 1633 1324 ἡμέραις
1654 1254 1917 1324 ἐμφανὲς
1950 1254 2012 1307 τὸ

345 1341 482 1410 ὄρος
510 1344 750 1409 Κυρίου.
780 1343 923 1413 Ὅρα
941 1342 1222 1412 ἀκρίϐειαν
1250 1344 1550 1412 προφήτου,
1577 1342 1638 1395 οὐ
1655 1341 1723 1394 τά
1750 1342 2013 1413 πράγμα-

343 1446 411 1481 τα
455 1429 702 1499 λέγοντος
745 1430 924 1500 μόνον,
963 1430 1098 1484 ἀλλά
1134 1432 1228 1483 καὶ
1262 1429 1354 1482 τὸν
1410 1429 1599 1501 χρόνον
1655 1430 2011 1500 ἐπισημαινο-

347 1515 529 1584 μένου.
562 1515 739 1586 Ὅπερ
769 1517 878 1587 γάρ
919 1534 1082 1587 φησιν
1115 1519 1144 1571 6
1195 1516 1430 1581 Παῦλος,
1465 1516 1603 1570 Ὅτε
1634 1515 1702 1569 δὲ
1750 1511 1898 1585 ἦλθε
1945 1517 2013 1571 τὸ

343 1601 634 1671 πλήρωμα
681 1602 801 1656 τῶν
831 1603 1071 1671 καιρῶν,
1104 1604 1198 1657 καὶ
1241 1604 1467 1673 ἑτέρωθι
1511 1602 1694 1666 πάλιν,
1738 1605 1839 1668 Εἰς
1863 1604 2015 1656 οἰκο-

342 1689 560 1756 νομίαν
589 1687 695 1742 τοῦ
740 1688 1133 1759 πληρώματος
1191 1690 1310 1743 τῶν
1352 1688 1590 1758 καιρῶν,
1614 1688 1771 1743 τοῦτο
1798 1690 1827 1742 6
1882 1707 2013 1762 προ-

344 1776 524 1845 φήτης
564 1779 747 1846 φησιν,
796 1779 898 1831 Ἐν
941 1777 1068 1845 ταῖς
1107 1777 1398 1847 ἐσχάταις
1443 1776 1707 1845 ἡμέραις.
1755 1778 1918 1849 Ὄρος
1954 1777 2011 1829 δὲ

341 1863 446 1930 τὴν
491 1862 811 1933 Ἐκκλησίαν
862 1864 956 1916 καὶ
999 1863 1059 1917 τὸ
1095 1863 1203 1915 τῶν
1242 1863 1522 1934 δογμάτων
1567 1862 2011 1932 ἀκαταγώνιστον

344 1948 517 2002 καλεῖ.
544 1950 809 2021 Καθάπερ
832 1950 937 2022 γάρ
959 1950 1109 2018 ὄρεσι
1157 1950 1260 2003 κᾶν
1292 1950 1460 2022 μυρία
1490 1951 1802 2024 προσϐάλλῃ
1844 1968 2011 2023 στρα-

340 2036 560 2100 τόπεδα,
587 2038 715 2103 τόξα
740 2038 1001 2103 τείνοντα,
1037 2039 1129 2091 καὶ
1148 2038 1345 2107 δόρατα
1370 2032 1615 2108 ἀφιέντα,
1644 2039 2011 2110 μηχανήματα

345 2127 708 2195 προσάγοντα,
754 2129 936 2180 ἐκεῖνα
967 2127 1065 2196 μὲν
1108 2127 1229 2180 οὐδὲ
1281 2127 1633 2198 παραϐλάψαι
1669 2128 2009 2197 δυνήσονται,

343 2215 441 2285 τήν
468 2216 523 2269 δὲ
551 2218 752 2269 οἰκείαν
779 2218 1201 2271 καταλύσανταὶ)
1230 2218 1381 2288 ἰσχὺν
1413 2218 1835 2271 ἀπελεύσονται·
1868 2215 2011 2269 οὕτω

342 2300 407 2371 δὴ
439 2304 529 2356 καὶ
558 2306 604 2357 οἱ
637 2307 701 2374 τῇ
748 2304 1038 2375 Ἐκκλησία
1072 2305 1473 2375 πολεμήσαντες
1505 2307 1772 2370 ἀπαντες,
1809 2304 2011 2375 ταύτην

346 2389 447 2458 μὲν
486 2392 586 2444 ούκ
638 2391 871 2452 ἔσεισαν,
918 2393 1016 2462 τὴν
1047 2391 1104 2444 δὲ
1128 2392 1331 2444 οἰκείαν
1383 2391 1742 2455 ἀπολέσαντες
1785 2390 2012 2462 δύναμιν

344 2478 815 2549 κατῃσχύνθησαν,
857 2481 913 2532 έν
970 2478 1046 2548 τῷ
1091 2480 1270 2531 παίειν
1297 2479 1654 2549 διαλυόμενοι,
1698 2480 1791 2531 καὶ
1827 2480 1885 2531 ὲν
1934 2477 2012 2549 τῷ

347 2563 560 2634 βάλλειν
591 2566 958 2631 ἀσθενοῦντες,
984 2567 1077 2619 καὶ
1101 2568 1156 2618 ὲν
1184 2566 1261 2635 τῷ
1300 2568 1470 2619 ποιεῖν
1499 2566 1605 2620 ὑπὸ
1639 2566 1749 2619 τῶν
1778 2566 2011 2636 πασχόν-

342 2668 452 2704 των
480 2651 794 2722 νικὼμενοιο
824 2654 959 2724 ὅπερ
997 2656 1090 2707 καὶ
1123 2653 1420 2725 παράδοξος
1446 2655 1600 2725 νίκης
1640 2655 1840 2725 τρόπος
1872 2655 2007 2719 ἐστὶ,

345 2738 442 2791 καὶ
469 2740 566 2791 οὐκ
619 2734 941 2807 ἀνθρώποις,
975 2741 1109 2794 ἀλλά
1141 2738 1256 2812 Θεῷ
1309 2741 1466 2811 μόνον
1493 2740 1731 2805 δυνατός.
1790 2742 1862 2794 T6
1898 2741 2009 2813 γὰρ

345 2820 659 2893 θαυμαστὸν
704 2826 799 2893 τῆς
842 2825 1192 2896 Ἑκκλησίας,
1219 2827 1315 2896 οὐχ
1348 2826 1429 2877 ὅτι
1475 2826 1742 2896 ἐνίκησεν,
1777 2825 1889 2878 ἀλλ’
1927 2826 2010 2879 ὅτι

345 2912 441 2963 καὶ
465 2911 635 2974 οὕτως
662 2912 931 2984 ἐνίκησεν.
977 2913 1337 2984 Ἐλαυνομένη
1363 2913 1500 2983 γάρ,
1542 2913 1879 2984 διωκομένη,
1913 2932 2013 2983 μυ·-

348 2999 483 3069 ρίοις
506 3002 953 3071 κατακοπτομένη
980 3002 1219 3073 τρόποις,
1238 3003 1297 3054 ού
1326 3003 1483 3073 μόνον
1511 3003 1611 3055 οὐκ
1637 3002 2011 3071 ήλαττονοῦτο,

344 3085 481 3141 ἀλλά
524 3088 619 3140 καὶ
667 3086 865 3157 μείζων
918 3088 1146 3155 ἐγίνετο,
1178 3088 1270 3140 καὶ
1314 3088 1439 3149 τοὺς
1481 3088 1654 3140 ταῦτα
1692 3089 1862 3141 ποιεῖν
1895 3090 2015 3140 ἐπι-

346 3174 664 3245 χειροῦντας
728 3174 856 3227 αὐτὸ
912 3174 972 3227 τὸ
1021 3176 1249 3245 πάσχειν
1313 3175 1470 3245 μόνον
1513 3176 1800 3228 κατέλυενο
1877 3176 2014 3245 ὅπερ

343 3263 556 3332 ἀδάμας
585 3264 728 3314 ποιεῖ
756 3264 881 3333 περί
911 3263 1002 3316 τὸν
1037 3263 1273 3333 σίδηρον,
1316 3262 1393 3333 τῷ
1431 3262 1687 3315 παίεσθαι
1712 3262 1870 3333 μόνον
1899 3262 2015 3315 δια-

344 3344 485 3398 λύων
534 3346 627 3398 τοῦ
685 3346 935 3409 παίοντος
985 3346 1081 3416 τὴν
1123 3345 1303 3415 ἰσχύν’
1349 3346 1443 3398 καὶ
1485 3345 1685 3416 κέντρα
1726 3345 1861 3415 πρὸς
1890 3345 2015 3406 τοὺς

343 3433 714 3497 λακτίζοντας,
767 3434 908 3487 αὐτὰ
941 3434 1038 3505 μὲν
1069 3432 1221 3486 οὐδὲν
1251 3432 1564 3504 ἀμϐλύτερα
1597 3432 1841 3487 ἐντεῦθεν
1864 3433 2011 3501 γινό-

346 3541 503 3591 μενα,
550 3524 673 3586 τοὺς
722 3522 780 3576 δὲ
834 3522 1180 3586 λακτίζοντας
1235 3522 1572 3592 αίμάσσοντα
1606 3521 1793 3581 πόδας.
1818 3520 1917 3574 Διά
1947 3521 2011 3594 δὴ

342 3614 500 3668 τοῦτο
536 3613 660 3686 ὅρος
685 3614 960 3668 ἐκάλεσεν.
999 3614 1058 3665 Εἰ
1081 3612 1136 3666 δὲ
1160 3612 1258 3665 ούκ
1283 3613 1533 3682 ἀνέχεται
1583 3612 1680 3682 τῆς
1703 3613 2013 3682 μεταφορᾶς

343 3708 371 3758 6
416 3706 686 3769 Ἰουδαῖος,
706 3705 914 3758 οἴκοθεν
954 3704 1114 3758 πάλιν
1142 3703 1375 3774 δεχέσθω
1436 3702 1528 3755 τὸν
1568 3700 1807 3773 ἔλεγχον.
1841 3700 2012 3766 Αύτὸς

341 3794 451 3866 γὰρ
489 3788 642 3857 οὗτος
685 3794 714 3845 6
765 3794 1045 3863 προφήτης
1104 3792 1298 3854 λύκους
1349 3791 1443 3843 καὶ
1494 3789 1663 3860 ἄρνας
1708 3789 1877 3860 ἔφησε
1913 3789 2012 3859 τῆς

340 3881 513 3951 αὐτῆς
546 3880 715 3949 νομῆς
740 3880 1109 3947 κοινωνήσειν,
1141 3878 1235 3931 καὶ
1270 3877 1454 3947 μυίαις
1508 3878 1599 3931 τὸν
1633 3877 1763 3947 Θεὸν
1807 3877 2013 3948 συριεῖν

343 3970 439 4023 καὶ
468 3970 586 4029 ταῖς
619 3965 918 4036 μελίσσαις,
958 3966 1052 4017 καὶ
1100 3965 1339 4034 ποταμὸν
1370 3966 1589 4033 ἀνάγειν
1634 3965 1885 4033 ῥαγδαῖον
1921 3965 2012 4017 ἐπὶ

342 4061 472 4122 τοὺς
523 4054 831 4117 Ἰουδαίους,
858 4053 943 4106 διὰ
982 4054 1041 4106 τὸ
1085 4054 1159 4123 μὴ
1184 4053 1464 4123 βούλεσθαι
1492 4052 1606 4123 ['21]
1640 4053 1833 4115 αὐτοὺς
1871 4054 2011 4122 ἔχειν

340 4148 404 4200 τὸ
460 4146 604 4215 ὕδωρ
654 4143 745 4197 τοῦ
808 4142 1045 4213 Σιλωάμ.
1090 4143 1268 4211 ’Ἄπερ
1321 4139 1374 4191 εί
1425 4156 1508 4200 τις
1541 4140 1634 4190 ὲπὶ
1678 4140 1785 4193 τῶν
1817 4140 2012 4204 λέξεων

343 4234 585 4297 ὲκλάϐοι,
617 4232 750 4287 πολὺ
785 4233 845 4286 τὸ
874 4231 1227 4304 ἀπερινόητον
1251 4229 1393 4298 ἔχει·
1432 4225 1568 4279 ἀλλά
1590 4226 1673 4279 δεῖ
1700 4226 1768 4279 τά
1798 4228 1862 4280 ὲκ
1892 4229 2015 4281 τού-

341 4340 454 4374 των
486 4320 862 4391 σημαινόμενα
893 4320 1216 4391 δεχομένους
1247 4316 1389 4369 οὕτω
1430 4314 1725 4369 ποικίλλειν
1752 4315 1861 4368 τῶν
1892 4334 2015 4385 νοη-

348 4410 532 4480 μάτων
557 4410 655 4482 τὴν
685 4409 1021 4463 ἀκολουθίαν.
1059 4407 1122 4460 Τί
1146 4403 1238 4461 οὖν
1258 4407 1373 4459 ἐστι
1399 4405 1467 4457 τὰ
1488 4407 1552 4458 ὲκ
1584 4403 1787 4457 τούτων
1818 4420 2017 4473 σημαι-

344 4498 578 4569 νόμενας
607 4498 707 4551 Διά
755 4497 855 4568 μὲν
907 4496 1017 4549 τῶν
1070 4495 1249 4548 λύκων
1289 4496 1381 4548 καὶ
1422 4494 1532 4547 τῶν
1579 4492 1778 4565 ἀρνῶν,
1826 4493 1876 4544 οἱ
1903 4492 2016 4545 τῶν

346 4584 650 4655 ἀνθρώπων
684 4584 875 4654 τρόποι
912 4584 961 4636 οἰ
988 4582 1272 4654 θηριώδεις
1316 4582 1409 4636 καὶ
1440 4582 1638 4652 ἥμεροι
1658 4596 1672 4611 ο
1700 4579 1789 4633 διὰ
1818 4580 1874 4632 δὲ
1906 4578 2016 4632 τῶν

348 4673 566 4743 μυιῶν,
606 4671 670 4724 τὸ
713 4671 1068 4740 ἀναίσχυντον
1123 4670 1233 4723 τῶν
1281 4669 1624 4737 Αἰγυπτίων·
1670 4667 1758 4722 διὰ
1810 4667 1867 4721 δὲ
1921 4668 2016 4720 τοῦ

346 4759 617 4831 ποταμοῦ,
649 4758 711 4812 τὸ
738 4759 966 4830 σφοδρὸν
1008 4759 1107 4828 τῆς
1142 4758 1426 4829 στρατείας
1454 4758 1548 4811 τοῦ
1580 4756 1855 4828 βαρϐάρου
1875 4772 1889 4786 ·
1926 4755 2018 4809 διὰ

343 4848 401 4902 δὲ
429 4848 524 4901 τοῦ
553 4846 793 4917 Σιλωὰμ,
810 4848 870 4900 τὸ
890 4849 1063 4919 πρᾶον
1085 4849 1181 4901 καὶ⁸
1197 4848 1433 4909 ἐπιεικὲς
1463 4846 1555 4899 τοῦ
1585 4847 1707 4899 τότε
1731 4846 2013 4917 ἄρχοντος,

342 4936 438 4991 τοῦ
484 4936 594 4990 τῶν
652 4937 917 4990 Ἰουδαίων
945 4936 1226 5005 βασιλέως.
1262 4936 1367 4987 Καὶ
1397 4935 1569 4993 οὐδεὶς
1596 4935 1716 4987 οὐδὲ
1745 4934 1853 4986 τῶν
1888 4933 2018 5001 σφό-

342 5023 444 5095 δρα
469 5024 710 5095 ἀνοήτων
738 5023 873 5095 πρὸς
894 5022 1063 5076 ταῦτα
1090 5026 1222 5093 ἡμῖν
1255 5024 1487 5092 ἀντερεῖ.
1519 5023 1730 5090 ’Ὠσπερ
1769 5023 1878 5091 γὰρ
1923 5016 2016 5072 οὖν

343 5114 528 5165 ἐκεῖνα
576 5111 781 5182 ἑτέροις
822 5110 1047 5179 ὀνόμασι
1101 5110 1452 5181 παρεδηλώθη
1479 5150 1494 5173 ,
1556 5108 1699 5160 οὕτω
1759 5109 1851 5159 καλ⁵
1916 5107 2016 5177 τῆς

355 5200 681 5269 Ἐκκλησίας
723 5199 785 5253 τὸ
823 5199 1069 5271 στερρὸν,
1111 5198 1169 5251 τὸ
1215 5198 1470 5267 ἀκίνητον
1497 5207 1545 5261 ο,
1575 5195 1637 5248 τὸ
1692 5194 1914 5264 ὑψηλὸν,
1955 5197 2018 5247 τὸ

341 5290 639 5362 ἀχείρωτον
661 5291 750 5345 διὰ
774 5290 874 5362 τῆς
909 5288 1002 5344 τοῦ
1036 5276 1205 5361 ὄρους’
1224 5289 1441 5359 ᾐνίξατο
1474 5286 1863 5358 προσηγορίας.
1907 5286 2018 5340 Καὶ

405 5494 423 5517 ⁸
446 5495 568 5559 Reg.
595 5496 745 5559 σχολῇ
769 5496 857 5559 γὰρ
876 5496 988 5543 τῶν.
1014 5494 1165 5559 Savil.
1192 5495 1347 5559 σχολῇ
1386 5511 1439 5556 γε
1459 5497 1571 5545 τῶν.
1616 5496 1824 5546 Praestat
1867 5495 2016 5546 lectio

342 5556 657 5606 lorellianas’
674 5556 933 5615 Edil’io'nis,
960 5564 1013 5606 et
1033 5563 1111 5605 est
1134 5558 1181 5605 in
1210 5556 1458 5607 Bavarico.

408 5619 435 5658 δ
462 5618 584 5679 Reg.
612 5625 665 5666 el
682 5619 833 5667 Savil.
858 5620 1138 5673 τείνοντες...
1176 5619 1439 5682 ἀφιέντες...
1477 5620 1843 5681 προσάγοντες...
1870 5638 2013 5669 κατα-

342 5682 587 5738 λύσαντες,
632 5693 744 5740 que
778 5682 925 5728 etiam
951 5683 1097 5729 lectio
1123 5683 1345 5742 quadrat,
1388 5689 1441 5729 et
1483 5682 1759 5731 innumeris
1798 5683 2015 5731 ﬁrmatur

342 5744 615 5804 exemplis;
639 5742 728 5789 sed
750 5754 859 5789 cum
886 5742 1052 5804 Morel.
1104 5741 1250 5791 etiam
1274 5744 1423 5791 lectio
1456 5741 1587 5791 bene
1610 5745 1805 5798 habeat,
1834 5745 2013 5792 τείνον-

342 5820 461 5874 τα...
484 5802 680 5874 ἀφιέντα
703 5810 824 5861 elc.,
851 5808 905 5851 el
940 5802 1056 5853 Cod.
1097 5804 1328 5854 Bavarico
1365 5805 1606 5865 ﬁrmetur,
1648 5818 1756 5855 eam
1788 5808 2010 5856 retinere

346 5872 503 5914 Visum
526 5872 621 5913 est.

406 5931 429 5960 ε
453 5927 526 5981 Ita
546 5928 669 5989 Reg.
697 5933 747 5978 et
772 5926 921 5977 Savil.
948 5924 1003 5975 In
1048 5927 1217 5977 Morel.
1256 5928 1307 5976 τὸ
1332 5928 1550 5988 ἀκίνητον
1570 5929 1756 5979 deerat.

3710 287 3800 355 50³

2119 404 2228 474 γάρ
2253 404 2438 475 ἔτερος
2467 410 2751 479 προφήτης
2775 410 2899 473 τοὺς
2923 408 3248 470 πεποιθότας
3280 407 3371 462 ἐπὶ
3395 410 3486 463 τὸν
3518 409 3648 464 Θεὸν
3670 413 3785 483 ὄρει

2119 492 2490 561 παραϐάλλει,
2548 496 2607 549 1:6
2647 496 3082 564 ἀκαταγὼνιστον
3134 495 3316 549 αὐτῶν
3363 497 3782 569 ἐνδεικνύμενος.

2133 579 2445 648 Ἐμεεανές.
2469 581 2639 635 Τοῦτο
2665 584 2784 636 οὐδὲ
2813 584 2910 654 τῆς
2938 584 3042 639 ἀπὸ
3076 583 3169 637 τοῦ
3202 584 3361 653 λόγου
3400 583 3583 637 λοιπον
3617 588 3787 656 έρμηο

2117 669 2267 731 νείας
2294 669 2482 724 δεῖται.
2514 670 2701 734 Οὕτως
2729 671 2867 741 αὐτή
2900 670 3006 725 τῶν
3030 673 3370 743 πραγμάτων
3400 673 3433 743 ή
3459 672 3620 742 φύσις
3658 675 3786 727 σάλ-

2117 772 2314 824 πιγγος
2360 756 2745 829 λαμπροτέραν
2803 758 2986 829 φωνήν
3056 760 3295 829 ἀφίησι,
3370 762 3431 815 τὸ
3491 763 3785 832 περιφανὲς

2116 842 2496 915 ὲνδεικνυμένη
2560 845 2659 915 τῆς
2707 846 3048 916 Ἐκκλησίας.
3113 848 3187 899 UO
3243 848 3351 919 γάρ
3406 849 3583 914 οὕτως
3637 849 3787 920 ἥλιος

2117 929 2304 996 φανὸς,
2336 930 2454 983 οὐδὲ
2490 931 2551 983 τὸ
2580 932 2643 985 ὲκ
2698 930 2887 984 τούτου
2939 934 3073 1001 φῶς,
3118 934 3193 995 ὡς
3228 936 3325 1006 τῆς
3362 936 3687 1008 Ἐκκλησίας
3716 936 3787 990 τά

2115 1015 2435 1086 πράγματα.
2460 1018 2570 1071 Καὶ
2606 1017 2714 1088 γάρ
2741 1022 2774 1072 ὀ
2806 1016 2970 1085 οἶκος
3001 1021 3107 1074 τοῦ
3144 1020 3290 1075 Θεοῦ
3318 1023 3410 1075 ἐπ’
3436 1023 3633 1093 ἄκρων
3663 1025 3783 1079 τῶν

2115 1101 2320 1170 ὀρέων.

2184 1249 2253 1311 γ’.
2294 1244 2417 1307 Πῶς
2446 1244 2513 1298 ἂν
2550 1245 2705 1299 τοῦτο
2733 1246 3116 1317 ὲρμηνεύσειεν
3144 1248 3172 1299 6
3217 1249 3496 1315 ‘lou6an;;
3529 1251 3783 1323 Οὑδαμοῦ

2114 1329 2222 1401 γὰρ
2259 1331 2345 1383 ἐπ’
2374 1332 2558 1400 ἀκρων
2585 1331 2691 1385 τῶν
2720 1333 2888 1402 ὀρέων
2926 1336 2955 1387 6
2987 1334 3113 1396 ναός
3154 1336 3333 1386 ἐστιν·
3378 1339 3409 1405 ή
3458 1338 3637 1405 μέντοι
3678 1340 3783 1409 τῆς

2128 1418 2451 1489 Ἑκκλησίας
2489 1418 2717 1490 δύναμις
2772 1420 2953 1474 αὐτῶν
3006 1422 3181 1491 ἥψατο
3222 1422 3330 1475 τῶν
3373 1425 3637 1495 οὐρανῶν.
3673 1428 3785 1482 Καὶ

2113 1503 2315 1558 ὡσανεὶ
2346 1501 2494 1570 οἶκος
2536 1506 2676 1578 ὑπὲρ
2707 1509 2953 1578 κορυφῆς
2990 1508 3135 1578 ὀρῶν
3177 1510 3427 1579 κείμενος
3468 1514 3633 1566 πᾶσίν
3663 1516 3783 1569 ὲστι

2114 1591 2431 1663 κατάδηλος,
2459 1592 2602 1646 οὕτω
2633 1593 2728 1647 καὶ
2760 1592 2939 1664 πολλῷ
2974 1594 3135 1647 πλέον
3174 1596 3311 1666 αὐτή
3343 1599 3644 1669 περιφανὴς
3675 1603 3786 1655 πᾶ·-

2116 1696 2201 1732 σιν
2234 1678 2538 1751 ἀνθρώποις
2567 1679 2777 1749 γέγονε.
2808 1682 2919 1735 Καὶ
2946 1682 3329 1752 ὑψωθήσεται
3360 1685 3635 1754 ὑπεράνω
3665 1686 3784 1741 τῶν

2108 1767 2373 1831 βουνῶν.
2395 1769 2467 1822 T6
2487 1770 2615 1823 αὐτὸ
2641 1769 2797 1823 τοῦτο
2820 1769 3371 1840 πάλινήρμήνευσεν,
3395 1772 3529 1844 ὅπερ
3560 1774 3651 1827 ἐπὶ
3684 1775 3781 1828 τοῦ

2113 1852 2241 1906 ναοῦ
2274 1853 2526 1906 οὐδέποτε
2560 1854 2777 1926 συνέϐη,
2808 1854 2928 1909 οὐδὲ
2954 1855 3113 1932 ἡνίκα
3138 1857 3333 1926 ἄριστα
3367 1857 3626 1929 πράττειν
3660 1860 3781 1912 ἐδό-

2113 1958 2217 1994 κει.
2267 1942 2391 2006 Πῶς
2427 1944 2556 2015 γάρ,
2590 1944 2725 1997 ὅπου
2758 1961 2823 2012 γε
2868 1943 2963 1998 καὶ
3004 1944 3095 1998 ὑπ’
3138 1944 3317 1999 αὐτῶν
3358 1946 3466 2001 τῶν
3514 1945 3784 2002 Ἰουδαίων

2112 2030 2369 2094 πολλάκις
2395 2031 2709 2102 ήτιμάζετο,
2731 2033 2825 2087 καὶ
2848 2031 2951 2085 ὑπὸ
2978 2031 3326 2105 βαρϐαρικῶν
3350 2034 3641 2104 ἠφανίζετο
3666 2054 3783 2105 χει-

2114 2117 2257 2188 ρῶν;
2287 2120 2351 2173 Ἥ
2372 2119 2429 2172 δὲ
2449 2120 2550 2190 τῆς
2576 2121 2901 2192 Ἐκκλησίας
2934 2122 3085 2191 ἰσχὺς
3117 2121 3425 2193 ἐπολεμήθη
3450 2123 3546 2193 μὲν
3568 2125 3780 2179 ἐκείνου

2111 2204 2487 2276 χαλεπώτερον
2521 2207 2612 2259 καὶ
2647 2207 2837 2261 πλέον·
2867 2206 2977 2273 εἶξε
3010 2208 3064 2261 δὲ
3095 2209 3349 2262 οὐδέποτε
3378 2212 3500 2273 ταῖς
3530 2211 3637 2264 τῶν
3674 2228 3783 2264 πο-

2112 2291 2421 2362 λεμούντων
2452 2295 2636 2365 χερσὶν
2660 2335 2675 2361 ,
2710 2295 2824 2348 ἀλλ’
2857 2296 3162 2367 ὑψηλοτέρα
3199 2298 3292 2350 καὶ
3343 2300 3782 2369 περιφανεστέρα

2116 2382 2348 2451 μάλιστα
2371 2384 2476 2436 ὑπὸ
2500 2383 2608 2437 τῶν
2630 2384 2901 2455 πολεμίων
2934 2387 3158 2454 ἐγίνετο.
3184 2388 3315 2441 Τότε
3337 2389 3467 2456 γοῦν
3495 2390 3604 2442 τῶν
3640 2408 3781 2462 μαρ-

2111 2469 2290 2539 τύρων
2323 2471 2373 2521 οἱ
2405 2470 2598 2540 δῆμοι,
2631 2472 2749 2524 τότε
2793 2475 2902 2526 τῶν
2929 2474 3275 2545 ὁμολογητῶν
3312 2476 3379 2528 τὰ
3424 2476 3622 2547 πλήθη,
3654 2478 3780 2531 τότε

2114 2562 2168 2612 αἱ
2212 2561 2427 2630 σιδήρου
2468 2561 2818 2633 στερῤότεραι
2859 2563 3245 2616 ἀπεδείκνυντο
3288 2564 3456 2633 ψυχαὶ
3480 2604 3494 2627 ,
3540 2567 3634 2618 καὶ
3668 2566 3780 2619 τῶν
3816 2561 3820 2565 ’

2115 2649 2359 2718 ἀστέρων
2389 2649 2566 2701 αὐτῶν
2596 2649 2984 2721 ἀκριϐέστερον
3012 2650 3274 2721 ἔλαμπον,
3308 2652 3417 2705 τῶν
3452 2652 3551 2721 μὲν
3591 2655 3781 2724 σωμά-

2114 2754 2221 2789 των
2254 2737 2434 2799 αὑτοῖς
2476 2737 2989 2807 κατακοπτομένων,
3029 2738 3127 2808 τῆς
3158 2738 3381 2810 γνώμης
3414 2740 3469 2792 δὲ
3518 2741 3578 2793 οὐ
3612 2759 3779 2795 νικω-

2117 2825 2304 2894 μένης,
2328 2824 2463 2879 ἀλλά
2491 2824 2797 2896 κρατούσης
2826 2826 2919 2879 καὶ
2950 2828 3403 2897 στεφανουμένης.
3425 2828 3517 2891 Τίς
3545 2824 3674 2891 εἶδε,
3694 2831 3781 2894 τίς

2112 2914 2313 2983 ἤκουσε
2342 2914 2499 2984 φόνον
2527 2914 2786 2985 στέφανον
2810 2915 3061 2986 φέροντα,
3085 2917 3179 2968 καὶ
3210 2918 3420 2985 σφαγὴν
3446 2916 3598 2986 νίκην
3619 2918 3778 2988 ὲργα-

2114 3000 2369 3072 ζομένην,
2393 3002 2489 3056 καὶ
2518 3003 2639 3055 τότε
2664 3003 2726 3055 τὸ
2758 3002 3118 3074 στρατόπεδον
3149 3002 3526 3073 λαμπρότερον
3560 3005 3779 3074 γινόμε-

2113 3106 2222 3150 νον,
2268 3090 2356 3142 ὅτε
2409 3090 2623 3154 πλείους
2656 3091 2707 3143 οἰ
2754 3090 3111 3161 σφαττόμενοι
3158 3090 3311 3161 παρά
3353 3090 3459 3144 τῶν
3500 3090 3778 3162 πολεμίων

2113 3178 2392 3246 ἐφαίνοντο
2410 3195 2425 3245 ;

2184 3317 2289 3370 Καὶ
2335 3316 2593 3384 ἥξουσιν
2634 3316 2727 3369 ἐπ’
2777 3313 2937 3381 αὐτῷ
2984 3315 3181 3369 πάντα
3219 3314 3293 3370 τὰ
3341 3315 3507 3383 ἔθνη.
3565 3318 3781 3388 Προϊὼν

2115 3405 2444 3475 σαφέστερος
2480 3405 2509 3457 6
2542 3405 2826 3476 προφήτης
2870 3403 3097 3472 γίνεται,
3135 3404 3231 3457 καὶ
3271 3403 3470 3474 μᾶλλον
3505 3404 3781 3458 ἀνακαλύ-

2114 3509 2236 3544 πτει
2284 3491 2375 3545 τὸν
2418 3491 2595 3558 λόγον,
2640 3491 2734 3544 καὶ
2782 3490 3103 3561 τρανότερον
3149 3490 3386 3544 δείκνυσι
3424 3490 3525 3561 τήν
3570 3509 3781 3562 προφη-

2112 3580 2283 3644 τείαν,
2320 3579 2413 3632 καὶ
2447 3578 2831 3650 ἀκριϐέστερον
2869 3578 3210 3649 ἀπορῥάπτει
3254 3577 3362 3631 τῶν
3410 3577 3675 3631 Ἰουδαίων
3713 3579 3780 3632 τά

2116 3668 2376 3739 στόματα.
2410 3668 2579 3721 Τοῦτο
2610 3668 2753 3738 γάρ,
2794 3668 2888 3720 καὶ
2928 3668 2979 3719 εἰ
3017 3666 3223 3737 σφόδρα
3254 3667 3684 3737 ἀναισχυντοῖεν,
3718 3667 3780 3718 οὐ

2112 3756 2429 3826 δυνήσονται
2469 3755 2547 3826 τῷ
2576 3755 2753 3808 αὐτῶν
2780 3754 2893 3826 ναῷ
2922 3755 3161 3825 ἀρμόσαι
3185 3753 3236 3807 ἀ.
3271 3754 3379 3806 Καὶ
3412 3754 3519 3823 γὰρ
3548 3754 3642 3806 καὶ
3671 3754 3779 3805 ἀπ-

2113 3840 2396 3909 ηγόρευτο,
2444 3839 2537 3892 καὶ
2581 3837 2698 3907 μεθ’
2748 3836 3055 3908 ὑπερϐολῆς
3102 3834 3374 3889 κεκώλυτο
3411 3834 3535 3904 ἔθνη
3575 3836 3658 3897 εἰς
3690 3835 3780 3888 τὸν

2113 3927 2238 3980 ναὸν
2267 3926 2511 3981 εἰσιέναι.
2546 3925 2657 3978 Καὶ
2698 3924 2751 3976 τί
2793 3923 2937 3992 λέγω
2970 3925 3049 3986 εἰς
3076 3922 3167 3974 τὸν
3198 3920 3323 3975 ναὸν
3358 3921 3609 3986 εἰσιέναι,
3645 3923 3779 3974 ὅπου

2113 4030 2177 4082 γε
2221 4014 2315 4066 καὶ
2351 4014 2533 4077 αὐτοῖς
2576 4014 2713 4083 μετὰ
2758 4012 2957 4080 πολλῆς
3005 4013 3102 4081 τῆς
3136 4010 3361 4079 ἀπειλῆς
3406 4007 3518 4081 [2‘2]
3557 4011 3585 4062 6
3618 4011 3782 4078 νόμος

2114 4103 2422 4173 ἀπηγόρευε
2457 4102 2553 4165 τὰς
2578 4101 2687 4154 τῶν
2728 4100 2895 4154 ἐθνῶν
2936 4099 3250 4169 ἐπιμιξίας,
3283 4101 3376 4153 καὶ
3416 4099 3515 4168 τὴν
3554 4097 3782 4168 ἔσχατον

2115 4189 2254 4260 ὑπὲρ
2276 4190 2480 4242 τούτων
2511 4188 2705 4259 ἀπῄτει
2733 4187 2922 4256 δίκην;
2968 4186 3024 4238 '0
3051 4185 3179 4254 γοῦν
3209 4186 3489 4255 προφήτης
3528 4184 3780 4252 Ἀγγαῖος

2115 4275 2331 4328 ἅπασαν
2352 4279 2431 4340 εἰς
2460 4276 2617 4341 τοῦτο
2645 4276 2990 4346 κατηνάλωσε
3010 4273 3107 4343 τὴν
3128 4272 3482 4343 προφητείαν,
3508 4269 3777 4337 ἐγκαλῶν,

2116 4362 2375 4428 ἀπειλῶν,
2397 4363 2624 4424 εὐθύνας
2643 4363 2888 4416 ἀπαιτῶν
2913 4362 3009 4431 τῆς
3038 4361 3099 4411 οὐ
3132 4358 3510 4429 προσηκούσης
3544 4360 3780 4425 ἐπιγαμ-

2117 4447 2297 4517 ϐρίας.
2332 4448 2470 4501 Ἀλλ’
2508 4448 2569 4500 οὐ
2607 4448 2675 4500 τά
2711 4450 2950 4518 ἡμέτερα
2977 4445 3224 4505 τοιαῦτα,
3260 4445 3395 4496 ἀλλά
3433 4441 3569 4511 μετά
3597 4440 3778 4502 ἀδείας

2120 4533 2336 4603 ἀπάσης
2367 4536 2751 4589 ἀναπετάσασα
2774 4536 2899 4597 τοὺς
2922 4533 3149 4596 κόλπους
3182 4533 3214 4601 ή
3252 4528 3778 4599 Ἐκκλησίαηχερσὶν

2120 4622 2338 4685 ὑπτίαις
2369 4622 2584 4675 ἅπαντα
2609 4622 2676 4675 τά
2695 4622 2791 4692 τῆς
2824 4620 3145 4689 οἰκουμένης
3162 4618 3279 4671 καθ’
3303 4616 3536 4685 ἑκάστην
3566 4616 3778 4685 ἡμέραν

2118 4712 2436 4782 ὑποδέχεται
2469 4710 2619 4781 ἔθνη.
2653 4711 2822 4762 Τοῦτο
2859 4709 2965 4779 γάρ
2998 4708 3091 4760 καὶ
3126 4709 3173 4758 οἱ
3206 4704 3410 4775 πρῶτοι
3442 4703 3548 4755 τῶν
3575 4702 3778 4772 δογμά-

2118 4818 2223 4853 των
2266 4799 2570 4852 διδάσκαλοι
2623 4798 2770 4870 παρά
2818 4796 2909 4850 τοῦ
2962 4794 3293 4861 Μονογενοῦς
3346 4791 3773 4860 ἐκελεύσθησαν,

2117 4889 2316 4958 ταύτην
2341 4888 2541 4951 εὐθέως
2565 4888 2892 4946 ἀκούσαντες
2914 4884 3009 4953 τὴν
3035 4886 3235 4953 φωνήνο
3262 4879 3653 4948 Πορευθέντες
3675 4894 3778 4948 μα-

2119 4976 2445 5040 θητεύσατε
2472 4971 2668 5026 πάντα
2703 4972 2777 5024 τὰ
2801 4970 2963 5035 ἔθνη.
3002 4969 3198 5020 Σκόπει
3229 4968 3286 5021 δέ
3319 4984 3408 5036 μοι
3437 4965 3552 5027 πῶς
3581 4965 3641 5017 ού
3679 4964 3777 5034 τὴν

2119 5063 2309 5132 κλῆσιν
2333 5061 2441 5114 τῶν
2469 5060 2635 5113 ὲθνῶν
2664 5059 2881 5128 ᾐνίξατο
2918 5058 3073 5129 μόνον
3111 5059 3138 5109 ό
3178 5057 3482 5126 προφήτης,
3520 5052 3655 5105 ἀλλά
3684 5051 3777 5104 καί

2118 5152 2215 5219 τὴν
2272 5149 2408 5219 μετά
2452 5147 2755 5219 προθυμίας
2795 5144 2973 5199 αὐτῶν
3021 5144 3286 5213 ὑπακοήν.
3323 5142 3397 5194 Ού
3444 5140 3551 5210 γάρ
3601 5134 3774 5203 εἶπεν,

2118 5236 2473 5307 ἀχθήσονται,
2522 5235 2689 5297 ἀλλὰ,
2722 5233 3041 5296 Ἦξουσιν⁸
3078 5233 3214 5300 ὅπερ
3263 5229 3445 5299 ἕτερος
3492 5228 3775 5298 προφήτης

2120 5322 2448 5392 σαφέστερον
2478 5318 2883 5389 ἐνδεικνύμενος
2903 5317 3054 5384 ἔλεγε
3077 5333 3090 5345 ·
3117 5315 3221 5369 Καὶ
3245 5315 3316 5367 οὐ
3339 5312 3423 5381 μὴ
3452 5310 3778 5365 διδάξωσιν

2116 5401 2368 5474 ἕκαστος
2399 5410 2504 5461 τὸν
2528 5408 2786 5474 πολίτην
2812 5404 3018 5469 αὑτοῦ,
3054 5403 3151 5455 καὶ
3184 5402 3437 5466 ἕκαστος
3465 5400 3572 5453 τὸν
3596 5399 3775 5453 ἁδελ-

2115 5496 2232 5565 φὸν
2271 5496 2475 5559 αὑτοῦ,
2513 5496 2726 5564 λέγων,
2772 5492 2963 5548 Γνῶθι
3010 5492 3116 5545 τὸν
3143 5492 3380 5558 Κύριον,
3427 5489 3517 5542 ὅτι
3555 5486 3777 5553 πάντες

2113 5584 2431 5650 εἱδιξσουσί
2457 5601 2532 5653 με
2569 5583 2685 5635 ἀπὸ
2713 5580 2930 5650 μικροῦ
2959 5578 3066 5643 ἕως
3089 5577 3357 5646 μεγάλου
3392 5574 3606 5628 αὐτῶν.
3651 5574 3777 5628 Ἐπὶ

2118 5674 2216 5742 μὲν
2247 5674 2354 5742 γὰρ
2384 5672 2490 5724 τῶν
2523 5670 2791 5724 Ἰουδαίων
2820 5669 2909 5721 καὶ
2940 5670 2973 5739 ή
3002 5667 3174 5729 κτίσις
3204 5663 3652 5734 ἀνεστοιχειοῦτο,
3683 5664 3778 5718 καὶ

2172 5860 2197 5900 ἀ
2221 5862 2340 5922 Reg.
2366 5860 2420 5907 ού
2444 5858 2718 5922 δυνήσονται
2739 5856 2833 5922 τῶν
2857 5855 3011 5922 αὐτῶν
3045 5853 3300 5922 ’Ἰουδαίων
3327 5856 3555 5921 ἁρμόσαι,
3592 5866 3773 5918 ρρῳθη

2113 5938 2229 5973 ram.
2261 5917 2408 5973 Sim.
2438 5924 2504 5985 τῷ
2528 5921 2625 5984 ναῷ
2649 5921 2742 5965 τῶν
2776 5917 3013 5967 Ἰουδαίων
3036 5917 3258 5977 ἁρμόσαι.
