4102 6306
352 232 421 288 ‘2‘.)

354 351 653 422 mophetias
705 347 1117 402 adumbrabant.
1166 342 1316 411 Quod
1346 342 1487 397 enim
1525 354 1628 393 non
1655 338 1724 393 de
1751 333 1935 391 Iudaea

354 456 405 499 et
423 444 487 497 de
508 440 808 497 Jerusalem
834 454 1017 494 sermo
1042 446 1199 501 esset,
1234 434 1435 504 singula
1465 432 1601 486 dicta
1628 430 1679 485 itt
1707 426 1940 483 medium

355 536 699 597 adducentes,
732 543 984 586 accurate
1008 528 1514 585 demonstrabimus.

427 626 559 693 Quid
582 625 875 695 signiﬁcent
904 623 1069 683 verba.
1102 640 1121 673 ι
1150 622 1202 673 in
1223 617 1501 673 novissimis
1522 616 1694 668 diebus
1716 632 1760 665 ι.
1792 610 1944 666 Mons

368 718 565 771 Domini
610 715 850 770 Ecclesia
894 726 1001 779 est;
1047 712 1278 767 Ecclesia
1316 720 1493 764 vexata
1542 708 1659 761 vicit
1703 716 1749 759 et
1793 714 1972 758 aucta-

357 822 445 862 est.
476 836 549 847 —
590 806 645 859 2.
698 805 810 858 Erit
852 807 904 858 in
952 804 1231 858 novissimis
1266 802 1437 854 diebus
1467 801 1760 868 manifestus
1801 812 1945 849 mons

361 899 585 954 Domini.
610 897 746 953 Vide
772 898 1045 966 propheta:
1072 894 1488 956 aecurationem,
1517 891 1607 961 qui
1640 905 1746 944 non
1773 888 1945 943 solum

360 1010 468 1049 rem
499 994 667 1056 dicit,
718 992 811 1047 sed
854 1002 1062 1060 tempus
1100 989 1257 1044 etiam
1297 986 1577 1057 signiﬁcat.
1624 983 1776 1053 Quod
1805 983 1945 1039 enim

359 1087 488 1141 dicit
532 1085 763 1145 Paulus,
810 1083 939 1138 Cum
981 1092 1146 1135 autem
1188 1080 1317 1134 venit
1363 1077 1621 1148 plenitudo
1665 1085 1947 1145 temporum

360 1178 503 1247 (Gal.
543 1179 599 1232 4.
645 1178 728 1243 4).
756 1186 809 1230 et
835 1176 958 1229 alibi
1005 1189 1235 1236 rursum,
1266 1170 1334 1224 In
1381 1168 1806 1239 dispensationem
1832 1165 1945 1235 ple-

363 1271 602 1323 nitudinis
633 1278 913 1337 temporum
955 1266 1170 1334 (Epltes.
1202 1266 1253 1319 1.
1284 1261 1411 1332 10),
1464 1261 1566 1316 hoc
1592 1260 1670 1315 sic
1694 1258 1945 1329 exprimit

364 1360 652 1428 propheta,
698 1358 765 1412 In
792 1357 1072 1411 novissimis
1100 1354 1292 1408 diebus.
1324 1353 1555 1407 Montem
1593 1360 1769 1405 autem
1797 1357 1951 1404 vocat

368 1451 658 1505 Ecclesium
686 1491 702 1515 ,
746 1459 799 1503 et
828 1446 1251 1516 inexpugnabilia
1277 1444 1544 1514 dogmata.
1595 1439 1950 1509 Quemadmo-

362 1543 487 1594 dum
515 1541 660 1595 enim
684 1540 728 1593 si
757 1540 873 1609 quis
889 1539 1139 1592 adversus
1163 1545 1369 1590 montes
1398 1536 1705 1588 innumeros
1735 1532 1951 1602 ohjiciat

363 1633 627 1687 exercitus
652 1672 668 1695 ,
697 1647 855 1685 arcus
884 1630 1180 1693 tendentes,
1213 1631 1389 1681 hastas
1417 1627 1686 1680 vibrantes
1704 1664 1721 1691 ,
1753 1624 1951 1678 machi-

368 1741 458 1779 nas
486 1724 843 1778 admoventes
864 1763 879 1789 ,
927 1722 1043 1776 illos
1087 1720 1299 1789 quidem
1340 1718 1485 1773 nullo
1515 1717 1707 1772 damno
1736 1715 1952 1770 allicere

367 1827 631 1887 poterunt,
666 1817 762 1870 sed
784 1826 1093 1883 consumpta
1122 1814 1332 1884 propria
1351 1810 1653 1866 fortitudine
1671 1809 1947 1864 recedent:

367 1914 441 1964 sic
486 1919 543 1963 et
588 1909 916 1977 quicumque
963 1907 1249 1961 Ecclesium
1297 1905 1766 1975 itnpugnaverunt,
1817 1902 1953 1955 hanc

367 2000 575 2066 quidem
627 2015 735 2052 non
782 1998 1072 2061 laeserunt,
1114 1994 1209 2050 sed
1255 2010 1347 2049 sua
1374 1995 1565 2047 amissa
1595 1994 1827 2062 potentia
1858 2008 1952 2061 pu-

368 2093 493 2145 dore
515 2099 644 2144 sunt
671 2088 867 2152 affecti,
898 2088 1023 2142 dum
1056 2087 1275 2142 ferirent
1299 2085 1493 2150 soluti,
1544 2085 1670 2139 dum
1713 2085 1828 2139 telis
1852 2084 1953 2138 im-

370 2193 607 2250 peterent
637 2181 915 2245 inﬁrmati,
938 2179 1062 2233 dum
1087 2191 1303 2249 agerent
1326 2194 1354 2231 a
1386 2177 1704 2248 patientibus
1724 2176 1915 2231 devicti
1938 2194 1950 2231 :

370 2254 451 2343 qui
486 2283 569 2329 est
613 2288 750 2328 sane
796 2272 1097 2340 in0pinatus
1142 2271 1374 2324 victoria:
1403 2271 1626 2334 modus,
1658 2285 1815 2340 quem
1846 2284 1952 2323 non

372 2368 609 2422 homines
636 2367 873 2435 assequi,
896 2366 989 2419 sed
1023 2365 1160 2419 Deus
1187 2363 1331 2417 solus
1351 2363 1542 2433 potest.
1569 2362 1701 2417 Nam
1727 2346 1871 2417 certe
1901 2362 1953 2416 in

373 2460 606 2516 Ecclesia
633 2458 881 2513 mirabile
907 2468 1024 2524 est,
1058 2473 1162 2511 non
1189 2456 1329 2525 quod
1361 2456 1563 2520 vicerit,
1595 2455 1690 2510 sed
1714 2454 1855 2525 quod
1884 2454 1953 2509 ita

372 2553 571 2606 vicerit.
618 2551 853 2622 lmpulsa
893 2549 1069 2612 enim,
1119 2557 1327 2613 vexata,
1382 2548 1671 2602 innumeris
1698 2561 1956 2602 concussa

374 2643 559 2708 modis,
590 2656 701 2695 non
731 2641 893 2694 modo
919 2655 1024 2693 non
1057 2639 1411 2704 minuebatur,
1434 2638 1527 2693 sed
1563 2639 1734 2707 major
1758 2635 1954 2692 evade-

375 2736 476 2801 bat,
521 2743 577 2789 et
618 2749 717 2788 eos
746 2733 839 2802 qui
873 2732 924 2786 id
953 2731 1127 2786 facere
1154 2732 1424 2785 tentabant
1466 2730 1714 2801 patiendo
1753 2738 1955 2783 tantum

376 2824 684 2894 proﬂigabat
706 2841 721 2888 ;
756 2822 811 2877 id
833 2821 977 2892 quod
993 2821 1206 2875 adamas
1232 2821 1372 2874 ferro
1398 2821 1662 2890 impetitus
1676 2818 1954 2881 facit,dutu

374 2930 658 2985 percussus
686 2922 895 2967 tantum
923 2911 1081 2965 solvit
1122 2910 1463 2979 percutientis
1490 2909 1682 2974 robur;
1726 2907 1956 2963 stimuli-

370 3023 471 3075 que
499 3005 909 3060 calcitrantibus
950 3002 1176 3071 objecti,
1222 3017 1326 3055 non
1356 3002 1655 3056 obtusiores
1685 3000 1807 3055 inde
1832 2999 1954 3054 red-

370 3102 583 3164 duntur,
616 3097 713 3152 sed
741 3096 1135 3151 calcitrantium
1167 3094 1325 3164 pedes
1350 3104 1648 3150 cruentant.
1679 3094 1801 3149 Ideo
1829 3110 1959 3149 sane

373 3202 612 3244 montem
637 3187 868 3242 vocavit.
916 3187 1068 3253 Quod
1108 3187 1152 3241 si
1190 3186 1555 3257 metaphoram
1586 3204 1689 3240 non
1718 3186 1961 3241 admittat

375 3283 622 3346 Judaeus,
672 3280 1021 3333 domesticam
1070 3278 1292 3348 accipiat
1348 3278 1785 3333 confutationem.
1844 3278 1961 3347 ipse

382 3375 633 3442 propheta
660 3373 787 3426 dicit
811 3373 965 3440 lupos
995 3380 1049 3424 et
1072 3387 1238 3441 agnos
1262 3372 1564 3425 communia
1595 3386 1787 3440 pascua
1811 3369 1961 3425 habi-

387 3477 535 3518 turos
558 3507 573 3530 ,
613 3475 664 3518 et
706 3464 904 3518 muscis
944 3462 1239 3532 apibusque
1267 3462 1428 3517 Deum
1457 3463 1793 3518 sibilaturum
1815 3506 1829 3528 ,
1858 3463 1959 3518 ﬁu-

386 3560 635 3626 viumque
652 3559 1017 3611 vehementem
1031 3554 1379 3610 adducturum
1411 3556 1460 3610 in
1480 3554 1712 3621 Judmos,
1739 3571 1804 3611 eo
1820 3556 1962 3626 quod

386 3649 489 3716 ipsi
537 3647 729 3701 habere
769 3646 1037 3701 noluerint
1074 3661 1267 3716 aquam
1293 3646 1492 3702 Siloam
1537 3644 1688 3718 (Isai.
1717 3648 1805 3703 11.
1835 3646 1888 3703 6.
1914 3658 1961 3703 et

384 3740 476 3795 05.
508 3740 617 3803 2'5;
648 3740 694 3792 7.
730 3739 829 3809 18;
859 3739 911 3793 8.
942 3738 997 3793 6.
1027 3738 1103 3807 7).
1152 3737 1283 3806 Qua:
1311 3739 1357 3793 si
1382 3739 1501 3808 quis
1537 3738 1604 3792 ad
1630 3738 1849 3794 verbum
1875 3755 1965 3794 ac-

376 3835 617 3903 ceperit,
645 3848 773 3887 sane
800 3833 1148 3903 intelligibilia
1180 3849 1285 3887 non
1326 3844 1453 3888 sunt
1484 3851 1497 3887 :
1528 3848 1715 3888 verum
1756 3843 1966 3903 oportet

376 3942 436 3979 ea
458 3940 579 3993 qua:
600 3925 685 3979 his
703 3924 1071 3995 significantur
1087 3925 1349 3994 accipere,
1377 3926 1558 3995 sicque
1582 3927 1963 3981 sententiarum

376 4021 570 4074 seriem
605 4019 756 4073 varie
797 4017 1113 4088 intelligere.
1159 4018 1413 4084 Quanam
1457 4018 1617 4088 igitur
1654 4019 1737 4073 his
1762 4020 1967 4091 signiti-

377 4121 565 4163 cantur
590 4109 617 4161 ?
664 4109 772 4164 Per
810 4109 964 4178 lupos
990 4119 1058 4179 et.
1079 4124 1244 4180 agnos
1264 4151 1279 4174 ,
1325 4109 1598 4165 hominum
1635 4127 1815 4167 mores
1843 4128 1964 4167 cum

382 4202 576 4255 ferinos
622 4208 736 4253 tum
773 4209 1075 4256 mansuetos
1104 4200 1337 4267 indicat;
1386 4217 1482 4272 per
1518 4218 1763 4267 muscas,
1794 4204 1966 4273 impu-

380 4291 615 4345 dentiam
634 4290 1010 4361 Egyptiorum
1035 4308 1049 4357 ;
1080 4308 1173 4362 per
1199 4292 1435 4360 ﬂuvium,
1465 4294 1769 4349 violentiam
1801 4311 1967 4350 exer-

382 4388 515 4441 citus
541 4386 797 4450 barbari;
842 4402 936 4457 per
962 4387 1194 4452 Siloam,
1226 4388 1682 4443 mansuetudinem
1714 4389 1965 4443 modera-

386 4479 692 4541 tionemque
718 4475 855 4545 ejus,
882 4477 968 4545 qui
994 4485 1117 4531 tunc
1142 4478 1455 4547 imperabat,
1482 4481 1621 4550 regis
1638 4479 1965 4535 Judazorum.

383 4567 657 4638 Nemoque
680 4569 764 4622 vel
784 4584 846 4622 es
877 4568 1324 4638 insipientioribus
1344 4572 1483 4626 circa
1513 4574 1627 4628 haec
1656 4573 1811 4629 nobis
1835 4590 1966 4629 cou-

387 4658 625 4711 tradicet.
656 4658 1112 4725 Quemadmodum
1144 4661 1301 4731 igitur
1329 4663 1414 4717 illa
1432 4663 1548 4719 aliis
1568 4674 1690 4719 sunt
1720 4681 1970 4734 expressa

387 4750 713 4816 nominibus,
746 4751 825 4805 sic
852 4750 942 4807 ille
971 4752 1227 4809 Ecclesia:
1256 4753 1558 4809 ﬁrmitatem
1579 4796 1595 4821 ,
1625 4756 1970 4813 immobilita-

388 4852 529 4907 tem,
579 4842 1003 4911 sublimitatem,
1061 4845 1465 4916 inexpugnabile
1520 4848 1720 4915 robur,
1775 4852 1974 4906 montis

389 4933 599 4987 nomine
628 4932 1003 4988 subindicavit.
1032 4934 1101 4988 Et
1123 4936 1258 4989 alius
1286 4936 1549 5007 propheta
1580 4938 1699 4995 illos
1727 4942 1813 5011 qui
1836 4957 1968 4996 con-

391 5025 552 5081 ﬁdunt
594 5027 648 5080 in
692 5027 922 5082 Domino
966 5028 1133 5082 monti
1160 5039 1467 5100 comparat,
1512 5032 1755 5087 invictam
1786 5051 1973 5089 eorum

392 5117 748 5174 fortitudinem
769 5120 1064 5175 ostendens
1094 5119 1262 5191 (Psal.
1296 5122 1416 5176 ηδ.
1452 5124 1525 5193 1).
1560 5123 1882 5196 Manifestus.
1919 5125 1975 5181 Id

393 5210 523 5262 nulla
550 5209 803 5280 deinceps
830 5210 1275 5279 interpretatione
1295 5212 1509 5283 indiget.
1542 5214 1630 5269 Sic
1654 5216 1766 5285 ipsa
1797 5233 1974 5271 rerum

393 5311 565 5354 natura
614 5302 737 5357 tuba
779 5302 1072 5358 clariorem
1122 5302 1315 5357 emittit
1363 5320 1585 5371 vocem,
1634 5306 1973 5374 Splendorem

394 5396 663 5450 ostendens
700 5396 991 5454 Ecclesim.
1044 5395 1259 5449 Etenim
1288 5412 1459 5466 neque
1500 5399 1578 5453 sol
1622 5399 1692 5453 ita
1736 5400 1975 5468 splendi-

395 5482 480 5537 dus
501 5527 515 5550 ,
542 5501 713 5559 neque
740 5488 860 5559 ejus
886 5489 983 5544 lux
1026 5486 1103 5541 ita
1127 5486 1269 5540 clara
1292 5496 1373 5541 est
1391 5528 1405 5551 ,
1433 5497 1491 5541 ut
1515 5498 1639 5543 sunt
1668 5505 1755 5544 res
1778 5491 1846 5545 ad
1876 5492 1977 5545 Ee-

398 5574 590 5633 clcsiam
626 5591 966 5653 spectantes.
1014 5578 1163 5633 Nam
1189 5577 1382 5633 Domus
1409 5578 1505 5635 Dei
1551 5598 1707 5652 supra
1749 5585 1978 5639 verticem

399 5679 628 5729 manuum.

1666 221 1730 276 IN
1761 216 2011 281 lSAlAM,
2051 216 2206 270 CAP.
2251 217 2315 270 ιι.

3560 218 3630 271 50

2118 332 2169 385 5.
2193 327 2602 399 ριιοωοάσιιωο
2622 328 3003 401 interpretatus
3020 330 3176 387 fuerit
3198 332 3446 389 .htdmus?
3471 338 3635 391 Tent-

2046 425 2193 495 plum
2233 425 2377 480 enim
2416 439 2522 479 non
2563 433 2646 479 est
2690 439 2850 495 supra
2897 428 3148 481 verticem
3188 429 3447 483 montium
3479 448 3493 484 :
3527 430 3633 486 Ec-

2048 520 2223 574 clesia:
2251 529 2427 573 autem
2460 526 2692 588 potestas
2731 521 2876 588 ipsos
2909 521 3119 591 attingit
3154 522 3336 576 caelos.
3378 523 3443 577 Et
3483 527 3635 594 quasi

2047 611 2239 665 domus
2276 624 2433 679 supra
2476 610 2729 664 verticem
2775 611 3033 665 montium
3077 612 3247 680 posita
3284 612 3531 675 omnibus
3555 625 3639 668 est

2050 700 2349 765 manifesta,
2380 701 2457 756 sic
2484 710 2539 755 et
2566 702 2735 756 multo
2762 702 2929 771 magis
2957 703 3206 757 omnibus
3232 706 3514 773 eonSpicua
3543 704 3638 763 bo-

2050 794 2280 848 minibus
2319 794 2406 847 illa
2446 795 2634 849 evasit.
2678 793 2746 848 Et
2784 795 3086 849 excitabitur
3124 813 3275 862 super
3309 798 3485 853 colles.
3528 799 3642 854 Hoc

2050 887 2220 956 ipsum
2250 901 2434 941 rursus
2462 886 2837 956 interpretatus
2857 896 2959 954 est,
2988 888 3127 958 quod
3154 890 3348 959 templo
3370 890 3458 946 illo
3484 908 3641 947 nutu-

2049 990 2208 1046 quam
2238 976 2493 1047 contigit,
2522 992 2696 1048 neque
2722 992 2844 1033 cum
2872 979 3100 1033 maxime
3132 978 3321 1036 ﬂorere
3346 982 3633 1039 videretur.

2050 1066 2330 1133 Quomodo
2342 1068 2493 1123 'enim
2519 1068 2587 1123 de
2609 1069 2807 1141 templo
2832 1069 3234 1141 intelligeretur,
3255 1074 3397 1143 quod
3418 1074 3486 1131 ab
3512 1075 3639 1145 ipsis

2051 1158 2251 1214 Judtels
2279 1173 2422 1228 serpe
2449 1158 2891 1228 inhonorabatur,
2918 1160 3370 1235 barbarorumque
3398 1166 3641 1222 manibus

2051 1253 2401 1308 diruebatur‘l
2447 1253 2700 1310 Ecclesiae
2748 1263 2925 1310 autem
2974 1254 3231 1310 fortitudo
3275 1256 3645 1315 vehementius

2051 1346 2352 1417 saepiusque
2378 1362 2536 1417 quam
2567 1347 2821 1416 templum
2852 1347 3153 1419 impugnata
3183 1348 3281 1404 fuit
3310 1367 3324 1405 :
3353 1366 3642 1422 numquam

2052 1454 2181 1493 vero
2213 1439 2374 1494 cessit
2412 1453 2473 1495 se
2511 1439 2928 1509 oppugnantium
2957 1440 3231 1507 manibus,
3260 1442 3354 1497 sed
3382 1443 3646 1500 excelsior

2054 1532 2413 1601 illustriorque
2440 1532 2676 1586 maxime
2696 1530 2764 1585 ab
2786 1531 3024 1589 hostibus
3050 1532 3185 1588 facta
3206 1541 3309 1590 est.
3334 1534 3484 1592 Tunc
3504 1550 3649 1591 mar-

2057 1632 2230 1694 tyrum
2261 1633 2455 1689 castus,
2480 1632 2605 1678 tunc
2628 1624 2992 1679 confessorum
3019 1626 3325 1694 multitudo,
3352 1636 3477 1683 tunc
3500 1627 3648 1685 ferro

2056 1716 2318 1771 ﬁrmiores
2338 1716 2529 1770 anima:
2551 1715 2991 1783 ostendebantur,
3021 1716 3252 1789 ipsisque
3273 1718 3441 1775 stellis
3464 1719 3644 1789 splen-

2055 1808 2291 1863 didiores
2330 1818 2514 1873 erant,
2550 1808 2781 1864 concisis
2817 1809 3160 1880 corporibus,
3193 1810 3386 1865 animis
3425 1811 3646 1867 minime

2057 1900 2241 1966 victis,
2273 1899 2366 1955 sed
2403 1899 2736 1955 vincentibus
2775 1908 2830 1955 et
2864 1901 3150 1956 coronatis.
3178 1900 3310 1968 Quis
3334 1902 3494 1969 vidit,
3524 1904 3645 1973 quis

2056 1991 2259 2046 audivit
2285 1991 2483 2046 cmdem
2514 1999 2725 2062 gestare
2758 2006 3032 2059 coronam,
3059 1992 3444 2064 jugulationem
3473 1994 3643 2050 victo-

2058 2085 2190 2140 riam
2223 2094 2613 2155 reportantem,
2646 2095 2877 2158 tuncque
2903 2088 3192 2142 exercitum
3230 2089 3645 2159 splendidiorem

2057 2177 2325 2243 ell'ectum,
2358 2194 2477 2232 cum
2509 2178 2691 2248 plures
2719 2178 2816 2233 visi
2841 2187 2967 2233 sunt
2987 2178 3056 2233 ab
3082 2178 3322 2236 hostibus
3344 2181 3610 2252 jugulari?

2140 2268 2378 2324 Validam
2402 2279 2578 2323 contra
2604 2268 2815 2325 ludam
2846 2271 3018 2324 telum.
3041 2301 3111 2311 —-
3135 2270 3198 2324 Et
3223 2274 3417 2327 venient
3440 2275 3509 2327 ad
3534 2292 3646 2329 eam

2058 2378 2229 2417 omnes
2274 2372 2464 2433 gentes.
2506 2361 2797 2433 Progressu
2840 2362 3038 2417 clarior
3080 2362 3307 2419 efﬁcitur
3345 2365 3643 2436 propheta,

2052 2471 2363 2519 sermonem
2414 2455 2582 2526 magis
2631 2455 2859 2527 retegit,
2908 2456 3386 2528 dilucidioremque
3430 2458 3648 2515 exhibet

2063 2548 2430 2618 prephetiam,
2471 2548 2877 2618 accuratiusque
2922 2548 3227 2605 Judreorum
3270 2550 3481 2605 censuit
3526 2566 3645 2606 ora.

2060 2640 2172 2696 Hoc
2201 2641 2374 2706 enim,
2415 2640 2623 2696 etiamsi
2661 2640 2947 2696 admodum
2992 2643 3324 2713 impudentes
3357 2644 3498 2712 sint,
3538 2660 3645 2700 non

2064 2740 2310 2801 poterunt
2333 2731 2401 2786 ad
2430 2732 2683 2802 templum
2710 2748 2861 2787 suum
2891 2734 3111 2790 referre.
3143 2739 3212 2790 At
3238 2736 3380 2791 enim
3410 2737 3649 2808 prohibi-

2064 2834 2172 2878 tum
2195 2833 2328 2888 erat,
2355 2823 2513 2894 idque
2530 2824 2930 2880 accuratissime
2949 2825 3348 2892 observabatur,
3371 2844 3439 2883 ne
3461 2839 3650 2899 gentes

2062 2915 2116 2969 in
2154 2916 2408 2986 templum
2442 2917 2741 2972 introirent.
2786 2916 2987 2987 Ecquid
3027 2918 3148 2974 dico
3183 2921 3236 2974 in
3275 2922 3526 2992 templum
3562 2921 3650 2978 in-

2064 3009 2226 3064 troire
2251 3049 2267 3073 ,
2311 3010 2524 3079 quando
2565 3010 2694 3081 ipsis
2739 3010 2824 3066 lex
2866 3027 2988 3066 cum
3036 3014 3181 3083 gravi
3221 3013 3652 3072 interminatione

2063 3101 2379 3169 prohibebat
2415 3116 2482 3157 ne
2510 3117 2632 3156 cum
2661 3103 2910 3172 gentibus
2945 3105 3451 3174 commiscerentur,
3478 3118 3531 3163 et
3555 3125 3651 3163 ex-

2067 3202 2263 3247 tremas
2290 3192 2356 3247 de
2387 3192 2470 3247 his
2508 3192 2754 3264 exigebat
2791 3196 3009 3265 poenas?
3042 3194 3201 3252 Certe
3241 3197 3496 3267 propheta
3542 3201 3652 3268 Ag-

2064 3302 2209 3357 gazus
2237 3295 2400 3341 totam
2437 3286 2537 3341 hac
2571 3289 2624 3341 in
2656 3303 2716 3343 re
2750 3303 2900 3343 suam
2930 3290 3259 3361 consumpsit
3288 3291 3653 3361 prophetiam,

2067 3380 2336 3444 incusans,
2365 3379 2718 3442 comminans,
2752 3393 2937 3448 poenas
2966 3390 3211 3448 repetens
3235 3381 3303 3435 de
3333 3381 3511 3436 illicita
3540 3381 3654 3435 atti-

2066 3471 2252 3525 nitate.
2296 3473 2367 3525 At
2412 3481 2592 3526 nostra
2638 3470 2761 3525 talia
2808 3486 2914 3525 non
2952 3481 3107 3536 sunt,
3135 3472 3230 3527 sed
3268 3474 3504 3529 Ecclesia
3534 3490 3654 3529 cum

2067 3567 2211 3621 omni
2240 3566 2489 3621 facilitate
2517 3567 2693 3621 sinum
2733 3581 2890 3621 suum
2928 3566 3266 3636 espandens,
3296 3566 3500 3636 supinis
3537 3582 3654 3621 ma-

2070 3660 2224 3714 nibus
2246 3672 2434 3713 omnes
2455 3658 2600 3713 orbis
2627 3658 2786 3713 totius
2809 3666 2995 3728 gentes
3019 3658 3256 3727 quotidie
3280 3660 3517 3727 suscipit.
3543 3659 3656 3715 Hoc

2069 3754 2209 3808 enim
2236 3754 2389 3823 primi
2416 3752 2490 3809 illi
2516 3752 2823 3823 dogmatum
2846 3752 3090 3807 doctores
3114 3753 3181 3806 ab
3203 3751 3483 3821 Unigenito
3506 3769 3655 3805 mau-

2070 3847 2251 3902 datum
2290 3855 2648 3917 acceperunt,
2684 3845 2781 3900 hac
2823 3844 3002 3900 statim
3042 3844 3217 3899 audita
3259 3859 3388 3899 voce
3422 3861 3432 3895 :
3468 3845 3656 3897 Euntes

2071 3943 2241 3993 docete
2270 3954 2439 3992 omnes
2475 3948 2643 4009 gentes
2672 3939 2691 4006 (
2716 3936 2904 3991 Matth.
2943 3935 3034 3991 28.
3064 3934 3188 4007 19).
3222 3935 3454 3991 Advet-te
3480 3946 3655 3989 autem

2071 4031 2340 4103 quomodo
2370 4046 2473 4087 non
2504 4039 2704 4086 tantum
2732 4029 3064 4085 vocationem
3093 4028 3327 4098 gentium
3360 4026 3658 4081 subindica-

2072 4129 2147 4181 vit
2185 4127 2438 4198 propheta
2457 4168 2470 4190 ,
2502 4125 2596 4181 sed
2623 4125 2780 4179 etiam
2808 4138 2991 4178 earum
3023 4131 3319 4192 promptam
3346 4129 3402 4175 et
3426 4119 3657 4175 alacrem

2073 4220 2495 4289 obsequentiam.
2523 4217 2636 4272 Non
2665 4217 2807 4272 enim
2834 4215 2987 4281 dixit,
3018 4213 3378 4276 Adducentnr,
3408 4212 3523 4278 sed,
3562 4211 3659 4266 Ve-

2073 4313 2209 4365 nient
2236 4327 2254 4363 :
2281 4311 2331 4365 id
2370 4309 2511 4380 quod
2550 4309 2687 4364 alios
2726 4305 2980 4376 propheta
3018 4304 3211 4359 clarius
3248 4303 3538 4358 ostendens
3574 4303 3661 4356 di-

2073 4407 2227 4461 cebat
2250 4423 2263 4459 :
2288 4404 2357 4458 Et
2386 4420 2486 4458 non
2513 4401 2755 4457 docebunt
2782 4399 3118 4467 unusquisque
3141 4397 3393 4450 concivem
3423 4412 3589 4456 suum,
3613 4404 3661 4448 et

2074 4500 2409 4569 unusquisque
2436 4497 2646 4566 fratrem
2674 4510 2817 4549 suum
2846 4492 3046 4557 dicens,
3074 4490 3326 4561 Cognosce
3352 4488 3625 4541 Dominum
3642 4528 3658 4552 ,

2075 4597 2194 4664 quia
2221 4609 2391 4647 omnes
2424 4592 2579 4645 scient
2612 4605 2691 4642 me
2723 4600 2771 4655 α,
2788 4604 2940 4656 parvo
2969 4600 3124 4655 usque
3148 4585 3216 4637 ad
3244 4600 3481 4655 magnum
3507 4581 3577 4650 (J
3583 4600 3656 4637 er.

2078 4688 2166 4743 5|.
2204 4685 2334 4755 54).
2366 4682 2517 4751 Quod
2554 4681 2621 4736 ad
2658 4680 2872 4736 Judieos
2911 4680 3053 4732 enim
3094 4677 3366 4747 spectabat
3401 4685 3674 4731 creatura:-

2077 4778 2318 4833 ordinem
2356 4789 2507 4829 suum
2545 4761 2819 4827 mutabant
2847 4772 2945 4843 (a),
2974 4768 3196 4823 aderant
3223 4766 3531 4837 frequentes
3558 4767 3661 4819 mi-
3691 4806 3694 4809 λ

2079 4888 2184 4936 ηαξ,
2215 4868 2472 4940 supplicia
2496 4865 2732 4932 assidua,
2759 4863 2947 4919 crebra
2976 4860 3249 4923 miracula,
3282 4859 3659 4929 prophetarum

2080 4964 2383 5025 discursus,
2415 4957 2733 5031 legislatoris
2771 4956 2962 5021 timor,
2994 4952 3452 5009 interminationes
3488 4950 3662 5005 bello-

2144 5124 2216 5187 (a)
2254 5122 2308 5171 In
2329 5128 2508 5187 onem,
2529 5130 2830 5187 innatlstoino:
2857 5114 3065 5186 Obscura
3090 5111 3221 5187 vocis
3242 5108 3549 5187 signiﬁcatio.

2080 5168 2741 5246 nianiiusﬁvertitrz'creatuhra
2765 5176 2911 5226 etiam
2947 5178 3053 5246 ipsa
3174 5168 3665 5246 primaria-elementa

2080 5231 2287 5298 iiéEbiit‘ia
2309 5231 2394 5295 est.
2419 5245 2501 5291 Hic
2523 5249 2685 5290 autem
2702 5252 2864 5289 sermo
2888 5231 3044 5300 est—de
3062 5231 3666 5303 signisncastiglatiqnibtts,

2082 5295 2287 5373 aiiisque
2309 5308 2366 5356 ad
2385 5306 2573 5373 Judaaos
2590 5295 2981 5365 prmvaricatores
2999 5295 3470 5373 perterrefacietidos

2080 5353 2501 5431 exempli
2519 5353 2679 5431 eausa,
2699 5376 2807 5431 cum
2830 5370 2987 5431 terra;
2999 5353 3129 5407 hiatu
3155 5358 3355 5431 Comet.
3371 5353 3570 5431 assecuta:
3580 5353 3667 5431 ab-

2082 5421 2231 5496 sorpti
2256 5421 2587 5496 Sttnt,_aiiique
2613 5428 2729 5487 igne
2752 5426 3009 5496 absumpti,
3033 5434 3140 5496 CU‘III
3157 5421 3665 5496 set-[Letttcs-itnttiissi:

2082 5477 2433 5547 Eiini'éaiiiaétc
2458 5477 2773 5537 co'ncioiiante
2796 5477 2943 5534 voces
2968 5477 3017 5532 et
3058 5481 3231 5542 pluvia:
3254 5477 3377 5525 daue
3402 5485 3531 5547 sunt,
3556 5489 3667 5547 qua:

2086 5539 2727 5621 rextct‘rtterttnt;
2760 5547 3028 5621 tIuoIVerlm
3422 5539 3666 5621 elctttettta

2086 5606 2302 5670 ordinem
2325 5628 2466 5664 suum
2489 5612 2761 5666 mutabant;
2789 5618 2839 5656 et
2872 5609 2959 5655 hoc
2991 5606 3130 5654 modo
3155 5617 3339 5662 vocem,
3362 5614 3665 5661 ἀηποιιαοῡι...

2092 5682 2382 5735 reddendam
2408 5688 2520 5726 esse
2547 5676 2700 5724 visum
2723 5672 2863 5720 nobis
2886 5675 2977 5719 est.

3692 5374 3701 5453 ἱ
