4102 6306
469 186 531 240 51
1201 180 1254 237 S.
1291 178 1568 238 JOANNIS
1605 176 2078 236 CHRYSOSTOMI
2116 177 2431 237 ARCHIEP.
2472 180 2999 241 CONSTANTINOP.
3672 179 3741 236 59.

465 315 580 354 tum
601 340 616 367 ,
645 286 990 353 barbarorum
1018 297 1380 363 incursiones,
1409 312 1437 350 a
1468 296 1575 352 Deo
1602 295 1852 350 immissae
1878 292 2047 349 vindi-

464 401 583 458 (τίω,
612 390 985 461 castigationes
1011 404 1075 443 ex
1102 388 1246 443 emlis
1278 389 1501 443 invecta:
1525 405 1537 441 :
1563 386 1952 456 manebantque
1972 384 2047 440 illi

462 484 594 539 dura
622 485 829 538 cervice
857 491 911 536 et
952 480 1329 546 incircumcisi,
1356 488 1413 533 ut
1447 479 1521 532 ait
1557 477 1881 548 Stephanus,
1912 491 2048 547 prte-

465 579 615 634 t‘racti
636 621 651 642 ,
677 587 731 633 et
755 576 971 633 difficile
1008 573 1428 644 cedentes(Act.
1453 574 1507 627 7.
1533 573 1666 653 51).;
1704 572 1771 626 ad
1811 571 2045 641 gentium

466 686 596 727 vero
620 666 998 742 [vocationem]
1029 668 1159 724 satis
1183 666 1281 722 fuit
1305 667 1514 721 unicum
1541 672 1803 734 tenueque
1824 662 2046 718 verbum

460 764 745 828 audivisse,
773 772 829 818 et
855 776 1042 817 omnes
1066 760 1345 816 confestim
1367 768 1728 816 accurrerunt.
1751 757 1902 827 Quod
1922 757 2047 813 sub-

461 857 699 914 iudicans
730 856 893 912 David
921 855 1131 911 dicebat
1164 872 1179 909 :
1210 853 1472 924 Populus,
1499 869 1646 923 quem
1674 868 1777 906 non
1804 850 2043 922 cognoui,

458 950 656 1004 seruiuit
695 948 820 1002 mihi
848 946 1035 1018 (Psal.
1072 947 1162 1001 t7.
1202 945 1339 1017 45);
1378 954 1433 1001 et
1475 944 1690 999 modum
1728 942 2046 999 obedientize

457 1042 726 1096 admirans
767 1040 1080 1109 subjiciebat
1109 1056 1122 1093 :
1154 1038 1221 1092 In
1260 1039 1435 1092 auditu
1476 1039 1615 1092 auris
1648 1038 1863 1092 obedivit
1897 1037 2041 1090 mihi.

460 1134 572 1188 lloc
602 1135 772 1203 ipsum
803 1144 857 1189 et
882 1132 1047 1188 Jacob
1082 1131 1417 1203 aanigmatico
1444 1147 1592 1187 more
1626 1132 1904 1187 declarans
1932 1133 2043 1185 aie-

457 1223 591 1279 bat:
618 1224 806 1297 Ligans
834 1224 903 1277 ad
938 1225 1134 1278 vineam
1176 1224 1372 1293 pullum
1404 1240 1585 1289 suum,
1620 1232 1666 1277 et
1692 1224 1759 1276 ad
1783 1222 2044 1276 surculunt

458 1315 657 1386 pullum
686 1316 845 1371 asina:
870 1332 977 1371 sua:
1006 1315 1156 1388 (Gen.
1186 1315 1277 1372 49.
1310 1316 1422 1386 Η).
1452 1317 1520 1370 At
1544 1316 1661 1385 quis
1687 1316 1814 1370 vidit
1840 1317 2041 1386 pullum

458 1409 622 1463 asina:
666 1408 880 1463 surculo
916 1408 1191 1478 alligatum
1220 1418 1273 1463 et
1302 1407 1470 1463 vinea:
1497 1409 1790 1463 adstantem
1812 1450 1826 1475 ,
1854 1417 1907 1463 et
1936 1408 2043 1463 fru-

458 1510 601 1553 ctum
632 1513 736 1553 non
777 1500 1208 1567 pessumdantcm
1231 1499 1254 1553 ?
1280 1498 1335 1554 ln
1368 1499 1535 1554 brutis
1561 1500 1771 1570 quidem
1803 1500 2038 1567 minime,

458 1590 511 1643 in
538 1590 841 1645 hominibus
864 1598 1042 1646 autem
1067 1591 1118 1646 id
1142 1607 1266 1647 vere
1290 1600 1344 1648 et
1368 1594 1543 1661 reipsa
1570 1591 1846 1663 contingit.
1873 1592 2040 1649 Judaei

457 1696 687 1751 namque
718 1683 1015 1740 innumeris
1052 1684 1285 1755 colligati
1322 1686 1543 1740 vinculis
1564 1726 1580 1751 ,
1616 1684 1799 1756 jugum
1824 1685 2036 1742 confre-

454 1784 680 1841 gerunt,
708 1775 977 1830 vinculum
1006 1775 1347 1846 disruperunt
1368 1818 1384 1844 ,
1416 1788 1474 1832 ut
1505 1778 1578 1832 ait
1611 1777 1867 1849 propheta
1895 1777 2037 1851 (Jer.

456 1864 508 1920 5.
532 1866 621 1937 5);
647 1878 832 1937 gentes
858 1876 1034 1924 autem
1062 1869 1207 1924 nulla
1233 1869 1393 1925 simili
1413 1870 1671 1940 colligata:
1697 1872 2035 1940 necessitate,

454 1967 698 2027 prompte
735 1958 1079 2025 obedierunt,
1111 1960 1262 2030 quasi
1296 1961 1475 2031 pullus
1510 1963 1724 2017 surculo
1752 1963 1995 2032 alligatus
2016 2007 2033 2032 ,

452 2058 505 2103 et
530 2064 595 2103 ex
622 2051 898 2119 praeceptis
924 2051 1051 2106 nihil
1082 2052 1578 2121 pessumdederunt,
1603 2054 1695 2109 sed
1720 2054 2037 2112 adstiterunt

451 2141 671 2195 nmltam
711 2142 1025 2212 exhibentes
1062 2143 1485 2214 obsequentiam.
1518 2146 1570 2201 3.
1602 2144 1665 2198 Et
1693 2145 1834 2200 ibunt
1860 2147 2038 2217 populi

450 2234 617 2301 multi,
644 2244 692 2288 et
719 2234 883 2290 dicent
907 2251 927 2290 :
958 2234 1150 2303 Venite,
1174 2246 1219 2290 et
1244 2237 1574 2292 ascendamus
1595 2239 1663 2291 ad
1688 2248 1903 2293 montem
1925 2239 2033 2294 Do-

451 2327 606 2393 mini,
634 2336 681 2381 et
706 2327 775 2381 ad
802 2328 1007 2382 domum
1032 2328 1129 2384 Dei
1162 2328 1341 2384 Jacob.
1372 2330 1507 2386 Vide
1535 2330 1758 2388 choreas
1780 2341 2031 2404 agentes,

449 2428 503 2471 et
527 2416 660 2471 festa
690 2417 1057 2484 celebrantes,
1084 2428 1137 2475 et
1165 2420 1300 2475 alter
1321 2420 1547 2476 alterum
1578 2421 1850 2478 hortantes
1871 2464 1888 2491 ,
1915 2440 2030 2479 om-

450 2522 649 2578 aesque
672 2508 725 2564 in
752 2510 1001 2566 doctores
1022 2525 1312 2567 conversos
1336 2529 1351 2566 :
1377 2527 1548 2583 neque
1570 2528 1749 2580 unam,
1772 2514 1857 2571 vel
1877 2515 2029 2581 duas,

451 2600 530 2655 vel
579 2610 686 2655 tres
709 2641 726 2667 ,
766 2601 859 2657 sed
899 2602 1093 2658 multas
1130 2612 1319 2672 gentes
1355 2613 1757 2661 concurrentes.
1806 2606 2033 2662 Venient

447 2692 619 2758 enim,
654 2694 854 2764 inquit,
886 2695 1066 2765 populi
1092 2695 1244 2750 multi
1268 2704 1322 2750 et
1349 2711 1417 2751 ex
1443 2695 1667 2752 diversis
1695 2696 1860 2765 locis,
1889 2699 2031 2769 quod

447 2784 585 2854 apud
610 2783 823 2840 .ludzcos
848 2802 1135 2857 numquam
1163 2784 1385 2858 contigit
1413 2805 1426 2843 :
1455 2788 1549 2843 sed
1587 2788 1633 2843 si
1669 2789 1758 2859 qui
1792 2804 2032 2847 accesse—

446 2885 601 2943 runt,
626 2876 682 2932 hi
726 2878 876 2945 pauci
911 2888 1067 2934 erant
1109 2880 1362 2951 prosclyti
1382 2921 1399 2946 ,
1426 2890 1479 2935 et
1507 2881 1559 2935 hi
1586 2895 1706 2936 cum
1736 2882 1906 2937 multo
1934 2896 2028 2939 nc-

444 2968 609 3037 gotio,
640 2977 694 3023 et
731 2984 1019 3039 numquam
1045 2979 1230 3041 gentes
1259 2972 1429 3027 vocati
1460 2981 1603 3038 sunt,
1632 2972 1727 3029 sed
1754 2975 2026 3046 proselyti.

445 3058 701 3131 Proselyti
726 3062 865 3116 enim
893 3063 962 3116 ad
986 3072 1032 3117 te
1056 3065 1355 3131 transibunt,
1377 3077 1424 3120 et
1448 3074 1592 3120 erunt
1612 3066 1701 3121 tibi
1722 3070 1853 3122 servi
1874 3066 2037 3142 (Ιειιὶ.⁵

442 3154 533 3208 Μ.
563 3154 686 3221 15),
714 3154 904 3224 inquit.
932 3156 1083 3222 Quod
1109 3155 1155 3211 si
1186 3157 1237 3211 in
1268 3157 1578 3227 metaphora
1616 3159 1864 3227 persistat
1903 3177 2027 3230 pro-

443 3242 601 3313 pheta
622 3284 637 3308 ,
668 3255 904 3300 montem
933 3246 1206 3317 appellans
1245 3254 1301 3302 et
1337 3248 1554 3303 domum
1594 3249 1688 3304 Dei
1730 3249 1927 3317 Jacob,
1961 3267 2029 3307 ne

442 3335 672 3391 mireris.
699 3335 851 3404 Quod
877 3338 1016 3392 enim
1037 3339 1147 3408 jam
1174 3339 1303 3406 dixi,
1333 3340 1492 3393 modo
1518 3341 1627 3397 fere
1651 3342 1840 3413 aperit,
1870 3344 2028 3399 modo

442 3426 722 3483 adumbrat
761 3430 1092 3499 prophetiam
1120 3447 1134 3497 ;
1161 3431 1291 3487 illud
1316 3432 1529 3502 quidem
1550 3472 1564 3495 .
1591 3448 1697 3504 quo
1724 3434 2028 3503 prudentio-

442 3518 589 3577 ribus
616 3522 949 3577 occasionem
995 3524 1265 3593 praebeat,
1301 3533 1362 3580 ut
1396 3541 1515 3596 qu:e
1552 3524 1802 3582 dicuntur
1828 3527 2025 3583 intelli-

442 3618 600 3676 gant;
632 3609 732 3666 hoc
755 3621 967 3680 autem,
996 3624 1054 3669 ut
1088 3614 1415 3685 ingratorum
1443 3617 1825 3673 tumultuosum
1855 3618 2027 3690 impe-

443 3709 557 3755 tum
583 3712 829 3758 coerceat
855 3721 869 3757 :
898 3714 953 3759 et
978 3705 1173 3777 ubique
1207 3722 1511 3765 sermonem
1538 3709 1730 3764 variat.

514 3794 569 3848 4.
599 3792 655 3849 Si
683 3803 861 3851 autem
900 3796 1053 3863 dixit,
1083 3798 1305 3854 Domum
1343 3800 1444 3857 Dei
1470 3800 1651 3869 Iacob,
1679 3818 1748 3860 ne
1775 3804 2024 3871 turberis,

443 3882 675 3940 dilecte:
705 3888 901 3943 etenim
924 3891 1226 3959 unigenitus
1256 3893 1350 3948 Dei
1378 3893 1514 3950 filius
1535 3896 1676 3951 Deus
1700 3896 1866 3955 Jacob
1888 3909 2024 3955 erat.

443 3977 564 4047 ipse
588 3978 730 4033 enim
752 3989 807 4035 et
835 3980 1007 4051 legem
1029 3982 1196 4048 dedit,
1218 3993 1272 4039 et
1297 3987 1474 4040 omnia
1493 3989 1634 4057 apud
1655 4005 1748 4044 eos
1774 3992 2026 4049 miracula

444 4067 638 4123 edidit:
662 4069 714 4125 id
736 4073 879 4141 quod
907 4086 971 4129 ex
987 4073 1103 4143 ipso
1130 4075 1359 4132 maxime
1383 4077 1560 4133 Veteri
1584 4080 1921 4140 Testamento
1948 4085 2029 4140 vi-

444 4164 573 4218 dere
594 4173 676 4220 est
700 4184 714 4219 :
737 4164 868 4222 Novi
894 4168 1089 4239 quippe
1113 4169 1437 4227 Testamenti
1463 4172 1604 4226 nulla
1626 4174 1763 4228 ratio
1782 4186 1864 4231 est
1888 4178 2027 4247 apud

444 4253 676 4310 Judzcos.
710 4255 969 4313 Jeremias
1014 4260 1177 4330 igitur
1218 4261 1293 4315 ait
1324 4278 1339 4316 :
1369 4261 1651 4332 Disponam
1698 4264 1834 4320 vobis
1880 4279 2029 4322 testa-

442 4357 665 4401 mentum
694 4366 896 4415 nouum,
922 4368 1021 4405 non
1061 4353 1337 4407 secundum
1362 4363 1730 4423 testamentum,
1757 4358 1891 4427 quod
1919 4360 2027 4415 dis-

444 4438 592 4506 posui
616 4440 839 4507 patribus
884 4444 1057 4498 uestris
1098 4442 1253 4512 (Jer.
1282 4445 1372 4502 5i.
1419 4447 1506 4502 51.
1555 4447 1693 4518 52);
1738 4450 2029 4507 ostendens

444 4529 619 4592 ipsum
641 4544 761 4586 esse
799 4533 1075 4603 utriusque
1100 4535 1478 4606 legislatorem.
1505 4537 1639 4605 Quia
1668 4554 1795 4596 vero
1824 4541 1937 4611 ipse
1961 4557 2029 4597 ex

443 4618 677 4690 Aﬁgypto
702 4621 823 4678 illos
848 4625 1064 4694 eripuit,
1089 4625 1294 4682 addidit
1321 4644 1335 4681 :
1362 4627 1432 4681 In
1470 4628 1554 4683 die
1583 4646 1686 4697 qua
1717 4632 2028 4700 apprehendi

441 4727 651 4765 manum
688 4728 880 4779 eorum,
912 4723 967 4768 ut
992 4717 1252 4771 educerem
1283 4733 1367 4773 eos
1398 4719 1463 4773 de
1487 4729 1620 4772 terra
1649 4719 1868 4792 Αἴθρη)ιί
1895 4721 2027 4789 (lbi-

444 4802 613 4875 dem).
664 4804 817 4873 Quod
843 4806 889 4861 si
921 4807 1034 4875 ipse
1058 4807 1261 4874 eduxit,
1311 4809 1471 4865 etiam
1502 4811 1617 4879 ipse
1647 4812 1734 4865 illa
1767 4814 1943 4867 otimia
1972 4815 2027 4869 in

446 4898 683 4971 Egypto
700 4909 755 4955 et
778 4900 833 4955 in
856 4900 1075 4958 deserto
1098 4902 1353 4958 miracula
1382 4905 1628 4974 patravit.
1659 4904 1730 4959 Et
1756 4907 2030 4961 annuntia-

445 4992 514 5045 bit
550 4992 693 5047 nobis
711 4992 845 5047 uiam
878 5009 1054 5060 suam,
1081 5005 1128 5049 et
1153 4994 1521 5052 ambulabimus
1544 4998 1599 5051 in
1626 5014 1704 5052 ea.
1735 4997 1934 5055 Viden'
1971 5008 2031 5055 ut

444 5083 604 5138 aliam
643 5083 923 5154 requirunt
966 5085 1177 5157 legem?
1206 5087 1355 5143 Viam
1398 5090 1540 5144 enim
1568 5088 1839 5159 Scriptura
1887 5106 2028 5163 pra:-

444 5183 599 5242 repta
628 5174 723 5230 Dei
750 5175 887 5231 solet
923 5176 1224 5245 appellare;
1275 5178 1321 5233 si
1349 5178 1417 5234 de
1462 5179 1641 5249 priore
1685 5180 2030 5237 Testamento

446 5264 774 5335 loqueretur,
794 5282 902 5322 non
925 5266 1166 5335 dixisset,
1185 5268 1514 5324 Annuntiabit
1539 5270 1715 5326 nobis:
1738 5272 1865 5327 illud
1886 5273 2028 5329 enim

447 5363 565 5410 erat
593 5358 841 5413 omnibus
868 5359 1450 5429 manifestum,planum
1479 5372 1534 5418 et
1561 5372 1766 5418 notum.

517 5444 675 5499 Aliud
702 5447 899 5520 insigne
935 5461 1112 5505 contra
1148 5449 1359 5506 Judtcos
1385 5464 1756 5524 argumentum.
1784 5485 1855 5495 —
1878 5456 2030 5523 Quod

449 5547 630 5593 autem
657 5539 771 5595 haec
798 5557 901 5596 non
932 5546 1167 5614 captiose
1194 5545 1455 5612 dicamus,
1484 5562 1603 5616 qua:
1629 5547 1769 5602 dicta
1798 5558 1921 5603 sunt
1949 5549 2030 5605 vel

449 5627 930 5705 imprdentioribus
950 5637 1107 5697 ﬁdem
1127 5639 1303 5698 facere
1322 5648 1565 5711 possunt.
1578 5639 1709 5709 Quia
1729 5643 1870 5698 enim
1893 5643 2031 5699 viam

2155 308 2356 353 tantum
2386 302 2717 364 memoravit.
2744 303 2871 359 dicit
2897 316 3139 373 quamam
3171 301 3255 356 illa
3281 300 3350 355 sit
3378 300 3480 358 via.
3513 298 3738 369 ejusque

2153 392 2315 445 multa
2358 394 2507 461 ponit
2537 395 2781 464 insignia.
2813 394 3094 465 Subjungit
3121 409 3249 464 ergo
3279 411 3293 447 :
3329 391 3465 445 Nam
3505 392 3569 445 de
3614 390 3740 445 Sion

2153 483 2304 536 exibit
2330 484 2431 550 lex,
2463 494 2509 538 et
2553 486 2755 539 uerbum
2795 485 3004 541 Domini
3047 486 3111 539 de
3136 484 3442 539 Jerusalem.
3494 482 3577 536 Ad
3628 481 3739 533 lucc

2151 574 2319 630 Judzci
2346 590 2505 646 supra
2552 579 2765 633 modum
2814 578 3149 649 impudentes
3179 594 3245 633 ne
3289 578 3496 631 hiscere
3522 574 3737 646 quidem

2152 677 2419 737 poterunt.
2447 670 2599 738 Quod
2630 673 2773 727 enim
2806 671 2922 727 haec
2946 673 3012 727 de
3037 671 3184 727 Novo
3213 671 3562 725 Testamento
3598 668 3738 722 dicta

2150 761 2278 827 sint,
2303 770 2358 817 et
2390 777 2455 816 ex
2483 763 2621 829 loco,
2654 773 2708 818 et
2732 780 2797 818 ex
2834 773 3096 833 tempore,
3142 772 3194 818 et
3236 779 3302 819 ex
3335 763 3401 817 iis
3428 761 3518 831 qui
3564 761 3736 829 legem

2150 863 2491 924 receperunt,
2521 864 2577 910 et
2602 870 2666 911 ex
2690 857 2855 927 gestis
2876 867 2995 926 pOSt
3019 855 3215 926 legem,
3241 863 3298 911 et
3318 871 3383 910 ex
3411 852 3560 908 omni
3590 860 3737 921 [sane

2149 945 2362 1002 demum
2409 947 2595 1003 videre
2637 958 2737 1003 est.
2776 948 2957 1004 Primo
2984 962 3049 1002 ex
3088 947 3228 1013 loco,
3272 963 3337 1002 ex
3380 954 3564 1000 monte
3608 942 3734 996 Sion

2149 1055 2362 1110 nempe.
2393 1039 2501 1097 Lex
2530 1041 2673 1096 enim
2719 1058 2813 1111 per
2852 1041 3085 1111 Moysem
3124 1041 3229 1096 lata
3277 1040 3330 1094 in
3378 1049 3561 1092 monte
3590 1034 3736 1089 Sinai

2147 1131 2441 1201 majoribus
2470 1133 2705 1203 ipsorum
2735 1133 2857 1188 data
2901 1132 3020 1187 fuit.
3047 1131 3153 1187 Cur
3180 1145 3309 1201 ergo
3338 1129 3425 1183 hic
3462 1125 3619 1190 dicit,
3661 1123 3737 1177 De

2149 1222 2277 1278 Sion
2295 1224 2320 1276 ?
2346 1222 2529 1294 Neque
2555 1224 2658 1279 hoc
2688 1226 2816 1280 satis
2846 1224 3050 1290 habuit,
3081 1221 3177 1278 sed
3203 1222 3362 1277 etiam
3392 1229 3610 1288 tempus
3638 1216 3735 1269 ad-

2142 1316 2291 1386 jecit.
2319 1316 2432 1371 Non
2464 1318 2606 1372 enim
2633 1318 2784 1389 dixit,
2810 1317 2979 1370 l-Ixivit
3006 1316 3112 1380 lex,
3139 1313 3254 1377 sed,
3274 1312 3444 1366 Exibit
3466 1312 3573 1374 leas,
3594 1308 3734 1378 quod

2146 1416 2228 1461 est
2278 1407 2437 1462 futuri
2489 1409 2769 1478 tenipnris,
2793 1411 2870 1465 rei
2894 1408 3126 1462 nondum
3174 1413 3353 1477 gestae.
3386 1404 3523 1458 Cum
3555 1411 3736 1455 autem

2147 1498 2263 1553 haec
2288 1500 2544 1569 pr0pheta
2575 1500 2797 1565 diceret,
2827 1515 2855 1552 a
2897 1499 3077 1553 multis
3112 1499 3221 1568 jam
3270 1498 3426 1551 annis
3471 1494 3564 1550 lex
3610 1492 3733 1547 data

2144 1590 2351 1648 fuerat:
2380 1591 2509 1646 Novi
2532 1608 2661 1646 vero
2678 1592 3001 1647 Testamenti
3030 1592 3112 1645 lex
3138 1600 3256 1660 post
3283 1589 3541 1660 plurimos
3561 1600 3734 1640 annos

2144 1681 2318 1739 danda
2348 1692 2482 1738 erat.
2512 1684 2636 1740 Ideo
2666 1702 2770 1739 non
2797 1685 2949 1749 dixit,
2983 1684 3178 1749 Exivit,
3206 1682 3322 1747 sed,
3352 1679 3545 1744 Exibit,
3573 1677 3626 1733 id
3649 1688 3735 1733 est

2143 1782 2348 1844 postea.
2374 1778 2451 1832 Ac
2477 1792 2685 1831 rursum
2714 1776 2782 1831 ad
2810 1778 2981 1831 locum
3022 1777 3195 1845 ipsum
3239 1771 3477 1842 confugit
3504 1770 3729 1826 dicens:

2141 1867 2212 1921 Et
2253 1869 2456 1924 verbum
2495 1868 2702 1924 Domini
2729 1871 2793 1925 de
2813 1868 3119 1923 Jerusalem.
3166 1871 3429 1921 Aceutate
3459 1862 3617 1918 nobis
3645 1861 3731 1915 hic

2140 1960 2274 2016 Novi
2306 1960 2634 2017 Testamenti
2659 1961 2867 2033 insigne
2892 1959 3061 2031 ponit.
3090 1959 3220 2014 Nam
3248 1956 3408 2013 modo
3448 1956 3514 2010 in'
3548 1962 3730 2009 monte

2140 2054 2355 2121 sedens,
2380 2054 2627 2109 sublimia
2662 2062 2719 2109 et
2760 2054 2907 2109 caelis
2939 2052 3098 2122 digna
3130 2058 3393 2120 prascepta
3439 2048 3559 2114 lege
3597 2060 3728 2099 san-

2139 2147 2332 2214 ciebat,
2360 2146 2521 2202 modo
2551 2147 2603 2201 in
2643 2146 2941 2202 Jerusalem
2986 2159 3210 2200 versans
3238 2143 3464 2213 idipsum
3509 2139 3726 2209 agebat.

2137 2239 2272 2295 Cum
2310 2239 2536 2295 dixisset
2560 2256 2689 2311 ergo
2713 2250 2769 2297 et
2789 2241 2966 2295 locum
3004 2250 3059 2294 ct
3082 2248 3311 2308 tempus,
3343 2235 3525 2305 adjicit
3554 2244 3610 2289 et
3631 2247 3728 2287 eos

2137 2332 2230 2401 qui
2276 2331 2422 2385 illam
2451 2330 2721 2401 accepturi
2750 2339 2905 2386 erant
2936 2330 3103 2400 lugent
3123 2370 3139 2395 ,
3173 2328 3405 2396 undique
3449 2322 3727 2380 contradi-

2136 2425 2371 2479 centium
2399 2439 2491 2479 ora
2515 2438 2799 2479 consuens.
2824 2424 3050 2490 Quinam
3082 2436 3210 2491 ergo
3247 2420 3390 2473 illum
3421 2415 3725 2486 suscepturi

2135 2515 2326 2570 erant?
2356 2531 2480 2569 num
2525 2514 2869 2571 Hebraeorum
2918 2513 3094 2583 potius
3143 2509 3369 2582 populus
3410 2517 3466 2564 et
3506 2504 3726 2563 Jndzei?

2135 2606 2482 2677 Nequaquam
2503 2647 2518 2672 ,
2548 2605 2642 2661 sed
2664 2606 2755 2675 qui
2784 2620 2853 2661 ex
2884 2604 3152 2675 gentibus.
3182 2602 3305 2657 ideo
3331 2598 3538 2655 intulit:
3568 2601 3622 2654 4.
3651 2594 3723 2651 Et

2126 2698 2381 2769 judicabit
2429 2699 2558 2752 inter
2604 2707 2791 2769 gentes.
2845 2696 2976 2751 Illud
3007 2694 3150 2751 enim
3182 2693 3413 2748 maxime
3451 2691 3519 2746 ad
3552 2692 3721 2761 legem

2134 2792 2419 2862 pertinet‘,
2437 2792 2676 2863 judicare
2692 2790 2759 2846 de
2780 2790 2885 2845 illis
2903 2788 2993 2860 qui
3021 2788 3190 2858 ipsam
3212 2787 3543 2856 impugnant.
3567 2783 3721 2851 Quod

2133 2895 2310 2940 autem
2342 2884 2427 2939 hic
2468 2901 2574 2940 non
2603 2899 2784 2940 sermo
2827 2883 2899 2939 sit
2942 2881 3009 2937 de
3035 2880 3211 2936 Veteri
3241 2879 3607 2944 Testamento,
3653 2891 3721 2931 ex

2132 2978 2263 3048 ipsis
2290 2978 2449 3033 rebus
2478 2977 2650 3048 palam
2677 2985 2778 3033 est.
2822 2975 2939 3030 Non
2965 2975 3107 3030 enim
3137 2973 3412 3027 sabbatum
3453 2970 3717 3025 observa-

2132 3088 2273 3139 mus,
2304 3072 2766 3127 circumcisionem
2799 3084 2902 3124 non
2934 3067 3267 3132 admisimus,
3297 3082 3401 3120 nun
3434 3064 3571 3119 festa
3606 3064 3719 3117 illo-

2131 3180 2274 3230 rum,
2307 3179 2412 3219 non
2442 3162 2585 3218 aliud
2630 3161 2898 3233 quidpiam
2947 3176 3014 3215 ex
3062 3159 3350 3214 veteribus.
3401 3156 3719 3210 Audivimns

2131 3260 2275 3314 enim
2302 3258 2524 3313 Paulum
2552 3256 2818 3311 dicentem
2853 3272 2866 3309 :
2913 3253 2973 3309 Si
3001 3251 3453 3315 circumcidamini,
3485 3250 3719 3305 Christus

2130 3352 2269 3407 vobis
2296 3350 2428 3405 nihil
2458 3349 2679 3420 proderit
2710 3346 2850 3420 (Gal.
2879 3348 2932 3402 5.
2958 3345 3014 3416 2)
3040 3363 3053 3399 :
3085 3357 3159 3411 et,
3205 3345 3323 3399 Dies
3351 3344 3646 3408 obseruatis,
3672 3353 3721 3397 et

2131 3461 2346 3510 menses,
2374 3454 2423 3499 et
2448 3453 2694 3514 tempora,
2722 3450 2768 3496 et
2797 3441 2997 3495 annos!
3043 3438 3215 3493 Timeo
3252 3455 3316 3491 ne
3354 3442 3485 3509 forte
3524 3441 3719 3508 frustra

2132 3536 2465 3592 laboraverim
2512 3536 2568 3589 in
2604 3534 2742 3589 uobis
2769 3532 2911 3604 (Gal.
2938 3533 2991 3588 4.
3022 3516 3133 3601 ιὀ).
3182 3530 3331 3586 Unde
3384 3529 3547 3599 liquet
3575 3530 3719 3583 hunc

2130 3642 2435 3683 sermonem
2477 3625 2543 3681 de
2572 3624 2719 3680 Novo
2765 3640 2907 3689 esse,
2948 3625 3071 3693 quia
3110 3627 3248 3678 inter
3288 3632 3472 3692 gentes
3510 3621 3721 3691 judica-

2130 3719 2208 3774 vit
2228 3718 2324 3789 (a),
2354 3716 2805 3788 quemadmodum
2836 3726 2891 3771 et
2917 3715 3113 3770 Paulus
3138 3715 3209 3768 ait
3237 3731 3250 3767 :
3281 3714 3346 3767 In
3387 3714 3467 3765 die
3510 3712 3718 3785 quando

2122 3809 2372 3881 judicabit
2391 3807 2525 3862 Deus
2545 3805 2737 3861 occulta
2760 3806 3015 3860 hominum
3039 3804 3210 3873 (Rom.
3230 3804 3285 3858 2.
3314 3802 3415 3875 I6).
3435 3803 3719 3869 Quomodo

2128 3901 2425 3973 iudieahit?
2454 3900 2542 3955 die
2585 3899 2737 3966 mihi,
2762 3913 2829 3953 an
2872 3898 3163 3954 secundum
3189 3896 3352 3952 Vetus
3397 3896 3717 3952 Testamen-

2134 3998 2284 4051 tum?
2326 3996 2483 4051 Nullo
2513 3994 2692 4061 modo,
2723 3993 2818 4049 sed
2845 3992 3135 4048 Secundum
3170 3989 3503 4061 Euangelium
3528 4006 3714 4044 meum.

2132 4088 2328 4144 Viden’
2358 4088 2518 4143 verba
2550 4086 2780 4152 diversa,
2812 4084 3103 4139 sententias
3129 4092 3306 4137 autem
3338 4084 3474 4136 inter
3498 4097 3557 4136 se
3580 4096 3716 4136 con-

2133 4180 2461 4235 sentientes?
2497 4178 2656 4233 Isaias
2684 4177 2813 4232 dicit
2841 4193 2854 4229 :
2882 4175 3141 4229 Judicabit
3173 4176 3303 4228 inter
3326 4184 3532 4245 gentes;
3578 4173 3717 4227 Pau-

2136 4272 2219 4326 lus
2269 4272 2364 4338 ait,
2412 4270 2675 4324 Judicabit
2722 4268 2996 4322 secundum
3048 4264 3378 4336 Evangelium
3427 4281 3608 4317 meum.
3652 4264 3737 4317 Et'

2134 4373 2310 4432 arguet
2341 4363 2585 4432 populum
2614 4361 2864 4423 multum;
2891 4359 3026 4414 bella
3053 4368 3298 4430 gerentes
3321 4366 3376 4412 et
3415 4366 3714 4425 transgres-

2133 4466 2305 4508 sores.
2354 4452 2421 4506 Et
2457 4450 2561 4506 hoc
2585 4451 2863 4506 declarans
2887 4451 3131 4505 Christus
3177 4448 3388 4503 dicebat
3419 4466 3432 4502 :
3465 4446 3585 4501 Non
3625 4463 3716 4515 ego

2130 4546 2369 4617 iudicabo
2395 4560 2501 4607 vos,
2529 4545 2615 4599 sed
2643 4561 2825 4611 sermo,
2866 4560 3012 4617 quem
3055 4544 3287 4612 loquutus
3326 4559 3457 4607 sum,
3495 4542 3602 4610 ipse
3630 4557 3717 4594 uos

2125 4637 2397 4708 judicabit.
2428 4636 2488 4691 Et
2510 4637 2773 4691 concident
2800 4636 3005 4714 gladios
3018 4652 3133 4689 suos
3155 4636 3207 4688 in
3229 4647 3420 4698 aratra,
3442 4644 3489 4686 et
3514 4632 3717 4685 lanceas

2134 4747 2252 4785 suas
2294 4731 2347 4783 in
2392 4731 2566 4800 falces.
2622 4729 2688 4783 Et
2736 4745 2835 4783 non
2880 4728 3090 4797 accipiet
3134 4744 3253 4796 gens
3298 4737 3473 4779 contra
3521 4735 3718 4795 gentem

2133 4824 2382 4893 gladium,
2415 4834 2461 4876 et
2488 4840 2589 4878 non
2618 4824 2755 4877 ultra
2796 4823 2988 4876 discent
3013 4822 3238 4893 prwliari
3269 4820 3446 4889 (Joan.
3476 4819 3564 4874 12.
3599 4819 3714 4886 48).

2134 4914 2252 4970 Non
2280 4916 2409 4970 satis
2433 4913 2581 4969 fuere
2608 4914 2881 4984 prophetas
2911 4912 3086 4983 priora
3131 4912 3303 4982 signa.
3332 4911 3491 4965 Multa
3522 4911 3719 4980 quippe

2136 5016 2220 5063 est
2245 5008 2483 5062 veritatis
2528 5006 2771 5061 facultas.
2798 5004 2923 5059 Ideo
2950 5003 3090 5059 aliud
3136 5003 3325 5072 posuit.
3352 5002 3484 5057 Novi
3527 5001 3715 5055 Testa-

2134 5100 2299 5154 menti
2329 5099 2581 5154 indicium
2609 5113 2703 5168 per
2728 5107 2897 5153 totum
2924 5095 3108 5151 orbem
3134 5094 3421 5165 refulgens.
3441 5092 3717 5163 Quodnam

2201 5279 2217 5308 ι
2253 5282 2395 5344 Juxta
2414 5273 2654 5344 savilium,
2678 5272 2853 5344 melius
2892 5270 3226 5344 l_egetur_,__ad.
3247 5263 3718 5344 judicempefliqq.

2136 5351 2300 5400 quam,
2326 5338 2391 5400 ad
2416 5337 2567 5400 legem
2590 5327 2810 5398 pertinet,
2834 5335 2925 5385 sed
2943 5327 2997 5384 in
3022 5332 3167 5382 nullis
3187 5327 3297 5382 sive
3326 5338 3433 5380 Mss.
3470 5327 3577 5380 sive
3599 5327 3718 5377 adit.

2136 5398 2267 5463 prior
2289 5398 2676 5463 allierturleetio.
2808 5458 2820 5463 _
2976 5457 2988 5463 _
3190 5456 3202 5463 _
3260 5454 3272 5463 _
3315 5462 3320 5463 γ
3496 5459 3506 5463 _
3606 5451 3614 5459 _
3670 5449 3700 5463 __

2198 5461 2272 5532 (ᾳ)
2308 5462 2391 5509 llic
2416 5460 2539 5508 forte
2565 5460 2787 5532 videatur
2808 5457 3092 5532 legepdum,
3119 5456 3231 5519 quia
3254 5450 3721 5532 iungentes

2137 5513 2266 5573 cabit'
2282 5536 2299 5582 ,'
2322 5536 2429 5571 nam
2452 5536 2561 5583 quae
2584 5513 2937 5583 sequuntur‘ad
2962 5513 3141 5583 horum'
3160 5517 3535 5583 explicationem
3558 5513 3720 5583 allata.

2137 5580 2351 5635 futurum
2394 5580 2585 5644 tempus
2623 5580 2861 5642 iudicant;
2888 5581 2975 5632 scd
3018 5583 3125 5630 sine
3157 5580 3442 5630 auctoritate
3464 5580 3717 5640 exempla-

2141 5648 2268 5694 rium
2289 5644 2409 5694 mhil
2425 5654 2610 5697 mutare
2633 5645 2884 5715 audemus.
