4096 6322
554 233 626 292 33
1324 236 1381 293 S.
1419 236 1698 294 JOANNIS
1726 234 2210 292 CIIRYSOSTOMI
2246 238 2559 296 ARCIHEP.
2606 236 3140 296 CONSTANTINOP.
3858 244 3940 307 εδ

556 368 723 422 ρεσις.
745 349 911 404 Ὅταν
936 344 1042 423 γάρ
1065 350 1235 406 ταῦτα
1261 352 1500 422 γένηται,
1528 352 1682 423 φησὶ,
1709 351 1940 420 τοσαύτη
1974 350 2197 421 λήψεται
2240 401 2247 409 ,
2300 353 2477 421 μόνον.
2515 355 2768 408 Ἦδύνατο
2822 356 2917 425 μὲν
2949 354 3057 424 γὰρ
3103 352 3198 405 καὶ
3227 354 3295 407 τά
3342 355 3572 424 λείψανα
3620 358 3861 413 καθελεῖν
3901 366 3938 417 ὁ

554 438 776 507 εὐνομία
805 438 902 507 τὴν
920 439 1259 509 οἰκουμένην,
1286 439 1359 500 ὡς
1393 440 1483 490 καὶ
1519 439 1656 490 αύτά
1682 437 1748 490 τά
1778 437 1916 490 ὅπλα
1949 437 2015 489 τά
2044 439 2197 489 πολε-

555 524 688 594 μικά
734 525 811 587 εἰς
842 525 1117 595 γεωργικά
1151 524 1503 594 χαλκεύεσθαι
1531 524 1764 593 ὄργαναο
1804 525 1937 593 ὅπερ
1966 524 2057 575 ἐπὶ⁵
2086 523 2192 575 τῶν

2294 440 2543 507 Χριστὸς,
2587 441 2698 493 ἀλλ’
2728 441 2904 509 ἀφῆκε
2952 441 3321 511 σωφρονισμοῦ
3355 460 3494 506 τινος
3526 444 3776 496 ὑπόθεσιν
3818 452 3934 510 τοῖς

2295 528 2609 595 ῥᾳθυμοῦσι,
2631 528 2723 581 καὶ
2752 528 2853 580 ὑπὸ
2876 528 2972 596 τῆς
2994 529 3212 598 είρήνης
3244 532 3577 597 χαυνοτὲροις
3605 535 3931 601 γινομένοις,

552 610 757 680 καιρῶν
786 611 892 664 τῶν
920 611 1184 664 Ἰουδαίων
1216 610 1313 662 οὐκ
1331 609 1395 662 ἀν
1421 626 1502 672 τις
1529 609 1625 662 ἴδοι
1654 609 2033 679 γεγενημένον,
2061 608 2193 662 ἀλλά
2290 615 2397 663 τῶν
2423 609 2706 683 βαρϐάρων
2736 609 2872 666 εἶναι
2901 615 2997 676 τὰς
3030 614 3342 683 ἐπιδρομάς.
3373 616 3478 666 Kal
3508 615 3535 665 ὁ
3564 621 3840 687 προφήτης
3871 621 3933 672 δὲ

550 698 851 751 τούναντίον
873 699 1036 752 ἀπαν.
1057 698 1129 751 Οὐ
1150 697 1257 769 γάρ
1275 696 1537 749 διέλειπον
1558 697 1771 750 ἅπαντα
1798 696 1897 765 τῆς
1926 695 2193 759 πολιτείας
2289 701 2399 760 τοῖς
2441 700 2751 768 δυναμένοις
2790 700 3027 771 ἀκριϐῶς
3081 700 3307 752 συνιδεῖν
3338 702 3466 751 αὐτὸ
3498 703 3649 755 τοῦτο
3689 706 3929 774 ᾐνίξατο,

551 784 727 837 αὐτῶν
760 785 850 838 τὸν
887 785 1073 855 καιρὸν
1116 783 1473 853 πολεμοῦντες
1516 784 1608 837 καὶ
1640 781 2056 852 πολεμούμενοι,
2097 781 2189 834 καὶ

547 868 632 922 διὰ
668 871 876 941 μακροῦ
908 871 999 923 καὶ
1037 869 1103 930 δι’
1142 869 1318 937 ὀλίγου
1350 870 1457 923 τῶν
1490 868 1758 939 πολεμίων
1794 869 1971 931 αὐτοῖς
2008 868 2187 921 ἐπιόν-

548 974 675 1010 των.
713 958 820 1010 Kal
855 957 961 1026 γὰρ
998 958 1045 1009 οί
1077 958 1134 1009 ἐν
1165 957 1301 1028 αὐτῇ
1335 958 1399 1026 τῆ
1442 955 1772 1027 Παλαιστίνῃ
1798 954 2007 1024 χαλεπά
2045 953 2187 1025 πρά-

462 1028 472 1039 ’
546 1060 731 1114 γματα
752 1042 1018 1115 παρέσχον
1041 1044 1218 1106 αὐτοῖς
1242 1042 1517 1106 πολλάκις,
1547 1042 1788 1113 καὶπερὶ
1814 1040 1921 1093 τῶν
1952 1041 2187 1110 ἐσχάτων

555 1130 937 1200 ἐπεκρέμασαν
965 1128 1202 1182 κίνδυνον
1223 1140 1272 1182 ι.

613 1292 675 1338 ε’.
709 1285 819 1337 Kal
842 1284 1012 1337 ταῦτα
1042 1283 1192 1353 δηλοῖ
1224 1284 1321 1353 μέν
1353 1282 1513 1356 ήτῶν
1543 1281 1826 1353 βασιλειῶν
1852 1280 2057 1351 ἱστορία
2088 1297 2182 1333 σσ-

543 1371 679 1440 φῶς,
706 1371 799 1441 ὅλη
831 1372 899 1424 δι’
929 1371 1065 1441 ὅλης
1098 1373 1162 1424 ἐκ
1202 1370 1451 1440 πολέμων
1485 1369 1813 1440 ὑφαινομένη
1839 1386 1853 1401 ·
1882 1368 2097 1437 δηλοῦσι
2127 1368 2185 1420 δὲ

540 1458 590 1510 οἰ
619 1458 890 1527 προφῆται
920 1457 1137 1519 πάντες,
1161 1456 1232 1508 τά
1251 1456 1512 1527 γενόμενα
1537 1454 1962 1523 ἀπαγγέλλοντες
1989 1454 2181 1515 ταῦτα,

541 1545 631 1599 καὶ
666 1544 793 1614 πρὶν
820 1544 854 1613 ἢ
877 1542 1122 1611 γενέσθαι
1146 1542 1649 1612 προαναφωνοῦντες
1667 1558 1681 1574 ο
1708 1542 1800 1595 καὶ
1824 1540 1883 1605 ἐξ
1906 1541 2092 1609 αὐτῆς,
2108 1541 2181 1603 ὡς

541 1633 731 1693 εἰπεῖν,
760 1631 857 1701 τῆς
884 1631 1108 1701 ἡμέρας,
1131 1625 1199 1701 ἦς
1229 1629 1616 1699 ἀπηλλάγησαν
1640 1628 1740 1697 τῆς
1761 1628 2067 1695 Αἰγυπτίων
2092 1644 2179 1679 τυ-

541 1717 889 1787 ραννίδος,,ἐν
928 1716 1179 1787 πολέμοις
1208 1715 1297 1768 τὸν
1324 1714 1540 1768 ἅπαντα
1565 1713 1753 1783 χρόνον
1784 1713 2039 1769 ἐϐίωσαν.

622 1871 758 1924 Ἀλλ’
795 1870 913 1940 οὐχί
940 1870 1032 1923 νῦν
1069 1868 1255 1933 οὕτως,
1288 1868 1420 1921 ἀλλά
1448 1866 1610 1938 πολλὴ
1634 1866 1772 1919 κατά
1803 1865 1898 1936 τήν
1926 1867 2179 1935 οἰκουμέ-

538 1976 637 2029 νην
661 1959 868 2028 είρὴνη.
886 1959 946 2011 Εἰ
966 1958 1018 2031 δέ
1039 1974 1180 2020 τινες
1208 1955 1444 2024 γίνονται
1466 1954 1704 2023 πόλεμοι,
1724 1953 1835 2005 ἀλλ’
1860 1954 1956 2022 οὐχ
1985 1954 2182 2023 ὁμοίως

539 2044 613 2107 ὡς
637 2045 918 2115 πρότερον.
936 2044 1065 2096 Τότε
1096 2043 1189 2113 μὲν
1213 2042 1320 2111 γάρ
1346 2040 1438 2092 καὶ
1459 2040 1639 2102 πόλεις
1663 2040 1867 2103 πόλεσι,
1891 2041 1982 2091 καὶ
2009 2038 2179 2109 χῶραι

541 2132 760 2201 χώραις,
793 2133 886 2184 καὶ
918 2130 1078 2199 δῆμοι
1122 2129 1547 2199 συνερρήγνυντο
1578 2128 1788 2196 δήμοις,
1819 2128 1911 2178 καὶ
1943 2126 2090 2187 έθνος
2122 2126 2180 2178 ἐν

538 2221 617 2281 εἰς
649 2217 816 2270 πολλά
845 2216 1146 2285 διετέμνετο
1177 2215 1328 2284 μέρη.
1372 2211 1486 2285 [25]
1530 2214 1638 2265 Kal
1676 2212 1768 2264 τοῦ
1804 2211 1973 2280 Ἰησοῦ
2010 2211 2071 2263 τὸ
2101 2212 2179 2280 βι-

538 2306 680 2357 ϐλίον
704 2322 788 2367 τις
822 2303 1084 2370 ἀναγνοὺς
1121 2304 1216 2354 καὶ
1253 2302 1362 2353 τῶν
1406 2299 1640 2369 Κριτῶν,
1674 2298 1875 2351 εἴσεται
1912 2298 2107 2360 πόσους
2142 2300 2175 2368 ή

538 2390 860 2458 Παλαιστίνη
886 2390 943 2441 ἐν
975 2388 1164 2458 βραχεῖ
1184 2387 1449 2457 πολέμους
1474 2386 1594 2437 τότε
1623 2385 1836 2449 ἐδέξατο
1857 2383 2049 2453 καιρῷ.
2072 2385 2180 2436 Kal

536 2480 598 2532 ού
627 2477 781 2530 τοῦτο
808 2477 965 2546 μόνον
982 2470 1049 2545 ἦν
1076 2473 1137 2527 τὺ
1168 2474 1419 2544 χαλεπὸν,
1444 2472 1555 2525 ἀλλ’
1580 2473 1663 2524 ὅτι
1700 2472 1906 2533 πάντας
1935 2471 2072 2523 ὅπλα
2099 2471 2181 2521 τί.

537 2564 720 2617 θεσθαι
736 2564 763 2602 ι»
783 2564 811 2616 ὁ
837 2563 995 2631 νόμος
1025 2559 1293 2624 ἐκέλευσε,
1322 2560 1417 2611 καὶ
1444 2557 1617 2618 οὐδεὶς
1641 2556 1834 2625 ἀτελὴς
1853 2556 2052 2625 ταύτης
2078 2557 2177 2625 τῆς

534 2650 869 2723 λειτουργίας
901 2644 988 2721 ἦν.
1027 2648 1135 2702 Καὶ
1162 2647 1224 2702 ού
1251 2646 1400 2717 παρά
1445 2643 1711 2707 Ἰουδαίοις
1761 2642 1917 2713 μόνον
1960 2638 2111 2707 οὗτος
2146 2645 2175 2699 ὁ

508 2764 511 2767 ν
533 2740 694 2808 νόμος
724 2739 960 2808 ἐκράτει,
980 2736 1113 2790 ἀλλὰ
1132 2735 1225 2789 καὶ
1246 2732 1517 2802 πανταχοῦ
1538 2735 1636 2802 τῆς
1661 2730 1982 2801 οἰκουμένης
2002 2749 2016 2762 ·
2042 2733 2174 2785 ὅπου

532 2844 595 2895 γε
619 2826 711 2878 καὶ
739 2826 965 2895 ῥήτορες
988 2823 1079 2875 καὶ
1103 2821 1372 2890 φιλόσοφοι
1394 2818 1651 2888 ἐξωμίδος
1671 2816 1831 2871 πλέον
1858 2818 2006 2871 οὐδὲν
2031 2817 2176 2887 ἕχον-

508 2930 642 2976 ττες,
672 2911 903 2980 πολέμου
931 2908 1236 2971 καλοῦντος,
1266 2907 1358 2961 καὶ
1385 2905 1581 2959 ἀσπίδα
1609 2905 2055 2975 μετεχειρίζοντο,
2080 2906 2173 2957 καὶ

531 3001 622 3053 ἐπὶ
649 2996 999 3069 παρατάξεως
1031 2996 1262 3048 ἵσταντο.
1300 2993 1359 3046 ’0
1403 2992 1531 3060 γοῦν
1568 2992 1696 3064 παρ’
1735 2992 2033 3063 Ἀθηναίοις
2065 2992 2171 3061 μά-

531 3086 687 3140 λιστα
709 3084 926 3154 λάμψας
950 3078 1373 3153 ἀπραγμοσύνης
1393 3079 1576 3131 ἐνεκεν
1599 3078 1693 3131 καὶ
1726 3077 2033 3147 φιλοσοφίας
2063 3079 2173 3131 Σω-

532 3173 737 3244 κράτης
755 3173 783 3224 δ
799 3169 1170 3238 Σωφρονίσκου
1202 3166 1294 3219 καὶ
1318 3164 1461 3229 ἅπαξ
1491 3164 1585 3217 καὶ
1609 3164 1689 3226 δὶς
1705 3163 1797 3216 ἐπὶ
1819 3164 2173 3234 παρατάξεως

528 3260 675 3330 ἔστη.
710 3258 818 3311 Καὶ
848 3248 956 3308 τῶν
1002 3252 1243 3323 ρητόρων
1273 3251 1381 3303 τῶν
1427 3250 1551 3319 παρ’
1581 3250 1762 3312 αὐτοῖς
1788 3249 1850 3302 τὸ
1885 3249 2172 3317 κεφάλαιον

522 3344 874 3417 Δημοσθένης
922 3341 1029 3395 ἀπὸ
1071 3339 1163 3392 τοῦ
1218 3338 1457 3409 βήματος
1486 3337 1579 3389 ἐπὶ
1618 3336 1709 3389 τὸν
1751 3336 1981 3406 πόλεμον
2026 3336 2171 3417 ἐξῄει

527 3414 803 3494 πολλάκις.
836 3431 897 3483 Εί
921 3428 979 3482 δέ
1011 3428 1245 3499 ῥήτορας
1274 3426 1370 3478 καὶ
1402 3424 1717 3493 φιλοσόφους
1744 3423 1916 3486 οὐδεὶς
1944 3414 2171 3495 ἐξῄρητο

526 3521 688 3589 νόμος
712 3517 803 3570 τοῦ
835 3517 1105 3585 πολεμεῖν,
1134 3512 1294 3583 σχολῇ
1323 3528 1387 3579 γε
1413 3509 1597 3579 ἕτερός
1622 3527 1705 3573 τις
1727 3508 1821 3561 τοῦ
1843 3509 2014 3580 δήμου
2038 3504 2171 3564 ταύέ

496 3632 501 3635 -
524 3623 625 3676 της
654 3604 933 3675 ἀπήλαυσε
960 3605 1059 3672 τῆς
1084 3600 1349 3662 ἀτελείας.
1379 3597 1513 3651 Ἀλλ’
1534 3598 1652 3668 ούχί
1675 3596 1879 3650 τούτων
1900 3598 2049 3651 οὐδὲν
2076 3599 2170 3652 νῦν

525 3695 801 3765 γινόμενον
855 3693 953 3745 ίδοι
990 3707 1074 3753 τις
1101 3689 1188 3744 ἀν.
1228 3686 1446 3756 Ἐπειδὴ
1483 3686 1590 3754 γὰρ
1625 3687 1654 3738 ὁ
1693 3687 1792 3756 τῆς
1829 3685 2169 3756 δικαιοσύνης

524 3780 761 3850 ιλαμψεν
797 3780 965 3849 ήλιος,
1008 3777 1101 3830 καὶ
1136 3775 1318 3837 πόλεις
1360 3774 1456 3827 καὶ
1498 3774 1659 3844 δῆμοι
1699 3772 1792 3825 καὶ
1825 3772 1949 3842 ἔθνη
1994 3773 2170 3827 πάντα

525 3866 773 3921 τοσοῦτον
814 3864 1073 3931 ἀπέχουσι
1110 3860 1205 3913 τοῦ
1240 3860 1338 3929 ζῇν
1380 3862 1438 3913 ἐν
1479 3858 1740 3920 κινδύνοις
1777 3857 2057 3921 τοιούτοις,
2087 3860 2169 3912 ὃτι

523 3954 645 4008 οὐδὲ
668 3946 1134 4019 μεταχειρίζεσθαι
1158 3963 1210 3998 τι
1232 3946 1340 3998 τῶν
1364 3945 1668 4013 πολεμικῶν
1691 3945 1886 4008 ίσασιν,
1906 3944 2019 3997 ἀλλ’
2038 3945 2169 3997 εἴσω

526 4040 734 4094 πόλεων
760 4036 852 4089 καὶ
878 4034 1071 4103 τειχῶν
1096 4032 1423 4100 καθήμενοι,
1453 4031 1639 4101 πόρρω
1665 4029 1734 4083 τά
1770 4031 1878 4082 τῶν
1916 4030 2169 4099 πολέμων

528 4126 853 4199 μανθάνουσι
882 4122 1197 4192 πράγματα,
1217 4117 1312 4169 καὶ
1335 4116 1501 4185 δῆμος
1528 4116 1671 4178 ἀπας
1694 4118 1750 4168 ἐν
1775 4116 2051 4187 ἐλευθερίᾳ
2078 4116 2165 4186 ζῇ,

524 4219 618 4271 καὶ
656 4215 870 4284 ἀτελείᾳ
908 4214 1007 4279 τῆς
1044 4209 1371 4281 πικροτάτης
1406 4206 1606 4275 ταύτης
1634 4207 1988 4276 λειτουργίας.
2019 4210 2082 4260 Εἰ
2111 4207 2167 4261 δέ

525 4320 627 4357 που
658 4302 749 4355 καὶ
776 4299 868 4353 νῦν
899 4299 1172 4366 γίγνονται
1201 4295 1444 4364 πόλεμοι,
1472 4294 1659 4363 πόρρω
1689 4310 1788 4346 που
1826 4295 1919 4347 καὶ
1948 4295 2079 4364 πρὸς
2102 4295 2167 4347 τά

525 4392 724 4461 ἐσχατα
747 4392 845 4459 τῆς
872 4385 1154 4456 Ῥωμαίων
1180 4384 1373 4455 ἀρχῆς,
1399 4381 1460 4434 ού
1494 4381 1631 4434 κατά
1665 4380 1816 4433 πόλιν
1842 4380 1935 4433 καὶ
1966 4380 2164 4451 χώραν,

523 4480 599 4540 ὡς
631 4475 950 4546 ἔμπροσθεν.
988 4472 1119 4524 Τότε
1151 4470 1246 4540 μὲν
1279 4469 1405 4540 γὰρ,
1446 4468 1518 4530 ὡς
1546 4467 1712 4537 ἔφθην
1758 4465 1947 4529 εἰπὼν,
1992 4470 2084 4520 καὶ
2111 4470 2168 4519 ὲν

524 4564 605 4618 ἐνὶ
639 4562 777 4615 ἐθνει
814 4558 999 4629 μυρίαι
1037 4556 1270 4625 συνεχῶς
1305 4556 1695 4616 ἐπαναστάσεις
1732 4553 2034 4621 ἐγίγνοντο,
2074 4556 2167 4608 καὶ

524 4649 935 4720 πολυπρόσωποι
966 4645 1215 4713 πόλεμοι·
1252 4642 1367 4695 νυνί⁸
1403 4642 1459 4693 δὲ
1486 4642 1615 4712 ὅσην
1665 4640 1813 4709 ἥλιος
1864 4642 2033 4711 ἐφορᾷ
2067 4643 2167 4711 γῆν

522 4736 630 4792 ἀπὸ
664 4735 757 4789 τοῦ
794 4732 1055 4804 Τίγρητος
1087 4730 1179 4783 ἐπὶ
1221 4729 1319 4791 τάς
1368 4727 1726 4800 Βρεττανικὰς
1769 4728 1981 4796 νήσους,
2030 4728 2166 4799 αὑτὴ

523 4822 689 4881 πᾶσα,
710 4817 800 4871 καὶ
828 4816 963 4887 μετά
981 4813 1179 4883 ταύτης
1202 4811 1395 4881 Λιϐύη,
1417 4813 1509 4863 καὶ
1536 4812 1825 4877 Λίγυπτος,
1856 4810 1947 4863 καὶ
1972 4810 2167 4862 Παλαι-

521 4907 716 4962 στινῶν
760 4906 937 4966 ἔθνος,
978 4901 1173 4971 μᾶλλον
1220 4899 1276 4953 δέ
1321 4900 1463 4951 ἆπαν
1504 4898 1565 4950 τὸ
1604 4897 1706 4949 ὑπὸ
1748 4896 1845 4966 τὴν
1887 4896 2166 4965 Ῥωμαίων

522 4993 693 5065 ἀρχὴν
736 4991 1024 5060 κείμενονε
1048 5002 1063 5018 ο
1104 4987 1216 5039 ίστε
1246 4986 1303 5039 δὲ
1338 4984 1413 5047 ὡς
1458 4978 1613 5037 αὗται
1660 4985 1716 5037 αἱ
1759 4982 1940 5046 πόλεις
1984 4984 2164 5047 ἀδείας

523 5081 851 5139 ἀπολαύουσι
888 5079 1065 5141 πάσης
1087 5116 1103 5141 ,
1147 5078 1282 5148 ἀκοῇ
1332 5074 1455 5139 τοὺς
1501 5073 1765 5141 πολέμους
1807 5074 2164 5145 μανθάνουσαι

583 5318 613 5350 ο
638 5315 757 5377 Reg.
791 5314 894 5378 περί
922 5314 1006 5363 τὸν
1044 5313 1262 5378 ἔσχατον
1280 5312 1599 5378 ἐπεκρέμασαν
1622 5310 1858 5378 ’κίνδυνοι
1883 5311 2048 5378 Le_clio_
2069 5326 2161 5378 n0_n

520 5372 813 5441 aperneﬁda.
844 5372 941 5441 Sed
980 5372 1132 5441 εἰ]εῆ
1163 5372 1772 5441 .relingr‘i'polest._PIaulo
1808 5382 1913 5441 post
1940 5374 2087 5441 Savil.
2111 5376 2164 5421 ἐκ

520 5434 775 5511 «gnatm,
818 5437 905 5485 sed
942 5436 1119 5485 melius
1156 5435 1211 5483 ἐκ
1252 5435 1488 5495 πολέμων,
1559 5439 1613 5481 ul
1657 5434 1764 5494 ipse
1790 5440 1923 5481 uotut
1946 5436 1995 5482 in
2041 5448 2165 5482 mar-

520 5512 794 5608 Βιῗθδοπλα
814 5560 1014 5607 τίθεσθαι
1037 5557 1229 5606 videtur
1268 5554 1560 5623 gigpiﬂcare,
1601 5567 1741 5604 arma
1760 5568 1932 5623 panem
1957 5561 2047 5623 ;ει
2086 5555 2166 5602 hic

519 5626 617 5685 εει,
642 5632 778 5685 arma
797 5632 1002 5685 ειιιηετε,
1028 5630 1140 5685 ,τεῳ
1159 5617 1309 5666 armis
1342 5617 1603 5685 ἔπειτ-ηενρ,
1637 5624 1690 5664 ιιι
1716 5629 1776 5685 εχ
1819 5618 1949 5665 serie
1991 5617 2163 5677 liquet.

536 5675 731 5789 Ἐεωῐμίς
754 5682 872 5729 intra
894 5687 971 5727 est
990 5675 1146 5728 abolla
1169 5690 1256 5747 squ
1286 5676 1484 5739 pallium
1506 5675 1909 5745 philosophoyum.
2042 5675 2056 5677 '
2118 5737 2127 5745 _

590 5744 612 5771 ε
680 5748 753 5787 ost
774 5742 982 5798 κείμενον
1002 5740 1142 5787 deest
1166 5738 1363 5798 aliquid.
1393 5746 1442 5786 ul
1466 5740 1511 5785 ἐν
1545 5738 1699 5796 εἰρήνῃ
1736 5737 1901 5797 διαγει,
1936 5736 2009 5785 vel
2048 5749 2161 5798 qum

590 5753 612 5771 ε
642 5753 753 5789 Post
774 5757 982 5799 κειμενον
1002 5753 1142 5787 deest
1166 5753 1363 5799 aliqum.
1393 5753 1442 5786 ιιι
1466 5753 1511 5785 εν
1545 5753 1699 5796 ειρηνῃ
1736 5753 1901 5797 οιαγει,

524 5804 704 5864 simile,
726 5806 852 5864 quud
877 5816 963 5851 nos
983 5814 1309 5857 expressimus
1332 5798 1720 5860 Iulerprclaudo.

2292 785 2427 854 ὅπερ
2448 786 2615 855 ἔφθην
2659 786 2845 850 εἰπὼν,
2876 786 2934 838 τὸ
2990 787 3180 855 μηκέτι
3210 786 3306 847 τὰς
3344 787 3406 838 δι’
3437 788 3612 854 ὀλίγου
3648 791 3931 856 γίγνεσθαι

2291 872 2697 935 ἐπαναστάσεις.
2728 873 2801 924 Οὐ
2829 872 2935 941 γάρ
2971 866 3140 933 εἶπεν.
3161 874 3274 927 Οὐκ
3297 872 3443 925 ἔσται
3471 874 3699 943 πόλεμος
3722 894 3892 930 παντε
3910 909 3931 920 ο

2289 957 2415 1021 λῶς,
2447 959 2579 1012 ἀλλά
2596 960 2647 1011 τί
2667 976 2681 1024 ;
2713 961 2794 1013 Οὐ
2813 958 2896 1027 μὴ
2918 959 3029 1026 ἄρῃ
3050 959 3220 1023 ἔθνος
3243 959 3332 1010 ἐπ’
3364 960 3535 1025 ἔθνος
3558 962 3926 1030 μάχαιρανά·

2286 1047 2379 1098 καὶ
2409 1045 2504 1115 τὴν
2536 1046 2642 1100 τῶν
2667 1047 2849 1116 δήμων
2883 1046 3185 1117 ἐλευθερίαν
3215 1047 3588 1116 προστέθεικεν
3617 1051 3801 1115 εἰπὼν,
3839 1056 3929 1106 Οὐ

2280 1131 2364 1199 μὴ
2388 1133 2658 1200 μάθωσιν
2682 1132 2767 1184 ἔτι
2796 1133 3107 1200 πολεμεῖν,
3144 1132 3276 1201 πλὴν
3305 1134 3495 1200 ὀλίγων
3531 1134 3637 1185 τῶν
3663 1138 3740 1198 είς
3767 1138 3929 1190 τοῦτο

2283 1220 2622 1286 τεταγμένων
2668 1222 3028 1289 στρατιωτῶν.
3067 1220 3175 1272 Καὶ
3224 1221 3338 1273 νῦν
3386 1221 3505 1283 aii,
3541 1224 3575 1274 ό
3605 1218 3766 1287 οἶκος
3816 1226 3927 1279 τοῦ

2296 1304 2501 1359 Ἰακὼϐ
2516 1348 2529 1369 ,
2569 1306 2738 1359 δεῦτε
2752 1347 2767 1371 ,
2816 1307 2911 1359 καί
2961 1307 3332 1374 πορευθῶμεν
3343 1307 3412 1362 ἐν
3430 1305 3511 1372 τῷ
3524 1310 3670 1382 φωτί
3681 1313 3924 1377 Κυρίου.

2295 1390 2507 1455 Ἀνῆκε
2537 1392 2643 1459 γὰρ
2671 1392 2776 1445 τὸν
2801 1392 2953 1445 λαὸν
2987 1394 3169 1447 αὐτοῦ
3190 1432 3205 1455 ,
3234 1395 3339 1446 τὸν
3369 1391 3533 1448 οἷκον
3563 1397 3666 1448 τοῦ
3695 1398 3924 1455 Ἰακώϐ.

2295 1476 2620 1546 ’Λπαρτίσας
2644 1478 2740 1547 τὴν
2770 1480 2894 1548 περὶ
2916 1480 3010 1547 τῆς
3041 1480 3359 1549 Ἐκκλησίας
3385 1483 3736 1551 προφητείαν,
3759 1485 3927 1537 πάλιν

2280 1565 2371 1615 ἐπὶ
2407 1564 2504 1632 τὴν
2533 1566 2770 1633 ἱστορίαν
2796 1566 3124 1635 μεταϐαίνει,
3155 1566 3229 1629 ὡς
3246 1567 3307 1637 δὴ
3337 1566 3442 1619 τῶν
3471 1568 3582 1639 [26]
3617 1569 3927 1623 ἀκολούτιων

2282 1651 2535 1718 ἐχόμενος
2575 1652 2849 1721 ῥημάτων.
2898 1652 3147 1706 Τοιοῦτον
3179 1654 3286 1725 γὰρ
3322 1654 3439 1718 ἔθος
3478 1655 3692 1719 αὐτοῖς,
3746 1657 3818 1726 μὴ
3852 1662 3923 1727 τῇ

2281 1737 2385 1789 τῶν
2404 1738 2702 1807 εἰρημένων
2732 1739 2995 1810 ἀσφαλείᾳ
3019 1753 3041 1779 θ
3067 1740 3241 1810 μόνον,
3275 1741 3406 1793 ἀλλά
3441 1744 3535 1794 καὶ
3566 1743 3643 1812 τῷ
3681 1746 3927 1813 σχήματι

2279 1823 2377 1892 τῆς
2407 1823 2719 1885 ἀκολουθίας
2743 1826 3051 1888 συσκιάζειν
3082 1825 3177 1895 τήν
3202 1827 3550 1896 προφητείαν.
3583 1829 3776 1897 Διόπερ
3802 1832 3931 1884 οὐδὲ

2281 1909 2679 1979 ἀπηρτισμένον
2709 1913 2850 1962 ποιεῖ
2873 1910 2961 1962 τὸν
2989 1910 3161 1977 λόγον,
3200 1912 3331 1964 ἀλλά
3360 1913 3433 1975 ὼς
3460 1914 3586 1982 μίαν
3604 1916 3721 1968 τινὰ
3747 1916 3930 1969 ἕλκων

2281 1994 2484 2064 σειρὰν,
2526 1993 2668 2047 οὕτω
2693 1996 2826 2065 πρὸς
2872 1997 2968 2067 τὴν
3006 1996 3112 2049 τῶν
3152 1998 3411 2050 Ἰουδαίων
3447 1999 3719 2052 νουθεσίαν
3754 2019 3929 2068 μετα-

2279 2080 2448 2132 ϐαίνει
2464 2081 2643 2143 πάλιν,
2657 2081 2747 2133 καί
2768 2098 2896 2151 φησι
2913 2100 2924 2111 ’
2945 2082 3051 2135 Καὶ
3075 2082 3189 2135 νῦν
3212 2083 3313 2144 σὺ,
3331 2087 3362 2136 ό
3382 2085 3543 2149 οἶκος
3557 2086 3661 2138 τοῦ
3692 2087 3926 2151 Ἰακὼϐ,

2276 2165 2466 2228 δεῦτε.
2495 2167 2593 2219 καὶ
2622 2168 2995 2237 πορευθῶμεν
3017 2170 3086 2229 ἐν
3112 2168 3190 2234 τῷ
3221 2171 3361 2238 φωτί
3385 2172 3629 2238 Kvplov'
3654 2174 3803 2224 τουτὲ
3814 2192 3927 2237 στι,

2276 2255 2393 2314 ταῖς
2434 2254 2670 2316 ἐντολαῖς
2709 2255 2891 2318 αὑτοῦ,
2926 2255 3003 2324 τῷ
3034 2258 3179 2325 νόμῳ
3206 2257 3367 2309 αὑτοῦ
3386 2273 3399 2287 ’
3426 2259 3657 2325 Λύχνος
3687 2260 3794 2330 γὰρ
3825 2262 3932 2312 ἐν-

2277 2337 2423 2406 τολὴ
2454 2340 2659 2407 νόμου,
2686 2342 2780 2392 καὶ
2807 2340 2931 2408 φῶς
2966 2341 3063 2394 καί
3086 2341 3214 2410 ζωὴ,
3246 2343 3343 2395 καί
3366 2343 3610 2412 ἐλεγχος
3655 2348 3750 2398 καί
3784 2364 3931 2400 παι-

2277 2425 2431 2478 δείαο
2468 2426 2601 2478 καὶὸ
2632 2426 2794 2480 Δαυῖδ
2829 2427 2987 2480 πάλιν
3019 2428 3207 2497 φησίν·
3244 2429 3304 2483 Ἠ
3331 2430 3547 2497 ἐντολὴ
3574 2433 3789 2498 Κυρίου
3825 2451 3932 2499 τη-

2278 2510 2527 2580 λαυγὴς,
2566 2512 2894 2581 φωτίζουσα
2939 2514 3308 2582 ὀφθαλμούς·
3350 2516 3461 2578 καὶ,
3509 2518 3744 2583 Λύχνος
3796 2519 3931 2585 τοῖς

2274 2598 2422 2652 ποσί
2454 2615 2571 2668 μου
2615 2600 2648 2653 ό
2693 2600 2874 2668 νόμος
2907 2615 3044 2664 σου,
3083 2600 3180 2655 καί
3214 2599 3336 2669 φῶς
3367 2600 3495 2665 ταῖς
3522 2603 3738 2669 τρίϐοις
3772 2622 3925 2670 μου.

2273 2686 2382 2738 Kal
2402 2684 2673 2754 πανταχοῦ
2699 2686 2838 2738 οὕτω
2857 2686 2947 2739 τὸν
2976 2687 3133 2756 νόμον
3156 2686 3480 2756 καλούμενον
3500 2687 3701 2740 κατίδοι
3724 2705 3805 2749 τις
3832 2691 3924 2744 ἄν.

2273 2771 2427 2825 Οὕτω
2454 2772 2549 2824 καὶ
2572 2772 2783 2835 Παῦλός
2806 2790 2937 2842 φησι
2958 2791 2971 2804 ·
3004 2772 3294 2837 Πέποιθάς
3316 2790 3376 2825 τε
3409 2775 3668 2827 σεαυτὸν
3695 2773 3928 2842 ὁδηγὸν-

2272 2853 2422 2911 εἶναι
2452 2857 2714 2925 τυφλῶν,
2754 2858 2876 2926 φῶς
2900 2858 3017 2911 τῶν
3042 2860 3110 2912 ἐν
3133 2860 3352 2920 σκότει,
3385 2859 3709 2927 παιδευτὴν
3742 2861 3928 2929 ἀφρό-

2270 2964 2409 3000 νων.
2435 2949 2507 2999 Οὐ
2540 2947 2646 3015 γὰρ
2677 2944 2847 3010 οὕτως
2880 2948 2934 2999 αἰ
2963 2945 3055 2999 τοῦ
3081 2947 3227 3016 ήλίου
3257 2947 3467 3010 ἀκτῖνες
3492 2946 3927 3016 χειραγωγοῦσιν

2271 3033 2425 3103 ήμῶν
2456 3032 2548 3087 τοῦ
2582 3032 2828 3103 σώματος
2870 3033 2994 3095 τοὺς
3025 3031 3359 3101 ὀφθαλμοὺς,
3407 3032 3479 3095 ὡς
3511 3034 3567 3085 αί
3612 3032 3705 3085 τοῦ
3746 3034 3925 3104 νόμου

2270 3123 2477 3175 ἐντολαί
2505 3122 2902 3191 καταυγάζουσι
2929 3121 2997 3175 τά
3030 3122 3125 3191 τῆς
3155 3121 3327 3191 ψυχῆς
3357 3121 3595 3191 ὄμματα.

2340 3276 2413 3343 ς’.
2451 3278 2671 3342 Δεικνὺς
2697 3278 2872 3331 τοίνυν
2896 3279 2924 3330 ὁ
2959 3277 3255 3349 προφήτης,
3295 3277 3374 3329 ὅτι
3405 3276 3498 3328 καὶ
3524 3275 3627 3347 πρὸ
3656 3276 3753 3343 τῆς
3772 3277 3924 3331 ἀντι-

2268 3364 2481 3429 δόσεως,
2520 3365 2613 3417 καὶ
2642 3364 2748 3434 πρὸ
2777 3366 2875 3435 τῆς
2907 3362 3153 3434 ἀμοιϐῆς,
3192 3365 3249 3415 ἐν
3277 3361 3421 3429 αύτῷ
3453 3361 3529 3430 τῷ
3574 3361 3923 3430 πληροῦσθαι.

2268 3451 2365 3521 τὴν
2414 3451 2645 3521 ἀμοιϐὴν
2690 3450 3013 3520 παρέχουσιν
3045 3451 3176 3517 ήμῖν
3217 3448 3272 3501 αἱ
3317 3447 3544 3509 ἐντολαὶ,
3586 3446 3699 3515 φῶς
3743 3449 3924 3513 αὑτὰς

2267 3535 2540 3590 ἐκάλεσεν.
2566 3536 2774 3606 Ὥσπερ
2808 3537 2913 3605 γὰρ
2932 3533 3201 3603 ὀφθαλμὸς
3224 3534 3280 3585 ἐν
3308 3532 3453 3602 αύτῷ
3481 3530 3557 3603 τῷ
3586 3533 3920 3600 φωτίζεσθαι

2268 3622 2553 3694 κερδαίνει,
2584 3622 2724 3676 οὕτω
2762 3622 3031 3692 καὶψυχὴ
3084 3623 3140 3673 ἐν
3182 3620 3329 3690 αὐτῷ
3379 3620 3454 3691 τῷ
3503 3619 3779 3672 πείθεσθαι
3829 3620 3919 3690 τῷ

2268 3712 2413 3779 νόμῳ
2446 3709 2511 3761 τά
2546 3708 2773 3778 μέγιστα
2824 3708 3146 3779 καρποῦται,
3177 3706 3628 3777 ἐκκαθαιρομένη,
3670 3706 3760 3757 καὶ
3806 3723 3920 3759 κα-

2269 3798 2391 3859 κίας
2439 3796 2898 3865 ἀπαλλαττομένη,
2948 3796 3041 3848 καὶ
3089 3795 3221 3863 πρὸς
3272 3794 3438 3863 αὐτὴν
3504 3794 3747 3846 ἀναϐᾶσα
3810 3794 3924 3863 τὴν

2268 3885 2466 3954 ἀρετήν
2490 3900 2503 3912 ·
2553 3883 2737 3952 ὥσπερ
2772 3879 2863 3935 οὖν
2915 3881 3219 3935 τούναντίον
3252 3881 3302 3933 οἰ
3351 3879 3774 3950 παραϐαίνοντες
3814 3882 3925 3935 καὶ

2267 3972 2372 4040 πρὸ
2419 3971 2513 4039 τῆς
2542 3970 2809 4031 κολάσεως
2840 3970 2897 4020 ἐν
2933 3966 3081 4037 αὐτῷ
3108 3966 3186 4037 τῷ
3218 3966 3574 4037 παραϐαίνειν
3625 3966 3780 4035 δίκην
3827 3966 3923 4019 δι-

2251 4020 2443 4119 -δόῗιὴσι,
2916 4020 3232 4123 καθημένων
3269 4020 3591 4121 ἀθλιώτερον
3626 4020 3929 4121 διακείμε-

2266 4161 2366 4205 νοι,
2389 4144 2551 4212 φόϐου
2581 4143 2672 4195 καί
2692 4143 2890 4212 τρόμου
2923 4142 3015 4195 καὶ
3042 4141 3275 4210 πονηροῦ
3299 4139 3558 4209 γέμοντες
3586 4138 3922 4203 συνειδότος,

2267 4232 2361 4284 καὶ
2394 4232 2450 4283 ἐν
2473 4230 2785 4300 μεσημϐρίᾳ
2813 4229 2951 4300 μέσῃ
2982 4227 3275 4290 δεδοικότες
3306 4227 3397 4280 καὶ
3420 4227 3707 4296 τρέμοντες
3736 4226 3929 4279 ἀπαν-

2265 4334 2382 4379 τας,
2405 4318 2528 4378 τοὺς
2560 4314 3018 4376 συνειδότας,τοὺς
3037 4314 3186 4365 οὐδὲν
3208 4312 3527 4374 συνειδότας.
3561 4311 3767 4379 Ἀνῆκε
3804 4316 3931 4381 γὰρ

2266 4404 2373 4455 τὸν
2420 4404 2572 4455 λαὸν
2620 4401 2825 4462 αὐτοῦ,
2865 4399 2970 4452 τὸν
3003 4395 3168 4453 οἷκον
3194 4398 3299 4451 τοῦ
3350 4396 3545 4452 Ἰακώϐ
3563 4414 3576 4427 ⁸
3609 4398 3927 4465 τουτέστιν,

2267 4488 2464 4550 εἴασεν,
2500 4488 2694 4556 ἀφῆκε,
2726 4486 2966 4556 παρεῖδε,
2998 4486 3094 4554 τῆς
3115 4484 3277 4537 αὐτοῦ
3300 4484 3547 4554 προνοίας
3570 4484 3926 4552 ἐγύμνωσεν,

2266 4570 2397 4643 Εἶτα
2423 4574 2677 4643 φοϐήσας,
2709 4572 2864 4643 λέγειΔ
2905 4571 3131 4643 καὶμτὴν
3164 4570 3359 4643 αἰτίαν.
3386 4569 3522 4643 ὥστε
3551 4570 3741 4643 αύτοὺς
3770 4572 3930 4643 διορ.

2268 4635 2444 4694 θῶσαί
2484 4635 2556 4693 τὲί
2601 4635 2954 4710 γεγενημένα.
2996 4635 3100 4700 Τίς
3135 4635 3226 4691 οῦν
3275 4642 3419 4691 ἐστιν
3462 4641 3494 4707 ἡ
3548 4640 3722 4703 αἰτίας
3775 4635 3931 4697 ⁸υτι

2263 4728 2602 4794 ἐνεπλήσθη
2627 4730 2665 4797 ὴ
2699 4728 2853 4795 χώρα
2891 4726 3085 4779 αὐτῶν
3116 4723 3552 4793 κλῃδοινισμῶν,
3598 4726 3677 4789 ὡς
3709 4725 3746 4790 ἡ
3795 4731 3934 4782 τῶν

2264 4816 2642 4883 ἀλλοφύλων.
2671 4813 3010 4883 Ἐμπροσθεν
3035 4813 3128 4881 μὲν
3161 4813 3266 4881 γὰρ
3290 4812 3588 4880 καπηλείαν
3609 4812 3796 4874 αὐτοῖς
3822 4822 3931 4868 7.1“.

2264 4902 2622 4972 φιλαργυρίαν
2652 4901 2743 4953 καὶ
2774 4900 2880 4952 τῶν
2921 4900 3101 4970 χηρῶν
3150 4899 3445 4968 ὑπεροψίαν
3484 4900 3762 4951 ἐνεκάλει·
3824 4906 3930 4955 ἐν-

2264 4988 2435 5042 ταῦθα
2454 4988 2509 5040 δὲ
2537 4988 2629 5040 καὶ
2675 4987 2915 5055 δόγματα
2953 4984 3180 5054 πονηρὰ,
3358 4985 3606 5047 ἀσεϐείας
3658 4984 3932 5053 λείψανα,

2264 5075 2402 5129 κατὰ
2448 5073 2637 5143 μικρὸν
2675 5073 2867 5134 αὐτοὺς
2900 5071 3232 5139 ύποσύροντα
3264 5071 3397 5141 πρὸς
3438 5071 3533 5140 τὴν
3574 5071 3680 5123 τῶν
3712 5070 3937 5143 δαιμὸ-

2262 5178 2366 5213 νων
2411 5145 2633 5228 πλάνην.
2661 5154 2790 5210 Εἶτα
2820 5157 3235 5226 καθικνούμενος
3261 5156 3459 5218 αὐτῶν,
3505 5156 3600 5207 ούκ
3640 5152 3795 5207 εἷπεν
3833 5162 3935 5215 ὅτι

2264 5247 2655 5319 κλῃδονίζονται
2705 5244 2902 5307 ἁπλῶς,
2960 5243 3069 5295 ἀλλ’
3117 5244 3195 5295 ὅτι
3257 5240 3627 5307 Ἐνεπλὴσθη
3669 5242 3707 5307 ἡ
3743 5247 3938 5312 χώρα

2262 5334 2475 5387 αὐτῶν.
2524 5333 2676 5386 Μετά
2704 5332 2898 5400 πολλῆς
2924 5330 3223 5402 ὑπερϐολῆς
3256 5329 3287 5399 ή
3329 5328 3489 5381 κακία
3519 5327 3697 5379 αὐτῶν
3742 5333 3937 5386 πάλιν

2264 5421 2474 5491 ηὖξετο,
2506 5420 2685 5489 φησίν.
2712 5419 2920 5488 Ὥσπερ
2945 5417 3197 5487 ἀνωτέρω
3215 5413 3393 5483 έλεγε,
3412 5414 3571 5477 Λαὸς,
3595 5414 3691 5483 οὐχ
3718 5416 3935 5487 ἁπλῶς

2324 5675 2351 5713 τι
2382 5676 2501 5783 Βρῖ.
2537 5681 2589 5723 et
2626 5674 2771 5723 Savil.
2814 5674 2902 5735 ἄρῃ
2941 5674 3064 5726 ἔθνος
3102 5672 3173 5719 ἐπ’
3197 5672 3320 5727 ἔθνος
3356 5670 3605 5733 μάχαιραν,
3647 5678 3799 5718 recte.
3868 5673 3938 5725 1η

2324 5743 2431 5783 πω.
2483 5735 2681 5782 'dilione
2705 5736 2773 5781 ἐπ’
2795 5736 2916 5783 amo:
2938 5735 3122 5779 deerat.

2265 5739 2431 5787 Μοῖρ’.
2461 5735 2681 5783 Edilione
2705 5736 2773 5781 ἐπ’
2795 5736 2916 5787 ἔθνος
2938 5735 3122 5779 deerat.

2325 5801 2341 5821 ‘
2363 5802 2569 5849 Aucuus
2594 5796 2850 5855 mundum
2872 5802 3007 5856 putat
3032 5794 3248 5855 ἀσαφείᾳ.
