  <div class='ocr_page' id='page_1' title='image "/cluster/home/n/w/nwhite01/storage/ocr_20150623/56/mdp.39015028574351/038.png"; bbox 0 0 4102 6306; ppageno 0'>
   <div class='ocr_carea' id='block_1_1' title="bbox 167 268 3446 353">
    <p class='ocr_par' dir='ltr' id='par_1_1' title="bbox 167 268 3446 353">
     <span class='ocr_line' id='line_1_1' title="bbox 167 268 3446 353; baseline -0.011 -2"><span class='ocrx_word' id='word_1_1' title='bbox 167 274 231 331; x_wconf 73' lang='lat'><strong>53</strong></span> <span class='ocrx_word' id='word_1_2' title='bbox 1476 272 1542 331; x_wconf 85' lang='lat' dir='ltr'><strong>IN</strong></span> <span class='ocrx_word' id='word_1_3' title='bbox 1568 268 1814 339; x_wconf 72' lang='lat' dir='ltr'><strong>ISAIAI,</strong></span> <span class='ocrx_word' id='word_1_4' title='bbox 1853 270 2006 333; x_wconf 72' lang='lat' dir='ltr'><strong>car.</strong></span> <span class='ocrx_word' id='word_1_5' title='bbox 2044 274 2109 335; x_wconf 86' lang='grc' dir='ltr'><strong>ιι.</strong></span> <span class='ocrx_word' id='word_1_6' title='bbox 2266 345 2276 353; x_wconf 28' lang='grc' dir='ltr'><strong>η</strong></span> <span class='ocrx_word' id='word_1_7' title='bbox 3378 285 3446 344; x_wconf 61' lang='lat'><strong>3,</strong></span> 
     </span>
    </p>
   </div>
   <div class='ocr_carea' id='block_1_2' title="bbox 166 393 1767 468">
    <p class='ocr_par' dir='ltr' id='par_1_2' title="bbox 166 393 1767 468">
     <span class='ocr_line' id='line_1_2' title="bbox 166 393 1767 468; baseline -0.002 -17"><span class='ocrx_word' id='word_1_8' title='bbox 166 393 293 463; x_wconf 72' lang='lat' dir='ltr'><strong>illud</strong></span> <span class='ocrx_word' id='word_1_9' title='bbox 319 394 439 451; x_wconf 76' lang='lat' dir='ltr'><strong>est?</strong></span> <span class='ocrx_word' id='word_1_10' title='bbox 491 394 608 451; x_wconf 86' lang='lat' dir='ltr'><strong>Pax</strong></span> <span class='ocrx_word' id='word_1_11' title='bbox 658 404 719 451; x_wconf 90' lang='lat' dir='ltr'><strong>et</strong></span> <span class='ocrx_word' id='word_1_12' title='bbox 763 396 1035 453; x_wconf 89' lang='lat' dir='ltr'><strong>bellorum</strong></span> <span class='ocrx_word' id='word_1_13' title='bbox 1064 396 1355 468; x_wconf 87' lang='lat' dir='ltr'><strong>abrogatio.</strong></span> <span class='ocrx_word' id='word_1_14' title='bbox 1384 393 1607 463; x_wconf 78' lang='lat' dir='ltr'><strong>Quando</strong></span> <span class='ocrx_word' id='word_1_15' title='bbox 1652 393 1767 447; x_wconf 78' lang='lat' dir='ltr'><strong>lucc</strong></span> 
     </span>
    </p>
   </div>
   <div class='ocr_carea' id='block_1_3' title="bbox 170 486 1765 558">
    <p class='ocr_par' dir='ltr' id='par_1_3' title="bbox 170 486 1765 558">
     <span class='ocr_line' id='line_1_3' title="bbox 170 486 1765 558; baseline -0.004 -14"><span class='ocrx_word' id='word_1_16' title='bbox 170 490 507 558; x_wconf 88' lang='lat' dir='ltr'><strong>contingent,</strong></span> <span class='ocrx_word' id='word_1_17' title='bbox 539 487 762 558; x_wconf 85' lang='lat' dir='ltr'><strong>inquit,</strong></span> <span class='ocrx_word' id='word_1_18' title='bbox 808 500 961 543; x_wconf 88' lang='lat' dir='ltr'><strong>tanta</strong></span> <span class='ocrx_word' id='word_1_19' title='bbox 1007 490 1190 543; x_wconf 90' lang='lat' dir='ltr'><strong>orbem</strong></span> <span class='ocrx_word' id='word_1_20' title='bbox 1239 488 1465 557; x_wconf 88' lang='lat' dir='ltr'><strong>excipiet</strong></span> <span class='ocrx_word' id='word_1_21' title='bbox 1508 486 1765 555; x_wconf 89' lang='lat' dir='ltr'><strong>tranquil-</strong></span> 
     </span>
    </p>
   </div>
   <div class='ocr_carea' id='block_1_4' title="bbox 175 578 1769 649">
    <p class='ocr_par' dir='ltr' id='par_1_4' title="bbox 175 578 1769 649">
     <span class='ocr_line' id='line_1_4' title="bbox 175 578 1769 649; baseline -0.004 -13"><span class='ocrx_word' id='word_1_22' title='bbox 175 583 311 645; x_wconf 86' lang='lat' dir='ltr'><strong>litas,</strong></span> <span class='ocrx_word' id='word_1_23' title='bbox 359 590 415 634; x_wconf 92' lang='lat' dir='ltr'><strong>ut</strong></span> <span class='ocrx_word' id='word_1_24' title='bbox 456 582 624 635; x_wconf 87' lang='lat' dir='ltr'><strong>etiam</strong></span> <span class='ocrx_word' id='word_1_25' title='bbox 664 581 868 635; x_wconf 87' lang='lat' dir='ltr'><strong>bellica</strong></span> <span class='ocrx_word' id='word_1_26' title='bbox 913 598 1057 636; x_wconf 87' lang='lat' dir='ltr'><strong>arma</strong></span> <span class='ocrx_word' id='word_1_27' title='bbox 1102 582 1154 635; x_wconf 93' lang='lat' dir='ltr'><strong>in</strong></span> <span class='ocrx_word' id='word_1_28' title='bbox 1196 580 1528 649; x_wconf 65' lang='lat' dir='ltr'><strong>agriculturae</strong></span> <span class='ocrx_word' id='word_1_29' title='bbox 1572 578 1769 631; x_wconf 86' lang='lat' dir='ltr'><strong>instru-</strong></span> 
     </span>
    </p>
   </div>
   <div class='ocr_carea' id='block_1_5' title="bbox 176 668 1766 742">
    <p class='ocr_par' dir='ltr' id='par_1_5' title="bbox 176 668 1766 742">
     <span class='ocr_line' id='line_1_5' title="bbox 176 668 1766 742; baseline -0.004 -15"><span class='ocrx_word' id='word_1_30' title='bbox 176 682 351 727; x_wconf 87' lang='lat' dir='ltr'><strong>menta</strong></span> <span class='ocrx_word' id='word_1_31' title='bbox 376 671 680 726; x_wconf 88' lang='lat' dir='ltr'><strong>cudautur:</strong></span> <span class='ocrx_word' id='word_1_32' title='bbox 711 672 857 742; x_wconf 92' lang='lat' dir='ltr'><strong>quod</strong></span> <span class='ocrx_word' id='word_1_33' title='bbox 892 673 944 726; x_wconf 92' lang='lat' dir='ltr'><strong>in</strong></span> <span class='ocrx_word' id='word_1_34' title='bbox 983 671 1284 728; x_wconf 69' lang='lat' dir='ltr'><strong>Judreorum</strong></span> <span class='ocrx_word' id='word_1_35' title='bbox 1328 668 1653 739; x_wconf 77' lang='lat' dir='ltr'><strong>temporibus</strong></span> <span class='ocrx_word' id='word_1_36' title='bbox 1675 683 1766 722; x_wconf 89' lang='lat' dir='ltr'><strong>ac-</strong></span> 
     </span>
    </p>
   </div>
   <div class='ocr_carea' id='block_1_6' title="bbox 174 758 1765 833">
    <p class='ocr_par' dir='ltr' id='par_1_6' title="bbox 174 758 1765 833">
     <span class='ocr_line' id='line_1_6' title="bbox 174 758 1765 833; baseline -0.005 -14"><span class='ocrx_word' id='word_1_37' title='bbox 174 767 364 819; x_wconf 82' lang='lat' dir='ltr'><strong>cidisse</strong></span> <span class='ocrx_word' id='word_1_38' title='bbox 391 779 499 818; x_wconf 90' lang='lat' dir='ltr'><strong>non</strong></span> <span class='ocrx_word' id='word_1_39' title='bbox 528 765 842 833; x_wconf 88' lang='lat' dir='ltr'><strong>comperies</strong></span> <span class='ocrx_word' id='word_1_40' title='bbox 870 785 885 819; x_wconf 85' lang='lat'><strong>:</strong></span> <span class='ocrx_word' id='word_1_41' title='bbox 920 764 1029 818; x_wconf 88' lang='lat' dir='ltr'><strong>imo</strong></span> <span class='ocrx_word' id='word_1_42' title='bbox 1054 779 1136 817; x_wconf 90' lang='lat' dir='ltr'><strong>res</strong></span> <span class='ocrx_word' id='word_1_43' title='bbox 1163 763 1213 816; x_wconf 92' lang='lat' dir='ltr'><strong>in</strong></span> <span class='ocrx_word' id='word_1_44' title='bbox 1253 762 1575 815; x_wconf 84' lang='lat' dir='ltr'><strong>contrarium</strong></span> <span class='ocrx_word' id='word_1_45' title='bbox 1616 758 1765 813; x_wconf 91' lang='lat' dir='ltr'><strong>abiit.</strong></span> 
     </span>
    </p>
   </div>
   <div class='ocr_carea' id='block_1_7' title="bbox 175 854 1768 924">
    <p class='ocr_par' dir='ltr' id='par_1_7' title="bbox 175 854 1768 924">
     <span class='ocr_line' id='line_1_7' title="bbox 175 854 1768 924; baseline -0.004 -14"><span class='ocrx_word' id='word_1_46' title='bbox 175 855 287 910; x_wconf 73' lang='lat' dir='ltr'><strong>Non</strong></span> <span class='ocrx_word' id='word_1_47' title='bbox 313 863 597 910; x_wconf 76' lang='lat' dir='ltr'><strong>cessarunt</strong></span> <span class='ocrx_word' id='word_1_48' title='bbox 616 855 764 909; x_wconf 90' lang='lat' dir='ltr'><strong>enim</strong></span> <span class='ocrx_word' id='word_1_49' title='bbox 794 870 889 924; x_wconf 90' lang='lat' dir='ltr'><strong>per</strong></span> <span class='ocrx_word' id='word_1_50' title='bbox 911 864 1077 909; x_wconf 90' lang='lat' dir='ltr'><strong>totum</strong></span> <span class='ocrx_word' id='word_1_51' title='bbox 1101 854 1399 921; x_wconf 59' lang='lat' dir='ltr'><strong>reipublicae</strong></span> <span class='ocrx_word' id='word_1_52' title='bbox 1419 867 1529 906; x_wconf 77' lang='lat' dir='ltr'><strong>suze</strong></span> <span class='ocrx_word' id='word_1_53' title='bbox 1558 860 1768 918; x_wconf 79' lang='lat' dir='ltr'><strong>tempus</strong></span> 
     </span>
    </p>
   </div>
   <div class='ocr_carea' id='block_1_8' title="bbox 174 944 1767 1016">
    <p class='ocr_par' dir='ltr' id='par_1_8' title="bbox 174 944 1767 1016">
     <span class='ocr_line' id='line_1_8' title="bbox 174 944 1767 1016; baseline -0.004 -13"><span class='ocrx_word' id='word_1_54' title='bbox 174 950 307 1003; x_wconf 81' lang='lat' dir='ltr'><strong>bella</strong></span> <span class='ocrx_word' id='word_1_55' title='bbox 358 948 560 1003; x_wconf 80' lang='lat' dir='ltr'><strong>inferre</strong></span> <span class='ocrx_word' id='word_1_56' title='bbox 613 957 672 1002; x_wconf 89' lang='lat' dir='ltr'><strong>et</strong></span> <span class='ocrx_word' id='word_1_57' title='bbox 717 948 874 1003; x_wconf 89' lang='lat' dir='ltr'><strong>bellis</strong></span> <span class='ocrx_word' id='word_1_58' title='bbox 926 947 1129 1016; x_wconf 90' lang='lat' dir='ltr'><strong>impeti,</strong></span> <span class='ocrx_word' id='word_1_59' title='bbox 1160 945 1402 1000; x_wconf 89' lang='lat' dir='ltr'><strong>hostibus</strong></span> <span class='ocrx_word' id='word_1_60' title='bbox 1450 945 1567 999; x_wconf 87' lang='lat' dir='ltr'><strong>illos</strong></span> <span class='ocrx_word' id='word_1_61' title='bbox 1606 944 1767 997; x_wconf 91' lang='lat' dir='ltr'><strong>modo</strong></span> 
     </span>
    </p>
   </div>
   <div class='ocr_carea' id='block_1_9' title="bbox 170 1035 1767 1104">
    <p class='ocr_par' dir='ltr' id='par_1_9' title="bbox 170 1035 1767 1104">
     <span class='ocr_line' id='line_1_9' title="bbox 170 1035 1767 1104; baseline -0.004 -9"><span class='ocrx_word' id='word_1_62' title='bbox 170 1041 393 1104; x_wconf 85' lang='lat' dir='ltr'><strong>diutius,</strong></span> <span class='ocrx_word' id='word_1_63' title='bbox 419 1042 585 1095; x_wconf 87' lang='lat' dir='ltr'><strong>modo</strong></span> <span class='ocrx_word' id='word_1_64' title='bbox 625 1040 906 1095; x_wconf 88' lang='lat' dir='ltr'><strong>remissius</strong></span> <span class='ocrx_word' id='word_1_65' title='bbox 952 1037 1337 1093; x_wconf 89' lang='lat' dir='ltr'><strong>invadentibus.</strong></span> <span class='ocrx_word' id='word_1_66' title='bbox 1381 1035 1593 1092; x_wconf 84' lang='lat' dir='ltr'><strong>Etenim</strong></span> <span class='ocrx_word' id='word_1_67' title='bbox 1622 1036 1710 1104; x_wconf 90' lang='lat' dir='ltr'><strong>qui</strong></span> <span class='ocrx_word' id='word_1_68' title='bbox 1736 1049 1767 1089; x_wconf 89' lang='lat' dir='ltr'><strong>e</strong></span> 
     </span>
    </p>
   </div>
   <div class='ocr_carea' id='block_1_10' title="bbox 177 1128 1765 1202">
    <p class='ocr_par' dir='ltr' id='par_1_10' title="bbox 177 1128 1765 1202">
     <span class='ocr_line' id='line_1_10' title="bbox 177 1128 1765 1202; baseline -0.003 -15"><span class='ocrx_word' id='word_1_69' title='bbox 177 1135 350 1188; x_wconf 84' lang='lat' dir='ltr'><strong>vicino</strong></span> <span class='ocrx_word' id='word_1_70' title='bbox 381 1133 721 1198; x_wconf 83' lang='lat' dir='ltr'><strong>habitabant,</strong></span> <span class='ocrx_word' id='word_1_71' title='bbox 742 1134 848 1187; x_wconf 90' lang='lat' dir='ltr'><strong>imo</strong></span> <span class='ocrx_word' id='word_1_72' title='bbox 877 1134 1037 1187; x_wconf 89' lang='lat' dir='ltr'><strong>etiam</strong></span> <span class='ocrx_word' id='word_1_73' title='bbox 1062 1131 1146 1202; x_wconf 92' lang='lat' dir='ltr'><strong>qui</strong></span> <span class='ocrx_word' id='word_1_74' title='bbox 1172 1131 1226 1185; x_wconf 91' lang='lat' dir='ltr'><strong>in</strong></span> <span class='ocrx_word' id='word_1_75' title='bbox 1257 1130 1560 1195; x_wconf 73' lang='lat' dir='ltr'><strong>Palaestina,</strong></span> <span class='ocrx_word' id='word_1_76' title='bbox 1586 1128 1765 1200; x_wconf 79' lang='lat' dir='ltr'><strong>gravia</strong></span> 
     </span>
    </p>
   </div>
   <div class='ocr_carea' id='block_1_11' title="bbox 177 1221 1767 1296">
    <p class='ocr_par' dir='ltr' id='par_1_11' title="bbox 177 1221 1767 1296">
     <span class='ocr_line' id='line_1_11' title="bbox 177 1221 1767 1296; baseline -0.001 -18"><span class='ocrx_word' id='word_1_77' title='bbox 177 1226 302 1294; x_wconf 80' lang='lat' dir='ltr'><strong>ipsis</strong></span> <span class='ocrx_word' id='word_1_78' title='bbox 352 1240 501 1295; x_wconf 62' lang='lat' dir='ltr'><strong>saepe</strong></span> <span class='ocrx_word' id='word_1_79' title='bbox 546 1225 761 1296; x_wconf 87' lang='lat' dir='ltr'><strong>negotia</strong></span> <span class='ocrx_word' id='word_1_80' title='bbox 808 1222 1160 1291; x_wconf 85' lang='lat' dir='ltr'><strong>lacessebant,</strong></span> <span class='ocrx_word' id='word_1_81' title='bbox 1198 1224 1270 1278; x_wconf 87' lang='lat' dir='ltr'><strong>ita</strong></span> <span class='ocrx_word' id='word_1_82' title='bbox 1318 1232 1377 1277; x_wconf 91' lang='lat' dir='ltr'><strong>ut</strong></span> <span class='ocrx_word' id='word_1_83' title='bbox 1420 1222 1487 1277; x_wconf 89' lang='lat' dir='ltr'><strong>de</strong></span> <span class='ocrx_word' id='word_1_84' title='bbox 1514 1221 1767 1277; x_wconf 82' lang='lat' dir='ltr'><strong>extremis</strong></span> 
     </span>
    </p>
   </div>
   <div class='ocr_carea' id='block_1_12' title="bbox 178 1318 630 1388">
    <p class='ocr_par' dir='ltr' id='par_1_12' title="bbox 178 1318 630 1388">
     <span class='ocr_line' id='line_1_12' title="bbox 178 1318 630 1388; baseline -0.002 -18"><span class='ocrx_word' id='word_1_85' title='bbox 178 1318 630 1388; x_wconf 82' lang='lat' dir='ltr'><strong>periclitareutur.</strong></span> 
     </span>
    </p>
   </div>
   <div class='ocr_carea' id='block_1_13' title="bbox 238 1404 1761 1476">
    <p class='ocr_par' dir='ltr' id='par_1_13' title="bbox 238 1404 1761 1476">
     <span class='ocr_line' id='line_1_13' title="bbox 238 1404 1761 1476; baseline -0.004 -13"><span class='ocrx_word' id='word_1_86' title='bbox 238 1409 293 1463; x_wconf 88' lang='lat'><strong>5.</strong></span> <span class='ocrx_word' id='word_1_87' title='bbox 338 1409 406 1461; x_wconf 84' lang='lat' dir='ltr'><strong>Et</strong></span> <span class='ocrx_word' id='word_1_88' title='bbox 436 1408 558 1462; x_wconf 84' lang='lat' dir='ltr'><strong>haec</strong></span> <span class='ocrx_word' id='word_1_89' title='bbox 587 1406 867 1476; x_wconf 79' lang='lat' dir='ltr'><strong>perspicue</strong></span> <span class='ocrx_word' id='word_1_90' title='bbox 894 1405 1131 1461; x_wconf 88' lang='lat' dir='ltr'><strong>declarat</strong></span> <span class='ocrx_word' id='word_1_91' title='bbox 1163 1404 1465 1475; x_wconf 75' lang='lat' dir='ltr'><strong>Regnorum</strong></span> <span class='ocrx_word' id='word_1_92' title='bbox 1493 1404 1712 1459; x_wconf 86' lang='lat' dir='ltr'><strong>historia</strong></span> <span class='ocrx_word' id='word_1_93' title='bbox 1742 1443 1761 1471; x_wconf 92' lang='lat'><strong>,</strong></span> 
     </span>
    </p>
   </div>
   <div class='ocr_carea' id='block_1_14' title="bbox 174 1496 1761 1566">
    <p class='ocr_par' dir='ltr' id='par_1_14' title="bbox 174 1496 1761 1566">
     <span class='ocr_line' id='line_1_14' title="bbox 174 1496 1761 1566; baseline -0.001 -14"><span class='ocrx_word' id='word_1_94' title='bbox 174 1510 277 1554; x_wconf 82' lang='lat' dir='ltr'><strong>tota</strong></span> <span class='ocrx_word' id='word_1_95' title='bbox 306 1499 469 1554; x_wconf 90' lang='lat' dir='ltr'><strong>bellis</strong></span> <span class='ocrx_word' id='word_1_96' title='bbox 496 1508 791 1553; x_wconf 81' lang='lat' dir='ltr'><strong>contexta:</strong></span> <span class='ocrx_word' id='word_1_97' title='bbox 814 1497 1101 1553; x_wconf 86' lang='lat' dir='ltr'><strong>ostendunt</strong></span> <span class='ocrx_word' id='word_1_98' title='bbox 1119 1496 1242 1551; x_wconf 89' lang='lat' dir='ltr'><strong>item</strong></span> <span class='ocrx_word' id='word_1_99' title='bbox 1264 1496 1535 1566; x_wconf 59' lang='lat' dir='ltr'><strong>prophetae</strong></span> <span class='ocrx_word' id='word_1_100' title='bbox 1555 1511 1761 1562; x_wconf 85' lang='lat' dir='ltr'><strong>omnes,</strong></span> 
     </span>
    </p>
   </div>
   <div class='ocr_carea' id='block_1_15' title="bbox 172 1588 1763 1660">
    <p class='ocr_par' dir='ltr' id='par_1_15' title="bbox 172 1588 1763 1660">
     <span class='ocr_line' id='line_1_15' title="bbox 172 1588 1763 1660; baseline -0.001 -17"><span class='ocrx_word' id='word_1_101' title='bbox 172 1593 259 1659; x_wconf 87' lang='lat' dir='ltr'><strong>qui</strong></span> <span class='ocrx_word' id='word_1_102' title='bbox 286 1592 405 1645; x_wconf 77' lang='lat' dir='ltr'><strong>haec</strong></span> <span class='ocrx_word' id='word_1_103' title='bbox 424 1600 580 1660; x_wconf 84' lang='lat' dir='ltr'><strong>gesta</strong></span> <span class='ocrx_word' id='word_1_104' title='bbox 618 1590 937 1655; x_wconf 78' lang='lat' dir='ltr'><strong>narrabant,</strong></span> <span class='ocrx_word' id='word_1_105' title='bbox 983 1598 1039 1645; x_wconf 93' lang='lat' dir='ltr'><strong>et</strong></span> <span class='ocrx_word' id='word_1_106' title='bbox 1084 1598 1362 1660; x_wconf 87' lang='lat' dir='ltr'><strong>antequam</strong></span> <span class='ocrx_word' id='word_1_107' title='bbox 1408 1588 1597 1643; x_wconf 85' lang='lat' dir='ltr'><strong>ﬁerent</strong></span> <span class='ocrx_word' id='word_1_108' title='bbox 1625 1603 1763 1657; x_wconf 73' lang='lat' dir='ltr'><strong>pra:-</strong></span> 
     </span>
    </p>
   </div>
   <div class='ocr_carea' id='block_1_16' title="bbox 174 1683 1765 1753">
    <p class='ocr_par' dir='ltr' id='par_1_16' title="bbox 174 1683 1765 1753">
     <span class='ocr_line' id='line_1_16' title="bbox 174 1683 1765 1753; baseline 0 -15"><span class='ocrx_word' id='word_1_109' title='bbox 174 1685 492 1738; x_wconf 84' lang='lat' dir='ltr'><strong>nuutiabant</strong></span> <span class='ocrx_word' id='word_1_110' title='bbox 525 1702 539 1737; x_wconf 91' lang='lat'><strong>:</strong></span> <span class='ocrx_word' id='word_1_111' title='bbox 574 1694 630 1739; x_wconf 92' lang='lat' dir='ltr'><strong>et</strong></span> <span class='ocrx_word' id='word_1_112' title='bbox 656 1700 725 1739; x_wconf 82' lang='lat' dir='ltr'><strong>ex</strong></span> <span class='ocrx_word' id='word_1_113' title='bbox 754 1685 870 1749; x_wconf 91' lang='lat' dir='ltr'><strong>illa,</strong></span> <span class='ocrx_word' id='word_1_114' title='bbox 922 1694 977 1738; x_wconf 89' lang='lat' dir='ltr'><strong>ut</strong></span> <span class='ocrx_word' id='word_1_115' title='bbox 1010 1684 1080 1738; x_wconf 90' lang='lat' dir='ltr'><strong>ita</strong></span> <span class='ocrx_word' id='word_1_116' title='bbox 1105 1683 1274 1738; x_wconf 90' lang='lat' dir='ltr'><strong>dicam</strong></span> <span class='ocrx_word' id='word_1_117' title='bbox 1298 1726 1315 1748; x_wconf 92' lang='lat'><strong>,</strong></span> <span class='ocrx_word' id='word_1_118' title='bbox 1357 1683 1444 1739; x_wconf 92' lang='lat' dir='ltr'><strong>die</strong></span> <span class='ocrx_word' id='word_1_119' title='bbox 1467 1700 1568 1753; x_wconf 88' lang='lat' dir='ltr'><strong>qua</strong></span> <span class='ocrx_word' id='word_1_120' title='bbox 1595 1683 1765 1752; x_wconf 79' lang='lat' dir='ltr'><strong>erepti</strong></span> 
     </span>
    </p>
   </div>
   <div class='ocr_carea' id='block_1_17' title="bbox 175 1762 1764 1848">
    <p class='ocr_par' dir='ltr' id='par_1_17' title="bbox 175 1762 1764 1848">
     <span class='ocr_line' id='line_1_17' title="bbox 175 1762 1764 1848; baseline 0 -17"><span class='ocrx_word' id='word_1_121' title='bbox 175 1788 292 1831; x_wconf 90' lang='lat' dir='ltr'><strong>sunt</strong></span> <span class='ocrx_word' id='word_1_122' title='bbox 312 1792 380 1831; x_wconf 85' lang='lat' dir='ltr'><strong>ex</strong></span> <span class='ocrx_word' id='word_1_123' title='bbox 408 1776 637 1848; x_wconf 63' lang='lat' dir='ltr'><strong>:Egypti</strong></span> <span class='ocrx_word' id='word_1_124' title='bbox 670 1776 968 1846; x_wconf 76' lang='lat' dir='ltr'><strong>tyrannide,</strong></span> <span class='ocrx_word' id='word_1_125' title='bbox 986 1786 1147 1831; x_wconf 89' lang='lat' dir='ltr'><strong>totam</strong></span> <span class='ocrx_word' id='word_1_126' title='bbox 1164 1778 1325 1830; x_wconf 87' lang='lat' dir='ltr'><strong>vitam</strong></span> <span class='ocrx_word' id='word_1_127' title='bbox 1346 1776 1397 1830; x_wconf 93' lang='lat' dir='ltr'><strong>iu</strong></span> <span class='ocrx_word' id='word_1_128' title='bbox 1420 1776 1571 1832; x_wconf 90' lang='lat' dir='ltr'><strong>bellis</strong></span> <span class='ocrx_word' id='word_1_129' title='bbox 1592 1762 1764 1831; x_wconf 85' lang='lat' dir='ltr'><strong>trans-</strong></span> 
     </span>
    </p>
   </div>
   <div class='ocr_carea' id='block_1_18' title="bbox 176 1878 411 1939">
    <p class='ocr_par' dir='ltr' id='par_1_18' title="bbox 176 1878 411 1939">
     <span class='ocr_line' id='line_1_18' title="bbox 176 1878 411 1939; baseline 0.004 -19"><span class='ocrx_word' id='word_1_130' title='bbox 176 1878 411 1939; x_wconf 76' lang='lat' dir='ltr'><strong>egerunt.</strong></span> 
     </span>
    </p>
   </div>
   <div class='ocr_carea' id='block_1_19' title="bbox 248 1961 1763 2033">
    <p class='ocr_par' dir='ltr' id='par_1_19' title="bbox 248 1961 1763 2033">
     <span class='ocr_line' id='line_1_19' title="bbox 248 1961 1763 2033; baseline 0.001 -17"><span class='ocrx_word' id='word_1_131' title='bbox 248 1962 455 2032; x_wconf 78' lang='lat' dir='ltr'><strong>Imperii</strong></span> <span class='ocrx_word' id='word_1_132' title='bbox 472 1973 646 2017; x_wconf 85' lang='lat' dir='ltr'><strong>status</strong></span> <span class='ocrx_word' id='word_1_133' title='bbox 667 1979 781 2015; x_wconf 88' lang='lat' dir='ltr'><strong>cum</strong></span> <span class='ocrx_word' id='word_1_134' title='bbox 806 1961 1185 2033; x_wconf 83' lang='lat' dir='ltr'><strong>Chrysostomus</strong></span> <span class='ocrx_word' id='word_1_135' title='bbox 1206 1963 1505 2033; x_wconf 79' lang='lat' dir='ltr'><strong>loqueretur.</strong></span> <span class='ocrx_word' id='word_1_136' title='bbox 1532 1962 1611 2016; x_wconf 87' lang='lat' dir='ltr'><strong>De</strong></span> <span class='ocrx_word' id='word_1_137' title='bbox 1634 1962 1763 2017; x_wconf 87' lang='lat' dir='ltr'><strong>bello</strong></span> 
     </span>
    </p>
   </div>
   <div class='ocr_carea' id='block_1_20' title="bbox 182 2056 1763 2127">
    <p class='ocr_par' dir='ltr' id='par_1_20' title="bbox 182 2056 1763 2127">
     <span class='ocr_line' id='line_1_20' title="bbox 182 2056 1763 2127; baseline 0.003 -19"><span class='ocrx_word' id='word_1_138' title='bbox 182 2056 310 2127; x_wconf 77' lang='lat' dir='ltr'><strong>apud</strong></span> <span class='ocrx_word' id='word_1_139' title='bbox 345 2056 572 2124; x_wconf 83' lang='lat' dir='ltr'><strong>populos</strong></span> <span class='ocrx_word' id='word_1_140' title='bbox 620 2056 954 2126; x_wconf 73' lang='lat' dir='ltr'><strong>antiquiores.</strong></span> <span class='ocrx_word' id='word_1_141' title='bbox 983 2087 1053 2096; x_wconf 90' lang='lat'>—</span> <span class='ocrx_word' id='word_1_142' title='bbox 1076 2056 1266 2111; x_wconf 84' lang='lat' dir='ltr'><strong>Verum</strong></span> <span class='ocrx_word' id='word_1_143' title='bbox 1305 2072 1442 2111; x_wconf 89' lang='lat' dir='ltr'><strong>nunc</strong></span> <span class='ocrx_word' id='word_1_144' title='bbox 1472 2072 1575 2111; x_wconf 88' lang='lat' dir='ltr'><strong>non</strong></span> <span class='ocrx_word' id='word_1_145' title='bbox 1604 2057 1676 2111; x_wconf 87' lang='lat' dir='ltr'><strong>ita</strong></span> <span class='ocrx_word' id='word_1_146' title='bbox 1703 2071 1763 2112; x_wconf 88' lang='lat' dir='ltr'><strong>se</strong></span> 
     </span>
    </p>
   </div>
   <div class='ocr_carea' id='block_1_21' title="bbox 182 2148 1761 2218">
    <p class='ocr_par' dir='ltr' id='par_1_21' title="bbox 182 2148 1761 2218">
     <span class='ocr_line' id='line_1_21' title="bbox 182 2148 1761 2218; baseline 0.001 -15"><span class='ocrx_word' id='word_1_147' title='bbox 182 2164 261 2203; x_wconf 88' lang='lat' dir='ltr'><strong>res</strong></span> <span class='ocrx_word' id='word_1_148' title='bbox 304 2149 512 2203; x_wconf 80' lang='lat' dir='ltr'><strong>habet:</strong></span> <span class='ocrx_word' id='word_1_149' title='bbox 548 2149 651 2203; x_wconf 89' lang='lat' dir='ltr'><strong>sed</strong></span> <span class='ocrx_word' id='word_1_150' title='bbox 697 2164 887 2217; x_wconf 83' lang='lat' dir='ltr'><strong>magna</strong></span> <span class='ocrx_word' id='word_1_151' title='bbox 928 2164 1026 2218; x_wconf 79' lang='lat' dir='ltr'><strong>pax</strong></span> <span class='ocrx_word' id='word_1_152' title='bbox 1069 2164 1160 2217; x_wconf 90' lang='lat' dir='ltr'><strong>per</strong></span> <span class='ocrx_word' id='word_1_153' title='bbox 1202 2149 1404 2203; x_wconf 89' lang='lat' dir='ltr'><strong>orbem.</strong></span> <span class='ocrx_word' id='word_1_154' title='bbox 1435 2149 1501 2203; x_wconf 89' lang='lat' dir='ltr'><strong>Et</strong></span> <span class='ocrx_word' id='word_1_155' title='bbox 1542 2149 1584 2203; x_wconf 91' lang='lat' dir='ltr'><strong>si</strong></span> <span class='ocrx_word' id='word_1_156' title='bbox 1623 2148 1761 2205; x_wconf 85' lang='lat' dir='ltr'><strong>bella</strong></span> 
     </span>
    </p>
   </div>
   <div class='ocr_carea' id='block_1_22' title="bbox 180 2240 1760 2311">
    <p class='ocr_par' dir='ltr' id='par_1_22' title="bbox 180 2240 1760 2311">
     <span class='ocr_line' id='line_1_22' title="bbox 180 2240 1760 2311; baseline 0.001 -16"><span class='ocrx_word' id='word_1_157' title='bbox 180 2240 411 2309; x_wconf 67' lang='lat' dir='ltr'><strong>quaedam</strong></span> <span class='ocrx_word' id='word_1_158' title='bbox 440 2241 703 2295; x_wconf 88' lang='lat' dir='ltr'><strong>oriuntur</strong></span> <span class='ocrx_word' id='word_1_159' title='bbox 724 2280 741 2305; x_wconf 94' lang='lat'><strong>,</strong></span> <span class='ocrx_word' id='word_1_160' title='bbox 772 2255 879 2294; x_wconf 91' lang='lat' dir='ltr'><strong>non</strong></span> <span class='ocrx_word' id='word_1_161' title='bbox 904 2241 1123 2311; x_wconf 89' lang='lat' dir='ltr'><strong>perinde</strong></span> <span class='ocrx_word' id='word_1_162' title='bbox 1151 2249 1207 2295; x_wconf 91' lang='lat' dir='ltr'><strong>ut</strong></span> <span class='ocrx_word' id='word_1_163' title='bbox 1241 2242 1406 2310; x_wconf 90' lang='lat' dir='ltr'><strong>prius.</strong></span> <span class='ocrx_word' id='word_1_164' title='bbox 1447 2241 1594 2296; x_wconf 79' lang='lat' dir='ltr'><strong>Tunc</strong></span> <span class='ocrx_word' id='word_1_165' title='bbox 1618 2242 1760 2297; x_wconf 85' lang='lat' dir='ltr'><strong>enim</strong></span> 
     </span>
    </p>
   </div>
   <div class='ocr_carea' id='block_1_23' title="bbox 180 2333 1756 2404">
    <p class='ocr_par' dir='ltr' id='par_1_23' title="bbox 180 2333 1756 2404">
     <span class='ocr_line' id='line_1_23' title="bbox 180 2333 1756 2404; baseline 0.001 -16"><span class='ocrx_word' id='word_1_166' title='bbox 180 2335 407 2388; x_wconf 80' lang='lat' dir='ltr'><strong>civitates</strong></span> <span class='ocrx_word' id='word_1_167' title='bbox 438 2342 639 2387; x_wconf 78' lang='lat' dir='ltr'><strong>contra</strong></span> <span class='ocrx_word' id='word_1_168' title='bbox 670 2334 911 2387; x_wconf 87' lang='lat' dir='ltr'><strong>civitates</strong></span> <span class='ocrx_word' id='word_1_169' title='bbox 936 2373 951 2398; x_wconf 94' lang='lat'><strong>,</strong></span> <span class='ocrx_word' id='word_1_170' title='bbox 998 2333 1237 2401; x_wconf 74' lang='lat' dir='ltr'><strong>regiones</strong></span> <span class='ocrx_word' id='word_1_171' title='bbox 1261 2345 1441 2387; x_wconf 91' lang='lat' dir='ltr'><strong>contra</strong></span> <span class='ocrx_word' id='word_1_172' title='bbox 1482 2335 1756 2404; x_wconf 77' lang='lat' dir='ltr'><strong>regiones,</strong></span> 
     </span>
    </p>
   </div>
   <div class='ocr_carea' id='block_1_24' title="bbox 179 2425 1760 2495">
    <p class='ocr_par' dir='ltr' id='par_1_24' title="bbox 179 2425 1760 2495">
     <span class='ocr_line' id='line_1_24' title="bbox 179 2425 1760 2495; baseline 0.001 -15"><span class='ocrx_word' id='word_1_173' title='bbox 179 2427 340 2495; x_wconf 83' lang='lat' dir='ltr'><strong>populi</strong></span> <span class='ocrx_word' id='word_1_174' title='bbox 366 2436 565 2481; x_wconf 79' lang='lat' dir='ltr'><strong>contra</strong></span> <span class='ocrx_word' id='word_1_175' title='bbox 590 2425 825 2493; x_wconf 87' lang='lat' dir='ltr'><strong>populos</strong></span> <span class='ocrx_word' id='word_1_176' title='bbox 846 2426 1194 2494; x_wconf 82' lang='lat' dir='ltr'><strong>conﬂigebant</strong></span> <span class='ocrx_word' id='word_1_177' title='bbox 1223 2443 1236 2478; x_wconf 90' lang='lat'>:</span> <span class='ocrx_word' id='word_1_178' title='bbox 1265 2442 1395 2495; x_wconf 90' lang='lat' dir='ltr'><strong>gens</strong></span> <span class='ocrx_word' id='word_1_179' title='bbox 1421 2442 1524 2480; x_wconf 89' lang='lat' dir='ltr'><strong>una</strong></span> <span class='ocrx_word' id='word_1_180' title='bbox 1544 2428 1596 2481; x_wconf 92' lang='lat' dir='ltr'><strong>in</strong></span> <span class='ocrx_word' id='word_1_181' title='bbox 1622 2428 1760 2481; x_wconf 91' lang='lat' dir='ltr'><strong>mul-</strong></span> 
     </span>
    </p>
   </div>
   <div class='ocr_carea' id='block_1_25' title="bbox 178 2517 1759 2588">
    <p class='ocr_par' dir='ltr' id='par_1_25' title="bbox 178 2517 1759 2588">
     <span class='ocr_line' id='line_1_25' title="bbox 178 2517 1759 2588; baseline 0.003 -16"><span class='ocrx_word' id='word_1_182' title='bbox 178 2529 249 2572; x_wconf 85' lang='lat' dir='ltr'><strong>tas</strong></span> <span class='ocrx_word' id='word_1_183' title='bbox 273 2528 451 2588; x_wconf 84' lang='lat' dir='ltr'><strong>partes</strong></span> <span class='ocrx_word' id='word_1_184' title='bbox 476 2517 857 2570; x_wconf 80' lang='lat' dir='ltr'><strong>scindebatur.</strong></span> <span class='ocrx_word' id='word_1_185' title='bbox 882 2520 958 2570; x_wconf 83' lang='lat' dir='ltr'><strong>Ac</strong></span> <span class='ocrx_word' id='word_1_186' title='bbox 981 2519 1022 2571; x_wconf 89' lang='lat' dir='ltr'><strong>si</strong></span> <span class='ocrx_word' id='word_1_187' title='bbox 1046 2519 1165 2587; x_wconf 88' lang='lat' dir='ltr'><strong>quis</strong></span> <span class='ocrx_word' id='word_1_188' title='bbox 1193 2518 1384 2573; x_wconf 88' lang='lat' dir='ltr'><strong>librqu</strong></span> <span class='ocrx_word' id='word_1_189' title='bbox 1406 2519 1564 2575; x_wconf 86' lang='lat' dir='ltr'><strong>Josue</strong></span> <span class='ocrx_word' id='word_1_190' title='bbox 1589 2531 1640 2576; x_wconf 91' lang='lat' dir='ltr'><strong>et</strong></span> <span class='ocrx_word' id='word_1_191' title='bbox 1664 2522 1759 2576; x_wconf 84' lang='lat' dir='ltr'><strong>Ju-</strong></span> 
     </span>
    </p>
   </div>
   <div class='ocr_carea' id='block_1_26' title="bbox 173 2609 1761 2680">
    <p class='ocr_par' dir='ltr' id='par_1_26' title="bbox 173 2609 1761 2680">
     <span class='ocr_line' id='line_1_26' title="bbox 173 2609 1761 2680; baseline 0.003 -17"><span class='ocrx_word' id='word_1_192' title='bbox 173 2609 334 2663; x_wconf 84' lang='lat' dir='ltr'><strong>dicum</strong></span> <span class='ocrx_word' id='word_1_193' title='bbox 361 2609 579 2678; x_wconf 84' lang='lat' dir='ltr'><strong>legerit,</strong></span> <span class='ocrx_word' id='word_1_194' title='bbox 617 2609 757 2661; x_wconf 85' lang='lat' dir='ltr'><strong>sciet</strong></span> <span class='ocrx_word' id='word_1_195' title='bbox 783 2618 911 2677; x_wconf 92' lang='lat' dir='ltr'><strong>quot</strong></span> <span class='ocrx_word' id='word_1_196' title='bbox 940 2610 1072 2662; x_wconf 86' lang='lat' dir='ltr'><strong>bella</strong></span> <span class='ocrx_word' id='word_1_197' title='bbox 1112 2610 1388 2680; x_wconf 75' lang='lat' dir='ltr'><strong>Palzcstina</strong></span> <span class='ocrx_word' id='word_1_198' title='bbox 1433 2610 1577 2666; x_wconf 83' lang='lat' dir='ltr'><strong>brevi</strong></span> <span class='ocrx_word' id='word_1_199' title='bbox 1624 2623 1761 2667; x_wconf 84' lang='lat' dir='ltr'><strong>tem-</strong></span> 
     </span>
    </p>
   </div>
   <div class='ocr_carea' id='block_1_27' title="bbox 174 2697 1761 2771">
    <p class='ocr_par' dir='ltr' id='par_1_27' title="bbox 174 2697 1761 2771">
     <span class='ocr_line' id='line_1_27' title="bbox 174 2697 1761 2771; baseline 0.005 -18"><span class='ocrx_word' id='word_1_200' title='bbox 174 2715 291 2770; x_wconf 83' lang='lat' dir='ltr'><strong>pore</strong></span> <span class='ocrx_word' id='word_1_201' title='bbox 316 2701 653 2770; x_wconf 86' lang='lat' dir='ltr'><strong>susceperit.</strong></span> <span class='ocrx_word' id='word_1_202' title='bbox 678 2697 866 2769; x_wconf 79' lang='lat' dir='ltr'><strong>Neque</strong></span> <span class='ocrx_word' id='word_1_203' title='bbox 890 2699 939 2752; x_wconf 94' lang='lat' dir='ltr'><strong>id</strong></span> <span class='ocrx_word' id='word_1_204' title='bbox 965 2701 1133 2753; x_wconf 90' lang='lat' dir='ltr'><strong>solum</strong></span> <span class='ocrx_word' id='word_1_205' title='bbox 1162 2701 1478 2757; x_wconf 81' lang='lat' dir='ltr'><strong>incommodi</strong></span> <span class='ocrx_word' id='word_1_206' title='bbox 1503 2714 1637 2771; x_wconf 83' lang='lat' dir='ltr'><strong>erat,</strong></span> <span class='ocrx_word' id='word_1_207' title='bbox 1667 2706 1761 2760; x_wconf 91' lang='lat' dir='ltr'><strong>sed</strong></span> 
     </span>
    </p>
   </div>
   <div class='ocr_carea' id='block_1_28' title="bbox 172 2790 1762 2864">
    <p class='ocr_par' dir='ltr' id='par_1_28' title="bbox 172 2790 1762 2864">
     <span class='ocr_line' id='line_1_28' title="bbox 172 2790 1762 2864; baseline 0.002 -17"><span class='ocrx_word' id='word_1_208' title='bbox 172 2793 299 2863; x_wconf 85' lang='lat' dir='ltr'><strong>quod</strong></span> <span class='ocrx_word' id='word_1_209' title='bbox 323 2792 407 2846; x_wconf 92' lang='lat' dir='ltr'><strong>lex</strong></span> <span class='ocrx_word' id='word_1_210' title='bbox 437 2807 641 2845; x_wconf 67' lang='lat' dir='ltr'><strong>omnes</strong></span> <span class='ocrx_word' id='word_1_211' title='bbox 668 2805 820 2843; x_wconf 88' lang='lat' dir='ltr'><strong>arma</strong></span> <span class='ocrx_word' id='word_1_212' title='bbox 847 2806 1057 2845; x_wconf 87' lang='lat' dir='ltr'><strong>sumere</strong></span> <span class='ocrx_word' id='word_1_213' title='bbox 1081 2790 1290 2860; x_wconf 85' lang='lat' dir='ltr'><strong>juberet</strong></span> <span class='ocrx_word' id='word_1_214' title='bbox 1311 2834 1325 2856; x_wconf 89' lang='lat'><strong>,</strong></span> <span class='ocrx_word' id='word_1_215' title='bbox 1367 2809 1629 2864; x_wconf 87' lang='lat' dir='ltr'><strong>nemoque</strong></span> <span class='ocrx_word' id='word_1_216' title='bbox 1660 2796 1762 2850; x_wconf 88' lang='lat' dir='ltr'><strong>im-</strong></span> 
     </span>
    </p>
   </div>
   <div class='ocr_carea' id='block_1_29' title="bbox 174 2880 1763 2953">
    <p class='ocr_par' dir='ltr' id='par_1_29' title="bbox 174 2880 1763 2953">
     <span class='ocr_line' id='line_1_29' title="bbox 174 2880 1763 2953; baseline 0.003 -16"><span class='ocrx_word' id='word_1_217' title='bbox 174 2884 336 2937; x_wconf 85' lang='lat' dir='ltr'><strong>munis</strong></span> <span class='ocrx_word' id='word_1_218' title='bbox 361 2893 511 2938; x_wconf 69' lang='lat' dir='ltr'><strong>esset</strong></span> <span class='ocrx_word' id='word_1_219' title='bbox 540 2897 571 2935; x_wconf 89' lang='lat' dir='ltr'><strong>a</strong></span> <span class='ocrx_word' id='word_1_220' title='bbox 604 2880 700 2934; x_wconf 90' lang='lat' dir='ltr'><strong>tali</strong></span> <span class='ocrx_word' id='word_1_221' title='bbox 722 2880 921 2935; x_wconf 81' lang='lat' dir='ltr'><strong>ofﬁcio.</strong></span> <span class='ocrx_word' id='word_1_222' title='bbox 950 2880 1131 2952; x_wconf 78' lang='lat' dir='ltr'><strong>Neque</strong></span> <span class='ocrx_word' id='word_1_223' title='bbox 1157 2892 1357 2937; x_wconf 84' lang='lat' dir='ltr'><strong>tantum</strong></span> <span class='ocrx_word' id='word_1_224' title='bbox 1383 2887 1523 2953; x_wconf 90' lang='lat' dir='ltr'><strong>apud</strong></span> <span class='ocrx_word' id='word_1_225' title='bbox 1549 2885 1763 2942; x_wconf 78' lang='lat' dir='ltr'><strong>Judreos</strong></span> 
     </span>
    </p>
   </div>
   <div class='ocr_carea' id='block_1_30' title="bbox 176 2973 1763 3049">
    <p class='ocr_par' dir='ltr' id='par_1_30' title="bbox 176 2973 1763 3049">
     <span class='ocr_line' id='line_1_30' title="bbox 176 2973 1763 3049; baseline 0.006 -22"><span class='ocrx_word' id='word_1_226' title='bbox 176 2976 279 3030; x_wconf 66' lang='lat' dir='ltr'><strong>haec</strong></span> <span class='ocrx_word' id='word_1_227' title='bbox 304 2976 386 3031; x_wconf 89' lang='lat' dir='ltr'><strong>lex</strong></span> <span class='ocrx_word' id='word_1_228' title='bbox 414 2976 753 3037; x_wconf 88' lang='lat' dir='ltr'><strong>invaluerat,</strong></span> <span class='ocrx_word' id='word_1_229' title='bbox 784 2973 879 3028; x_wconf 84' lang='lat' dir='ltr'><strong>sed</strong></span> <span class='ocrx_word' id='word_1_230' title='bbox 905 2986 957 3028; x_wconf 92' lang='lat' dir='ltr'><strong>et</strong></span> <span class='ocrx_word' id='word_1_231' title='bbox 980 2976 1173 3044; x_wconf 90' lang='lat' dir='ltr'><strong>ubique</strong></span> <span class='ocrx_word' id='word_1_232' title='bbox 1203 2985 1461 3032; x_wconf 88' lang='lat' dir='ltr'><strong>terrarum</strong></span> <span class='ocrx_word' id='word_1_233' title='bbox 1486 2996 1498 3030; x_wconf 92' lang='lat'>:</span> <span class='ocrx_word' id='word_1_234' title='bbox 1524 2982 1763 3049; x_wconf 87' lang='lat' dir='ltr'><strong>quando-</strong></span> 
     </span>
    </p>
   </div>
   <div class='ocr_carea' id='block_1_31' title="bbox 176 3065 1764 3140">
    <p class='ocr_par' dir='ltr' id='par_1_31' title="bbox 176 3065 1764 3140">
     <span class='ocr_line' id='line_1_31' title="bbox 176 3065 1764 3140; baseline 0.008 -23"><span class='ocrx_word' id='word_1_235' title='bbox 176 3067 373 3134; x_wconf 84' lang='lat' dir='ltr'><strong>quidem</strong></span> <span class='ocrx_word' id='word_1_236' title='bbox 409 3076 467 3123; x_wconf 83' lang='lat' dir='ltr'><strong>et</strong></span> <span class='ocrx_word' id='word_1_237' title='bbox 511 3067 771 3119; x_wconf 81' lang='lat' dir='ltr'><strong>rhetores</strong></span> <span class='ocrx_word' id='word_1_238' title='bbox 814 3074 869 3119; x_wconf 93' lang='lat' dir='ltr'><strong>et</strong></span> <span class='ocrx_word' id='word_1_239' title='bbox 908 3065 1241 3136; x_wconf 85' lang='lat' dir='ltr'><strong>philosophi,</strong></span> <span class='ocrx_word' id='word_1_240' title='bbox 1286 3070 1373 3138; x_wconf 85' lang='lat' dir='ltr'><strong>qui</strong></span> <span class='ocrx_word' id='word_1_241' title='bbox 1415 3071 1543 3124; x_wconf 87' lang='lat' dir='ltr'><strong>nihil</strong></span> <span class='ocrx_word' id='word_1_242' title='bbox 1572 3082 1764 3140; x_wconf 72' lang='lat' dir='ltr'><strong>prteter</strong></span> 
     </span>
    </p>
   </div>
   <div class='ocr_carea' id='block_1_32' title="bbox 178 3157 1763 3231">
    <p class='ocr_par' dir='ltr' id='par_1_32' title="bbox 178 3157 1763 3231">
     <span class='ocr_line' id='line_1_32' title="bbox 178 3157 1763 3231; baseline 0.006 -21"><span class='ocrx_word' id='word_1_243' title='bbox 178 3159 391 3211; x_wconf 82' lang='lat' dir='ltr'><strong>abollam</strong></span> <span class='ocrx_word' id='word_1_244' title='bbox 420 3160 728 3223; x_wconf 86' lang='lat' dir='ltr'><strong>habebant,</strong></span> <span class='ocrx_word' id='word_1_245' title='bbox 771 3157 837 3211; x_wconf 86' lang='lat' dir='ltr'><strong>ad</strong></span> <span class='ocrx_word' id='word_1_246' title='bbox 866 3159 1059 3213; x_wconf 91' lang='lat' dir='ltr'><strong>bellum</strong></span> <span class='ocrx_word' id='word_1_247' title='bbox 1090 3162 1353 3227; x_wconf 87' lang='lat' dir='ltr'><strong>accersiti,</strong></span> <span class='ocrx_word' id='word_1_248' title='bbox 1380 3164 1623 3231; x_wconf 85' lang='lat' dir='ltr'><strong>clvpeum</strong></span> <span class='ocrx_word' id='word_1_249' title='bbox 1652 3175 1763 3220; x_wconf 80' lang='lat' dir='ltr'><strong>tra-</strong></span> 
     </span>
    </p>
   </div>
   <div class='ocr_carea' id='block_1_33' title="bbox 177 3251 1764 3326">
    <p class='ocr_par' dir='ltr' id='par_1_33' title="bbox 177 3251 1764 3326">
     <span class='ocr_line' id='line_1_33' title="bbox 177 3251 1764 3326; baseline 0.006 -22"><span class='ocrx_word' id='word_1_250' title='bbox 177 3252 413 3315; x_wconf 85' lang='lat' dir='ltr'><strong>ctabant,</strong></span> <span class='ocrx_word' id='word_1_251' title='bbox 441 3261 495 3305; x_wconf 89' lang='lat' dir='ltr'><strong>et</strong></span> <span class='ocrx_word' id='word_1_252' title='bbox 520 3252 577 3304; x_wconf 90' lang='lat' dir='ltr'><strong>in</strong></span> <span class='ocrx_word' id='word_1_253' title='bbox 608 3252 726 3305; x_wconf 86' lang='lat' dir='ltr'><strong>acie</strong></span> <span class='ocrx_word' id='word_1_254' title='bbox 753 3251 986 3305; x_wconf 86' lang='lat' dir='ltr'><strong>stabant.</strong></span> <span class='ocrx_word' id='word_1_255' title='bbox 1015 3251 1149 3306; x_wconf 82' lang='lat' dir='ltr'><strong>Nam</strong></span> <span class='ocrx_word' id='word_1_256' title='bbox 1190 3253 1443 3309; x_wconf 80' lang='lat' dir='ltr'><strong>Socrates</strong></span> <span class='ocrx_word' id='word_1_257' title='bbox 1467 3257 1764 3326; x_wconf 87' lang='lat' dir='ltr'><strong>Sophroni-</strong></span> 
     </span>
    </p>
   </div>
   <div class='ocr_carea' id='block_1_34' title="bbox 175 3341 1760 3417">
    <p class='ocr_par' dir='ltr' id='par_1_34' title="bbox 175 3341 1760 3417">
     <span class='ocr_line' id='line_1_34' title="bbox 175 3341 1760 3417; baseline 0.006 -22"><span class='ocrx_word' id='word_1_258' title='bbox 175 3342 246 3395; x_wconf 80' lang='lat' dir='ltr'><strong>sci</strong></span> <span class='ocrx_word' id='word_1_259' title='bbox 276 3342 440 3406; x_wconf 80' lang='lat' dir='ltr'><strong>ﬁlius,</strong></span> <span class='ocrx_word' id='word_1_260' title='bbox 471 3342 560 3410; x_wconf 87' lang='lat' dir='ltr'><strong>qui</strong></span> <span class='ocrx_word' id='word_1_261' title='bbox 588 3341 659 3395; x_wconf 92' lang='lat' dir='ltr'><strong>ob</strong></span> <span class='ocrx_word' id='word_1_262' title='bbox 674 3342 801 3395; x_wconf 68' lang='lat' dir='ltr'><strong>vita:</strong></span> <span class='ocrx_word' id='word_1_263' title='bbox 828 3342 1265 3411; x_wconf 86' lang='lat' dir='ltr'><strong>tranquillitatem</strong></span> <span class='ocrx_word' id='word_1_264' title='bbox 1291 3353 1345 3399; x_wconf 92' lang='lat' dir='ltr'><strong>et</strong></span> <span class='ocrx_word' id='word_1_265' title='bbox 1374 3346 1760 3417; x_wconf 76' lang='lat' dir='ltr'><strong>pllil050pliiam</strong></span> 
     </span>
    </p>
   </div>
   <div class='ocr_carea' id='block_1_35' title="bbox 174 3434 1761 3502">
    <p class='ocr_par' dir='ltr' id='par_1_35' title="bbox 174 3434 1761 3502">
     <span class='ocr_line' id='line_1_35' title="bbox 174 3434 1761 3502; baseline 0.007 -15"><span class='ocrx_word' id='word_1_266' title='bbox 174 3434 313 3502; x_wconf 82' lang='lat' dir='ltr'><strong>apud</strong></span> <span class='ocrx_word' id='word_1_267' title='bbox 359 3435 717 3489; x_wconf 76' lang='lat' dir='ltr'><strong>Athenienses</strong></span> <span class='ocrx_word' id='word_1_268' title='bbox 757 3436 990 3489; x_wconf 87' lang='lat' dir='ltr'><strong>maxime</strong></span> <span class='ocrx_word' id='word_1_269' title='bbox 1033 3435 1259 3491; x_wconf 81' lang='lat' dir='ltr'><strong>ﬂorebat</strong></span> <span class='ocrx_word' id='word_1_270' title='bbox 1278 3478 1292 3501; x_wconf 90' lang='lat'><strong>,</strong></span> <span class='ocrx_word' id='word_1_271' title='bbox 1323 3441 1487 3494; x_wconf 90' lang='lat' dir='ltr'><strong>semel</strong></span> <span class='ocrx_word' id='word_1_272' title='bbox 1517 3454 1570 3496; x_wconf 90' lang='lat' dir='ltr'><strong>et</strong></span> <span class='ocrx_word' id='word_1_273' title='bbox 1601 3443 1681 3497; x_wconf 91' lang='lat' dir='ltr'><strong>bis</strong></span> <span class='ocrx_word' id='word_1_274' title='bbox 1709 3445 1761 3499; x_wconf 91' lang='lat' dir='ltr'><strong>in</strong></span> 
     </span>
    </p>
   </div>
   <div class='ocr_carea' id='block_1_36' title="bbox 174 3526 1761 3603">
    <p class='ocr_par' dir='ltr' id='par_1_36' title="bbox 174 3526 1761 3603">
     <span class='ocr_line' id='line_1_36' title="bbox 174 3526 1761 3603; baseline 0.006 -23"><span class='ocrx_word' id='word_1_275' title='bbox 174 3528 287 3581; x_wconf 85' lang='lat' dir='ltr'><strong>acie</strong></span> <span class='ocrx_word' id='word_1_276' title='bbox 323 3529 476 3580; x_wconf 86' lang='lat' dir='ltr'><strong>stetit</strong></span> <span class='ocrx_word' id='word_1_277' title='bbox 505 3527 631 3596; x_wconf 80' lang='grc' dir='ltr'><strong>(α).</strong></span> <span class='ocrx_word' id='word_1_278' title='bbox 674 3526 742 3580; x_wconf 82' lang='lat' dir='ltr'><strong>Et</strong></span> <span class='ocrx_word' id='word_1_279' title='bbox 769 3528 1045 3582; x_wconf 85' lang='lat' dir='ltr'><strong>rhetorum</strong></span> <span class='ocrx_word' id='word_1_280' title='bbox 1075 3528 1212 3599; x_wconf 91' lang='lat' dir='ltr'><strong>apud</strong></span> <span class='ocrx_word' id='word_1_281' title='bbox 1240 3530 1358 3583; x_wconf 91' lang='lat' dir='ltr'><strong>illos</strong></span> <span class='ocrx_word' id='word_1_282' title='bbox 1385 3532 1628 3603; x_wconf 88' lang='lat' dir='ltr'><strong>princeps</strong></span> <span class='ocrx_word' id='word_1_283' title='bbox 1660 3536 1761 3589; x_wconf 81' lang='lat' dir='ltr'><strong>De-</strong></span> 
     </span>
    </p>
   </div>
   <div class='ocr_carea' id='block_1_37' title="bbox 176 3618 1761 3696">
    <p class='ocr_par' dir='ltr' id='par_1_37' title="bbox 176 3618 1761 3696">
     <span class='ocr_line' id='line_1_37' title="bbox 176 3618 1761 3696; baseline 0.007 -25"><span class='ocrx_word' id='word_1_284' title='bbox 176 3618 493 3673; x_wconf 86' lang='lat' dir='ltr'><strong>mosthenes</strong></span> <span class='ocrx_word' id='word_1_285' title='bbox 516 3635 583 3672; x_wconf 91' lang='lat' dir='ltr'><strong>ex</strong></span> <span class='ocrx_word' id='word_1_286' title='bbox 611 3630 853 3689; x_wconf 82' lang='lat' dir='ltr'><strong>suggestu</strong></span> <span class='ocrx_word' id='word_1_287' title='bbox 883 3621 949 3674; x_wconf 88' lang='lat' dir='ltr'><strong>ad</strong></span> <span class='ocrx_word' id='word_1_288' title='bbox 982 3621 1180 3675; x_wconf 90' lang='lat' dir='ltr'><strong>bellum</strong></span> <span class='ocrx_word' id='word_1_289' title='bbox 1204 3637 1345 3691; x_wconf 66' lang='lat' dir='ltr'><strong>smpe</strong></span> <span class='ocrx_word' id='word_1_290' title='bbox 1370 3625 1579 3692; x_wconf 92' lang='lat' dir='ltr'><strong>prodiit.</strong></span> <span class='ocrx_word' id='word_1_291' title='bbox 1609 3628 1761 3696; x_wconf 83' lang='lat' dir='ltr'><strong>Quod</strong></span> 
     </span>
    </p>
   </div>
   <div class='ocr_carea' id='block_1_38' title="bbox 176 3710 1759 3788">
    <p class='ocr_par' dir='ltr' id='par_1_38' title="bbox 176 3710 1759 3788">
     <span class='ocr_line' id='line_1_38' title="bbox 176 3710 1759 3788; baseline 0.008 -25"><span class='ocrx_word' id='word_1_292' title='bbox 176 3710 216 3763; x_wconf 83' lang='lat' dir='ltr'><strong>si</strong></span> <span class='ocrx_word' id='word_1_293' title='bbox 248 3710 506 3764; x_wconf 86' lang='lat' dir='ltr'><strong>rhetores</strong></span> <span class='ocrx_word' id='word_1_294' title='bbox 526 3721 580 3763; x_wconf 89' lang='lat' dir='ltr'><strong>et</strong></span> <span class='ocrx_word' id='word_1_295' title='bbox 607 3710 947 3782; x_wconf 87' lang='lat' dir='ltr'><strong>philosophos</strong></span> <span class='ocrx_word' id='word_1_296' title='bbox 976 3712 1120 3766; x_wconf 90' lang='lat' dir='ltr'><strong>nulla</strong></span> <span class='ocrx_word' id='word_1_297' title='bbox 1146 3713 1227 3767; x_wconf 83' lang='lat' dir='ltr'><strong>lex</strong></span> <span class='ocrx_word' id='word_1_298' title='bbox 1255 3715 1518 3771; x_wconf 85' lang='lat' dir='ltr'><strong>eximebat</strong></span> <span class='ocrx_word' id='word_1_299' title='bbox 1542 3734 1570 3772; x_wconf 92' lang='lat' dir='ltr'><strong>a</strong></span> <span class='ocrx_word' id='word_1_300' title='bbox 1598 3721 1759 3788; x_wconf 88' lang='lat' dir='ltr'><strong>bello,</strong></span> 
     </span>
    </p>
   </div>
   <div class='ocr_carea' id='block_1_39' title="bbox 179 3803 1763 3878">
    <p class='ocr_par' dir='ltr' id='par_1_39' title="bbox 179 3803 1763 3878">
     <span class='ocr_line' id='line_1_39' title="bbox 179 3803 1763 3878; baseline 0.009 -25"><span class='ocrx_word' id='word_1_301' title='bbox 179 3803 256 3856; x_wconf 65' lang='lat' dir='ltr'><strong>vix</strong></span> <span class='ocrx_word' id='word_1_302' title='bbox 284 3803 408 3874; x_wconf 89' lang='lat' dir='ltr'><strong>quis</strong></span> <span class='ocrx_word' id='word_1_303' title='bbox 438 3804 578 3856; x_wconf 89' lang='lat' dir='ltr'><strong>alius</strong></span> <span class='ocrx_word' id='word_1_304' title='bbox 608 3818 639 3857; x_wconf 91' lang='lat' dir='ltr'><strong>e</strong></span> <span class='ocrx_word' id='word_1_305' title='bbox 668 3805 857 3873; x_wconf 87' lang='lat' dir='ltr'><strong>p0pulo</strong></span> <span class='ocrx_word' id='word_1_306' title='bbox 882 3805 973 3859; x_wconf 88' lang='lat' dir='ltr'><strong>tali</strong></span> <span class='ocrx_word' id='word_1_307' title='bbox 1002 3805 1331 3861; x_wconf 89' lang='lat' dir='ltr'><strong>immunitate</strong></span> <span class='ocrx_word' id='word_1_308' title='bbox 1372 3809 1651 3878; x_wconf 86' lang='lat' dir='ltr'><strong>gaudebat.</strong></span> <span class='ocrx_word' id='word_1_309' title='bbox 1695 3816 1763 3866; x_wconf 85' lang='lat' dir='ltr'><strong>At</strong></span> 
     </span>
    </p>
   </div>
   <div class='ocr_carea' id='block_1_40' title="bbox 183 3894 1759 3965">
    <p class='ocr_par' dir='ltr' id='par_1_40' title="bbox 183 3894 1759 3965">
     <span class='ocr_line' id='line_1_40' title="bbox 183 3894 1759 3965; baseline 0.006 -17"><span class='ocrx_word' id='word_1_310' title='bbox 183 3895 305 3948; x_wconf 84' lang='lat' dir='ltr'><strong>nihil</strong></span> <span class='ocrx_word' id='word_1_311' title='bbox 354 3895 549 3949; x_wconf 90' lang='lat' dir='ltr'><strong>horum</strong></span> <span class='ocrx_word' id='word_1_312' title='bbox 574 3894 688 3963; x_wconf 84' lang='lat' dir='ltr'><strong>jam</strong></span> <span class='ocrx_word' id='word_1_313' title='bbox 716 3895 1029 3964; x_wconf 88' lang='lat' dir='ltr'><strong>conspicere</strong></span> <span class='ocrx_word' id='word_1_314' title='bbox 1068 3905 1169 3952; x_wconf 87' lang='lat' dir='ltr'><strong>est.</strong></span> <span class='ocrx_word' id='word_1_315' title='bbox 1210 3897 1469 3965; x_wconf 85' lang='lat' dir='ltr'><strong>Quoniam</strong></span> <span class='ocrx_word' id='word_1_316' title='bbox 1508 3902 1650 3957; x_wconf 90' lang='lat' dir='ltr'><strong>enim</strong></span> <span class='ocrx_word' id='word_1_317' title='bbox 1680 3905 1759 3957; x_wconf 88' lang='lat' dir='ltr'><strong>sol</strong></span> 
     </span>
    </p>
   </div>
   <div class='ocr_carea' id='block_1_41' title="bbox 185 3987 1758 4064">
    <p class='ocr_par' dir='ltr' id='par_1_41' title="bbox 185 3987 1758 4064">
     <span class='ocr_line' id='line_1_41' title="bbox 185 3987 1758 4064; baseline 0.005 -23"><span class='ocrx_word' id='word_1_318' title='bbox 185 3987 384 4054; x_wconf 69' lang='lat' dir='ltr'><strong>iustitia:</strong></span> <span class='ocrx_word' id='word_1_319' title='bbox 410 3988 643 4052; x_wconf 79' lang='lat' dir='ltr'><strong>refulsit,</strong></span> <span class='ocrx_word' id='word_1_320' title='bbox 675 4003 739 4042; x_wconf 92' lang='lat' dir='ltr'><strong>ac</strong></span> <span class='ocrx_word' id='word_1_321' title='bbox 766 3989 1026 4053; x_wconf 82' lang='lat' dir='ltr'><strong>civitates,</strong></span> <span class='ocrx_word' id='word_1_322' title='bbox 1064 3991 1239 4058; x_wconf 90' lang='lat' dir='ltr'><strong>populi</strong></span> <span class='ocrx_word' id='word_1_323' title='bbox 1268 4001 1320 4045; x_wconf 90' lang='lat' dir='ltr'><strong>et</strong></span> <span class='ocrx_word' id='word_1_324' title='bbox 1342 4002 1528 4064; x_wconf 82' lang='lat' dir='ltr'><strong>gentes</strong></span> <span class='ocrx_word' id='word_1_325' title='bbox 1553 4010 1758 4061; x_wconf 87' lang='lat' dir='ltr'><strong>omnes,</strong></span> 
     </span>
    </p>
   </div>
   <div class='ocr_carea' id='block_1_42' title="bbox 190 4079 1763 4157">
    <p class='ocr_par' dir='ltr' id='par_1_42' title="bbox 190 4079 1763 4157">
     <span class='ocr_line' id='line_1_42' title="bbox 190 4079 1763 4157; baseline 0.006 -25"><span class='ocrx_word' id='word_1_326' title='bbox 190 4089 376 4133; x_wconf 81' lang='lat' dir='ltr'><strong>tantum</strong></span> <span class='ocrx_word' id='word_1_327' title='bbox 416 4081 572 4134; x_wconf 87' lang='lat' dir='ltr'><strong>abest</strong></span> <span class='ocrx_word' id='word_1_328' title='bbox 616 4090 675 4132; x_wconf 92' lang='lat' dir='ltr'><strong>ut</strong></span> <span class='ocrx_word' id='word_1_329' title='bbox 700 4080 756 4133; x_wconf 90' lang='lat' dir='ltr'><strong>in</strong></span> <span class='ocrx_word' id='word_1_330' title='bbox 786 4079 978 4133; x_wconf 89' lang='lat' dir='ltr'><strong>talibus</strong></span> <span class='ocrx_word' id='word_1_331' title='bbox 1003 4081 1249 4149; x_wconf 90' lang='lat' dir='ltr'><strong>periculis</strong></span> <span class='ocrx_word' id='word_1_332' title='bbox 1279 4083 1474 4147; x_wconf 82' lang='lat' dir='ltr'><strong>vivant,</strong></span> <span class='ocrx_word' id='word_1_333' title='bbox 1505 4095 1561 4139; x_wconf 92' lang='lat' dir='ltr'><strong>ut</strong></span> <span class='ocrx_word' id='word_1_334' title='bbox 1590 4102 1763 4157; x_wconf 89' lang='lat' dir='ltr'><strong>neque</strong></span> 
     </span>
    </p>
   </div>
   <div class='ocr_carea' id='block_1_43' title="bbox 190 4172 1762 4233">
    <p class='ocr_par' dir='ltr' id='par_1_43' title="bbox 190 4172 1762 4233">
     <span class='ocr_line' id='line_1_43' title="bbox 190 4172 1762 4233; baseline 0.006 -9"><span class='ocrx_word' id='word_1_335' title='bbox 190 4172 361 4224; x_wconf 81' lang='lat' dir='ltr'><strong>bellica</strong></span> <span class='ocrx_word' id='word_1_336' title='bbox 381 4188 529 4225; x_wconf 88' lang='lat' dir='ltr'><strong>arma</strong></span> <span class='ocrx_word' id='word_1_337' title='bbox 564 4180 801 4224; x_wconf 84' lang='lat' dir='ltr'><strong>tractare</strong></span> <span class='ocrx_word' id='word_1_338' title='bbox 822 4172 1010 4233; x_wconf 88' lang='lat' dir='ltr'><strong>sciant,</strong></span> <span class='ocrx_word' id='word_1_339' title='bbox 1034 4172 1127 4225; x_wconf 88' lang='lat' dir='ltr'><strong>sed</strong></span> <span class='ocrx_word' id='word_1_340' title='bbox 1147 4172 1281 4226; x_wconf 90' lang='lat' dir='ltr'><strong>intra</strong></span> <span class='ocrx_word' id='word_1_341' title='bbox 1312 4175 1471 4229; x_wconf 91' lang='lat' dir='ltr'><strong>urbes</strong></span> <span class='ocrx_word' id='word_1_342' title='bbox 1496 4185 1550 4230; x_wconf 90' lang='lat' dir='ltr'><strong>et</strong></span> <span class='ocrx_word' id='word_1_343' title='bbox 1580 4194 1762 4233; x_wconf 85' lang='lat' dir='ltr'><strong>muros</strong></span> 
     </span>
    </p>
   </div>
   <div class='ocr_carea' id='block_1_44' title="bbox 188 4265 1759 4337">
    <p class='ocr_par' dir='ltr' id='par_1_44' title="bbox 188 4265 1759 4337">
     <span class='ocr_line' id='line_1_44' title="bbox 188 4265 1759 4337; baseline 0.006 -21"><span class='ocrx_word' id='word_1_344' title='bbox 188 4265 441 4329; x_wconf 77' lang='lat' dir='ltr'><strong>sedemes,</strong></span> <span class='ocrx_word' id='word_1_345' title='bbox 475 4265 617 4318; x_wconf 89' lang='lat' dir='ltr'><strong>bella</strong></span> <span class='ocrx_word' id='word_1_346' title='bbox 644 4265 831 4332; x_wconf 89' lang='lat' dir='ltr'><strong>procul</strong></span> <span class='ocrx_word' id='word_1_347' title='bbox 859 4276 1007 4333; x_wconf 88' lang='lat' dir='ltr'><strong>gesta</strong></span> <span class='ocrx_word' id='word_1_348' title='bbox 1032 4265 1248 4319; x_wconf 88' lang='lat' dir='ltr'><strong>audiant</strong></span> <span class='ocrx_word' id='word_1_349' title='bbox 1272 4270 1475 4321; x_wconf 86' lang='lat' dir='ltr'><strong>narrari</strong></span> <span class='ocrx_word' id='word_1_350' title='bbox 1506 4269 1759 4337; x_wconf 65' lang='lat' dir='ltr'><strong>(Malae/1.</strong></span> 
     </span>
    </p>
   </div>
   <div class='ocr_carea' id='block_1_45' title="bbox 187 4355 1764 4425">
    <p class='ocr_par' dir='ltr' id='par_1_45' title="bbox 187 4355 1764 4425">
     <span class='ocr_line' id='line_1_45' title="bbox 187 4355 1764 4425; baseline 0.006 -17"><span class='ocrx_word' id='word_1_351' title='bbox 187 4358 231 4408; x_wconf 67' lang='grc' dir='ltr'><strong>ι.</strong></span> <span class='ocrx_word' id='word_1_352' title='bbox 255 4357 313 4425; x_wconf 71' lang='grc' dir='ltr'><strong>Ξ)</strong></span> <span class='ocrx_word' id='word_1_353' title='bbox 337 4374 352 4419; x_wconf 88' lang='grc'>;</span> <span class='ocrx_word' id='word_1_354' title='bbox 380 4366 636 4425; x_wconf 89' lang='lat' dir='ltr'><strong>totusque</strong></span> <span class='ocrx_word' id='word_1_355' title='bbox 660 4356 890 4424; x_wconf 89' lang='lat' dir='ltr'><strong>populus</strong></span> <span class='ocrx_word' id='word_1_356' title='bbox 915 4355 967 4409; x_wconf 92' lang='lat' dir='ltr'><strong>iu</strong></span> <span class='ocrx_word' id='word_1_357' title='bbox 1000 4358 1242 4413; x_wconf 83' lang='lat' dir='ltr'><strong>libertate</strong></span> <span class='ocrx_word' id='word_1_358' title='bbox 1268 4360 1425 4425; x_wconf 90' lang='lat' dir='ltr'><strong>vivat,</strong></span> <span class='ocrx_word' id='word_1_359' title='bbox 1457 4371 1510 4416; x_wconf 92' lang='lat' dir='ltr'><strong>et</strong></span> <span class='ocrx_word' id='word_1_360' title='bbox 1537 4362 1587 4415; x_wconf 91' lang='lat' dir='ltr'><strong>in</strong></span> <span class='ocrx_word' id='word_1_361' title='bbox 1615 4380 1764 4418; x_wconf 80' lang='lat' dir='ltr'><strong>acer-</strong></span> 
     </span>
    </p>
   </div>
   <div class='ocr_carea' id='block_1_46' title="bbox 182 4447 1762 4519">
    <p class='ocr_par' dir='ltr' id='par_1_46' title="bbox 182 4447 1762 4519">
     <span class='ocr_line' id='line_1_46' title="bbox 182 4447 1762 4519; baseline 0.006 -18"><span class='ocrx_word' id='word_1_362' title='bbox 182 4448 227 4501; x_wconf 86' lang='lat' dir='ltr'><strong>bi</strong></span> <span class='ocrx_word' id='word_1_363' title='bbox 257 4450 412 4519; x_wconf 84' lang='lat' dir='ltr'><strong>hujus</strong></span> <span class='ocrx_word' id='word_1_364' title='bbox 438 4447 734 4504; x_wconf 88' lang='lat' dir='ltr'><strong>ministerii</strong></span> <span class='ocrx_word' id='word_1_365' title='bbox 768 4448 1114 4502; x_wconf 72' lang='lat' dir='ltr'><strong>immotiitate.</strong></span> <span class='ocrx_word' id='word_1_366' title='bbox 1147 4450 1300 4517; x_wconf 87' lang='lat' dir='ltr'><strong>Quod</strong></span> <span class='ocrx_word' id='word_1_367' title='bbox 1326 4453 1369 4505; x_wconf 84' lang='lat' dir='ltr'><strong>si</strong></span> <span class='ocrx_word' id='word_1_368' title='bbox 1400 4453 1592 4508; x_wconf 89' lang='lat' dir='ltr'><strong>alicubi</strong></span> <span class='ocrx_word' id='word_1_369' title='bbox 1625 4471 1762 4510; x_wconf 89' lang='lat' dir='ltr'><strong>nunc</strong></span> 
     </span>
    </p>
   </div>
   <div class='ocr_carea' id='block_1_47' title="bbox 181 4538 1762 4615">
    <p class='ocr_par' dir='ltr' id='par_1_47' title="bbox 181 4538 1762 4615">
     <span class='ocr_line' id='line_1_47' title="bbox 181 4538 1762 4615; baseline 0.004 -22"><span class='ocrx_word' id='word_1_370' title='bbox 181 4540 309 4594; x_wconf 77' lang='lat' dir='ltr'><strong>bella</strong></span> <span class='ocrx_word' id='word_1_371' title='bbox 336 4550 627 4609; x_wconf 85' lang='lat' dir='ltr'><strong>gerantur,</strong></span> <span class='ocrx_word' id='word_1_372' title='bbox 662 4552 724 4591; x_wconf 86' lang='lat' dir='ltr'><strong>ea</strong></span> <span class='ocrx_word' id='word_1_373' title='bbox 752 4538 936 4608; x_wconf 89' lang='lat' dir='ltr'><strong>procul</strong></span> <span class='ocrx_word' id='word_1_374' title='bbox 961 4548 1083 4592; x_wconf 82' lang='lat' dir='ltr'><strong>sunt</strong></span> <span class='ocrx_word' id='word_1_375' title='bbox 1109 4547 1164 4593; x_wconf 92' lang='lat' dir='ltr'><strong>et</strong></span> <span class='ocrx_word' id='word_1_376' title='bbox 1192 4540 1241 4593; x_wconf 92' lang='lat' dir='ltr'><strong>in</strong></span> <span class='ocrx_word' id='word_1_377' title='bbox 1264 4544 1520 4597; x_wconf 79' lang='lat' dir='ltr'><strong>extremis</strong></span> <span class='ocrx_word' id='word_1_378' title='bbox 1556 4546 1762 4615; x_wconf 88' lang='lat' dir='ltr'><strong>imperii</strong></span> 
     </span>
    </p>
   </div>
   <div class='ocr_carea' id='block_1_48' title="bbox 180 4631 1759 4707">
    <p class='ocr_par' dir='ltr' id='par_1_48' title="bbox 180 4631 1759 4707">
     <span class='ocr_line' id='line_1_48' title="bbox 180 4631 1759 4707; baseline 0.004 -22"><span class='ocrx_word' id='word_1_379' title='bbox 180 4631 391 4687; x_wconf 73' lang='lat' dir='ltr'><strong>Romani</strong></span> <span class='ocrx_word' id='word_1_380' title='bbox 418 4632 713 4695; x_wconf 86' lang='lat' dir='ltr'><strong>limitibus,</strong></span> <span class='ocrx_word' id='word_1_381' title='bbox 740 4645 845 4684; x_wconf 89' lang='lat' dir='ltr'><strong>non</strong></span> <span class='ocrx_word' id='word_1_382' title='bbox 867 4646 960 4699; x_wconf 92' lang='lat' dir='ltr'><strong>per</strong></span> <span class='ocrx_word' id='word_1_383' title='bbox 985 4632 1217 4703; x_wconf 88' lang='lat' dir='ltr'><strong>singulas</strong></span> <span class='ocrx_word' id='word_1_384' title='bbox 1239 4634 1396 4689; x_wconf 88' lang='lat' dir='ltr'><strong>urbes</strong></span> <span class='ocrx_word' id='word_1_385' title='bbox 1416 4645 1470 4691; x_wconf 92' lang='lat' dir='ltr'><strong>et</strong></span> <span class='ocrx_word' id='word_1_386' title='bbox 1496 4639 1759 4707; x_wconf 86' lang='lat' dir='ltr'><strong>regiones,</strong></span> 
     </span>
    </p>
   </div>
   <div class='ocr_carea' id='block_1_49' title="bbox 177 4725 1762 4802">
    <p class='ocr_par' dir='ltr' id='par_1_49' title="bbox 177 4725 1762 4802">
     <span class='ocr_line' id='line_1_49' title="bbox 177 4725 1762 4802; baseline 0.006 -24"><span class='ocrx_word' id='word_1_387' title='bbox 177 4737 229 4778; x_wconf 83' lang='lat' dir='ltr'><strong>It</strong></span> <span class='ocrx_word' id='word_1_388' title='bbox 250 4728 393 4781; x_wconf 86' lang='lat' dir='ltr'><strong>olim.</strong></span> <span class='ocrx_word' id='word_1_389' title='bbox 447 4726 612 4780; x_wconf 87' lang='lat' dir='ltr'><strong>Tunc</strong></span> <span class='ocrx_word' id='word_1_390' title='bbox 640 4725 787 4779; x_wconf 89' lang='lat' dir='ltr'><strong>enim</strong></span> <span class='ocrx_word' id='word_1_391' title='bbox 812 4766 826 4789; x_wconf 92' lang='lat'><strong>,</strong></span> <span class='ocrx_word' id='word_1_392' title='bbox 878 4732 935 4778; x_wconf 92' lang='lat' dir='ltr'><strong>ut</strong></span> <span class='ocrx_word' id='word_1_393' title='bbox 956 4725 1067 4793; x_wconf 82' lang='lat' dir='ltr'><strong>jam</strong></span> <span class='ocrx_word' id='word_1_394' title='bbox 1111 4726 1227 4780; x_wconf 78' lang='lat' dir='ltr'><strong>dixi</strong></span> <span class='ocrx_word' id='word_1_395' title='bbox 1247 4767 1263 4791; x_wconf 92' lang='lat'><strong>,</strong></span> <span class='ocrx_word' id='word_1_396' title='bbox 1293 4728 1374 4782; x_wconf 84' lang='lat' dir='ltr'><strong>vel</strong></span> <span class='ocrx_word' id='word_1_397' title='bbox 1404 4731 1455 4783; x_wconf 92' lang='lat' dir='ltr'><strong>iu</strong></span> <span class='ocrx_word' id='word_1_398' title='bbox 1484 4746 1583 4783; x_wconf 88' lang='lat' dir='ltr'><strong>una</strong></span> <span class='ocrx_word' id='word_1_399' title='bbox 1604 4744 1762 4802; x_wconf 90' lang='lat' dir='ltr'><strong>gente</strong></span> 
     </span>
    </p>
   </div>
   <div class='ocr_carea' id='block_1_50' title="bbox 176 4815 1763 4886">
    <p class='ocr_par' dir='ltr' id='par_1_50' title="bbox 176 4815 1763 4886">
     <span class='ocr_line' id='line_1_50' title="bbox 176 4815 1763 4886; baseline 0.006 -16"><span class='ocrx_word' id='word_1_400' title='bbox 176 4819 459 4874; x_wconf 73' lang='lat' dir='ltr'><strong>ianum</strong></span> <span class='ocrx_word' id='word_1_401' title='bbox 484 4832 641 4886; x_wconf 65' lang='lat' dir='ltr'><strong>saepe</strong></span> <span class='ocrx_word' id='word_1_402' title='bbox 671 4815 964 4871; x_wconf 77' lang='lat' dir='ltr'><strong>seditiones</strong></span> <span class='ocrx_word' id='word_1_403' title='bbox 987 4817 1313 4884; x_wconf 87' lang='lat' dir='ltr'><strong>oriebantur,</strong></span> <span class='ocrx_word' id='word_1_404' title='bbox 1334 4828 1388 4873; x_wconf 91' lang='lat' dir='ltr'><strong>et</strong></span> <span class='ocrx_word' id='word_1_405' title='bbox 1416 4820 1622 4875; x_wconf 88' lang='lat' dir='ltr'><strong>diversa</strong></span> <span class='ocrx_word' id='word_1_406' title='bbox 1651 4825 1763 4878; x_wconf 87' lang='lat' dir='ltr'><strong>bel-</strong></span> 
     </span>
    </p>
   </div>
   <div class='ocr_carea' id='block_1_51' title="bbox 172 4912 1762 4983">
    <p class='ocr_par' dir='ltr' id='par_1_51' title="bbox 172 4912 1762 4983">
     <span class='ocr_line' id='line_1_51' title="bbox 172 4912 1762 4983; baseline 0.006 -22"><span class='ocrx_word' id='word_1_407' title='bbox 172 4913 217 4962; x_wconf 84' lang='lat' dir='ltr'><strong>la</strong></span> <span class='ocrx_word' id='word_1_408' title='bbox 243 4929 257 4961; x_wconf 86' lang='lat'>:</span> <span class='ocrx_word' id='word_1_409' title='bbox 287 4927 421 4966; x_wconf 85' lang='lat' dir='ltr'><strong>nunc</strong></span> <span class='ocrx_word' id='word_1_410' title='bbox 445 4922 639 4965; x_wconf 87' lang='lat' dir='ltr'><strong>autem</strong></span> <span class='ocrx_word' id='word_1_411' title='bbox 666 4917 923 4975; x_wconf 89' lang='lat' dir='ltr'><strong>quantum</strong></span> <span class='ocrx_word' id='word_1_412' title='bbox 957 4917 1111 4962; x_wconf 85' lang='lat' dir='ltr'><strong>teme</strong></span> <span class='ocrx_word' id='word_1_413' title='bbox 1134 4912 1358 4978; x_wconf 87' lang='lat' dir='ltr'><strong>spatium</strong></span> <span class='ocrx_word' id='word_1_414' title='bbox 1386 4913 1465 4966; x_wconf 92' lang='lat' dir='ltr'><strong>sol</strong></span> <span class='ocrx_word' id='word_1_415' title='bbox 1493 4916 1708 4983; x_wconf 75' lang='lat' dir='ltr'><strong>reSpicit</strong></span> <span class='ocrx_word' id='word_1_416' title='bbox 1731 4931 1762 4971; x_wconf 88' lang='lat' dir='ltr'><strong>a</strong></span> 
     </span>
    </p>
   </div>
   <div class='ocr_carea' id='block_1_52' title="bbox 172 5000 1764 5075">
    <p class='ocr_par' dir='ltr' id='par_1_52' title="bbox 172 5000 1764 5075">
     <span class='ocr_line' id='line_1_52' title="bbox 172 5000 1764 5075; baseline 0.009 -26"><span class='ocrx_word' id='word_1_417' title='bbox 172 5002 373 5072; x_wconf 66' lang='lat' dir='ltr'><strong>Tigride</strong></span> <span class='ocrx_word' id='word_1_418' title='bbox 401 5018 582 5072; x_wconf 84' lang='lat' dir='ltr'><strong>usque</strong></span> <span class='ocrx_word' id='word_1_419' title='bbox 609 5001 680 5054; x_wconf 82' lang='lat' dir='ltr'><strong>ad</strong></span> <span class='ocrx_word' id='word_1_420' title='bbox 715 5000 1047 5054; x_wconf 78' lang='lat' dir='ltr'><strong>Britannicas</strong></span> <span class='ocrx_word' id='word_1_421' title='bbox 1084 5001 1314 5070; x_wconf 86' lang='lat' dir='ltr'><strong>insulas,</strong></span> <span class='ocrx_word' id='word_1_422' title='bbox 1360 5006 1471 5075; x_wconf 87' lang='lat' dir='ltr'><strong>ipsa</strong></span> <span class='ocrx_word' id='word_1_423' title='bbox 1521 5017 1628 5063; x_wconf 90' lang='lat' dir='ltr'><strong>tota</strong></span> <span class='ocrx_word' id='word_1_424' title='bbox 1652 5048 1667 5073; x_wconf 90' lang='lat'><strong>,</strong></span> <span class='ocrx_word' id='word_1_425' title='bbox 1709 5018 1764 5064; x_wconf 92' lang='lat' dir='ltr'><strong>et</strong></span> 
     </span>
    </p>
   </div>
   <div class='ocr_carea' id='block_1_53' title="bbox 172 5094 1763 5165">
    <p class='ocr_par' dir='ltr' id='par_1_53' title="bbox 172 5094 1763 5165">
     <span class='ocr_line' id='line_1_53' title="bbox 172 5094 1763 5165; baseline 0.004 -16"><span class='ocrx_word' id='word_1_426' title='bbox 172 5115 289 5153; x_wconf 71' lang='lat' dir='ltr'><strong>cani</strong></span> <span class='ocrx_word' id='word_1_427' title='bbox 318 5100 403 5152; x_wconf 87' lang='lat' dir='ltr'><strong>illa</strong></span> <span class='ocrx_word' id='word_1_428' title='bbox 430 5097 644 5158; x_wconf 81' lang='lat' dir='ltr'><strong>Africa.</strong></span> <span class='ocrx_word' id='word_1_429' title='bbox 675 5094 944 5165; x_wconf 64' lang='lat' dir='ltr'><strong>Egyptus</strong></span> <span class='ocrx_word' id='word_1_430' title='bbox 971 5104 1027 5149; x_wconf 90' lang='lat' dir='ltr'><strong>et</strong></span> <span class='ocrx_word' id='word_1_431' title='bbox 1054 5108 1185 5163; x_wconf 82' lang='lat' dir='ltr'><strong>gens</strong></span> <span class='ocrx_word' id='word_1_432' title='bbox 1206 5096 1624 5163; x_wconf 78' lang='lat' dir='ltr'><strong>Palaestinorum,</strong></span> <span class='ocrx_word' id='word_1_433' title='bbox 1655 5102 1763 5155; x_wconf 92' lang='lat' dir='ltr'><strong>imo</strong></span> 
     </span>
    </p>
   </div>
   <div class='ocr_carea' id='block_1_54' title="bbox 172 5186 1761 5264">
    <p class='ocr_par' dir='ltr' id='par_1_54' title="bbox 172 5186 1761 5264">
     <span class='ocr_line' id='line_1_54' title="bbox 172 5186 1761 5264; baseline 0.003 -21"><span class='ocrx_word' id='word_1_434' title='bbox 172 5190 538 5260; x_wconf 67' lang='lat' dir='ltr'><strong>quc-deumque</strong></span> <span class='ocrx_word' id='word_1_435' title='bbox 560 5189 815 5245; x_wconf 76' lang='lat' dir='ltr'><strong>Boruano</strong></span> <span class='ocrx_word' id='word_1_436' title='bbox 838 5187 1074 5258; x_wconf 89' lang='lat' dir='ltr'><strong>imperio</strong></span> <span class='ocrx_word' id='word_1_437' title='bbox 1094 5186 1350 5257; x_wconf 88' lang='lat' dir='ltr'><strong>subjacet,</strong></span> <span class='ocrx_word' id='word_1_438' title='bbox 1378 5191 1427 5244; x_wconf 92' lang='lat' dir='ltr'><strong>in</strong></span> <span class='ocrx_word' id='word_1_439' title='bbox 1447 5207 1574 5261; x_wconf 92' lang='lat' dir='ltr'><strong>pace</strong></span> <span class='ocrx_word' id='word_1_440' title='bbox 1594 5193 1761 5264; x_wconf 85' lang='lat' dir='ltr'><strong>degit.</strong></span> 
     </span>
    </p>
   </div>
   <div class='ocr_carea' id='block_1_55' title="bbox 234 5359 1765 5423">
    <p class='ocr_par' dir='ltr' id='par_1_55' title="bbox 234 5359 1765 5423">
     <span class='ocr_line' id='line_1_55' title="bbox 234 5359 1765 5423; baseline 0.003 -14"><span class='ocrx_word' id='word_1_441' title='bbox 234 5366 301 5423; x_wconf 67' lang='grc' dir='ltr'><strong>(α)</strong></span> <span class='ocrx_word' id='word_1_442' title='bbox 318 5364 444 5421; x_wconf 79' lang='lat' dir='ltr'><strong>Quod</strong></span> <span class='ocrx_word' id='word_1_443' title='bbox 468 5362 551 5412; x_wconf 84' lang='lat' dir='ltr'><strong>hic</strong></span> <span class='ocrx_word' id='word_1_444' title='bbox 572 5360 759 5411; x_wconf 86' lang='lat' dir='ltr'><strong>dicitur</strong></span> <span class='ocrx_word' id='word_1_445' title='bbox 776 5359 842 5423; x_wconf 84' lang='lat' dir='ltr'><strong>de</strong></span> <span class='ocrx_word' id='word_1_446' title='bbox 865 5366 1067 5409; x_wconf 81' lang='lat' dir='ltr'><strong>Socrate</strong></span> <span class='ocrx_word' id='word_1_447' title='bbox 1084 5361 1143 5409; x_wconf 86' lang='lat' dir='ltr'><strong>ad</strong></span> <span class='ocrx_word' id='word_1_448' title='bbox 1165 5360 1348 5411; x_wconf 87' lang='lat' dir='ltr'><strong>bellum</strong></span> <span class='ocrx_word' id='word_1_449' title='bbox 1370 5370 1587 5412; x_wconf 86' lang='lat' dir='ltr'><strong>exeunte</strong></span> <span class='ocrx_word' id='word_1_450' title='bbox 1612 5363 1765 5413; x_wconf 87' lang='lat' dir='ltr'><strong>habes</strong></span> 
     </span>
    </p>
   </div>
   <div class='ocr_carea' id='block_1_56' title="bbox 176 5421 1762 5487">
    <p class='ocr_par' dir='ltr' id='par_1_56' title="bbox 176 5421 1762 5487">
     <span class='ocr_line' id='line_1_56' title="bbox 176 5421 1762 5487; baseline 0.003 -18"><span class='ocrx_word' id='word_1_451' title='bbox 176 5426 291 5483; x_wconf 66' lang='lat' dir='ltr'><strong>apum</strong></span> <span class='ocrx_word' id='word_1_452' title='bbox 324 5427 628 5476; x_wconf 74' lang='lat' dir='ltr'><strong>Hntarchum</strong></span> <span class='ocrx_word' id='word_1_453' title='bbox 672 5427 726 5474; x_wconf 88' lang='lat' dir='ltr'><strong>in</strong></span> <span class='ocrx_word' id='word_1_454' title='bbox 767 5421 1065 5481; x_wconf 81' lang='lat' dir='ltr'><strong>Alcibiade;</strong></span> <span class='ocrx_word' id='word_1_455' title='bbox 1110 5425 1326 5487; x_wconf 29' lang='lat' dir='ltr'><strong>uhiﬂille</strong></span> <span class='ocrx_word' id='word_1_456' title='bbox 1373 5425 1762 5487; x_wconf 81' lang='lat' dir='ltr'><strong>philosophorum</strong></span> 
     </span>
    </p>
   </div>
   <div class='ocr_carea' id='block_1_57' title="bbox 177 5486 1763 5549">
    <p class='ocr_par' dir='ltr' id='par_1_57' title="bbox 177 5486 1763 5549">
     <span class='ocr_line' id='line_1_57' title="bbox 177 5486 1763 5549; baseline 0.001 -14"><span class='ocrx_word' id='word_1_457' title='bbox 177 5488 384 5548; x_wconf 58' lang='lat' dir='ltr'><strong>princeps</strong></span> <span class='ocrx_word' id='word_1_458' title='bbox 402 5497 612 5537; x_wconf 80' lang='lat' dir='ltr'><strong>strenue</strong></span> <span class='ocrx_word' id='word_1_459' title='bbox 637 5497 889 5549; x_wconf 83' lang='lat' dir='ltr'><strong>pugnasse</strong></span> <span class='ocrx_word' id='word_1_460' title='bbox 912 5491 1165 5549; x_wconf 74' lang='lat' dir='ltr'><strong>narratur.</strong></span> <span class='ocrx_word' id='word_1_461' title='bbox 1192 5486 1311 5549; x_wconf 81' lang='lat' dir='ltr'><strong>Vide</strong></span> <span class='ocrx_word' id='word_1_462' title='bbox 1337 5488 1450 5535; x_wconf 82' lang='lat' dir='ltr'><strong>item</strong></span> <span class='ocrx_word' id='word_1_463' title='bbox 1480 5489 1523 5535; x_wconf 88' lang='lat' dir='ltr'><strong>in</strong></span> <span class='ocrx_word' id='word_1_464' title='bbox 1550 5486 1763 5547; x_wconf 77' lang='lat' dir='ltr'><strong>Diogene</strong></span> 
     </span>
    </p>
   </div>
   <div class='ocr_carea' id='block_1_58' title="bbox 176 5544 1764 5609">
    <p class='ocr_par' dir='ltr' id='par_1_58' title="bbox 176 5544 1764 5609">
     <span class='ocr_line' id='line_1_58' title="bbox 176 5544 1764 5609; baseline -0.001 -10"><span class='ocrx_word' id='word_1_465' title='bbox 176 5544 357 5605; x_wconf 59' lang='lat' dir='ltr'><strong>laertia,</strong></span> <span class='ocrx_word' id='word_1_466' title='bbox 379 5551 460 5599; x_wconf 64' lang='lat' dir='ltr'><strong>hb.</strong></span> <span class='ocrx_word' id='word_1_467' title='bbox 480 5552 529 5602; x_wconf 77' lang='lat'><strong>2.</strong></span> <span class='ocrx_word' id='word_1_468' title='bbox 553 5544 648 5599; x_wconf 74' lang='lat' dir='ltr'><strong>ubi</strong></span> <span class='ocrx_word' id='word_1_469' title='bbox 665 5544 727 5598; x_wconf 71' lang='lat' dir='ltr'><strong>et</strong></span> <span class='ocrx_word' id='word_1_470' title='bbox 742 5544 1034 5608; x_wconf 73' lang='lat' dir='ltr'><strong>Amphipoli</strong></span> <span class='ocrx_word' id='word_1_471' title='bbox 1059 5554 1113 5594; x_wconf 89' lang='lat' dir='ltr'><strong>et</strong></span> <span class='ocrx_word' id='word_1_472' title='bbox 1138 5548 1353 5596; x_wconf 67' lang='lat' dir='ltr'><strong>Potidzcaa</strong></span> <span class='ocrx_word' id='word_1_473' title='bbox 1376 5562 1615 5609; x_wconf 78' lang='lat' dir='ltr'><strong>pugnasse</strong></span> <span class='ocrx_word' id='word_1_474' title='bbox 1635 5544 1764 5597; x_wconf 72' lang='lat' dir='ltr'><strong>dici-</strong></span> 
     </span>
    </p>
   </div>
   <div class='ocr_carea' id='block_1_59' title="bbox 176 5610 1764 5672">
    <p class='ocr_par' dir='ltr' id='par_1_59' title="bbox 176 5610 1764 5672">
     <span class='ocr_line' id='line_1_59' title="bbox 176 5610 1764 5672; baseline 0 -13"><span class='ocrx_word' id='word_1_475' title='bbox 176 5619 258 5659; x_wconf 69' lang='lat' dir='ltr'><strong>tu.</strong></span> <span class='ocrx_word' id='word_1_476' title='bbox 283 5619 346 5660; x_wconf 75' lang='lat' dir='ltr'><strong>De</strong></span> <span class='ocrx_word' id='word_1_477' title='bbox 367 5613 698 5662; x_wconf 69' lang='lat' dir='ltr'><strong>ﬂemosthene</strong></span> <span class='ocrx_word' id='word_1_478' title='bbox 740 5611 912 5665; x_wconf 83' lang='lat' dir='ltr'><strong>etiam,</strong></span> <span class='ocrx_word' id='word_1_479' title='bbox 955 5616 1013 5672; x_wconf 80' lang='lat' dir='ltr'><strong>ut</strong></span> <span class='ocrx_word' id='word_1_480' title='bbox 1039 5620 1143 5672; x_wconf 90' lang='lat' dir='ltr'><strong>_non</strong></span> <span class='ocrx_word' id='word_1_481' title='bbox 1176 5610 1470 5672; x_wconf 36' lang='lat' dir='ltr'><strong>adhpuguam</strong></span> <span class='ocrx_word' id='word_1_482' title='bbox 1509 5612 1764 5660; x_wconf 80' lang='lat' dir='ltr'><strong>admodum</strong></span> 
     </span>
    </p>
   </div>
   <div class='ocr_carea' id='block_1_60' title="bbox 178 5670 1765 5738">
    <p class='ocr_par' dir='ltr' id='par_1_60' title="bbox 178 5670 1765 5738">
     <span class='ocr_line' id='line_1_60' title="bbox 178 5670 1765 5738; baseline 0 -15"><span class='ocrx_word' id='word_1_483' title='bbox 178 5682 374 5726; x_wconf 70' lang='lat' dir='ltr'><strong>strenuo.</strong></span> <span class='ocrx_word' id='word_1_484' title='bbox 392 5677 727 5725; x_wconf 70' lang='lat' dir='ltr'><strong>testiinonium</strong></span> <span class='ocrx_word' id='word_1_485' title='bbox 748 5670 1009 5722; x_wconf 78' lang='lat' dir='ltr'><strong>Plutarchi</strong></span> <span class='ocrx_word' id='word_1_486' title='bbox 1035 5670 1088 5719; x_wconf 84' lang='lat' dir='ltr'><strong>in</strong></span> <span class='ocrx_word' id='word_1_487' title='bbox 1108 5683 1214 5732; x_wconf 54' lang='lat' dir='ltr'><strong>eius</strong></span> <span class='ocrx_word' id='word_1_488' title='bbox 1229 5670 1519 5736; x_wconf 51' lang='lat' dir='ltr'><strong>Vita&#39;ltabes,</strong></span> <span class='ocrx_word' id='word_1_489' title='bbox 1542 5676 1587 5723; x_wconf 87' lang='lat' dir='ltr'><strong>iu</strong></span> <span class='ocrx_word' id='word_1_490' title='bbox 1609 5688 1765 5738; x_wconf 75' lang='lat' dir='ltr'><strong>pugna</strong></span> 
     </span>
    </p>
   </div>
   <div class='ocr_carea' id='block_1_61' title="bbox 173 5738 778 5790">
    <p class='ocr_par' dir='ltr' id='par_1_61' title="bbox 173 5738 778 5790">
     <span class='ocr_line' id='line_1_61' title="bbox 173 5738 778 5790; baseline 0 -5"><span class='ocrx_word' id='word_1_491' title='bbox 173 5739 346 5788; x_wconf 60' lang='grc' dir='ltr'><strong>ειάιὶεει</strong></span> <span class='ocrx_word' id='word_1_492' title='bbox 362 5738 421 5788; x_wconf 78' lang='lat' dir='ltr'><strong>ad</strong></span> <span class='ocrx_word' id='word_1_493' title='bbox 433 5738 778 5790; x_wconf 65' lang='lat' dir='ltr'><strong>Cha-oceani.</strong></span> 
     </span>
    </p>
   </div>
   <div class='ocr_carea' id='block_1_62' title="bbox 1872 390 3450 477">
    <p class='ocr_par' dir='ltr' id='par_1_62' title="bbox 1872 390 3450 477">
     <span class='ocr_line' id='line_1_62' title="bbox 1872 390 3450 477; baseline 0.012 -33"><span class='ocrx_word' id='word_1_494' title='bbox 1872 390 2033 447; x_wconf 80' lang='lat' dir='ltr'><strong>Scitis</strong></span> <span class='ocrx_word' id='word_1_495' title='bbox 2068 402 2246 450; x_wconf 87' lang='lat' dir='ltr'><strong>autem</strong></span> <span class='ocrx_word' id='word_1_496' title='bbox 2277 411 2466 452; x_wconf 87' lang='lat' dir='ltr'><strong>omnes</strong></span> <span class='ocrx_word' id='word_1_497' title='bbox 2504 398 2668 455; x_wconf 88' lang='lat' dir='ltr'><strong>urbes</strong></span> <span class='ocrx_word' id='word_1_498' title='bbox 2710 400 2865 470; x_wconf 89' lang='lat' dir='ltr'><strong>plena</strong></span> <span class='ocrx_word' id='word_1_499' title='bbox 2901 401 3003 459; x_wconf 89' lang='lat' dir='ltr'><strong>l&#39;rui</strong></span> <span class='ocrx_word' id='word_1_500' title='bbox 3036 405 3450 477; x_wconf 80' lang='lat' dir='ltr'><strong>tranquillitate,</strong></span> 
     </span>
    </p>
   </div>
   <div class='ocr_carea' id='block_1_63' title="bbox 1872 486 3449 554">
    <p class='ocr_par' dir='ltr' id='par_1_63' title="bbox 1872 486 3449 554">
     <span class='ocr_line' id='line_1_63' title="bbox 1872 486 3449 554; baseline 0.012 -18"><span class='ocrx_word' id='word_1_501' title='bbox 1872 486 1986 537; x_wconf 88' lang='lat' dir='ltr'><strong>solo</strong></span> <span class='ocrx_word' id='word_1_502' title='bbox 2012 486 2194 540; x_wconf 90' lang='lat' dir='ltr'><strong>auditu</strong></span> <span class='ocrx_word' id='word_1_503' title='bbox 2222 488 2356 542; x_wconf 88' lang='lat' dir='ltr'><strong>bella</strong></span> <span class='ocrx_word' id='word_1_504' title='bbox 2383 490 2632 544; x_wconf 86' lang='lat' dir='ltr'><strong>scientes.</strong></span> <span class='ocrx_word' id='word_1_505' title='bbox 2659 492 2875 547; x_wconf 85' lang='lat' dir='ltr'><strong>Poterat</strong></span> <span class='ocrx_word' id='word_1_506' title='bbox 2897 504 3044 551; x_wconf 88' lang='lat' dir='ltr'><strong>certe</strong></span> <span class='ocrx_word' id='word_1_507' title='bbox 3069 495 3308 551; x_wconf 82' lang='lat' dir='ltr'><strong>Christus</strong></span> <span class='ocrx_word' id='word_1_508' title='bbox 3335 499 3449 554; x_wconf 81' lang='lat' dir='ltr'><strong>bel-</strong></span> 
     </span>
    </p>
   </div>
   <div class='ocr_carea' id='block_1_64' title="bbox 1874 576 3451 660">
    <p class='ocr_par' dir='ltr' id='par_1_64' title="bbox 1874 576 3451 660">
     <span class='ocr_line' id='line_1_64' title="bbox 1874 576 3451 660; baseline 0.011 -32"><span class='ocrx_word' id='word_1_509' title='bbox 1874 576 2042 630; x_wconf 91' lang='lat' dir='ltr'><strong>lorum</strong></span> <span class='ocrx_word' id='word_1_510' title='bbox 2071 579 2317 648; x_wconf 86' lang='lat' dir='ltr'><strong>reliquias</strong></span> <span class='ocrx_word' id='word_1_511' title='bbox 2350 582 2555 648; x_wconf 89' lang='lat' dir='ltr'><strong>tollere,</strong></span> <span class='ocrx_word' id='word_1_512' title='bbox 2578 583 2672 639; x_wconf 90' lang='lat' dir='ltr'><strong>sed</strong></span> <span class='ocrx_word' id='word_1_513' title='bbox 2701 585 2941 652; x_wconf 88' lang='lat' dir='ltr'><strong>permisit</strong></span> <span class='ocrx_word' id='word_1_514' title='bbox 2964 588 3031 641; x_wconf 87' lang='lat' dir='ltr'><strong>ad</strong></span> <span class='ocrx_word' id='word_1_515' title='bbox 3053 590 3451 660; x_wconf 85' lang='lat' dir='ltr'><strong>castigationem</strong></span> 
     </span>
    </p>
   </div>
   <div class='ocr_carea' id='block_1_65' title="bbox 1874 667 3441 747">
    <p class='ocr_par' dir='ltr' id='par_1_65' title="bbox 1874 667 3441 747">
     <span class='ocr_line' id='line_1_65' title="bbox 1874 667 3441 747; baseline 0.009 -27"><span class='ocrx_word' id='word_1_516' title='bbox 1874 667 2186 737; x_wconf 81' lang='lat' dir='ltr'><strong>ignavorum</strong></span> <span class='ocrx_word' id='word_1_517' title='bbox 2211 711 2225 733; x_wconf 94' lang='lat'><strong>,</strong></span> <span class='ocrx_word' id='word_1_518' title='bbox 2260 672 2348 741; x_wconf 87' lang='lat' dir='ltr'><strong>qui</strong></span> <span class='ocrx_word' id='word_1_519' title='bbox 2379 674 2523 740; x_wconf 87' lang='lat' dir='ltr'><strong>pacis</strong></span> <span class='ocrx_word' id='word_1_520' title='bbox 2547 674 2827 730; x_wconf 89' lang='lat' dir='ltr'><strong>occasione</strong></span> <span class='ocrx_word' id='word_1_521' title='bbox 2853 679 3126 746; x_wconf 85' lang='lat' dir='ltr'><strong>segniores</strong></span> <span class='ocrx_word' id='word_1_522' title='bbox 3155 682 3441 747; x_wconf 84' lang='lat' dir='ltr'><strong>evaserint,</strong></span> 
     </span>
    </p>
   </div>
   <div class='ocr_carea' id='block_1_66' title="bbox 1872 758 3457 841">
    <p class='ocr_par' dir='ltr' id='par_1_66' title="bbox 1872 758 3457 841">
     <span class='ocr_line' id='line_1_66' title="bbox 1872 758 3457 841; baseline 0.009 -28"><span class='ocrx_word' id='word_1_523' title='bbox 1872 770 1930 813; x_wconf 90' lang='lat' dir='ltr'><strong>ut</strong></span> <span class='ocrx_word' id='word_1_524' title='bbox 1946 758 2289 817; x_wconf 89' lang='lat' dir='ltr'><strong>barbarorum</strong></span> <span class='ocrx_word' id='word_1_525' title='bbox 2308 764 2478 819; x_wconf 89' lang='lat' dir='ltr'><strong>adhuc</strong></span> <span class='ocrx_word' id='word_1_526' title='bbox 2497 767 2825 822; x_wconf 83' lang='lat' dir='ltr'><strong>incursiones</strong></span> <span class='ocrx_word' id='word_1_527' title='bbox 2844 777 3041 823; x_wconf 88' lang='lat' dir='ltr'><strong>essent.</strong></span> <span class='ocrx_word' id='word_1_528' title='bbox 3064 770 3325 841; x_wconf 85' lang='lat' dir='ltr'><strong>Propheta</strong></span> <span class='ocrx_word' id='word_1_529' title='bbox 3344 788 3457 827; x_wconf 89' lang='lat' dir='ltr'><strong>cer-</strong></span> 
     </span>
    </p>
   </div>
   <div class='ocr_carea' id='block_1_67' title="bbox 1872 852 3449 928">
    <p class='ocr_par' dir='ltr' id='par_1_67' title="bbox 1872 852 3449 928">
     <span class='ocr_line' id='line_1_67' title="bbox 1872 852 3449 928; baseline 0.008 -23"><span class='ocrx_word' id='word_1_530' title='bbox 1872 860 1924 906; x_wconf 91' lang='lat' dir='ltr'><strong>te</strong></span> <span class='ocrx_word' id='word_1_531' title='bbox 1951 852 2015 906; x_wconf 89' lang='lat' dir='ltr'><strong>iis</strong></span> <span class='ocrx_word' id='word_1_532' title='bbox 2043 855 2131 923; x_wconf 92' lang='lat' dir='ltr'><strong>qui</strong></span> <span class='ocrx_word' id='word_1_533' title='bbox 2155 855 2318 925; x_wconf 90' lang='lat' dir='ltr'><strong>probe</strong></span> <span class='ocrx_word' id='word_1_534' title='bbox 2346 856 2642 928; x_wconf 88' lang='lat' dir='ltr'><strong>intelligere</strong></span> <span class='ocrx_word' id='word_1_535' title='bbox 2673 869 2891 927; x_wconf 87' lang='lat' dir='ltr'><strong>possent</strong></span> <span class='ocrx_word' id='word_1_536' title='bbox 2916 860 2966 914; x_wconf 89' lang='lat' dir='ltr'><strong>id</strong></span> <span class='ocrx_word' id='word_1_537' title='bbox 2990 862 3367 928; x_wconf 88' lang='lat' dir='ltr'><strong>subindicavit,</strong></span> <span class='ocrx_word' id='word_1_538' title='bbox 3396 875 3449 918; x_wconf 91' lang='lat' dir='ltr'><strong>ut</strong></span> 
     </span>
    </p>
   </div>
   <div class='ocr_carea' id='block_1_68' title="bbox 1872 942 3448 1024">
    <p class='ocr_par' dir='ltr' id='par_1_68' title="bbox 1872 942 3448 1024">
     <span class='ocr_line' id='line_1_68' title="bbox 1872 942 3448 1024; baseline 0.008 -28"><span class='ocrx_word' id='word_1_539' title='bbox 1872 942 1998 1009; x_wconf 82' lang='lat' dir='ltr'><strong>dixi,</strong></span> <span class='ocrx_word' id='word_1_540' title='bbox 2036 960 2139 998; x_wconf 91' lang='lat' dir='ltr'><strong>non</strong></span> <span class='ocrx_word' id='word_1_541' title='bbox 2172 946 2308 999; x_wconf 91' lang='lat' dir='ltr'><strong>ultra</strong></span> <span class='ocrx_word' id='word_1_542' title='bbox 2341 947 2452 1002; x_wconf 82' lang='lat' dir='ltr'><strong>fore</strong></span> <span class='ocrx_word' id='word_1_543' title='bbox 2479 947 2595 1002; x_wconf 90' lang='lat' dir='ltr'><strong>illas</strong></span> <span class='ocrx_word' id='word_1_544' title='bbox 2635 948 2938 1020; x_wconf 79' lang='lat' dir='ltr'><strong>frequentes</strong></span> <span class='ocrx_word' id='word_1_545' title='bbox 2962 952 3064 1020; x_wconf 89' lang='lat' dir='ltr'><strong>(a)</strong></span> <span class='ocrx_word' id='word_1_546' title='bbox 3106 953 3448 1024; x_wconf 75' lang='lat' dir='ltr'><strong>irruptiones.</strong></span> 
     </span>
    </p>
   </div>
   <div class='ocr_carea' id='block_1_69' title="bbox 1869 1035 3453 1117">
    <p class='ocr_par' dir='ltr' id='par_1_69' title="bbox 1869 1035 3453 1117">
     <span class='ocr_line' id='line_1_69' title="bbox 1869 1035 3453 1117; baseline 0.008 -29"><span class='ocrx_word' id='word_1_547' title='bbox 1869 1035 1983 1090; x_wconf 87' lang='lat' dir='ltr'><strong>Non</strong></span> <span class='ocrx_word' id='word_1_548' title='bbox 2010 1037 2150 1091; x_wconf 90' lang='lat' dir='ltr'><strong>enim</strong></span> <span class='ocrx_word' id='word_1_549' title='bbox 2179 1038 2349 1104; x_wconf 91' lang='lat' dir='ltr'><strong>dixit,</strong></span> <span class='ocrx_word' id='word_1_550' title='bbox 2385 1038 2500 1094; x_wconf 85' lang='lat' dir='ltr'><strong>Non</strong></span> <span class='ocrx_word' id='word_1_551' title='bbox 2530 1042 2632 1095; x_wconf 90' lang='lat' dir='ltr'><strong>erit</strong></span> <span class='ocrx_word' id='word_1_552' title='bbox 2658 1043 2875 1097; x_wconf 89' lang='lat' dir='ltr'><strong>omnino</strong></span> <span class='ocrx_word' id='word_1_553' title='bbox 2902 1043 3095 1098; x_wconf 89' lang='lat' dir='ltr'><strong>bellum</strong></span> <span class='ocrx_word' id='word_1_554' title='bbox 3118 1061 3131 1108; x_wconf 88' lang='lat'><strong>;</strong></span> <span class='ocrx_word' id='word_1_555' title='bbox 3167 1046 3260 1100; x_wconf 86' lang='lat' dir='ltr'><strong>sed</strong></span> <span class='ocrx_word' id='word_1_556' title='bbox 3287 1048 3410 1117; x_wconf 90' lang='lat' dir='ltr'><strong>quid</strong></span> <span class='ocrx_word' id='word_1_557' title='bbox 3428 1049 3453 1100; x_wconf 71' lang='grc' dir='ltr'>τ</span> 
     </span>
    </p>
   </div>
   <div class='ocr_carea' id='block_1_70' title="bbox 1870 1124 3451 1208">
    <p class='ocr_par' dir='ltr' id='par_1_70' title="bbox 1870 1124 3451 1208">
     <span class='ocr_line' id='line_1_70' title="bbox 1870 1124 3451 1208; baseline 0.009 -29"><span class='ocrx_word' id='word_1_558' title='bbox 1870 1124 1992 1181; x_wconf 87' lang='lat' dir='ltr'><strong>Non</strong></span> <span class='ocrx_word' id='word_1_559' title='bbox 2021 1130 2230 1199; x_wconf 78' lang='lat' dir='ltr'><strong>accipiet</strong></span> <span class='ocrx_word' id='word_1_560' title='bbox 2252 1147 2372 1200; x_wconf 84' lang='lat' dir='ltr'><strong>gens</strong></span> <span class='ocrx_word' id='word_1_561' title='bbox 2400 1142 2577 1185; x_wconf 84' lang='lat' dir='ltr'><strong>contra</strong></span> <span class='ocrx_word' id='word_1_562' title='bbox 2600 1144 2794 1203; x_wconf 84' lang='lat' dir='ltr'><strong>gentem</strong></span> <span class='ocrx_word' id='word_1_563' title='bbox 2823 1136 3085 1205; x_wconf 84' lang='lat' dir='ltr'><strong>gladium;</strong></span> <span class='ocrx_word' id='word_1_564' title='bbox 3129 1146 3182 1191; x_wconf 91' lang='lat' dir='ltr'><strong>et</strong></span> <span class='ocrx_word' id='word_1_565' title='bbox 3226 1140 3451 1208; x_wconf 86' lang='lat' dir='ltr'><strong>populo-</strong></span> 
     </span>
    </p>
   </div>
   <div class='ocr_carea' id='block_1_71' title="bbox 1869 1220 3451 1299">
    <p class='ocr_par' dir='ltr' id='par_1_71' title="bbox 1869 1220 3451 1299">
     <span class='ocr_line' id='line_1_71' title="bbox 1869 1220 3451 1299; baseline 0.008 -27"><span class='ocrx_word' id='word_1_566' title='bbox 1869 1234 1984 1273; x_wconf 92' lang='lat' dir='ltr'><strong>rum</strong></span> <span class='ocrx_word' id='word_1_567' title='bbox 2010 1220 2309 1275; x_wconf 87' lang='lat' dir='ltr'><strong>libertatem</strong></span> <span class='ocrx_word' id='word_1_568' title='bbox 2334 1222 2531 1291; x_wconf 88' lang='lat' dir='ltr'><strong>adjecit</strong></span> <span class='ocrx_word' id='word_1_569' title='bbox 2568 1224 2783 1291; x_wconf 90' lang='lat' dir='ltr'><strong>dicens,</strong></span> <span class='ocrx_word' id='word_1_570' title='bbox 2831 1225 2951 1280; x_wconf 88' lang='lat' dir='ltr'><strong>Non</strong></span> <span class='ocrx_word' id='word_1_571' title='bbox 2995 1228 3185 1282; x_wconf 77' lang='lat' dir='ltr'><strong>discent</strong></span> <span class='ocrx_word' id='word_1_572' title='bbox 3232 1231 3451 1299; x_wconf 80' lang='lat' dir='ltr'><strong>amplius</strong></span> 
     </span>
    </p>
   </div>
   <div class='ocr_carea' id='block_1_72' title="bbox 1868 1313 3449 1388">
    <p class='ocr_par' dir='ltr' id='par_1_72' title="bbox 1868 1313 3449 1388">
     <span class='ocr_line' id='line_1_72' title="bbox 1868 1313 3449 1388; baseline 0.008 -23"><span class='ocrx_word' id='word_1_573' title='bbox 1868 1313 2091 1384; x_wconf 74' lang='lat' dir='ltr'><strong>prwliari</strong></span> <span class='ocrx_word' id='word_1_574' title='bbox 2114 1355 2132 1379; x_wconf 91' lang='lat'><strong>,</strong></span> <span class='ocrx_word' id='word_1_575' title='bbox 2169 1315 2484 1384; x_wconf 87' lang='lat' dir='ltr'><strong>quibusdam</strong></span> <span class='ocrx_word' id='word_1_576' title='bbox 2514 1318 2752 1388; x_wconf 88' lang='lat' dir='ltr'><strong>exceptis</strong></span> <span class='ocrx_word' id='word_1_577' title='bbox 2777 1318 3034 1374; x_wconf 89' lang='lat' dir='ltr'><strong>militibus</strong></span> <span class='ocrx_word' id='word_1_578' title='bbox 3059 1320 3126 1375; x_wconf 88' lang='lat' dir='ltr'><strong>ad</strong></span> <span class='ocrx_word' id='word_1_579' title='bbox 3151 1321 3252 1376; x_wconf 90' lang='lat' dir='ltr'><strong>hoc</strong></span> <span class='ocrx_word' id='word_1_580' title='bbox 3280 1322 3449 1377; x_wconf 85' lang='lat' dir='ltr'><strong>desti-</strong></span> 
     </span>
    </p>
   </div>
   <div class='ocr_carea' id='block_1_73' title="bbox 1868 1405 3451 1475">
    <p class='ocr_par' dir='ltr' id='par_1_73' title="bbox 1868 1405 3451 1475">
     <span class='ocr_line' id='line_1_73' title="bbox 1868 1405 3451 1475; baseline 0.007 -18"><span class='ocrx_word' id='word_1_581' title='bbox 1868 1405 2026 1458; x_wconf 86' lang='lat' dir='ltr'><strong>natis.</strong></span> <span class='ocrx_word' id='word_1_582' title='bbox 2057 1406 2112 1461; x_wconf 86' lang='lat'><strong>5.</strong></span> <span class='ocrx_word' id='word_1_583' title='bbox 2139 1405 2203 1459; x_wconf 86' lang='lat' dir='ltr'><strong>Et</strong></span> <span class='ocrx_word' id='word_1_584' title='bbox 2228 1423 2363 1459; x_wconf 83' lang='lat' dir='ltr'><strong>nunc</strong></span> <span class='ocrx_word' id='word_1_585' title='bbox 2383 1417 2458 1473; x_wconf 77' lang='lat' dir='ltr'><strong>tu,</strong></span> <span class='ocrx_word' id='word_1_586' title='bbox 2498 1409 2678 1463; x_wconf 80' lang='lat' dir='ltr'><strong>domus</strong></span> <span class='ocrx_word' id='word_1_587' title='bbox 2700 1409 2859 1465; x_wconf 78' lang='lat' dir='ltr'><strong>Jacob</strong></span> <span class='ocrx_word' id='word_1_588' title='bbox 2878 1451 2893 1475; x_wconf 90' lang='lat'><strong>,</strong></span> <span class='ocrx_word' id='word_1_589' title='bbox 2925 1413 3115 1475; x_wconf 78' lang='lat' dir='ltr'><strong>venite,</strong></span> <span class='ocrx_word' id='word_1_590' title='bbox 3148 1423 3195 1467; x_wconf 85' lang='lat' dir='ltr'><strong>et</strong></span> <span class='ocrx_word' id='word_1_591' title='bbox 3224 1414 3451 1468; x_wconf 85' lang='lat' dir='ltr'><strong>ambule-</strong></span> 
     </span>
    </p>
   </div>
   <div class='ocr_carea' id='block_1_74' title="bbox 1867 1495 3442 1574">
    <p class='ocr_par' dir='ltr' id='par_1_74' title="bbox 1867 1495 3442 1574">
     <span class='ocr_line' id='line_1_74' title="bbox 1867 1495 3442 1574; baseline 0.008 -29"><span class='ocrx_word' id='word_1_592' title='bbox 1867 1510 1978 1547; x_wconf 86' lang='lat' dir='ltr'><strong>mus</strong></span> <span class='ocrx_word' id='word_1_593' title='bbox 1996 1496 2049 1547; x_wconf 89' lang='lat' dir='ltr'><strong>in</strong></span> <span class='ocrx_word' id='word_1_594' title='bbox 2078 1495 2267 1549; x_wconf 76' lang='lat' dir='ltr'><strong>luntine</strong></span> <span class='ocrx_word' id='word_1_595' title='bbox 2284 1495 2509 1552; x_wconf 83' lang='lat' dir='ltr'><strong>Domini.</strong></span> <span class='ocrx_word' id='word_1_596' title='bbox 2535 1500 2590 1555; x_wconf 88' lang='grc'><strong>6.</strong></span> <span class='ocrx_word' id='word_1_597' title='bbox 2617 1499 2821 1555; x_wconf 78' lang='lat' dir='ltr'><strong>Diutisit</strong></span> <span class='ocrx_word' id='word_1_598' title='bbox 2838 1503 2971 1555; x_wconf 80' lang='lat' dir='ltr'><strong>enim</strong></span> <span class='ocrx_word' id='word_1_599' title='bbox 2999 1505 3246 1574; x_wconf 77' lang='lat' dir='ltr'><strong>populum</strong></span> <span class='ocrx_word' id='word_1_600' title='bbox 3272 1523 3442 1572; x_wconf 83' lang='lat' dir='ltr'><strong>suum,</strong></span> 
     </span>
    </p>
   </div>
   <div class='ocr_carea' id='block_1_75' title="bbox 1866 1585 3449 1664">
    <p class='ocr_par' dir='ltr' id='par_1_75' title="bbox 1866 1585 3449 1664">
     <span class='ocr_line' id='line_1_75' title="bbox 1866 1585 3449 1664; baseline 0.009 -26"><span class='ocrx_word' id='word_1_601' title='bbox 1866 1585 2071 1640; x_wconf 84' lang='lat' dir='ltr'><strong>domum</strong></span> <span class='ocrx_word' id='word_1_602' title='bbox 2109 1586 2291 1642; x_wconf 74' lang='lat' dir='ltr'><strong>Iacob.</strong></span> <span class='ocrx_word' id='word_1_603' title='bbox 2342 1590 2627 1661; x_wconf 89' lang='lat' dir='ltr'><strong>Prophetia</strong></span> <span class='ocrx_word' id='word_1_604' title='bbox 2663 1592 2731 1648; x_wconf 89' lang='lat' dir='ltr'><strong>de</strong></span> <span class='ocrx_word' id='word_1_605' title='bbox 2763 1593 3003 1649; x_wconf 85' lang='lat' dir='ltr'><strong>Ecclesia</strong></span> <span class='ocrx_word' id='word_1_606' title='bbox 3025 1598 3135 1664; x_wconf 88' lang='lat' dir='ltr'><strong>jam</strong></span> <span class='ocrx_word' id='word_1_607' title='bbox 3164 1597 3405 1652; x_wconf 85' lang='lat' dir='ltr'><strong>absoluta</strong></span> <span class='ocrx_word' id='word_1_608' title='bbox 3430 1638 3449 1664; x_wconf 95' lang='lat'><strong>,</strong></span> 
     </span>
    </p>
   </div>
   <div class='ocr_carea' id='block_1_76' title="bbox 1866 1678 3450 1755">
    <p class='ocr_par' dir='ltr' id='par_1_76' title="bbox 1866 1678 3450 1755">
     <span class='ocr_line' id='line_1_76' title="bbox 1866 1678 3450 1755; baseline 0.008 -24"><span class='ocrx_word' id='word_1_609' title='bbox 1866 1692 2049 1732; x_wconf 87' lang='lat' dir='ltr'><strong>rursus</strong></span> <span class='ocrx_word' id='word_1_610' title='bbox 2072 1678 2139 1733; x_wconf 91' lang='lat' dir='ltr'><strong>ad</strong></span> <span class='ocrx_word' id='word_1_611' title='bbox 2168 1678 2443 1736; x_wconf 89' lang='lat' dir='ltr'><strong>historiam</strong></span> <span class='ocrx_word' id='word_1_612' title='bbox 2470 1685 2660 1738; x_wconf 89' lang='lat' dir='ltr'><strong>transit</strong></span> <span class='ocrx_word' id='word_1_613' title='bbox 2681 1724 2698 1751; x_wconf 93' lang='lat'><strong>,</strong></span> <span class='ocrx_word' id='word_1_614' title='bbox 2750 1686 2900 1755; x_wconf 84' lang='lat' dir='ltr'><strong>quasi</strong></span> <span class='ocrx_word' id='word_1_615' title='bbox 2936 1687 3220 1742; x_wconf 78' lang='lat' dir='ltr'><strong>verborum</strong></span> <span class='ocrx_word' id='word_1_616' title='bbox 3257 1690 3450 1743; x_wconf 87' lang='lat' dir='ltr'><strong>seriem</strong></span> 
     </span>
    </p>
   </div>
   <div class='ocr_carea' id='block_1_77' title="bbox 1865 1772 3451 1843">
    <p class='ocr_par' dir='ltr' id='par_1_77' title="bbox 1865 1772 3451 1843">
     <span class='ocr_line' id='line_1_77' title="bbox 1865 1772 3451 1843; baseline 0.008 -20"><span class='ocrx_word' id='word_1_617' title='bbox 1865 1784 2163 1826; x_wconf 85' lang='lat' dir='ltr'><strong>resumens.</strong></span> <span class='ocrx_word' id='word_1_618' title='bbox 2213 1772 2362 1829; x_wconf 90' lang='lat' dir='ltr'><strong>Talis</strong></span> <span class='ocrx_word' id='word_1_619' title='bbox 2381 1774 2524 1828; x_wconf 89' lang='lat' dir='ltr'><strong>enim</strong></span> <span class='ocrx_word' id='word_1_620' title='bbox 2555 1775 2658 1831; x_wconf 89' lang='lat' dir='ltr'><strong>illis</strong></span> <span class='ocrx_word' id='word_1_621' title='bbox 2684 1791 2802 1830; x_wconf 88' lang='lat' dir='ltr'><strong>mos</strong></span> <span class='ocrx_word' id='word_1_622' title='bbox 2838 1786 2992 1843; x_wconf 90' lang='lat' dir='ltr'><strong>erat,</strong></span> <span class='ocrx_word' id='word_1_623' title='bbox 3040 1794 3146 1833; x_wconf 89' lang='lat' dir='ltr'><strong>non</strong></span> <span class='ocrx_word' id='word_1_624' title='bbox 3185 1780 3451 1834; x_wconf 88' lang='lat' dir='ltr'><strong>dictorum</strong></span> 
     </span>
    </p>
   </div>
   <div class='ocr_carea' id='block_1_78' title="bbox 1865 1865 3452 1943">
    <p class='ocr_par' dir='ltr' id='par_1_78' title="bbox 1865 1865 3452 1943">
     <span class='ocr_line' id='line_1_78' title="bbox 1865 1865 3452 1943; baseline 0.006 -24"><span class='ocrx_word' id='word_1_625' title='bbox 1865 1865 2117 1923; x_wconf 79' lang='lat' dir='ltr'><strong>ﬁrmitate</strong></span> <span class='ocrx_word' id='word_1_626' title='bbox 2144 1867 2223 1938; x_wconf 93' lang='lat' dir='ltr'><strong>(b)</strong></span> <span class='ocrx_word' id='word_1_627' title='bbox 2250 1878 2473 1935; x_wconf 89' lang='lat' dir='ltr'><strong>tantum,</strong></span> <span class='ocrx_word' id='word_1_628' title='bbox 2502 1870 2595 1925; x_wconf 86' lang='lat' dir='ltr'><strong>sed</strong></span> <span class='ocrx_word' id='word_1_629' title='bbox 2617 1871 2779 1925; x_wconf 89' lang='lat' dir='ltr'><strong>etiam</strong></span> <span class='ocrx_word' id='word_1_630' title='bbox 2810 1871 2965 1926; x_wconf 90' lang='lat' dir='ltr'><strong>seriei</strong></span> <span class='ocrx_word' id='word_1_631' title='bbox 2989 1873 3194 1927; x_wconf 86' lang='lat' dir='ltr'><strong>ratione</strong></span> <span class='ocrx_word' id='word_1_632' title='bbox 3222 1874 3452 1943; x_wconf 89' lang='lat' dir='ltr'><strong>prophe-</strong></span> 
     </span>
    </p>
   </div>
   <div class='ocr_carea' id='block_1_79' title="bbox 1864 1959 3447 2035">
    <p class='ocr_par' dir='ltr' id='par_1_79' title="bbox 1864 1959 3447 2035">
     <span class='ocr_line' id='line_1_79' title="bbox 1864 1959 3447 2035; baseline 0.006 -24"><span class='ocrx_word' id='word_1_633' title='bbox 1864 1959 1992 2013; x_wconf 88' lang='lat' dir='ltr'><strong>tiam</strong></span> <span class='ocrx_word' id='word_1_634' title='bbox 2028 1959 2371 2017; x_wconf 88' lang='lat' dir='ltr'><strong>adumbrare.</strong></span> <span class='ocrx_word' id='word_1_635' title='bbox 2412 1962 2747 2033; x_wconf 89' lang='lat' dir='ltr'><strong>Quapropter</strong></span> <span class='ocrx_word' id='word_1_636' title='bbox 2786 1978 2890 2018; x_wconf 90' lang='lat' dir='ltr'><strong>non</strong></span> <span class='ocrx_word' id='word_1_637' title='bbox 2932 1964 3232 2019; x_wconf 87' lang='lat' dir='ltr'><strong>asbolutum</strong></span> <span class='ocrx_word' id='word_1_638' title='bbox 3266 1968 3447 2035; x_wconf 81' lang='lat' dir='ltr'><strong>explet</strong></span> 
     </span>
    </p>
   </div>
   <div class='ocr_carea' id='block_1_80' title="bbox 1863 2051 3445 2125">
    <p class='ocr_par' dir='ltr' id='par_1_80' title="bbox 1863 2051 3445 2125">
     <span class='ocr_line' id='line_1_80' title="bbox 1863 2051 3445 2125; baseline 0.006 -23"><span class='ocrx_word' id='word_1_639' title='bbox 1863 2064 2188 2117; x_wconf 86' lang='lat' dir='ltr'><strong>sermonem,</strong></span> <span class='ocrx_word' id='word_1_640' title='bbox 2216 2051 2310 2105; x_wconf 88' lang='lat' dir='ltr'><strong>sed</strong></span> <span class='ocrx_word' id='word_1_641' title='bbox 2340 2054 2488 2122; x_wconf 89' lang='lat' dir='ltr'><strong>quasi</strong></span> <span class='ocrx_word' id='word_1_642' title='bbox 2510 2054 2739 2124; x_wconf 87' lang='lat' dir='ltr'><strong>aliquam</strong></span> <span class='ocrx_word' id='word_1_643' title='bbox 2769 2056 2942 2109; x_wconf 86' lang='lat' dir='ltr'><strong>trahat</strong></span> <span class='ocrx_word' id='word_1_644' title='bbox 2970 2065 3212 2110; x_wconf 88' lang='lat' dir='ltr'><strong>catenam</strong></span> <span class='ocrx_word' id='word_1_645' title='bbox 3231 2098 3246 2125; x_wconf 95' lang='lat'><strong>,</strong></span> <span class='ocrx_word' id='word_1_646' title='bbox 3278 2058 3355 2112; x_wconf 88' lang='lat' dir='ltr'><strong>sic</strong></span> <span class='ocrx_word' id='word_1_647' title='bbox 3379 2058 3445 2111; x_wconf 89' lang='lat' dir='ltr'><strong>ad</strong></span> 
     </span>
    </p>
   </div>
   <div class='ocr_carea' id='block_1_81' title="bbox 1865 2140 3451 2217">
    <p class='ocr_par' dir='ltr' id='par_1_81' title="bbox 1865 2140 3451 2217">
     <span class='ocr_line' id='line_1_81' title="bbox 1865 2140 3451 2217; baseline 0.006 -21"><span class='ocrx_word' id='word_1_648' title='bbox 1865 2140 2172 2198; x_wconf 69' lang='lat' dir='ltr'><strong>Iudaeorum</strong></span> <span class='ocrx_word' id='word_1_649' title='bbox 2201 2144 2614 2201; x_wconf 88' lang='lat' dir='ltr'><strong>admonitionem</strong></span> <span class='ocrx_word' id='word_1_650' title='bbox 2656 2164 2864 2203; x_wconf 89' lang='lat' dir='ltr'><strong>rursum</strong></span> <span class='ocrx_word' id='word_1_651' title='bbox 2906 2151 3128 2217; x_wconf 85' lang='lat' dir='ltr'><strong>transit,</strong></span> <span class='ocrx_word' id='word_1_652' title='bbox 3157 2161 3212 2206; x_wconf 88' lang='lat' dir='ltr'><strong>et</strong></span> <span class='ocrx_word' id='word_1_653' title='bbox 3240 2154 3314 2205; x_wconf 88' lang='lat' dir='ltr'><strong>ait</strong></span> <span class='ocrx_word' id='word_1_654' title='bbox 3341 2172 3353 2206; x_wconf 93' lang='lat'>:</span> <span class='ocrx_word' id='word_1_655' title='bbox 3382 2153 3451 2205; x_wconf 79' lang='lat' dir='ltr'><strong>Et</strong></span> 
     </span>
    </p>
   </div>
   <div class='ocr_carea' id='block_1_82' title="bbox 1864 2233 3452 2305">
    <p class='ocr_par' dir='ltr' id='par_1_82' title="bbox 1864 2233 3452 2305">
     <span class='ocr_line' id='line_1_82' title="bbox 1864 2233 3452 2305; baseline 0.006 -19"><span class='ocrx_word' id='word_1_656' title='bbox 1864 2249 1997 2286; x_wconf 81' lang='lat' dir='ltr'><strong>nunc</strong></span> <span class='ocrx_word' id='word_1_657' title='bbox 2021 2242 2096 2300; x_wconf 73' lang='lat' dir='ltr'><strong>tu,</strong></span> <span class='ocrx_word' id='word_1_658' title='bbox 2126 2239 2305 2289; x_wconf 82' lang='lat' dir='ltr'><strong>domus</strong></span> <span class='ocrx_word' id='word_1_659' title='bbox 2325 2233 2485 2290; x_wconf 75' lang='lat' dir='ltr'><strong>Iacob</strong></span> <span class='ocrx_word' id='word_1_660' title='bbox 2504 2280 2520 2300; x_wconf 82' lang='lat'><strong>,</strong></span> <span class='ocrx_word' id='word_1_661' title='bbox 2548 2238 2739 2305; x_wconf 75' lang='lat' dir='ltr'><strong>uenite,</strong></span> <span class='ocrx_word' id='word_1_662' title='bbox 2764 2249 2811 2292; x_wconf 86' lang='lat' dir='ltr'><strong>et</strong></span> <span class='ocrx_word' id='word_1_663' title='bbox 2839 2240 3146 2294; x_wconf 76' lang='lat' dir='ltr'><strong>ambulemus</strong></span> <span class='ocrx_word' id='word_1_664' title='bbox 3173 2242 3223 2295; x_wconf 89' lang='lat' dir='ltr'><strong>in</strong></span> <span class='ocrx_word' id='word_1_665' title='bbox 3263 2242 3452 2295; x_wconf 87' lang='lat' dir='ltr'><strong>lumine</strong></span> 
     </span>
    </p>
   </div>
   <div class='ocr_carea' id='block_1_83' title="bbox 1864 2324 3444 2401">
    <p class='ocr_par' dir='ltr' id='par_1_83' title="bbox 1864 2324 3444 2401">
     <span class='ocr_line' id='line_1_83' title="bbox 1864 2324 3444 2401; baseline 0.007 -24"><span class='ocrx_word' id='word_1_666' title='bbox 1864 2324 2113 2389; x_wconf 77' lang='lat' dir='ltr'><strong>Domini;</strong></span> <span class='ocrx_word' id='word_1_667' title='bbox 2141 2326 2192 2380; x_wconf 90' lang='lat' dir='ltr'><strong>id</strong></span> <span class='ocrx_word' id='word_1_668' title='bbox 2222 2336 2339 2395; x_wconf 82' lang='lat' dir='ltr'><strong>est,</strong></span> <span class='ocrx_word' id='word_1_669' title='bbox 2358 2328 2409 2381; x_wconf 90' lang='lat' dir='ltr'><strong>in</strong></span> <span class='ocrx_word' id='word_1_670' title='bbox 2436 2330 2715 2398; x_wconf 69' lang='lat' dir='ltr'><strong>praeceptis</strong></span> <span class='ocrx_word' id='word_1_671' title='bbox 2744 2330 2880 2400; x_wconf 78' lang='lat' dir='ltr'><strong>ejus,</strong></span> <span class='ocrx_word' id='word_1_672' title='bbox 2911 2332 2964 2385; x_wconf 90' lang='lat' dir='ltr'><strong>in</strong></span> <span class='ocrx_word' id='word_1_673' title='bbox 2998 2332 3112 2401; x_wconf 82' lang='lat' dir='ltr'><strong>lege</strong></span> <span class='ocrx_word' id='word_1_674' title='bbox 3132 2348 3246 2400; x_wconf 58' lang='lat' dir='ltr'><strong>eius</strong></span> <span class='ocrx_word' id='word_1_675' title='bbox 3280 2352 3293 2387; x_wconf 95' lang='lat'><strong>:</strong></span> <span class='ocrx_word' id='word_1_676' title='bbox 3324 2350 3444 2388; x_wconf 90' lang='lat' dir='ltr'><strong>nam</strong></span> 
     </span>
    </p>
   </div>
   <div class='ocr_carea' id='block_1_84' title="bbox 1864 2413 3450 2494">
    <p class='ocr_par' dir='ltr' id='par_1_84' title="bbox 1864 2413 3450 2494">
     <span class='ocr_line' id='line_1_84' title="bbox 1864 2413 3450 2494; baseline 0.008 -27"><span class='ocrx_word' id='word_1_677' title='bbox 1864 2413 2183 2485; x_wconf 66' lang='lat' dir='ltr'><strong>Praecptum</strong></span> <span class='ocrx_word' id='word_1_678' title='bbox 2214 2416 2337 2489; x_wconf 77' lang='lat' dir='ltr'><strong>legis</strong></span> <span class='ocrx_word' id='word_1_679' title='bbox 2364 2430 2437 2473; x_wconf 85' lang='lat' dir='ltr'><strong>est</strong></span> <span class='ocrx_word' id='word_1_680' title='bbox 2466 2418 2691 2487; x_wconf 80' lang='lat' dir='ltr'><strong>lucem,</strong></span> <span class='ocrx_word' id='word_1_681' title='bbox 2714 2432 2761 2474; x_wconf 84' lang='lat' dir='ltr'><strong>et</strong></span> <span class='ocrx_word' id='word_1_682' title='bbox 2788 2423 2877 2475; x_wconf 69' lang='lat' dir='ltr'><strong>lux</strong></span> <span class='ocrx_word' id='word_1_683' title='bbox 2901 2433 2949 2476; x_wconf 82' lang='lat' dir='ltr'><strong>et</strong></span> <span class='ocrx_word' id='word_1_684' title='bbox 2977 2424 3099 2489; x_wconf 77' lang='lat' dir='ltr'><strong>vita,</strong></span> <span class='ocrx_word' id='word_1_685' title='bbox 3127 2427 3450 2494; x_wconf 77' lang='lat' dir='ltr'><strong>reprehensio</strong></span> 
     </span>
    </p>
   </div>
   <div class='ocr_carea' id='block_1_85' title="bbox 1864 2508 3447 2585">
    <p class='ocr_par' dir='ltr' id='par_1_85' title="bbox 1864 2508 3447 2585">
     <span class='ocr_line' id='line_1_85' title="bbox 1864 2508 3447 2585; baseline 0.009 -26"><span class='ocrx_word' id='word_1_686' title='bbox 1864 2517 1910 2560; x_wconf 85' lang='lat' dir='ltr'><strong>et</strong></span> <span class='ocrx_word' id='word_1_687' title='bbox 1936 2508 2207 2578; x_wconf 81' lang='lat' dir='ltr'><strong>disciplina</strong></span> <span class='ocrx_word' id='word_1_688' title='bbox 2250 2509 2443 2579; x_wconf 79' lang='lat' dir='ltr'><strong>(Prov.</strong></span> <span class='ocrx_word' id='word_1_689' title='bbox 2489 2513 2543 2566; x_wconf 80' lang='lat'><strong>6.</strong></span> <span class='ocrx_word' id='word_1_690' title='bbox 2587 2512 2726 2584; x_wconf 71' lang='lat'><strong>23);</strong></span> <span class='ocrx_word' id='word_1_691' title='bbox 2776 2514 3044 2585; x_wconf 88' lang='lat' dir='ltr'><strong>Davidque</strong></span> <span class='ocrx_word' id='word_1_692' title='bbox 3090 2532 3300 2571; x_wconf 88' lang='lat' dir='ltr'><strong>rursum</strong></span> <span class='ocrx_word' id='word_1_693' title='bbox 3330 2520 3447 2572; x_wconf 87' lang='lat' dir='ltr'><strong>ait:</strong></span> 
     </span>
    </p>
   </div>
   <div class='ocr_carea' id='block_1_86' title="bbox 1868 2597 3448 2681">
    <p class='ocr_par' dir='ltr' id='par_1_86' title="bbox 1868 2597 3448 2681">
     <span class='ocr_line' id='line_1_86' title="bbox 1868 2597 3448 2681; baseline 0.009 -30"><span class='ocrx_word' id='word_1_694' title='bbox 1868 2597 2185 2671; x_wconf 74' lang='lat' dir='ltr'><strong>Pus-ceptum</strong></span> <span class='ocrx_word' id='word_1_695' title='bbox 2211 2600 2420 2656; x_wconf 81' lang='lat' dir='ltr'><strong>Domini</strong></span> <span class='ocrx_word' id='word_1_696' title='bbox 2457 2605 2679 2659; x_wconf 82' lang='lat' dir='ltr'><strong>lucidum</strong></span> <span class='ocrx_word' id='word_1_697' title='bbox 2703 2647 2719 2672; x_wconf 90' lang='lat'><strong>,</strong></span> <span class='ocrx_word' id='word_1_698' title='bbox 2750 2606 3044 2663; x_wconf 86' lang='lat' dir='ltr'><strong>illuminans</strong></span> <span class='ocrx_word' id='word_1_699' title='bbox 3072 2611 3244 2664; x_wconf 82' lang='lat' dir='ltr'><strong>oculos</strong></span> <span class='ocrx_word' id='word_1_700' title='bbox 3263 2612 3282 2681; x_wconf 89' lang='lat'><strong>(</strong></span> <span class='ocrx_word' id='word_1_701' title='bbox 3302 2609 3448 2666; x_wconf 86' lang='lat' dir='ltr'><strong>Psal.</strong></span> 
     </span>
    </p>
   </div>
   <div class='ocr_carea' id='block_1_87' title="bbox 1865 2690 3447 2767">
    <p class='ocr_par' dir='ltr' id='par_1_87' title="bbox 1865 2690 3447 2767">
     <span class='ocr_line' id='line_1_87' title="bbox 1865 2690 3447 2767; baseline 0.006 -21"><span class='ocrx_word' id='word_1_702' title='bbox 1865 2691 1953 2746; x_wconf 79' lang='grc'><strong>18.</strong></span> <span class='ocrx_word' id='word_1_703' title='bbox 1975 2690 2046 2761; x_wconf 84' lang='lat'><strong>9)</strong></span> <span class='ocrx_word' id='word_1_704' title='bbox 2072 2708 2087 2758; x_wconf 90' lang='lat'><strong>;</strong></span> <span class='ocrx_word' id='word_1_705' title='bbox 2119 2701 2176 2748; x_wconf 87' lang='lat' dir='ltr'><strong>et</strong></span> <span class='ocrx_word' id='word_1_706' title='bbox 2193 2734 2207 2760; x_wconf 92' lang='lat'><strong>,</strong></span> <span class='ocrx_word' id='word_1_707' title='bbox 2238 2692 2467 2747; x_wconf 85' lang='lat' dir='ltr'><strong>Lucerna</strong></span> <span class='ocrx_word' id='word_1_708' title='bbox 2488 2696 2695 2765; x_wconf 81' lang='lat' dir='ltr'><strong>pedibus</strong></span> <span class='ocrx_word' id='word_1_709' title='bbox 2721 2700 2841 2752; x_wconf 81' lang='lat' dir='ltr'><strong>meis</strong></span> <span class='ocrx_word' id='word_1_710' title='bbox 2864 2699 2946 2751; x_wconf 81' lang='lat' dir='ltr'><strong>lea:</strong></span> <span class='ocrx_word' id='word_1_711' title='bbox 2973 2708 3085 2767; x_wconf 86' lang='lat' dir='ltr'><strong>tua,</strong></span> <span class='ocrx_word' id='word_1_712' title='bbox 3108 2711 3152 2753; x_wconf 86' lang='lat' dir='ltr'><strong>et</strong></span> <span class='ocrx_word' id='word_1_713' title='bbox 3178 2702 3347 2755; x_wconf 83' lang='lat' dir='ltr'><strong>lumen</strong></span> <span class='ocrx_word' id='word_1_714' title='bbox 3367 2718 3447 2755; x_wconf 85' lang='lat' dir='ltr'><strong>se-</strong></span> 
     </span>
    </p>
   </div>
   <div class='ocr_carea' id='block_1_88' title="bbox 1864 2785 3447 2861">
    <p class='ocr_par' dir='ltr' id='par_1_88' title="bbox 1864 2785 3447 2861">
     <span class='ocr_line' id='line_1_88' title="bbox 1864 2785 3447 2861; baseline 0.004 -24"><span class='ocrx_word' id='word_1_715' title='bbox 1864 2786 1997 2839; x_wconf 85' lang='lat' dir='ltr'><strong>mitis</strong></span> <span class='ocrx_word' id='word_1_716' title='bbox 2025 2786 2148 2840; x_wconf 85' lang='lat' dir='ltr'><strong>meis</strong></span> <span class='ocrx_word' id='word_1_717' title='bbox 2186 2785 2366 2857; x_wconf 88' lang='lat' dir='ltr'><strong>(Psal.</strong></span> <span class='ocrx_word' id='word_1_718' title='bbox 2400 2789 2521 2843; x_wconf 79' lang='lat'><strong>“8.</strong></span> <span class='ocrx_word' id='word_1_719' title='bbox 2557 2789 2710 2859; x_wconf 81' lang='lat' dir='ltr'><strong>l05).</strong></span> <span class='ocrx_word' id='word_1_720' title='bbox 2746 2790 2811 2843; x_wconf 81' lang='lat' dir='ltr'><strong>Et</strong></span> <span class='ocrx_word' id='word_1_721' title='bbox 2840 2790 3030 2860; x_wconf 91' lang='lat' dir='ltr'><strong>ubique</strong></span> <span class='ocrx_word' id='word_1_722' title='bbox 3059 2792 3227 2861; x_wconf 81' lang='lat' dir='ltr'><strong>legem</strong></span> <span class='ocrx_word' id='word_1_723' title='bbox 3256 2794 3326 2847; x_wconf 88' lang='lat' dir='ltr'><strong>ita</strong></span> <span class='ocrx_word' id='word_1_724' title='bbox 3351 2809 3447 2846; x_wconf 81' lang='lat' dir='ltr'><strong>Vt)-</strong></span> 
     </span>
    </p>
   </div>
   <div class='ocr_carea' id='block_1_89' title="bbox 1864 2877 3448 2950">
    <p class='ocr_par' dir='ltr' id='par_1_89' title="bbox 1864 2877 3448 2950">
     <span class='ocr_line' id='line_1_89' title="bbox 1864 2877 3448 2950; baseline 0.003 -20"><span class='ocrx_word' id='word_1_725' title='bbox 1864 2877 1971 2930; x_wconf 91' lang='lat' dir='ltr'><strong>cari</strong></span> <span class='ocrx_word' id='word_1_726' title='bbox 2017 2878 2325 2947; x_wconf 87' lang='lat' dir='ltr'><strong>perspicias.</strong></span> <span class='ocrx_word' id='word_1_727' title='bbox 2368 2878 2457 2933; x_wconf 89' lang='lat' dir='ltr'><strong>Sic</strong></span> <span class='ocrx_word' id='word_1_728' title='bbox 2490 2890 2544 2934; x_wconf 89' lang='lat' dir='ltr'><strong>et</strong></span> <span class='ocrx_word' id='word_1_729' title='bbox 2586 2880 2778 2933; x_wconf 86' lang='lat' dir='ltr'><strong>Paulus</strong></span> <span class='ocrx_word' id='word_1_730' title='bbox 2816 2882 2891 2934; x_wconf 90' lang='lat' dir='ltr'><strong>ait</strong></span> <span class='ocrx_word' id='word_1_731' title='bbox 2926 2879 3195 2948; x_wconf 79' lang='lat' dir='ltr'><strong>:Conﬁdis</strong></span> <span class='ocrx_word' id='word_1_732' title='bbox 3232 2884 3448 2950; x_wconf 77' lang='lat' dir='ltr'><strong>teipsum</strong></span> 
     </span>
    </p>
   </div>
   <div class='ocr_carea' id='block_1_90' title="bbox 1862 2970 3446 3040">
    <p class='ocr_par' dir='ltr' id='par_1_90' title="bbox 1862 2970 3446 3040">
     <span class='ocr_line' id='line_1_90' title="bbox 1862 2970 3446 3040; baseline 0.002 -18"><span class='ocrx_word' id='word_1_733' title='bbox 1862 2985 1970 3022; x_wconf 82' lang='lat' dir='ltr'><strong>esse</strong></span> <span class='ocrx_word' id='word_1_734' title='bbox 1993 2970 2167 3023; x_wconf 79' lang='lat' dir='ltr'><strong>ducent</strong></span> <span class='ocrx_word' id='word_1_735' title='bbox 2195 2986 2462 3037; x_wconf 69' lang='lat' dir='ltr'><strong>cazcorum,</strong></span> <span class='ocrx_word' id='word_1_736' title='bbox 2491 2971 2659 3024; x_wconf 83' lang='lat' dir='ltr'><strong>lumen</strong></span> <span class='ocrx_word' id='word_1_737' title='bbox 2683 2986 2855 3025; x_wconf 83' lang='lat' dir='ltr'><strong>eorum</strong></span> <span class='ocrx_word' id='word_1_738' title='bbox 2883 2972 2970 3040; x_wconf 86' lang='lat' dir='ltr'><strong>qui</strong></span> <span class='ocrx_word' id='word_1_739' title='bbox 2994 2972 3047 3025; x_wconf 88' lang='lat' dir='ltr'><strong>in</strong></span> <span class='ocrx_word' id='word_1_740' title='bbox 3073 2972 3285 3025; x_wconf 85' lang='lat' dir='ltr'><strong>tenebris</strong></span> <span class='ocrx_word' id='word_1_741' title='bbox 3308 2984 3446 3035; x_wconf 80' lang='lat' dir='ltr'><strong>sunt,</strong></span> 
     </span>
    </p>
   </div>
   <div class='ocr_carea' id='block_1_91' title="bbox 1864 3060 3446 3133">
    <p class='ocr_par' dir='ltr' id='par_1_91' title="bbox 1864 3060 3446 3133">
     <span class='ocr_line' id='line_1_91' title="bbox 1864 3060 3446 3133; baseline 0.003 -20"><span class='ocrx_word' id='word_1_742' title='bbox 1864 3062 2164 3115; x_wconf 71' lang='lat' dir='ltr'><strong>auditorem</strong></span> <span class='ocrx_word' id='word_1_743' title='bbox 2201 3062 2540 3131; x_wconf 81' lang='lat' dir='ltr'><strong>insipientium</strong></span> <span class='ocrx_word' id='word_1_744' title='bbox 2568 3065 2586 3133; x_wconf 92' lang='lat'><strong>(</strong></span> <span class='ocrx_word' id='word_1_745' title='bbox 2610 3060 2762 3115; x_wconf 87' lang='lat' dir='ltr'><strong>Rom.</strong></span> <span class='ocrx_word' id='word_1_746' title='bbox 2794 3062 2851 3116; x_wconf 76' lang='grc'><strong>2.</strong></span> <span class='ocrx_word' id='word_1_747' title='bbox 2880 3062 2965 3117; x_wconf 80' lang='lat' dir='ltr'><strong>l9.</strong></span> <span class='ocrx_word' id='word_1_748' title='bbox 2990 3062 3121 3133; x_wconf 74' lang='grc'><strong>20).</strong></span> <span class='ocrx_word' id='word_1_749' title='bbox 3158 3062 3275 3117; x_wconf 87' lang='lat' dir='ltr'><strong>Non</strong></span> <span class='ocrx_word' id='word_1_750' title='bbox 3304 3065 3446 3118; x_wconf 82' lang='lat' dir='ltr'><strong>enim</strong></span> 
     </span>
    </p>
   </div>
   <div class='ocr_carea' id='block_1_92' title="bbox 1865 3154 3445 3228">
    <p class='ocr_par' dir='ltr' id='par_1_92' title="bbox 1865 3154 3445 3228">
     <span class='ocr_line' id='line_1_92' title="bbox 1865 3154 3445 3228; baseline 0.004 -21"><span class='ocrx_word' id='word_1_751' title='bbox 1865 3154 1934 3207; x_wconf 84' lang='lat' dir='ltr'><strong>ita</strong></span> <span class='ocrx_word' id='word_1_752' title='bbox 1966 3154 2168 3210; x_wconf 88' lang='lat' dir='ltr'><strong>solares</strong></span> <span class='ocrx_word' id='word_1_753' title='bbox 2198 3156 2330 3210; x_wconf 88' lang='lat' dir='ltr'><strong>radii</strong></span> <span class='ocrx_word' id='word_1_754' title='bbox 2362 3170 2648 3225; x_wconf 83' lang='lat' dir='ltr'><strong>corporeus</strong></span> <span class='ocrx_word' id='word_1_755' title='bbox 2677 3166 2889 3211; x_wconf 86' lang='lat' dir='ltr'><strong>nostros</strong></span> <span class='ocrx_word' id='word_1_756' title='bbox 2910 3157 3096 3211; x_wconf 89' lang='lat' dir='ltr'><strong>oculos</strong></span> <span class='ocrx_word' id='word_1_757' title='bbox 3121 3170 3345 3228; x_wconf 86' lang='lat' dir='ltr'><strong>regunt,</strong></span> <span class='ocrx_word' id='word_1_758' title='bbox 3392 3170 3445 3214; x_wconf 88' lang='lat' dir='ltr'><strong>ut</strong></span> 
     </span>
    </p>
   </div>
   <div class='ocr_carea' id='block_1_93' title="bbox 1865 3247 3023 3317">
    <p class='ocr_par' dir='ltr' id='par_1_93' title="bbox 1865 3247 3023 3317">
     <span class='ocr_line' id='line_1_93' title="bbox 1865 3247 3023 3317; baseline 0.002 -18"><span class='ocrx_word' id='word_1_759' title='bbox 1865 3256 2127 3317; x_wconf 73' lang='lat' dir='ltr'><strong>przecepta</strong></span> <span class='ocrx_word' id='word_1_760' title='bbox 2156 3247 2288 3317; x_wconf 84' lang='lat' dir='ltr'><strong>legis</strong></span> <span class='ocrx_word' id='word_1_761' title='bbox 2310 3248 2499 3302; x_wconf 65' lang='lat' dir='ltr'><strong>animae</strong></span> <span class='ocrx_word' id='word_1_762' title='bbox 2526 3248 2708 3303; x_wconf 91' lang='lat' dir='ltr'><strong>oculos</strong></span> <span class='ocrx_word' id='word_1_763' title='bbox 2739 3248 3023 3303; x_wconf 88' lang='lat' dir='ltr'><strong>illustrant.</strong></span> 
     </span>
    </p>
   </div>
   <div class='ocr_carea' id='block_1_94' title="bbox 1934 3338 3438 3411">
    <p class='ocr_par' dir='ltr' id='par_1_94' title="bbox 1934 3338 3438 3411">
     <span class='ocr_line' id='line_1_94' title="bbox 1934 3338 3438 3411; baseline -0.001 -16"><span class='ocrx_word' id='word_1_764' title='bbox 1934 3340 1986 3395; x_wconf 84' lang='lat'><strong>6.</strong></span> <span class='ocrx_word' id='word_1_765' title='bbox 2004 3338 2266 3409; x_wconf 90' lang='lat' dir='ltr'><strong>Pr0pbeta</strong></span> <span class='ocrx_word' id='word_1_766' title='bbox 2295 3340 2451 3409; x_wconf 88' lang='lat' dir='ltr'><strong>igitur</strong></span> <span class='ocrx_word' id='word_1_767' title='bbox 2467 3348 2523 3393; x_wconf 93' lang='lat' dir='ltr'><strong>ut</strong></span> <span class='ocrx_word' id='word_1_768' title='bbox 2536 3339 2785 3394; x_wconf 87' lang='lat' dir='ltr'><strong>ostendat</strong></span> <span class='ocrx_word' id='word_1_769' title='bbox 2802 3340 2962 3394; x_wconf 89' lang='lat' dir='ltr'><strong>etiam</strong></span> <span class='ocrx_word' id='word_1_770' title='bbox 2988 3349 3111 3395; x_wconf 90' lang='lat' dir='ltr'><strong>ante</strong></span> <span class='ocrx_word' id='word_1_771' title='bbox 3133 3340 3438 3411; x_wconf 72' lang='lat' dir='ltr'><strong>prmmium,</strong></span> 
     </span>
    </p>
   </div>
   <div class='ocr_carea' id='block_1_95' title="bbox 1864 3431 3443 3502">
    <p class='ocr_par' dir='ltr' id='par_1_95' title="bbox 1864 3431 3443 3502">
     <span class='ocr_line' id='line_1_95' title="bbox 1864 3431 3443 3502; baseline -0.002 -14"><span class='ocrx_word' id='word_1_772' title='bbox 1864 3441 1920 3488; x_wconf 90' lang='lat' dir='ltr'><strong>et</strong></span> <span class='ocrx_word' id='word_1_773' title='bbox 1957 3441 2084 3488; x_wconf 89' lang='lat' dir='ltr'><strong>ante</strong></span> <span class='ocrx_word' id='word_1_774' title='bbox 2114 3433 2439 3499; x_wconf 82' lang='lat' dir='ltr'><strong>mercedem,</strong></span> <span class='ocrx_word' id='word_1_775' title='bbox 2468 3441 2754 3501; x_wconf 75' lang='lat' dir='ltr'><strong>przecepta,</strong></span> <span class='ocrx_word' id='word_1_776' title='bbox 2784 3431 2911 3487; x_wconf 91' lang='lat' dir='ltr'><strong>dum</strong></span> <span class='ocrx_word' id='word_1_777' title='bbox 2950 3433 3258 3502; x_wconf 87' lang='lat' dir='ltr'><strong>implentur,</strong></span> <span class='ocrx_word' id='word_1_778' title='bbox 3288 3447 3443 3485; x_wconf 90' lang='lat' dir='ltr'><strong>suam</strong></span> 
     </span>
    </p>
   </div>
   <div class='ocr_carea' id='block_1_96' title="bbox 1864 3524 3447 3593">
    <p class='ocr_par' dir='ltr' id='par_1_96' title="bbox 1864 3524 3447 3593">
     <span class='ocr_line' id='line_1_96' title="bbox 1864 3524 3447 3593; baseline 0 -17"><span class='ocrx_word' id='word_1_779' title='bbox 1864 3524 2056 3579; x_wconf 81' lang='lat' dir='ltr'><strong>all&#39;erre</strong></span> <span class='ocrx_word' id='word_1_780' title='bbox 2085 3526 2409 3590; x_wconf 85' lang='lat' dir='ltr'><strong>mercedem,</strong></span> <span class='ocrx_word' id='word_1_781' title='bbox 2443 3525 2622 3579; x_wconf 90' lang='lat' dir='ltr'><strong>lumen</strong></span> <span class='ocrx_word' id='word_1_782' title='bbox 2654 3524 2767 3593; x_wconf 92' lang='lat' dir='ltr'><strong>ipsa</strong></span> <span class='ocrx_word' id='word_1_783' title='bbox 2808 3539 2937 3578; x_wconf 90' lang='lat' dir='ltr'><strong>voca</strong></span> <span class='ocrx_word' id='word_1_784' title='bbox 2951 3525 3041 3578; x_wconf 88' lang='lat' dir='ltr'><strong>vit.</strong></span> <span class='ocrx_word' id='word_1_785' title='bbox 3090 3524 3447 3592; x_wconf 86' lang='lat' dir='ltr'><strong>Quemadmo-</strong></span> 
     </span>
    </p>
   </div>
   <div class='ocr_carea' id='block_1_97' title="bbox 1863 3616 3447 3682">
    <p class='ocr_par' dir='ltr' id='par_1_97' title="bbox 1863 3616 3447 3682">
     <span class='ocr_line' id='line_1_97' title="bbox 1863 3616 3447 3682; baseline -0.002 -9"><span class='ocrx_word' id='word_1_786' title='bbox 1863 3619 1989 3673; x_wconf 91' lang='lat' dir='ltr'><strong>dum</strong></span> <span class='ocrx_word' id='word_1_787' title='bbox 2007 3619 2149 3673; x_wconf 90' lang='lat' dir='ltr'><strong>euim</strong></span> <span class='ocrx_word' id='word_1_788' title='bbox 2165 3619 2370 3682; x_wconf 89' lang='lat' dir='ltr'><strong>oculus,</strong></span> <span class='ocrx_word' id='word_1_789' title='bbox 2394 3617 2519 3671; x_wconf 91' lang='lat' dir='ltr'><strong>dum</strong></span> <span class='ocrx_word' id='word_1_790' title='bbox 2545 3616 2895 3681; x_wconf 89' lang='lat' dir='ltr'><strong>illuminatur,</strong></span> <span class='ocrx_word' id='word_1_791' title='bbox 2918 3616 3124 3669; x_wconf 84' lang='lat' dir='ltr'><strong>lucrum</strong></span> <span class='ocrx_word' id='word_1_792' title='bbox 3153 3616 3316 3669; x_wconf 82' lang='lat' dir='ltr'><strong>refert</strong></span> <span class='ocrx_word' id='word_1_793' title='bbox 3336 3632 3347 3667; x_wconf 91' lang='lat'>:</span> <span class='ocrx_word' id='word_1_794' title='bbox 3368 3617 3447 3670; x_wconf 88' lang='lat' dir='ltr'><strong>sic</strong></span> 
     </span>
    </p>
   </div>
   <div class='ocr_carea' id='block_1_98' title="bbox 1864 3706 3445 3777">
    <p class='ocr_par' dir='ltr' id='par_1_98' title="bbox 1864 3706 3445 3777">
     <span class='ocr_line' id='line_1_98' title="bbox 1864 3706 3445 3777; baseline -0.004 -12"><span class='ocrx_word' id='word_1_795' title='bbox 1864 3722 1919 3766; x_wconf 90' lang='lat' dir='ltr'><strong>et</strong></span> <span class='ocrx_word' id='word_1_796' title='bbox 1947 3710 2147 3776; x_wconf 90' lang='lat' dir='ltr'><strong>anima,</strong></span> <span class='ocrx_word' id='word_1_797' title='bbox 2175 3726 2295 3764; x_wconf 92' lang='lat' dir='ltr'><strong>cum</strong></span> <span class='ocrx_word' id='word_1_798' title='bbox 2343 3709 2445 3777; x_wconf 85' lang='lat' dir='ltr'><strong>legi</strong></span> <span class='ocrx_word' id='word_1_799' title='bbox 2492 3708 2860 3777; x_wconf 88' lang='lat' dir='ltr'><strong>obtemperat,</strong></span> <span class='ocrx_word' id='word_1_800' title='bbox 2889 3707 3178 3760; x_wconf 87' lang='lat' dir='ltr'><strong>maximum</strong></span> <span class='ocrx_word' id='word_1_801' title='bbox 3219 3706 3445 3760; x_wconf 77' lang='lat' dir='ltr'><strong>fructum</strong></span> 
     </span>
    </p>
   </div>
   <div class='ocr_carea' id='block_1_99' title="bbox 1865 3798 3445 3873">
    <p class='ocr_par' dir='ltr' id='par_1_99' title="bbox 1865 3798 3445 3873">
     <span class='ocr_line' id='line_1_99' title="bbox 1865 3798 3445 3873; baseline -0.004 -14"><span class='ocrx_word' id='word_1_802' title='bbox 1865 3805 2078 3873; x_wconf 89' lang='lat' dir='ltr'><strong>accipit,</strong></span> <span class='ocrx_word' id='word_1_803' title='bbox 2112 3812 2402 3873; x_wconf 91' lang='lat' dir='ltr'><strong>expurgata</strong></span> <span class='ocrx_word' id='word_1_804' title='bbox 2426 3810 2479 3856; x_wconf 92' lang='lat' dir='ltr'><strong>et</strong></span> <span class='ocrx_word' id='word_1_805' title='bbox 2502 3816 2531 3855; x_wconf 89' lang='lat' dir='ltr'><strong>a</strong></span> <span class='ocrx_word' id='word_1_806' title='bbox 2558 3799 2793 3870; x_wconf 88' lang='lat' dir='ltr'><strong>nequitia</strong></span> <span class='ocrx_word' id='word_1_807' title='bbox 2815 3800 3060 3865; x_wconf 84' lang='lat' dir='ltr'><strong>liberata,</strong></span> <span class='ocrx_word' id='word_1_808' title='bbox 3091 3808 3146 3853; x_wconf 93' lang='lat' dir='ltr'><strong>et</strong></span> <span class='ocrx_word' id='word_1_809' title='bbox 3174 3798 3240 3852; x_wconf 87' lang='lat' dir='ltr'><strong>ad</strong></span> <span class='ocrx_word' id='word_1_810' title='bbox 3276 3799 3445 3866; x_wconf 81' lang='lat' dir='ltr'><strong>ipsum</strong></span> 
     </span>
    </p>
   </div>
   <div class='ocr_carea' id='block_1_100' title="bbox 1865 3892 3444 3963">
    <p class='ocr_par' dir='ltr' id='par_1_100' title="bbox 1865 3892 3444 3963">
     <span class='ocr_line' id='line_1_100' title="bbox 1865 3892 3444 3963; baseline -0.004 -10"><span class='ocrx_word' id='word_1_811' title='bbox 1865 3898 2164 3953; x_wconf 87' lang='lat' dir='ltr'><strong>ascendens</strong></span> <span class='ocrx_word' id='word_1_812' title='bbox 2224 3898 2475 3951; x_wconf 87' lang='lat' dir='ltr'><strong>virtutem</strong></span> <span class='ocrx_word' id='word_1_813' title='bbox 2526 3911 2541 3948; x_wconf 90' lang='lat'><strong>:</strong></span> <span class='ocrx_word' id='word_1_814' title='bbox 2592 3892 3041 3963; x_wconf 87' lang='lat' dir='ltr'><strong>quemadmodum</strong></span> <span class='ocrx_word' id='word_1_815' title='bbox 3098 3907 3131 3946; x_wconf 91' lang='lat' dir='ltr'><strong>e</strong></span> <span class='ocrx_word' id='word_1_816' title='bbox 3175 3893 3444 3947; x_wconf 84' lang='lat' dir='ltr'><strong>contrario</strong></span> 
     </span>
    </p>
   </div>
   <div class='ocr_carea' id='block_1_101' title="bbox 1828 3982 3445 4060">
    <p class='ocr_par' dir='ltr' id='par_1_101' title="bbox 1828 3982 3445 4060">
     <span class='ocr_line' id='line_1_101' title="bbox 1828 3982 3445 4060; baseline -0.001 -22"><span class='ocrx_word' id='word_1_817' title='bbox 1828 4034 1833 4038; x_wconf 89' lang='lat'><strong>.</strong></span> <span class='ocrx_word' id='word_1_818' title='bbox 1866 3991 2303 4060; x_wconf 77' lang='lat' dir='ltr'><strong>przevaricatores</strong></span> <span class='ocrx_word' id='word_1_819' title='bbox 2322 3996 2447 4040; x_wconf 88' lang='lat' dir='ltr'><strong>ante</strong></span> <span class='ocrx_word' id='word_1_820' title='bbox 2464 3986 2779 4055; x_wconf 86' lang='lat' dir='ltr'><strong>supplicium</strong></span> <span class='ocrx_word' id='word_1_821' title='bbox 2812 3986 2862 4037; x_wconf 92' lang='lat' dir='ltr'><strong>in</strong></span> <span class='ocrx_word' id='word_1_822' title='bbox 2892 3986 3002 4053; x_wconf 89' lang='lat' dir='ltr'><strong>ipsa</strong></span> <span class='ocrx_word' id='word_1_823' title='bbox 3023 3982 3445 4052; x_wconf 86' lang='lat' dir='ltr'><strong>transgressione</strong></span> 
     </span>
    </p>
   </div>
   <div class='ocr_carea' id='block_1_102' title="bbox 1867 4073 3443 4153">
    <p class='ocr_par' dir='ltr' id='par_1_102' title="bbox 1867 4073 3443 4153">
     <span class='ocr_line' id='line_1_102' title="bbox 1867 4073 3443 4153; baseline -0.008 -15"><span class='ocrx_word' id='word_1_824' title='bbox 1867 4098 2053 4153; x_wconf 80' lang='lat' dir='ltr'><strong>ptenas</strong></span> <span class='ocrx_word' id='word_1_825' title='bbox 2083 4081 2210 4134; x_wconf 90' lang='lat' dir='ltr'><strong>dant</strong></span> <span class='ocrx_word' id='word_1_826' title='bbox 2232 4122 2247 4146; x_wconf 87' lang='lat'><strong>,</strong></span> <span class='ocrx_word' id='word_1_827' title='bbox 2278 4078 2667 4147; x_wconf 89' lang='lat' dir='ltr'><strong>miserioreque</strong></span> <span class='ocrx_word' id='word_1_828' title='bbox 2695 4075 3004 4130; x_wconf 88' lang='lat' dir='ltr'><strong>conditione</strong></span> <span class='ocrx_word' id='word_1_829' title='bbox 3034 4085 3190 4137; x_wconf 88' lang='lat' dir='ltr'><strong>sunt,</strong></span> <span class='ocrx_word' id='word_1_830' title='bbox 3217 4090 3374 4143; x_wconf 90' lang='lat' dir='ltr'><strong>quam</strong></span> <span class='ocrx_word' id='word_1_831' title='bbox 3409 4073 3443 4127; x_wconf 86' lang='lat' dir='ltr'><strong>ii</strong></span> 
     </span>
    </p>
   </div>
   <div class='ocr_carea' id='block_1_103' title="bbox 1864 4167 3445 4247">
    <p class='ocr_par' dir='ltr' id='par_1_103' title="bbox 1864 4167 3445 4247">
     <span class='ocr_line' id='line_1_103' title="bbox 1864 4167 3445 4247; baseline -0.006 -18"><span class='ocrx_word' id='word_1_832' title='bbox 1864 4179 1952 4247; x_wconf 86' lang='lat' dir='ltr'><strong>qui</strong></span> <span class='ocrx_word' id='word_1_833' title='bbox 1978 4176 2167 4230; x_wconf 89' lang='lat' dir='ltr'><strong>sedent</strong></span> <span class='ocrx_word' id='word_1_834' title='bbox 2190 4176 2239 4229; x_wconf 92' lang='lat' dir='ltr'><strong>iu</strong></span> <span class='ocrx_word' id='word_1_835' title='bbox 2271 4173 2528 4238; x_wconf 88' lang='lat' dir='ltr'><strong>tenebris,</strong></span> <span class='ocrx_word' id='word_1_836' title='bbox 2561 4174 2772 4233; x_wconf 88' lang='lat' dir='ltr'><strong>timore,</strong></span> <span class='ocrx_word' id='word_1_837' title='bbox 2800 4179 3033 4223; x_wconf 86' lang='lat' dir='ltr'><strong>tremore</strong></span> <span class='ocrx_word' id='word_1_838' title='bbox 3053 4177 3109 4222; x_wconf 89' lang='lat' dir='ltr'><strong>et</strong></span> <span class='ocrx_word' id='word_1_839' title='bbox 3134 4167 3270 4220; x_wconf 89' lang='lat' dir='ltr'><strong>mala</strong></span> <span class='ocrx_word' id='word_1_840' title='bbox 3314 4182 3445 4220; x_wconf 84' lang='lat' dir='ltr'><strong>one-</strong></span> 
     </span>
    </p>
   </div>
   <div class='ocr_carea' id='block_1_104' title="bbox 1865 4258 3443 4332">
    <p class='ocr_par' dir='ltr' id='par_1_104' title="bbox 1865 4258 3443 4332">
     <span class='ocr_line' id='line_1_104' title="bbox 1865 4258 3443 4332; baseline -0.006 -10"><span class='ocrx_word' id='word_1_841' title='bbox 1865 4270 1965 4322; x_wconf 91' lang='lat' dir='ltr'><strong>rati</strong></span> <span class='ocrx_word' id='word_1_842' title='bbox 1994 4268 2316 4322; x_wconf 89' lang='lat' dir='ltr'><strong>conscieutia</strong></span> <span class='ocrx_word' id='word_1_843' title='bbox 2337 4309 2350 4332; x_wconf 92' lang='lat'><strong>,</strong></span> <span class='ocrx_word' id='word_1_844' title='bbox 2385 4266 2437 4320; x_wconf 93' lang='lat' dir='ltr'><strong>in</strong></span> <span class='ocrx_word' id='word_1_845' title='bbox 2486 4264 2712 4319; x_wconf 91' lang='lat' dir='ltr'><strong>meridie</strong></span> <span class='ocrx_word' id='word_1_846' title='bbox 2738 4263 2897 4317; x_wconf 88' lang='lat' dir='ltr'><strong>etiam</strong></span> <span class='ocrx_word' id='word_1_847' title='bbox 2948 4260 3017 4313; x_wconf 88' lang='lat' dir='ltr'><strong>ab</strong></span> <span class='ocrx_word' id='word_1_848' title='bbox 3051 4258 3301 4313; x_wconf 87' lang='lat' dir='ltr'><strong>omnibus</strong></span> <span class='ocrx_word' id='word_1_849' title='bbox 3330 4274 3443 4312; x_wconf 82' lang='lat' dir='ltr'><strong>me-</strong></span> 
     </span>
    </p>
   </div>
   <div class='ocr_carea' id='block_1_105' title="bbox 1866 4354 3442 4425">
    <p class='ocr_par' dir='ltr' id='par_1_105' title="bbox 1866 4354 3442 4425">
     <span class='ocr_line' id='line_1_105' title="bbox 1866 4354 3442 4425; baseline -0.007 -9"><span class='ocrx_word' id='word_1_850' title='bbox 1866 4372 2076 4417; x_wconf 87' lang='lat' dir='ltr'><strong>tuentes</strong></span> <span class='ocrx_word' id='word_1_851' title='bbox 2122 4371 2176 4416; x_wconf 92' lang='lat' dir='ltr'><strong>et</strong></span> <span class='ocrx_word' id='word_1_852' title='bbox 2221 4370 2535 4425; x_wconf 88' lang='lat' dir='ltr'><strong>trementes,</strong></span> <span class='ocrx_word' id='word_1_853' title='bbox 2578 4360 2691 4411; x_wconf 88' lang='lat' dir='ltr'><strong>sive</strong></span> <span class='ocrx_word' id='word_1_854' title='bbox 2732 4356 2965 4411; x_wconf 88' lang='lat' dir='ltr'><strong>consciis</strong></span> <span class='ocrx_word' id='word_1_855' title='bbox 3009 4354 3140 4416; x_wconf 86' lang='lat' dir='ltr'><strong>sibi,</strong></span> <span class='ocrx_word' id='word_1_856' title='bbox 3178 4355 3292 4407; x_wconf 89' lang='lat' dir='ltr'><strong>sive</strong></span> <span class='ocrx_word' id='word_1_857' title='bbox 3337 4369 3442 4406; x_wconf 85' lang='lat' dir='ltr'><strong>non</strong></span> 
     </span>
    </p>
   </div>
   <div class='ocr_carea' id='block_1_106' title="bbox 1864 4446 3441 4521">
    <p class='ocr_par' dir='ltr' id='par_1_106' title="bbox 1864 4446 3441 4521">
     <span class='ocr_line' id='line_1_106' title="bbox 1864 4446 3441 4521; baseline -0.008 -11"><span class='ocrx_word' id='word_1_858' title='bbox 1864 4456 2114 4510; x_wconf 89' lang='lat' dir='ltr'><strong>consciis.</strong></span> <span class='ocrx_word' id='word_1_859' title='bbox 2146 4453 2349 4507; x_wconf 86' lang='lat' dir='ltr'><strong>Dimisit</strong></span> <span class='ocrx_word' id='word_1_860' title='bbox 2380 4456 2511 4506; x_wconf 86' lang='lat' dir='ltr'><strong>enim</strong></span> <span class='ocrx_word' id='word_1_861' title='bbox 2551 4452 2794 4521; x_wconf 88' lang='lat' dir='ltr'><strong>populum</strong></span> <span class='ocrx_word' id='word_1_862' title='bbox 2822 4466 2989 4509; x_wconf 80' lang='lat' dir='ltr'><strong>suum,</strong></span> <span class='ocrx_word' id='word_1_863' title='bbox 3018 4448 3225 4501; x_wconf 75' lang='lat' dir='ltr'><strong>domum</strong></span> <span class='ocrx_word' id='word_1_864' title='bbox 3260 4446 3441 4511; x_wconf 81' lang='lat' dir='ltr'><strong>Jacob,</strong></span> 
     </span>
    </p>
   </div>
   <div class='ocr_carea' id='block_1_107' title="bbox 1867 4540 3443 4614">
    <p class='ocr_par' dir='ltr' id='par_1_107' title="bbox 1867 4540 3443 4614">
     <span class='ocr_line' id='line_1_107' title="bbox 1867 4540 3443 4614; baseline -0.007 -11"><span class='ocrx_word' id='word_1_865' title='bbox 1867 4550 1917 4603; x_wconf 88' lang='lat' dir='ltr'><strong>id</strong></span> <span class='ocrx_word' id='word_1_866' title='bbox 1940 4558 2040 4611; x_wconf 87' lang='lat' dir='ltr'><strong>est,</strong></span> <span class='ocrx_word' id='word_1_867' title='bbox 2073 4550 2230 4614; x_wconf 90' lang='lat' dir='ltr'><strong>sivit,</strong></span> <span class='ocrx_word' id='word_1_868' title='bbox 2264 4547 2486 4612; x_wconf 89' lang='lat' dir='ltr'><strong>dimisit,</strong></span> <span class='ocrx_word' id='word_1_869' title='bbox 2516 4544 2857 4612; x_wconf 83' lang='lat' dir='ltr'><strong>contempsit,</strong></span> <span class='ocrx_word' id='word_1_870' title='bbox 2886 4557 3085 4612; x_wconf 89' lang='lat' dir='ltr'><strong>suaque</strong></span> <span class='ocrx_word' id='word_1_871' title='bbox 3116 4540 3443 4610; x_wconf 87' lang='lat' dir='ltr'><strong>providentia</strong></span> 
     </span>
    </p>
   </div>
   <div class='ocr_carea' id='block_1_108' title="bbox 1866 4632 3445 4711">
    <p class='ocr_par' dir='ltr' id='par_1_108' title="bbox 1866 4632 3445 4711">
     <span class='ocr_line' id='line_1_108' title="bbox 1866 4632 3445 4711; baseline -0.008 -15"><span class='ocrx_word' id='word_1_872' title='bbox 1866 4642 2140 4711; x_wconf 80' lang='lat' dir='ltr'><strong>Spoliavit.</strong></span> <span class='ocrx_word' id='word_1_873' title='bbox 2171 4639 2369 4695; x_wconf 86' lang='lat' dir='ltr'><strong>Deinde</strong></span> <span class='ocrx_word' id='word_1_874' title='bbox 2401 4640 2465 4692; x_wconf 91' lang='lat' dir='ltr'><strong>iis</strong></span> <span class='ocrx_word' id='word_1_875' title='bbox 2495 4636 2905 4706; x_wconf 81' lang='lat' dir='ltr'><strong>perterrefactis,</strong></span> <span class='ocrx_word' id='word_1_876' title='bbox 2941 4649 3155 4687; x_wconf 88' lang='lat' dir='ltr'><strong>causam</strong></span> <span class='ocrx_word' id='word_1_877' title='bbox 3188 4632 3360 4694; x_wconf 82' lang='lat' dir='ltr'><strong>affert,</strong></span> <span class='ocrx_word' id='word_1_878' title='bbox 3388 4642 3445 4685; x_wconf 92' lang='lat' dir='ltr'><strong>ut</strong></span> 
     </span>
    </p>
   </div>
   <div class='ocr_carea' id='block_1_109' title="bbox 1866 4724 3446 4804">
    <p class='ocr_par' dir='ltr' id='par_1_109' title="bbox 1866 4724 3446 4804">
     <span class='ocr_line' id='line_1_109' title="bbox 1866 4724 3446 4804; baseline -0.008 -17"><span class='ocrx_word' id='word_1_879' title='bbox 1866 4734 1942 4787; x_wconf 90' lang='lat' dir='ltr'><strong>illi</strong></span> <span class='ocrx_word' id='word_1_880' title='bbox 1971 4746 2120 4804; x_wconf 87' lang='lat' dir='ltr'><strong>gesta</strong></span> <span class='ocrx_word' id='word_1_881' title='bbox 2150 4747 2245 4786; x_wconf 90' lang='lat' dir='ltr'><strong>sua</strong></span> <span class='ocrx_word' id='word_1_882' title='bbox 2286 4730 2592 4785; x_wconf 89' lang='lat' dir='ltr'><strong>emendent.</strong></span> <span class='ocrx_word' id='word_1_883' title='bbox 2624 4727 2754 4795; x_wconf 80' lang='lat' dir='ltr'><strong>Quae</strong></span> <span class='ocrx_word' id='word_1_884' title='bbox 2790 4726 2951 4797; x_wconf 89' lang='lat' dir='ltr'><strong>igitur</strong></span> <span class='ocrx_word' id='word_1_885' title='bbox 2976 4739 3134 4779; x_wconf 87' lang='lat' dir='ltr'><strong>causa</strong></span> <span class='ocrx_word' id='word_1_886' title='bbox 3163 4725 3283 4779; x_wconf 87' lang='lat' dir='ltr'><strong>est?</strong></span> <span class='ocrx_word' id='word_1_887' title='bbox 3314 4724 3446 4790; x_wconf 85' lang='lat' dir='ltr'><strong>Quia</strong></span> 
     </span>
    </p>
   </div>
   <div class='ocr_carea' id='block_1_110' title="bbox 1865 4816 3445 4897">
    <p class='ocr_par' dir='ltr' id='par_1_110' title="bbox 1865 4816 3445 4897">
     <span class='ocr_line' id='line_1_110' title="bbox 1865 4816 3445 4897; baseline -0.01 -16"><span class='ocrx_word' id='word_1_888' title='bbox 1865 4828 2070 4897; x_wconf 87' lang='lat' dir='ltr'><strong>impleta</strong></span> <span class='ocrx_word' id='word_1_889' title='bbox 2098 4834 2170 4880; x_wconf 83' lang='lat' dir='ltr'><strong>est</strong></span> <span class='ocrx_word' id='word_1_890' title='bbox 2208 4834 2338 4877; x_wconf 87' lang='lat' dir='ltr'><strong>terra</strong></span> <span class='ocrx_word' id='word_1_891' title='bbox 2367 4838 2539 4875; x_wconf 88' lang='lat' dir='ltr'><strong>eorum</strong></span> <span class='ocrx_word' id='word_1_892' title='bbox 2567 4819 2823 4889; x_wconf 85' lang='lat' dir='ltr'><strong>auguriis,</strong></span> <span class='ocrx_word' id='word_1_893' title='bbox 2860 4828 2913 4870; x_wconf 88' lang='lat' dir='ltr'><strong>ut</strong></span> <span class='ocrx_word' id='word_1_894' title='bbox 2967 4828 3098 4870; x_wconf 87' lang='lat' dir='ltr'><strong>terra</strong></span> <span class='ocrx_word' id='word_1_895' title='bbox 3139 4816 3445 4884; x_wconf 82' lang='lat' dir='ltr'><strong>alienigena-</strong></span> 
     </span>
    </p>
   </div>
   <div class='ocr_carea' id='block_1_111' title="bbox 1866 4906 3446 4981">
    <p class='ocr_par' dir='ltr' id='par_1_111' title="bbox 1866 4906 3446 4981">
     <span class='ocr_line' id='line_1_111' title="bbox 1866 4906 3446 4981; baseline -0.009 -8"><span class='ocrx_word' id='word_1_896' title='bbox 1866 4937 1999 4973; x_wconf 83' lang='lat' dir='ltr'><strong>rum.</strong></span> <span class='ocrx_word' id='word_1_897' title='bbox 2034 4918 2187 4973; x_wconf 88' lang='lat' dir='ltr'><strong>Prius</strong></span> <span class='ocrx_word' id='word_1_898' title='bbox 2239 4917 2361 4971; x_wconf 90' lang='lat' dir='ltr'><strong>illos</strong></span> <span class='ocrx_word' id='word_1_899' title='bbox 2409 4912 2478 4968; x_wconf 89' lang='lat' dir='ltr'><strong>de</strong></span> <span class='ocrx_word' id='word_1_900' title='bbox 2520 4911 2866 4981; x_wconf 88' lang='lat' dir='ltr'><strong>cauponaria,</strong></span> <span class='ocrx_word' id='word_1_901' title='bbox 2899 4908 2965 4962; x_wconf 87' lang='lat' dir='ltr'><strong>de</strong></span> <span class='ocrx_word' id='word_1_902' title='bbox 3010 4907 3233 4961; x_wconf 87' lang='lat' dir='ltr'><strong>avaritia</strong></span> <span class='ocrx_word' id='word_1_903' title='bbox 3279 4914 3333 4960; x_wconf 92' lang='lat' dir='ltr'><strong>ct</strong></span> <span class='ocrx_word' id='word_1_904' title='bbox 3378 4906 3446 4959; x_wconf 87' lang='lat' dir='ltr'><strong>de</strong></span> 
     </span>
    </p>
   </div>
   <div class='ocr_carea' id='block_1_112' title="bbox 1866 4997 3446 5077">
    <p class='ocr_par' dir='ltr' id='par_1_112' title="bbox 1866 4997 3446 5077">
     <span class='ocr_line' id='line_1_112' title="bbox 1866 4997 3446 5077; baseline -0.011 -12"><span class='ocrx_word' id='word_1_905' title='bbox 1866 5012 2143 5065; x_wconf 88' lang='lat' dir='ltr'><strong>viduarum</strong></span> <span class='ocrx_word' id='word_1_906' title='bbox 2189 5013 2499 5077; x_wconf 89' lang='lat' dir='ltr'><strong>contemptu</strong></span> <span class='ocrx_word' id='word_1_907' title='bbox 2543 5002 2828 5059; x_wconf 88' lang='lat' dir='ltr'><strong>accusabat</strong></span> <span class='ocrx_word' id='word_1_908' title='bbox 2858 5020 2869 5055; x_wconf 92' lang='lat'><strong>:</strong></span> <span class='ocrx_word' id='word_1_909' title='bbox 2902 4999 2989 5054; x_wconf 91' lang='lat' dir='ltr'><strong>hic</strong></span> <span class='ocrx_word' id='word_1_910' title='bbox 3017 5015 3146 5054; x_wconf 89' lang='lat' dir='ltr'><strong>vero</strong></span> <span class='ocrx_word' id='word_1_911' title='bbox 3194 4997 3323 5068; x_wconf 87' lang='lat' dir='ltr'><strong>ipsis</strong></span> <span class='ocrx_word' id='word_1_912' title='bbox 3354 5012 3446 5050; x_wconf 83' lang='lat' dir='ltr'><strong>cx-</strong></span> 
     </span>
    </p>
   </div>
   <div class='ocr_carea' id='block_1_113' title="bbox 1928 5148 3447 5231">
    <p class='ocr_par' dir='ltr' id='par_1_113' title="bbox 1928 5148 3447 5231">
     <span class='ocr_line' id='line_1_113' title="bbox 1928 5148 3447 5231; baseline -0.014 -12"><span class='ocrx_word' id='word_1_913' title='bbox 1928 5171 2001 5231; x_wconf 87' lang='lat' dir='ltr'><strong>(a)</strong></span> <span class='ocrx_word' id='word_1_914' title='bbox 2022 5169 2074 5217; x_wconf 93' lang='lat' dir='ltr'><strong>ln</strong></span> <span class='ocrx_word' id='word_1_915' title='bbox 2092 5174 2269 5231; x_wconf 60' lang='lat' dir='ltr'><strong>Graeco,</strong></span> <span class='ocrx_word' id='word_1_916' title='bbox 2288 5170 2336 5212; x_wconf 79' lang='grc' dir='ltr'><strong>δι’</strong></span> <span class='ocrx_word' id='word_1_917' title='bbox 2360 5173 2497 5231; x_wconf 59' lang='lat' dir='ltr'><strong>sum.</strong></span> <span class='ocrx_word' id='word_1_918' title='bbox 2512 5166 2654 5208; x_wconf 83' lang='lat' dir='ltr'><strong>Porro</strong></span> <span class='ocrx_word' id='word_1_919' title='bbox 2679 5156 2813 5216; x_wconf 82' lang='lat' dir='ltr'><strong>illud,</strong></span> <span class='ocrx_word' id='word_1_920' title='bbox 2827 5164 2876 5206; x_wconf 75' lang='grc' dir='ltr'><strong>δι’</strong></span> <span class='ocrx_word' id='word_1_921' title='bbox 2900 5167 3038 5231; x_wconf 45' lang='lat' dir='ltr'><strong>61mg,</strong></span> <span class='ocrx_word' id='word_1_922' title='bbox 3054 5148 3447 5231; x_wconf 41' lang='lat' dir='ltr'><strong>videtur-“duplici</strong></span> 
     </span>
    </p>
   </div>
   <div class='ocr_carea' id='block_1_114' title="bbox 1866 5216 3446 5289">
    <p class='ocr_par' dir='ltr' id='par_1_114' title="bbox 1866 5216 3446 5289">
     <span class='ocr_line' id='line_1_114' title="bbox 1866 5216 3446 5289; baseline 0.006 -7"><span class='ocrx_word' id='word_1_923' title='bbox 1866 5216 2007 5282; x_wconf 49' lang='lat' dir='ltr'><strong>nullo</strong></span> <span class='ocrx_word' id='word_1_924' title='bbox 2032 5216 2443 5287; x_wconf 43' lang='lat' dir='ltr'><strong>intelligi&#39;possc&#39;.</strong></span> <span class='ocrx_word' id='word_1_925' title='bbox 2486 5230 2693 5289; x_wconf 66' lang='grc' dir='ltr'><strong>δι’,ὀλὶτου</strong></span> <span class='ocrx_word' id='word_1_926' title='bbox 2725 5234 2864 5289; x_wconf 52' lang='grc' dir='ltr'><strong>χρόνῳ,</strong></span> <span class='ocrx_word' id='word_1_927' title='bbox 2887 5217 3158 5289; x_wconf 51' lang='lat' dir='ltr'><strong>rubrm</strong></span> <span class='ocrx_word' id='word_1_928' title='bbox 3181 5222 3446 5289; x_wconf 52' lang='grc' dir='ltr'><strong>ιε”ΫΨἚἾΪΨῗ</strong></span> 
     </span>
    </p>
   </div>
   <div class='ocr_carea' id='block_1_115' title="bbox 1865 5279 3446 5353">
    <p class='ocr_par' dir='ltr' id='par_1_115' title="bbox 1865 5279 3446 5353">
     <span class='ocr_line' id='line_1_115' title="bbox 1865 5279 3446 5353; baseline -0.017 -7"><span class='ocrx_word' id='word_1_929' title='bbox 1865 5279 2035 5353; x_wconf 61' lang='lat' dir='ltr'><strong>spolia,</strong></span> <span class='ocrx_word' id='word_1_930' title='bbox 2053 5304 2141 5340; x_wconf 88' lang='lat' dir='ltr'><strong>seu</strong></span> <span class='ocrx_word' id='word_1_931' title='bbox 2164 5279 2463 5351; x_wconf 43' lang='lat' dir='ltr'><strong>frequenter;</strong></span> <span class='ocrx_word' id='word_1_932' title='bbox 2488 5284 2585 5353; x_wconf 75' lang='lat' dir='ltr'><strong>vel,</strong></span> <span class='ocrx_word' id='word_1_933' title='bbox 2604 5279 2651 5332; x_wconf 61' lang='grc' dir='ltr'><strong>δὲ</strong></span> <span class='ocrx_word' id='word_1_934' title='bbox 2674 5279 3146 5353; x_wconf 34' lang='grc' dir='ltr'><strong>δλὲᾖξιῆκὶιιιριεὶεεξιιιῐι,</strong></span> <span class='ocrx_word' id='word_1_935' title='bbox 3173 5285 3446 5353; x_wconf 38' lang='lat' dir='ltr'><strong>papaueris</strong></span> 
     </span>
    </p>
   </div>
   <div class='ocr_carea' id='block_1_116' title="bbox 1867 5338 3444 5409">
    <p class='ocr_par' dir='ltr' id='par_1_116' title="bbox 1867 5338 3444 5409">
     <span class='ocr_line' id='line_1_116' title="bbox 1867 5338 3444 5409; baseline -0.016 -3"><span class='ocrx_word' id='word_1_936' title='bbox 1867 5338 2106 5406; x_wconf 52' lang='lat' dir='ltr'><strong>hﬁiiéii’uin</strong></span> <span class='ocrx_word' id='word_1_937' title='bbox 2122 5338 2300 5409; x_wconf 65' lang='lat' dir='ltr'><strong>partes,</strong></span> <span class='ocrx_word' id='word_1_938' title='bbox 2319 5360 2403 5409; x_wconf 76' lang='lat' dir='ltr'><strong>per</strong></span> <span class='ocrx_word' id='word_1_939' title='bbox 2429 5338 2586 5403; x_wconf 77' lang='lat' dir='ltr'><strong>urbes,</strong></span> <span class='ocrx_word' id='word_1_940' title='bbox 2612 5358 2697 5406; x_wconf 87' lang='lat' dir='ltr'><strong>per</strong></span> <span class='ocrx_word' id='word_1_941' title='bbox 2721 5338 2911 5409; x_wconf 76' lang='lat' dir='ltr'><strong>urbium</strong></span> <span class='ocrx_word' id='word_1_942' title='bbox 2944 5338 3169 5409; x_wconf 72' lang='lat' dir='ltr'><strong>factiones</strong></span> <span class='ocrx_word' id='word_1_943' title='bbox 3208 5338 3444 5409; x_wconf 62' lang='lat' dir='ltr'><strong>diuersos,</strong></span> 
     </span>
    </p>
   </div>
   <div class='ocr_carea' id='block_1_117' title="bbox 1870 5405 3444 5481">
    <p class='ocr_par' dir='ltr' id='par_1_117' title="bbox 1870 5405 3444 5481">
     <span class='ocr_line' id='line_1_117' title="bbox 1870 5405 3444 5481; baseline -0.018 -12"><span class='ocrx_word' id='word_1_944' title='bbox 1870 5405 1922 5469; x_wconf 83' lang='lat' dir='ltr'><strong>ut</strong></span> <span class='ocrx_word' id='word_1_945' title='bbox 1941 5405 2085 5481; x_wconf 73' lang='lat' dir='ltr'><strong>supra</strong></span> <span class='ocrx_word' id='word_1_946' title='bbox 2106 5405 2246 5463; x_wconf 79' lang='lat' dir='ltr'><strong>dixit.</strong></span> <span class='ocrx_word' id='word_1_947' title='bbox 2272 5405 2518 5458; x_wconf 69' lang='lat' dir='ltr'><strong>maluimus</strong></span> <span class='ocrx_word' id='word_1_948' title='bbox 2540 5405 2748 5481; x_wconf 82' lang='lat' dir='ltr'><strong>priorem</strong></span> <span class='ocrx_word' id='word_1_949' title='bbox 2767 5405 2907 5477; x_wconf 76' lang='lat' dir='ltr'><strong>sequi</strong></span> <span class='ocrx_word' id='word_1_950' title='bbox 2936 5405 3246 5481; x_wconf 57' lang='lat' dir='ltr'><strong>sqpteutiqpi.</strong></span> 
     </span>
    </p>
   </div>
   <div class='ocr_carea' id='block_1_118' title="bbox 1867 5459 3447 5545">
    <p class='ocr_par' dir='ltr' id='par_1_118' title="bbox 1867 5459 3447 5545">
     <span class='ocr_line' id='line_1_118' title="bbox 1867 5459 3447 5545; baseline -0.016 -13"><span class='ocrx_word' id='word_1_951' title='bbox 1867 5459 2344 5545; x_wconf 24' lang='lat' dir='ltr'><strong>ialterdlorte‘</strong></span> <span class='ocrx_word' id='word_1_952' title='bbox 2362 5482 2509 5519; x_wconf 83' lang='lat' dir='ltr'><strong>sensu</strong></span> <span class='ocrx_word' id='word_1_953' title='bbox 2541 5459 2649 5516; x_wconf 62' lang='lat' dir='ltr'><strong>haec</strong></span> <span class='ocrx_word' id='word_1_954' title='bbox 2672 5459 2857 5530; x_wconf 76' lang='lat' dir='ltr'><strong>possint</strong></span> <span class='ocrx_word' id='word_1_955' title='bbox 2880 5464 3128 5526; x_wconf 78' lang='lat' dir='ltr'><strong>explicari.</strong></span> <span class='ocrx_word' id='word_1_956' title='bbox 3158 5459 3340 5509; x_wconf 78' lang='lat' dir='ltr'><strong>Verum</strong></span> <span class='ocrx_word' id='word_1_957' title='bbox 3363 5470 3447 5507; x_wconf 79' lang='lat' dir='ltr'><strong>res</strong></span> 
     </span>
    </p>
   </div>
   <div class='ocr_carea' id='block_1_119' title="bbox 1870 5536 3239 5605">
    <p class='ocr_par' dir='ltr' id='par_1_119' title="bbox 1870 5536 3239 5605">
     <span class='ocr_line' id='line_1_119' title="bbox 1870 5536 3239 5605; baseline 0.005 -23"><span class='ocrx_word' id='word_1_958' title='bbox 1870 5536 2368 5605; x_wconf 58' lang='lat' dir='ltr'><strong>éstparyimomenti.</strong></span> <span class='ocrx_word' id='word_1_959' title='bbox 2434 5592 2446 5605; x_wconf 41' lang='grc' dir='ltr'>ι</span> <span class='ocrx_word' id='word_1_960' title='bbox 2631 5598 2641 5605; x_wconf 33' lang='grc' dir='ltr'>ι</span> <span class='ocrx_word' id='word_1_961' title='bbox 2680 5597 2691 5605; x_wconf 84' lang='lat'>_</span> <span class='ocrx_word' id='word_1_962' title='bbox 3072 5597 3155 5605; x_wconf 46' lang='grc' dir='ltr'><strong>ΜΛ</strong></span> <span class='ocrx_word' id='word_1_963' title='bbox 3213 5582 3239 5605; x_wconf 74' lang='lat'><strong>,_.</strong></span> 
     </span>
    </p>
   </div>
   <div class='ocr_carea' id='block_1_120' title="bbox 1937 5583 3443 5667">
    <p class='ocr_par' dir='ltr' id='par_1_120' title="bbox 1937 5583 3443 5667">
     <span class='ocr_line' id='line_1_120' title="bbox 1937 5583 3443 5667; baseline 0 0"><span class='ocrx_word' id='word_1_964' title='bbox 1937 5583 2245 5667; x_wconf 56' lang='grc' dir='ltr'><strong>ἰύῖλίιὲὲίιμε</strong></span> <span class='ocrx_word' id='word_1_965' title='bbox 2270 5592 2531 5667; x_wconf 53' lang='lat' dir='ltr'><strong>legenda!&quot;</strong></span> <span class='ocrx_word' id='word_1_966' title='bbox 2552 5597 2720 5667; x_wconf 57' lang='lat' dir='ltr'><strong>.Puwlz</strong></span> <span class='ocrx_word' id='word_1_967' title='bbox 2741 5583 3443 5667; x_wconf 46' lang='grc' dir='ltr'><strong>(Ξίῖἕέῖένὲτέεξῇᾇῗθε,81Ἴὶᾎῖίὲ</strong></span> 
     </span>
    </p>
   </div>
   <div class='ocr_carea' id='block_1_121' title="bbox 1870 5647 3450 5720">
    <p class='ocr_par' dir='ltr' id='par_1_121' title="bbox 1870 5647 3450 5720">
     <span class='ocr_line' id='line_1_121' title="bbox 1870 5647 3450 5720; baseline -0.016 0"><span class='ocrx_word' id='word_1_968' title='bbox 1870 5670 1921 5720; x_wconf 84' lang='lat' dir='ltr'><strong>Id</strong></span> <span class='ocrx_word' id='word_1_969' title='bbox 1938 5647 2280 5717; x_wconf 57' lang='lat' dir='ltr'><strong>‘Eérié‘ihcnus</strong></span> <span class='ocrx_word' id='word_1_970' title='bbox 2299 5647 2410 5707; x_wconf 63' lang='lat' dir='ltr'><strong>eSse</strong></span> <span class='ocrx_word' id='word_1_971' title='bbox 2435 5647 2644 5707; x_wconf 72' lang='lat' dir='ltr'><strong>videtur.</strong></span> <span class='ocrx_word' id='word_1_972' title='bbox 2669 5652 2762 5702; x_wconf 76' lang='lat' dir='ltr'><strong>Sed</strong></span> <span class='ocrx_word' id='word_1_973' title='bbox 2776 5653 2883 5700; x_wconf 81' lang='lat' dir='ltr'><strong>sine</strong></span> <span class='ocrx_word' id='word_1_974' title='bbox 2908 5647 3131 5697; x_wconf 62' lang='lat' dir='ltr'><strong>Culicem</strong></span> <span class='ocrx_word' id='word_1_975' title='bbox 3158 5647 3450 5697; x_wconf 82' lang='lat' dir='ltr'><strong>auctoritate</strong></span> 
     </span>
    </p>
   </div>
   <div class='ocr_carea' id='block_1_122' title="bbox 1872 5732 2268 5782">
    <p class='ocr_par' dir='ltr' id='par_1_122' title="bbox 1872 5732 2268 5782">
     <span class='ocr_line' id='line_1_122' title="bbox 1872 5732 2268 5782; baseline -0.018 0"><span class='ocrx_word' id='word_1_976' title='bbox 1872 5732 1988 5782; x_wconf 83' lang='lat' dir='ltr'><strong>nihil</strong></span> <span class='ocrx_word' id='word_1_977' title='bbox 2011 5736 2268 5780; x_wconf 59' lang='lat' dir='ltr'><strong>mutatum.</strong></span> 
     </span>
    </p>
   </div>
  </div>
