4102 6306
683 226 753 284 35
1446 223 1503 281 S.
1535 223 1810 279 JOANNIS
1847 224 2323 281 CIIRYSOSTOMI
2364 224 2680 282 ARCIIIEP.
2719 226 3255 285 CONSTANTINOP.
3845 245 3903 301 ω

681 341 897 406 probi-at
922 354 1082 410 prava
1114 339 1383 409 dogmata,
1411 349 1467 393 et
1494 339 1782 408 impietatis
1821 340 2105 408 reliquias,
2137 354 2258 409 quae

682 431 933 498 paulatim
965 432 1112 500 ipsos
1138 431 1205 484 ad
1232 430 1538 485 dmmonum
1565 447 1854 487 erroneum
1895 431 2099 486 cultum
2139 447 2261 501 per-

680 520 981 576 trahebant.
1014 520 1131 576 Mox
1181 521 1302 575 illos
1330 521 1627 585 incessens,
1660 536 1767 575 non
1805 521 1963 576 modo
1993 521 2126 576 dicit
2165 537 2259 576 eos

678 615 912 685 auguriis
935 630 1155 685 operam
1187 614 1350 681 dare,
1381 613 1476 668 sed
1506 615 1766 682 repletam
1792 614 1858 669 iis
1897 629 2018 669 esse
2061 622 2257 668 terram

676 721 861 761 eorum
889 705 1045 775 (Isui.
1081 706 1127 759 l.
1156 706 1232 775 4).
1268 705 1439 773 Supra
1498 705 1752 773 modum,
1796 706 1997 777 inquit,
2028 707 2279 761 accrevit.

679 798 910 867 nequitia
948 812 1156 853 eorum.
1189 797 1651 863 Quemadmodum
1680 813 1841 867 supra
1888 797 2101 852 dicebat
2121 839 2137 864 ,
2167 813 2261 868 po-

679 890 901 960 pulum,
954 904 1060 945 non
1115 899 1405 960 utcumque
1456 897 1828 960 peccatorem,
1875 889 1969 945 sed
2045 890 2259 958 plenum

680 982 943 1050 peccatis;
964 982 1043 1036 sic
1072 991 1128 1036 et
1154 982 1257 1036 hoc
1286 982 1406 1037 loco
1431 1022 1446 1047 ,
1481 980 1695 1052 Repleta
1723 990 1814 1036 est.
1844 980 2051 1038 Exinde
2073 996 2262 1038 rursus

678 1074 930 1143 probrum
983 1073 1316 1142 amplificatis
1369 1072 1613 1139 addidit,
1646 1072 1792 1128 Sicut
1837 1090 1870 1127 α
1915 1074 2186 1144 principio.
2216 1075 2262 1129 Α

678 1168 927 1238 principio
948 1208 963 1231 ,
992 1166 1371 1237 quandonam?
1396 1166 1618 1232 Quando
1640 1167 1809 1221 Deum
1837 1166 2074 1223 nondum
2099 1182 2263 1223 nove-

681 1270 833 1324 rant,
865 1262 1077 1331 quando
1122 1260 1294 1330 legem
1344 1259 1582 1315 nondum
1636 1270 2002 1328 acceperant,
2047 1260 2263 1329 quando

682 1355 1060 1409 hem-liciorum
1087 1354 1203 1424 ejus
1233 1352 1616 1422 experientiam
1669 1352 1902 1407 noodum
1953 1351 2260 1420 habebant,

678 1450 890 1517 quando
903 1463 1023 1502 cum
1051 1448 1299 1519 gentibus
1317 1448 1583 1515 vivebant,
1601 1447 1744 1518 quod
1765 1457 2020 1506 extremae
2040 1447 2264 1501 damna-

681 1541 841 1595 tionis
875 1549 1014 1605 erat,
1041 1540 1181 1611 quod
1214 1556 1319 1594 non
1351 1540 1539 1593 melius
1568 1547 1695 1593 tunc
1722 1554 1782 1593 se
1815 1538 2110 1606 haberent,
2144 1547 2265 1608 post

679 1643 877 1688 tantam
900 1634 1285 1704 providentiam
1315 1645 1368 1689 et
1397 1642 1596 1687 tantam
1624 1633 2068 1698 sollicitudinem,
2100 1649 2261 1704 quam

680 1726 714 1780 ii
762 1726 849 1795 qui
895 1727 1025 1781 nihil
1052 1743 1239 1781 eorum
1278 1728 1812 1799 consequuti‘eraut.
1866 1727 1973 1783 Sed
2016 1743 2123 1783 non
2177 1727 2265 1783 hic

679 1819 1035 1881 stetit,verum
1062 1818 1239 1873 denuo
1261 1820 1704 1889 perterrefaciens
1726 1835 1823 1875 cos
1848 1820 2045 1891 adjecit
2068 1838 2081 1875 :
2103 1820 2266 1886 Quasi

678 1920 813 1962 terra
856 1911 1298 1981 alienigenarum:
1346 1910 1445 1965 hac
1488 1913 1892 1982 comparatione
1962 1912 2263 1982 graviorem

678 2001 1073 2057 accusationem
1128 2016 1342 2071 parans.
1394 2003 1545 2071 Quod
1598 2012 1654 2058 et
1709 2003 1904 2059 Paulus
1957 2004 2265 2074 frequenter

679 2094 857 2149 facere
905 2094 1078 2159 solet;
1109 2106 1166 2149 ut
1209 2104 1265 2150 et
1312 2096 1527 2166 quando
1574 2096 1741 2151 dicit:
1779 2095 1857 2151 De
1906 2095 2266 2152 dormientibus

676 2199 842 2243 autem
868 2189 985 2244 nolo
1011 2205 1097 2243 vos
1120 2191 1355 2260 ignorare
1375 2230 1391 2257 ,
1420 2189 1626 2257 fratres,
1658 2199 1714 2243 ut
1742 2207 1842 2244 non
1875 2189 2262 2257 contristemini,

677 2284 805 2335 sicut
830 2292 876 2335 et
901 2282 1069 2336 cwtcri
1093 2282 1179 2350 qui
1216 2296 1359 2350 spem
1404 2298 1505 2336 non
1539 2281 1720 2336 habent
1740 2281 1817 2353 (1.
1849 2281 2027 2337 Thess.
2052 2281 2261 2354 4.12);

677 2390 741 2427 ae
772 2390 986 2427 rursmu
1018 2392 1030 2427 :
1068 2373 1136 2428 Ut
1179 2376 1306 2427 sciat
1354 2375 1693 2444 unusquisque
1734 2384 1952 2429 oestrum
2000 2391 2089 2429 tias
2116 2390 2266 2427 suum

678 2468 934 2539 possidere
957 2472 1007 2520 in
1037 2469 1435 2536 sanctiﬁcatione
1460 2478 1507 2522 et
1545 2468 1767 2533 honore,
1796 2484 1899 2522 non
1936 2471 1989 2521 in
2030 2468 2266 2538 passione

680 2560 916 2613 desiderii
944 2558 1106 2622 (Ibid.
1134 2575 1181 2612 υ.
1205 2561 1279 2629 4).
1314 2560 1497 2630 Neque
1535 2559 1641 2615 hoc
1691 2567 1975 2615 contentus
2004 2559 2134 2625 fuit,
2168 2558 2265 2615 sed

678 2651 906 2718 adiecit:
929 2650 1369 2713 Quemadmodum
1395 2662 1443 2705 et
1472 2651 1680 2722 reliqua:
1700 2661 1870 2721 gentes
1892 2667 2006 2721 qua:
2026 2652 2265 2722 ignorant

682 2742 847 2795 Deum
868 2741 1029 2811 (ibid.
1059 2759 1106 2795 υ.
1136 2741 1216 2812 5).
1246 2742 1343 2797 Hic
1370 2742 1569 2811 quippe
1600 2743 1792 2797 modus
1820 2744 2088 2799 sermonis
2116 2759 2263 2797 mor-

679 2836 810 2889 (lere
836 2836 974 2890 solet
1000 2836 1167 2889 etiam
1197 2850 1291 2889 eos
1316 2836 1406 2905 qui
1443 2834 1733 2889 admodum
1762 2835 1896 2906 lapsi
1929 2845 2075 2891 sunt.
2107 2836 2261 2903 Quod

676 2928 723 2983 si
769 2926 935 2981 .Iuda'i
975 2927 1044 2981 de
1096 2927 1290 2981 talibus
1331 2936 1671 2992 accusantur,
1703 2942 1861 2997 quam
1914 2943 2013 2983 nos
2047 2929 2263 2983 veniam

676 3035 1091 3090 consequemur,
1114 3035 1273 3090 quam
1317 3019 1707 3089 defensionem,
1740 3020 1831 3090 qui
1882 3030 2003 3091 post
2058 3031 2263 3076 tantam

677 3113 903 3183 gratiam
932 3120 989 3165 et
1019 3111 1343 3166 ineffabilem
1375 3110 1657 3173 honorem,
1687 3127 1946 3182 spemque
1979 3115 2262 3167 immorta-

679 3207 824 3271 lem,
874 3206 926 3260 iu
980 3219 1192 3275 parem,
1247 3220 1406 3272 quam
1457 3204 1554 3267 illi,
1595 3203 1894 3260 decidimus
1936 3205 2262 3276 inopiam‘?

677 3297 821 3352 Multi
845 3312 1074 3367 namque
1094 3296 1203 3365 jam
1232 3305 1390 3361 sunt,
1419 3297 1507 3367 qui
1542 3296 1642 3352 hoc
1667 3297 1854 3351 morbo
1883 3297 2147 3364 laborant,
2170 3300 2261 3370 qui

681 3391 845 3443 vitam
895 3404 1048 3443 suam
1100 3388 1451 3453 labefactant,
1483 3387 1572 3457 qui
1620 3403 1879 3457 augurum
1933 3388 2155 3443 insania:
2202 3404 2264 3445 se

676 3484 900 3548 dedunt,
925 3481 1198 3549 Deumque
1218 3479 1514 3544 oll'endunt,
1532 3489 1587 3533 et
1612 3480 1911 3550 superﬂuos
1933 3479 2144 3535 dolores
2161 3480 2261 3534 sibi

680 3576 1151 3643 Iucrautur,atque
1178 3574 1229 3626 in
1258 3572 1531 3627 laboribus
1561 3588 1657 3642 pro
1682 3576 1879 3627 virtute
1903 3573 2263 3641 suscipiendis

675 3666 1061 3721 di<5olvuntur.
1092 3664 1205 3718 Hoc
1245 3665 1390 3719 enim
1436 3666 1655 3720 omnino
1695 3674 1849 3719 curat
1904 3664 2173 3731 diabolus,
2203 3672 2263 3718 ut

627 3786 641 3798 -
678 3760 1134 3831 insipientioribus
1162 3758 1419 3822 suadeat,
1449 3775 1555 3813 non
1590 3774 1755 3828 penes
1786 3773 1846 3813 se
1877 3773 1998 3813 esse
2033 3768 2125 3813 aut
2156 3758 2261 3811 vir-

679 3861 847 3906 tutem
896 3863 988 3905 aut
1033 3850 1431 3919 improbitatem
1481 3851 1669 3916 adire,
1698 3866 1872 3921 neque
1913 3865 1973 3905 se
2016 3850 2262 3905 libertate

679 3942 911 4012 quadam
938 3942 1145 3995 arbitrii
1179 3942 1471 3996 honoratos
1498 3956 1641 4005 esse,
1670 3942 1783 3996 haec
1811 3941 1918 3996 duo
1954 3941 2260 4011 turpissima

682 4035 941 4104 perlicere
971 4034 1186 4098 volens,
1209 4044 1270 4087 ut
1299 4035 1513 4088 labores
1543 4049 1640 4101 pro
1669 4035 1864 4089 virtute
1890 4035 2261 4103 suscipiendos

684 4128 888 4195 solvat,
920 4136 974 4182 et
998 4128 1289 4181 maximum
1331 4126 1461 4181 illud
1498 4126 1759 4180 libertatis
1783 4126 1984 4182 donum
2028 4127 2256 4182 auferat.

683 4220 794 4275 lloc
822 4234 919 4289 per
948 4219 1193 4289 auguria,
1224 4220 1325 4274 hoc
1353 4234 1448 4289 per
1466 4218 1650 4271 omina
1677 4216 1755 4289 (a)
1775 4257 1791 4281 ,
1824 4218 1925 4273 hoc
1950 4235 2044 4289 per
2070 4220 2259 4275 obser-

681 4312 950 4366 vationem
976 4312 1206 4377 dierum,
1238 4311 1338 4367 hoc
1368 4327 1463 4381 per
1495 4327 1715 4381 pravum
1746 4312 1836 4365 fati
1862 4311 2055 4382 dogma
2074 4353 2091 4378 ,
2117 4313 2260 4368 hunc

682 4406 1184 4475 graveuﬁmorbum
1233 4420 1330 4475 per
1366 4406 1471 4461 alia
1518 4406 1683 4460 multa
1716 4409 1769 4459 iu
1814 4405 1977 4459 vitam
2021 4406 2257 4473 invexit,

746 4589 760 4615 ⁸
791 4584 843 4633 ll]
860 4593 1041 4640 (ἶΙἪΣΟΟ.
1168 4598 1233 4643 τήν
1254 4597 1364 4645 αὐτὴν
1395 4598 1536 4640 latim;
1570 4597 1717 4647 ιᾳταπὶτ
1734 4610 1849 4641 νοντας
1872 4596 2006 4634 κινίαν.
2180 4582 2260 4632 ΑΙ·

682 4647 824 4717 ienus
846 4643 1109 4710 legendum
1135 4661 1252 4717 esse
1270 4643 1747 4717 «evagatuauéqnitimu,
1766 4660 1859 4717 non
1876 4659 2010 4717 nam,

680 4716 733 4757 Et
776 4707 1094 4769 vere'smp'm
1125 4711 1321 4757 omnino
1361 4707 1627 4757 desiderari
1656 4708 1885 4769 videtur.
1927 4715 2037 4756 Nam
2076 4707 2155 4756 hic
2193 4710 2262 4759 ait

679 4766 1044 4837 Chrysostomus
1068 4785 1079 4818 :
1114 4770 1245 4830 Quod
1270 4769 1313 4820 si
1333 4768 1497 4819 ,ιιιόωί
1517 4771 1579 4837 de
1600 4766 1771 4837 talibus
1792 4776 2094 4837 accusaruur,
2116 4782 2262 4837 quam

679 4845 764 4882 nos
779 4830 970 4895 neniam
994 4844 1349 4895 consequemur,
1373 4844 1518 4895 quam
1541 4831 1877 4893 defensionem.
1900 4830 1983 4895 qui
2018 4830 2136 4894 post
2152 4834 2261 4895 tan-

677 4903 777 4957 tum
798 4894 1005 4957 gratiam
1027 4901 1073 4943 et
1094 4889 1395 4957 inefﬁgbiiein'
1409 4889 1651 4957 honorem,
1673 4905 1898 4957 spemque
1915 4889 2256 4957 immortalem,

677 4956 727 5019 in
771 4951 939 5019 parem
971 4968 1113 5017 quam
1155 4951 1230 5019 illi
1275 4953 1543 5004 decidimus
1577 4951 1708 5019 εινίιί
1732 4951 1830 5004 sive
1860 4954 2068 5019 εονηρίανξῗ
2099 4954 2161 5019 Id
2185 4963 2262 5019 est

676 5015 905 5077 inopum,
919 5015 1002 5066 aut
1022 5016 1298 5077 nequitiam.
1313 5023 1421 5065 Utra
1445 5030 1563 5065 vero
1586 5015 1730 5065 lectio
1751 5015 2130 5077 magisquadret
2150 5017 2262 5067 hinc

680 5076 1021 5141 perspiciam,
1044 5076 1101 5128 si
1126 5078 1434 5141 advertamus
1475 5078 1551 5127 hic
1592 5078 1685 5141 sibi
1710 5076 1851 5141 velle
1872 5076 2260 5141 Chrysostomum

678 5138 767 5190 nos
790 5138 836 5190 iu
862 5154 1025 5201 parem
1048 5148 1196 5202 atque
1236 5139 1386 5189 ,ιιιόωὶ
1417 5147 1593 5189 statum
1614 5138 1862 5202 decidere.
1879 5138 2135 5202 Quis_vero
2175 5139 2261 5189 ille

678 5200 962 5265 statusest?
987 5202 1080 5252 Ille
1102 5200 1226 5265 haud
1258 5202 1408 5250 dubie
1430 5202 1476 5250 in
1500 5214 1648 5263 quem
1669 5213 1814 5265 supra
1834 5200 1957 5250 dixit
1985 5200 2262 5265 Chrysosto-

678 5277 787 5327 mus
822 5263 1048 5327 delapsos
1077 5264 1267 5313 .tudaeos
1289 5275 1420 5327 esse,
1454 5265 1502 5313 in
1534 5263 1867 5327 cauponariam
1890 5263 2262 5327 nempe,‘avari-

680 5326 813 5383 tiam,
835 5324 1114 5388 dogimtum
1154 5326 1543 5388 perversitatem,
1586 5325 1891 5388 mastigia:
1929 5324 2107 5386 quibus
2138 5339 2261 5388 [irie-

681 5388 843 5435 missis
864 5386 985 5437 sane
1010 5387 1200 5449 videtur
1224 5402 1373 5449 πονηρίᾳ
1396 5387 1550 5448 magis
1579 5386 1834 5449 quadrare,
1858 5397 2002 5449 quam
2023 5386 2153 5437 κινίιξ
2177 5387 2263 5436 Λι-

681 5454 840 5512 tamen
865 5447 1214 5510 exemplarium
1236 5447 1451 5512 enmium
1473 5447 1757 5496 auctoritate
1780 5451 1911 5506 moti,
1932 5447 2057 5498 hanc
2079 5456 2262 5512 postre-

679 5520 809 5572 mam
828 5508 1086 5560 lectionem
1108 5510 1302 5572 sequuti
1323 5522 1505 5572 sumus.

746 5570 820 5629 (a)
850 5574 967 5629 Quid
992 5574 1089 5621 sint
1130 5568 1408 5633 illaomiua,
1446 5569 1663 5633 pluribus
1700 5568 1783 5633 ille
1810 5568 2022 5633 explicat
2044 5573 2091 5620 in
2122 5571 2260 5623 Cate-

681 5628 825 5695 (τΙιιξδίΔ
856 5628 1067 5695 secunda
1111 5632 1169 5681 ad
1194 5628 1544 5695 illumiuaudos,
1575 5639 1707 5683 Tom.
1734 5631 1797 5682 ll.
1840 5628 1922 5682 Ubi
1959 5640 2092 5685 totus
2127 5634 2262 5686 locus

680 5701 790 5741 cum
814 5691 903 5744 hoc
923 5694 1245 5746 mufercmlus
1266 5703 1359 5745 est.

2370 339 2573 393 nullam
2603 339 2670 394 ad
2701 340 2803 396 hoc
2828 356 2936 396 non
2977 343 3277 398 machinam
3319 360 3556 403 movens.
3585 348 3900 417 Quamobrem

2367 429 2624 498 propheta
2678 432 3023 488 vehementer
3069 434 3231 489 instat
3279 438 3563 506 incusans,
3590 451 3646 501 ut
3692 450 3901 505 morbum

2366 521 2618 577 radicitus
2640 522 2851 578 evellat.
2883 523 2946 576 Et
2972 524 3070 593 filii
3095 528 3240 580 multi
3266 528 3559 600 alienigenae
3581 534 3681 587 nati
3703 548 3806 591 sunt
3827 542 3901 595 eis.

2438 613 2489 667 7.
2532 612 2669 679 Quid
2705 624 2806 679 est,
2836 613 2959 668 Filii
2983 617 3326 689 alienigenae?
3355 620 3461 675 Lex
3506 622 3609 679 illis
3650 636 3758 681 erat
3795 630 3903 686 olim

2366 705 2469 759 lata
2523 716 2745 776 propter
2787 708 2951 762 animi
2995 709 3369 781 fragilitatem,
3400 723 3455 769 et
3494 728 3717 773 mentem
3760 721 3903 780 fraudi

2367 806 2755 865 opportunam,
2812 810 2871 853 nt
2917 815 3038 854 cum
3093 804 3241 858 nullo
3292 806 3614 877 reliquorum
3664 810 3906 871 hominum

2366 887 2680 943 afﬁnitatem
2727 890 3147 959 contraherent,
3189 910 3256 950 ne
3312 896 3615 966 huiusmodi
3654 902 3906 960 afﬁnitates

2368 974 2657 1047 impietatis
2688 979 2819 1048 ipsis
2844 983 3057 1038 occasio
3084 995 3284 1041 essent.
3315 986 3448 1056 Quia
3476 990 3617 1045 enim
3644 1007 3743 1048 non
3769 995 3906 1050 modo

2367 1069 2501 1122 alios
2526 1071 2798 1140 corrigere
2820 1088 2925 1127 non
2957 1082 3227 1144 poterant,
3251 1079 3344 1133 sed
3368 1096 3542 1150 neque
3559 1081 3903 1142 detrimentum

2367 1162 2435 1217 ab
2474 1164 2629 1231 aliis,
2657 1165 2980 1237 quicumque
3022 1179 3241 1236 essent,
3287 1172 3389 1225 sibi
3450 1173 3780 1243 importatum
3827 1179 3907 1234 de-

2369 1255 2601 1323 pellere,
2627 1256 2740 1327 lege
2769 1257 2914 1327 ipSos
2951 1259 3175 1326 vallaris,
3204 1270 3262 1317 et
3296 1263 3364 1317 ab
3393 1263 3653 1321 afﬁnitate
3674 1281 3786 1323 cum
3808 1272 3907 1326 aliis

2368 1347 2673 1415 abducens,
2707 1350 2933 1405 seorsim
2974 1351 3095 1408 illos
3142 1353 3458 1412 en'ormabat
3488 1370 3542 1413 et
3590 1360 3901 1416 instituebat:

2368 1440 2602 1510 optabile
2630 1441 2776 1498 enim
2802 1442 3129 1515 difﬁcileque
3157 1457 3275 1503 erat
3301 1457 3361 1504 ut
3386 1450 3470 1505 vel
3496 1451 3576 1506 sic
3601 1451 3774 1521 ducti,
3802 1470 3904 1524 pos-

2368 1543 2487 1588 sent
2533 1549 2752 1591 servare
2791 1536 3126 1608 disciplinam
3159 1555 3189 1594 a
3221 1542 3330 1597 Deo
3379 1542 3477 1599 sibi
3526 1546 3784 1601 traditam.
3821 1547 3906 1602 Sed

2367 1626 2815 1695 quemadmodum
2842 1630 2945 1685 alia
2978 1643 3244 1702 praecepta
3269 1638 3593 1707 transgressi
3617 1648 3756 1705 sunt,
3779 1639 3909 1695 sicet

2369 1714 2472 1771 hoc
2495 1727 2824 1793 contempto,
2851 1723 3181 1779 transierunt
3210 1725 3276 1780 ad
3308 1727 3626 1784 aflinitatem
3661 1745 3775 1785 cum
3800 1731 3908 1785 vici-

2368 1809 2452 1864 nis
2480 1812 2900 1868 contrahendam
2923 1856 2939 1883 ,
2968 1825 3025 1871 et
3048 1818 3303 1873 uxoribus
3332 1820 3458 1875 inde
3484 1820 3658 1877 ductis
3681 1863 3695 1887 ,
3726 1838 3756 1877 a
3792 1822 3911 1876 Moa-

2368 1900 2497 1956 bitis
2524 1902 2793 1972 videlicet,
2821 1906 2890 1961 ab
2917 1909 3259 1975 Ammonitis,
3287 1919 3343 1965 et
3373 1910 3440 1965 ab
3466 1912 3588 1969 aliis
3614 1913 3783 1983 impiis
3807 1931 3913 1983 gen-

2369 1994 2509 2051 tibus
2525 2037 2539 2061 ,
2564 1996 2802 2068 aliasque
2830 2000 3179 2071 cognationes
3198 2002 3461 2072 amplexi,
3484 2004 3733 2060 doctores
3757 2006 3915 2073 nequi-

2372 2090 2458 2143 tia:
2485 2091 2839 2157 admiserunt,
2860 2104 2915 2149 et
2937 2094 3233 2150 nobilitatis
3256 2097 3506 2151 decorem
3537 2098 3912 2153 labefactarunt.

2371 2181 2482 2237 Iloc
2512 2183 2689 2253 itaque
2732 2200 2853 2241 cum
2897 2186 3020 2241 aliis
3070 2188 3328 2257 propheta
3368 2189 3579 2245 crimen
3619 2190 3846 2244 intentat.
3870 2188 3912 2238 7.

2370 2270 2590 2342 lmpleta
2613 2286 2687 2328 est
2725 2278 2859 2330 enim
2882 2278 3020 2348 regio
3046 2295 3241 2345 eorum,
3271 2280 3471 2350 inquit,
3495 2291 3702 2353 argento
3727 2290 3769 2333 et
3790 2295 3914 2339 auro,

2367 2374 2417 2419 et
2446 2382 2545 2418 non
2574 2376 2680 2419 erat
2705 2383 2939 2421 numerus
2970 2368 3317 2424 thesaurorum
3346 2388 3536 2425 eorum.
3574 2373 3628 2427 8.
3657 2370 3721 2425 Et
3743 2370 3919 2440 impleta

2368 2464 2439 2510 est
2477 2465 2612 2510 terra
2641 2474 2813 2510 eorum
2842 2459 3013 2529 equis,
3050 2471 3097 2514 et
3140 2478 3240 2514 non
3281 2472 3388 2515 erat
3427 2480 3666 2518 numerus
3711 2475 3920 2516 curruum

2368 2564 2562 2602 eorum.
2593 2548 2811 2620 Ecquod
2848 2552 3053 2607 crimen
3089 2553 3191 2609 hoc
3210 2596 3224 2621 ,
3252 2553 3449 2609 dixerit
3479 2556 3619 2613 forte
3648 2555 3916 2627 quispiam,

2368 2640 2581 2695 divitias
2626 2641 2844 2710 habere,
2871 2654 2925 2699 et
2962 2660 3130 2716 equos
3170 2648 3475 2717 possidere,
3501 2667 3567 2707 ea
3617 2650 3919 2720 potissimum

2369 2741 2549 2801 artate,
2571 2735 2782 2805 quando
2804 2751 2909 2791 non
2935 2746 3137 2793 tantum
3160 2749 3276 2794 erat
3304 2740 3659 2812 philosophia:
3679 2738 3919 2797 studium?

2367 2826 2506 2894 Quid
2524 2843 2653 2897 ergo
2674 2829 3005 2886 dixerimus?
3032 2831 3248 2905 Scilicet
3272 2849 3379 2889 non
3412 2850 3568 2890 usum
3597 2834 3919 2905 improbabat,

2367 2919 2461 2975 sed
2487 2921 2720 2975 animum
2749 2937 2855 2979 non
2889 2923 2951 2977 iis
2991 2932 3050 2978 ut
3075 2925 3362 2993 oportebat
3393 2937 3658 2983 utentem.
3686 2925 3921 2995 Quemad-

2372 3012 2588 3067 modum
2622 3014 2767 3069 enim
2796 3030 2922 3069 cum
2961 3015 3125 3083 dicit,
3173 3016 3259 3071 Va:
3283 3018 3367 3087 qui
3397 3028 3626 3087 potentes
3650 3019 3761 3075 estis
3783 3015 3919 3087 (irai.

2372 3106 2421 3158 1.
2450 3104 2564 3174 24),
2590 3120 2697 3159 non
2741 3107 2925 3177 utique
2974 3109 3268 3176 potentiam
3297 3110 3388 3164 dat
3430 3111 3682 3176 crimini,
3715 3108 3803 3165 sed
3842 3122 3922 3162 eos

2365 3196 2456 3264 qui
2514 3197 2751 3265 potentia
2803 3200 2943 3254 male
2974 3209 3198 3254 utuntur
3232 3222 3247 3256 :
3280 3202 3360 3257 sic
3389 3211 3444 3257 et
3489 3202 3599 3259 hoc
3640 3204 3754 3258 loco
3776 3243 3790 3266 ,
3830 3215 3920 3253 non

2365 3288 2507 3357 quod
2551 3290 2804 3357 pecunias
2855 3291 3227 3359 possiderent,
3258 3293 3351 3348 sed
3391 3296 3533 3364 quod
3585 3311 3704 3350 cum
3749 3290 3921 3363 ingenti

2366 3382 2518 3450 Copia
2538 3423 2554 3447 ,
2585 3392 2638 3436 et
2669 3384 2802 3437 ultra
2848 3385 3221 3440 necessitatem
3253 3385 3372 3441 illas
3410 3396 3778 3457 congererent.
3822 3382 3923 3437 Non

2365 3486 2502 3537 erat,
2538 3477 2726 3545 inquit,
2756 3493 2991 3530 numerus
3018 3478 3367 3532 thesaurorum
3396 3497 3595 3536 eorum.
3626 3481 3800 3550 Neque
3838 3477 3922 3529 hoc

2365 3568 2537 3621 solum
2560 3610 2574 3633 ,
2606 3569 2699 3623 sed
2728 3570 2870 3639 quod
2901 3570 2967 3624 de
2996 3569 3193 3626 divitiis
3219 3581 3273 3627 et
3301 3571 3370 3627 de
3395 3589 3658 3642 equorum
3681 3573 3820 3640 copia
3850 3570 3920 3621 in-

2366 3660 2513 3727 ﬂati,
2546 3663 2794 3729 paulatim
2821 3680 2850 3717 a
2878 3680 2974 3733 spe
3017 3664 3071 3719 in
3114 3665 3279 3720 Deum
3320 3650 3774 3729 abstraherentur,
3800 3659 3923 3731 quod

2368 3753 2494 3821 ipsis
2519 3753 2678 3807 etiam
2708 3754 2832 3808 alibi
2862 3756 3116 3825 prepheta
3156 3756 3368 3812 dicebat
3395 3775 3409 3810 :
3448 3756 3536 3812 Va:
3563 3758 3651 3829 qui
3687 3753 3925 3825 conﬁdunt

2352 3845 2417 3897 in
2464 3845 2647 3899 uirtute
2680 3863 2773 3900 sua
2800 3887 2814 3910 ,
2857 3859 2903 3901 et
2945 3849 2997 3902 in
3050 3849 3369 3904 multitudine
3418 3851 3710 3907 divitiarum
3743 3860 3927 3903 suarum

2365 3938 2647 4008 gloriantur
2673 3938 2844 4009 (Psal.
2878 3941 2967 3994 48.
2999 3941 3077 4010 7).
3106 3942 3182 3997 Ac
3210 3958 3418 3997 rursum
3448 3944 3573 3999 alibi
3603 3943 3753 3997 :Non
3772 3940 3925 3994 salva-

2367 4040 2451 4082 tur
2473 4046 2562 4083 rea:
2591 4046 2680 4099 per
2708 4030 2916 4084 multam
2941 4032 3193 4098 virtutem,
3216 4044 3263 4087 et
3288 4034 3430 4103 gigas
3464 4051 3566 4087 non
3595 4033 3859 4088 salvabitur
3884 4029 3928 4080 in

2364 4123 2686 4176 multitudine
2728 4124 2924 4177 virtutis
2960 4124 3255 4194 sute(Psal.
3280 4127 3368 4181 5‘2.
3400 4127 3515 4197 16).
3551 4128 3843 4195 ltertunque
3883 4122 3928 4174 in

2364 4216 2471 4270 alio
2497 4216 2707 4271 Psalmo
2736 4232 2752 4271 :
2787 4215 2908 4271 Non
2933 4218 2984 4271 in
3010 4218 3304 4289 fortitudine
3323 4220 3437 4291 equi
3465 4220 3771 4274 uoluntatem
3795 4216 3932 4269 habe-

2364 4304 2433 4359 bit
2452 4346 2469 4372 ,
2500 4322 2589 4360 nec
2617 4307 2669 4361 in
2694 4308 2826 4361 tibiis
2851 4308 2944 4361 viri
2966 4308 3330 4378 bencpiacitum
3356 4310 3447 4363 erit
3472 4312 3535 4364 ei.
3563 4308 3931 4379 Beneplucitum

2364 4407 2437 4450 est
2475 4396 2693 4452 Domino
2736 4415 2886 4468 super
2918 4399 3145 4455 timentes
3185 4417 3317 4455 eum.
3359 4401 3425 4455 Et
3462 4402 3672 4473 impleta
3704 4411 3773 4456 est
3812 4408 3934 4452 terra

2365 4490 2813 4546 abominationibus
2842 4509 3047 4559 operum
3078 4511 3320 4547 manuum
3344 4512 3553 4549 suarum
3571 4538 3587 4559 ,
3615 4506 3662 4549 et
3696 4495 3934 4547 adoruue-

2364 4592 2481 4633 runt
2504 4598 2617 4653 qua:
2636 4586 2858 4653 fecerunt
2885 4586 3031 4655 digiti
3061 4601 3235 4639 eorum
3260 4585 3430 4658 (Psal.
3459 4587 3578 4642 140.
3608 4587 3720 4654 10).
3748 4585 3815 4641 Ut
3854 4598 3937 4635 sa-

2367 4676 2516 4742 piens
2543 4675 2798 4740 mcdicus,
2829 4676 3083 4745 propheta
3111 4678 3279 4732 morbi
3306 4693 3521 4733 causam
3549 4679 3698 4742 dicit,
3727 4690 3783 4733 et
3825 4675 3936 4728 fon-

2368 4772 2471 4817 tem
2499 4766 2689 4819 morbi.
2707 4766 2839 4820 Cum
2870 4768 3009 4821 enim
3037 4784 3222 4822 eorum
3251 4769 3574 4838 impietatem
3603 4776 3941 4823 accusaturus

2363 4868 2530 4928 esset,
2560 4860 2866 4916 occasiones
2891 4859 3058 4914 morbi
3088 4862 3233 4929 prius
3259 4860 3412 4928 dixit,
3444 4862 3761 4926 avaritiam,
3792 4872 3941 4912 arro-

2365 4951 2597 5018 gantiam
2619 4989 2637 5016 ,
2663 4951 3046 5006 connubiorum
3075 4951 3361 5007 afﬁnitates
3387 4967 3492 5007 non
3532 4954 3702 5007 licitas
3721 4993 3734 5011 .
3766 4948 3941 5005 decla-

2367 5056 2491 5097 rans
2510 5057 2605 5097 eos
2625 5042 2748 5098 hinc
2772 5045 3021 5114 paulatim
3047 5045 3415 5115 supplantatos
3442 5046 3492 5099 in
3511 5042 3779 5112 perniciei
3799 5044 3945 5097 bara-

2367 5132 2543 5188 thrum
2586 5135 2884 5201 corruisse,
2916 5145 2970 5190 et
3010 5134 3149 5190 idola
3189 5135 3461 5191 adorasse.
3495 5136 3697 5190 Deinde
3740 5134 3946 5188 illorum

2366 5227 2563 5281 cultum
2590 5227 2892 5295 traducens,
2910 5229 3182 5299 subiungit
3204 5269 3220 5293 ,
3249 5228 3473 5299 Operam
3492 5243 3735 5281 manuum
3755 5240 3944 5279 eorum.

2366 5318 2501 5386 Quid
2528 5319 2671 5373 enim
2716 5320 2823 5374 risu
2860 5319 3071 5390 dignius
3118 5320 3280 5375 fuerit
3322 5334 3480 5390 quam
3518 5334 3638 5374 cum
3665 5317 3834 5389 homo
3861 5314 3944 5369 dei

2364 5418 2575 5464 creator
2601 5410 2869 5465 efficitur?
2897 5412 3358 5467 Abominationem
3383 5426 3512 5465 vero
3538 5410 3815 5479 Scriptura
3852 5421 3948 5459 vo-

2366 5514 2491 5556 care
2543 5502 2682 5557 solet
2727 5502 2910 5557 idola:
2954 5503 3183 5573 indeque
3232 5502 3555 5558 abominatio
3601 5495 3952 5555 desolationis

2368 5604 2586 5649 voratur
2612 5603 2787 5650 statua
2824 5597 2879 5650 in
2906 5597 3102 5665 templo
3125 5606 3322 5650 erecta.
3357 5595 3482 5649 Cum
3522 5595 3653 5647 enim
3684 5588 3948 5650 videritis,

2375 5686 2576 5757 inquit,
2627 5687 3046 5743 abominationem
3091 5687 3410 5744 desolationis
3459 5693 3684 5740 stantem
3726 5682 3783 5735 in
3827 5679 3936 5734 loco
