4102 6306
232 401 287 451 31
1577 403 1643 459 IN
1701 400 1948 468 ISAIAM,
1977 402 2130 462 CAP.
2174 404 2238 461 11.
3478 413 3549 465 SR

223 524 411 577 sancto;
439 515 535 584 qui
566 514 703 585 legit
724 558 742 582 ,
778 517 1047 591 intelligat
1076 518 1288 591 (Matth.
1320 519 1409 573 24.
1440 519 1553 588 15).
1577 519 1842 588 Quoniam

216 605 336 659 enim
354 606 506 673 ipsos
527 608 872 664 abduxerat
890 625 961 665 ne
980 610 1193 665 sensilia
1223 608 1634 676 admirarentur,
1664 608 1845 679 prohi-

214 698 305 751 buit
320 698 449 766 ipsis
467 714 543 754 ne
564 704 855 770 quamvis
874 704 1164 774 imaginem
1187 704 1450 767 facerent;
1469 703 1700 774 illudque
1722 703 1847 757 abo-

215 790 554 845 minationem
583 797 856 860 vocavit,
885 797 1075 866 procul
1106 796 1224 850 illos
1247 811 1474 852 avocans
1502 796 1569 850 ab
1599 808 1844 865 impieta-

214 880 511 953 te(Dan.9.
533 884 674 956 27).
708 886 861 940 Nam
896 887 1195 943 abominari
1224 902 1383 956 supra
1418 888 1634 941 modum
1663 887 1842 941 odisse

222 986 310 1041 est,
359 977 524 1047 quasi
574 979 916 1049 impurum,
964 982 1114 1052 quasi
1165 980 1571 1035 exsecrandum.
1619 979 1842 1032 Abomi—

226 1068 379 1123 nabile
406 1069 601 1139 igitur,
654 1086 928 1139 perosum
958 1085 1012 1126 et
1042 1075 1315 1126 aversione
1351 1072 1568 1139 dignum
1604 1071 1657 1124 in
1700 1070 1842 1125 Scri-

235 1170 360 1229 ptura
391 1160 620 1215 dicitur.
661 1164 888 1219 Idolum
920 1174 1098 1219 autem
1127 1164 1348 1234 quodvis
1390 1163 1692 1233 hujusmodi
1735 1173 1836 1217 est.

236 1250 290 1302 Et
314 1252 660 1307 admoverunt
688 1271 814 1324 qua:
842 1260 1069 1323 fecerunt
1094 1257 1238 1326 digiti
1257 1273 1450 1310 eorum.
1480 1256 1535 1310 9.
1561 1256 1627 1309 Et
1664 1257 1841 1309 incur-

232 1346 345 1397 rerit
389 1362 445 1399 se
484 1345 647 1399 homo
670 1389 687 1410 ,
720 1358 770 1401 et
815 1350 1114 1405 humiliatus
1143 1357 1214 1403 est
1252 1352 1348 1405 uir.
1380 1349 1837 1418 Quemadmodum

237 1438 357 1490 enim
388 1438 647 1493 adoratio
678 1440 776 1493 Dei
797 1441 1080 1495 hominem
1109 1443 1158 1495 in
1186 1442 1348 1495 altum
1377 1442 1579 1508 evehit,
1622 1443 1698 1495 sic
1740 1440 1839 1494 ad-

238 1530 387 1580 oratio
417 1546 618 1583 eorum
648 1531 916 1602 deprimit
944 1533 1242 1603 dejicitque.
1262 1533 1398 1600 Quid
1421 1534 1561 1586 enim
1583 1533 1839 1601 abjectius

239 1617 439 1674 homine
460 1664 474 1682 ,
506 1622 607 1691 qui
654 1637 687 1677 a
714 1625 890 1677 salute
917 1625 1133 1686 decidit,
1167 1626 1641 1694 universorumque
1673 1626 1836 1678 Deum

237 1712 496 1765 inimicum
527 1714 641 1767 sibi
678 1715 958 1781 reddidit,
991 1715 1081 1786 qui
1113 1716 1413 1769 inanimatis
1448 1730 1506 1769 se
1547 1715 1827 1778 submittit,

235 1815 281 1857 et
308 1804 510 1871 lapides
536 1806 718 1859 colit?
744 1806 888 1861 Deus
904 1809 1101 1877 quippe
1132 1811 1181 1861 in
1213 1817 1414 1861 tantum
1447 1823 1544 1860 nos
1577 1807 1834 1862 honorem

235 1894 398 1947 evexit
416 1935 435 1960 ,
460 1906 521 1949 ut
546 1896 710 1951 caelis
738 1898 901 1951 etiam
931 1914 1027 1952 nos
1055 1899 1391 1953 sublimiores
1415 1898 1694 1963 redderet;
1718 1900 1824 1954 diac

233 1985 379 2041 bolus
396 2002 493 2041 eos
522 1990 625 2058 qui
660 1990 767 2044 sibi
798 1990 1229 2059 obsequebantur
1258 1991 1311 2044 in
1344 1998 1544 2044 tantam
1576 1992 1833 2044 vilitatem

231 2080 458 2147 deduxit,
490 2092 552 2137 ut
583 2083 946 2137 insensilibus
970 2084 1331 2138 insensiliores
1362 2083 1583 2138 faceret.
1612 2084 1737 2139 Ideo
1760 2084 1835 2139 ait

228 2172 475 2241 propheta
508 2190 525 2225 :
560 2172 894 2227 Humiliatus
931 2184 1003 2228 est
1042 2175 1134 2227 vir.
1179 2172 1494 2229 Sufﬁciebat
1529 2183 1674 2227 certe
1718 2175 1832 2228 haec

227 2268 485 2320 accusatio
515 2276 580 2322 ut
624 2276 815 2322 mente
846 2267 1125 2337 praeditum
1155 2268 1222 2322 ab
1250 2267 1352 2322 hoc
1380 2267 1570 2321 morbo
1594 2267 1829 2322 abduce-

222 2369 319 2411 ret.
348 2358 549 2414 Verum
600 2360 737 2429 quia
780 2359 1295 2430 plerique-homines
1322 2373 1428 2413 non
1458 2367 1564 2413 tam
1614 2372 1830 2429 peccata

218 2465 370 2518 quam
400 2450 678 2520 supplicia
734 2449 1051 2515 formidant,
1081 2450 1169 2504 ille
1202 2451 1519 2520 supplicium
1565 2450 1827 2518 adjunxit,

212 2541 395 2596 dicens
427 2559 443 2593 :
494 2541 628 2595 Non
675 2542 942 2595 dimittam
971 2558 1074 2595 eos.
1106 2540 1219 2596 Non
1260 2540 1599 2608 condonabo,
1632 2541 1825 2611 inquit,

208 2647 317 2685 non
343 2632 646 2697 dimittam,
675 2647 790 2688 non
833 2632 1120 2703 negligant,
1146 2631 1241 2688 sed
1264 2632 1503 2688 rationes
1536 2648 1830 2703 poenasque

204 2737 444 2794 repetam
494 2727 810 2781 scelerum.
844 2726 934 2780 10.
970 2724 1037 2779 Et
1063 2741 1194 2779 nunc
1219 2724 1423 2779 introite
1470 2726 1523 2780 in
1555 2735 1749 2796 petras,
1782 2734 1829 2778 et

197 2820 580 2872 aliscondimim'
602 2821 661 2873 in
691 2828 836 2872 terra
860 2836 893 2871 α
920 2820 1053 2890 facie
1071 2819 1263 2873 timoris
1280 2818 1508 2873 Domini.
1538 2819 1827 2890 Postquam

195 2912 415 2965 illorum
436 2913 851 2982 insipientiam,
870 2913 957 2981 qui
986 2911 1123 2967 idola
1149 2912 1394 2978 adorant,
1421 2914 1551 2969 satis
1571 2914 1823 2978 traduxit,

193 3010 246 3053 et
278 3017 313 3054 a
339 3003 501 3057 modo
530 3003 853 3058 fabricandi
881 3018 1067 3058 eorum
1102 3005 1386 3059 amentiam
1416 3004 1672 3063 ostendit.
1698 3022 1823 3060 nec-

191 3108 313 3146 non
338 3093 606 3149 idolorum
634 3095 1108 3161 imbecillitatem;
1130 3110 1314 3150 rursus
1336 3097 1510 3151 verbis
1527 3109 1822 3167 coucertat,

186 3195 250 3240 et
273 3186 547 3243 dictorum
583 3188 1007 3258 inquisitionem
1028 3204 1208 3242 rerum
1236 3191 1577 3259 experientia:
1600 3192 1823 3260 permit-

190 3281 292 3342 tit,
326 3281 509 3350 aitque
537 3299 554 3335 :
582 3280 911 3337 Suﬂiciebat
934 3279 1062 3334 mihi
1093 3295 1188 3351 per
1208 3280 1308 3334 hoc
1337 3282 1508 3350 ipsum
1536 3282 1675 3352 quod
1709 3281 1823 3336 hmo

189 3370 362 3424 facta
389 3380 519 3425 sunt
543 3372 611 3426 ab
637 3372 973 3437 hominibus,
1007 3388 1194 3427 eorum
1221 3372 1310 3442 qui
1342 3372 1552 3443 decepti
1582 3383 1706 3428 sunt
1739 3375 1821 3428 iu-

192 3462 533 3529 sipientiam
556 3465 856 3519 ostendisse
882 3482 895 3516 :
922 3464 1044 3534 quia
1071 3479 1199 3519 vero
1220 3464 1489 3534 impietate
1516 3482 1615 3521 ceu
1647 3468 1823 3522 ebrie-

194 3563 341 3608 tate
368 3554 603 3623 quadam
625 3558 915 3625 aggravati,
947 3558 1089 3611 circa
1121 3572 1206 3611 res
1233 3557 1405 3613 claras
1428 3566 1482 3612 et
1512 3558 1823 3613 manifestas

194 3646 560 3709 excutiunt,
590 3646 722 3701 tales
750 3649 934 3701 urbem
964 3649 1231 3717 excipient
1257 3650 1607 3713 calamitates,
1642 3662 1698 3704 ut
1738 3653 1819 3710 vel

197 3753 318 3791 eos
362 3738 460 3807 qui
506 3736 789 3793 admodum
836 3741 1037 3809 stupidi
1081 3751 1204 3795 sunt
1251 3740 1499 3807 doceant,
1526 3752 1721 3813 quanta
1753 3746 1823 3800 sit

200 3827 443 3881 illorum
473 3828 831 3893 imbecillitas,
860 3838 915 3884 et
948 3838 1148 3900 quanta
1176 3830 1270 3885 Dei
1296 3832 1554 3901 potentia.

285 3919 347 3973 8.
391 3919 601 3974 Idcirco
628 3932 912 3991 antequam
937 3922 1007 3976 de
1031 3922 1172 3976 bello
1198 3922 1464 3993 loquatur,
1493 3938 1612 3993 qua!
1636 3939 1702 3980 ex
1728 3926 1823 3981 illo

208 4021 620 4081 mnsaquutura
649 4013 760 4068 sint
782 4014 975 4082 aperit,
1007 4014 1321 4084 praecipiens
1343 4025 1400 4070 ut
1428 4016 1480 4070 in
1522 4027 1701 4086 petras
1736 4019 1820 4072 in-

208 4103 551 4170 grediautur,
601 4112 661 4159 et
694 4104 798 4158 sub
834 4104 948 4174 ipsa
989 4112 1130 4159 terra
1171 4105 1506 4171 delitescant,
1545 4122 1651 4161 non
1684 4116 1740 4161 ut
1768 4108 1819 4162 id

212 4204 396 4263 agant,
423 4195 521 4250 sed
548 4204 610 4249 ut
638 4196 764 4249 hinc
785 4197 1040 4261 ediscant,
1080 4212 1235 4268 quam
1266 4199 1591 4254 intoleranda
1634 4201 1705 4255 sit
1743 4201 1821 4255 ira

212 4286 313 4339 Dei
345 4298 471 4341 tunc
500 4286 635 4341 illos
679 4289 950 4345 invasam.
1034 4288 1167 4343 Nam
1194 4290 1269 4345 ait
1300 4307 1314 4343 :
1355 4290 1733 4344 Abscondimim’
1768 4294 1822 4345 in

213 4387 352 4430 terra
387 4395 421 4431 a
454 4379 594 4449 facie
635 4378 833 4431 timoris
875 4377 1102 4444 Domini,
1134 4390 1181 4433 et
1224 4397 1257 4433 a
1299 4380 1464 4452 gloria
1510 4382 1823 4452 fortitudinis

213 4474 345 4540 ejus,
377 4489 500 4525 cum
526 4472 815 4527 surrexerit
833 4482 1090 4545 percutere
1118 4482 1321 4526 terram.
1351 4472 1469 4527 Non
1494 4475 1567 4528 ait
1591 4484 1819 4539 tantum,

214 4568 256 4614 Α
292 4564 615 4619 fortitudine
655 4565 804 4631 ejus,
844 4564 960 4629 sed,
1001 4564 1047 4618 A
1089 4565 1252 4635 gloria
1295 4566 1625 4636 fortitudinis.
1673 4566 1822 4623 Talia

217 4671 448 4727 uanique
480 4665 616 4711 sunt
644 4657 762 4723 ejus
793 4656 1045 4725 praeclara
1074 4666 1241 4726 gesta,
1274 4658 1397 4713 talia
1424 4668 1646 4729 tr0ptea,
1684 4660 1823 4715 mul-

218 4756 325 4801 tum
354 4749 746 4818 splendorem,
772 4749 993 4802 multam
1018 4748 1328 4818 dignitatem
1356 4765 1468 4820 prte
1495 4766 1555 4806 se
1580 4751 1820 4807 ferentia.

222 4840 312 4897 Hic
337 4844 478 4899 mihi
506 4843 729 4899 videtur
757 4844 1028 4897 victoriam
1060 4844 1199 4897 illam
1242 4844 1541 4915 signiﬁcare
1581 4862 1698 4916 qua:
1725 4847 1825 4901 sub

224 4932 445 4990 Brachia
478 4934 733 5003 contigit,
762 4943 956 4989 terram
986 4950 1185 4989 vocans
1225 4936 1616 4991 multitudinem
1647 4937 1821 4992 homi-

226 5044 363 5095 num,
393 5040 452 5085 et
494 5030 907 5099 percuSsiouem
939 5028 1149 5082 illorum
1192 5030 1421 5096 ruinam,
1466 5032 1820 5085 resurrectio-

230 5136 341 5175 nem
366 5137 502 5177 vero
527 5121 654 5191 ejus
678 5136 954 5190 egressum
982 5120 1047 5174 ad
1073 5121 1450 5175 auxdiandum.
1481 5122 1825 5188 Quandoqui-

231 5211 343 5265 dem
366 5224 421 5268 et
453 5212 627 5267 David
653 5212 785 5266 dicit
812 5229 824 5263 :
861 5211 1116 5282 Exsurgat
1143 5210 1297 5276 Deus,
1323 5223 1370 5265 et
1397 5214 1703 5283 dissipentur
1728 5215 1827 5266 iui-

234 5305 343 5355 ιιιίςί
368 5306 480 5373 eius
508 5303 689 5375 (Psal.
723 5304 813 5356 6'7.
841 5301 938 5371 2);
969 5318 1031 5356 ac
1061 5318 1245 5356 rursus
1277 5322 1290 5357 :
1324 5304 1506 5374 Surge,
1551 5305 1705 5367 Deus,
1734 5307 1829 5373 ju-

236 5393 340 5443 dico
366 5404 552 5446 terram
584 5392 765 5465 (Psal.
805 5393 894 5448 81.
927 5392 1018 5460 8);
1051 5393 1119 5447 ab
1150 5392 1394 5447 humanis
1420 5396 1587 5464 gestis
1622 5405 1677 5449 et
1708 5414 1824 5448 mo-

233 5483 309 5535 dis
332 5484 418 5537 Dei
450 5484 796 5552 Operationes
817 5484 1150 5553 exprimens.
1179 5483 1265 5539 11.
1293 5484 1443 5538 Oculi
1465 5488 1595 5539 enim
1618 5486 1826 5541 Domini

234 5576 485 5640 sublimes,
520 5579 673 5630 homo
715 5588 888 5629 autem
933 5576 1162 5629 humilis.
1212 5577 1411 5633 Deinde
1453 5595 1520 5634 ne
1562 5581 1823 5649 quispiam

232 5668 556 5723 audientium
578 5669 739 5725 dictis
766 5678 991 5740 negaret
1014 5669 1172 5723 tidem
1216 5668 1417 5741 (multis
1455 5674 1596 5727 enim
1636 5684 1824 5729 contra

232 5775 376 5829 silem
407 5774 459 5818 et
484 5767 948 5834 expectationem
979 5774 1097 5817 erat
1127 5763 1177 5817 id
1217 5765 1356 5833 quod
1386 5778 1697 5822 eventurum
1739 5768 1823 5821 di-

237 5854 425 5925 cebat),
440 5855 780 5929 confugiebat
798 5855 868 5911 ad
896 5854 1193 5925 patentiam
1211 5854 1443 5923 Opilicis,
1473 5870 1523 5913 et
1549 5861 1614 5915 ad
1637 5878 1818 5916 eorum

1954 535 2044 589 qm
2070 520 2404 588 patiebantur
2433 521 2868 579 imbecillitatem.
2900 524 3081 597 Neque
3106 526 3269 593 enim,
3297 530 3390 603 ait,
3427 530 3537 584 Deo

1951 622 2033 667 est
2054 613 2322 682 quidpiam
2351 614 2650 677 sublimius,
2684 633 2855 686 neque
2901 619 3202 675 hominibus
3242 608 3416 675 vilius.
3456 622 3533 677 Nc

1952 717 2083 772 ergo
2108 703 2337 769 dubites,
2371 718 2494 758 num
2524 706 2686 773 possit
2717 708 2806 759 ille
2833 723 3054 776 magnus
3079 719 3132 764 et
3159 709 3312 765 fortis
3365 714 3534 766 imbe-

1949 798 2103 851 cillos
2120 799 2196 852 sic
2216 801 2492 854 Confestim
2511 801 2828 870 deprimere.
2857 803 2921 858 Et
2944 808 3185 873 apposite
3204 809 3352 869 dixit,
3383 810 3542 863 Oculi

1950 885 2156 940 Domini
2184 890 2437 943 sublimes.
2466 891 2578 945 Non
2608 893 2758 959 dixit,
2791 894 3051 960 Potentia,
3078 898 3194 963 sed,
3241 898 3392 952 Oculi
3421 900 3529 953 Do-

1947 980 2092 1042 mini,
2122 982 2269 1049 quasi
2299 981 2442 1034 solus
2470 996 2713 1050 aspectus
2737 986 2901 1052 possit
2927 989 3102 1040 omnia
3134 989 3234 1042 sibi
3264 993 3530 1045 reluctan-

1949 1071 2017 1123 tia
2050 1081 2389 1140 prosternere
2418 1091 2429 1125 :
2462 1074 2509 1127 id
2536 1075 2673 1143 quod
2704 1079 2863 1128 etiam
2905 1077 3064 1131 David
3108 1082 3230 1133 alibi
3272 1078 3476 1137 dicebat
3515 1103 3526 1136 :

1950 1162 2050 1228 Qui
2074 1165 2276 1232 respicit
2306 1178 2508 1229 terram,
2553 1179 2597 1219 et
2642 1172 2763 1238 facit
2804 1186 2911 1220 eam
2950 1180 3157 1224 tremere
3198 1172 3366 1245 (Psal.
3408 1177 3527 1230 105.

1944 1252 2069 1322 52);
2102 1264 2152 1307 ct
2180 1255 2315 1308 alius
2346 1256 2536 1309 iterum
2566 1261 2817 1325 propheta
2854 1277 2867 1313 :
2900 1261 3183 1329 llespiciam
3226 1264 3293 1315 ad
3321 1283 3453 1330 ειυη,
3483 1279 3530 1319 et

1946 1348 2225 1414 prwvalebo
2274 1349 2338 1400 ei.
2394 1348 2460 1400 lit
2506 1349 2855 1402 humiliabilur
2904 1353 3117 1406 altitudo
3161 1356 3437 1423 hominum,
3486 1370 3531 1411 et

1944 1441 2246 1492 exaltabitur
2288 1440 2537 1494 Dominus
2580 1444 2717 1496 solus
2754 1446 2805 1496 in
2859 1445 2941 1497 die
2982 1447 3072 1500 illa
3122 1450 3274 1520 (Osce
3318 1453 3400 1505 11.
3448 1455 3525 1521 4).

1941 1530 2234 1600 Conspecta
2265 1535 2406 1587 enim
2452 1534 2533 1587 illa
2568 1536 2833 1605 inopinata
2869 1540 3110 1605 victoria,
3158 1543 3364 1612 illisque
3397 1561 3526 1599 cou-

1942 1622 2139 1690 Spicuis
2160 1624 2592 1694 admirandisque
2618 1628 2850 1695 tropmis,
2874 1630 3144 1685 daemones
3166 1634 3355 1689 devicti
3379 1649 3523 1705 sunt,

1944 1712 2080 1765 idola
2106 1712 2373 1769 dedecore
2399 1716 2606 1783 all‘ecta,
2642 1720 3219 1791 pseudoprOpbetarum
3246 1743 3335 1779 ora
3365 1730 3523 1783 obtu-

1942 1816 2075 1871 rata,
2111 1804 2453 1861 barbarorum
2486 1811 2722 1879 tyrannis
2751 1813 2939 1877 soluta,
2992 1825 3044 1867 et
3081 1830 3140 1867 os
3172 1832 3349 1880 omne,
3381 1821 3522 1890 quod

1944 1896 2051 1949 Deo
2078 1899 2443 1965 aversabatur,
2476 1904 2809 1958 obstructum
2838 1914 2938 1960 est.
2982 1906 3106 1961 Ideo
3130 1912 3223 1976 ait,
3260 1911 3525 1968 Exalmbi-

1940 1996 2021 2039 tur
2048 1987 2296 2043 Dominus
2321 1994 2480 2046 solus.
2512 1993 2698 2048 Nullus
2725 1997 2830 2049 erit
2852 1997 3104 2067 deinceps
3139 2002 3226 2069 qui
3252 2007 3520 2059 cmuradi-

1937 2088 2041 2142 cat,
2067 2097 2164 2134 nec
2189 2084 2275 2152 qui
2300 2084 2367 2139 de
2393 2085 2481 2138 Dei
2512 2088 2743 2153 potentia
2762 2088 2985 2151 dubitet,
3009 2107 3128 2145 cum
3153 2110 3331 2149 rerum
3348 2110 3525 2166 gesta-

1940 2188 2053 2226 rum
2070 2173 2455 2230 demonstratio
2475 2180 2869 2235 evidentissima
2894 2180 3068 2236 fuerit.
3088 2184 3297 2241 Natura:
3325 2189 3521 2257 quippe

1934 2262 2128 2319 divina:
2154 2267 2411 2321 celsitudo
2443 2280 2692 2338 perpetua
2720 2281 2820 2333 est.
2867 2288 2931 2327 ac
2962 2290 3247 2345 numquam
3279 2278 3516 2349 iucmpit,

1934 2356 2027 2410 sed
2053 2371 2267 2427 semper
2290 2370 2401 2424 est;
2434 2363 2657 2416 exaltari
2684 2374 2862 2418 autem
2898 2364 3092 2419 dicitur
3121 2368 3171 2420 iu
3218 2381 3393 2423 mente
3422 2373 3516 2423 hu.

1934 2452 2157 2517 minum,
2189 2455 2401 2523 quando
2430 2458 2463 2509 ii
2493 2457 2582 2526 qui
2610 2458 3044 2512 contradicebaut
3086 2471 3141 2513 et
3184 2463 3517 2518 reluctaban-

1937 2553 2041 2607 tur,
2069 2544 2182 2613 ipsa
2215 2561 2394 2600 rerum
2418 2547 2874 2603 demonstratione
2896 2551 3173 2615 suadente,
3207 2554 3421 2621 cedunt,
3454 2572 3515 2609 ac

1930 2643 2318 2701 competentem
2359 2636 2778 2692 benedictionem
2809 2640 3063 2695 referunt.
3098 2642 3179 2695 12.
3226 2643 3345 2698 Dies
3382 2649 3512 2698 enim

1933 2724 2137 2779 Domini
2166 2726 2394 2781 Sabaoth
2420 2730 2617 2783 advenit
2639 2748 2791 2800 super
2809 2748 3003 2784 omnem
3028 2735 3441 2789 contumeliosum
3464 2749 3511 2789 et

1929 2820 2219 2885 superbum,
2242 2830 2288 2873 et
2314 2837 2465 2892 super
2487 2838 2681 2875 omnem
2700 2824 2949 2876 excelsum
2973 2835 3020 2877 et
3043 2824 3323 2895 sublimem,
3346 2839 3391 2881 et
3419 2830 3516 2881 hu-

1931 2909 2276 2965 miliabuntur.
2304 2913 2391 2967 15.
2423 2912 2491 2966 Et
2519 2932 2671 2983 super
2692 2932 2888 2968 ontnem
2913 2917 3119 2970 cedrum
3148 2917 3329 2973 Libani
3356 2926 3513 2975 ean-l-

1929 3016 2036 3053 sam
2067 3011 2112 3053 et
2138 3003 2421 3068 sublimem,
2454 3014 2499 3058 et
2522 3022 2672 3075 super
2693 3022 2887 3059 omnem
2919 3007 3148 3061 arborem
3177 3011 3377 3080 glandis
3403 3010 3510 3065 Bu-

1928 3108 2018 3146 san
2047 3092 2146 3163 (a).
2175 3094 2261 3149 14.
2292 3094 2357 3148 Et
2382 3083 2536 3167 super:
2556 3114 2755 3152 omnem
2782 3110 3001 3153 montem
3044 3103 3314 3170 excelsum,
3345 3116 3391 3157 et
3427 3123 3511 3157 su-

1926 3202 2018 3252 per
2038 3204 2233 3242 omnem
2262 3206 2461 3241 murum
2486 3191 2767 3245 sublimem.
2802 3192 2889 3246 15.
2913 3191 2981 3245 Et
3009 3210 3162 3264 super
3186 3212 3381 3249 omnem
3405 3208 3512 3247 tur-

1928 3279 2023 3331 rim
2050 3280 2328 3333 sublimem.
2365 3282 2451 3335 16.
2494 3280 2561 3334 Et
2588 3300 2738 3351 super
2764 3299 2909 3338 omne
2946 3285 3200 3356 navigium
3245 3289 3418 3348 maris,
3462 3299 3511 3340 et

1926 3387 2075 3440 super
2099 3388 2295 3426 omnem
2324 3386 2579 3442 aspectum
2622 3374 3011 3443 pulchritudinis
3045 3379 3265 3431 navium.
3308 3380 3396 3432 17.
3448 3380 3511 3431 Et

1927 3464 2279 3517 humiliabitur
2317 3466 2531 3518 altitudo
2578 3467 2859 3530 hominum,
2903 3476 2949 3520 et
2992 3467 3296 3521 exaltabitur
3336 3467 3511 3521 Domi-

1926 3569 2019 3606 nus
2057 3555 2195 3608 solus
2238 3556 2291 3608 in
2330 3557 2411 3607 die
2448 3557 2561 3608 illa.
2609 3557 2813 3609 Murum
2858 3556 2964 3620 hic,
3010 3558 3251 3623 cirdrum,
3297 3560 3508 3627 collem,

1924 3661 2179 3714 quercum
2224 3658 2467 3717 potentes
2508 3648 2754 3701 homines
2800 3657 2974 3713 vocat,
3028 3649 3302 3704 altitudine
3332 3651 3512 3720 hujus-

1924 3736 2067 3791 modi
2093 3737 2346 3791 arborum
2374 3752 2561 3791 eorum
2591 3738 2884 3808 potentiam
2914 3739 3274 3808 metapboriee
3309 3743 3511 3811 signiti-

1924 3842 2055 3882 caus
2080 3844 2094 3880 :
2123 3843 2187 3882 ac
2215 3843 2336 3882 cum
2368 3828 2632 3897 navigium
2663 3840 2716 3881 et
2751 3838 3023 3897 aspectum
3066 3830 3506 3899 pulchritudinis‘

1924 3919 2136 3973 navium
2165 3919 2313 3985 dicit,
2339 3933 2435 3973 eos
2463 3918 2780 3984 subindicat,
2808 3920 2896 3989 qui
2919 3930 3043 3973 sunt
3070 3921 3449 3991 opulentiores.

1995 4012 2051 4067 9.
2094 4011 2204 4065 Hoc
2224 4024 2402 4067 autem
2426 4013 2537 4067 vult
2555 4014 2875 4083 signiﬁcare,
2901 4028 3091 4082 nempe
3113 4013 3304 4068 fortem
3322 4030 3509 4085 quem-

1925 4104 2074 4171 libet,
2116 4116 2410 4174 potentem,
2451 4104 2639 4159 ducem
2679 4106 2964 4170 exercitus,
3005 4121 3271 4175 quemque
3312 4107 3512 4161 divitiis

1926 4198 2402 4265 circumﬂuentem,
2451 4208 2745 4267 totumque,
2792 4208 2847 4252 ut
2892 4202 2961 4252 ita
3001 4198 3196 4264 dicam,
3232 4198 3507 4253 hominum

1926 4289 2173 4344 decorem
2213 4304 2276 4344 ac
2327 4299 2491 4343 totam
2538 4289 2940 4355 fortitudinem,
2985 4299 3110 4344 tunc
3150 4290 3411 4345 abituram
3456 4302 3509 4346 et

1925 4380 2234 4435 solvendam
2260 4396 2417 4446 esse;
2448 4381 2686 4449 nihilque
2720 4381 2998 4448 patrocinii
3029 4381 3357 4450 profuturum
3387 4398 3508 4437 esse

1926 4473 1991 4528 ad
2022 4472 2373 4544 effugiendam
2401 4473 2532 4527 iram
2561 4473 2675 4538 Dei,
2707 4488 2810 4526 non
2842 4474 3087 4527 virtutem
3117 4476 3376 4543 corporis,
3402 4490 3507 4529 non

1926 4566 2309 4635 experientiam
2340 4566 2486 4631 belli,
2522 4582 2625 4620 non
2656 4566 2997 4635 pecuniarum
3022 4567 3251 4635 copiam,
3282 4582 3385 4620 non
3419 4583 3509 4636 po-

1927 4658 2106 4714 tentite
2130 4659 2451 4725 clientelam,
2479 4675 2584 4713 non
2626 4659 2894 4713 exercitus
2932 4659 3370 4728 magnitudinem,
3401 4675 3505 4714 nou

1927 4753 2069 4806 aliud
2091 4752 2362 4822 quidpiam
2402 4752 2593 4806 simile.
2630 4750 2833 4805 Cedros
2867 4763 3048 4807 autem
3088 4751 3275 4805 Libani
3309 4768 3511 4807 memo-

1929 4858 2031 4913 rat,
2062 4847 2183 4917 quia
2220 4846 2290 4900 ibi
2336 4848 2562 4900 maxime
2611 4846 2844 4898 nascitur
2894 4847 3005 4899 haec
3047 4845 3227 4909 arbor,
3275 4846 3359 4899 vel
3389 4848 3510 4914 quia

1931 4954 2017 4991 res
2037 4937 2143 5007 jam
2168 4938 2426 5008 proxima:
2454 4946 2579 4991 sunt
2604 4938 2714 5005 (t2);
2744 4948 3013 5007 aspectum
3038 4953 3164 4990 vero
3188 4938 3260 4991 ait
3283 4939 3511 5005 pulchri-

1932 5030 2128 5084 tudinis
2166 5031 2399 5094 navium,
2427 5028 2671 5083 decorem
2705 5028 2896 5081 ducum
2925 5030 3211 5090 exercitus,
3250 5029 3339 5097 qui
3370 5029 3510 5081 divi-

1934 5123 2039 5189 tiis,
2057 5123 2219 5177 armis
2237 5132 2290 5177 et
2308 5121 2622 5176 satellitibus
2640 5121 2865 5190 stipandi
2886 5121 3076 5175 forent.
3101 5120 3317 5174 Videtur
3334 5130 3513 5174 autem

1994 5258 2011 5289 ¹
2044 5264 2187 5306 Juxta
2210 5256 2427 5319 savil.iet
2451 5257 2621 5319 Morel.
2658 5257 2921 5319 legendum
2953 5266 3203 5307 esset:....
3224 5268 3389 5305 eorum
3430 5270 3515 5319 po-

1931 5319 2128 5370 tentium
2150 5325 2194 5368 et
2234 5318 2425 5381 divitias
2448 5318 2765 5381 metaphorice
2797 5319 3112 5381 signiﬁcans;
3156 5326 3200 5368 et
3233 5332 3344 5366 cum
3383 5332 3515 5375 aspc-

1931 5389 2059 5430 ctum
2082 5380 2470 5443 pulclnitudinis,
2497 5380 2616 5441 etc.;
2644 5384 2799 5443 niiuus
2822 5380 2975 5431 recte.

1996 5463 2069 5526 (a)
2083 5441 2343 5512 ttebraicus
2361 5471 2528 5513 textus
2547 5468 2697 5546 Tum
2720 5441 2877 5516 νιπὸκ.

1996 5554 2069 5665 (ὺέ
2085 5563 2181 5604 Non
2204 5556 2322 5604 satis
2344 5556 2579 5617 perspicio
2603 5554 2715 5616 quid
2740 5555 2829 5601 sibi
2857 5553 2975 5601 velit
2998 5553 3382 5614 Chrysostomus,
3409 5567 3516 5608 cum

1996 5658 1997 5661 η
2020 5620 2034 5665 i
2072 5630 2131 5665 eo
2154 5617 2329 5665 cedros
2350 5618 2508 5664 Libani
2532 5617 2609 5664 hic
2634 5618 2911 5665 memorari.
2937 5618 3047 5665 uuia
3073 5628 3172 5665 res.
3207 5629 3385 5665 ucume
3409 5630 3516 5665 una:

1932 5619 1997 5667 ait
2020 5617 2131 5666 ideo
2154 5617 2329 5666 cedros
2350 5618 2508 5664 Libani
2532 5617 2609 5664 hic
2634 5618 2911 5671 memorari,
2937 5618 3047 5674 quia
3073 5628 3172 5669 res,
3207 5629 3385 5676 nclupe
3409 5630 3517 5677 qua:

1932 5680 2337 5742 praedicebantur,
2358 5680 2454 5740 jam
2479 5680 2709 5739 proxima:
2730 5685 2885 5742 erant.
2914 5677 2983 5742 An
3004 5679 3114 5736 quia
3136 5679 3378 5736 proximus
3415 5685 3517 5727 erat

1932 5739 2109 5791 induta:
2132 5739 2466 5803 Libanus,per
2489 5742 2662 5803 cedros
2692 5739 2853 5803 Libani
2877 5739 3067 5803 excisas
3104 5751 3252 5799 pro”:
3276 5752 3403 5803 esse
3436 5750 3519 5785 res

1934 5808 2276 5867 prmuuutiatas
2313 5799 2525 5851 dixerit?
2562 5809 2625 5850 Nc
2674 5802 2741 5848 sic
2778 5800 2976 5860 quidem
3016 5800 3120 5848 lucc
3164 5799 3404 5865 quadrare
3446 5812 3511 5845 v1-

1939 5872 2133 5917 dentur.
