4102 6306
649 372 719 428 39
1429 360 1487 417 S.
1524 358 1804 418 JOANNIS
1838 357 1972 413 Cllll
1982 352 2227 412 γςοετῡ

2354 351 2668 411 ARCIIIEP.
2710 354 3243 414 CONSTANTINOP.
3840 362 3902 422 to

646 483 778 540 mihi
804 478 1141 537 subiudicare
1177 475 1518 546 longinquam
1550 471 1897 527 barbarorum
1929 468 2224 540 expeditio-

646 590 789 629 nem.
817 572 899 627 18.
930 569 997 624 Et
1017 572 1311 639 manufacta
1338 565 1509 620 oninia
1528 563 1852 627 abscondent,
1881 564 1967 618 l9.
1996 563 2233 624 Interea-

644 677 717 721 tes
740 682 799 721 ea
831 666 887 719 in
928 677 1169 717 cavernas
1210 676 1273 713 ac
1310 658 1558 712 scissuras
1588 670 1874 727 petrarum,
1904 662 1953 709 et
1977 654 2032 708 in
2061 657 2230 722 foveas

646 774 812 821 terrm,
843 776 876 811 a
905 757 1034 829 [acie
1060 752 1253 809 timoris
1267 749 1509 821 ,Domiui,
1553 758 1603 804 et
1649 764 1683 801 a
1723 748 1887 818 gloria
1914 744 2230 815 fortitudinis

641 856 771 921 ejus,
799 867 914 904 cum
953 845 1224 901 surrexerit
1250 843 1318 897 ad
1344 841 1717 913 percutiendum
1741 847 1943 892 terram.
1977 836 2226 903 Tantum,

644 943 834 1013 inquit,
864 939 1056 1004 aberit,
1083 946 1141 991 ut
1167 949 1354 990 eorum
1380 932 1452 987 dii
1481 930 1675 999 aliquid
1715 928 1833 998 opis
1866 926 2059 982 afferre
2101 941 2228 996 pos-

643 1037 769 1096 sint,
801 1042 856 1085 ut
889 1030 960 1083 illi
994 1030 1265 1084 hominum
1289 1024 1488 1079 auxilio
1512 1036 1647 1093 opus
1671 1020 1901 1076 habituri
1940 1019 2066 1080 sint,
2097 1031 2227 1073 nec-

646 1142 751 1179 nun
778 1124 1017 1177 loci-rum
1038 1120 1222 1184 tutela,
1253 1128 1311 1172 ut
1342 1131 1407 1169 ne
1446 1114 1739 1183 capiantur,
1785 1112 1830 1164 A
1862 1111 1990 1182 facie
2034 1109 2230 1163 timoris

644 1216 872 1277 homini,
905 1224 951 1266 et
990 1229 1022 1267 α
1060 1212 1227 1282 gloria
1270 1207 1580 1281 fortitudinis
1622 1207 1752 1276 ejus,
1800 1220 1914 1257 cum
1956 1202 2229 1256 surrexerit

646 1319 906 1379 percutere
929 1315 1133 1358 terram.
1163 1301 1238 1355 Ne
1265 1300 1384 1369 quis
1406 1298 1549 1353 enim
1574 1296 1915 1350 barbarorum
1944 1291 2227 1361 irruptioni

646 1401 759 1453 lucc
788 1402 1028 1467 imputet,
1061 1409 1194 1448 neve
1223 1394 1491 1447 existimet
1535 1389 1782 1442 timorem
1818 1401 1885 1440 ex
1914 1399 2101 1440 eorum
2127 1398 2227 1453 po-

645 1494 808 1548 tentia
841 1492 1140 1561 provenire,
1192 1499 1496 1541 sermonem
1545 1481 1709 1535 refert
1746 1478 1810 1533 ad
1859 1479 2226 1532 universorum

646 1588 834 1651 Dctnu,
866 1585 1071 1647 dii-ens,
1096 1597 1215 1635 cum
1250 1577 1369 1631 belli
1415 1575 1636 1643 hujusce
1663 1572 1850 1626 ducem
1886 1569 2143 1631 futurum,
2172 1575 2228 1621 et

645 1680 713 1733 ab
756 1694 820 1732 eo
861 1684 1172 1745 potestatem
1205 1686 1324 1727 esse
1368 1670 1418 1723 in
1458 1676 1606 1721 tanto
1653 1664 1887 1735 periculo
1923 1659 2227 1717 vindicandi

644 1771 843 1827 scelera
870 1770 980 1837 jam
1020 1765 1270 1819 admissa.
1299 1762 1389 1817 20.
1432 1758 1532 1814 Die
1564 1759 1696 1812 enim
1738 1756 1830 1809 illa
1875 1755 2037 1824 ejiciet
2078 1752 2226 1805 homo

642 1860 1038 1915 abominationes
1060 1872 1177 1909 suas
1218 1862 1479 1923 argenteas
1516 1862 1565 1904 et
1602 1863 1804 1910 aureas,
1849 1862 1974 1915 quas
2003 1848 2227 1915 fecerunt

642 1956 732 2009 sibi
759 1953 883 2023 ipsis
911 1962 964 2003 ut
990 1950 1258 2002 adorarent
1298 1945 1470 1999 inania
1501 1959 1597 1996 sua
1635 1951 1681 1996 et
1710 1938 2103 2008 vespertilt'ones,
2131 1935 2223 1990 21.

643 2047 712 2099 ad
737 2042 1117 2116 ingrediendum
1147 2040 1199 2092 in
1228 2037 1417 2093 solidas
1437 2046 1624 2107 petras,
1655 2042 1703 2088 et
1721 2034 1773 2086 in
1795 2034 2040 2087 scissuras
2062 2039 2229 2098 petra-

640 2154 755 2193 rum
783 2155 813 2190 a
843 2137 972 2207 facie
994 2134 1185 2187 timoris
1217 2130 1438 2189 Domini,
1467 2140 1510 2182 et
1532 2127 1742 2197 agloria
1762 2122 2075 2195 fortitudinis
2095 2121 2223 2190 ejus,

640 2247 756 2283 cum
783 2229 1109 2282 resurreth
1152 2224 1220 2276 ad
1266 2221 1636 2291 percutiendum
1684 2227 1889 2271 terram.
1936 2215 2077 2270 Satis
2121 2224 2229 2267 Ira-

643 2324 795 2377 dusit
819 2338 933 2386 eos,
964 2319 1252 2374 ostendens
1275 2316 1419 2385 ipsos
1446 2330 1566 2367 eum
1597 2312 1697 2365 diis
1721 2311 1833 2365 suis
1856 2309 2151 2372 delituisse,
2173 2315 2229 2363 et

642 2419 695 2472 in
728 2426 923 2471 terram
967 2429 1026 2468 se
1055 2411 1341 2470 abdidisse.
1392 2423 1563 2477 neque
1601 2405 1840 2460 materia:
1869 2403 2096 2475 pretium
2124 2402 2226 2457 ali-

642 2507 769 2578 quid
813 2506 933 2575 opis
978 2504 1222 2557 conferre
1267 2499 1501 2570 tmtuisse
1550 2496 1857 2551 imminente
1899 2493 2223 2550 calamitate.

645 2602 785 2657 hlnla
816 2614 975 2670 porro
1000 2596 1403 2667 vespertiliones
1434 2592 1658 2652 vocavit.
1686 2589 1800 2644 sive
1835 2586 1907 2642 ob
1950 2586 2229 2641 imbecilli-

643 2703 832 2756 tatem,
861 2691 976 2746 sive
1003 2689 1074 2743 ob
1096 2686 1299 2742 erroris
1325 2683 1591 2744 tenebras,
1618 2690 1674 2736 et
1696 2680 1819 2751 quia
1846 2678 2024 2739 omnia
2053 2692 2083 2731 a
2111 2676 2225 2732 dee-

642 2785 887 2841 monibus
932 2783 1071 2837 clam
1115 2786 1391 2851 geruntur.
1440 2769 1897 2843 Quemadmodum
1941 2769 2086 2826 enim
2127 2781 2224 2822 ve-

641 2875 1038 2946 spertilionibus
1061 2872 1141 2926 sol
1168 2870 1411 2925 inimicus
1435 2875 1516 2920 est
1543 2872 1598 2919 et
1624 2864 1711 2917 lux
1738 2874 1968 2933 quoque,
1996 2874 2101 2914 nox
2126 2872 2226 2914 au-

644 2978 749 3020 tem
777 2977 832 3021 et
854 2965 1087 3019 tenebra:
1107 2961 1291 3016 amica:
1310 2966 1435 3013 sunt
1461 2974 1475 3011 :
1504 2958 1580 3011 sic
1616 2963 1671 3010 et
1702 2953 2055 3018 dminonibns,
2083 2959 2135 3006 et
2161 2950 2228 3007 iis

643 3076 777 3131 quos
802 3060 853 3113 in
878 3070 1115 3112 errorem
1136 3052 1487 3113 deduxerunt,
1514 3046 1744 3117 nequitia
1771 3054 1825 3101 et
1851 3044 2025 3113 iniqua
2045 3042 2225 3096 omnia

644 3151 920 3209 familiaria
950 3157 1072 3203 sunt
1096 3156 1150 3201 et
1173 3146 1364 3211 amica,
1394 3143 1562 3198 virtus
1592 3147 1769 3194 autem
1809 3146 1863 3192 et
1901 3149 2063 3205 Opera
2093 3134 2226 3188 lucis

644 3246 855 3300 inimica
883 3251 1030 3308 sunt,
1063 3240 1230 3310 iisque
1250 3235 1673 3308 splendentibus,
1700 3232 1879 3289 statim
1908 3230 1981 3286 illi
2006 3229 2224 3285 obtenec

645 3339 887 3402 hrantur,
905 3350 1028 3390 cum
1048 3341 1234 3389 contra
1262 3331 1307 3385 is
1326 3330 1415 3399 qui
1437 3329 1631 3383 virtute
1650 3326 1908 3398 praeditus
1931 3324 2061 3378 vivit
2082 3323 2227 3377 nullo

642 3432 825 3486 labore
867 3428 951 3481 vel
991 3426 1185 3481 sudore
1211 3432 1384 3494 egeat.
1418 3420 1630 3478 Sufﬁcit
1662 3419 1804 3474 enim
1842 3428 1901 3472 ut
1944 3418 2031 3472 ille
2059 3430 2225 3485 appa-

642 3532 776 3584 reat,
808 3520 1091 3587 omniaque
1129 3517 1218 3570 illa
1256 3514 1635 3569 dissolvuntur.
1673 3509 1765 3565 22.
1801 3510 2052 3575 Quiescite
2088 3508 2225 3562 vobis

640 3616 702 3669 ub
729 3615 948 3674 homine,
976 3612 1123 3683 cujus
1148 3619 1221 3663 est
1249 3607 1515 3678 respiratio
1538 3606 1591 3659 in
1616 3604 1820 3659 naribus
1842 3604 1951 3674 eius
1983 3619 2002 3657 :
2029 3603 2149 3670 quia
2172 3602 2225 3655 in

642 3724 741 3775 quo
767 3706 890 3774 ipsis
913 3712 1174 3774 reputatus
1197 3709 1269 3754 est
1290 3698 1413 3752 hic?
1441 3697 1536 3751 llic
1556 3696 1685 3751 mihi
1713 3696 1921 3751 videtur
1942 3694 2225 3751 Ezechiam

640 3796 997 3856 subimlicare,
1025 3794 1113 3863 qui
1146 3807 1254 3861 prae
1281 3792 1471 3844 timore
1500 3798 1557 3843 et
1594 3801 1795 3857 angore
1833 3796 2101 3843 extremos
2128 3785 2225 3840 ba-

642 3890 768 3945 litus
795 3885 1026 3938 alllahat.
1064 3883 1196 3949 Quia
1226 3882 1382 3949 igitur
1422 3879 1630 3933 barbari
1666 3894 1787 3933 eum
1832 3878 1983 3948 quasi
2024 3878 2227 3932 retibus

644 3980 994 4044 interceptum
1041 3973 1316 4038 habentes,
1367 3980 1602 4039 paratam
1632 3970 1731 4024 sibi
1762 3969 1995 4039 prmdam
2041 3978 2225 4023 tenere

645 4068 919 4139 putahant,
947 4082 1116 4135 neque
1142 4064 1242 4117 sibi
1276 4064 1454 4117 labore
1483 4076 1619 4130 opus
1647 4077 1765 4116 esse
1793 4061 1861 4116 ad
1904 4061 2089 4117 urbem
2130 4075 2225 4115 ea-

645 4160 913 4234 piendam,
953 4168 1008 4213 et
1029 4173 1152 4213 eum
1177 4157 1442 4224 captivum
1476 4154 1865 4218 abducendmn,
1895 4155 2223 4208 emitrarium

644 4252 886 4308 barbaris
908 4250 1118 4305 accidit.
1153 4248 1276 4303 Ideo
1302 4247 1396 4309 ait,
1438 4246 1689 4313 Quiescite
1722 4245 1784 4297 ab
1818 4247 2039 4311 homine,
2078 4247 2227 4315 cujus

642 4357 715 4401 est
738 4344 1007 4414 respiratio
1028 4343 1079 4395 in
1107 4339 1314 4394 naribus
1342 4339 1452 4409 ejus
1478 4353 1497 4392 :
1520 4338 1641 4407 quia
1663 4337 1715 4390 in
1739 4352 1837 4407 quo
1863 4338 1985 4405 ipsis
2022 4348 2228 4408 reputa-

643 4448 724 4491 nts
774 4447 846 4490 est
886 4435 1006 4489 hic?
1041 4434 1095 4488 Id
1129 4443 1232 4499 est,
1262 4433 1314 4487 in
1361 4430 1515 4486 nullo
1559 4438 1829 4499 reputatus
1876 4436 1977 4483 est.
2014 4428 2225 4483 Etenim

646 4530 797 4602 quasi
828 4545 923 4598 per
947 4528 1317 4583 excursionem
1345 4539 1405 4579 se
1429 4522 1608 4577 omnia
1632 4522 1937 4576 sublaturos
1956 4535 2077 4576 esse
2101 4535 2221 4591 spe-

648 4621 873 4684 rabant;
905 4618 999 4672 sed
1024 4618 1351 4671 contrarium
1381 4629 1599 4684 prorsus
1627 4612 1858 4677 accidit;
1889 4619 1944 4665 et
1971 4610 2059 4679 qui
2086 4625 2117 4665 a
2139 4626 2230 4664 vo-

650 4715 733 4768 bis
763 4728 858 4782 pro
899 4711 1065 4766 nihilo
1094 4709 1433 4780 reputabatnr
1459 4716 1874 4778 espugnatuque
1904 4704 2094 4769 facilis,
2134 4705 2229 4761 Dei

647 4806 850 4869 auxilio
877 4808 1061 4871 frctus,
1092 4803 1329 4858 omnium
1351 4800 1815 4870 splendidissimus
1840 4800 2135 4870 apparebit.

1271 4934 1496 4991 CAPUT
1534 4935 1622 4989 lll.

649 5062 698 5111 l.
734 5054 865 5109 Ecce
892 5052 1191 5106 Dominator
1221 5049 1468 5103 Dominus
1498 5048 1722 5108 Sabaoth
1744 5052 1937 5119 auferet
1967 5047 2231 5102 deludam

932 5155 979 5199 et
1004 5144 1066 5197 de
1089 5141 1375 5196 Jerusalem
1395 5141 1613 5193 validum
1640 5151 1685 5193 et
1706 5140 1947 5193 validam.

721 5261 771 5313 1.
817 5254 1273 5325 Quemadmodum
1301 5254 1532 5324 optimus
1578 5252 1834 5318 medicus,
1866 5251 2027 5306 modo
2049 5266 2230 5319 urens,

654 5351 813 5406 modo
838 5364 1048 5415 secans,
1077 5348 1237 5403 modo
1265 5362 1441 5401 amara
1486 5344 1716 5399 all'ercns
1736 5344 1991 5406 remedia,
2015 5353 2235 5411 aegroto-

652 5459 769 5497 rum
822 5443 1033 5498 sanitati
1082 5449 1197 5495 arte
1227 5439 1615 5510 prospicit;sic
1660 5448 1712 5489 et
1764 5437 2021 5506 benignus
2070 5437 2231 5503 Deus,

655 5536 817 5592 variis
848 5543 900 5588 et
923 5535 1149 5589 diversis
1169 5532 1461 5601 suppliciis,
1491 5530 1631 5600 quod
1656 5529 1931 5585 difﬂuebat
1951 5539 2005 5584 et
2026 5530 2231 5597 lapsum

649 5632 766 5677 erat
788 5625 929 5692 apud
975 5626 1191 5682 Judaws
1226 5625 1617 5693 constringens,
1679 5622 1839 5677 modo
1887 5622 2235 5678 barbarorum

652 5715 955 5772 incursione
1003 5721 1239 5787 ingratos
1300 5718 1588 5781 terrefacit,
1637 5717 1797 5772 modo
1844 5726 1970 5770 ante
2024 5715 2235 5771 illorum

657 5811 984 5867 invasionem
1008 5814 1123 5869 aliis
1153 5811 1275 5871 illos
1301 5812 1818 5870 interminationilms
1846 5812 2106 5881 reprimit,
2131 5811 2234 5865 mi-

2338 483 2528 523 narum
2554 471 2811 527 varietate
2840 472 3138 527 imminenti
3187 471 3471 529 formidine
3495 472 3749 532 continuo
3791 491 3899 547 per-

2336 562 2563 619 cellens.
2589 564 2741 620 Nunc
2770 566 2948 637 itaque
2978 568 3341 622 inlirmitatem
3368 568 3501 638 ipsis
3523 568 3897 641 imerminatur,

2336 664 2391 710 et
2415 654 2609 711 famem
2630 665 2685 712 et
2705 657 3023 722 siccitatem,
3055 673 3162 714 non
3205 658 3425 729 quidem
3442 674 3625 717 rerum
3670 676 3896 718 necessa-

2334 748 2558 813 riarum,
2592 748 2687 804 sed
2711 765 2895 805 earum
2924 765 3044 821 qua:
3080 765 3187 806 non
3217 750 3393 806 minus
3416 760 3557 821 aptae
3580 760 3703 808 sunt
3734 753 3795 807 ad
3836 755 3898 807 vi-

2337 850 2443 895 tam
2494 841 2941 898 conservandam.
2969 841 3089 897 Non
3121 842 3265 897 enim
3313 841 3482 898 fames
3525 842 3695 898 solum
3747 847 3901 914 gravis

2333 940 2438 1000 est,
2460 932 2555 989 sed
2575 948 2736 1004 grave
2760 935 2919 989 etiam
2945 942 3028 989 est
3053 948 3177 989 cum
3196 934 3372 989 nullus
3398 933 3555 990 adest
3573 936 3665 1005 qui
3708 951 3901 1003 rempu-

2333 1023 2526 1081 blicam
2551 1024 2914 1090 administret;
2945 1025 2994 1079 id
3020 1024 3161 1096 quod
3191 1040 3372 1080 rerum
3389 1024 3602 1095 capiam
3630 1024 3763 1081 fame
3800 1041 3899 1080 mo.

2334 1117 2607 1174 lestiorem
2633 1118 2859 1174 reddere
2883 1119 3041 1175 solet.
3071 1117 3209 1185 Quid
3239 1119 3381 1173 enim
3410 1119 3657 1173 utilitatis
3675 1127 3753 1173 est
3795 1134 3896 1174 cum

2331 1228 2431 1269 ceu
2451 1228 2517 1269 ex
2543 1213 2774 1269 fontibus
2792 1213 2971 1268 omnia
2997 1212 3171 1267 ﬂuunt
3191 1254 3206 1277 ,
3227 1212 3274 1268 si
3301 1212 3476 1267 civilia
3500 1212 3640 1268 bella
3660 1214 3898 1277 oriantur,

2331 1313 2386 1361 et
2413 1320 2559 1360 mare
2585 1305 2919 1369 intumescat,
2955 1304 3449 1372 insanientibusque
3476 1302 3724 1358 ﬂuctibus
3747 1319 3898 1372 neipio

2330 1399 2673 1468 gubernator,
2704 1413 2877 1468 neque
2938 1397 3004 1452 ad
3048 1413 3259 1467 proram
3297 1398 3517 1464 sedens,
3573 1413 3743 1468 neque
3779 1398 3897 1453 alius

2332 1492 2594 1561 quispiam
2644 1490 2781 1545 adsit
2827 1490 2916 1560 qui
2959 1490 3128 1560 possit
3170 1490 3505 1559 negotiorum
3554 1499 3900 1559 tempestatem

2332 1582 2584 1651 dirigere,
2604 1590 2658 1636 et
2712 1582 3145 1650 tranquillitatem
3176 1578 3511 1635 conciliare?
3546 1578 3765 1647 Quando
3811 1593 3896 1633 au-

2333 1683 2438 1729 tem
2469 1688 2590 1728 cum
2621 1672 2705 1728 his
2744 1673 2909 1728 fames
2956 1674 3118 1728 etiam
3164 1672 3354 1743 adest,
3399 1672 3574 1742 cogita
3622 1680 3806 1741 quanta
3846 1670 3903 1724 sit

2331 1766 2591 1821 malorum
2611 1763 2801 1820 moles.
2842 1765 2965 1819 lltec
2988 1766 3161 1834 itaque
3174 1768 3350 1819 omnia
3372 1763 3731 1818 comminatur
3750 1763 3896 1815 Deus:

2331 1858 2667 1928 primumque
2690 1865 2775 1913 est
2792 1857 3028 1911 omnium
3056 1856 3456 1926 gravissimum.
3484 1852 3618 1908 Ecce
3644 1856 3802 1919 enim,
3833 1854 3902 1908 in-

2330 1951 2464 2020 quit,
2518 1948 2817 2003 Dominator
2846 1947 3091 2002 Dominus
3122 1930 3384 2002 .Sabaotlt.
3418 1945 3530 2000 Hac
3576 1960 3723 2011 voce,
3769 1943 3900 2009 Ecce,

2330 2056 2474 2111 ωερε
2499 2041 2769 2111 propheta:
2791 2050 3028 2097 utuntur.
3060 2038 3275 2109 quando
3303 2037 3608 2092 auditorem
3635 2037 3702 2092 de
3751 2036 3896 2091 rebus

2330 2149 2449 2204 qua:
2474 2133 2678 2196 dicunt,
2708 2133 2993 2187 certiorem
3015 2131 3187 2186 facere
3200 2129 3406 2184 volunt.
3437 2128 3555 2183 Non
3583 2128 3670 2183 hic
3690 2134 3899 2188 tantum.

2330 2228 2421 2283 sed
2449 2228 2607 2281 etiam
2649 2225 2894 2297 superius
2919 2234 2973 2277 et
2997 2240 3025 2277 a
3058 2222 3314 2293 principio
3344 2221 3528 2276 videre
3558 2230 3661 2287 est,
3702 2231 3897 2290 peccata

2330 2334 2644 2391 corpoream
2698 2319 3057 2373 infirmitatem
3112 2332 3257 2387 szepe
3319 2314 3684 2386 praecessisse,
3754 2322 3807 2368 ut
3856 2311 3901 2365 in

2331 2412 2462 2467 Cain
2495 2429 2511 2465 :
2540 2411 2664 2481 quia
2680 2410 2829 2466 enim
2853 2410 3045 2463 robore
3069 2408 3309 2477 corporis
3338 2421 3444 2461 non
3471 2414 3626 2461 recte
3653 2419 3775 2460 usus
3811 2411 3901 2465 est.

2324 2501 2444 2571 jure
2468 2502 2521 2556 in
2552 2501 2837 2572 paralysim
2890 2499 3094 2555 incidit.
3123 2499 3213 2555 Sic
3235 2498 3394 2553 etiam
3419 2499 3468 2553 ei
3510 2497 3601 2567 qui
3646 2496 3712 2550 ad
3761 2497 3898 2566 pisci-

2330 2610 2452 2649 nam
2479 2594 2701 2649 scdebat
2724 2610 2738 2647 :
2761 2593 2882 2662 quia
2924 2592 3181 2663 paralysis
3208 2591 3359 2660 origo
3392 2600 3610 2658 peccata
3641 2597 3803 2651 erant,
3840 2588 3903 2640 ait

2328 2688 2573 2744 Christus
2600 2706 2613 2743 :
2643 2685 2778 2741 Ecce
2799 2702 2952 2741 sanus
2977 2689 3143 2756 factus
3182 2700 3256 2748 es,
3307 2684 3415 2738 noli
3460 2684 3685 2753 amplius
3714 2697 3900 2751 peccms

2329 2779 2523 2851 (Joan.
2548 2780 2602 2836 5.
2630 2780 2697 2835 ﬂ
2718 2778 2757 2852 ).
2786 2778 2979 2833 Paulus
2998 2791 3208 2848 quoque
3230 2776 3305 2831 ait
3326 2792 3342 2830 :
3371 2774 3503 2829 Ideo
3521 2774 3658 2846 apud
3678 2790 3759 2828 vos
3779 2772 3899 2825 utul-

2329 2876 2365 2928 ti
2386 2875 2574 2942 inﬁrmi
2596 2874 2683 2944 (1.
2717 2873 2837 2928 (.‘or.
2868 2872 2953 2927 11.
2982 2871 3053 2926 50
3078 2870 3119 2942 );
3139 2871 3260 2940 quia
3292 2867 3609 2940 peccabant,
3630 2867 3765 2937 quod
3802 2880 3893 2917 non

2328 2982 2459 3037 pura
2489 2966 2811 3021 conscientia
2843 2964 3216 3036 mysteriorum
3244 2960 3536 3030 participes
3559 2965 3752 3014 essent.
3781 2954 3898 3010 For-

2329 3058 2588 3114 nicarium
2617 3072 2828 3129 quoque
2873 3055 3165 3111 inﬁrmitati
3216 3052 3457 3123 corporis
3489 3052 3652 3108 tradit
3672 3093 3688 3118 ,
3715 3050 3803 3104 has
3841 3048 3900 3102 de

2328 3152 2563 3222 peccatis
2609 3164 2792 3221 pinnas
2837 3157 3107 3218 repetens.
3134 3145 3315 3216 Neque
3334 3153 3514 3199 tamen
3541 3158 3747 3214 semper
3766 3138 3899 3199 infir-

2328 3245 2487 3299 mitas
2521 3252 2602 3299 est
2648 3250 2981 3313 peccatorum
3029 3240 3194 3304 ultio,
3237 3237 3333 3294 sed
3382 3236 3671 3308 aliquando
3706 3247 3900 3290 curante

2331 3336 2551 3391 materia
2569 3346 2671 3400 est,
2706 3344 2764 3389 ut
2806 3334 2858 3388 in
2890 3333 3093 3388 Lazaro
3141 3330 3275 3386 etin
3308 3328 3465 3385 Jobo.
3542 3327 3651 3384 Nec
3694 3323 3897 3381 infirmi-

2330 3438 2466 3483 tates
2493 3437 2717 3493 tantum,
2748 3425 2841 3481 sed
2868 3435 2922 3480 et
2949 3424 3052 3478 alia
3080 3421 3321 3491 corporis
3366 3418 3704 3474 incommoda
3729 3432 3758 3471 a
3787 3430 3897 3485 pec-

2328 3521 2461 3575 catis
2508 3526 2630 3574 orta
2677 3529 2822 3583 sunt,
2848 3525 2907 3571 ut
2935 3514 3077 3571 Ozia:
3123 3514 3292 3583 lepra,
3340 3512 3411 3567 ob
3447 3512 3616 3566 animi
3643 3506 3897 3579 impuden-

2332 3614 2457 3673 tiam
2479 3652 2496 3678 ,
2528 3620 2587 3666 ut
2614 3608 2916 3665 Jeroboami
2946 3606 3087 3678 regis
3113 3619 3301 3660 manus
3324 3602 3630 3658 ariditatem
3668 3610 3899 3672 perpessa

2329 3717 2451 3774 est,
2504 3705 2576 3761 ob
2642 3704 2996 3774 arrogantiam
3044 3708 3099 3755 et
3159 3696 3466 3767 superbiam
3529 3694 3668 3765 ejus.
3718 3692 3899 3760 Lingua

2330 3814 2543 3871 quoque
2593 3796 2866 3852 Zachariae
2910 3809 3017 3849 non
3068 3789 3281 3845 aliunde
3310 3789 3469 3859 ligata
3493 3796 3581 3842 est
3597 3788 3637 3853 ‘,
3664 3798 3814 3855 quam
3839 3779 3900 3834 ob

2328 3895 2520 3949 animae
2568 3899 2863 3963 peccatum.
2907 3887 3165 3954 Quoniam
3197 3883 3354 3952 igitur
3387 3879 3591 3937 Judzeis
3617 3880 3749 3934 bona
3771 3873 3899 3928 valeo

2330 3986 2459 4041 tudo
2509 3993 2565 4039 et
2608 3983 2775 4038 robur
2826 3979 3087 4049 corporis,
3143 3989 3337 4044 resque
3390 3986 3704 4043 prosperae,
3766 3979 3902 4020 arro-

2329 4080 2520 4150 gantia:
2570 4076 2783 4131 occasio
2827 4073 3057 4136 fuerant,
3102 4067 3419 4138 arrogantia:
3443 4064 3681 4121 radicem
3711 4060 3902 4115 subtra-

2330 4177 2408 4227 xit
2460 4173 2634 4235 Deus,
2685 4164 3166 4223 commonefaciens
3228 4161 3347 4215 illos
3399 4168 3454 4214 et
3503 4158 3572 4213 ad
3639 4156 3898 4211 meliorem

2330 4265 2532 4334 frugem
2561 4261 2842 4323 reducens,
2863 4258 3171 4328 maioraque
3195 4253 3349 4318 dans,
3379 4265 3539 4321 quam
3593 4249 3721 4320 ipsis
3762 4240 3900 4299 ante

2331 4357 2499 4410 rebat.
2523 4352 2660 4419 Quid
2695 4351 2837 4407 enim
2881 4344 3191 4403 detrimenti
3219 4350 3337 4398 erat
3361 4355 3590 4411 corpore
3632 4346 3897 4409 zegrOtare.

2330 4448 2375 4501 si
2404 4445 2529 4499 hinc
2556 4442 2921 4498 institueretur
2975 4436 3193 4491 anima?
3226 4433 3423 4488 Deinde
3452 4446 3521 4485 ne
3566 4433 3809 4500 putarent
3849 4420 3898 4476 id

2330 4554 2397 4594 ex
2418 4546 2625 4592 natura:
2654 4532 2960 4589 inﬁmitate
2991 4528 3303 4600 procedere,
3332 4525 3383 4579 id
3424 4533 3739 4579 eventurum
3788 4528 3904 4587 pro-

2332 4630 2489 4701 pheta
2522 4625 2787 4698 praedixit,
2832 4637 3004 4692 neque
3054 4621 3196 4675 viros
3234 4627 3437 4673 tantum
3490 4615 3653 4670 minis
3705 4608 3905 4672 terruit,

2334 4721 2425 4776 sed
2454 4734 2662 4790 penam
2692 4715 3007 4771 mulieribus
3036 4726 3244 4782 quoque
3270 4707 3583 4773 transmisit,
3616 4706 3737 4776 quia
3774 4710 3907 4756 uter-

2330 4826 2436 4883 que
2467 4826 2625 4866 sesus
2651 4817 2931 4878 corruptus
2968 4812 3102 4869 erat,
3131 4812 3187 4858 et
3215 4802 3267 4855 in
3320 4812 3605 4869 progressu
3658 4796 3727 4850 ad
3774 4793 3908 4862 ipsas

2334 4906 2585 4959 mulieres
2611 4914 2910 4957 sermonem
2938 4897 3135 4967 dirigit.
3162 4903 3237 4960 et,
3262 4894 3331 4949 ob
3356 4891 3586 4947 absurda
3628 4886 3903 4945 admodum

2332 5005 2499 5067 gesta,
2531 4994 2752 5049 crimina
2779 4992 2907 5061 ipsis
2929 4990 3101 5053 ofl’ert,
3130 5002 3249 5059 quze
3277 4986 3460 5042 urbem
3484 4988 3651 5057 ipsam
3671 4997 3700 5037 a
3722 4976 3907 5036 funda-

2337 5088 2528 5143 mentis
2575 5086 2873 5141 diruerant.
2908 5081 3030 5137 Ideo
3059 5080 3176 5135 illas
3218 5077 3514 5148 pestilentia
3550 5073 3776 5143 allligit:
3824 5084 3906 5139 pe-

2337 5180 2623 5234 stilentiam
2650 5176 2793 5231 enim
2834 5173 2963 5228 mihi
2993 5170 3329 5227 subindicare
3357 5167 3564 5222 videtur
3588 5180 3707 5221 cum
3749 5163 3907 5219 dicit:

2337 5270 2578 5340 Auferam
2600 5266 2856 5322 robustum
2879 5272 2925 5319 ct
2945 5263 3233 5325 robustam;
3259 5259 3343 5315 vel
3390 5259 3553 5313 alium
3601 5267 3907 5325 corporequ

2341 5362 2582 5416 morbum
2610 5358 2934 5414 medicorum
2959 5354 3059 5408 arti
3101 5368 3205 5407 non
3234 5350 3533 5407 cedentem.
3567 5347 3725 5402 Tales
3771 5345 3911 5398 enim

2338 5464 2463 5509 sunt
2511 5452 2603 5505 Dei
2634 5452 2817 5521 plagae.
2851 5447 3025 5501 Robur
3051 5445 3196 5513 panis
3231 5452 3278 5497 et
3313 5442 3468 5496 robur
3490 5453 3653 5509 aqua.
3699 5433 3911 5490 Gravis.

2341 5546 2474 5600 sima
2516 5544 2629 5597 haec
2668 5541 2899 5596 vindicta
2926 5548 3029 5603 est,
3056 5535 3268 5607 quando
3300 5550 3405 5589 non
3439 5534 3604 5602 ipsam
3631 5527 3764 5582 tollit
3790 5523 3912 5579 sub-

2340 5640 2609 5703 stantiam,
2639 5634 2732 5691 sed
2754 5633 2857 5689 vim
2886 5648 2950 5688 ex
2976 5646 3037 5688 ea
3070 5629 3242 5684 aufert
3270 5628 3524 5690 innatam,
3553 5624 3622 5679 ita
3655 5630 3713 5677 ut
3739 5618 3819 5675 vel
3844 5629 3905 5669 ex

2399 5820 2415 5849 ¹
2440 5816 2587 5865 Juxta
2612 5814 2737 5875 Reg.
2762 5815 2815 5859 et
2834 5811 2943 5859 Sav.
2973 5805 3172 5870 legitur,
3198 5770 3365 5854 edorta
3401 5804 3489 5856 est.
3519 5810 3623 5860 pro,
3647 5792 3795 5857 ligula
3812 5794 3895 5838 est.
