4102 6306
251 407 300 461 u
1528 395 1590 449 IN
1628 393 1848 450 ISAIAM

1958 394 2060 452 AP.
2100 393 2190 454 ill.
3456 398 3528 456 ιε

251 525 352 591 ipso
377 528 602 588 aspectu
625 519 949 573 crucientur
974 530 1259 584 numquam
1285 514 1478 573 satiati,
1524 523 1578 565 et
1602 512 1723 564 hinc
1749 513 1831 565 in-

252 613 471 681 telligant
493 628 525 665 a
557 611 675 665 Deo
710 612 1009 677 immissaqt
1038 610 1198 663 fuisse
1227 609 1374 660 iram.
1404 608 1457 659 2.
1492 605 1753 675 Gigantem
1793 614 1837 657 et

256 714 509 775 potmlm.
548 702 844 774 (ligantem
896 718 1108 772 semper
1158 702 1425 770 Scriptura
1477 700 1665 753 fortem
1702 699 1839 752 solet

258 810 452 855 vocare,
477 794 567 849 vel
599 809 730 848 eum
759 794 851 861 qui
878 793 1219 862 proportione
1260 791 1615 845 membrorum
1660 789 1839 841 multis

262 884 550 941 antecellat.
586 883 808 938 Etenim
835 885 890 937 in
932 884 1219 947 creatione,
1244 896 1365 936 cum
1391 880 1539 946 dicit,
1588 878 1659 932 lli
1699 888 1840 932 erant

260 981 495 1050 gigantes,
550 978 784 1031 homines
848 976 1091 1029 nominati
1132 972 1297 1047 (Gen.
1329 970 1497 1042 6.4),
1554 987 1657 1025 non
1698 970 1839 1023 aliud

262 1087 421 1142 genus
458 1069 625 1125 fuisse
675 1069 827 1133 dicit,
857 1068 952 1122 sed
998 1067 1177 1129 fortes,
1210 1066 1475 1127 robustos,
1519 1072 1576 1119 et
1625 1073 1840 1124 vegetos

263 1162 411 1216 nobis
431 1159 758 1214 subindicat.
787 1158 855 1212 Et
883 1158 1131 1212 hominem
1168 1156 1461 1210 bellatorem
1502 1164 1547 1207 et
1591 1154 1836 1224 judicent.

264 1252 598 1309 Intolerabile
622 1250 965 1320 supplicium,
997 1259 1049 1303 et
1076 1248 1160 1301 illa
1188 1262 1306 1317 quae
1330 1246 1469 1299 dicta
1505 1254 1627 1297 sunt
1667 1256 1842 1297 extre-

264 1362 362 1400 mae
389 1344 644 1414 perniciei
664 1353 788 1397 sunt
820 1348 1188 1411 argumentum
1208 1378 1224 1404 ,
1252 1354 1388 1409 qum,
1419 1336 1679 1392 stantibus
1729 1352 1844 1388 mu-

264 1438 338 1491 ris
360 1446 416 1491 et
442 1435 700 1497 turribus,
736 1434 925 1489 urbem
974 1433 1178 1502 possint
1204 1447 1322 1484 cum
1364 1430 1565 1485 civibus
1614 1429 1841 1483 inimicis

264 1525 754 1582 dedere.Tutamen
769 1522 968 1593 quippe
986 1522 1190 1578 urbium
1211 1539 1311 1578 non
1330 1522 1380 1576 in
1395 1516 1843 1593 lapidibusJignis

266 1628 317 1672 et
334 1618 502 1687 septis
536 1617 697 1670 situm
731 1626 834 1679 est,
856 1614 951 1670 sed
982 1614 1033 1666 in
1074 1612 1347 1682 prudentia
1373 1610 1586 1674 civium,
1610 1609 1843 1679 quicum

267 1711 397 1765 tales
415 1708 636 1772 adsunt,
666 1709 826 1762 etiam
848 1714 1111 1775 prasente
1137 1706 1306 1771 hoste,
1356 1704 1519 1758 tutius
1557 1718 1714 1773 quam
1740 1717 1843 1756 cte-

270 1812 377 1856 tera
426 1800 610 1854 omnia
668 1800 834 1868 ipsam
888 1798 1130 1851 muniunt
1160 1815 1172 1849 :
1202 1812 1322 1852 cum
1347 1807 1523 1850 autem
1559 1797 1593 1850 ii
1630 1796 1841 1859 absunt,

268 1895 421 1947 etiam
455 1892 675 1945 nemine
722 1900 964 1959 urgente,
1006 1888 1332 1943 miseriorem
1376 1887 1520 1942 illam
1585 1889 1839 1944 exhibent

271 1998 420 2052 quam
451 1983 497 2034 si
526 1982 880 2036 obsideretur.

334 2073 388 2125 2.
430 2073 616 2142 Itaque
656 2082 710 2127 et
752 2072 870 2126 illos
915 2080 970 2124 et
1011 2071 1276 2125 auditores
1313 2085 1499 2126 omnes
1542 2085 1645 2123 non
1684 2084 1847 2138 parvo

273 2166 623 2236 philosophias
665 2166 985 2219 documento
1023 2166 1205 2219 imbuit
1232 2166 1507 2233 propheta,
1535 2164 1763 2219 suadens
1791 2174 1848 2219 ut

273 2275 335 2312 ne
371 2272 624 2326 umquam
674 2258 724 2309 in
776 2256 1136 2325 magnitudine
1205 2255 1353 2311 urbis
1424 2271 1572 2324 spem
1618 2264 1838 2325 ponant,

271 2363 361 2402 nec
400 2348 453 2401 in
505 2346 665 2399 vallis
693 2354 747 2399 et
770 2346 1066 2411 machinis,
1110 2345 1203 2399 sed
1229 2346 1280 2398 in
1308 2346 1440 2415 frugi
1470 2348 1704 2401 virorum
1742 2348 1848 2401 vir-

271 2448 391 2491 tute.
420 2437 546 2491 lllos
592 2437 754 2506 igitur
788 2437 1034 2490 territans
1056 2436 1145 2499 ait,
1178 2436 1347 2504 ipsum
1374 2451 1493 2490 eam
1523 2437 1684 2491 tutela
1701 2438 1849 2491 omni

268 2528 647 2581 destitutarum
691 2540 831 2587 esse,
876 2541 980 2579 non
1008 2524 1163 2578 modo
1190 2525 1396 2580 bellica:
1422 2526 1497 2581 rei
1527 2527 1727 2595 peritos
1750 2542 1847 2581 att-

270 2620 502 2683 lereudo,
534 2618 631 2672 sed
660 2618 821 2695 etiam
846 2617 1085 2687 judices,
1113 2618 1201 2687 qui
1232 2632 1336 2671 non
1364 2617 1535 2672 minus
1555 2619 1743 2688 juvant
1770 2620 1849 2674 ci-

276 2713 452 2765 vitates
495 2725 658 2779 quam
703 2709 1024 2774 bellatores,
1071 2707 1195 2763 dum
1240 2724 1424 2779 parem
1477 2720 1696 2779 curant,
1743 2713 1850 2766 imo

268 2818 403 2870 saepe
453 2799 791 2854 imminentia
836 2799 974 2852 bella
1006 2799 1374 2867 ‘propulsant.
1428 2800 1491 2854 lli
1540 2802 1680 2855 enim
1729 2816 1849 2855 cum

270 2893 567 2963 frequenter
597 2908 631 2945 a
662 2892 847 2945 radice
876 2902 1209 2960 peceatorqu
1239 2893 1497 2957 oriantur,
1541 2894 1652 2947 fieri
1679 2903 1853 2962 potest

272 2998 326 3043 ut
346 2989 519 3056 legum
532 2984 811 3048 custodes,
839 2998 1038 3053 eosque
1062 2984 1150 3052 qui
1169 2983 1273 3052 juri
1299 2984 1525 3039 dicundo
1545 3000 1667 3039 cum
1687 2986 1851 3055 tequi-

269 3093 373 3136 tate
413 3077 731 3148 pmsident,
774 3077 999 3144 plurima
1042 3088 1255 3145 peccata
1294 3076 1678 3144 reprimentes,
1725 3076 1845 3131 belli

274 3184 481 3223 causam
524 3168 792 3221 auferant.
840 3167 947 3221 Cur
986 3182 1114 3237 ergo
1154 3168 1293 3221 Deus
1328 3182 1423 3222 eos
1450 3170 1695 3221 amovet?
1721 3168 1850 3233 Quia

272 3261 373 3313 illis
414 3257 767 3327 praesentibus
810 3271 920 3311 non
965 3265 1024 3311 ut
1067 3257 1342 3325 oportebat
1370 3258 1447 3311 usi
1479 3266 1621 3311 sunt.
1654 3258 1852 3325 Quem-

274 3351 561 3404 admodum
598 3350 740 3404 enim
782 3348 1033 3404 salutaria
1061 3350 1175 3418 ejus
1204 3349 1447 3418 dogmata
1485 3350 1703 3403 multam
1728 3349 1854 3403 alic-

276 3442 471 3496 rcbant
498 3441 817 3496 audientibus
848 3442 1158 3505 utilitatem,
1205 3440 1400 3495 Judaeis
1428 3452 1602 3494 autem
1636 3442 1849 3494 concio-

279 3552 443 3599 nans,
474 3536 611 3589 dicta
636 3552 723 3589 sua
743 3536 1065 3591 obscuritate
1089 3535 1248 3587 multa
1277 3534 1594 3597 involvebat,
1627 3534 1746 3602 quia
1778 3534 1849 3587 illi

275 3628 442 3682 dictis
463 3643 569 3681 non
594 3627 921 3682 attendebant
949 3643 963 3680 :
994 3627 1064 3679 ita
1093 3625 1205 3680 bmc
1229 3625 1364 3679 dona
1388 3641 1479 3679 sua
1513 3640 1852 3693 magna,qu:e

276 3719 509 3774 multam
534 3719 682 3772 nobis
709 3721 925 3773 salutem
950 3716 1254 3779 conferunt,
1282 3718 1346 3771 de
1375 3717 1550 3771 medio
1577 3732 1717 3785 saepe
1748 3717 1852 3773 tol-

277 3813 338 3864 lit
357 3854 374 3877 ,
420 3826 545 3865 cum
576 3810 608 3863 ii
639 3811 723 3879 qui
751 3811 1015 3879 accipiunt
1041 3808 1172 3861 nihil
1204 3809 1327 3862 hinc
1356 3808 1555 3862 fruetus
1582 3809 1854 3876 percipere

274 3905 478 3958 volunt.
514 3902 582 3956 Et
608 3902 901 3972 prop/telam
923 3910 971 3954 et
995 3901 1343 3969 conjeclorem.
1377 3899 1491 3954 Non
1517 3915 1733 3967 parvum
1759 3915 1855 3952 au-

278 4005 382 4049 tem
410 3996 505 4049 ira:
528 4008 699 4063 genus
722 4002 809 4048 est
833 4008 954 4047 eum
985 3993 1276 4062 prephetize
1314 3992 1583 4046 deficiunt.
1632 3991 1854 4058 Quando

278 4086 432 4153 igitur
476 4084 758 4154 Iudaicum
799 4084 1046 4154 populum
1098 4085 1238 4138 Deus
1273 4084 1340 4137 ob
1381 4093 1593 4151 peccata
1626 4084 1851 4137 filiorum

282 4177 393 4230 Ilcli
447 4186 729 4231 aversatus
778 4185 879 4240 est,
923 4176 1097 4246 obque
1149 4174 1497 4229 multitudinis
1540 4175 1850 4243 nequitiam,

278 4270 466 4325 defecit
511 4268 792 4339 prophetia
824 4286 837 4322 :
878 4268 1094 4321 Verbum
1116 4268 1260 4323 enim
1286 4309 1300 4333 ,
1341 4268 1526 4335 inquit,
1584 4268 1853 4336 pretiosum

277 4373 396 4427 crat,
438 4374 484 4416 et
512 4380 616 4416 non
648 4371 755 4415 erat
782 4362 905 4416 visio
927 4362 1234 4430 distinguens
1272 4362 1348 4431 (1.
1381 4359 1503 4428 Reg.
1530 4360 1583 4413 5.
1610 4360 1684 4429 ί).
1728 4358 1855 4413 Pre-

275 4456 475 4518 tiosam,
525 4454 580 4508 id
630 4463 749 4515 est,
800 4467 975 4505 rarum
1017 4462 1152 4505 erat.
1205 4451 1273 4505 Et
1315 4450 1413 4504 sub
1448 4450 1574 4503 Ozia
1627 4449 1853 4518 idipsum

275 4545 461 4597 accidit
488 4561 505 4598 :
534 4557 716 4612 neque
744 4542 885 4596 enim
912 4542 1031 4596 hinc
1051 4546 1294 4611 exiguum
1322 4540 1545 4594 fructum
1567 4539 1851 4608 cepissent,

273 4636 316 4687 si
347 4636 668 4689 voluissent.
699 4632 832 4687 Nam
861 4633 1038 4686 divina
1064 4633 1319 4697 ediscere,
1344 4640 1398 4686 et
1418 4632 1485 4685 ad
1516 4630 1689 4686 futura
1718 4634 1854 4687 mala

276 4728 581 4797 μεμε-πῖ,
612 4726 685 4781 de
713 4726 930 4780 incertis
951 4725 1111 4780 rebus
1136 4739 1386 4794 reSponsa
1410 4727 1669 4795 accipere,
1689 4741 1857 4795 quan-

273 4818 461 4873 donam
487 4819 743 4872 inimicos
759 4815 1008 4870 invadere
1033 4827 1292 4883 oporteat,
1321 4815 1533 4885 quando
1560 4816 1853 4885 quiescere,

276 4909 538 4978 qnemodo
588 4908 767 4962 tristia
815 4906 993 4960 omnia
1039 4907 1323 4976 depellere,
1365 4908 1585 4961 multam
1628 4907 1756 4976 ipsis
1790 4906 1856 4961 ad

275 5006 491 5061 salutem
522 5004 795 5059 alferebat
822 5000 1155 5056 facilitatem.
1202 5001 1395 5056 Verum
1430 5001 1552 5070 quia
1580 5016 1697 5070 qua:
1718 4999 1857 5053 didi-

275 5107 446 5151 cerant
484 5112 596 5152 non
636 5093 966 5164 explebant,
1010 5093 1132 5147 ideo
1172 5092 1501 5161 disciplinam
1545 5092 1681 5146 hanc
1729 5092 1859 5161 ipsis

275 5190 458 5245 adetuit
488 5208 505 5244 :
534 5188 689 5261 quod
719 5198 837 5241 erat
867 5186 1097 5254 ingentis
1126 5184 1221 5239 Dei
1246 5186 1539 5239 clementiae
1572 5199 1856 5253 argumen-

279 5289 398 5345 tum,
422 5281 567 5351 quod
594 5294 726 5333 cum
758 5276 936 5330 futura
967 5273 1300 5344 praevideret,
1345 5274 1610 5341 sciretque
1635 5287 1727 5325 eos
1752 5287 1857 5326 non

279 5382 404 5425 recte
436 5371 599 5427 donis
628 5382 829 5425 usuros
850 5408 868 5433 ,
921 5375 1100 5419 tamen
1126 5380 1243 5433 qua:
1269 5378 1361 5417 sua
1388 5372 1551 5417 erant.
1566 5363 1737 5416 omnia
1765 5378 1859 5416 ex-

276 5458 485 5516 hiberet.
556 5460 696 5516 Cum
748 5455 1019 5527 propheta
1062 5468 1189 5508 vero
1236 5454 1589 5522 conjectorem
1631 5468 1690 5507 se
1732 5452 1860 5505 dicit

268 5553 551 5609 ablaturum
602 5568 755 5609 esse.

329 5646 593 5717 tionjeuor
610 5646 730 5717 quis
761 5645 850 5697 sit.
880 5669 955 5680 -—
984 5636 1352 5705 Coujectorcm
1384 5636 1469 5691 hic
1493 5636 1618 5689 mihi
1648 5635 1859 5690 videtur

321 5784 335 5812 '
372 5791 487 5845 Reg.
514 5792 568 5835 et
611 5781 761 5832 savii.
792 5773 1205 5845 habentnhostes
1242 5772 1554 5845 imminentes,
1592 5770 1858 5845 prohbella

258 5844 306 5893 ia
324 5834 569 5899 mutantia.
593 5853 712 5906 Qua
738 5850 1003 5907 postrema
1028 5836 1177 5885 lectio
1198 5834 1373 5885 melius
1394 5835 1627 5895 quadrare
1650 5834 1856 5882 videtur.

1946 509 2124 567 dicere
2146 527 2287 578 eum,
2316 512 2403 583 qui
2430 527 2491 565 ex
2526 510 2689 565 multa
2717 512 3058 583 intelligentia
3079 556 3091 576 ,
3132 522 3184 566 ct
3214 528 3276 567 ex
3304 512 3413 582 ipsa
3438 530 3523 569 rc-

1943 618 2058 657 rum
2087 604 2413 672 experientia
2444 604 2613 657 futura
2643 605 2907 672 conjicere
2937 613 3158 672 poterat.
3176 604 3331 658 Aliud
3372 606 3513 657 enim

1943 702 2026 747 est
2059 693 2384 763 conjectura,
2416 693 2559 747 aliud
2603 693 2879 763 prophetia
2930 712 2943 747 :
2990 694 3246 762 propheta
3274 695 3415 749 enim
3453 711 3519 747 ex

1942 785 2122 839 divino
2140 785 2333 855 Spiritu
2363 786 2614 854 loquitur,
2646 800 2709 839 ex
2733 800 2791 838 se
2820 784 2947 838 nihil
2978 784 3242 850 aﬂ'erens;
3276 785 3363 840 ille
3393 800 3523 840 vero

1942 877 2219 931 occasione
2246 887 2397 947 capta
2425 893 2490 932 ex
2522 878 2584 932 iis
2605 892 2731 949 quas
2761 878 2870 947 jam
2911 879 3269 947 contigerunt,
3323 879 3519 933 intelli-

1943 968 2173 1037 gentiam
2199 984 2456 1024 exercens
2484 984 2631 1022 suam
2652 1008 2667 1033 ,
2714 972 3005 1023 futurorum
3036 970 3201 1023 multa
3231 970 3482 1039 prospicit
3501 1011 3516 1029 .

1946 1070 2001 1113 ut
2033 1075 2125 1129 par
2148 1070 2230 1115 est
2263 1061 2429 1115 virum
2458 1062 2768 1131 prudentem
2804 1061 3130 1132 prospicere.
3189 1063 3257 1116 At
3298 1063 3520 1117 multum

1947 1151 2085 1206 hunc
2110 1151 2247 1206 inter
2272 1163 2326 1207 et
2352 1154 2498 1207 illum
2529 1154 2811 1207 discrimen
2838 1171 2853 1219 ;
2907 1162 3235 1223 tantumque,
3265 1165 3517 1225 quantum

1946 1254 2027 1301 est
2054 1246 2384 1301 intervallum
2417 1248 2556 1301 inter
2585 1247 2917 1317 prudentiam
2962 1246 3245 1301 humanam
3290 1256 3342 1301 et
3387 1247 3524 1301 divi-

1944 1350 2065 1389 nam
2092 1336 2329 1404 gratiam.
2367 1336 2435 1391 Ut
2453 1347 2625 1391 autem
2655 1337 2898 1406 exemplo
2921 1351 3221 1392 sermonem
3249 1336 3529 1391 dilucidio-

1946 1442 2057 1482 rem
2103 1427 2339 1489 reddam,
2388 1430 2679 1498 cogitemus
2738 1427 3078 1484 Salomonem
3122 1438 3179 1483 et
3221 1428 3467 1483 Elisazum
3504 1445 3519 1481 :

1945 1520 2103 1574 ambo
2138 1521 2280 1574 enim
2308 1536 2393 1574 res
2421 1522 2657 1576 occultas
2698 1522 2752 1576 in
2793 1522 3024 1575 medium
3064 1521 3416 1584 adducebant,
3465 1529 3517 1577 ct

1946 1610 2252 1665 abscondita
2285 1611 2590 1665 revelabant
2619 1630 2632 1667 :
2665 1614 2756 1666 sed
2783 1630 2886 1667 non
2909 1615 3065 1667 ambo
3089 1606 3274 1669 eadem
3297 1616 3522 1680 virtute;

1947 1702 2040 1756 sed
2068 1701 2154 1756 ille
2182 1701 2393 1769 quidem
2420 1718 2483 1757 ex
2514 1702 2785 1771 prudentia
2814 1704 3037 1758 humana
3059 1746 3073 1768 ,
3126 1720 3155 1757 a
3206 1715 3391 1759 natura
3438 1720 3513 1759 se,

1949 1806 2101 1846 mens
2127 1793 2461 1846 occasionem
2491 1793 2630 1847 circa
2656 1796 2964 1849 meretrices
2990 1795 3110 1849 illas
3132 1797 3380 1851 mulieres
3410 1795 3521 1864 (a);

1951 1882 2037 1937 hic
2062 1896 2187 1935 vero
2206 1882 2486 1937 ratiocinio
2507 1882 2653 1937 nullo
2669 1899 2817 1949 usus,
2837 1885 2995 1953 (quod
3026 1887 3167 1940 enim
3192 1887 3523 1941 ratiocinium

1950 1975 2093 2030 Giezi
2124 1976 2319 2032 furtum
2344 1979 2580 2033 revelare
2610 1979 2940 2053 potuisset?)
2990 1981 3080 2035 sed
3107 1997 3170 2036 ex
3202 1982 3376 2035 divina
3405 1998 3525 2052 gra-

1951 2067 2021 2120 tia
2050 2083 2110 2121 ea
2138 2084 2256 2138 quae
2284 2072 2464 2141 procul
2497 2070 2629 2125 facta
2656 2083 2807 2125 erant
2834 2073 3089 2141 praevidit.
3138 2073 3204 2127 Et
3232 2091 3425 2139 senem,
3470 2078 3522 2130 5.

1951 2166 1996 2211 et
2021 2160 2297 2229 principem
2319 2178 2469 2231 super
2496 2163 2877 2234 quinquaginta.
2907 2160 3036 2218 Cum
3065 2165 3127 2217 iis
3154 2166 3312 2219 etiam
3344 2181 3525 2221 senem

1951 2258 2017 2304 et:
2034 2251 2323 2321 principem
2349 2267 2508 2323 super
2532 2255 2905 2324 quinquaginta
2934 2270 2991 2310 se
3033 2256 3363 2312 sublaturum
3409 2272 3528 2311 esse

1952 2341 2080 2395 dicit
2128 2358 2141 2397 :
2192 2359 2372 2397 senem
2403 2359 2508 2399 non
2534 2346 2848 2415 simpliciter
2885 2363 3006 2400 eum
3047 2347 3134 2417 qui
3185 2350 3527 2403 consenuerit

1953 2433 2099 2497 dicit,
2131 2434 2225 2489 sed
2262 2450 2385 2490 eum
2424 2438 2513 2505 qui
2552 2453 2671 2492 cum
2716 2438 2913 2493 canitie
2952 2439 3285 2509 prudentiam
3315 2442 3527 2496 canitiei

1953 2533 2361 2579 consentaneam
2385 2536 2578 2581 servat.
2609 2526 2738 2582 Cum
2760 2544 2886 2583 vero
2910 2528 3037 2584 dicit
3059 2530 3346 2600 principem
3370 2547 3530 2600 super

1953 2617 2362 2687 quinquaginta,
2407 2636 2511 2674 non
2557 2624 2854 2691 quempiam
2892 2623 3189 2692 hujusmodi
3236 2626 3529 2696 principem

1956 2719 2235 2773 memorat,
2283 2711 2377 2765 sed
2418 2712 2520 2766 hoc
2548 2714 2761 2769 nomine
2789 2715 3051 2784 principes
3081 2732 3267 2772 omnes
3288 2718 3530 2773 subindi-

1955 2809 2059 2853 cat.
2106 2800 2243 2853 Nihil
2269 2803 2432 2867 enim,
2464 2803 2592 2857 nihil
2618 2812 2766 2859 certe
2796 2805 3169 2873 miserabilius,
3196 2822 3351 2878 quam
3385 2810 3531 2863 nullo

1958 2890 2263 2959 magistratu
2293 2893 2434 2962 regi,
2481 2902 2536 2948 ut
2564 2895 2692 2949 nihil
2720 2896 3069 2962 periculosius
3095 2898 3211 2952 navi
3238 2914 3335 2954 suo
3363 2899 3529 2953 desti-

1959 2990 2066 3035 tuta
2114 2984 2488 3051 gubernatore.
2541 2984 2724 3054 Neque
2769 2986 2854 3041 hic
2892 2989 3109 3057 gradum
3152 2990 3308 3055 sistit,
3341 2990 3433 3043 sed
3475 3000 3532 3043 et

1957 3072 2113 3125 aliam
2145 3088 2386 3142 magnam
2410 3076 2622 3129 tutelam
2645 3092 2703 3131 se
2722 3078 3018 3133 ablaturum
3041 3084 3411 3147 comminatur,
3436 3097 3532 3136 eos

1958 3162 2047 3229 qui
2074 3162 2209 3216 bona
2234 3162 2362 3218 dare
2386 3166 2605 3219 consilia
2635 3167 2858 3235 possint,
2900 3169 2989 3238 qui
3031 3186 3135 3224 non
3166 3172 3341 3225 minus
3368 3188 3525 3241 quam

1957 3269 2101 3308 arma
2125 3255 2422 3310 civitatibus
2445 3257 2669 3312 alierum
2697 3260 2969 3314 auxilium.
2998 3261 3126 3315 Nam
3159 3264 3265 3315 ait:
3289 3265 3529 3333 Auferttm

1957 3347 2302 3402 admirabilem
2335 3349 2714 3415 consiliarium,
2760 3361 2806 3405 et
2848 3354 3121 3416 sapientem
3162 3356 3528 3417 architectum;

1959 3454 2061 3491 non
2121 3450 2435 3495 struetorem
2490 3441 2699 3507 dicens,
2754 3443 2846 3496 sed
2892 3444 2943 3497 in
2997 3445 3221 3512 negotiis
3264 3447 3525 3513 peritum.

1959 3531 2119 3583 multa
2171 3531 2421 3599 doctum,
2468 3543 2521 3587 ct
2564 3550 2684 3589 cum
2730 3535 3007 3603 prudentia
3072 3536 3247 3590 omnia
3301 3537 3530 3591 civitatis

1960 3622 2163 3689 negotia
2203 3622 2574 3679 administrare
2616 3626 2891 3679 scientem.

2028 3715 2081 3766 5.
2120 3714 2249 3767 Cum
2300 3714 2382 3769 his
2428 3716 2621 3781 etiam,
2670 3716 2736 3769 Et
2781 3717 3073 3783 prudentem
3124 3720 3419 3773 auditorem.
3473 3723 3529 3775 Si

1959 3808 2097 3859 enim
2143 3805 2243 3859 hoc
2287 3806 2549 3871 abfuerit,
2588 3808 2686 3861 etsi
2728 3809 2829 3862 alia
2868 3809 3045 3861 omnia
3093 3809 3307 3876 adsint,
3362 3813 3529 3865 nihilo

1961 3898 2078 3965 plus
2123 3898 2323 3955 accedit
2367 3899 2697 3963 civitatibus,
2750 3902 2849 3954 etsi
2899 3901 3190 3970 propbctm,
3223 3905 3320 3958 etsi
3351 3906 3529 3959 cousi-

1959 3988 2116 4052 liarii,
2150 3991 2247 4041 etsi
2279 3990 2614 4057 magistratus
2640 3989 2834 4055 adsint,
2856 3992 2898 4043 si
2926 3992 3102 4045 nullus
3126 3994 3195 4047 sit
3220 3995 3308 4063 qui
3330 3998 3525 4061 audiat,

1960 4080 2135 4133 omnia
2178 4079 2369 4133 frustra
2410 4090 2463 4134 ct
2494 4081 2543 4134 in
2574 4080 2793 4135 nihilum
2834 4082 3049 4136 abeunt.
3094 4084 3310 4139 Videtur
3352 4100 3526 4142 autem

1961 4171 2085 4225 tnihi
2108 4170 2193 4227 hic
2218 4173 2454 4242 Auferam
2473 4173 2594 4236 dici,
2613 4175 2760 4243 quasi
2779 4175 2978 4238 Sinam,
3003 4176 3328 4245 Permittam,
3348 4197 3531 4250 quent-

1960 4262 2241 4316 admodum
2268 4263 2461 4317 Paulus
2486 4266 2561 4317 ait
2607 4282 2621 4317 :
2666 4264 2893 4318 Tradidit
2926 4282 3010 4319 eos
3038 4268 3089 4320 in
3118 4270 3385 4337 reprobum
3413 4287 3499 4323 seu
3523 4300 3532 4311 -

1959 4371 2069 4408 sum
2112 4354 2282 4427 (Rom.
2320 4355 2369 4408 1.
2400 4354 2528 4425 28);
2578 4370 2682 4409 non
2729 4355 2831 4410 hoc
2873 4371 3053 4421 sensu,
3084 4358 3235 4427 quasi
3266 4360 3319 4413 in
3348 4375 3532 4414 amen-

1962 4448 2084 4501 tiam
2114 4449 2254 4518 ipsos
2278 4447 2586 4517 conjecerit,
2609 4446 2702 4501 sed
2720 4449 2843 4517 quia
2861 4448 3170 4516 insipientes
3185 4463 3305 4503 cum
3325 4460 3528 4519 essent,

1963 4541 2104 4610 ipsos
2127 4542 2327 4595 dimisit
2354 4550 2408 4594 et
2434 4541 2668 4609 reliquit.

2034 4632 2251 4687 Prwstat
2282 4633 2475 4686 nullum
2504 4649 2653 4701 quam
2681 4634 2865 4685 malum
2890 4634 3063 4687 ducem
3088 4634 3284 4689 habere.
3304 4637 3437 4691 -4.
3473 4637 3541 4690 Et

1961 4724 2217 4777 instituam
2242 4722 2633 4776 adolescentulos
2660 4724 2905 4791 principes
2928 4740 3117 4777 eorum.
3176 4725 3287 4781 Hoc
3324 4725 3531 4782 defectu

1964 4816 2121 4869 etiam
2148 4813 2544 4885 magistratuum
2575 4813 2724 4881 pejus
2761 4822 2815 4866 ct
2843 4813 3008 4867 multo
3031 4815 3241 4883 gravius
3264 4824 3365 4870 est.
3399 4816 3529 4873 Nam

1964 4895 2051 4975 qui
2083 4906 2373 4975 principem
2408 4918 2513 4957 non
2554 4903 2733 4970 habet,
2772 4904 2905 4958 duce
2952 4907 3217 4974 privatur;
3272 4909 3360 4976 qui
3405 4924 3530 4962 vero

1965 5000 2160 5053 tnalum
2186 5007 2371 5053 nactus
2399 5009 2484 5051 est
2507 4997 2696 5051 ducem
2716 5038 2729 5058 ,
2772 4996 2930 5052 habet
2954 5002 3043 5068 qui
3074 5014 3132 5053 se
3160 5001 3211 5053 in
3242 5001 3530 5069 praecipitia

1965 5090 2232 5159 conjiciat.
2264 5088 2701 5143 Adulescentulus
2726 5100 2900 5141 autem
2933 5088 3018 5143 bic
3045 5100 3304 5145 memorat
3331 5106 3436 5144 non
3476 5102 3528 5144 ιιι

2025 5274 2097 5334 (a)
2131 5280 2240 5320 Ilaec
2275 5269 2541 5334 respiciunt
2576 5267 2978 5334 caput_quin_tum
3010 5264 3116 5334 libri
3148 5267 3530 5334 t'roverbiorum,

1965 5327 2046 5384 ubi
2070 5327 2236 5384 contra
2257 5327 2567 5381 meretricum
2592 5327 2849 5377 illecebras
2871 5327 3173 5388 fallaciasque
3195 5327 3536 5377 adolescentes

1965 5398 2237 5445 communit.
2259 5394 2386 5451 Quod
2411 5400 2572 5441 autem
2596 5392 2673 5440 hic
2692 5392 2757 5438 ait
2780 5391 3091 5449 coinparaodo
3113 5388 3413 5451 Salomouem
3427 5403 3535 5437 cum

1966 5458 2148 5515 Elisteo,
2173 5450 2305 5505 illum
2332 5469 2395 5504 ex
2421 5454 2671 5515 prudentia
2716 5453 2918 5515 humana
2959 5452 3204 5509 loquutum
3242 5462 3369 5515 esse,
3404 5450 3531 5500 hunc

1967 5534 2084 5568 vero
2109 5511 2169 5567 ex“
2218 5519 2367 5579 gratia
2403 5511 2578 5579 divina,
2615 5516 2682 5562 sic
2707 5512 2965 5579 intelligas,
2992 5525 3089 5579 non
3124 5512 3257 5579 quasi
3297 5511 3529 5579 Saluium,

1966 5581 2078 5629 dttm
2102 5572 2465 5630 l‘rovérbiorum
2489 5577 2661 5626 librum
2692 5576 2945 5629 scriberet,
2973 5574 3122 5631 gratia
3145 5572 3300 5618 divina
3328 5573 3532 5622 destitu-

1968 5651 2045 5691 tus
2069 5651 2229 5701 esset;
2255 5642 2341 5689 sed
2367 5639 2490 5702 quod
2518 5650 2591 5695 ea,
2608 5649 2732 5702 quae
2757 5636 3061 5702 experientia
3097 5640 3147 5681 et
3168 5634 3426 5702 sagacitate
3447 5649 3533 5683 sua

1969 5713 2184 5761 noverat,
2220 5694 2467 5763 ﬂii-agema
2502 5694 2671 5759 spiritu
2711 5704 2890 5763 saneto,
2920 5696 3071 5741 literis
3116 5694 3387 5763 mandaret;
3427 5711 3533 5763 eum

1968 5779 2130 5814 contra
2154 5755 2344 5815 Elis;qu
2372 5763 2450 5813 illa
2484 5755 2667 5812 tantum
2701 5760 2956 5815 scriberet,
2982 5770 3090 5819 qua:
3129 5755 3316 5806 amante
3340 5761 3534 5807 Euadne

1969 5827 2198 5878 discebat.
