4102 6306
563 371 635 428 45
1251 368 1304 421 S.
1347 361 1621 419 JOANNIS
1654 356 2119 418 CllllYSOSTOMl
2161 352 2469 411 MlClllEP.
2509 357 3037 417 CONSTANTINOP.
3773 383 3844 435 Η

572 499 781 545 aetatem
824 488 1033 559 culpet,
1079 484 1173 541 sed
1222 493 1279 537 ut
1318 484 1529 537 illorum
1572 480 1925 548 insipientiam
1979 477 2151 545 aptius

570 580 839 637 ostendat.
869 578 1137 647 Contingit
1156 575 1297 631 enim
1332 573 1559 643 juvenes
1587 585 1707 626 esse
1735 569 2053 640 prudentes,
2100 576 2155 621 et

570 687 731 728 senes
771 672 822 726 in
870 668 1172 740 insipientia
1222 667 1420 719 vixisse
1468 682 1481 717 :
1527 678 1711 718 verum
1740 662 1863 732 quia
1902 660 1954 716 id
1982 660 2154 714 rarius

567 764 814 819 accidere
842 761 1000 824 solet,
1047 759 1140 813 sed
1165 756 1490 812 contrarium
1519 755 1835 824 plerumque
1858 752 2149 821 contingit;

568 854 690 909 ideo
734 854 853 908 illos
882 852 1193 921 insipientes
1222 847 1530 902 nominavit.
1563 845 1693 899 Nam
1743 855 1797 900 et
1841 843 2152 898 Timotheus

561 947 775 1020 juvenis
801 953 961 1000 erat:
994 944 1039 998 is
1084 953 1256 997 tamen
1304 939 1595 1007 sapientius
1619 980 1634 998 ,
1686 952 1842 1006 quam
1892 934 2151 989 innumeri

564 1052 756 1104 senes,
796 1035 1068 1092 Ecclesias
1116 1032 1535 1095 administravit;
1585 1038 1639 1084 et
1681 1028 1934 1083 Salomon
1985 1040 2153 1079 annos

565 1140 722 1185 natus
747 1127 1026 1184 duodecim
1058 1126 1167 1196 (a),
1217 1139 1337 1178 cum
1375 1123 1482 1177 Dco
1513 1122 1843 1191 loquebatur,
1884 1119 2155 1186 multaque

566 1229 683 1278 erat
705 1219 917 1275 dicendi
944 1216 1128 1272 fiducia
1164 1216 1475 1278 instructus,
1523 1227 1585 1266 ac
1616 1227 1706 1265 rex
1735 1211 2034 1265 declaratus
2059 1224 2148 1264 eo.

565 1322 888 1380 ronatusque
935 1318 1053 1373 est,
1100 1306 1464 1375 barbarosque
1511 1302 1694 1357 habuit
1730 1301 2003 1370 sapientiae
2043 1315 2152 1355 sua:

565 1412 932 1473 spectatores;
985 1414 1156 1468 neque
1198 1397 1298 1474 viri
1346 1396 1555 1457 solum,
1610 1393 1704 1447 sed
1732 1403 1786 1447 et
1811 1391 2059 1446 mulieres
2086 1406 2151 1445 ex

571 1494 869 1566 longinquis
894 1490 1201 1562 regionibus
1227 1489 1521 1550 venientes,
1559 1484 1695 1538 hanc
1722 1483 1888 1538 solam
1917 1482 2151 1551 pcregri-

568 1586 795 1641 nationis
833 1598 1048 1638 causam
1102 1579 1390 1639 habebant,
1442 1591 1636 1645 nempe
1676 1583 1735 1628 ut
1774 1588 1839 1629 ex
1869 1572 1985 1641 ejus
2023 1586 2153 1625 voce

565 1678 834 1750 quidpiam
863 1675 1165 1731 ediscerent
1191 1678 1245 1725 et
1268 1669 1552 1733 audirent:
1584 1666 1678 1721 sed
1724 1673 1783 1719 ut
1828 1663 1893 1718 ad
1941 1662 2150 1717 senium

568 1767 844 1837 pervenit,
888 1765 1113 1820 multum
1162 1762 1231 1817 de
1276 1762 1471 1815 virtute
1504 1757 1759 1812 detraxit.
1811 1754 1980 1822 Hujus
2026 1768 2153 1807 vero

566 1870 717 1931 pater
758 1859 943 1914 beatus
982 1854 1148 1911 David
1197 1866 1361 1924 grave
1399 1850 1528 1904 illud
1575 1858 1846 1917 peccatum
1884 1861 1990 1899 non
2028 1858 2150 1898 cum

564 1953 773 2021 juvenis
797 1960 853 2008 et
880 1965 1010 2020 puer
1037 1956 1215 2011 esset,
1238 1944 1331 2000 sed
1372 1958 1494 1998 cum
1524 1943 1670 1997 illam
1692 1949 1906 1995 {etatem
1930 1947 2151 2008 praeter-

564 2060 780 2118 gressus
829 2051 997 2100 esset.
1025 2049 1148 2094 tune
1192 2037 1447 2108 peccavit.
1506 2034 1639 2089 Cum
1683 2041 1861 2087 autem
1902 2030 2152 2099 puerulus

566 2146 741 2204 esset,
768 2133 1010 2189 mirabile
1038 2141 1294 2201 tropaeum
1321 2128 1512 2190 erexit,
1542 2126 1820 2181 barbarum
1847 2123 2148 2192 prostravit,

565 2242 885 2297 omnemque
928 2225 1171 2280 exhibuit
1204 2219 1597 2293 philosophiam
1624 2259 1639 2282 ,
1696 2231 1869 2285 neque
1923 2213 2150 2284 impedi-

566 2331 748 2375 mento
792 2319 1046 2389 juventus
1094 2315 1212 2380 fuit,
1267 2311 1551 2382 quominus
1576 2309 1690 2363 lucc
1716 2308 1969 2377 praeclara
2002 2316 2151 2375 gesta

564 2411 767 2467 ederet.
811 2408 1097 2464 Jeremiam
1126 2418 1338 2477 quoque
1363 2402 1452 2473 qui
1491 2400 1660 2456 aetatis
1684 2399 1891 2454 obicem
1929 2396 2149 2466 objicie-

567 2507 661 2562 bat
706 2513 765 2559 ut
811 2510 1105 2567 recusaret,
1156 2515 1261 2553 non
1297 2496 1511 2551 admisit
1552 2495 1711 2559 Deus,
1758 2493 1852 2548 sed
1877 2490 2061 2546 eduxit
2083 2489 2150 2543 ad

564 2596 820 2668 populum
846 2594 1152 2656 Judaicum,
1172 2591 1344 2660 ipsum
1370 2588 1499 2643 nihil
1522 2586 1645 2641 inde
1674 2583 1916 2654 impediri
1942 2582 2147 2647 dicens,

564 2690 611 2746 si
638 2696 817 2744 mente
847 2685 997 2741 firma
1026 2682 1279 2754 przeditus
1302 2688 1464 2735 esset.
1518 2678 1648 2743 llac,
1696 2677 1802 2729 imo
1848 2673 2018 2728 multo
2048 2674 2149 2726 mi-

566 2792 700 2835 nore
724 2785 902 2842 mtate,
929 2788 1086 2830 senes
1111 2772 1299 2827 Daniel
1323 2768 1600 2841 judicavit.
1649 2767 1715 2822 Et
1743 2765 1918 2821 Josias
1954 2780 2022 2819 ne
2051 2763 2149 2817 tte-

566 2885 683 2927 cem
713 2867 926 2939 quidem
969 2879 1140 2920 annos
1188 2872 1369 2925 natus,
1404 2862 1454 2914 in
1481 2860 1671 2915 solium
1705 2858 1850 2927 regni
1877 2853 2149 2917 ascendit,

565 2971 797 3030 tuncque
822 2956 1081 3020 ﬂorebat;
1135 2952 1231 3008 sed
1276 2961 1459 3022 postea
1490 2950 1754 3004 tantillum
1801 2948 2048 3015 delapsus
2101 2946 2155 3001 in

566 3052 856 3125 ignaviam,
890 3049 1142 3104 virtutem
1171 3045 1333 3099 animi
1363 3041 1719 3097 labefactavit.
1749 3038 1886 3106 Quid
1910 3052 2038 3093 vero
2057 3035 2150 3092 Jo-

566 3143 739 3216 seph‘!
786 3142 983 3198 Annon
1022 3138 1254 3210 juvenis,
1305 3146 1359 3192 et
1383 3133 1669 3190 admodum
1692 3131 1944 3202 juvenis,
1990 3142 2152 3199 grave

567 3238 695 3294 illud
722 3235 920 3291 bellum
946 3233 1199 3302 suscepit,
1223 3244 1326 3284 non
1351 3228 1609 3283 adversus
1638 3224 1902 3289 homines,
1934 3221 2026 3277 sed
2053 3221 2152 3274 ad-

564 3346 752 3388 versus
792 3330 963 3400 ipsam
1005 3335 1209 3382 naturae
1255 3321 1585 3394 tyrannidem
1625 3318 1945 3381 decertans,
1991 3324 2047 3369 et
2086 3329 2152 3368 ex

566 3424 739 3480 media
784 3421 999 3477 fornace
1045 3417 1368 3486 ﬂammaque
1414 3413 1619 3477 multo,
1676 3425 1835 3482 quam
1885 3408 1973 3461 illa
2026 3406 2154 3461 Per-

564 3519 674 3572 sica
705 3514 802 3587 (b),
830 3513 1100 3584 graviore,
1144 3510 1339 3563 illaesus
1368 3505 1583 3569 exsiliit,
1630 3519 1734 3556 non
1769 3501 1963 3563 minus,
1996 3513 2153 3568 quam

568 3620 676 3664 tres
704 3608 775 3662 illi
806 3605 977 3676 pueri,
1014 3605 1130 3658 sine
1173 3600 1371 3655 damno
1406 3612 1626 3652 manens
1647 3594 1671 3647 ?
1696 3591 2152 3662 Quemadmodum

565 3701 706 3755 enim
735 3698 813 3752 illi
837 3710 1062 3765 corpora
1093 3709 1214 3749 cum
1234 3692 1361 3762 ipsis
1381 3688 1589 3759 capillis
1619 3686 1783 3740 illzesa
1809 3693 1936 3739 tunc
1954 3682 2154 3754 egressi

568 3790 935 3851 ostenderunt,
981 3803 1048 3842 ex
1099 3784 1241 3839 fonte
1273 3784 1449 3852 potius
1484 3794 1642 3850 quam
1681 3793 1748 3832 ex
1794 3776 2015 3830 fornace
2056 3790 2153 3830 ex-

570 3894 759 3939 euntes
790 3898 805 3933 :
834 3880 913 3935 sic
941 3888 994 3932 et
1024 3877 1123 3932 iste
1154 3877 1205 3929 in
1234 3872 1546 3933 certamine,
1584 3884 1651 3924 ex
1677 3867 1940 3939 [Egyptian
1983 3864 2157 3920 mani—

570 3978 671 4029 bus
712 3971 927 4039 elapsus
958 3969 974 3999 ¹
1000 4009 1015 4035 ,
1056 3966 1205 4029 exiit,
1235 3978 1408 4033 neque
1433 3978 1464 4016 a
1490 3972 1653 4028 tactu,
1688 3975 1861 4027 neque
1890 3975 1920 4013 a
1953 3958 2153 4019 verbis,

571 4077 746 4133 neque
770 4062 836 4116 ab
864 4066 1104 4129 aSpectu,
1136 4071 1308 4124 neque
1334 4070 1365 4108 a
1390 4054 1738 4114 vestimentis,
1764 4067 1935 4120 neque
1959 4051 2025 4105 ab
2056 4066 2154 4103 un-

571 4153 801 4226 guentis,
833 4164 951 4221 qua:
994 4146 1281 4204 sarmentis
1304 4155 1356 4200 et
1383 4145 1499 4214 pice
1524 4143 1883 4197 ardentiorcm
1908 4142 2161 4210 concupi-

572 4248 788 4304 scentiae
807 4244 1076 4299 ﬂammam
1104 4238 1501 4302 accendebant;
1546 4250 1717 4305 neque
1741 4235 1808 4289 ab
1828 4243 1983 4288 aetate
2012 4235 2158 4303 ejus-

574 4339 717 4397 modi
739 4337 1010 4408 quidpiam
1046 4347 1236 4405 passus
1265 4342 1367 4397 est,
1412 4330 1571 4401 quale
1602 4339 1660 4383 ut
1686 4330 1846 4382 homo
1875 4329 1977 4396 pati
2001 4343 2158 4396 posse

575 4430 873 4487 videbatur.
921 4429 999 4483 Ac
1026 4435 1136 4482 tres
1173 4425 1247 4479 illi
1277 4424 1447 4494 pueri,
1489 4424 1541 4476 in
1569 4424 1684 4492 ipso
1706 4420 1999 4490 juventutis
2028 4420 2159 4475 ﬂore

578 4533 633 4578 et
657 4529 896 4576 ventrem
926 4525 1245 4587 superarunt
1267 4558 1279 4579 ,
1324 4525 1380 4570 et
1409 4514 1598 4569 mortis
1624 4512 1964 4567 formidinem
1990 4512 2161 4565 calca~

576 4622 731 4678 runt,
782 4620 1092 4681 tantumque
1140 4608 1432 4664 exercitum
1475 4608 1817 4676 furoremque
1863 4605 2006 4674 regis
2049 4604 2160 4673 ipsa

578 4704 796 4761 fornace
838 4701 1195 4757 ardentiorem
1244 4700 1507 4760 vicerunt.
1562 4698 1799 4768 nihilque
1828 4696 1949 4751 illos
1986 4703 2162 4751 exter-

578 4804 707 4862 ruit,
752 4793 849 4850 sed
892 4800 1203 4848 constanter
1231 4798 1547 4845 manserunt
1572 4788 1753 4843 animo
1791 4786 2011 4841 minime
2043 4800 2158 4840 ser-

578 4887 672 4943 vili
701 4884 966 4942 instructi.
983 4882 1101 4939 Non
1130 4883 1290 4953 igitur
1315 4890 1527 4937 aetatem
1554 4882 1838 4937 traducens
1865 4880 1978 4934 haec
2002 4878 2157 4935 dicit:

648 5093 666 5121 ι
703 5086 883 5136 Boisius
906 5082 1048 5145 legit,
1069 5078 1273 5145 impuris
1290 5078 1524 5145 Egi/ptiar
1545 5077 1763 5128 manibus
1784 5078 1992 5145 elapsus.

641 5132 1284 5212 (al'éa'_est_‘iiubnum1am'
1315 5132 1715 5212 clir'onologorum
1747 5132 2014 5212 sententia._
2039 5138 2166 5188 Salo-

585 5202 779 5262 taonetn
800 5202 1112 5258 duodennem
1132 5216 1345 5267 regnare
1374 5204 1602 5265 coepisse,
1629 5215 1789 5264 eaque
1812 5202 2062 5261 sapientia:
2085 5213 2164 5249 ar-

586 5278 814 5335 gumenta
839 5269 1143 5335 exhibuisse,
1168 5265 1295 5335 qua}
1325 5265 1375 5314 in
1406 5267 1920 5335 scripturauarrantur
1946 5276 1958 5310 :
1994 5276 2165 5335 verum

582 5322 844 5396 peritiores
865 5322 1147 5396 chronologi
1163 5322 1260 5391 ja'm
1283 5334 1387 5377 tum
1403 5328 1450 5378 vi
1459 5322 1564 5377 rum
1592 5326 1740 5396 fuisse
1770 5331 1992 5396 censent.
2019 5322 2166 5394 Certe

582 5386 622 5445 'si
640 5394 910 5446 duodennis
930 5391 1085 5441 solum
1099 5386 1215 5442 'eritt
1234 5402 1343 5453 cum
1366 5402 1573 5453 regnare
1594 5388 1757 5448 uepit,
1782 5393 1835 5435 et
1852 5386 2167 5453 quadraginta

585 5460 723 5523 annis
744 5455 1046 5523 regnaverit,
1056 5460 1116 5523 rut
1138 5454 1205 5502 ait
1220 5448 1489 5523 Scriptura,
1498 5461 1751 5523 annosque
1772 5454 1913 5523 natus
1930 5448 2166 5523 quinqua-

585 5516 717 5575 ginta
739 5508 862 5566 duos
894 5508 1087 5575 obierit,
1109 5508 1349 5577 quomodo
1371 5512 1516 5559 stabit
1538 5508 1654 5557 illud
1669 5508 1960 5577 'Scripturaa,
1987 5508 2167 5577 Regum

587 5573 669 5626 lib.
693 5579 741 5635 5,
761 5592 807 5627 e.
832 5577 908 5637 11,
925 5592 974 5627 v.
991 5576 1023 5624 4
1041 5589 1055 5639 ;
1075 5573 1289 5639 cumque
1301 5574 1412 5636 jam
1432 5585 1579 5623 senex
1602 5578 1740 5630 esset,
1765 5573 2077 5633 depravatum
2100 5573 2169 5619 est

590 5654 675 5691 cor
696 5641 802 5700 ejus
823 5651 909 5700 per
932 5638 1155 5688 mulieres
1172 5639 1195 5686 3'

651 5694 731 5763 (bi
756 5694 1013 5772 Fornacetn
1035 5707 1174 5772 vocat
1196 5698 1431 5772 uessicam
1452 5696 1581 5746 illam
1606 5694 1930 5772 sabylonicam
1950 5695 1998 5765 in
2021 5706 2168 5772 quam

588 5757 1083 5824 tw‘s'puerioonjecti
1106 5770 1237 5812 sunt.
1280 5768 1379 5809 tam
1424 5772 1557 5820 saepe
1598 5757 1818 5824 vitlitnus,
1846 5757 2079 5819 assyriam
2117 5761 2168 5804 et

586 5824 889 5888 liabylmiatn
913 5822 1154 5873 Persidem
1176 5840 1204 5873 a
1225 5825 1559 5886 Chrysostomo
1583 5822 1756 5869 vocari.

2262 477 2689 547 quandoquidem
2715 489 2768 535 et
2791 480 2987 537 Paulus
3014 495 3135 536 cum
3165 484 3240 536 ait
3292 502 3304 536 :
3352 482 3472 537 Non
3513 484 3845 554 reaphytnm,

2260 584 2323 622 ne
2370 570 2423 622 in
2473 572 2757 639 superbiam
2793 573 2974 635 elatus,
3028 575 3081 627 in
3115 575 3371 644 judicium
3418 576 3610 629 incidat
3655 576 3848 631 diaboli

2260 660 2336 729 (l.
2365 660 2501 716 Tim.
2534 664 2588 717 5.
2617 662 2697 732 6),
2740 680 2846 719 non
2877 674 3033 720 aetate
3054 667 3306 736 juvenem
3335 666 3485 733 dicit,
3537 668 3630 721 sed
3654 683 3851 722 recens

2260 754 2572 823 plantatum,
2603 756 2654 810 id
2685 769 2787 823 est,
2829 758 3127 813 institutum
3162 776 3176 823 ;
3207 759 3449 829 plantare
3472 762 3673 831 quippe
3716 760 3851 814 dicit

2259 849 2524 905 catechesi
2574 851 2869 917 instituere,
2931 863 2986 908 et
3031 854 3260 918 docere;
3311 863 3368 909 ut
3407 869 3526 909 cum
3560 855 3633 907 ait
3673 873 3685 907 :
3732 852 3852 923 Ego

2263 942 2507 1011 plantavi,
2544 942 2729 1013 Apollo
2755 944 2933 1015 rigavit
2974 946 3046 1015 (l.
3078 943 3196 999 Cor.
3226 945 3279 1000 5.
3309 945 3389 1013 6).
3428 942 3672 1000 Christus
3709 960 3851 1014 quo.

2257 1046 2362 1101 que
2392 1032 2443 1086 id
2476 1033 2852 1101 plantationem
2879 1044 3032 1089 vocat
3061 1034 3243 1090 dicens
3295 1052 3307 1088 :
3352 1033 3532 1089 Omnis
3569 1035 3845 1105 plantatio,

2257 1138 2406 1190 quam
2445 1140 2543 1177 non
2580 1125 2823 1192 plantavit
2865 1124 3023 1179 Pater
3049 1142 3187 1179 meus
3212 1124 3457 1189 (celestis,
3501 1125 3847 1178 eradicabitur

2258 1213 2471 1283 (qutth.
2507 1216 2591 1270 15.
2615 1216 2726 1284 15).
2747 1215 2880 1271 Nam
2907 1218 2951 1270 si
2983 1218 3306 1287 necphytum
3329 1216 3843 1285 dixissetjuvenem,

2259 1305 2595 1361 Timotheum
2632 1315 2799 1374 certe,
2853 1308 2943 1377 qui
2968 1307 3178 1377 juvenis
3209 1316 3346 1373 erat,
3393 1315 3449 1362 et
3492 1308 3561 1360 ita
3601 1305 3843 1376 juvenis.

2261 1408 2317 1452 ιιι
2369 1398 2459 1452 ille
2500 1398 2742 1466 diceret,
2794 1398 2960 1454 Nemo
2997 1402 3308 1469 juventutem
3364 1410 3502 1453 tuam
3559 1407 3848 1453 contemnat

2259 1491 2338 1558 (l.
2384 1489 2517 1544 Tim.
2548 1491 2601 1545 4.
2636 1491 2724 1556 12)
2749 1533 2762 1556 ,
2812 1492 2878 1546 ad
2919 1502 3120 1546 tantum
3165 1492 3381 1547 culmen
3421 1492 3696 1562 dignitatis
3736 1507 3844 1544 non

2257 1583 2542 1644 evexisset,
2572 1598 2672 1637 nec
2703 1592 2779 1638 tot
2804 1584 3160 1639 Ecclesiarum
3191 1582 3331 1638 ferre
3360 1599 3541 1637 curam
3564 1584 3847 1655 permisis-

2257 1685 2358 1731 set.
2406 1676 2468 1728 Et
2496 1676 2729 1733 illusores
2755 1677 3145 1731 dominabuntur
3168 1676 3259 1729 eis.
3312 1676 3471 1730 Vides
3512 1675 3683 1744 ipsum
3736 1692 3846 1727 non

2258 1768 2568 1837 simpliciter
2614 1779 2826 1825 aetatem
2876 1770 3190 1836 traducere,
3234 1768 3327 1822 sed
3369 1778 3676 1836 corruptum
3724 1768 3846 1819 ani-

2258 1861 2443 1915 mum?
2486 1862 2593 1916 llac
2618 1863 2758 1916 enim
2786 1862 3053 1916 additione
3080 1862 3129 1915 id
3156 1861 3349 1916 clarius
3374 1860 3555 1915 efﬂcit.
3593 1861 3850 1915 lllusort-s

2257 1954 2396 2008 enim
2425 1952 2508 2007 hic
2536 1965 2687 2008 vocat
2712 1954 3046 2022 deceptores,
3091 1952 3447 2017 cavillatores,
3496 1952 3800 2010 adulatores
3829 1996 3845 2016 ,

2257 2057 2349 2097 eos
2389 2045 2475 2113 qui
2508 2046 2683 2098 verbis
2732 2047 2955 2113 grtiam
2987 2056 3258 2113 captantes
3290 2046 3435 2113 ipsos
3462 2044 3671 2097 diabolo
3718 2060 3849 2112 pro-

2258 2138 2522 2204 pinarcnt.
2574 2139 2625 2191 5.
2679 2138 2742 2189 Et
2780 2147 2977 2190 corruet
3009 2138 3243 2206 papulas,
3278 2141 3427 2189 honzo
3456 2137 3521 2188 ad
3549 2136 3846 2199 hominem,

2255 2235 2302 2279 et
2348 2228 2495 2281 homo
2551 2228 2617 2280 ad
2671 2229 2954 2297 proximum
2999 2244 3167 2281 suum.
3218 2227 3669 2295 Quemadmodum
3696 2229 3847 2282 enim

2254 2320 2409 2389 lignis
2441 2335 2560 2389 qua:
2600 2320 2822 2374 aadilicia
2858 2321 3201 2375 continebant
3228 2320 3514 2389 corruptis,
3545 2328 3636 2372 aut
3663 2320 3849 2373 subla-

2256 2413 2342 2479 tis,
2393 2428 2614 2469 necesse
2641 2422 2723 2468 est
2749 2412 2910 2467 etiam
2939 2427 3119 2467 muros
3163 2412 3455 2482 perrumpi,
3504 2412 3651 2465 nullo
3703 2411 3845 2464 ultra
3885 2431 3889 2435 θ

2253 2505 2517 2559 retinente
2569 2521 2583 2559 :
2634 2504 2713 2559 sic
2760 2504 2863 2558 illis
2915 2504 3155 2569 sublatis,
3184 2504 3274 2573 qui
3316 2517 3474 2574 supra
3522 2502 3649 2557 dicti
3692 2515 3842 2563 sunt,

2256 2598 2600 2668 principibus,
2653 2596 2991 2660 consiliariis,
3033 2595 3317 2664 iudicibus,
3369 2594 3659 2664 prophetis.
3709 2595 3845 2648 nihil

2254 2691 2590 2763 prohibebat,
2636 2691 2760 2760 quin
2810 2689 3037 2759 populus
3066 2692 3116 2742 in
3151 2688 3405 2743 factiones
3435 2703 3493 2742 se
3530 2687 3799 2741 scinderet
3827 2728 3843 2752 ,

2255 2796 2308 2842 et
2337 2799 2525 2855 magna
2561 2783 2889 2853 perturbatio
2919 2782 3171 2836 oriretur.

2326 2879 2381 2933 4.
2412 2876 2580 2930 lrruet
2619 2876 2858 2946 puerulus
2904 2874 3141 2927 adversus
3178 2889 3372 2936 senem,
3395 2883 3442 2927 et
3477 2872 3709 2942 ignobilis
3747 2874 3848 2924 ad-

2252 2985 2424 3024 versus
2463 2966 2699 3021 nobilem.
2747 2963 3161 3029 Adversabitur,
3200 2964 3409 3033 inquit,
3433 2963 3642 3032 juvenis
3685 2963 3799 3017 seni
3826 3005 3843 3026 ,

2251 3058 2551 3127 despiciet,
2598 3064 2901 3110 contemnet
2953 3054 3120 3107 illum.
3174 3053 3300 3107 Ηιυο
3350 3053 3506 3107 etiam
3556 3063 3844 3121 antequam

2256 3148 2450 3203 bellum
2496 3148 2716 3201 instaret
2755 3144 2942 3215 quovis
2971 3144 3114 3199 bello
3151 3144 3389 3213 graviora
3419 3152 3588 3197 erant.
3618 3143 3846 3210 Quando

2255 3242 2396 3296 enim
2432 3248 2679 3296 senectus
2722 3256 2750 3291 a
2792 3238 3070 3307 juventute
3110 3237 3456 3290 inhonoratur
3480 3277 3494 3301 ,
3522 3236 3759 3304 vilesque
3788 3246 3847 3291 et

2255 3332 2447 3400 abjecti
2477 3330 2718 3384 homines
2746 3328 3081 3383 honorabiles
3110 3328 3254 3395 prius
3287 3327 3430 3380 viros
3457 3326 3663 3380 caleant
3687 3366 3701 3388 ,
3733 3340 3844 3381 non

2258 3422 2461 3478 meliori
2493 3423 2545 3475 in
2574 3430 2712 3475 statu
2744 3428 2987 3474 versatur
3016 3416 3317 3487 hujusmodi
3356 3416 3543 3470 civitas
3566 3457 3582 3483 ,
3609 3431 3767 3486 quam
3797 3417 3845 3470 si

2259 3515 2493 3571 hariolos
2538 3513 2779 3567 haberet.
2820 3512 2872 3567 6.
2903 3512 3036 3579 Quia
3062 3510 3401 3581 apprehendat
3441 3510 3590 3563 homo
3632 3513 3845 3579 fratrem

2257 3623 2404 3661 suum
2442 3618 2531 3659 aut
2563 3605 2885 3659 dantesticum
2915 3604 3072 3672 patris
3116 3602 3197 3654 sui
3234 3602 3404 3653 dicens
3432 3616 3450 3653 :
3488 3599 3845 3653 Vestimentum

2260 3698 2431 3762 habes,
2466 3696 2698 3766 princeps
2724 3704 2887 3747 noster
2914 3703 3036 3754 esto,
3067 3702 3115 3745 et
3143 3691 3280 3744 cibus
3307 3706 3444 3744 meus
3472 3692 3564 3744 sub
3594 3700 3640 3743 te
3664 3690 3749 3743 sit.
3784 3689 3841 3743 7.

2263 3789 2328 3843 Et
2356 3789 2661 3858 respondens
2682 3788 2734 3839 in
2761 3788 2841 3838 die
2864 3786 2955 3839 illa
2989 3784 3116 3838 dicet
3141 3799 3159 3836 :
3181 3782 3301 3836 Non
3328 3798 3412 3836 ero
3442 3782 3673 3853 princeps
3695 3798 3716 3833 :
3740 3797 3844 3834 non

2260 3884 2392 3937 enim
2418 3891 2491 3935 est
2530 3882 2583 3933 in
2622 3882 2769 3932 domo
2799 3895 2908 3931 mea
2946 3877 3091 3947 panis
3121 3891 3278 3944 neque
3313 3876 3678 3927 vestimentum.
3722 3871 3845 3926 Non

2262 3990 2348 4027 ero
2391 3974 2619 4043 princeps
2645 3969 2819 4040 pepuli
2849 3969 3018 4038 hujus.
3047 3967 3141 4020 llic
3180 3950 3309 4019 mihi
3339 3966 3547 4019 videtur
3580 3974 3671 4017 aut
3699 3963 3847 4015 obsi-

2261 4067 2474 4120 dionem
2505 4065 2732 4133 aliquam
2773 4061 3135 4131 gravissimam
3164 4058 3520 4123 subindicarc,
3549 4072 3667 4127 qua:
3697 4056 3845 4125 ipsos

2262 4160 2315 4213 in
2345 4169 2638 4214 extremam
2683 4154 3051 4209 necessitatem
3099 4150 3511 4219 redegerit;aut
3538 4147 3655 4201 sine
3695 4147 3843 4200 obsi-

2263 4250 2421 4304 dione
2449 4250 2640 4302 famem
2670 4245 2948 4315 quamdam
2974 4242 3379 4305 intolerabilem,
3405 4240 3726 4309 multamque
3754 4254 3844 4292 re-

2265 4357 2379 4395 rum
2396 4339 2812 4395 necessariarum
2830 4335 3124 4405 penuriam.
3151 4332 3282 4388 Usus
3296 4341 3378 4385 est
3394 4341 3566 4385 autem
3578 4329 3849 4385 communi

2266 4431 2513 4501 loquendi
2562 4425 2941 4484 consuetudine
2984 4442 2997 4478 :
3039 4434 3091 4477 et
3137 4423 3273 4477 sicut
3320 4422 3468 4475 multi
3516 4421 3743 4474 dicunt:
3788 4420 3850 4473 Si

2263 4524 2594 4591 contingeret
2621 4520 2804 4574 urbem
2838 4526 2998 4571 totam
3026 4515 3185 4570 obolo
3221 4512 3564 4575 venumdari,
3595 4526 3698 4565 non
3727 4524 3853 4580 pos-

2265 4630 2377 4670 sem
2407 4615 2546 4668 illam
2585 4627 2763 4666 emere
2784 4651 2797 4674 ,
2826 4622 3118 4663 extremam
3149 4608 3227 4661 sic
3256 4614 3618 4675 paupertatem
3660 4613 3848 4657 osten-

2266 4706 2400 4761 dens
2430 4722 2443 4757 :
2471 4704 2548 4758 sic
2589 4713 2641 4757 et
2689 4701 2944 4773 propheta
2983 4698 3111 4753 dicit
3142 4716 3154 4751 :
3181 4698 3239 4751 Si
3285 4696 3609 4766 principatus
3656 4701 3850 4748 veneat

2266 4797 2583 4852 vestimento
2609 4810 2714 4848 uno
2738 4834 2753 4858 ,
2777 4803 2865 4845 aut
2893 4806 3027 4861 pane
3050 4789 3164 4842 solo
3183 4829 3198 4853 ,
3224 4802 3382 4842 nemo
3420 4787 3521 4841 erit
3548 4786 3635 4854 qui
3663 4793 3807 4839 emat
3832 4801 3848 4839 :

2268 4900 2408 4946 tanta
2430 4904 2607 4943 rerum
2627 4884 3043 4941 necessariarum
3071 4881 3287 4952 penuria
3313 4879 3433 4934 erit.
3452 4879 3505 4933 8.
3532 4878 3663 4945 Quia
3683 4876 3855 4930 disse.

2268 4986 2378 5041 luta
2412 4992 2485 5038 est
2511 4980 2796 5035 Jerusalem
2820 4994 2838 5031 :
2861 4978 2963 5032 hoc
2989 4984 3092 5041 est,
3124 4974 3373 5029 derelicta
3402 4980 3457 5027 et
3484 4972 3692 5026 deserta
3723 4977 3807 5023 est
3831 5010 3850 5035 ,

2271 5078 2364 5133 Dei
2388 5072 2717 5147 providentia
2750 5069 3036 5125 denudata.
3068 5065 3136 5119 Et
3161 5065 3347 5119 Judwa
3370 5063 3588 5117 concidit
3609 5076 3629 5115 :
3648 5069 3857 5131 pertur-

2270 5169 2502 5229 batione,
2530 5164 2737 5234 inquit,
2760 5169 2814 5216 et
2839 5159 3063 5213 tumultu
3090 5156 3289 5226 repleta
3315 5164 3397 5210 est
3418 5196 3432 5219 ,
3464 5153 3775 5209 confusione
3795 5160 3860 5205 et

2271 5260 2551 5314 seditione.
2581 5254 2647 5309 Et
2677 5254 2862 5322 linqute
2886 5266 3058 5304 eorum
3086 5264 3200 5301 cum
3226 5246 3491 5317 iniquitate
3515 5244 3593 5297 his
3616 5257 3729 5312 qua:
3746 5240 3856 5293 Do-

2271 5350 2395 5403 mini
2436 5356 2550 5401 sunt
2599 5362 2698 5398 non
2739 5343 3098 5409 obtemperant.
3144 5337 3342 5392 Deinde
3388 5348 3547 5391 causa
3590 5333 3858 5387 malorum

2273 5440 2622 5503 subnectitur,
2643 5437 2832 5505 lingua:
2855 5430 3278 5501 intemperantia.
3305 5428 3358 5483 ld
3387 5426 3527 5498 quod
3548 5426 3685 5480 Osee
3705 5438 3864 5477 coar-

2272 5533 2385 5604 guit
2424 5532 2641 5586 dicens:
2668 5524 2916 5597 Ephraim
2947 5526 3001 5577 in
3036 5522 3291 5577 interitum
3327 5520 3555 5573 abierunt
3593 5518 3645 5570 in
3685 5517 3866 5570 diebus

2273 5623 2641 5694 redargutionis
2664 5636 2681 5685 ;
2716 5621 2767 5673 in
2833 5619 3056 5671 tribubus
3104 5613 3269 5668 Israel
3316 5611 3512 5667 ostendi
3559 5609 3660 5678 ﬁde
3704 5610 3866 5679 digna

2275 5715 2428 5787 (Osee
2452 5715 2505 5770 5.
2537 5712 2591 5785 9)
2621 5729 2635 5777 ;
2667 5720 2721 5766 et
2749 5708 3032 5763 Malachias
3070 5704 3257 5762 eadem
3296 5704 3489 5758 iterum
3528 5702 3657 5759 dicit
3685 5718 3698 5754 :
3727 5697 3861 5752 Pro-

2279 5816 2440 5879 pheta:
2455 5806 2808 5877 exprobrantes
2834 5800 2895 5852 iis
2909 5799 2994 5870 qui
3011 5804 3398 5868 prouocauerunt
3418 5792 3578 5846 Deum
3601 5791 3651 5844 in
3674 5808 3874 5847 sermo-
