4102 6306
358 245 429 301 45
1642 252 1706 308 ΙΝ
1747 251 1933 308 18Α1Αέ

2040 252 2183 310 CAP.
2228 253 2317 311 IN.
3588 257 3653 311 1ἐί

356 363 498 417 nibus
518 361 618 434 (α).
650 362 720 418 Et
751 365 981 421 dixistis
1006 383 1024 420 :
1046 367 1112 421 1η
1141 385 1239 437 quo
1279 369 1652 436 provocavimus
1697 385 1807 422 eum
1829 368 1854 420 .’
1881 367 1949 421 1η

355 471 413 506 ιο
449 455 578 524 quod
619 455 790 510 dicitis
812 473 831 510 :
859 456 1047 512 Omnis
1085 461 1170 529 qui
1197 462 1317 531 facit
1347 462 1566 526 malum,
1595 461 1751 513 bonus
1785 469 1860 513 est
1896 461 1949 512 in

353 556 614 616 conspectu
642 547 882 614 Domini,
913 560 964 606 et
999 553 1052 604 in
1078 553 1150 605 eis
1192 554 1298 620 ipse
1331 552 1424 605 sibi
1457 553 1576 605 bene
1621 553 1943 620 complacuit.

358 640 421 692 Et
459 639 542 692 ubi
569 649 639 694 est
667 639 812 695 Deus
838 643 1063 712 justitiaz
1086 643 1105 713 (
1129 642 1257 696 Mal.
1287 643 1339 696 2.
1369 644 1437 698 17
1461 643 1520 712 )l
1549 644 1623 697 De
1657 644 1760 698 hoc
1803 654 1948 699 certe

354 745 409 789 et
469 735 585 804 ipse
633 744 902 802 accusat,
955 735 1151 806 duplex
1198 735 1472 806 proferens
1513 737 1714 791 crimen
1743 776 1760 803 ,
1805 737 1946 807 quod

356 844 459 882 non
505 829 684 883 solum
727 844 838 884 non
882 829 1254 900 obtemperent
1283 870 1299 896 ,
1327 846 1426 885 nec
1467 832 1640 886 solum
1684 840 1950 901 transgre-

354 921 568 974 diantur
594 920 809 990 legem;
837 938 959 976 cum
987 921 1217 977 debeant
1252 923 1349 977 bac
1396 921 1462 976 de
1505 938 1564 977 re
1606 923 1805 992 pudore
1833 923 1945 978 suf-

354 1015 502 1070 fnndi
547 1024 709 1085 atque
755 1016 1112 1082 erubescere,
1143 1031 1260 1071 sese
1303 1015 1500 1071 abdere
1527 1025 1582 1070 et
1614 1026 1772 1084 caput
1799 1016 1950 1070 incli-

357 1122 519 1168 nare;
559 1106 635 1160 illi
675 1107 857 1177 priora
903 1108 1239 1162 accumulare
1285 1107 1647 1168 contendunt.
1682 1121 1782 1161 nec
1819 1108 1946 1161 satis

354 1199 615 1254 habentes
641 1209 908 1269 prtccepta
940 1201 1276 1270 transgredi,
1307 1216 1535 1257 onerosa
1574 1218 1783 1272 quoque
1823 1217 1946 1271 pro-

351 1291 530 1345 ferunt
557 1291 719 1346 verba
745 1309 760 1345 :
785 1292 930 1346 velut
965 1292 1195 1348 famulus
1229 1295 1486 1364 quispiam
1527 1296 1832 1364 improbus,
1855 1297 1944 1364 qui

352 1380 466 1434 heri
504 1380 756 1437 mandata
789 1386 1201 1450 praetermittens
1221 1425 1236 1449 ,
1271 1384 1336 1438 ad
1374 1385 1486 1439 ha-c
1513 1386 1673 1440 etiam
1707 1386 1943 1440 insolen-

349 1487 434 1529 ter
473 1475 605 1544 agit.
635 1474 694 1529 9.
727 1474 932 1530 Idcirco
974 1493 1109 1530 nunc
1137 1478 1400 1532 humiliata
1424 1490 1495 1532 est
1535 1479 1696 1548 gloria
1718 1481 1828 1550 ejus
1851 1521 1866 1544 ,
1897 1491 1944 1533 et

348 1570 585 1639 confusio
623 1571 776 1640 faciei
819 1572 929 1639 ejus
973 1572 1158 1625 resistit
1204 1572 1293 1625 eis.
1326 1572 1525 1627 Rursus
1573 1572 1747 1626 futura
1792 1575 1940 1643 quasi

348 1667 621 1734 prazterita
648 1665 805 1731 dixit,
833 1675 1087 1720 consueta
1115 1682 1238 1721 usus
1267 1667 1558 1737 prophetiae
1589 1667 1728 1737 lege.
1759 1669 1940 1722 Ilumi-

349 1755 622 1808 iiationem
654 1764 835 1810 autem
860 1755 1046 1825 gloria:
1071 1757 1424 1827 captivitatem
1453 1769 1624 1813 vocat.
1656 1758 1770 1812 Non
1799 1759 1940 1814 enim

347 1849 579 1918 vulgaris
615 1848 853 1902 infamia:
883 1860 996 1902 erat
1020 1890 1036 1915 ,
1065 1864 1162 1904 eos
1186 1852 1274 1920 qui
1315 1866 1494 1920 regum
1525 1853 1669 1905 orbis
1698 1852 1939 1906 ordinem

351 1951 613 2004 tenerent,
641 1940 952 1995 hominibus
977 1941 1214 2010 profanis
1238 1953 1290 1997 et
1315 1943 1552 1998 barbaris
1580 1943 1788 2014 subjici.
1811 1944 1942 1999 Con-

349 2031 614 2086 fusienem
641 2047 776 2086 vero
808 2033 989 2087 vultus
1015 2033 1102 2087 hic
1135 2044 1289 2087 vocat
1321 2050 1436 2088 eam
1463 2077 1476 2101 ,
1506 2052 1624 2103 qum
1653 2053 1680 2088 a
1713 2037 1941 2105 peccatis

349 2124 536 2177 oritur.
565 2123 720 2177 Talis
757 2125 955 2194 quippe
994 2133 1112 2178 erat
1148 2140 1328 2180 eorum
1367 2127 1494 2180 vita.
1520 2126 1652 2180 Ctnn
1697 2128 1839 2182 enim
1881 2142 1940 2182 se

348 2217 492 2284 prius
512 2216 941 2271 dedecorassent
969 2232 1063 2285 per
1089 2226 1234 2286 gesta
1260 2234 1374 2285 sua,
1407 2219 1527 2273 ideo
1554 2221 1690 2275 Deus
1719 2235 1746 2272 a
1772 2220 1938 2290 gloria

347 2321 437 2359 sua
476 2307 601 2360 illos
631 2306 831 2376 dejecit
856 2349 871 2369 ,
900 2307 1089 2363 leviori
1117 2309 1331 2364 tradens
1357 2311 1614 2380 supplicio
1637 2353 1651 2375 ,
1685 2327 1841 2381 quam
1887 2313 1937 2367 id
1972 2327 1980 2336 ‘

347 2399 485 2468 quod
518 2400 623 2469 ipsi
654 2400 758 2454 sibi
797 2398 1119 2454 indixerant.
1147 2400 1261 2456 Non
1289 2402 1428 2456 enim
1461 2403 1529 2456 ita
1563 2403 1938 2472 vituperabiles

347 2501 496 2545 erant
520 2508 647 2546 cum
679 2493 910 2546 alienam
941 2503 1136 2548 terram
1161 2494 1469 2560 incolerent,
1495 2512 1653 2565 quam
1680 2512 1797 2550 cum
1829 2514 1940 2552 mc-

348 2584 592 2652 tropolim
622 2600 782 2638 suam
814 2585 1069 2640 habentes
1101 2589 1591 2654 prievaricarcntdr.
1619 2588 1766 2643 Tunc
1793 2590 1934 2643 enim

346 2693 526 2730 eorum
556 2679 800 2758 nequitia
828 2678 1313 2746 comprimebatur:
1339 2679 1390 2733 in
1420 2682 1586 2751 patria
1613 2697 1740 2735 vero
1771 2684 1939 2750 magis

345 2786 406 2825 ac
428 2773 599 2840 magis
628 2771 948 2841 augebatur.
977 2771 1219 2842 Magnum
1242 2773 1398 2842 igitur
1425 2775 1527 2828 illis
1554 2776 1809 2844 propheta
1833 2774 1930 2829 du-

343 2875 654 2918 cumentum
687 2865 876 2925 tradit,
910 2865 1101 2935 ubique
1128 2866 1354 2922 suadens
1379 2876 1437 2921 ut
1463 2878 1584 2923 ante
1623 2870 1935 2938 supplicium

343 2957 635 3024 nequitiam
677 2956 920 3026 fugiant,
951 2972 1015 3011 ac
1038 2958 1242 3027 pudore
1266 2959 1565 3029 roboreque
1608 2970 1891 3016 coerceant
1919 2981 1932 3016 :

342 3066 446 3103 non
477 3061 763 3119 postquam
789 3051 1000 3105 barbari
1032 3053 1150 3106 illos
1178 3061 1359 3122 captos
1381 3053 1662 3120 abducent,
1691 3055 1783 3110 sed
1813 3072 1932 3109 eum

341 3140 545 3207 μαῖαιιί
568 3141 813 3237 tyrattpis
836 3141 957 3195 illos
973 3142 1211 3211 captivos
1236 3144 1448 3198 tenebit.
1475 3144 1745 3199 I’eccatum
1768 3159 1934 3200 autem

343 3247 515 3294 suum,
535 3241 590 3284 ut
614 3233 666 3284 in
687 3232 953 3297 deonu's,
975 3235 1336 3287 annuutiarunt
1355 3245 1399 3288 et
1419 3237 1759 3290 ostenderunt.
1783 3240 1932 3306 Quod

348 3338 498 3391 s-rpe
535 3323 642 3378 dixi
666 3367 681 3390 ,
713 3341 854 3380 nunc
898 3327 1058 3381 etiam
1087 3328 1208 3382 dico
1236 3345 1250 3381 :
1276 3329 1416 3399 quod
1459 3330 1716 3401 propheta
1744 3349 1932 3401 nempe

353 3415 450 3468 Dei
489 3415 817 3471 clementiam
847 3419 1170 3484 ostendens,
1202 3435 1306 3475 non
1333 3436 1394 3476 ea
1425 3437 1540 3492 qua:
1571 3426 1772 3492 passuri
1812 3438 1934 3481 sunt

349 3507 633 3573 przedicat,
675 3510 768 3562 sed
805 3524 867 3564 ea
918 3526 1040 3580 quze
1069 3510 1210 3580 digni
1249 3513 1456 3570 fuerant
1501 3524 1555 3568 ut
1603 3525 1928 3584 paterentur.

345 3597 578 3652 Peccata
625 3601 812 3669 quippe
848 3601 1090 3671 ipsorum
1127 3603 1515 3659 Sodomitarum
1548 3608 1757 3676 ﬂagitiis
1787 3612 1929 3676 paria

341 3700 522 3758 erant,
555 3693 866 3762 supplicium
889 3706 1066 3750 autem
1094 3696 1279 3751 levius.
1301 3697 1415 3752 Non
1443 3701 1583 3754 enim
1617 3703 1758 3771 ipsos
1792 3705 1930 3756 radi-

339 3785 481 3839 citus
523 3786 756 3853 evulsit,
785 3803 960 3857 neque
1002 3804 1030 3842 a
1075 3787 1432 3844 fundamentis
1475 3794 1658 3849 urbem
1685 3797 1921 3862 diruit’,

341 3890 512 3944 neque
537 3877 794 3947 reliquias
819 3880 1030 3948 generis
1054 3880 1271 3934 delevit.
1305 3882 1434 3937 Illud
1469 3895 1644 3939 autem
1668 3927 1682 3950 ,
1715 3889 1926 3943 Annuu-

338 3967 525 4019 tiarunt
553 3977 602 4020 et
643 3969 1007 4038 ostenderunt,
1037 3970 1334 4027 humaniori
1377 3986 1524 4031 more
1567 3977 1766 4033 dictum
1808 3982 1923 4038 fuit.

337 4055 515 4123 Neque
543 4059 691 4112 enim
726 4059 866 4113 Deus
891 4076 1008 4130 qua:
1037 4061 1173 4116 facta
1199 4071 1325 4116 sunt
1349 4073 1470 4120 tunc
1489 4066 1664 4132 discit,
1688 4085 1808 4124 cum
1838 4073 1923 4126 illa

338 4148 486 4211 (mut,
530 4149 850 4219 (quomodo
891 4153 1052 4219 enim,
1091 4169 1211 4209 cum
1256 4156 1432 4210 omnia
1475 4158 1606 4212 sciat
1642 4171 1923 4230 antequam

337 4245 547 4316 liant?)
596 4247 694 4301 sed
741 4256 801 4302 ut
837 4249 1152 4306 calamitatis
1181 4256 1595 4324 magnitudinem
1641 4260 1922 4327 ostendat,

335 4335 400 4387 ita
430 4336 684 4405 loquutus
709 4348 814 4394 est.

399 4427 451 4480 5.
482 4427 948 4494 Quemadmodum
970 4433 1110 4488 enim
1138 4435 1262 4491 alibi
1290 4435 1444 4494 dicit:
1475 4440 1712 4495 Ascendit
1736 4443 1925 4497 clamor

336 4522 536 4576 ntulitite
560 4539 744 4576 eorum
771 4526 839 4578 ad
865 4543 942 4580 me
962 4526 1112 4597 (Gen.
1140 4529 1228 4584 18.
1255 4530 1346 4601 '20)
1363 4575 1376 4596 ,
1404 4548 1508 4587 non
1540 4535 1704 4588 Deum
1735 4540 1922 4606 procul

335 4611 658 4668 habitantem
691 4618 1056 4684 constituens,
1084 4631 1139 4675 et
1182 4623 1232 4675 in
1276 4624 1407 4678 etelo
1436 4626 1880 4684 circumscribens
1905 4674 1919 4696 ,

332 4707 436 4759 hate
466 4706 600 4762 dicit
627 4748 644 4773 ,
677 4709 777 4763 sed
807 4711 1014 4779 peccati
1044 4715 1458 4783 magnitudinem
1497 4719 1776 4777 declarans
1805 4741 1817 4776 :
1846 4726 1922 4779 sic

325 4808 373 4852 ct
403 4798 500 4854 hoc
529 4801 657 4854 loco
680 4843 698 4864 ,
732 4802 1112 4857 Aununtiarunt
1136 4846 1151 4869 ,
1187 4809 1432 4877 nequitim
1475 4814 1786 4880 gravitatem
1830 4833 1920 4870 os-

331 4891 541 4950 tendens
573 4893 731 4948 dicit.
765 4893 994 4950 Leviora
1027 4897 1172 4951 enim
1216 4912 1424 4968 peccata
1457 4904 1621 4959 latere
1657 4918 1917 4974 possunt;

329 4987 628 5054 gravissima
670 4996 860 5042 autem
905 4998 962 5042 et
1004 4991 1237 5043 maxima
1266 4994 1511 5049 omnibus
1547 5007 1669 5050 sunt
1699 5010 1821 5053 nota
1866 5011 1920 5055 et

331 5079 597 5147 conspicua
624 5120 643 5147 ,
675 5082 778 5136 etsi
827 5095 993 5136 nemo
1037 5093 1252 5137 accuset
1275 5085 1354 5138 vel
1393 5098 1594 5158 arguat.
1621 5089 1737 5158 Ipsa
1777 5095 1916 5146 enim

337 5183 432 5225 sese
459 5172 783 5226 annuntiant
826 5181 884 5226 et
929 5171 1235 5228 declarant.
1265 5173 1465 5232 Volens
1492 5193 1620 5250 ergo
1661 5183 1916 5252 propheta

336 5263 728 5332 magnitudinem
774 5264 1059 5320 malorum
1091 5265 1372 5322 ostendere
1395 5309 1409 5332 ,
1433 5269 1604 5349 dixit,
1636 5272 1920 5328 Annuntia-

338 5366 424 5408 utut
445 5365 492 5411 et
513 5359 871 5427 declararunt,
906 5357 964 5414 id
989 5365 1113 5426 est,
1143 5358 1273 5414 Cum
1302 5361 1517 5418 audacia
1538 5405 1553 5430 ,
1584 5380 1703 5420 cum
1735 5383 1920 5437 super-

1741 5457 1757 5490 Ι

379 5514 487 5582 [Hae
503 5531 684 5578 voces,
699 5509 1490 5582 nequeafundantentisurbetn
1521 5513 1677 5582 diruit
1697 5554 1709 5576 ,
1735 5522 1912 5568 desunt

323 5577 359 5624 in
378 5578 483 5639 Reg.
511 5591 562 5632 ει
589 5574 907 5637 επὺίι,,’ςρό
943 5574 1207 5623 habentur
1232 5574 1276 5620 in
1307 5576 1474 5639 Morel.
1502 5587 1553 5625 et
1591 5574 1753 5629 llavar.

360 5644 422 5703 tu)
441 5638 498 5692 in
523 5646 769 5693 Malacbia
795 5639 1010 5700 legitur
1033 5648 1050 5702 _:
1076 5639 1123 5702 o_'t
1153 5638 1476 5706 ἰξᾳρνιξύγειντε
1498 5642 1578 5686 τὸν
1599 5645 1721 5706 θεὸν
1746 5645 1791 5689 ἐν
1816 5646 1906 5692 τοῖς

309 5699 434 5764 imi;
453 5711 598 5768 ὑμῶν,
625 5705 716 5770 qui
739 5699 1137 5769 protocaeistis
1164 5699 1306 5748 Deum
1332 5702 1378 5751 in
1400 5703 1691 5753 sermonibus
1719 5707 1886 5754 vestris

2060 368 2142 422 hia
2189 383 2375 439 magna
2401 411 2415 437 ,
2447 371 2584 426 mala
2614 376 2993 444 perpetrabant
3036 377 3288 434 sineullo
3317 378 3519 448 pudore
3563 378 3645 434 vel

2057 461 2270 526 rubore;
2301 462 2394 517 sed
2426 462 2493 519 de
2521 464 2779 520 industria
2811 468 3099 538 nequitiam
3131 470 3506 539 Operabantur.

2126 551 2352 625 [mprobi
2379 557 2552 610 virtuti
2567 568 2685 611 sunt
2709 558 2913 628 infensi,
2942 559 3196 631 ipsiuiiyue
3219 564 3297 618 vel
3323 562 3643 634 praestandam

2053 661 2186 716 (egre
2216 651 2417 719 ferunt;
2438 650 2656 718 nequitia
2683 650 2738 704 in
2752 652 2918 720 seipse
2950 654 3257 722 supplicium
3277 655 3445 710 habet.
3463 686 3526 696 —
3556 654 3642 708 Va:

2054 739 2238 794 animae
2265 757 2455 806 eorum,
2478 743 2595 811 quia
2624 743 2843 798 inierunt
2875 746 3141 799 consilium
3169 747 3442 818 malignum
3469 759 3643 801 contra

2054 832 2363 902 semetipsos,
2394 832 2612 888 dicentes
2640 849 2658 888 :
2687 836 2772 890 10.
2799 835 3077 906 Alligemus
3095 839 3296 906 justum
3321 839 3440 908 quia
3457 840 3640 892 noxius

2052 932 2125 977 est
2155 924 2314 978 nobis.
2335 925 2718 995 Exsuperantia
2735 929 3007 998 nequitize,
3029 943 3148 983 cum
3177 946 3282 983 non
3312 930 3488 986 solum
3510 945 3639 999 pec-

2053 1026 2174 1071 cant
2196 1058 2211 1082 ,
2247 1033 2421 1087 neque
2443 1019 2617 1074 solum
2655 1034 2776 1075 cum
2816 1021 3034 1075 audacia
3061 1033 3285 1092 peccant
3309 1064 3324 1085 .
3353 1024 3449 1078 sed
3477 1025 3636 1079 etiam

2053 1105 2144 1163 eos
2169 1109 2257 1178 qui
2281 1109 2402 1164 talia
2425 1110 2710 1167 emendare
2739 1123 2978 1180 possunt,
2998 1113 3266 1183 rejiciuttt.
3290 1115 3639 1180 Quemadmo-

2050 1199 2174 1253 dum
2203 1201 2345 1255 enim
2372 1201 2672 1271 pbrenitide
2701 1205 2928 1274 correpti
2957 1219 3100 1274 smpe
3141 1206 3402 1261 medicum
3443 1207 3635 1262 verbe-

2052 1302 2254 1358 rarunt,
2285 1293 2362 1348 sic
2390 1304 2445 1349 et
2476 1295 2528 1348 bi
2559 1297 2863 1350 incurabilis
2891 1297 3060 1351 morbi
3093 1300 3382 1352 maximum
3417 1299 3520 1354 hoc
3545 1313 3634 1352 ar—

2047 1396 2357 1457 gumentum
2397 1389 2718 1443 exhibebant
2742 1431 2758 1453 ,
2789 1389 2928 1459 quod
2971 1391 3142 1459 justos
3181 1393 3458 1460 ejicerent.
3492 1392 3635 1447 Talis

2049 1477 2246 1546 quippe
2263 1479 2431 1532 virtus
2455 1489 2540 1533 est
2562 1498 2574 1534 :
2598 1479 2678 1534 vel
2707 1480 2876 1534 solum
2899 1495 2957 1535 se
2978 1491 3303 1546 monstrans,
3328 1483 3379 1536 in
3404 1482 3632 1551 nequitia

2050 1568 2313 1623 viventem
2343 1569 2527 1624 dolore
2554 1569 2743 1624 afficit.
2770 1569 2912 1626 Talis
2943 1581 3024 1626 est
3055 1572 3288 1641 nequitia
3313 1589 3326 1624 :
3351 1586 3418 1627 ne
3447 1588 3649 1641 reprc-.

2050 1659 2211 1715 bensa
2258 1661 2471 1730 quidem
2519 1677 2697 1732 smpe,
2724 1663 2808 1716 vel
2851 1665 3188 1732 prmsentiam
3213 1679 3396 1718 eorum
3440 1665 3530 1734 qui
3580 1665 3631 1718 in

2047 1752 2297 1822 {equitate
2341 1751 2522 1808 vivunt
2561 1754 2785 1808 moleste
2825 1753 2947 1808 iert.
2977 1755 3177 1824 Duplex
3205 1764 3382 1810 autem
3424 1755 3511 1810 hic
3551 1769 3630 1810 est

2047 1850 2334 1911 accusatio,
2357 1856 2413 1902 et
2435 1847 2576 1918 quod
2601 1847 2802 1916 justum
2827 1849 3064 1918 alligent,
3093 1858 3148 1902 et
3167 1849 3308 1918 quod
3335 1865 3460 1903 eum
3481 1849 3630 1918 quasi

2049 1941 2262 1994 noxium
2291 1938 2528 2008 alligent.
2558 1938 2783 2007 Quando
2822 1939 2982 2009 igitur
3008 1940 3128 2009 quis
3166 1939 3310 1993 utilia
3337 1954 3441 1994 non
3473 1940 3636 1994 modo

2047 2047 2154 2085 non
2192 2031 2462 2098 admittit,
2491 2032 2583 2086 sed
2615 2033 2772 2086 noxia
2796 2033 2895 2087 sibi
2931 2042 3113 2102 putat,
3143 2049 3386 2102 quaenam
3414 2033 3635 2088 demum

2046 2126 2360 2194 relinquitur
2405 2125 2790 2193 emendationis
2823 2127 3078 2181 occasio?
3107 2126 3463 2192 Quamobrem
3510 2142 3630 2195 pro-

2047 2218 2204 2285 pheta
2234 2217 2420 2271 videns
2445 2232 2538 2272 eos
2568 2217 2633 2271 ad
2663 2227 2900 2272 extrema
2928 2219 3239 2286 prorupisse
3264 2259 3278 2282 ,
3309 2233 3338 2271 a
3370 2217 3626 2272 lamenta-

2047 2307 2189 2361 tione
2223 2306 2414 2360 iterum
2444 2307 2625 2376 ineipit
2647 2348 2662 2373 ,
2689 2322 2793 2362 non
2823 2308 2891 2362 ab
2918 2310 3256 2363 accusatione
3294 2319 3349 2362 et
3389 2309 3628 2378 increpa-

2047 2399 2188 2453 tione
2211 2440 2226 2466 ,
2255 2398 2438 2453 dicens
2466 2417 2479 2453 :
2515 2399 2600 2453 Va:
2623 2401 2807 2454 anima:
2831 2417 3002 2453 eorum
3026 2416 3043 2463 ;
3071 2402 3212 2470 quod
3240 2403 3478 2470 sequitur
3505 2419 3625 2454 eum

2046 2491 2208 2545 multa
2239 2491 2514 2560 prudentia
2543 2492 2787 2554 additur,
2822 2493 2953 2560 Quia
2975 2494 3192 2546 inierunt
3219 2494 3484 2547 consilium
3519 2511 3624 2546 mu-

2045 2584 2236 2655 lignum
2278 2595 2455 2638 contra
2501 2586 2811 2655 semetipsos.
2844 2586 3002 2652 Atqui
3042 2600 3103 2639 ea
3134 2600 3253 2654 qua:
3297 2587 3429 2639 facta
3461 2595 3623 2649 sunt,

2045 2675 2289 2730 videntur
2313 2686 2496 2730 eontra
2522 2676 2723 2744 justum
2749 2686 2990 2745 suscepta
3019 2691 3138 2730 esse
3163 2693 3174 2727 :
3199 2675 3292 2731 sed
3325 2677 3367 2730 si
3398 2677 3517 2746 quis
3538 2694 3622 2730 ac—

2043 2779 2224 2824 curate
2251 2769 2622 2838 exploraverit.
2644 2785 2749 2822 non
2773 2777 2955 2823 contra
2983 2770 3292 2837 patientem,
3317 2769 3408 2821 sed
3439 2777 3622 2822 contra

2042 2876 2135 2914 cus
2185 2860 2275 2928 qui
2323 2860 2374 2914 id
2415 2861 2856 2930 aggrediebantur
2901 2861 3178 2914 consilium
3227 2871 3471 2913 vertitur.
3529 2860 3624 2913 “lC

2041 2951 2294 3006 discimus
2317 2951 2486 3005 virmn
2516 2952 2758 3022 probum,
2787 2953 2885 3006 etsi
2914 2961 3162 3005 sexcenta
3191 2953 3326 3005 mal‘a
3357 2955 3580 3020 patiatur
3606 2993 3620 3014 ,

2042 3044 2093 3098 in
2122 3045 2266 3098 nullo
2291 3044 2358 3098 ab
2385 3044 2446 3098 iis
2471 3045 2558 3114 qui
2585 3062 2645 3100 se
2673 3045 2982 3100 adoriuntur
3009 3045 3305 3098 lardendum
3335 3060 3454 3098 esse
3479 3061 3492 3107 ;
3527 3044 3621 3098 sed

2041 3151 2134 3188 eos
2162 3135 2250 3204 qui
2281 3136 2378 3204 ipsi
2405 3135 2720 3191 insidiantur
2747 3138 2922 3206 potius
2953 3137 3002 3190 in
3031 3137 3236 3202 seipsus
3263 3136 3494 3206 gladium
3523 3136 3620 3190 int-

2042 3229 2286 3297 pulsuros
2310 3243 2463 3289 sese;
2491 3236 2549 3282 ut
2586 3239 2640 3283 et
2678 3228 2729 3281 bi
2775 3229 3054 3283 faciebant.
3081 3227 3288 3281 .lustum
3318 3227 3460 3281 enim
3491 3227 3622 3280 nibii

2040 3322 2318 3385 laedebant,
2338 3338 2457 3376 cum
2473 3323 2766 3392 alligarent,
2781 3323 2874 3376 sed
2891 3324 3094 3390 seipsos
3116 3321 3166 3374 in
3192 3322 3376 3391 majori
3398 3321 3622 3392 caligine

2037 3424 2092 3468 ct
2115 3414 2399 3469 stilituditte
2424 3415 2830 3473 constituebant.
2847 3415 2971 3467 dum
3001 3415 3268 3468 lucernam
3287 3415 3353 3466 ab
3370 3430 3428 3467 se
3449 3428 3622 3465 remo-

2037 3515 2242 3560 verent.
2289 3506 2455 3575 Igitur
2484 3510 2677 3575 fructus
2705 3522 2910 3573 operum
2937 3522 3144 3559 suorum
3169 3505 3446 3558 Contedcnt.
3478 3504 3620 3558 Talis

2035 3597 2229 3665 quippe
2248 3607 2330 3650 est
2351 3596 2580 3664 nequitia
2607 3614 2618 3648 :
2646 3598 2695 3648 in
2722 3596 2893 3663 seipsa
2923 3596 3234 3664 supplicium
3264 3595 3440 3648 habet.
3469 3594 3619 3660 Quod

2034 3697 2212 3742 autem
2241 3687 2326 3742 hic
2343 3687 2490 3751 dicit,
2514 3686 2616 3740 hoc
2637 3687 2736 3740 sibi
2758 3687 2895 3739 vult:
2917 3685 3192 3739 Fructibus
3213 3687 3322 3739 suis
3343 3686 3617 3739 donaban-

2036 3788 2142 3842 tur,
2164 3777 2214 3830 in
2234 3778 2419 3845 majori
2441 3791 2499 3831 se
2511 3776 2792 3830 solitudine
2808 3776 3214 3843 constituentes,
3233 3777 3499 3845 multaque
3517 3776 3615 3830 sibi

2039 3871 2325 3940 praecipitia
2353 3870 2691 3924 adornantcs.
2723 3871 2809 3924 11.
2846 3869 2929 3923 Vte
2956 3871 3126 3938 iniquo
3152 3870 3326 3924 :mala
3347 3872 3477 3923 enim
3497 3887 3614 3924 cott-

2037 3963 2224 4032 tingent
2243 3963 2288 4015 ei
2313 3962 2589 4015 secundum
2613 3979 2766 4028 Opera
2791 3979 3031 4015 manuum
3059 3963 3185 4030 ejus.
3214 3963 3396 4016 Viden‘
3414 3980 3442 4024 a
3464 3964 3614 4018 nubis

2035 4068 2247 4122 semper
2274 4069 2576 4107 mensuram
2613 4064 2664 4107 et
2693 4055 2840 4108 initia
2868 4055 3110 4124 supplicii
3141 4057 3311 4109 oriri?
3337 4057 3461 4110 Ideo
3491 4075 3613 4126 pru-

2036 4145 2189 4212 pheta
2216 4161 2424 4201 rursum
2450 4147 2608 4216 luget.
2630 4147 2947 4202 lamentatur
2965 4164 3190 4217 seseque
3215 4160 3465 4217 macerat,
3491 4152 3611 4218 quia

2032 4237 2197 4291 iudici
2243 4238 2586 4308 sibimetipsis
2624 4241 3009 4296 insidiabantur
3033 4281 3048 4307 ,
3075 4252 3129 4295 et
3165 4243 3399 4296 atrocius
3449 4259 3609 4312 quam

2031 4329 2249 4398 quilibet
2279 4329 2445 4384 hostis
2471 4331 2692 4385 salutem
2720 4347 2867 4386 suam
2900 4332 3330 4400 pessumdabant,
3351 4350 3457 4403 quo
3486 4336 3610 4404 quid

2031 4419 2384 4474 miserabilius
2430 4419 2623 4474 fuerit?
2655 4421 2741 4475 12.
2775 4421 2971 4490 Popule
3018 4423 3086 4476 uti
3114 4465 3128 4488 ,
3161 4435 3417 4479 exactores
3463 4429 3610 4480 vestri

2030 4512 2280 4565 demetunt
2309 4528 2414 4566 vos.
2447 4513 2641 4581 Optimi
2678 4515 2914 4568 doctoris
2950 4525 3063 4579 est,
3094 4518 3356 4573 sermonis
3389 4521 3612 4573 varieta-

2030 4615 2133 4661 tem
2175 4606 2365 4661 afferre
2390 4648 2402 4670 ,
2437 4622 2608 4676 neque
2648 4623 2965 4678 exasperare
2992 4620 3192 4664 tantum
3215 4653 3228 4675 ,
3257 4628 3427 4680 neque
3449 4615 3612 4668 etiam

2030 4716 2241 4769 semper
2281 4711 2615 4754 manSuetum
2664 4701 2917 4768 reddere;
2946 4703 3038 4757 sed
3089 4720 3227 4758 nunc
3272 4705 3396 4759 illud
3424 4746 3437 4768 ,
3471 4723 3616 4759 nunt-

2028 4791 2166 4844 aliud
2218 4800 2446 4844 tractare
2486 4791 2730 4860 loquendi
2771 4809 2973 4861 genus,
3008 4803 3062 4846 ut
3099 4811 3164 4848 ex
3212 4795 3310 4850 hac
3353 4798 3611 4850 mixtione

2028 4883 2188 4935 multa
2218 4895 2466 4951 exsurgat
2507 4884 2726 4937 utilitas.
2758 4885 2957 4938 ldeireu
3003 4888 3256 4954 prepbeta
3305 4904 3408 4942 non
3449 4892 3611 4945 modo

2027 4973 2248 5036 incusat,
2280 4974 2374 5027 sed
2400 4975 2555 5027 etiam
2587 4975 2746 5044 luget,
2771 4977 2908 5043 quod
2932 4981 3143 5046 gravius
3169 4989 3250 5033 est
3281 4980 3391 5046 ipsa
3421 4981 3598 5032 crimi-

2027 5064 2258 5124 natione,
2286 5063 2377 5116 sed
2407 5065 2667 5118 minorem
2697 5068 2832 5135 parit
2863 5067 3100 5120 dolorem
3128 5086 3139 5119 :
3164 5070 3411 5137 quodque
3443 5071 3601 5121 mira--

2025 5153 2130 5208 bile
2156 5165 2237 5210 est
2261 5197 2275 5218 ,
2302 5157 2356 5208 in
2393 5157 2635 5226 graviore
2679 5161 2933 5216 incisione
2969 5163 3293 5216 moderatior
3321 5173 3402 5216 est
3427 5163 3596 5219 dolor.

2024 5245 2204 5318 Neque
2234 5249 2400 5302 solum
2434 5251 2592 5317 luget,
2614 5252 2705 5305 sed
2728 5253 2884 5306 etiam
2912 5265 3080 5316 sanat,
3105 5255 3372 5323 aliumque
3394 5271 3596 5310 rursum

2024 5339 2320 5394 mirabilem
2367 5341 2622 5396 doctrina:
2668 5342 2858 5412 ingerit
2901 5345 3137 5399 modum.
3177 5344 3306 5411 Quis
3347 5346 3436 5400 ille
3479 5350 3603 5402 est?

2024 5430 2171 5496 Quod
2202 5447 2306 5485 non
2335 5432 2491 5487 simul
2519 5449 2704 5488 omnes
2731 5437 2983 5502 increpet,
3012 5437 3104 5490 sed
3134 5438 3382 5504 pupulum
3403 5455 3432 5492 a
3459 5443 3602 5510 prin-

2024 5523 2228 5590 cipibus
2251 5523 2480 5588 dividat,
2512 5535 2563 5578 et
2595 5526 2644 5578 in
2692 5527 2899 5579 illorum
2933 5539 3089 5595 caput
3119 5530 3338 5584 crimina
3374 5547 3598 5588 convcr-

2026 5623 2114 5667 tat.
2147 5614 2369 5668 Tantum
2399 5617 2538 5670 Cltilll
2565 5631 2644 5670 est
2676 5621 2724 5671 in
2758 5620 2852 5671 liae
2882 5621 3132 5685 arguendi
3165 5625 3341 5690 specie
3372 5627 3595 5684 illi.‘l'llltt,

2032 5717 2084 5759 ut
2116 5706 2163 5760 id
2198 5706 2401 5775 Moyses
2442 5714 2667 5767 maxime
2696 5713 3055 5782 ii‘tgquentarit.
3086 5714 3132 5770 is
3160 5717 3297 5773 enim
3324 5738 3442 5774 eum
3472 5736 3589 5778 om-
