4102 6306
571 269 642 324 47
1315 268 1372 323 S.
1411 266 1689 323 JOANNIS
1710 267 2186 332 CHRYSOSTOMI
2211 275 2526 335 ARCHIEP.
2575 282 3102 350 CONSTANTINOP.
3784 312 3845 368 ιδ
3866 219 3891 239 Ι

570 398 665 441 nes
689 391 869 441 essent
886 380 1199 438 criminibus
1220 380 1454 449 obnoxii,
1477 383 1542 439 ad
1568 384 1832 456 principes
1853 401 2155 443 sermonem

567 478 727 531 vortit
748 494 764 530 :
789 476 903 546 ipse
931 489 1059 529 vero
1088 472 1298 545 Moyses
1324 489 1445 529 cum
1474 476 1607 531 vidit
1632 478 1885 547 populum
1919 481 2158 533 maxime

566 565 1021 637 prmvaricationis
1061 564 1225 621 fuisse
1249 574 1521 622 auctorem
1546 606 1563 633 ,
1590 569 1857 625 Aaronem
1887 583 2015 624 vero
2051 584 2154 624 non

560 668 711 716 mnta
756 658 1119 729 increpatione
1145 659 1362 730 dignum
1389 674 1510 716 esse
1532 701 1549 726 ,
1576 659 1810 716 dimissis
1853 662 1918 716 iis
1944 663 2033 732 qui
2062 663 2157 718 ad-

564 750 781 807 modum
820 749 899 805 rei
926 758 1103 818 erant,
1131 749 1198 805 ad
1227 750 1406 806 minus
1435 765 1584 805 reum
1615 752 2007 808 accusationem
2036 769 2157 808 ver-

564 845 660 911 tit,
687 858 782 915 per
802 843 1028 899 crimina
1056 842 1155 913 ipsi
1182 841 1392 912 objecta
1418 843 1759 901 conscientia:
1796 834 2032 915 ipsorum
2062 862 2155 904 re-

559 937 809 1008 linquens
832 973 850 1001 ,
876 944 934 991 ut
970 948 1029 990 se
1056 934 1261 1004 majore
1286 934 1549 1005 supplicio
1587 934 1779 1007 dignos
1810 936 2148 1007 judicarent:

559 1029 703 1102 quod
726 1030 884 1085 etiam
910 1028 1109 1083 evenit.
1135 1026 1316 1097 Neque
1342 1027 1485 1083 enim
1505 1041 1640 1099 opus
1660 1028 1976 1086 habuitaliis
1998 1030 2155 1087 dein-

558 1135 688 1192 cepe
720 1120 1059 1177 sermonibus
1098 1118 1352 1189 populum
1383 1119 1613 1190 alloqui;
1640 1120 1735 1175 sed
1764 1120 1894 1177 satis
1934 1119 2153 1178 fuerunt

560 1229 728 1286 pauca
777 1214 865 1269 illa
910 1213 1071 1269 verba
1116 1212 1312 1266 Aaroni
1355 1211 1532 1277 dicta,
1561 1220 1619 1266 ut
1666 1221 1745 1269 tot
1771 1213 1966 1281 millia,
1997 1215 2150 1284 quasi

558 1320 723 1364 unum
764 1306 1032 1361 hominem
1078 1305 1533 1375 comprimerent;
1566 1313 1622 1360 et
1656 1320 1688 1359 a
1733 1304 1823 1360 tali
1872 1302 2150 1362 ferocitate

554 1401 884 1472 audaciaque
914 1402 965 1457 in
990 1412 1285 1459 extremum
1316 1402 1562 1458 timorem
1592 1417 1953 1475 angoremque
1980 1401 2148 1458 dedu-

558 1503 764 1550 cerent.
788 1495 940 1563 Quod
962 1510 1083 1551 cum
1112 1495 1430 1566 praevideret
1450 1495 1679 1568 Moyses,
1711 1496 1891 1550 statim
1920 1495 2147 1551 descen-

557 1591 595 1647 d
613 1602 689 1643 'ns
716 1588 919 1644 talmlas
944 1588 1194 1660 projecit,
1219 1598 1274 1644 et
1307 1588 1505 1643 Aaroni
1531 1588 1700 1645 dixit:
1729 1588 1864 1654 Quid
1893 1588 2011 1658 fecit
2058 1588 2148 1643 tibi

545 1649 777 1758 impulsis
802 1681 884 1734 hic
912 1721 927 1748 ,
944 1649 1076 1750 ⁸ιμιὶὶι
1104 1649 1264 1752 fecisti
1292 1696 1404 1735 eum
1430 1679 1678 1751 gaudium
1700 1649 1919 1734 inimicis
1947 1678 2143 1751 (Exod.

559 1773 645 1827 as.
677 1772 807 1845 et)?

628 1864 682 1919 6.
714 1864 823 1919 Hoc
847 1874 902 1921 et
926 1863 1011 1920 hic
1032 1864 1289 1936 propheta
1318 1864 1463 1930 facit,
1492 1872 1844 1936 sanctumque
1871 1864 2021 1921 illum
2047 1864 2147 1921 du-

559 1954 866 2024 plici'modo
890 1956 1143 2011 imitatur.
1174 1956 1291 2011 Non
1321 1958 1465 2012 enim
1504 1957 1679 2012 solum
1721 1965 1852 2012 tunc
1874 1957 2146 2013 accusavit

559 2048 785 2121 Moyses,
814 2050 920 2103 imo
941 2050 1102 2105 etiam
1122 2049 1351 2104 dolentis
1377 2064 1661 2119 personam
1687 2049 1977 2120 assumpsit
1994 2091 2010 2116 ,
2036 2049 2144 2106 sic-

557 2156 660 2211 que
684 2141 1072 2195 accusationem
1102 2142 1346 2195 instituit.
1377 2141 1450 2195 Ita
1479 2149 1534 2195 et
1554 2141 1639 2196 hic
1660 2150 1944 2211 utrumque
1970 2142 2141 2196 imita-

558 2243 641 2286 tus
671 2240 752 2287 est
778 2231 846 2286 dit
865 2247 961 2287 ens
991 2248 1005 2284 :
1042 2230 1240 2300 l’opule
1269 2232 1336 2284 nti
1361 2271 1378 2297 ,
1421 2240 1675 2285 exactores
1703 2231 1852 2284 vestri
1893 2232 2146 2286 demetunt

554 2340 658 2376 ros.
697 2321 827 2376 Nam
857 2334 909 2376 et
944 2322 1061 2377 illos
1092 2322 1393 2389 incusavit,
1421 2330 1475 2377 et
1496 2322 1646 2391 quasi
1673 2336 1795 2377 cum
1823 2322 2019 2392 populo
2041 2322 2142 2378 do-

556 2414 670 2467 lens
702 2413 815 2468 haec
850 2413 1001 2468 dixit.
1050 2413 1336 2468 Exactores
1361 2422 1541 2468 autem
1580 2413 1666 2467 hic
1693 2427 1887 2468 vocare
1914 2414 2142 2481 videtur,

554 2519 648 2560 uos
695 2505 783 2575 qui
828 2514 1075 2575 repetunt
1105 2522 1121 2559 :
1151 2520 1253 2576 ego
1288 2519 1413 2560 vero
1453 2514 1582 2575 puto
1622 2504 1796 2575 ipsum
1824 2516 2063 2577 raptores
2092 2516 2147 2562 et

553 2614 746 2655 avaros
772 2615 956 2655 eorum
981 2598 1354 2664 subindicare;
1403 2598 1485 2654 sin
1514 2598 1689 2653 minus
1720 2598 1842 2668 hoc,
1872 2609 2019 2655 certe
2046 2599 2144 2654 tri-

557 2696 804 2749 butorum
835 2695 1170 2750 collectores.
1208 2693 1307 2748 Hic
1343 2691 1460 2762 ejus
1486 2691 1609 2747 vide
1641 2692 1993 2763 prudentiam.
2026 2691 2141 2747 Non

557 2789 700 2843 enim
725 2803 840 2844 rem
863 2788 1147 2857 improbat,
1169 2787 1262 2843 sed
1290 2785 1688 2841 immoderatam
1715 2787 2001 2842 rationem.
2027 2786 2142 2841 Non

557 2881 750 2949 quippe
778 2879 944 2945 dixit,
972 2878 1229 2947 lixigunt,
1258 2877 1352 2932 sed
1372 2917 1389 2943 ,
1423 2875 1685 2929 Demetunt
1710 2894 1724 2941 ;
1772 2876 1824 2931 id
1854 2886 1955 2944 est,
1985 2876 2089 2933 Vos
2113 2893 2143 2932 a

561 2971 896 3027 laettlmtihus
925 2970 1219 3034 denudent,
1259 2964 1547 3025 exactionis
1583 2967 1807 3022 obtentu
1847 2983 1950 3024 vos
1972 2966 2144 3022 omni-

560 3064 658 3117 lms
700 3062 950 3132 spoliant.
1002 3060 1115 3115 Hoc
1144 3067 1319 3115 autem
1359 3059 1577 3127 protulit
1612 3060 1829 3114 verbum
1861 3075 1926 3114 ex
1968 3068 2143 3116 meta-

560 3157 725 3225 phora
745 3153 1143 3209 demetentium.
1174 3152 1451 3207 Demetere
1474 3151 1614 3205 enim
1642 3152 1834 3206 dicitur
1860 3161 1978 3221 post
2005 3166 2145 3208 mes-

558 3264 673 3304 sem
704 3249 878 3319 lapsas
901 3262 932 3303 e
958 3247 1200 3301 manibus
1228 3246 1542 3300 metentium
1569 3245 1743 3314 Spicas
1767 3244 2041 3314 colligere,
2088 3254 2143 3299 et

560 3342 690 3397 nihil
719 3340 938 3398 omnino
968 3339 1019 3395 in
1049 3353 1179 3393 arvo
1207 3337 1506 3408 relinquere
1533 3352 1550 3392 :
1578 3336 1718 3407 quod
1744 3337 1796 3391 hi
1829 3348 1953 3392 tunc
1973 3336 2135 3391 facie-

559 3435 705 3499 haut,
732 3434 1009 3490 universas
1034 3430 1307 3487 facultates
1331 3430 1676 3501 abripientes,
1712 3445 1775 3483 ac
1801 3428 1971 3483 nudos
1997 3428 2142 3497 ipsos

560 3526 937 3597 relinquentes.
969 3523 1037 3580 Et
1062 3533 1316 3579 exactores
1343 3522 1669 3576 dominantur
1688 3521 1859 3575 vestri.
1885 3520 2146 3591 Quodque

560 3617 770 3687 gravius
797 3626 929 3684 erat,
977 3631 1151 3686 neque
1177 3615 1263 3671 hic
1300 3614 1536 3669 avaritiae
1576 3612 1787 3668 termini
1825 3621 1997 3676 erant,
2049 3610 2143 3666 sed

560 3711 893 3782 tyrannidem
914 3711 1048 3766 ultra
1074 3708 1494 3781 promovebant,
1524 3706 1763 3762 servituti
1801 3706 2144 3777 subjicientes

560 3819 653 3860 nos
673 3803 762 3873 qui
790 3802 942 3858 liberi
971 3811 1139 3856 erant.
1174 3800 1371 3871 Papule
1397 3800 1501 3863 mi,
1528 3800 1613 3870 qui
1644 3816 1730 3854 vos
1754 3798 1928 3852 dicunt
1952 3798 2141 3859 beatos,

562 3894 813 3963 decipiunt
846 3908 951 3945 vos.
994 3891 1089 3945 llic
1118 3891 1246 3945 mihi
1272 3891 1479 3946 videtur
1506 3888 1995 3960 pseudoprophetas
2020 3888 2143 3943 sub-

564 3983 827 4047 indicare,
873 3981 958 4035 vel
982 3995 1076 4035 eos
1115 3981 1203 4049 qui
1242 3979 1310 4033 ad
1352 3980 1574 4049 gratiam
1606 3980 1735 4048 ipsis
1770 3980 2143 4049 loquebantur,

561 4073 700 4138 utiod
714 4081 967 4127 extrema:
987 4071 1304 4139 corruptela:
1329 4071 1522 4139 ubique
1540 4084 1697 4123 causa
1726 4080 1826 4124 est.
1849 4070 2146 4124 Nocumen-

564 4181 675 4224 tum
702 4168 863 4238 igitur
898 4166 1022 4222 inde
1060 4165 1379 4235 proveniens
1415 4174 1473 4217 ut
1500 4162 1799 4217 declararet
1827 4163 2101 4232 subjunxit
2130 4180 2142 4215 :

563 4259 632 4314 Et
656 4259 886 4313 semitam
928 4256 1113 4327 pedum
1156 4266 1430 4309 vestrorum
1472 4252 1672 4306 turbant
1704 4267 1724 4306 :
1754 4253 1855 4306 hoc
1883 4262 1996 4317 est,
2028 4252 2143 4307 Non

560 4353 740 4406 sinunt
768 4357 910 4405 recte
937 4347 1202 4418 progredi,
1230 4346 1599 4402 subvertentes
1617 4385 1633 4411 ,
1662 4344 2032 4409 dissolventh
2062 4358 2146 4398 se-

560 4444 773 4513 gniores
797 4454 893 4495 vos
920 4439 1224 4495 reddentes.

631 4533 771 4587 Deus
782 4534 869 4604 jus
896 4534 1069 4587 dicens
1090 4530 1151 4583 ab
1180 4528 1319 4584 Isaia
1342 4529 1620 4583 inducitur.
1652 4526 1884 4597 Stupidis
1916 4525 2147 4579 accusari

561 4642 659 4678 non
682 4641 865 4696 grave,
897 4624 1046 4689 plecti
1076 4622 1308 4677 terribile.
1352 4620 1571 4675 Peccata
1601 4618 1883 4689 priuetpum
1910 4627 1956 4670 et
1983 4617 2148 4669 senio-

561 4734 673 4769 rum
716 4718 913 4788 majora
952 4716 1264 4787 privatorum
1295 4716 1603 4783 peccatis.—
1632 4713 1718 4768 15.
1745 4710 1850 4765 Sed
1874 4726 2007 4762 nunc
2027 4725 2147 4762 con-

560 4809 795 4863 stituetur
820 4808 874 4861 in
892 4808 1146 4879 judicium
1169 4804 1415 4860 Dominus
1433 4845 1454 4867 ,
1478 4814 1525 4859 et
1546 4814 1723 4858 statuet
1744 4803 1985 4874 papulum
1999 4817 2148 4854 suum

560 4902 628 4955 ad
648 4900 902 4973 judicium
934 4915 953 4954 :
978 4900 1064 4954 14.
1093 4900 1198 4970 ipse
1225 4898 1470 4952 Dominus
1488 4898 1555 4950 ad
1582 4897 1829 4964 iudicium
1852 4895 2009 4949 ueniet
2035 4910 2148 4948 cum

560 4992 845 5049 senioribus
882 4991 1089 5064 pepuli,
1130 5001 1178 5045 et
1202 5006 1316 5044 cum
1338 4988 1647 5060 principibus
1678 4988 1925 5059 ipsarum.
1959 4985 2148 5041 Adhuc

562 5088 613 5141 in
661 5086 850 5142 eadem
899 5093 1101 5155 perstat
1146 5084 1492 5140 correctionis
1532 5081 1742 5152 Specie,
1787 5096 1817 5135 a
1842 5081 2040 5153 populo
2078 5080 2145 5135 ad

562 5178 803 5235 seniores
827 5186 883 5233 et
924 5174 991 5231 ad
1037 5175 1302 5245 principes
1349 5172 1764 5242 increpationem
1812 5181 2045 5235 vertens,
2083 5184 2147 5225 ac

565 5285 867 5325 sermonem
899 5268 1129 5324 reddens
1156 5266 1566 5331 terribiliorem;
1616 5264 1793 5335 ipsum
1824 5277 1951 5319 vero
1978 5263 2148 5319 Deum

568 5364 765 5419 inducit
782 5362 872 5434 jus
889 5364 1159 5420 dicentem
1175 5372 1231 5418 et
1247 5361 1692 5417 condettmatttcm
1723 5372 1815 5412 :ac
1832 5357 1897 5411 de
1913 5357 2149 5427 peccatis

564 5466 747 5511 contra
774 5455 1027 5525 populum
1049 5450 1368 5525 perpetratis
1391 5458 1727 5504 accusantem
1750 5463 1843 5503 eos
1862 5449 1953 5518 qui
1984 5463 2151 5519 popu-

566 5548 674 5604 lum
710 5549 975 5604 lmdebant
996 5548 1038 5604 ¹.
1088 5546 1441 5615 Quamobrem
1486 5544 1737 5600 dicebat:
1769 5542 1836 5598 Et
1864 5560 1995 5598 nunc
2022 5561 2146 5599 con—

632 5708 650 5740 ¹
686 5714 774 5756 Pro
798 5706 967 5765 verbo,
990 5703 1247 5764 laederent,
1272 5700 1487 5766 Savil._in
1513 5707 1652 5766 textu
1676 5699 1835 5766 effert.
1861 5698 2145 5766 aﬂiigebant,

572 5774 615 5821 in
644 5778 754 5821 uota
795 5763 961 5818 autent
994 5766 1246 5830 profitetur
1265 5778 1322 5816 se
1345 5763 1508 5826 malle,
1531 5764 1875 5829 gubetmbant.

2268 392 2501 450 stituetur
2524 397 2593 450 ad
2611 401 2863 470 judicium
2900 403 3172 463 Dominus.
3218 409 3354 479 Quia
3378 415 3523 471 enim
3551 427 3846 480 accusando

2264 499 2567 543 sermonem
2590 498 2956 565 consumpsit,
3000 499 3064 555 iis
3092 516 3219 557 vero
3253 504 3345 575 qui
3375 507 3556 564 animo
3583 522 3707 568 sunt
3731 524 3843 570 stu-

2264 579 2388 648 pido
2413 585 2645 639 accusari
2686 602 2793 642 non
2831 589 3117 648 admodum
3154 610 3319 665 grave
3356 608 3475 665 est,
3519 605 3690 671 puniri
3718 621 3841 663 vero

2262 674 2497 731 terribile
2520 716 2534 740 ,
2561 677 2666 743 ait,
2704 679 2808 735 Res
2834 696 2941 737 non
2969 684 3022 738 in
3059 689 3403 745 accusatione
3429 698 3637 749 tantum
3664 700 3841 753 consi-

2259 775 2396 835 stet,
2429 769 2523 826 sed
2564 771 2695 827 ultio
2720 785 2931 843 peccata
2962 789 3235 849 sequetur,
3267 782 3359 836 illo
3384 784 3474 854 qui
3500 784 3845 847 damnaturus

2258 868 2342 913 est
2367 875 2553 930 pinnas
2581 864 2795 920 demum
2819 868 3096 938 exigente,
3128 882 3183 927 et
3221 874 3478 932 adversus
3522 883 3843 948 praevarica-

2259 960 2403 1009 tores
2440 954 2526 1024 jus
2566 955 2797 1015 dicente.
2843 960 2994 1029 Quod
3031 975 3180 1021 certe
3218 972 3718 1039 attemperationem
3752 976 3841 1031 Dei

2255 1046 2477 1101 multam
2497 1050 2764 1119 ostendit,
2792 1054 2882 1123 qui
2910 1055 3037 1111 velit
3063 1057 3227 1113 etiam
3253 1074 3377 1115 cum
3408 1062 3473 1117 iis
3499 1064 3682 1122 subire
3705 1066 3843 1136 judi-

2255 1137 2394 1192 cium
2419 1179 2434 1204 ,
2465 1155 2530 1195 ac
2557 1156 2859 1198 sermonem
2897 1147 3058 1203 vertit
3081 1148 3147 1205 ad
3174 1152 3514 1209 excitandum
3561 1157 3840 1226 pudorem,

2255 1227 2308 1283 id
2345 1229 2487 1300 quod
2526 1242 2673 1289 certe
2720 1234 3067 1309 intelligentia
3095 1240 3349 1311 praeditos
3377 1244 3429 1299 in
3454 1260 3726 1303 summum
3747 1265 3838 1305 an.

2252 1334 2435 1389 gorem
2464 1323 2733 1393 conjicere
2761 1328 2916 1384 solet.
2972 1329 3155 1401 Neque
3184 1333 3359 1389 solum
3396 1335 3468 1391 ob
3497 1351 3614 1393 eam
3639 1378 3657 1407 ,
3688 1355 3841 1410 quam

2252 1424 2412 1482 supra
2436 1412 2563 1478 dixi,
2588 1431 2800 1474 causam
2820 1419 2885 1473 ad
2908 1419 3175 1492 principes
3200 1432 3255 1480 ct
3276 1426 3516 1484 seniores
3534 1444 3838 1488 sermonem

2251 1510 2557 1565 convertit:
2588 1511 2682 1566 sed
2732 1520 2789 1566 ut
2815 1527 3002 1569 omnes
3036 1514 3256 1584 doceat,
3305 1520 3579 1588 graviores
3620 1521 3841 1579 daturos

2251 1611 2371 1653 esse
2397 1613 2582 1669 pinnas
2608 1601 2873 1674 principes
2890 1645 2907 1672 ,
2935 1621 3094 1676 quam
3126 1607 3387 1665 subditos.
3416 1603 3675 1668 Subditus
3700 1614 3838 1670 enim

2252 1701 2351 1758 pro
2377 1704 2438 1745 se
2472 1700 2673 1748 tantum
2696 1735 2711 1760 ,
2754 1695 3001 1767 princeps
3037 1713 3164 1754 vero
3202 1715 3299 1770 pro
3326 1701 3506 1773 seipse
3534 1713 3589 1761 et
3614 1721 3717 1776 pro
3745 1722 3841 1777 po-

2181 1807 2195 1819 -
2229 1782 2397 1852 .pulo,
2426 1784 2479 1839 in
2505 1800 2663 1856 quem
2693 1788 2793 1858 ipsi
2816 1789 3095 1860 imperium
3125 1793 3374 1850 traditum
3405 1806 3522 1863 est,
3550 1797 3644 1853 dat
3674 1800 3841 1854 ratio-

2251 1890 2373 1931 nem
2411 1893 2426 1931 :
2463 1886 2518 1933 et
2558 1892 2587 1931 a
2632 1880 2931 1937 senioribus
2974 1898 3186 1954 quoque
3227 1900 3333 1940 non
3381 1886 3650 1943 immerito
3700 1898 3843 1944 tanta

2252 1968 2540 2038 requiritur
2565 1969 2855 2041 diligentia.
2910 1974 3063 2040 Quod
3105 1977 3245 2031 enim
3278 1977 3384 2034 illis
3411 1988 3495 2035 est
3532 1980 3839 2050 imperium,

2250 2058 2478 2128 idipsum
2504 2060 2619 2116 istis
2644 2071 2792 2117 aetas.
2828 2064 3026 2135 Dignus
3049 2066 3190 2122 enim
3222 2076 3306 2124 est
3332 2069 3491 2125 etiam
3508 2070 3694 2141 junior
3718 2087 3839 2126 cor—

2249 2151 2490 2221 reptione
2517 2153 2560 2206 si
2586 2154 2819 2221 graviter
2853 2167 3069 2225 peccet;
3119 2159 3213 2214 sed
3259 2160 3353 2216 ille
3384 2162 3476 2231 qui
3508 2177 3607 2231 per
3626 2173 3840 2218 a3tatem

2250 2243 2637 2299 immunitatem
2659 2255 2741 2300 est
2764 2246 3019 2318 adeptus,
3048 2264 3220 2319 neque
3252 2260 3328 2305 tot
3353 2252 3640 2308 affectuum
3665 2254 3839 2309 flucti-

2211 2349 2231 2372 ο
2249 2334 2349 2389 bus
2373 2334 2665 2399 obsidetur,
2693 2337 2778 2391 cui
2810 2347 3099 2408 temperate
3120 2340 3302 2397 vivere
3326 2341 3531 2399 facilius
3558 2354 3665 2408 est,
3698 2355 3755 2399 et
3775 2345 3841 2400 ah

2248 2426 2365 2481 aliis
2403 2427 2748 2483 saecularibus
2795 2430 2956 2485 rebus
2998 2430 3141 2486 nullo
3181 2432 3399 2503 negotio
3445 2434 3719 2490 abstinere
3747 2450 3839 2505 po-

2251 2529 2373 2585 test,
2401 2528 2455 2575 et
2498 2536 2676 2575 rerum
2714 2523 3038 2591 experientia
3066 2523 3325 2593 majorem
3355 2525 3584 2594 adeptus
3606 2526 3839 2595 pruden-

2251 2617 2375 2669 tiam
2397 2632 2410 2681 ;
2433 2615 2553 2685 jure
2578 2619 2777 2685 majore
2800 2632 2956 2687 quam
2975 2618 3061 2671 alii
3083 2633 3271 2674 omnes
3285 2618 3626 2673 damnatione
3648 2619 3839 2689 dignus

2248 2716 2349 2771 est,
2378 2715 2562 2776 utpote
2589 2708 2678 2777 qui
2716 2709 2982 2778 juvenum
3010 2708 3278 2763 lasciviam
3306 2710 3361 2763 in
3387 2720 3637 2778 provecta
3683 2720 3837 2765 aetate

2248 2798 2567 2854 exhibuerit.
2604 2799 2704 2854 Vos
2731 2811 2899 2854 autem
2924 2816 3015 2853 cur
3051 2801 3343 2855 incendistis
3362 2800 3555 2855 vinea'm
3577 2818 3761 2866 meam,
3791 2811 3835 2855 et

2247 2893 2431 2960 rapina
2468 2892 2705 2961 pauperis
2744 2903 2816 2946 est
2859 2892 2913 2945 in
2952 2893 3181 2946 domibus
3224 2892 3442 2946 vestris?
3491 2892 3704 2963 Ubique
3733 2894 3835 2948 Deo

2249 2999 2437 3054 magna
2463 2984 2787 3052 providentia
2809 2993 2891 3039 est
2914 2999 3037 3054 erga
3059 2999 3153 3039 eos
3176 2985 3264 3054 qui
3288 2985 3476 3054 injuria
3499 2985 3831 3042 afficiuntur:

2247 3090 2310 3130 ac
2336 3090 2439 3130 non
2466 3076 2639 3130 minus
2660 3116 2675 3140 ,
2705 3076 2813 3129 imo
2837 3075 3120 3146 aliquando
3162 3076 3281 3146 plus
3307 3076 3606 3146 indignatur
3625 3077 3698 3132 de
3718 3094 3837 3149 pec-

2248 3171 2380 3226 catis
2420 3185 2542 3241 crga
2588 3183 2914 3235 conservos,
2960 3184 3121 3239 quam
3161 3167 3229 3224 de
3272 3170 3504 3240 peccatis
3534 3170 3587 3224 in
3636 3170 3831 3239 ipsum.

2251 3260 2457 3315 Etenim
2486 3260 2723 3330 permisit
2744 3269 2800 3313 ut
2824 3259 2870 3314 is
2889 3260 2979 3329 qui
2998 3259 3334 3315 fornicariam
3355 3256 3571 3315 haberet
3590 3276 3831 3323 uxorem,

2250 3351 2392 3405 illam
2422 3351 2713 3419 expelleret
2733 3348 2946 3421 (Matth.
2967 3351 3020 3406 5.
3045 3351 3156 3420 52),
3187 3351 3435 3420 gentilcm
3454 3366 3580 3407 vero
3605 3367 3836 3407 uxorem

2248 3458 2437 3509 secus;
2476 3443 2600 3497 licet
2631 3443 2733 3497 hoc
2760 3450 3034 3512 peccatum
3066 3453 3249 3497 contra
3280 3443 3450 3513 ipsum
3481 3451 3666 3509 esset,
3696 3444 3833 3498 aliud

2249 3539 2323 3607 (Ι.
2354 3537 2470 3592 Cor.
2500 3537 2552 3591 7.
2582 3536 2673 3605 12)
2702 3552 2829 3591 vero
2852 3546 3034 3590 contra
3068 3534 3358 3590 hominem.
3401 3535 3469 3590 Et
3497 3536 3671 3591 hostia
3701 3552 3835 3606 prmo

2248 3638 2420 3696 sonte,
2446 3628 2603 3698 jussit
2626 3627 2923 3697 relinquere
2952 3642 3166 3694 munus,
3196 3642 3295 3682 nec
3320 3636 3444 3682 ante
3468 3626 3595 3682 illud
3616 3627 3831 3693 oﬂ‘errc,

2249 3736 2557 3791 quamcum
2601 3720 2763 3774 fratre
2812 3719 3243 3774 reconciliaretur
3283 3719 3365 3783 is,
3412 3721 3503 3790 qui
3532 3721 3834 3789 proximum

2248 3816 2542 3873 offenderat
2570 3814 2779 3882 (Matth.
2811 3814 2865 3870 5.
2891 3813 2982 3870 25.
3008 3813 3125 3884 24).
3176 3813 3385 3868 Etcum
3409 3812 3477 3868 de
3518 3814 3609 3867 illo
3630 3812 3834 3883 judica-

2249 3910 2325 3964 vit
2348 3908 2440 3979 qui
2466 3908 2644 3963 decics
2669 3906 2816 3961 mille
2842 3906 3035 3960 talenta
3063 3904 3441 3971 devoraverat,
3460 3918 3583 3958 cum
3611 3903 3682 3959 de
3711 3918 3831 3972 pec—

2249 4002 2381 4057 catis
2405 4008 2588 4055 contra
2617 4013 2674 4052 se
2702 3997 3001 4051 commissis
3033 3995 3180 4051 illum
3209 4004 3506 4062 accusaret,
3537 4011 3640 4049 non
3662 3996 3832 4063 ipsum

2252 4107 2477 4161 nequam
2513 4088 2827 4161 appellavit,
2873 4087 2966 4142 sed
3007 4088 3113 4141 cito
3153 4102 3273 4141 cum
3320 4086 3411 4141 illo
3459 4087 3833 4142 reconciliatus

2249 4197 2351 4253 est,
2384 4196 2656 4255 totumque
2680 4182 2919 4237 debitum
2953 4180 3155 4235 dimisit
3182 4180 3263 4246 ei;
3298 4189 3353 4233 at
3379 4195 3499 4235 cum
3529 4179 3596 4234 de
3616 4191 3831 4234 centum

2250 4279 2483 4335 denariis
2510 4286 2775 4347 ageretur,
2802 4283 2857 4328 et
2877 4287 3086 4327 servum
3119 4288 3340 4342 nequam
3368 4280 3541 4336 vocat,
3578 4280 3631 4326 et
3662 4281 3827 4326 tortoo

2250 4374 2397 4428 ribus
2420 4369 2605 4425 tradit:
2624 4382 2719 4421 nec
2747 4368 2889 4435 prius
2909 4380 3028 4420 eum
3052 4378 3110 4419 se
3131 4364 3471 4418 dimissurum
3495 4363 3651 4429 dixit,
3677 4377 3830 4432 qualn

2253 4473 2417 4517 totum
2442 4460 2688 4515 redderet
2712 4458 2953 4513 debitum
2981 4454 3186 4527 (Matth.
3221 4454 3338 4523 25).

2322 4554 2375 4607 7.
2411 4551 2526 4620 Ipse
2554 4562 2765 4619 quoque
2791 4547 3036 4601 Christus
3075 4560 3196 4600 cum
3236 4544 3475 4614 colaphis
3515 4542 3831 4606 cmdcretur,
3870 4584 3878 4594 .

2252 4644 2382 4701 nihil
2408 4657 2564 4699 servo
2590 4639 2904 4711 percutienti
2927 4638 3123 4693 malum
3150 4637 3349 4703 retulit,
3381 4636 3474 4691 sed
3502 4636 3663 4690 etiam
3695 4652 3837 4688 man-

2250 4751 2402 4794 suete
2435 4738 2708 4808 respondit
2739 4756 2753 4792 :
2781 4736 2839 4792 Si
2867 4736 2998 4789 male
3039 4734 3273 4804 loquutus
3311 4750 3452 4797 sum,
3497 4732 3835 4786 testimonium

2252 4831 2453 4902 perhibe
2477 4831 2539 4885 de
2568 4831 2743 4894 malo;
2782 4830 2825 4882 si
2842 4832 3019 4881 'autem
3044 4827 3193 4891 bene,
3220 4824 3341 4895 quid
3369 4841 3446 4878 me
3472 4825 3622 4878 caedis
3654 4821 3832 4893 (Joan.

2254 4924 2342 4980 18.
2381 4922 2513 4993 2'5)?
2564 4922 2698 4976 Cum
2736 4929 2913 4975 autem
2956 4917 3237 4973 Jeroboam
3279 4930 3497 4970 manum
3540 4913 3838 4969 extendens

2251 5015 2563 5089 prophetam
2593 5015 2683 5085 qui
2715 5028 2775 5069 se
2812 5022 2938 5068 tunc
2964 5010 3219 5082 arguebat
3246 5007 3650 5079 apprehendere
3676 5021 3835 5060 cona-

2252 5109 2444 5174 batur,
2483 5121 2700 5161 manum
2727 5104 2842 5174 ejus
2867 5102 3072 5158 aridam
3110 5100 3343 5157 reddidit
3370 5100 3444 5172 (5.
3473 5098 3602 5169 Reg.
3636 5097 3723 5153 15.
3753 5098 3834 5165 4),

2254 5211 2306 5257 te
2334 5200 2584 5257 erudiens
2607 5239 2623 5262 ,
2674 5208 2731 5253 ut
2774 5197 2994 5267 injurias
3023 5195 3115 5249 tibi
3146 5194 3322 5249 illatas
3363 5200 3639 5256 mansuete
3670 5189 3833 5252 feras,

2255 5307 2346 5347 cas
2392 5306 2520 5347 vero
2573 5304 2692 5360 quae
2740 5288 2968 5342 Domino
3018 5285 3317 5340 inferuntur
3364 5281 3837 5338 vehementissime

2255 5384 2546 5439 ulciscaris.
2594 5382 2719 5438 ideo
2742 5381 2843 5435 etsi
2866 5395 2989 5435 cum
3015 5378 3184 5449 legem
3215 5375 3414 5442 ferret,
3445 5373 3680 5429 secundo
3719 5372 3839 5424 loco

2255 5476 2492 5546 posuerit
2538 5488 2776 5529 amorem
2821 5486 2946 5541 erga
2990 5470 3289 5539 proximum
3316 5508 3332 5533 ,
3381 5476 3558 5521 tamen
3607 5462 3837 5518 similem

2255 5568 2388 5621 dixit
2414 5564 2575 5637 priori
2604 5580 2617 5616 :
2647 5579 2709 5619 ac
2748 5563 2884 5617 sicut
2913 5561 3059 5615 illum
3089 5557 3489 5614 amantissime
3530 5554 3728 5623 exigit,
3758 5552 3837 5605 sic

2256 5671 2308 5715 et
2340 5660 2478 5713 hunc
2504 5671 2732 5726 quoque.
2782 5654 2858 5708 De
2884 5653 2975 5707 illo
3004 5651 3145 5706 enim
3172 5651 3271 5715 ait,
3322 5648 3405 5703 Ex
3423 5657 3523 5701 toto
3550 5646 3699 5698 corde
3728 5653 3838 5703 tuo.

2252 5761 2299 5805 ct
2330 5767 2389 5804 ea:
2418 5761 2519 5803 tota
2561 5748 2729 5818 animo
2770 5757 2891 5809 tua;
2938 5742 3007 5800 de
3047 5742 3149 5798 hoc
3186 5749 3399 5799 autem.
3451 5739 3594 5795 Sicut
3626 5737 3840 5802 tcipsum
