4102 6306
198 325 263 382 Π
1604 323 1674 379 IN
1714 321 1880 379 ISAIA

2006 319 2157 378 CAP.
2195 321 2286 382 111.

205 441 360 512 δῆμον
399 438 525 493 τότε
573 437 822 509 μάλιστα
869 440 1002 494 ὅντα
1043 440 1135 494 τὸν
1179 438 1277 508 τὴν
1323 439 1660 511 παρανομίαν
1711 441 1880 510 ἐργα-

205 529 428 598 σάμενον
492 525 740 596 ἐκείνην,
799 527 900 582 τὸν
947 528 1004 582 δὲ
1056 527 1263 598 ’Δαρὼν
1313 527 1376 580 ού
1413 526 1681 598 τοσαύτης
1750 526 1881 580 δντα

207 613 530 685 κατηγορίας
580 613 765 678 ἀξιον,
809 615 972 685 ἀφεὶς
995 616 1122 677 τοὺς
1163 614 1364 685 σφόδρα
1389 613 1750 678 ὑπευθύνους,
1788 615 1884 668 ἐπὶ

207 705 292 757 τὸν
311 705 408 773 ούχ
436 702 612 768 οῦτως
647 702 961 756 ὑπεύθυνον
1004 703 1195 774 τρέπει
1236 703 1336 774 τὴν
1367 702 1722 773 κατηγορίαν,
1771 704 1886 765 τοῖς

209 792 510 861 ἐγκλήμασι
551 793 671 855 τοῖς
717 791 841 844 κατ’
873 791 1086 844 ἐκείνου
1125 790 1298 853 διδοὺς
1327 789 1406 860 τῷ
1452 790 1710 843 συνειδότι
1764 792 1885 843 τού-

208 896 314 934 των
344 878 568 949 μείζονα
607 879 821 932 ἐαυτῶν
865 877 1344 948 καταψηφίσασθαι
1383 877 1652 947 τιμωρίαν
1673 893 1686 907 ·
1743 876 1773 930 ὃ
1819 875 1882 947 δὴ

211 968 300 1019 καὶ
336 967 575 1034 ἐγένετο.
625 964 705 1020 Οὔ
757 966 869 1036 γὰρ
923 965 1116 1036 ἐδεήθη
1179 964 1362 1018 λοιπὸν
1403 963 1575 1032 λόγων
1623 963 1759 1034 πρὸς
1791 963 1884 1016 τὸν

206 1053 375 1122 δῆμον
402 1052 634 1124 ἐτέρων,
677 1052 794 1106 ἀλλ’
840 1054 1044 1124 ήρκεσε
1080 1051 1147 1104 τὰ
1171 1051 1300 1122 ψιλά
1341 1052 1522 1104 ἐκεῖνα
1569 1052 1788 1121 ῥήματα
1815 1050 1883 1104 τά

208 1142 345 1212 πρὸς
379 1140 472 1194 τὸν
512 1141 723 1212 ’Δαρὼν
767 1140 1036 1213 εἰρημένα
1077 1139 1317 1209 χιλιάδας
1345 1139 1630 1202 τοσαύτας,
1671 1138 1745 1202 ὡς
1789 1139 1884 1191 ἕνα

205 1231 521 1300 ἄνθρωπον,
553 1230 930 1293 καταστεῖλαι,
972 1229 1068 1282 καὶ
1104 1227 1210 1281 ἀπὸ
1245 1226 1514 1296 τοσαύτης
1546 1227 1882 1297 θρασύτητος

207 1322 287 1382 εἰς
315 1317 526 1370 δειλίαν
554 1318 648 1370 καὶ
677 1318 916 1386 ἀγωνίαν
944 1319 1290 1385 κατενεγκεῖν
1313 1315 1410 1385 τὴν
1441 1316 1691 1383 ἐσχάτην.
1728 1316 1794 1366 Ἀ
1816 1314 1881 1384 δὴ

209 1404 464 1476 προορῶν
498 1405 528 1457 6
570 1406 834 1475 Μωῦσῆς,
877 1404 1121 1467 καταϐὰς
1163 1403 1384 1465 εὐθέως,
1429 1402 1527 1466 τάς
1572 1418 1630 1453 τε
1668 1400 1880 1465 πλάκας

210 1494 424 1565 ἔρριψε,
459 1492 559 1544 καὶ
587 1492 727 1562 πρὸς
761 1492 854 1544 τὸν
896 1489 1104 1562 ’Δαρὼν
1125 1490 1275 1558 ἔλεγε
1295 1507 1308 1520 ’
1348 1490 1408 1543 Τί
1436 1489 1684 1556 ἐποίησέ
1716 1506 1813 1542 σοι
1848 1493 1880 1543 ό

211 1580 358 1645 λαός
407 1575 624 1644 οὗτος,
674 1577 764 1630 ὅτι
812 1578 1108 1645 ἐποίησας
1147 1578 1334 1631 αὑτὸν
1397 1577 1694 1646 ὲπίχαρμα
1757 1575 1880 1642 τοῖς

212 1666 442 1736 ἐχθροῖς
462 1683 483 1729 ;

279 1761 353 1819 ς’.
385 1753 560 1807 Τοῦτο
574 1754 674 1808 καὶ
699 1755 728 1806 ὁ
743 1753 1028 1823 προφήτης
1044 1747 1192 1816 οὗτος
1217 1754 1375 1812 ποιεῖ,
1393 1751 1482 1804 τὸν
1503 1751 1655 1819 ἀγιον
1676 1751 1880 1803 ἐκεῖνον

218 1843 548 1913 μιμούμενος
578 1842 755 1912 διπλῷ
775 1841 852 1912 τῷ
869 1842 1075 1913 τρόπῳ.
1095 1842 1168 1894 Οὐ
1190 1840 1299 1911 γὰρ
1326 1840 1389 1911 δὴ
1416 1841 1570 1910 μόνον
1594 1840 1878 1892 ἐνεκάλεσε

217 1933 330 1984 τότε
352 1934 381 1983 6
408 1931 679 2001 Μωῦσῆς,
712 1929 850 1983 ἀλλά
876 1931 970 1982 καὶ
1005 1928 1396 1997 συναλγοῦντος
1423 1930 1762 1998 προσωπεῖον
1785 1927 1878 1979 λα-

215 2019 337 2080 ϐὼν,
366 2016 544 2080 οὕτως
578 2018 818 2070 ἐποιεῖτο
847 2016 947 2087 τὴν
977 2016 1307 2087 κατηγορίαν
1334 2017 1574 2085 ἐκείνην,
1607 2015 1762 2068 Οῦτω
1787 2016 1878 2067 καὶ

217 2103 358 2169 οὗτος
387 2106 689 2176 ἀμφότερα
719 2105 1035 2174 ἐμιμήσατο
1069 2103 1262 2171 λέγων·
1292 2105 1450 2170 Λαός
1482 2121 1621 2173 μου,
1653 2107 1705 2156 οἱ
1730 2102 1870 2172 πρά-

212 2210 411 2260 κτορες
437 2192 616 2262 ὑμῶν
639 2191 1026 2260 καλαμῶνται
1052 2190 1225 2259 ὑμᾶς.
1248 2193 1358 2244 Καὶ
1379 2190 1486 2260 γὰρ
1508 2191 1880 2260 κατηγόρησεν

212 2276 446 2338 ἐκείνων,
479 2275 580 2328 καὶ
605 2275 686 2338 ὡς
719 2274 1002 2343 συναλγῶν
1031 2275 1110 2345 τῷ
1137 2276 1290 2346 δήμῳ
1314 2274 1486 2328 ταῦτα
1515 2274 1688 2342 ἔλεγε.
1727 2275 1876 2347 Πρά-

211 2381 399 2431 κτορας
425 2363 484 2415 δέ
527 2362 780 2415 ἐνταῦθα
818 2362 970 2415 δοκεῖ
997 2363 1095 2432 μὲν
1129 2364 1251 2424 τοὺς
1281 2361 1640 2424 ἀπαιτοῦντας
1669 2361 1875 2428 λέγειν·

210 2450 310 2518 ἐγὼ
353 2451 409 2503 δὲ
454 2448 623 2519 οἶμαι
657 2451 792 2513 τοὺς
840 2452 1118 2522 ἅρπαγας,
1168 2451 1291 2513 τοὺς
1325 2449 1652 2512 πλεονέκτας
1700 2449 1880 2502 αὐτῶν

208 2539 569 2592 αἰνίττεσθαι·
609 2540 665 2591 εί
692 2539 755 2591 δὲ
791 2538 869 2608 μὴ
903 2537 1082 2602 τοῦτο,
1112 2537 1247 2590 ἀλλὰ
1267 2538 1392 2602 τοὺς
1433 2536 1876 2608 φορολογοῦντας.

208 2627 340 2696 Ὅρα
368 2625 536 2680 αὐτοῦ
579 2625 875 2679 κάνταῦθα
900 2626 998 2695 τὴν
1028 2625 1258 2678 σύνεσιν.
1294 2625 1367 2678 Ού
1413 2625 1520 2695 γάρ
1556 2625 1617 2677 τὸ
1649 2626 1880 2696 πρᾶγμα

205 2715 469 2778 ἐκϐάλλει,
500 2713 650 2767 ἀλλά
676 2713 784 2784 τὴν
808 2713 1098 2784 ἀμετρίαν.
1121 2713 1193 2765 Οὐ
1215 2712 1321 2783 γὰρ
1343 2707 1515 2778 εἶπεν,
1537 2711 1877 2776 ἀπαιτοῦσιν,

205 2802 362 2865 ἀλλὰ,
405 2799 859 2870 Καλίιμῶνται,
896 2801 1162 2863 τουτέστι,
1210 2799 1472 2870 γυμνοῦσι
1522 2799 1630 2852 τῶν
1684 2801 1876 2865 ὅντων,

201 2889 599 2960 ἀποστεροῦσιν
649 2889 922 2942 ἁπάντων
976 2888 1321 2958 προσχήματι
1363 2890 1462 2957 τῆς
1511 2889 1875 2957 ἀπαιτήσεως.

201 2978 410 3048 Ταύτην
437 2978 498 3030 δὲ
532 2977 742 3047 εἴρηκε
773 2975 876 3047 τὴν
903 2975 1046 3039 λέξιν
1077 2976 1186 3028 ἀπὸ
1226 2978 1533 3046 μεταφορᾶς
1564 2977 1673 3028 τῶν
1720 2977 1881 3030 καλα-

200 3065 439 3134 μὼντων.
484 3063 875 3134 Καλαμᾶσθαι
905 3063 1015 3134 γάρ
1045 3063 1260 3132 λέγεται
1295 3064 1355 3115 τὸ
1390 3065 1526 3134 μετά
1553 3064 1644 3116 τὸν
1673 3064 1880 3134 ἀμητὸν

191 3154 318 3216 τοὺς
355 3153 704 3214 ἐκπεσόντας
756 3153 822 3204 ἐκ
867 3151 977 3203 τῶν
1020 3149 1338 3220 θεριζόντων
1385 3154 1654 3221 ἀστάχυας
1693 3152 1882 3204 ἀναλέ-

193 3241 411 3307 γεσθαι,
448 3241 543 3292 καὶ
591 3239 769 3309 μηδὲν
802 3238 943 3300 ὅλως
975 3249 1002 3277 ι
1037 3239 1129 3290 ἐπὶ
1166 3238 1265 3307 τῆς
1310 3239 1546 3310 ἀρούρας
1574 3241 1788 3307 ἀφιέναι
1812 3257 1824 3270 ·
1853 3239 1880 3292 6

193 3329 266 3397 δὴ
297 3329 397 3380 καὶ
415 3327 539 3379 τότε
560 3324 711 3381 οῦτοι
739 3324 987 3385 ἐποίουν,
1001 3324 1270 3395 ὁλόκληρα
1285 3326 1352 3378 τά
1373 3326 1498 3378 ὄντα
1521 3327 1877 3397 ἁρπάζοντες,

195 3417 304 3468 καὶ
340 3416 580 3484 γυμνοὺς
607 3414 865 3481 ἀφιέντες
897 3412 1113 3475 αὐτούς.
1151 3413 1260 3466 Καὶ
1280 3416 1333 3466 οἱ
1364 3413 1754 3480 ἀπαιτοῦντες
1786 3433 1883 3469 κυ-

185 3508 528 3575 ριεύουσιν
568 3504 752 3572 ὑμῶν.
787 3505 901 3556 Καὶ
929 3502 992 3555 τὸ
1020 3502 1084 3572 δὴ
1115 3502 1506 3574 χαλεπώτερον,
1541 3505 1622 3556 δτι
1648 3505 1768 3557 ούδέ
1798 3506 1883 3558 ἐν·

192 3592 387 3647 ταῦθα
412 3595 515 3662 τῆς
541 3590 846 3653 πλεονεξίας
875 3590 1112 3651 ἵσταντο,
1137 3589 1268 3643 ἀλλὰ
1297 3592 1390 3643 καὶ
1420 3591 1729 3661 περαιτέρω
1757 3608 1882 3661 προ-

195 3683 346 3750 ῆγον
369 3680 476 3746 τὴν
505 3679 812 3749 τυραννίδα.
842 3677 1065 3739 δούλους
1086 3677 1210 3739 τοὺς
1236 3677 1548 3748 ἐλευθέρους
1582 3679 1878 3742 ποιοῦντες.

197 3767 372 3832 Λαός
408 3785 558 3834 μου,
593 3769 648 3819 οἱ
675 3761 1104 3834 μακαρίζοντες
1135 3763 1311 3833 ὑμᾶς,
1349 3766 1661 3820 πλανῶσιν
1702 3765 1878 3835 ὑμᾶς.

211 3854 490 3908 Ἐνταῦθά
524 3871 618 3924 μοι
650 3854 774 3915 τοὺς
802 3853 1256 3923 ψευδοπροφήτας
1286 3851 1612 3906 αἰνίττεσθαι
1635 3853 1801 3916 δοκεῖ,
1845 3855 1878 3924 ἢ

201 3942 334 4004 τοὺς
366 3940 506 4011 πρὸς
537 3939 702 4010 χάριν
753 3941 938 4003 αὐτοῖς
977 3939 1413 4009 διαλεγομένους,
1449 3939 1478 3992 ὃ
1507 3941 1604 4010 τῆς
1648 3941 1881 4011 ἐσχάτης

205 4028 508 4099 διαφθορᾶς
539 4027 716 4081 αἴτιον
748 4028 958 4094 γίνεται
989 4028 1286 4096 πανταχοῦ.
1317 4028 1428 4097 Τὴν
1451 4027 1580 4096 γοῦν
1604 4029 1669 4081 ἐκ
1693 4030 1880 4082 τούτου

212 4117 417 4188 βλάϐην
448 4117 632 4187 δηλῶν
683 4118 956 4185 ἐπήγαγε,
1000 4116 1111 4169 Καὶ
1141 4115 1257 4183 τὴν
1284 4117 1482 4185 τρίϐον
1519 4115 1636 4169 τῶν
1682 4117 1884 4170 ποδῶν

211 4205 378 4269 ὑμῶν
396 4205 785 4272 ταράσσουσι
801 4219 814 4232 °
841 4203 1134 4260 τουτέστιν.
1165 4204 1264 4255 οὐκ
1286 4203 1445 4255 ἐῶσιν
1467 4204 1598 4274 ὀρθά
1628 4203 1880 4272 βαδίζειν,

214 4291 668 4362 διαστρέφοντες,
722 4290 1047 4353 ἐκλύοντες,
1111 4289 1509 4360 ῥᾳθυμοτέρως
1580 4289 1878 4352 ποιοῦντες.

299 4380 469 4433 Ἀλλὰ
499 4379 624 4433 νῦν
652 4378 1097 4446 καταστήσεται
1143 4380 1231 4443 είς
1263 4379 1467 4445 κρίσιν
1514 4378 1745 4445 Κύριος,
1786 4378 1883 4431 καί

220 4469 426 4536 στήσει
455 4473 544 4534 είς
573 4469 785 4536 κρίσιν
812 4469 917 4521 τὸν
947 4468 1104 4522 λαὸν
1125 4469 1310 4522 αὑτοῦ
1331 4484 1345 4498 ⁸
1373 4468 1554 4533 αὐτὸς
1571 4470 1783 4536 Κύριος
1797 4472 1884 4535 είς

225 4561 419 4622 κρίσιν
448 4558 590 4626 ἣξει
637 4558 792 4626 μετὰ
811 4554 932 4610 τῶν
970 4556 1385 4626 πρεσϐυτέρων
1421 4556 1528 4610 τοῦ
1571 4558 1744 4619 λαοῦ,
1786 4558 1883 4610 καί

219 4647 358 4712 μετά
382 4645 504 4700 τῶν
526 4648 850 4714 ἀρχόντων
875 4645 1092 4697 αὐτῶν.
1127 4645 1247 4697 Ἔτι
1269 4644 1346 4714 τῷ
1375 4645 1520 4715 αύτῷ
1543 4644 1672 4697 εῖδει
1689 4646 1881 4714 ἐπιμέ-

226 4743 304 4778 νει
325 4729 415 4799 τῆς
443 4727 816 4800 διορθώσεως,
862 4727 970 4779 ἀπὸ
1012 4726 1106 4779 τοῦ
1135 4726 1304 4796 δήμου
1336 4727 1472 4796 πρὸς
1503 4727 1628 4789 τοὺς
1652 4743 1885 4798 γεγηραο

229 4814 375 4879 κότας
416 4818 518 4870 καὶ
555 4817 692 4878 τοὺς
724 4814 1002 4886 ἄρχοντας
1044 4814 1259 4885 τρέπων
1288 4812 1385 4884 τὴν
1415 4815 1750 4883 ἐπιτίμησιν,
1791 4815 1884 4868 καὶ

228 4903 586 4975 τσϐερὼτερον
621 4902 1018 4973 μεταχειρίζων
1047 4903 1137 4955 τὸν
1162 4901 1314 4970 λόγον
1335 4918 1347 4931 ο
1373 4900 1488 4973 [sil]
1519 4902 1677 4954 αὑτὸν
1698 4902 1752 4955 δὲ
1781 4905 1883 4954 εξσ-

225 4989 332 5051 άγει
358 4991 446 5045 τὸν
473 4991 614 5044 Θεὸν
637 4989 995 5059 δικαζόμενον
1031 4990 1127 5042 καὶ
1156 4988 1598 5052 καταδικάζοντα,
1629 4991 1720 5042 καὶ
1746 4991 1884 5060 ὑπὲρ

227 5070 321 5123 τῶν
352 5075 430 5135 είς
465 5075 560 5126 τὸν
610 5073 789 5143 δῆμον
821 5073 1235 5143 ἁμαρτημάτων
1269 5071 1601 5140 ἐγκαλοῦντα
1639 5075 1750 5136 τοῖς
1791 5074 1884 5125 τὸν

227 5152 376 5222 δῆμον
399 5158 651 5212 ἀδικοῦσι
680 5157 732 5209 ι.
766 5157 861 5210 Διὸ
879 5157 973 5210 καὶ
997 5155 1183 5223 ἔλεγεν
1202 5171 1215 5185 ·
1254 5156 1428 5209 Ἀλλὰ
1449 5155 1566 5208 νῦν
1587 5156 1885 5224 καταστή-

229 5256 374 5296 σεται
393 5248 478 5312 εις
507 5246 726 5314 κρίσιν
758 5246 1000 5312 Κύριος.
1045 5243 1266 5312 Ἐπειδὴ
1305 5243 1414 5314 γὰρ
1440 5245 1520 5307 είς
1566 5243 1884 5313 ἐγκλήματα

229 5329 456 5400 τὸνλόγον
471 5335 748 5405 ἀνήλωσε,
767 5335 886 5395 τοῖς
897 5332 958 5385 δὲ
976 5330 1314 5401 ἀναισθήτως
1331 5330 1690 5399 διακειμένοις
1706 5332 1767 5384 τὸ
1785 5332 1883 5401 μὲν

234 5417 548 5485 ἐγκαλεῖσθαι
572 5425 636 5478 οὐ
677 5422 890 5494 σφόδρα
919 5421 1084 5493 βαρὺ,
1116 5418 1179 5472 τὸ
1204 5419 1261 5473 δὲ
1281 5418 1600 5484 κολάζεσθαι
1632 5418 1878 5490 φοϐερὸν,

283 5605 436 5679 313.2:-
460 5615 512 5661 ει
528 5611 681 5679 savii,
705 5611 790 5679 κςιι
811 5607 1158 5679 μηδξνᾲοῦτῳς.

283 5667 488 5735 §_o'rel.
513 5676 609 5732 τοῖς
629 5676 714 5724 τὸν
739 5667 901 5735 δῆμον
919 5668 1170 5735 ἀδικοῦσι,
1196 5672 1349 5718 recte.
1379 5670 1501 5735 Reg.
1527 5679 1580 5723 et
1615 5672 1760 5722 Savll.
1786 5671 1883 5729 τοῖς

234 5729 445 5799 τρνδῇμσν
461 5729 677 5797 (bro-3'0:-
707 5739 757 5785 in
780 5729 900 5795 dum
948 5731 1098 5799 verba
1114 5731 1411 5799 _hzec__nqtal_
1442 5729 1650 5799 Savnligls
1675 5749 1686 5781 :
1717 5754 1739 5775 «
1769 5735 1882 5799 Boi-

237 5793 317 5840 sius
333 5791 441 5859 légjl
461 5791 726 5859 ἀλθτςυωσι,
751 5791 850 5846 ὴόε
875 5801 956 5843 es!
986 5791 1212 5859 λυποῦσι.
1237 5791 1363 5859 Malo
1385 5795 1571 5854 ἄγουσι,
1597 5797 1684 5843 hoc
1705 5804 1779 5843 εει.
1798 5798 1882 5852 δη-

239 5854 485 5964 Egmp'am.
505 5854 799 5911 ."scdmhlo
825 5859 1108 5908 lectionem
1142 5854 1351 5914 Morelli,
1392 5870 1532 5917 quam
1563 5859 1710 5907 habet
1733 5860 1878 5906 etiam

294 5926 448 5964 rancus
477 5927 646 5964 cnlpL

294 5926 448 5972 rancus
477 5927 646 5975 codex.

3579 343 3649 398 ιε

1988 442 2171 511 φησὶν,
2201 442 2282 495 ὅτι
2309 440 2370 494 ού
2405 441 2566 513 μέχρι
2596 443 2926 513 κατηγορίας
2947 444 3012 500 τά
3044 448 3340 522 πράγματα
3369 455 3640 524 στήσεται,

1988 530 2125 614 ἀλλὰ
2155 531 2250 584 καὶ
2279 529 2400 614 δίκη
2427 534 2538 593 τοῖς
2563 530 2954 602 ἁμαρτήμασιν
2973 534 3179 604 ἕψεται,
3205 539 3370 594 αὑτοῦ
3401 541 3496 596 τοῦ
3521 545 3642 614 μέλι

1991 613 2174 676 λοντος
2207 613 2589 678 καταδικάζειν
2623 615 2850 680 εύθύνας
2893 617 3077 672 λοιπὸν
3121 622 3498 692 ἀπαιτοῦντος,
3524 613 3643 682 καὶ

1984 701 2305 772 κρινομένου
2349 701 2487 772 πρὺς
2526 701 2652 766 τοὺς
2697 703 3249 777 πεπλημμεληκότας.
3289 712 3356 765 Ὃ
3401 717 3494 767 καὶ
3545 716 3644 786 τὴν

1987 787 2394 855 συγκατάϐασιν
2423 786 2517 840 τοῦ
2561 786 2695 842 Θεοῦ
2747 790 2946 861 πολλὴν
2973 792 3261 862 δείκνυσιν,
3315 800 3642 872 ἀνεχομένου

1985 874 2300 939 δικάζεσθαι
2337 876 2454 944 μετ’
2483 875 2726 940 ἐκείνων,
2762 878 2856 930 καὶ
2888 880 3237 950 ἐντρεπτικὺν
3264 889 3410 939 ποιεῖ
3444 889 3535 941 τὸν
3559 889 3646 943 λό-

1984 978 2098 1046 γον,
2125 963 2272 1046 ὃῗκαὶ
2296 964 2420 1025 τοὺς
2447 963 2573 1015 νοῦν
2590 964 2809 1034 ἔχοντας
2831 965 2912 1029 είς
2939 965 3178 1040 μεγάλην
3201 971 3439 1038 ἀγωνίαν
3473 975 3643 1046 ἐμϐα..

1983 1044 2093 1098 λείν
2113 1044 2320 1132 εἴωθεν.
2347 1047 2461 1100 υύκ
2479 1048 2694 1118 ἐκείνης
2711 1049 2769 1102 δὲ
2792 1049 2976 1104 ἕνεκεν
2997 1052 3094 1122 τῆς
3121 1054 3318 1119 αίτίας,
3341 1053 3410 1128 ἧς
3438 1044 3643 1132 ἐμπρο-

1986 1132 2111 1186 σθεν
2138 1129 2312 1195 εἷπον,
2347 1133 2485 1205 πρὸς
2514 1137 2640 1199 τοὺς
2668 1135 2933 1206 ἄρχοντας
2973 1140 3068 1192 καὶ
3108 1139 3233 1203 τοὺς
3265 1129 3644 1216 γεγηρακότας

1983 1221 2174 1291 τρέπει
2210 1221 2302 1274 τὸν
2332 1221 2511 1290 λόγον,
2547 1223 2684 1278 ἀλλά
2716 1225 2806 1278 καὶ
2836 1225 3099 1280 διδάσκων
3132 1228 3394 1296 ἅπαντας,
3429 1235 3512 1286 ὅτι
3545 1235 3643 1305 βα-

1983 1311 2205 1380 ρύτεραι
2238 1308 2347 1362 τῶν
2379 1311 2701 1381 ἀρχομένων
2747 1315 2858 1377 τοῖς
2896 1314 3152 1384 ἄρχουσιν
3200 1319 3254 1370 αί
3300 1318 3539 1376 εύθῦναι.
3583 1323 3644 1377 ’0

1984 1394 2084 1465 μὲν
2113 1395 2221 1466 γάρ
2269 1395 2409 1467 ὑπὲρ
2435 1398 2629 1451 ἐαυτοῦ
2665 1399 2845 1468 μόνον,
2875 1402 2902 1452 6
2933 1401 2988 1453 δὲ
3016 1403 3154 1473 ὑπὲρ
3187 1402 3380 1458 ἐαυτοῦ
3411 1408 3504 1461 καὶ
3548 1411 3641 1464 τοῦ

1981 1482 2174 1551 δήμου,
2199 1476 2260 1537 οῦ
2281 1485 2378 1555 τὴν
2399 1485 2572 1558 ἀρχὴν
2606 1487 3079 1557 ἐγκεχειρισμένος
3102 1493 3381 1560 τυγχάνειν
3414 1497 3642 1568 παρέχει

1980 1572 2070 1623 τὸν
2093 1571 2248 1640 λόγον
2269 1590 2282 1602 ·
2303 1573 2396 1626 καὶ
2422 1576 2469 1626 οἱ
2489 1575 2842 1647 πρεσϐύτεροι
2860 1577 2914 1629 δὲ
2939 1579 3037 1632 οὐκ
3057 1582 3358 1647 ἀπεικότως
3378 1587 3642 1660 τοσαύτην

1980 1660 2338 1713 ἀπαιτοῦνται
2359 1659 2458 1731 τὴν
2490 1663 2792 1733 ἀκρίϐειαν.
2819 1663 2998 1735 Ὀπερ
3025 1667 3132 1738 γὰρ
3159 1670 3385 1734 ἐκείνοις
3417 1675 3449 1744 ή
3475 1659 3639 1746 ἀρχῆ,

1979 1746 2135 1798 τοῦτο
2160 1746 2368 1811 τούτοις
2396 1750 2429 1819 ή
2472 1749 2674 1818 ήλικία.
2708 1751 2888 1815 ’Ἄξιος
2923 1753 3020 1821 μὲν
3053 1757 3161 1826 γάρ
3197 1759 3287 1811 καὶ
3311 1761 3339 1812 6
3383 1761 3497 1824 νέος
3523 1765 3641 1815 ἐπι-

1979 1835 2251 1904 τιμήσεως
2291 1836 2440 1889 δεινὰ
2465 1838 2820 1908 ἁμαρτάνωνο
2855 1841 2884 1892 6
2927 1841 3103 1914 δὲτὴν
3153 1845 3259 1897 ἀπὸ
3290 1848 3388 1916 τῆς
3427 1849 3641 1919 ἡλικίας

1980 1921 2226 1974 ἀτέλειαν
2256 1922 2414 1992 ἔχων,
2446 1923 2537 1977 καὶ
2562 1925 2833 1990 τοσούτοις
2864 1928 3052 1982 παθῶν
3089 1932 3148 1984 ού
3189 1933 3640 2008 πολιορκούμενος
3678 1975 3681 1978 -

1983 2007 2240 2078 κύμασιν,
2276 2009 2410 2062 ἀλλά
2434 2011 2527 2062 καὶ
2553 2017 2846 2083 σωφρονεῖν
2873 2015 3252 2090 εὐκολώτερον,
3286 2023 3378 2074 καὶ
3405 2007 3512 2075 τῶν
3545 2025 3638 2078 ἀλ-

1980 2094 2087 2146 λων
2108 2096 2393 2165 ἀνέχεσθαι
2407 2097 2514 2150 τῶν
2532 2098 2795 2168 βιωτικῶν
2821 2103 2948 2172 ῥᾷον
2968 2102 3279 2176 δυνάμενος,
3309 2110 3400 2162 καὶ
3421 2111 3640 2166 πλείονα

1982 2183 2315 2252 κεκτημένος
2336 2183 2548 2238 σύνεσιν
2573 2187 2680 2239 ἀπὸ
2704 2188 2802 2256 τῆς
2825 2189 2932 2241 τῶν
2957 2193 3294 2262 πραγμάτων
3325 2197 3638 2269 ἐμπειρίας,

1978 2269 2201 2334 δικαίως
2229 2272 2294 2324 ἂν
2321 2272 2520 2342 μᾶλλον
2549 2275 2802 2329 ἀπάντων
2831 2279 3262 2345 καταδικάζοιτο,
3280 2285 3346 2337 τὰ
3375 2286 3482 2338 τῶν
3511 2289 3640 2341 ἀκο-

1979 2359 2188 2412 λάστων
2221 2361 2354 2413 νέων
2386 2363 2444 2414 ἐν
2475 2363 2622 2434 γήρᾳ
2653 2365 3111 2436 ἐπιδεικνύμενος.
3147 2371 3327 2439 Ὑμεῖς
3366 2372 3434 2426 δὲ
3467 2376 3524 2428 τί
3547 2376 3640 2429 ἐν·

1978 2447 2301 2514 επυρίσατε
2326 2448 2434 2500 τὸν
2476 2450 2798 2518 ἁμπελῶνά
2851 2471 2992 2521 μου,
3023 2457 3120 2508 καὶ
3160 2460 3197 2525 ἡ
3243 2459 3480 2529 ἁρπαγὴ
3532 2463 3639 2518 τοῦ

1979 2533 2218 2622 πτωχοῦ
2241 2536 2311 2588 ἐν
2338 2536 2462 2602 τοῖς
2483 2539 2670 2604 οἴκοις
2689 2539 2856 2608 ὑμῶν
2871 2557 2889 2603 ;
2920 2543 3201 2614 Πανταχοῦ
3228 2547 3305 2616 τῷ
3327 2548 3444 2618 Θεῷ
3473 2533 3639 2622 πολλή

1979 2621 2089 2673 τῶν
2113 2622 2485 2694 ἀδικουμένων
2512 2628 2546 2696 ή
2574 2629 2797 2698 πρόνοια
2817 2645 2830 2658 ⁸
2860 2631 2952 2683 καὶ
2977 2633 3086 2685 τῶν
3106 2635 3186 2697 είς
3214 2636 3374 2688 αὑτὸν
3399 2621 3641 2709 ἀμαρτηζ

1983 2709 2167 2778 μάτων
2199 2712 2299 2764 οὐκ
2336 2712 2554 2767 ἔλαττον
2575 2753 2590 2777 ,
2637 2715 2751 2770 ἀλλ’
2798 2717 2945 2772 ἐστιν
2981 2720 3114 2772 ὅπου
3155 2723 3246 2775 καὶ
3300 2724 3460 2778 πλέον
3495 2743 3638 2800 παρ-

1981 2794 2228 2860 οξύνεται
2250 2799 2388 2869 ὑπὲρ
2404 2799 2514 2853 τῶν
2537 2802 2618 2865 είς
2646 2805 2770 2865 τοὺς
2790 2805 3111 2874 ὁμοδούλους
3135 2794 3636 2882 πλημμελημάτων.

1982 2885 2090 2936 Καὶ
2116 2886 2226 2956 γὰρ
2253 2886 2344 2939 τὸν
2374 2886 2473 2955 μὲν
2509 2889 2714 2959 πόρνην
2741 2889 2931 2962 ἔχοντα
2959 2897 3192 2962 γυναῖκα
3231 2898 3512 2953 ἐκϐάλλειν
3543 2903 3640 2953 ἐπ-

1981 2971 2196 3042 έτρεψε,
2230 2973 2320 3026 τὸν
2343 2974 2399 3027 δὲ
2429 2975 2707 3048 Ἑλληνίδα
2735 2980 2916 3034 οὐκέτι
2940 2993 2962 3021 ο
2989 2998 3002 3010 ⁸
3022 2985 3196 3037 καίτοι
3225 2987 3286 3038 τὸ
3321 2988 3420 3056 μὲν
3448 2990 3526 3051 είς
3546 2990 3644 3042 αύ-

1980 3060 2162 3150 τὸν,τὸ
2185 3061 2240 3113 δὲ
2262 3063 2339 3124 είς
2361 3064 2642 3135 ἄνθρωπον
2656 3068 2714 3120 τὸ
2734 3070 3053 3142 ἁμάρτημα.
3069 3075 3178 3128 Καὶ
3191 3077 3286 3147 τῆς
3304 3077 3489 3142 θυσίας
3513 3099 3644 3150 προ-

1981 3149 2256 3220 κειμένης,
2273 3152 2702 3224 καταλιμπάνειν
2725 3159 2784 3210 τὸ
2802 3160 2969 3230 δῶρον
2990 3162 3262 3228 ἐκέλευσε,
3294 3167 3386 3220 καὶ
3413 3168 3486 3238 μὴ
3511 3170 3644 3238 πρό-

1979 3251 2134 3302 τερον
2165 3238 2293 3291 αὐτὸ
2312 3243 2625 3310 προσάγειν,
2641 3245 2742 3309 ἕως
2758 3245 2823 3298 ἂν
2854 3249 2919 3301 τά
2950 3250 3082 3319 πρὸς
3098 3252 3187 3304 τὸν
3208 3253 3434 3323 ἀδελφὸν
3454 3251 3512 3308 εὗ
3532 3255 3642 3308 δια-

1981 3323 2140 3392 θῆναι
2169 3331 2196 3376 ὁ
2221 3326 2310 3380 τὸν
2341 3329 2565 3398 πλησίον
2591 3332 2926 3405 λελυπηκὼς.
2955 3339 3064 3390 Καὶ
3090 3341 3249 3409 ήνίκα
3274 3342 3365 3394 τὸν
3389 3343 3457 3395 τά
3479 3343 3644 3414 μύρια

1980 3411 2213 3465 τάλαντα
2249 3417 2642 3486 κατεδηδοκότα
2674 3420 2906 3491 ἔκρινεν,
2948 3424 3086 3494 ὑπὲρ
3125 3427 3221 3494 μὲν
3246 3428 3352 3480 τῶν
3381 3431 3458 3491 εἰς
3482 3411 3644 3485 αὑτὸν

1982 3498 2227 3566 ἐγκαλῶν
2253 3502 2472 3574 ἀμαρτη
2483 3505 2688 3574 μάτων,
2712 3505 2832 3559 οὔτε
2850 3510 3083 3578 πονηρὸν
3101 3511 3377 3577 ἐκάλεσεν,
3399 3515 3532 3568 ἀλλά
3553 3520 3644 3572 καὶ

1981 3588 2298 3659 κατηλλάγη
2328 3593 2558 3661 ταχέως,
2591 3595 2682 3646 καὶ
2712 3595 2772 3646 τὸ
2805 3595 3012 3648 δάνειον
3055 3599 3199 3651 ἇπαν
3231 3601 3441 3670 ἀφῆκεν
3465 3621 3479 3634 ·
3505 3605 3643 3677 ὑπὲρ

1981 3672 2038 3724 δὲ
2067 3674 2174 3726 τῶν
2208 3677 2400 3729 ἑκατὸν
2430 3679 2718 3750 δηναρίων,
2751 3682 2844 3733 καὶ
2871 3684 3103 3752 πονηρὸν
3133 3685 3314 3738 δοῦλον
3344 3692 3516 3752 καλεῖ,
3549 3672 3643 3744 καὶ

1981 3765 2094 3824 τοῖς
2146 3761 2499 3832 βασανισταῖς
2532 3767 2884 3836 παραδίδωσι,
2929 3770 3023 3822 καὶ
3051 3771 3110 3823 ού
3139 3774 3400 3845 πρότερον
3443 3777 3643 3850 ἔφησεν

1984 3850 2228 3919 ἀνήσειν,
2256 3850 2362 3913 ἓως
2387 3852 2530 3905 άπαν
2563 3854 2746 3924 ἀποδῷ
2778 3855 2839 3908 τὸ
2869 3857 3046 3928 χρέος.

2053 3938 2116 4001 ζ’.
2155 3938 2265 3990 Καὶ
2299 3939 2458 4008 ἡνίκα
2507 3941 2605 4010 μὲν
2632 3943 2789 4005 αὐτὸς
2813 3945 3136 4014 ἐρραπίζετο
3159 3949 3187 4001 6
3212 3949 3460 4018 Χριστὸς,
3491 3954 3640 4008 οὐδὲν

1981 4023 2072 4075 τὸν
2106 4024 2288 4077 δοῦλον
2323 4028 2616 4097 εἰργάσατο
2640 4030 2729 4082 τὸν
2751 4031 2847 4102 τὴν
2875 4031 3086 4105 πληγήν
3111 4037 3473 4107 ἐπαγαγόντα,
3506 4042 3640 4096 ἀλλά

1986 4113 2079 4164 καὶ
2108 4113 2299 4184 πράως
2328 4115 2659 4186 ἀπεκρίνατο
2688 4116 2859 4186 λέγων
2882 4135 2896 4149 ·
2916 4123 2984 4174 El
3001 4121 3118 4188 μὲν
3140 4124 3334 4190 κακῶς
3358 4126 3470 4199 [42]
3498 4130 3638 4183 ἐλά-

1981 4202 2164 4265 λησα,
2194 4203 2582 4271 μαρτύρησον
2617 4205 2749 4272 περὶ
2776 4207 2880 4260 τοῦ
2906 4209 3122 4262 κακοῦ·
3155 4214 3207 4264 εὶ
3229 4211 3297 4263 δὲ
3335 4215 3553 4280 καλῶς,
3584 4219 3641 4270 τί

1977 4303 2054 4355 με
2080 4287 2302 4356 “pste;
2333 4290 2460 4343 ’Ὀτε
2489 4292 2546 4344 δέ
2575 4294 2603 4345 6
2642 4294 2921 4365 Ἱεροϐοάμ
2948 4297 3046 4367 τὴν
3071 4301 3226 4369 χεῖρα
3257 4301 3496 4365 ἐκτείνας
3517 4306 3636 4358 ἐπι-

1982 4373 2236 4429 λαϐέσθαι
2263 4376 2356 4430 τοῦ
2389 4380 2666 4450 προφήτου
2705 4380 2798 4434 τοῦ
2838 4383 2958 4435 τότε
2991 4385 3304 4452 ἐλέγξαντος
3354 4389 3514 4443 αὑτὸν
3543 4393 3640 4443 ἐπ-

1984 4462 2260 4534 εχείρησε,
2292 4463 2462 4536 ξηρὰν
2491 4466 2590 4536 τὴν
2633 4471 2788 4538 χεῖρα
2817 4471 3126 4540 εἰργάσατο,
3158 4475 3426 4528 παιδεύων
3457 4479 3550 4530 καὶ⁹
3577 4479 3640 4531 σὲ

1981 4549 2048 4602 τά
2085 4551 2182 4621 μὲν
2211 4552 2402 4604 ἐαυτοῦ
2444 4555 2636 4624 πράως
2665 4556 2868 4626 φέρειν,
2907 4558 2974 4611 τά
3014 4559 3070 4612 δὲ
3112 4562 3192 4624 είς
3241 4562 3332 4614 τὸν
3363 4567 3641 4635 Δεσπότην

1987 4638 2121 4706 μετὰ
2162 4638 2359 4709 πολλῆς
2400 4641 2636 4694 ἐκδικεῖν
2678 4644 2775 4713 τῆς
2804 4645 3176 4716 σφοδρότητος.
3225 4652 3322 4702 Διά
3357 4652 3514 4705 τοῦτο
3545 4655 3640 4706 καὶ

1983 4724 2307 4794 νομοθετῶν,
2339 4727 2387 4779 εί
2425 4729 2518 4780 καὶ
2545 4729 2801 4800 δευτέραν
2829 4732 3027 4800 ἔφησεν
3053 4735 3150 4804 τὴν
3179 4738 3258 4798 εἰς
3295 4737 3386 4790 τὸν
3414 4739 3640 4810 πλησίον

1983 4807 2203 4878 ἀγάπην
2227 4807 2392 4874 εἶναι,
2421 4811 2534 4864 ἀλλ’
2558 4815 2749 4882 ὁμοίαν
2776 4817 2840 4884 τῇ
2867 4817 3106 4886 προτέρᾳ
3125 4834 3139 4848 °
3170 4820 3262 4870 καὶ
3289 4821 3476 4892 ὥσπερ
3498 4807 3639 4876 ἐκεί-

1984 4907 2081 4958 νην
2117 4892 2253 4961 μετὰ
2283 4894 2464 4963 πάσης
2495 4895 2716 4947 ἀπαιτεῖ
2734 4895 2833 4965 τῆς
2865 4897 3187 4967 ὑπερϐολῆς,
3221 4899 3360 4953 οὕτω
3391 4906 3483 4954 καὶ
3512 4906 3639 4957 ταύ-

1983 4990 2102 5042 την.
2142 4975 2258 5028 Ἐπ’
2274 4976 2482 5028 ἐκείνου
2501 4977 2605 5048 μέρ
2636 4978 2740 5050 γάρ
2759 4997 2942 5049 φησιν,
2980 4981 3080 5046 Ἐξ
3101 4983 3250 5051 ὅλης
3271 4985 3378 5051 τῆς
3393 4988 3640 5054 καρδίας

1982 5073 2118 5125 σου,
2154 5061 2252 5113 καὶ
2289 5061 2358 5125 ἐξ
2410 5062 2556 5131 ὅλης
2588 5064 2698 5133 τῆς
2742 5067 2946 5135 ψυχῆς
2993 5086 3143 5122 σου’
3190 5071 3281 5122 ἐπὶ
3311 5072 3366 5123 δὲ
3417 5072 3635 5143 ταύτης,

1995 5143 2090 5209 Ὠς
2112 5144 2347 5199 ἑαυτόν.
2384 5146 2493 5199 Καὶ
2526 5147 2788 5218 ἑτέρωθεν
2826 5152 2922 5219 μὲν
2949 5152 3271 5222 πολλαχόθεν
3302 5153 3398 5205 ἴδοι
3435 5173 3515 5219 τις
3549 5156 3635 5220 ἂν,

1982 5229 2112 5300 ὅσην
2155 5231 2439 5303 ἀκρίϐειαν
2477 5235 2622 5306 ὑπὲρ
2653 5234 2763 5288 τῶν
2791 5239 2926 5307 πρὸς
2954 5239 3210 5310 ἀλλήλους
3246 5242 3392 5309 ἡμᾶς
3421 5242 3641 5298 ἀπαιτεῖ

1981 5317 2201 5371 δικαίων
2238 5321 2267 5373 6
2307 5320 2459 5384 Θεὸς.
2483 5322 2626 5392 Ὅρα
2658 5325 2788 5392 γοῦν
2814 5326 2972 5379 αὐτὸν
3011 5328 3103 5379 καὶ
3133 5327 3363 5379 ἐνταῦθα
3399 5330 3639 5400 σφοδρῶς

1983 5406 2329 5477 ἐπικείμενον
2353 5411 2447 5462 καὶ
2467 5409 2694 5475 αὔξοντα
2721 5413 2818 5483 τήν
2841 5414 3170 5483 κατηγορίαν
3203 5413 3514 5483 βαρυτάτας
3543 5421 3638 5490 ῥή-

1985 5509 2147 5564 μασιν
2169 5511 2183 5526 ο
2236 5497 2416 5568 Ὑμεῖς
2452 5499 2542 5567 δὲ,
2575 5501 2728 5572 φησι,
2765 5501 2822 5556 τί
2867 5502 3261 5570 ἐνεπιῳίσατε
3305 5501 3413 5557 τὸν
3451 5505 3636 5574 ἀμπε-

2044 5798 2258 5872 ολΓήνιδὲ
2289 5800 2534 5872 Ἑλληνίδα
2556 5805 2728 5861 οὐκέτι,
2748 5803 2972 5872 gen'ilmn
2998 5818 3108 5856 vero
3125 5819 3277 5858 secus.
3304 5810 3390 5858 Hic
3417 5825 3502 5872 per
3530 5806 3640 5872 Ἐλς

1981 5859 2144 5931 ληνίδα
2184 5865 2324 5931 inlell
2350 5870 2416 5925 git
2451 5880 2554 5912 nam
2590 5883 2697 5926 qua:
2720 5859 2981 5916 ’ἱῦυῑυιυω
3003 5876 3152 5919 ωιιυι
3194 5873 3353 5921 dedllu
3400 5859 3548 5931 Clubel,
3588 5862 3643 5917 id

1986 5925 2110 5981 quod
2134 5937 2191 5972 ex
2227 5929 2359 5975 sene
2388 5933 2557 5985 liquet.
