4102 6306
609 297 667 352 51
1344 297 1400 351 S.
1443 298 1721 353 JO.\NNIS
1758 292 2234 352 CllliYSOSTOMl
2277 291 2586 347 ARCIIIEP.
2630 290 3163 347 CONSTANTINUP.
3784 279 3849 334 52

610 415 670 467 Ιιί
703 411 996 466 humiliabit
1020 410 1156 465 Deus
1181 410 1551 464 dominatriees
1594 410 1735 479 ﬁlias
1770 409 1897 463 Sion
1925 392 1949 464 ε’
1971 419 2019 464 et
2067 411 2178 465 Do-

606 509 778 561 minus
807 504 1048 559 reuelabit
1080 504 1312 557 habitum
1346 521 1528 559 earum
1549 506 1605 558 in
1638 505 1723 558 die
1744 505 1858 558 illa.
1882 505 1948 559 Et
1977 508 2179 577 auferet

607 601 861 652 Dominus
876 598 1097 669 gloriam
1114 598 1404 651 vestimenti
1422 614 1627 650 earum.
1643 596 1861 651 Duobus
1876 598 2067 668 positis
2082 598 2183 653 cri-

607 692 857 753 minibus,
896 692 1197 761 arrogantia
1220 700 1273 745 et
1300 691 1535 753 lascivia,
1568 690 1788 758 singulis
1808 693 2188 756 congruentem

606 783 824 837 adhibet
846 782 1159 837 medicinam
1177 823 1191 845 ,
1224 781 1395 850 primo
1419 779 1669 849 primam,
1699 776 1935 833 secundo
1956 790 2189 845 sequen-

609 882 713 927 tem
747 891 759 928 :
796 874 1145 943 arrogantiae,
1187 872 1645 935 humiliationem;
1696 869 1911 923 ornatui
1954 867 2187 931 habitus,

608 964 772 1035 ipsius
792 966 1177 1035 abreptionem.
1203 964 1371 1028 Bello,
1397 963 1584 1033 inquit,
1611 974 1734 1016 tunc
1750 970 1991 1031 urgente,
2015 960 2193 1014 omnia

609 1057 935 1111 auferantur.
994 1056 1123 1123 Qua:
1175 1058 1318 1112 enim
1368 1056 1642 1110 tumebant
1687 1064 1742 1109 et
1786 1053 2187 1123 superbiebant,

610 1161 754 1203 metu
793 1164 1148 1217 compressa},
1188 1150 1254 1204 ab
1293 1148 1393 1203 hoc
1418 1148 1605 1202 morbo
1635 1147 1998 1201 liberabuntur
2030 1163 2043 1199 :
2075 1160 2194 1216 qua:

610 1241 830 1295 mollitie
860 1253 910 1295 et
940 1242 1061 1294 luxu
1092 1243 1306 1295 omnino
1327 1241 1656 1306 diffluebant,
1685 1241 1736 1295 in
1764 1240 2081 1309 captivitatis
2105 1241 2193 1309 ju-

609 1348 732 1402 gum
768 1333 1080 1398 incidentes,
1104 1334 1170 1387 ab
1193 1334 1334 1387 omni
1358 1334 1444 1387 illa
1476 1333 1695 1388 mollitie
1716 1342 1992 1387 eruentur.

683 1422 958 1477 Mulierum
1012 1423 1177 1478 luxus.
1204 1454 1273 1464 —
1309 1423 1379 1479 Ut
1425 1433 1602 1478 autem
1653 1423 2019 1478 onerosiorem
2066 1419 2197 1490 ipsis

612 1524 817 1569 texeret
846 1529 1169 1579 sermonem,
1202 1524 1255 1569 et
1284 1513 1583 1568 auditorum
1616 1524 1845 1569 mentem
1877 1512 2199 1583 perstringe-

613 1614 1091 1667 ret,ornamentnm
1118 1605 1338 1659 vestium
1364 1606 1637 1658 mulierum
1662 1604 1871 1657 illarum
1897 1603 2195 1656 minutatim

613 1702 886 1760 recenset,
917 1702 1038 1763 puta
1067 1710 1385 1760 aureorum;
1410 1695 1532 1763 quid
1563 1697 1611 1748 in
1640 1695 1828 1759 oculis,
1859 1694 1983 1764 quid
2026 1694 2077 1748 in
2108 1709 2197 1749 re-

615 1786 759 1856 liquo
780 1802 1003 1856 corpore
1031 1803 1045 1840 :
1076 1786 1199 1841 hinc
1222 1789 1463 1857 procedit
1484 1788 1549 1841 ad
1573 1788 1762 1842 domus
1786 1797 2052 1842 ornatum.
2080 1787 2194 1841 Non

612 1881 783 1935 solum
806 1880 946 1933 enim
977 1894 1199 1948 corpora
1226 1883 1553 1935 ornamentis
1580 1881 1921 1946 decorabant,
1943 1879 2035 1934 sed
2062 1882 2197 1934 hanc

614 1973 986 2027 Contumeliam
1018 1990 1183 2042 usque
1213 1974 1278 2027 ad
1317 1975 1546 2043 parietes
1571 1974 1964 2036 extendebant,
2007 1988 2195 2042 super-

616 2068 734 2121 ﬂuis
769 2068 1099 2135 sumptibus;
1139 2077 1194 2122 et
1232 2068 1539 2122 calamistro
1585 2067 1805 2135 capillos
1851 2076 2155 2136 torquentes
2181 2108 2194 2130 ,

615 2158 727 2211 alas
755 2157 770 2187 ¹
815 2157 1114 2225 hujusmodi
1163 2157 1383 2212 fallaciae
1414 2158 1607 2227 ubique
1627 2158 2004 2212 extendebant.
2052 2158 2199 2211 llanc

617 2248 792 2316 itaque
821 2248 1045 2301 intentat
1077 2249 1467 2301 accusationem
1498 2263 1617 2301 cum
1648 2249 1775 2305 dicit
1804 2266 1817 2301 :
1850 2249 2054 2315 Auferet
2083 2249 2195 2317 glo-

611 2341 741 2392 riam
763 2340 1037 2393 vestimenti
1064 2356 1270 2404 earum,
1298 2350 1341 2393 et
1371 2350 1604 2393 ornatum
1632 2357 1801 2393 earum
1825 2382 1841 2406 ,
1870 2349 1914 2393 et
1943 2341 2199 2393 cincinnos

616 2448 807 2497 earum,
838 2442 885 2485 et
913 2432 1193 2502 corymbos.
1227 2432 1522 2503 Corymbus
1545 2442 1723 2488 autem
1749 2432 1896 2497 dicit,
1926 2433 2008 2486 vel
2038 2448 2198 2486 orna-

615 2534 725 2577 tmn
750 2525 1051 2595 quempiam
1074 2525 1281 2595 capitis,
1311 2525 1391 2579 vel
1417 2526 1559 2579 vitta:
1580 2535 1737 2596 caput
1760 2526 2065 2595 stringentis
2094 2525 2199 2579 for-

616 2630 777 2668 mam.
814 2614 877 2668 Et
920 2616 1123 2669 lunulas
1156 2632 1172 2669 :
1200 2625 1569 2670 ormnuentum
1610 2616 1812 2671 scilicet
1836 2617 1975 2672 circa
2004 2617 2197 2672 collum

613 2706 783 2761 lunari
826 2707 1016 2761 forma.
1072 2706 1138 2761 Et
1187 2710 1437 2764 cut/terna.
1485 2710 1644 2765 Forte
1691 2711 1996 2766 theristrum
2049 2711 2198 2766 dicit.

615 2800 681 2854 Et
725 2811 956 2854 ornatum
1006 2802 1154 2870 faciei
1200 2819 1391 2856 earum.
1441 2802 1537 2858 Hic
1589 2804 1717 2857 mihi
1759 2804 1969 2859 videtur
2022 2803 2197 2858 fucum

614 2903 667 2946 rt
700 2893 962 2961 pigmenta
988 2893 1344 2948 subindicare.
1374 2893 1439 2947 Et
1470 2895 1880 2965 compositionem
1918 2895 2199 2949 ornamenti

615 2984 810 3054 gloria.
862 2983 971 3038 ΙΙορ
1008 3000 1139 3039 auro
1187 2985 1576 3040 circumdatum
1628 2987 1775 3042 dicit.
1820 2986 1888 3040 Et
1934 2988 2201 3062 armillas:

614 3076 765 3130 aurei
794 3093 981 3145 nempe
1020 3086 1238 3132 ornatus
1273 3078 1411 3132 circa
1440 3079 1673 3131 brachia.
1709 3079 1773 3133 Et
1813 3080 2201 3137 dextrocheria:

616 3171 754 3223 circa
794 3186 1041 3224 manuum
1065 3171 1359 3240 juncturas.
1404 3171 1469 3224 Et
1498 3173 1760 3225 reticulum
1784 3187 1802 3224 :
1831 3182 2200 3227 ornamentum

615 3277 834 3316 aureum
862 3263 1001 3317 circa
1032 3271 1209 3331 caput.
1242 3261 1310 3317 Et
1333 3264 1567 3327 aunulos,
1601 3265 1969 3331 dt-xtroclzeria,
2000 3276 2044 3319 et
2072 3282 2202 3333 prte-

616 3365 751 3407 τίκτω
771 3372 1017 3424 purpura,
1038 3367 1082 3408 ct
1100 3357 1296 3409 clavata
1317 3374 1561 3426 purpura,
1586 3367 1629 3411 et
1656 3376 1849 3428 pannos
1870 3377 1959 3429 per
1974 3360 2198 3425 domum,

614 3456 661 3496 et
703 3443 953 3513 pellucida
994 3443 1265 3498 Laconica.
1299 3446 1523 3501 Tantum
1570 3448 1710 3502 enim
1744 3449 1873 3518 ipsis
1914 3450 2085 3505 inerat
2122 3450 2202 3504 la—

612 3537 789 3589 seivim
820 3536 1051 3590 studium
1077 3578 1092 3603 ,
1146 3546 1202 3590 ut
1232 3554 1337 3591 non
1379 3540 1535 3593 modo
1565 3539 1627 3593 iis
1666 3550 1940 3595 uterentur
1963 3582 1977 3606 ,
2004 3558 2122 3612 qua:
2151 3542 2203 3595 in

612 3642 704 3679 sua
736 3626 951 3696 regione
990 3636 1176 3694 erant,
1211 3628 1305 3683 sed
1336 3630 1497 3683 etiam
1529 3647 1595 3685 ex
1624 3632 1797 3686 aliena
1830 3640 1970 3686 terra
2018 3633 2198 3702 procul

615 3718 729 3771 illas
773 3719 961 3773 advehi
1017 3732 1265 3775 curarent
1310 3738 1403 3791 per
1434 3724 1819 3779 transmarinos
1848 3736 2199 3781 commeatus.

615 3810 833 3863 Multqu
864 3812 1005 3865 enim
1037 3814 1263 3882 Spatium
1306 3824 1360 3869 et
1389 3817 1605 3886 pelagus
1636 3818 1951 3873 immensum
1994 3830 2077 3878 est
2103 3819 2203 3874 Pa-

613 3902 871 3954 laestinam
900 3902 1036 3955 inter
1060 3913 1113 3956 et
1146 3903 1600 3960 Lacedmnionem.

688 3993 741 4047 9.
783 3992 898 4046 Non
937 3996 1053 4048 sine
1096 4011 1254 4049 causa
1284 3996 1439 4066 igitur
1472 4000 1741 4065 regionem
1779 4002 1988 4070 posuit,
2035 4003 2200 4057 misso

614 4083 1048 4137 Vt‘SlimClIlUI'UIII
1088 4086 1335 4149 nomine,
1374 4087 1467 4140 sed
1501 4097 1557 4141 ut
1597 4090 1860 4157 ingentem
1900 4108 2082 4146 carum
2114 4094 2198 4147 lu-

612 4188 737 4227 xum
764 4173 1174 4230 demonstraret.
1209 4176 1272 4229 Et
1299 4178 1499 4247 byssina
1524 4190 1568 4231 et
1596 4180 1941 4249 hyacinthina,
1969 4196 2015 4238 et
2038 4186 2198 4239 cocci-

613 4282 737 4329 nea,
775 4274 818 4318 et
844 4265 1047 4335 byssum
1088 4284 1199 4320 cum
1236 4285 1361 4322 auro
1396 4279 1440 4321 et
1475 4269 1745 4341 hyacintho
1785 4284 2108 4341 contextam,
2150 4288 2199 4332 et

612 4355 847 4407 theristra
881 4373 1008 4409 auro
1053 4360 1313 4411 adstricta.
1354 4359 1564 4414 Nullam
1593 4364 1734 4416 enim
1759 4366 1991 4433 speciem
2031 4367 2114 4420 vel
2143 4368 2198 4421 in

612 4446 944 4499 vestimentis
965 4448 1044 4500 vel
1069 4449 1119 4501 in
1140 4448 1244 4502 alio
1268 4460 1458 4504 ornatu
1481 4452 1839 4523 reliquerunt;
1870 4456 1962 4510 sed
1984 4471 2197 4511 onmem

610 4537 766 4591 luxus
788 4539 927 4592 viam
954 4548 1243 4607 tentarunt,
1270 4556 1335 4597 ex
1361 4542 1590 4599 lascivia:
1618 4547 1892 4617 tyrannide
1913 4547 2199 4619 lymphatis

608 4630 830 4683 similes.

690 4720 966 4774 Mulierum
990 4722 1195 4776 lascivia
1228 4734 1447 4794 tempore
1478 4726 1839 4797 Chrysostomi.
1868 4759 1937 4769 —
1956 4728 2123 4785 Porro
2150 4731 2194 4786 si

612 4814 697 4868 Ine
737 4822 861 4867 tunc
886 4814 1283 4872 criminationes
1309 4818 1667 4874 olierebantur
1697 4832 1819 4877 ante
1852 4822 2074 4892 gratiam
2094 4862 2110 4887 ,
2141 4832 2196 4878 et

607 4912 735 4960 ante
765 4914 962 4958 tantam
987 4905 1373 4977 phi1050phiam
1395 4950 1409 4973 ,
1434 4926 1589 4979 quam
1619 4914 1825 4967 veniam
1856 4928 2193 4984 consequan-

609 5007 694 5049 tur
724 4995 846 5059 illte,
877 5011 995 5066 qua:
1022 5013 1163 5051 nunc
1193 4998 1245 5052 in
1270 4998 1456 5053 cazlum
1487 5013 1761 5067 vocantur,
1781 5012 1835 5057 et
1861 5003 1927 5058 ad
1958 5004 2193 5074 longiora

607 5086 919 5149 certamina,
946 5101 1170 5157 quaeque
1188 5087 1253 5143 ad
1274 5090 1580 5159 angelorum
1606 5092 1952 5148 imitationem
1976 5096 2195 5151 trahun-

610 5185 715 5242 tur,
743 5185 799 5230 et
823 5175 980 5247 longe
1010 5178 1177 5247 magis
1202 5177 1341 5233 hanc
1368 5196 1619 5248 superare
1652 5197 1871 5251 possunt
1898 5186 2190 5257 lasciviam,

607 5276 665 5322 et
700 5277 878 5324 tamen
907 5284 1001 5324 eas
1026 5284 1147 5339 qua:
1172 5271 1223 5325 in
1252 5274 1426 5327 scenis
1450 5284 1505 5328 et
1544 5274 1765 5347 theatris
1794 5291 2073 5334 versantur
2114 5281 2193 5334 la-

608 5360 775 5417 scivia
802 5362 1062 5418 vincunt?
1086 5363 1345 5436 Quodque
1364 5369 1579 5435 gravius
1606 5381 1705 5435 est,
1740 5388 1806 5427 ne
1828 5387 2051 5442 peccare
2075 5376 2193 5445 qui-

668 5484 868 5549 {Juxta
893 5492 1058 5538 notam
1080 5489 1139 5538 ad
1171 5502 1303 5538 oram
1326 5489 1439 5540 libri
1464 5491 1674 5542 Lutetiae
1694 5508 1821 5543 anno
1852 5494 1969 5543 1588
1997 5498 2167 5549 excusi

606 5546 831 5619 positam,
862 5549 1137 5619 legendum
1162 5558 1272 5619 est,_
1294 5550 1545 5612 indagines
1568 5554 2016 5619 (napi-iteradum),
2060 5546 2167 5619 pro;

604 5606 833 5681 alus-(t6:
851 5606 1062 5681 prima).
1108 5614 1207 5662 Sed
1246 5606 1364 5662 'haic
1403 5606 1608 5681 mutatio
1646 5606 1861 5666 minime.
1884 5606 2167 5681 necessaria

610 5667 820 5743 videtur.
851 5667 1040 5743 Boisius
1069 5688 1232 5743 vocem
1274 5676 1422 5738 πτερά
1454 5680 1673 5743 retinet:
1700 5686 1777 5727 est
1814 5678 1963 5737 enim,
2007 5667 2168 5743 inquit

605 5729 713 5789 ille,
727 5729 931 5794 elegans
948 5736 1125 5785 allusio
1136 5737 1194 5787 ad
1211 5729 1395 5801 pennas
1418 5742 1621 5800 pavonis
1632 5748 1822 5791 erectas
1842 5729 1963 5792 etei
1972 5729 2165 5805 pansas;

2300 405 2419 459 dem
2449 420 2507 459 se
2536 415 2738 475 putant.
2772 404 2895 459 Ideo
2933 405 3187 459 adversus
3223 405 3337 458 illas
3364 419 3462 457 Vox
3490 404 3746 474 prephcta:
3768 422 3849 479 0p-

2301 500 2542 569 poncnda
2582 509 2682 553 est.
2718 500 2831 553 Non
2878 500 3049 552 Solum
3081 500 3223 552 enim
3261 498 3518 552 adversus
3564 499 3675 553 illas
3702 501 3845 568 olim,

2300 592 2391 643 sed
2433 591 2590 643 etiam
2632 590 2886 645 adversus
2926 594 3019 643 has
3064 589 3489 659 pronuntiabitur
3520 589 3567 643 id
3609 590 3737 660 quod
3775 608 3850 646 se-

2301 682 2481 751 quitur
2512 699 2524 735 :
2560 682 2671 735 Erit
2717 699 2808 751 pro
2836 684 2977 737 suavi
3013 682 3166 736 odore
3199 681 3382 753 pulvis.
3420 682 3598 737 Viden’
3618 685 3852 753 quomodo

2302 774 2578 828 unctiones
2609 776 2767 828 etiam
2798 784 3180 843 unguentorum
3214 772 3496 844 reprobet,
3530 790 3852 845 magnumque

2305 864 2400 933 ipsi
2431 866 2699 920 adscribat
2737 867 3093 935 supplicium?
3129 866 3410 920 Pulverem
3452 865 3589 919 enim
3632 866 3709 919 hic
3745 865 3856 920 dicit

2300 972 2419 1011 eum
2446 958 2534 1028 qui
2560 959 2823 1013 excitatur
2846 968 2966 1029 post
2994 959 3179 1014 urbem
3200 973 3446 1014 eversam
3466 969 3519 1013 et
3539 958 3855 1013 barbarorum

2304 1050 2681 1107 incursionem.
2714 1053 2845 1107 Nam
2874 1053 3017 1108 illam
3048 1052 3153 1124 igni
3190 1062 3243 1109 et
3269 1052 3411 1107 ferro
3439 1061 3561 1107 tunc
3584 1052 3853 1115 diruerent,

2303 1144 2449 1197 aliud
2498 1128 2811 1210 dii-nentes,
2850 1145 2995 1199 aliud
3040 1145 3147 1217 igni
3204 1144 3497 1201 tradentes.
3541 1143 3661 1199 llaec
3703 1145 3857 1214 itaque

2304 1237 2662 1304 pnenunliaus
2681 1238 2890 1293 dicebat
2914 1258 2925 1293 :
2952 1238 3053 1292 Pro
3078 1238 3222 1292 suavi
3241 1238 3395 1292 odore
3411 1238 3571 1308 pulvis
3594 1237 3700 1299 erit,
3721 1246 3763 1290 et
3781 1254 3857 1304 pro

2304 1344 2432 1381 zona
2461 1329 2686 1400 funiculo
2714 1330 2927 1401 cingeris
2944 1348 2963 1396 ;
2992 1331 3094 1385 sub
3126 1332 3306 1386 oculos
3337 1344 3542 1401 ponens
3570 1328 3857 1399 captivitatis

2305 1420 2529 1474 formam
2555 1464 2568 1487 ,
2600 1430 2654 1476 et
2690 1422 3061 1478 abductionem
3092 1424 3141 1478 in
3175 1422 3523 1477 barbarorum
3564 1431 3767 1477 terram.
3801 1420 3857 1475 Et

2304 1530 2395 1581 pro
2415 1524 2707 1568 ornamento
2726 1514 2905 1583 capitis
2928 1516 2999 1567 tui
3022 1515 3267 1569 calvitiem
3290 1514 3527 1577 habebis;
3555 1513 3663 1567 sive
3679 1512 3858 1582 Capillis

2304 1605 2372 1659 ob
2400 1607 2667 1659 miseriam
2695 1607 3071 1673 deﬂuentibus,
3105 1607 3218 1662 sive
3246 1607 3295 1661 id
3323 1607 3600 1677 agentibus
3624 1606 3855 1669 hostibus,

2304 1696 2417 1750 sive
2448 1697 2573 1764 ipsis
2605 1698 2806 1768 seipsas
2832 1698 3192 1752 tendentibus.
3218 1698 3331 1753 Mos
3355 1699 3497 1752 enim
3538 1707 3650 1753 erat
3676 1696 3791 1752 olim
3817 1697 3859 1750 in

2307 1786 2451 1840 luctu
2487 1797 2540 1841 ct
2577 1790 2876 1843 calamitate
2921 1805 3039 1845 sese
3080 1790 3300 1845 tondere
3328 1800 3382 1844 et
3412 1790 3619 1845 radere.
3663 1788 3852 1843 Etenim

2304 1877 2433 1942 Job,
2462 1880 2636 1932 audita
2673 1880 2960 1935 liberorum
2983 1881 3300 1945 calamitate,
3327 1890 3486 1952 caput
3510 1879 3727 1935 totondit
3749 1876 3860 1946 (Job

2305 1971 2355 2023 1.
2384 1970 2454 2025 20
2476 1970 2513 2041 ).
2546 1972 2611 2026 Ει
2644 1973 2694 2026 in
2727 1973 3068 2042 sequentibus
3095 1973 3168 2028 ait
3199 1974 3474 2043 propheta,
3508 1988 3625 2027 cum
3650 1986 3792 2027 sacco
3817 1979 3860 2025 et

2305 2060 2445 2115 luctu
2466 2068 2623 2117 etiam
2648 2064 2941 2118 tonsioneni
2967 2064 3192 2118 futuram
3212 2064 3367 2134 (Isai.
3390 2065 3478 2119 22.
3504 2065 3612 2135 12).
3636 2064 3860 2133 Aliusquc

2305 2170 2518 2208 rursum
2547 2155 2620 2209 ait
2652 2174 2664 2209 :
2695 2155 2765 2209 Et
2793 2157 2971 2210 radere
2994 2167 3040 2212 et
3063 2158 3268 2212 tondere
3294 2175 3447 2229 super
3471 2158 3604 2227 ﬁlios
3632 2167 3734 2212 tuos
3760 2157 3859 2211 deli-

2304 2256 2459 2299 rutos.
2484 2245 2553 2299 Et
2574 2264 2666 2316 pro
2693 2249 2861 2300 tunica
2897 2265 3125 2319 purpura
3168 2250 3368 2303 clavata
3400 2251 3711 2320 prwcingeris
3735 2266 3860 2303 sacco

2305 2340 2324 2413 (
2351 2340 2507 2395 .iliclt.
2548 2343 2601 2395 1.
2636 2341 2760 2411 16).
2793 2344 2982 2396 Annon
3026 2343 3140 2398 liIlEC
3172 2343 3431 2398 terribilia
3462 2354 3516 2399 et
3554 2343 3856 2400 intoleranda

2303 2449 2423 2489 esse
2449 2434 2727 2489 videntur?
2750 2435 2942 2489 Verum
2969 2436 3104 2505 apud
3129 2450 3227 2490 nos
3253 2453 3356 2490 non
3388 2436 3477 2491 hic
3503 2436 3714 2507 gradum
3734 2436 3861 2491 sistet

2308 2527 2436 2581 ultio
2458 2570 2472 2592 ,
2506 2527 2599 2582 sed
2629 2529 2823 2581 vermis
2849 2539 3160 2594 venenatus,
3193 2528 3287 2583 sed
3314 2528 3551 2583 tenebrae
3587 2526 3862 2582 intermina-

2308 2619 2437 2673 hiles
2462 2620 2745 2690 excipient.
2773 2620 2827 2675 Si
2851 2621 2991 2674 enim
3038 2621 3156 2674 illos
3186 2621 3468 2690 captivitas
3491 2662 3504 2687 ,
3547 2620 3762 2676 servitus
3783 2661 3795 2683 ,
3818 2630 3862 2672 et

2306 2722 2544 2767 extrema
2586 2714 2721 2766 mala
2752 2722 3114 2781 exceperunt,
3148 2713 3306 2783 idque
3348 2728 3451 2782 pro
3491 2721 3675 2766 ornatu
3704 2708 3861 2780 :quod

2305 2806 2446 2857 enim
2476 2803 2631 2872 hujus
2662 2819 2847 2872 punias
2872 2803 3131 2873 exigeret,
3163 2812 3216 2857 et
3247 2804 3347 2857 hoc
3376 2802 3590 2873 proprie
3616 2809 3861 2871 peccatum

2307 2896 2551 2965 puniret,
2580 2895 2702 2948 audi
2732 2895 2998 2964 quomodo
3026 2894 3107 2948 bis
3132 2894 3464 2949 enumeratis
3484 2936 3497 2958 ,
3524 2908 3728 2949 causam
3755 2891 3861 2946 διώ-

2302 2988 2478 3059 iunxit
2501 3008 2513 3042 ;
2548 2986 2674 3041 Hazc
2710 2987 2799 3040 tibi
2825 3004 2916 3055 pro
2943 2996 3124 3039 ornatu
3149 2986 3225 3055 (a)
3252 3003 3265 3039 :
3293 2986 3338 3039 si
3367 2985 3529 3056 igitur
3547 2983 3734 3039 Judaea:
3760 2997 3862 3034 mu-

2309 3080 2464 3133 lieres
2489 3078 2558 3132 ob
2585 3078 2743 3132 talem
2774 3088 3020 3132 ornatum
3046 3086 3220 3132 tantas
3247 3077 3465 3133 subiere
3492 3090 3689 3148 pmnas,
3715 3072 3860 3143 patria

2304 3188 2333 3227 a
2358 3172 2711 3227 fitndamentis
2727 3172 2924 3237 excisa,
2943 3182 2994 3227 et
3012 3181 3130 3241 post
3148 3180 3346 3226 tantam
3363 3172 3677 3242 voluptatem
3694 3182 3860 3231 serv-.e,

2306 3269 2527 3338 captiva:
2557 3277 2611 3321 ct
2638 3276 2915 3333 extorres,
2964 3266 3016 3320 in
3064 3266 3292 3320 alienam
3335 3266 3608 3334 regionem
3647 3261 3862 3316 abductae

2304 3366 2448 3419 sunt,
2481 3373 2543 3411 ac
2568 3355 2711 3422 fami,
2736 3358 2868 3424 pesti
2889 3355 3136 3425 milleque
3164 3354 3427 3410 mortibus
3457 3354 3687 3419 tradita};
3708 3365 3861 3404 annon

2307 3450 2647 3521 perspicuum
2690 3460 2772 3503 est
2794 3489 2810 3514 ,
2845 3464 2941 3502 nos
2970 3449 3213 3518 graviora
3252 3463 3506 3519 passuros
3546 3460 3662 3501 esse
3683 3485 3697 3510 ,
3719 3442 3797 3514 qui
3818 3440 3860 3493 in

2305 3543 2492 3599 eadem
2529 3552 2745 3612 peccata
2777 3542 3088 3596 incidimus?
3117 3539 3577 3609 Quemadmodum
3615 3539 3749 3595 enim
3774 3535 3858 3590 ho-

2306 3648 2466 3688 nores
2492 3634 2742 3702 majores,
2776 3634 2846 3687 ita
2872 3633 3117 3703 graviora
3144 3632 3428 3703 supplicia.

2377 3723 2514 3778 Deus
2543 3741 2645 3777 non
2670 3741 2864 3793 semper
2891 3724 3076 3778 similia
3108 3735 3366 3794 peccantes
3395 3722 3627 3777 similiter
3652 3718 3860 3788 castigat.

2304 3847 2376 3857 —
2395 3817 2543 3885 Quod
2572 3817 2616 3871 si
2636 3817 2778 3871 nulla
2806 3818 2997 3871 mulier
3028 3816 3183 3871 talem
3208 3825 3456 3870 ornatum
3479 3808 3733 3870 aﬂ'ectans'
3752 3812 3861 3864 hac-

2308 3917 2462 3963 tenus
2504 3908 2699 3978 aliquid
2730 3908 2830 3963 tale
2876 3924 3027 3979 passa
3058 3918 3177 3973 est,
3222 3923 3290 3961 ne
3332 3907 3453 3961 ideo
3484 3905 3725 3962 confidat.
3766 3901 3862 3956 Mos

2305 4002 2448 4055 enim
2478 4011 2561 4055 est
2586 4003 2694 4055 Deo
2723 4017 2907 4070 poenas
2933 3999 3159 4055 delinire
3185 4002 3272 4053 uni
3298 4008 3352 4054 et
3370 3999 3549 4064 alteri,
3573 4008 3625 4053 ct
3650 4012 3737 4067 per
3764 3995 3865 4048 illos

2305 4090 2759 4147 commonefacere
2785 4102 3008 4146 caeteros
3050 4107 3237 4146 omnes
3265 4091 3333 4146 de
3367 4091 3544 4161 pomis
3592 4105 3705 4160 quae
3741 4088 3869 4156 ipsos

2305 4192 2603 4252 exceptura:
2628 4181 2771 4238 sunt.
2798 4182 2862 4237 Ut
2884 4193 3058 4237 autem
3085 4182 3137 4237 id
3166 4182 3359 4236 clarius
3383 4181 3596 4248 evadat,
3618 4187 3866 4249 peccatum

2302 4292 2463 4346 grave
2489 4277 2815 4330 admiserunt
2842 4276 2966 4329 olim
2996 4275 3027 4328 ii
3054 4277 3139 4345 qui
3168 4274 3397 4329 Sodoma
3426 4272 3751 4333 incolebant,
3782 4281 3868 4321 ex-

2306 4378 2501 4424 tremas
2538 4369 2801 4425 dederunt
2830 4384 3014 4439 pinnas
3034 4410 3049 4433 ,
3084 4369 3146 4422 iis
3174 4367 3427 4422 immissis
3462 4366 3761 4430 fulminibus
3783 4402 3796 4426 ,
3823 4366 3869 4413 et

2306 4461 2526 4517 urbibus
2546 4504 2561 4526 ,
2590 4463 2799 4533 populis
2828 4474 3073 4531 terraque
3098 4462 3210 4529 ipsa
3240 4477 3361 4515 cum
3390 4460 3701 4529 corporibus
3726 4452 3868 4509 simul

2303 4556 2611 4611 combustis.
2658 4558 2792 4624 Quid
2834 4556 3027 4626 igitur?
3071 4556 3313 4609 nullusne
3366 4566 3487 4625 post
3536 4553 3655 4607 illos
3692 4547 3867 4604 similia

2303 4664 2463 4703 ausus
2488 4648 2610 4703 est?
2639 4648 2783 4701 Multi
2814 4658 2959 4702 certe
2980 4689 2995 4713 ,
3022 4658 3075 4700 et
3104 4647 3153 4700 in
3186 4647 3368 4700 multis
3398 4660 3493 4715 per
3516 4645 3697 4698 orbem
3729 4637 3861 4693 locis.

2302 4740 2407 4794 Cur
2442 4754 2571 4809 ergo
2612 4739 2744 4793 nihil
2775 4737 3137 4807 hujuscemodi
3182 4737 3322 4806 passi
3355 4736 3515 4789 sunt?
3558 4733 3688 4801 Quia
3726 4731 3869 4797 longe

2300 4831 2530 4903 graviori
2573 4842 2912 4886 reservantur
2967 4831 3248 4898 supplicio.
3305 4828 3429 4883 Ideo
3470 4840 3696 4896 namque
3740 4822 3869 4876 Deus

2299 4934 2575 4995 postquam
2598 4922 2647 4976 id
2672 4923 2836 4977 semel
2864 4921 3003 4985 fecit,
3032 4919 3252 4987 destitit,
3277 4929 3332 4974 ut
3352 4920 3439 4989 qui
3467 4920 3585 4974 talia
3606 4916 3865 4971 auderent.

2300 5017 2507 5071 etiamsi
2537 5015 2622 5069 hic
2649 5030 2832 5083 poenas
2859 5031 2964 5069 non
2994 5015 3180 5069 darent
3199 5054 3214 5079 ,
3246 5023 3392 5067 certo
3422 5014 3615 5067 scirent
3642 5026 3699 5064 se
3726 5022 3864 5062 num-

2298 5124 2457 5177 quam
2485 5106 2793 5177 elIugituros
2813 5121 2951 5161 esse.
2979 5106 3256 5174 Quomodo
3294 5105 3435 5159 enim
3464 5112 3863 5159 consentaneum

2298 5201 2487 5256 rationi
2505 5200 2682 5266 fuerit,
2700 5210 2821 5254 ante
2837 5200 3057 5269 gratiam
3075 5208 3127 5253 et
3144 5207 3266 5251 ante
3285 5198 3475 5268 legem,
3493 5212 3586 5253 eos
3604 5196 3689 5265 qui
3708 5204 3864 5261 neotte

2298 5296 2581 5363 prophetas
2601 5333 2617 5360 ,
2646 5309 2817 5363 neque
2855 5292 3017 5346 alium
3051 5292 3351 5362 quempiam
3378 5290 3734 5366 audivissent,
3779 5298 3865 5353 pro

2296 5386 2543 5441 admissis
2563 5386 2795 5456 peccatis
2821 5384 2945 5439 talia
2968 5400 3152 5454 passos
3168 5398 3287 5438 esse
3305 5400 3319 5448 ;
3337 5397 3432 5437 eos
3451 5391 3626 5436 autem
3646 5377 3734 5449 qni
3757 5382 3869 5446 post

2361 5501 2434 5562 (a)
2468 5500 2549 5549 Ait
2571 5498 2936 5562 Cbrysostomus
2966 5499 3137 5548 Isaiam
3160 5508 3268 5561 post
3292 5496 3708 5562 enumerationem
3746 5489 3867 5538 illam

2296 5560 2607 5611 muliebrium
2645 5560 3036 5610 ornamentorum
3067 5562 3143 5610 bis
3164 5560 3331 5609 verbis
3368 5560 3705 5609 recensionem
3738 5564 3866 5601 suam

2294 5625 2541 5675 claudere.
2556 5622 2737 5671 Verum
2754 5625 2859 5687 haec
2878 5638 2971 5672 non
2988 5626 3183 5684 reperio
3207 5625 3254 5671 iu
3279 5622 3437 5671 Bibliis
3455 5627 3577 5687 [.XX.
3703 5625 3865 5687 maqu

2293 5673 2408 5737 olun
2433 5694 2537 5734 erat
2571 5684 2920 5746 exemplarium
2945 5673 3168 5746 varicus,
3210 5692 3265 5735 ut
3303 5688 3349 5734 itt
3374 5673 3865 5733 Prwliutiuaribusiad

2295 5750 2507 5812 tteuapla
2530 5746 2743 5811 alibique
2766 5747 2987 5797 diximus.
