4096 6322
464 369 550 428 53'

461 483 650 538 ἔδοσαν
669 486 880 540 οὐδέπω
913 490 1004 541 καὶ
1033 491 1098 560 σή
1108 507 1307 561 μερον;
1335 491 1450 543 Ἵνα
1481 491 1658 560 μάθῃς
1684 490 1766 541 ὅτι
1796 485 1930 540 πολύ
1955 484 2109 554 χαλε-

462 574 681 646 πωτέρᾳ
705 575 990 646 τηροῦνται
1014 580 1275 650 τιμωρίᾳ.

539 694 724 749 ι’.⁸’οτι
747 697 855 768 γὰρ
874 697 990 751 ἔστι
1007 698 1358 769 χαλεπώτερα
1382 699 1628 769 Σοδόμων
1645 697 1857 758 παθεῖν,
1887 695 2116 748 ἄκουσον

463 782 557 836 τοῦ
591 784 826 854 Χριστοῦ
857 785 1105 854 λέγοντος
1125 805 1137 818 ο
1181 786 1590 854 Ἀνεκτότερον
1615 787 1784 839 ἔσται
1826 782 1902 853 τῇ
1943 780 2119 835 Σοδό-

460 887 588 940 μων
620 872 716 924 καὶ
762 874 1066 942 Γομόρῤας
1102 874 1171 927 ἐν
1207 873 1397 941 ἡμέρᾳ
1442 876 1713 941 κρίσεως,
1751 873 1789 940 ἢ
1837 869 1913 937 τῇ
1949 869 2119 922 πόλει

465 956 839 1024 ταύτῃ.⁸Ὠστε
865 958 965 1012 κᾶν
997 959 1464 1029 καλλωπιζόμεναι
1495 959 1588 1013 νῦν
1632 960 1883 1026 γυναῖκες
1914 956 1986 1026 μὴ
2017 955 2121 1006 πά-

446 1042 649 1106 ’θωσιν,
679 1044 820 1116 ειπερ
843 1045 1041 1099 ἔπαθον
1066 1048 1121 1100 αἱ
1150 1047 1269 1099 τότε
1289 1047 1775 1116 καλλωπιζόμεναι,
1807 1045 1881 1114 μὴ
1908 1042 2124 1112 θαρρεί-

467 1131 743 1184 τωσαν.Ἦ
782 1131 891 1202 γάρ
921 1133 1085 1204 ἀνοχὴ
1109 1134 1261 1204 οαύτὴ
1293 1137 1387 1188 καὶ
1417 1136 1451 1205 ή
1488 1133 1837 1205 μακροθυμία
1879 1130 2123 1201 χαλεπω-

467 1217 632 1287 τέραν
663 1219 887 1287 σωρεύει
915 1219 1008 1273 τοῦ
1041 1220 1206 1292 πυρὸς
1232 1221 1327 1292 τὴν
1353 1222 1598 1291 κάμινον.
1629 1221 1722 1273 καὶ
1763 1217 1980 1288 μείζονα
2027 1217 2123 1286 τὴν

469 1302 641 1371 φλόγα
665 1303 972 1371 ἐργάζεται.
995 1305 1163 1359 Τοῦτο
1194 1309 1286 1360 καὶ
1313 1307 1405 1359 ἐπὶ
1436 1305 1673 1360 Ἀνανίου
1697 1305 1791 1358 καὶ
1816 1302 2124 1370 Σαπφείρας

467 1389 678 1458 γέγονε.
711 1389 814 1443 Καὶ
850 1391 956 1462 γὰρ
988 1393 1181 1446 ἐκεῖνοι
1217 1396 1276 1447 ἐν
1321 1395 1460 1465 ἀρχῇ
1491 1393 1584 1447 καὶ
1613 1391 1879 1462 προοιμίῳ
1904 1390 1995 1442 τοῦ
2024 1407 2125 1458 κη-

472 1475 746 1545 ρύγματος
801 1477 1115 1549 ὕφελόμενον.
1156 1479 1268 1534 τῶν
1317 1481 1611 1552 χρημάτων
1661 1478 1902 1537 ἐκείνων.
1936 1475 2125 1547 ἀθρόον

470 1564 913 1634 ἀνηρπάσθησαν,
948 1567 1080 1633 μετά
1113 1566 1169 1620 δέ
1208 1567 1444 1630 ἐκείνους
1476 1565 1656 1619 πολλοὶ
1687 1564 1906 1619 τοιαῦτα
1930 1562 2127 1633 τολμή.

472 1666 683 1713 σαντες,
706 1651 856 1703 οὐδὲν
885 1651 1101 1704 ἔπαθον.
1131 1653 1252 1715 Πῶς
1276 1648 1366 1705 οὖν
1387 1651 1452 1705 ἂν
1481 1651 1589 1721 ἔχοι
1609 1653 1784 1720 λόγον,
1813 1651 1902 1703 τὸν
1922 1649 2127 1702 δίκαιον

471 1735 661 1805 κριτὴν
691 1737 784 1790 καὶ
829 1739 961 1790 πᾶσι
993 1737 1061 1790 τὰ
1094 1737 1206 1810 [47]
1246 1738 1332 1791 ίσα
1379 1739 1628 1808 νέμοντα.
1664 1738 1787 1800 τούς
1836 1737 1933 1806 μὲν
1966 1731 2126 1808 ἦττον

472 1823 854 1892 ἡμαρτηκότας
881 1823 1128 1888 κολάσαι,
1162 1826 1285 1889 τούς
1315 1825 1370 1878 δὲ
1405 1824 1756 1895 χαλεπώτερα
1799 1823 2128 1892 ποιήσαντας

474 1909 722 1977 ἀφεῖναις
757 1912 869 1964 Οὐκ
895 1911 1135 1983 εὔδηλον,
1163 1913 1242 1965 ὃτι
1282 1912 1463 1983 ἐπειδὴ
1503 1912 1724 1982 ἔστησεν
1752 1912 1979 1981 ἡμέραν,
2011 1910 2066 1961 ἐν

477 1995 654 2064 μέλλει
685 1998 886 2066 κρίνειν
913 1997 1010 2070 τὴν
1041 2001 1380 2070 οἰκουμένην,
1404 2000 1490 2052 διὰ
1514 1999 1670 2051 τοῦτο
1695 1997 2011 2050 ἀνεϐάλλετο
2034 1996 2131 2066 τὴν

473 2083 758 2152 τιμωρίαν.
789 2083 874 2137 ἵνα
923 2085 954 2154 ἢ
1004 2088 1068 2156 τῇ
1119 2087 1466 2158 μακροθυμίᾳ
1511 2085 1773 2152 γένωνται
1806 2081 2129 2152 βελτίους,ῆ

473 2171 583 2230 τοῖς
634 2169 814 2232 αὐτοῖς
859 2173 1205 2241 ἐπιμένοντες
1255 2171 1607 2243 χαλεπώτερα
1656 2171 1932 2233 πάθωσινς
1967 2170 2132 2220 Ὅταν

473 2253 648 2306 τοίνυν
679 2258 1012 2328 ἁμαρτόντες
1035 2271 1059 2299 ιι
1106 2259 1174 2312 τά
1206 2259 1344 2312 αὐτά
1373 2261 1485 2321 τοῖς
1514 2258 1614 2328 ἤδη
1645 2254 2133 2325 πεπλημμεληκόσι

474 2343 567 2395 καί¹
597 2344 923 2406 κολασθεῖσι,
955 2347 1029 2417 μὴ
1080 2345 1148 2399 τὰ
1192 2346 1331 2399 αὐτά
1371 2345 1650 2416 πάθωμεν,
1697 2345 1770 2415 μὴ
1823 2341 2130 2413 θαρῤὦμεν,

473 2429 608 2482 ἀλλὰ
640 2431 837 2499 μᾶλλον
870 2432 1398 2503 φοϐώμεθα.”Ωσπερ
1434 2433 1541 2502 γάρ
1571 2433 1732 2502 νόμον
1759 2430 1856 2501 τὴν
1885 2433 1970 2482 ἐπ’
1992 2429 2135 2481 ἐκεί-

476 2534 580 2568 νων
629 2519 894 2588 τιμωρίαν
944 2518 1231 2589 ἐξήνεγκεν
1277 2522 1306 2573 6
1355 2520 1506 2584 Θεὸς,
1542 2521 1674 2572 πᾶσι
1709 2518 2010 2587 παραινῶν,
2042 2516 2136 2568 καὶ

476 2604 677 2672 λέγων,
704 2607 783 2659 ὅτι
815 2607 912 2660 Διὰ
953 2607 1108 2661 τοῦτο
1133 2609 1224 2661 τὸν
1254 2608 1310 2674 ἐξ
1339 2608 1512 2678 ἀρχῆς
1543 2606 1854 2676 ἁμαρτόντα
1883 2603 2134 2667 ἐκόλασα,

477 2691 565 2743 ἴνα
596 2692 688 2744 καὶ
719 2692 783 2744 σὺ
819 2694 847 2746 6
872 2693 988 2761 μετ’
1015 2694 1251 2756 ἐκείνους
1280 2693 1633 2765 πλημμελῶν,
1660 2692 1730 2745 τά
1754 2691 1891 2743 αὐτὰ
1931 2688 2135 2759 ἀναμέ-

477 2794 594 2852 νῃε,
622 2781 706 2832 ἵνα
732 2781 1041 2853 μεταϐάλλῃ
1067 2782 1158 2834 καὶ
1182 2781 1313 2854 γένῃ
1333 2781 1574 2851 βελτίων.
1597 2780 1722 2842 Τοῖς
1751 2778 1820 2847 γά
1829 2795 1860 2848 ρ
1878 2776 2136 2836 τοιούτοις

480 2867 832 2939 ἁμαρτήμασι
861 2867 1104 2921 τοιαῦται
1147 2872 1352 2922 κεῖνται
1396 2869 1674 2939 τιμωρίαι,
1709 2866 1808 2919 κᾶν
1843 2866 1916 2936 μὴ
1956 2881 2135 2934 παρα-

480 2955 666 3024 χρῆμα
695 2954 978 3025 έρχωνται.
1008 2956 1225 3018 Τούτοις
1257 2957 1313 3009 δὲ
1346 2956 1442 3026 οὐχ
1465 2955 1646 3018 ἁπλῶς
1673 2953 1994 3024 ἐνδιέτριψα,
2021 2949 2135 3004 ἀλλ’

480 3041 664 3112 ἐπειδὴ
698 3043 930 3113 πονηρὸν
961 3044 1169 3114 νόσημα
1199 3046 1277 3107 είς
1302 3043 1401 3108 τὰς
1431 3044 1538 3096 τῶν
1564 3043 1862 3113 ἀνθρώπων
1891 3039 2136 3110 εἰσῆλθεν

481 3131 657 3193 οἰκίας
676 3130 761 3184 διὰ
783 3132 880 3202 τῆς
901 3131 1007 3184 τῶν
1027 3132 1296 3200 γυναικῶν
1325 3131 1595 3202 βλακείας,
1621 3132 1649 3182 6
1670 3131 1768 3199 τῆς
1788 3128 2138 3198 φιλοκοσμίας

481 3217 640 3289 ἔρως,
681 3219 739 3283 ὃς
769 3221 862 3272 καὶ
898 3220 995 3290 τὴν
1026 3221 1132 3274 τῶν
1169 3221 1465 3293 χρημάτων
1503 3219 1743 3273 ἐπέτεινε
1775 3218 1960 3288 ῥανίδα
1978 3218 2027 3279 b,
2061 3220 2139 3280 εἰς

481 3305 742 3376 ἀκαίρους
789 3307 1029 3371 δαπάνας
1078 3309 1201 3371 τοὺς
1240 3309 1434 3380 ἄνδρας
1465 3306 1733 3377 ἐμϐαλὼν,
1765 3307 1858 3358 καὶ
1904 3304 2138 3374 πολέμου

487 3395 575 3446 καὶ
627 3394 866 3459 στάσεως
907 3397 1000 3449 καὶ
1046 3397 1370 3466 φιλονεικίας
1402 3397 1654 3459 ὑπόθεσις
1697 3395 1976 3464 γινόμενος
2006 3391 2139 3444 καθ-

485 3481 769 3552 ημερινῆς,
800 3482 891 3535 καὶ
923 3484 1020 3546 τὰς
1063 3484 1167 3536 τῶν
1199 3488 1442 3554 πενήτων
1476 3481 1803 3534 κατατείνων
1849 3481 2137 3548 γαστέρας.

486 3566 656 3621 Ὅταν
685 3568 792 3640 γάρ
821 3569 1036 3623 ἃπασαν
1063 3569 1159 3641 τὴν
1184 3569 1370 3622 οὐσίαν
1398 3568 1553 3638 γυνὴ,
1591 3568 1623 3638 ἢ
1659 3569 1750 3620 καὶ
1772 3566 1833 3618 τὸ
1853 3565 2012 3617 πλέον
2033 3565 2140 3617 τῶν

483 3654 670 3717 ὄντων,
699 3657 777 3716 είς
819 3657 918 3729 τὴν
950 3656 1044 3710 τοῦ
1082 3657 1328 3727 σώματος
1363 3655 1517 3726 ὕϐριν
1546 3654 1825 3725 ἀναγκάζῃ
1861 3652 1949 3704 τὸν
1977 3651 2141 3722 ἄνδρα

483 3743 724 3815 δατπινᾷν
759 3745 934 3817 (ὕϐρις
967 3745 1074 3816 γὰρ
1099 3746 1364 3815 σώματος,
1385 3744 1446 3796 τὸ
1473 3743 1849 3815 περικείμενον
1874 3742 2141 3812 χρυσίον),

483 3832 696 3902 ἀνάγκη
726 3832 820 3902 τὴν
846 3836 1001 3902 χεῖρα
1034 3833 1409 3885 συστέλλεσθαι
1432 3832 1568 3903 πρὸς
1594 3831 1692 3902 τὴν
1719 3831 1818 3901 τῆς
1848 3829 2142 3900 ἐλεημοσύ-

485 3936 580 3988 νης
600 3918 924 3988 φιλοτιμίαν.
948 3921 1057 3972 Καὶ
1082 3921 1249 3972 πολλὰ
1267 3921 1321 3972 δὲ
1350 3921 1508 3987 ’ἑτερα
1541 3922 1604 3971 ἐκ
1634 3919 1821 3972 τούτου
1849 3919 2143 3986 τικτόμενα

486 4007 632 4058 ἔστιν
668 4007 793 4059 ἰδεῖν
821 4006 1227 4076 ἁμαρτημάτων
1259 4008 1392 4075 εἴδη.
1440 4007 1600 4060 Ἀλλά
1626 4007 1796 4059 ταῦτα
1828 4009 2054 4073 ἀφέντες
2075 4008 2140 4075 τῇ

485 4093 651 4164 πείρᾳ
694 4094 801 4146 τῶν
859 4093 1170 4162 πασχόντων
1222 4094 1416 4144 εἰδέναι
1467 4094 1668 4160 σαφῶς,
1717 4095 1824 4145 τῶν
1874 4093 2143 4163 ἐχομένων

485 4180 803 4251 ἁπτώμεθα.
837 4180 984 4234 Μετὰ
1012 4181 1121 4250 γάρ
1158 4181 1220 4232 τὸ
1264 4180 1607 4249 παραστῆσαι
1634 4181 1731 4249 τῆς
1774 4181 2145 4251 αἰχμαλωσίας

484 4269 545 4322 τὸ
575 4269 776 4340 σχῆμα,
809 4269 901 4320 καὶ
929 4270 1120 4331 εἰπεῖν,
1147 4268 1226 4320 ὅτι
1269 4268 1412 4319 Ἀντὶ
1427 4267 1521 4319 τοῦ
1536 4267 1916 4337 καλλωπισμοῦ
1942 4268 2143 4338 ταύτην

484 4359 690 4426 ἐπάγω,
718 4355 972 4408 ἐπιτείνει
993 4354 1090 4425 τὴν
1122 4354 1420 4426 συμφορὰν,
1451 4353 1624 4422 λέγων
1642 4371 1656 4383 ⁸
1685 4355 1790 4406 Καὶ
1821 4357 1852 4406 ό
1881 4355 2008 4419 υἱός
2028 4371 2144 4407 σου

484 4451 517 4500 ό
550 4446 894 4509 κάλλιστος,
923 4443 994 4495 ὃν
1038 4441 1290 4512 ἀγαπᾷς,
1319 4443 1580 4512 μαχαίρᾳ
1628 4439 1911 4502 πεσεῖται,
1950 4440 2048 4493 καὶ
2092 4443 2144 4494 οὶ

485 4536 798 4604 ίσχύοντες
835 4531 1003 4600 ὑμῶν
1027 4531 1286 4600 μαχαίρᾳ
1323 4530 1667 4583 πεσοῦνται.
1699 4528 1867 4581 Τοῦτο
1908 4527 2016 4596 γὰρ
2063 4528 2146 4580 αἰ-

483 4620 796 4692 χμαλωσίας
822 4617 1218 4688 χαλεπώτερον.
1249 4616 1356 4670 Καὶ
1382 4616 1488 4687 γάρ
1516 4617 1631 4668 ἐστι
1666 4615 1777 4683 ζωὴ
1810 4613 2039 4667 θανάτου
2057 4631 2146 4665 πι-

485 4708 910 4779 κροτέρα.”οταν
951 4706 1060 4776 γὰρ
1104 4703 1238 4774 μετά
1270 4704 1368 4772 τῆς
1395 4703 1634 4766 δουλείας
1663 4704 1755 4757 καὶ
1789 4703 1943 4773 ἄωρα
1974 4701 2143 4772 πένθη

483 4798 701 4868 θρηνεῖν
728 4793 1158 4862 ἀναγκάζωνται,
1187 4792 1436 4862 ἐννόησον
1482 4792 1603 4844 ὅσον
1647 4791 1744 4859 τῆς
1779 4790 2060 4860 συμφορᾶς
2085 4790 2146 4840 τὸ

487 4883 736 4954 μέγεθος,
763 4881 871 4933 τῶν
901 4880 1020 4934 καθ’
1044 4878 1250 4932 ἐαυτὰο
1285 4878 1496 4948 πικρῶν
1530 4877 1698 4931 όντων
1730 4878 2146 4946 συναπτομένων

483 4971 749 5043 ἀλλήλοις.
787 4969 895 5022 Καὶ
924 4968 1032 5039 γὰρ
1077 4968 1126 5020 εί
1170 4966 1513 5037 αἱχμαλωσία
1555 4966 1688 5036 μόνη
1736 4961 1826 5036 ἦν,
1877 4965 2147 5043 ἀφόρητον

483 5056 553 5130 ἦν
586 5042 649 5110 τὸ
694 5055 896 5111 δεινόν’
950 5056 1045 5108 καὶ
1109 5055 1158 5106 εί
1225 5055 1282 5106 ἐν
1338 5053 1618 5122 ἐλευθερίᾳ
1667 5051 1884 5116 ζώντων
1923 5042 2147 5105 τοιαῦτα

487 5145 764 5200 συνέϐαινε
814 5143 1005 5216 πένθη,
1043 5143 1269 5196 θανάτου
1312 5142 1608 5211 πικροτέρα
1652 5137 1720 5209 ἦν
1749 5142 1782 5210 ὴ
1814 5141 1945 5210 ζωή.
1987 5139 2146 5193 Ἀλλά

484 5233 582 5288 νῦν
613 5233 895 5304 ἀμφότερα
924 5231 1096 5293 ἔσται,
1127 5229 1278 5300 φησὶ,
1307 5229 1618 5298 συνηγμένα
1639 5227 1903 5298 ἀλλήλοις.
1933 5227 2148 5282 Μᾶλλον

483 5322 541 5376 δὲ
569 5321 759 5393 διπλῆν
783 5322 864 5375 δεῖ
889 5319 1092 5389 ταύτην
1120 5317 1304 5371 καλεῖν
1339 5317 1640 5387 συμφοράν,
1666 5315 1760 5369 καὶ
1780 5316 2033 5388 τριπλῆν,
2054 5319 2148 5370 καὶ

484 5518 1063 5630 τῶζτῐὶρῇἱῖῗξαρτῶντεςν
1087 5522 1140 5567 ει
1164 5517 1234 5566 Sic
1274 5514 1504 5579 superius
1543 5519 1866 5580 ἀμαρτῶντας,
1905 5524 1959 5568 el
1998 5521 2149 5584 ἁμαρ-

551 5616 1063 5703 ἵξιῖἶιίῖυεῃίωιυι·
1083 5641 1348 5703 legendum
1378 5640 1640 5702 τυραννίδα,
1667 5641 1731 5689 ita
1767 5647 1929 5690 tamen
1953 5643 2150 5691 uthanc

487 5707 830 5776 eliapfopem
861 5705 974 5776 hqjc
992 5705 1103 5776 jocp
1125 5717 1220 5774 που
1260 5711 1637 5776 prorsuiapla'm
1666 5704 1931 5776 exjﬁlimel.
1961 5705 2150 5753 Boisius

488 5766 684 5840 conjicil
711 5765 879 5836 έρωτα.
907 5765 1006 5834 8ςά
1044 5767 1187 5812 nimia
1214 5777 1380 5811 vocum
1424 5765 1692 5812 diversius.
1724 5763 1787 5812 υι
1832 5772 1886 5813 ul
1920 5779 2002 5813 res
2052 5774 2148 5820 est.

489 5829 652 5875 όανιδα
677 5827 754 5874 hic
774 5837 1085 5875 berem-mum
1108 5827 1228 5875 olet.
1255 5825 1361 5875 Mox
1388 5826 1505 5875 Rea.
1537 5826 1752 5875 ἐμϐαλών
1778 5834 1930 5875 recte.
1977 5827 2147 5875 Morel.

489 5826 652 5892 ρανίδα
677 5827 754 5874 hic
774 5826 1085 5887 peregrinum
1108 5827 1228 5875 olet.
1255 5826 1361 5875 Mox
1388 5826 1505 5888 Reg.
1537 5826 1752 5888 ἐμϐαλών
1778 5834 1930 5876 recte.
1977 5827 2147 5877 Morel,

487 5897 542 5940 el
562 5889 712 5938 Sam.
734 5887 960 5934 ἐκϐαλών.

552 5954 575 5982 °
603 5951 727 6013 Heg.
750 5955 804 6000 et
825 5946 975 5999 Savil.
1001 5948 1102 5996 καθ’
1122 5948 1300 5998 ἑαυτῶν

1217 379 1276 434 S.
1315 377 1599 434 JOANNIS
1635 369 2118 433 CIIRYSOSTOMI
2158 370 2483 429 ARCHIEP.
2523 370 3058 431 CONSTANTINUP.
3806 363 3876 416 58

2220 488 2548 557 τετραπλῆν,
2577 488 2702 540 ὅταν
2745 486 2838 539 καὶ
2868 485 3000 546 υἱὸς,
3031 482 3122 536 καὶ
3151 480 3449 542 κάλλιστος,
3485 478 3579 532 καὶ
3609 477 3880 546 ποθούμε-

2221 591 2327 638 νος,
2355 575 2446 626 καὶ
2492 576 2596 628 ὐπὸ
2629 574 2935 645 βαρϐάρων,
2971 570 3105 623 ἀλλά
3137 569 3211 639 μὴ
3238 568 3315 638 τῷ
3346 566 3507 637 κοινῷ
3541 567 3642 636 τῆς
3665 564 3880 635 φύσεως

2225 661 2475 715 καταλύει
2503 662 2651 732 νόμῳ
2678 662 2766 713 τὸν
2797 660 2906 729 βίον
2925 675 2939 688 ·
2969 658 3064 712 καὶ
3103 656 3239 725 μετά
3270 655 3455 707 τούτου
3484 655 3576 707 καὶ
3598 654 3647 705 οἱ
3677 655 3734 705 ἐν
3759 651 3878 721 ἡλι-

2222 750 2315 820 κίᾳ
2363 750 2582 812 πάντες,
2616 749 2755 802 ὥστε
2804 747 2936 818 μηδὲ
2978 744 3167 798 ἐλπίδα
3205 743 3386 805 αὐτοῖς
3435 738 3568 795 εῖναι
3615 738 3879 809 χρηστὴν,

2222 838 2343 890 ὅσον
2375 839 2454 900 είς
2481 836 2823 908 ἀνθρωπίνην
2860 829 2961 905 ἦκε
3003 831 3253 902 βοήθειαν
3283 830 3374 883 καὶ
3404 827 3733 898 συμμαχίαν.
3771 826 3884 878 Kal

2222 921 2722 987 ταπεινωθήσεται
2745 921 2773 961 ἀ
2801 939 2813 952 ·
2846 921 2944 976 καί
2981 916 3098 991 [48]
3138 916 3549 981 κεν-θήσουσιν
3593 916 3652 966 αι
3702 911 3887 978 Θῆκαι

2224 1011 2330 1065 τοῦ
2360 1011 2590 1081 κόσμου
2631 1011 2816 1080 ὑμῶν,
2846 1009 2944 1064 καὶ
2971 1004 3415 1076 καταλειφθήσῃ
3446 1004 3625 1072 μόνη,
3655 1001 3755 1054 καὶ
3798 1003 3888 1064 εἰς

2224 1098 2339 1166 τὴν
2370 1097 2488 1168 γῆν
2514 1095 2910 1166 ἐδαφισθήσῃ.
2943 1095 3043 1149 Διά
3075 1095 3289 1148 πάντων
3328 1089 3480 1154 αῦξει
3528 1088 3616 1142 τὸν
3665 1086 3886 1157 θρῆνον,

2226 1188 2481 1241 ἐπιτείνει
2502 1186 2592 1240 τὸν
2612 1185 2795 1255 φόϐον,
2824 1183 3174 1254 ἀκμάζουσαν
3195 1181 3292 1249 τὴν
3313 1177 3548 1246 ἀγωνίαν
3572 1175 3886 1247 ἐργάζεται,

2227 1274 2315 1326 ὐπ’
2350 1273 2468 1342 ὄψιν
2500 1273 2621 1341 ἄγει
2659 1272 2727 1325 τὰ
2751 1272 2918 1335 δεινά,
2949 1269 3161 1340 εὐρύνει
3204 1271 3300 1338 τῆς
3333 1265 3613 1336 συμφορᾶς
3661 1261 3761 1331 τὴν
3807 1261 3890 1312 δι-

2226 1362 2331 1430 ήγη
2342 1377 2442 1420 σιν,
2468 1358 2739 1429 πανταχοῦ
2773 1356 3127 1429 περιτρέχων,
3152 1353 3409 1407 πάντοθεν
3429 1350 3670 1416 συνάγων
3704 1347 3772 1398 τὰ
3797 1345 3892 1397 λυ-

2229 1446 2378 1516 πηρά
2420 1445 2509 1499 διὰ
2557 1446 2656 1518 τὴν
2697 1445 2806 1496 τῶν
2852 1443 3153 1496 ἀκουόντων
3192 1438 3562 1508 ἀναισθησίαν.
3582 1433 3892 1502 Ἀγαπητὺν

2227 1534 2335 1604 γὰρ
2369 1530 2438 1605 ἦν
2479 1532 2766 1595 τοσαύταις
2813 1529 3232 1599 κατασειομένας
3265 1525 3431 1588 αὐτὰς
3457 1522 3706 1584 ἀπειλαῖς
3738 1521 3894 1572 ἀνεν-

2229 1625 2428 1689 εγκεῖν,
2457 1622 2549 1675 καὶ
2575 1620 2758 1674 λαϐεῖν
2784 1619 3031 1689 αἴσθησιν
3062 1617 3170 1670 τῶν
3197 1614 3492 1686 μελλόντων
3516 1607 3893 1679 συμϐήσεσθαι

2229 1709 2506 1778 λυπηρῶν.
2537 1707 2635 1760 Διά
2661 1707 2724 1778 δὴ
2750 1705 2906 1759 τοῦτο
2935 1705 3029 1758 καὶ
3064 1705 3358 1774 ἐπήγαγεν,
3381 1700 3410 1752 ὃ
3433 1699 3635 1769 σφόδρα
3660 1694 3895 1748 ἐλεεινὸν

2230 1794 2368 1850 εἶναι
2395 1797 2556 1859 δοκεῖ,
2585 1795 2646 1847 τὸ
2688 1793 2911 1864 χρυσίου
2957 1793 3131 1862 θήκην
3159 1792 3289 1861 όρᾷν
3322 1785 3725 1854 κεκενωμένην,
3757 1780 3898 1834 ὑπό-

2235 1901 2423 1955 μνημα
2467 1883 2566 1952 τῆς
2608 1881 2842 1943 παλαιᾶς
2879 1878 3200 1948 εὐπραγίας,
3236 1875 3322 1928 διὰ
3366 1874 3464 1943 τῆς
3506 1872 3679 1940 ὅψεως
3715 1868 3900 1937 ἀκμά-

2231 1971 2428 2035 ζουσαν
2455 1968 2742 2038 διατηροῦν
2774 1966 2873 2036 τὴν
2913 1964 3200 2034 ἀλγηδόνα.
3233 1962 3338 2014 Καὶ
3375 1960 3482 2028 γάρ
3508 1956 3629 2009 τότε
3657 1955 3902 2024 μάλιστα

2231 2058 2444 2111 δάκνειν
2478 2057 2621 2124 ὑμᾶς
2666 2053 2915 2106 εἰώθασιν
2947 2052 3006 2103 αἱ
3061 2049 3352 2118 συμφοραὶ.
3381 2046 3508 2097 ὅταν
3560 2043 3734 2103 αὐτὰς
3778 2043 3900 2103 ταῖς

2233 2145 2526 2216 προτέραις
2571 2141 3000 2214 παραϐάλλωμεν
3039 2136 3385 2206 εὐημερίαις·
3417 2132 3569 2200 καὶὴ
3611 2130 3904 2198 σύγκρισις

2235 2212 2608 2302 χαλεπώτερον
2633 2212 2694 2281 τὸ
2719 2229 2874 2290 ἕλκος
2907 2224 3212 2296 ἐργάζεται.
3248 2219 3417 2273 Τοῦτο
3466 2216 3594 2286 γοῦν
3641 2231 3774 2266 ποτε
3806 2212 3906 2265 καὶ

2234 2322 2264 2372 6
2301 2318 2418 2372 Ἰὼϐ
2447 2317 2658 2390 θρηνῶν
2683 2316 2834 2383 ἔλεγε
2855 2330 2868 2342 ·
2905 2314 3001 2378 Τίς
3033 2312 3111 2365 ἂν
3132 2327 3206 2378 με
3236 2309 3361 2374 θείη
3385 2305 3531 2376 μετὰ
3561 2302 3732 2372 μῆνα
3754 2303 3905 2370 ἠμε-

2229 2406 2354 2474 ρῶν
2375 2404 2491 2458 τῶν
2512 2405 2879 2473 ἕμπροσθεν;
2900 2401 2991 2454 καὶ
3011 2401 3276 2469 διηγεῖται
3294 2395 3385 2448 τὸν
3407 2391 3632 2446 πλοῦτον
3657 2390 3904 2450 ἅπαντα.

2237 2494 2330 2548 καὶ
2363 2493 2430 2545 τὰ
2458 2492 2642 2561 ὥσπερ
2668 2492 2732 2543 ἐκ
2759 2489 2950 2560 πηγῶν
2985 2487 3304 2558 ἐπιρρέοντα
3335 2481 3533 2550 ἀγαθὰ,
3563 2480 3665 2549 τὰς
3711 2477 3905 2546 τιμάς,

2235 2581 2335 2644 τὰς
2362 2581 2671 2651 προσόδους,
2703 2579 2802 2647 τὴν
2839 2577 3192 2647 περιφάνειαν
3225 2571 3462 2630 ἅπασαν,
3498 2567 3639 2619 ὥστε
3669 2568 3736 2635 τῇ
3772 2581 3907 2632 συγ-

2236 2668 2414 2738 κρίσει
2439 2668 2642 2720 τούτων
2674 2663 2851 2734 πολλῷ
2879 2662 3154 2733 χαλεπὼτε
3165 2679 3229 2732 ρα
3255 2659 3419 2722 δεῖξαι
3444 2656 3512 2709 τά
3541 2654 3788 2724 παρόντα
3814 2654 3908 2705 καὶ

2237 2755 2593 2826 κατειληφότα
2644 2753 2805 2806 αὐτὸν
2857 2751 3022 2805 δεινά.
3055 2753 3120 2802 Ὃ
3163 2749 3228 2819 δὴ
3261 2747 3352 2800 καὶ
3399 2747 3427 2797 6
3473 2743 3759 2814 προφήτης
3809 2740 3907 2792 νῦν

2240 2845 2480 2914 ἐποίησε,
2514 2843 2619 2896 τῶν
2653 2842 2834 2912 θηκῶν
2863 2840 3198 2910 ἀναμνήσας,
3225 2838 3318 2889 καὶ
3349 2833 3468 2916 οὐδέ
3495 2831 3704 2892 τούτοις
3731 2830 3908 2900 ἀρκεο

2242 2931 2408 2996 σθεὶς,
2444 2930 2578 2984 ἀλλά
2607 2929 2700 2982 καὶ
2733 2925 3038 2996 εἰσαγαγὼν
3070 2924 3234 2986 αὐτὰς
3271 2919 3585 2982 πενθούσας.
3604 2919 3908 2987 Ἐμφαντι-

2241 3021 2477 3092 κώτερον
2522 3020 2630 3090 γὰρ
2676 3017 2834 3071 τοῦτο
2871 3017 2964 3069 τοῦ
3008 3015 3165 3083 λόγου
3195 3013 3254 3064 τὸ
3283 3007 3440 3074 εἶδος,
3479 3010 3606 3062 ὅταν
3642 3007 3907 3068 τοιαύτας

2242 3108 2539 3180 ἐργάζηται
2570 3103 3174 3176 προσωποποιίας.Ἤδη
3207 3100 3335 3168 γοῦν
3359 3099 3451 3151 καὶ
3478 3096 3755 3166 ἀμπέλους
3777 3095 3911 3164 θρη-

2239 3197 2431 3259 νούσας
2459 3195 2688 3262 εἰσάγει,
2727 3194 2816 3246 καὶ
2837 3190 2997 3251 οἶνον,
3031 3190 3170 3242 ὥστε
3208 3188 3403 3257 μᾶλλον
3435 3183 3756 3238 καθικέσθαι
3793 3183 3906 3233 τῶν

2241 3283 2623 3356 ἀκροωμένων,
2656 3281 2749 3332 καὶ
2775 3280 2872 3349 τῆς
2898 3278 3204 3347 παχύτητος
3234 3273 3411 3326 αὐτῶν
3439 3269 3811 3339 καθάψασθαι.
3843 3269 3907 3320 Τί

2239 3371 2296 3424 δέ
2319 3354 2464 3431 ἐστι,
2509 3364 2966 3434 Καταλειφθήσῃ
3011 3365 3207 3432 μόνης
3239 3360 3346 3412 Καὶ
3387 3356 3710 3428 συμμάχων,
3745 3354 3902 3422 φησὶ,

2242 3459 2333 3510 καὶ
2360 3458 2457 3525 τῆς
2490 3455 2582 3508 τοῦ
2613 3453 2746 3506 Θεοῦ
2793 3450 3046 3521 προνοίας
3090 3446 3452 3519 ἐρημωθεῖσα,
3481 3445 3574 3496 καὶ
3606 3443 3708 3511 τῆς
3736 3442 3906 3508 ἄλλης

2246 3542 2594 3616 περιφανείας
2638 3538 2982 3610 γυμνωθεῖσα
3029 3537 3226 3604 πάσης,
3274 3532 3366 3586 καὶ
3415 3529 3748 3599 πανταχόθεν
3801 3529 3908 3581 ὑπὸ

2241 3633 2348 3684 τῶν
2394 3629 2663 3699 πολεμίων
2695 3625 3056 3694 κυκλουμένη,
3092 3622 3184 3675 καὶ
3217 3623 3272 3672 ἐν
3309 3619 3490 3690 μέσοις
3517 3616 3904 3685 ἀπειλημμένη

2246 3719 2558 3789 βαρϐάροις.
2587 3713 2719 3768 Εἶτα
2747 3715 2843 3782 τὴν
2866 3710 3165 3785 ὑπερϐολὴν
3185 3710 3284 3777 τῆς
3305 3705 3683 3766 ταπεινώσεως
3721 3721 3910 3773 παρα-

2245 3808 2439 3876 στῆσαι
2491 3804 2678 3864 θέλων,
2708 3801 2867 3872 φησί·
2907 3799 3014 3853 Καὶ
3059 3800 3145 3862 είς
3193 3797 3308 3861 τὴν
3341 3793 3459 3862 γῆν
3498 3790 3911 3858 ἐδαφισθήσῃ.

2245 3895 2397 3955 Οὐδὲ,
2429 3892 2597 3962 Πέσῃ,
2617 3887 2788 3954 εἶπεν,
2821 3887 2963 3950 οὐδὲ,
2998 3884 3402 3954 Κατενεχθήσῃ,
3433 3879 3544 3934 ἀλλ’
3579 3878 3740 3948 ἑτέρᾳ
3761 3877 3914 3941 λέξει

2246 3982 2573 4049 σαφέστερον
2606 3974 2983 4046 ἐνδεικνυμένῃ
3023 3973 3119 4042 τὴν
3161 3969 3430 4024 εὐτέλειαν
3474 3967 3642 4035 αὐτῆς
3686 3965 3914 4018 ἃπασαν

2244 4071 2607 4140 ἀπεχρήσατο.

2898 4163 3146 4218 ΚΕΦΑΛ.
3184 4163 3257 4217 Δ’.

2247 4303 2352 4357 Καὶ
2383 4297 2781 4366 ἐπιλήψονται
2806 4291 2954 4366 ἑπτὰ
2983 4289 3262 4366 γυναῖκες
3288 4287 3358 4366 ἐις
3387 4285 3463 4353 τῆ
3495 4284 3681 4366 ἡμέρῃ
3703 4283 3924 4353 ἐκείνῃ

2316 4354 2626 4437 ἀνθρὼέᾶυ
2646 4364 2802 4430 ἑνός,
2824 4354 3110 4437 ἶὶέγοιιὲσαι
3130 4376 3144 4390 ο
3177 4358 3289 4412 Τὸν
3301 4357 3500 4437 Αᾶρῇτιον
3523 4354 3691 4437 ημῶν
3711 4370 3928 4437 gen-1w:

2313 4424 2611 4510 ﬁsUEz,_xal
2641 4437 2713 4489 τὰ
2743 4424 2943 4510 {ﬁgi-n11
2965 4429 3131 4510 ήλιῶξ·
3156 4426 3622 4510 περιϐατῖὼαεθας
3647 4424 3828 4510 πέὴν
3842 4425 3925 4510 Ῑὸ

2317 4495 2505 4577 δνομᾶ
2531 4525 2646 4577 σου
2678 4495 3107 4570 κεπίλήσθώέῴ
3137 4498 3314 4569 ἡμᾶς,
3345 4496 3530 4566 ἄφελε
3557 4496 3663 4548 τὸν
3691 4495 3930 4549 ὀνειδι-

2319 4576 2477 4648 σμὸν
2505 4576 2693 4645 ἡμῶν.

2319 4683 2507 4753 α’.Τὴν
2523 4683 2587 4734 ἐκ
2612 4680 2706 4733 τοῦ
2731 4678 2965 4748 πολέμου
2985 4674 3266 4746 συμϐᾶσαν
3294 4669 3722 4742 ὀλιγανθρωπίαν
3738 4669 3939 4739 ἐμφῆ-

2249 4791 2334 4826 ναι
2366 4771 2630 4843 βούλεται,
2663 4767 2755 4820 καὶ
2786 4765 2902 4826 πῶς
2930 4764 3008 4826 εἰς
3035 4763 3311 4832 ἐλάχιστον
3349 4759 3608 4830 περιέστη
3627 4769 3652 4796 θ
3683 4758 3712 4809 6
3738 4757 3939 4827 δῆμος

2248 4860 2356 4912 τῶν
2401 4857 2689 4911 Ἰουδαίων.
2747 4853 2879 4907 Οὐδὲ
2922 4851 3031 4919 γὰρ
3091 4848 3418 4920 προστασίας
3455 4846 3662 4914 ἔφησαν
3702 4844 3943 4900 δεῖσθαι

2247 4951 2365 5010 ταῖς
2396 4945 2605 5014 γυναιξὶ
2636 4938 3014 5014 προσηκούσης
3034 4937 3140 4990 ὑπὸ
3170 4935 3376 5006 ἀνδρῶν
3403 4932 3759 5004 παρέχεσθαι,
3782 4934 3949 4988 ἀλλὰ

2248 5035 2412 5104 ἀτελῆ
2441 5033 2538 5104 τῆς
2570 5029 2906 5100 λειτουργίας
2938 5027 3101 5080 αὐτὸν
3132 5026 3346 5094 ἀφεῖναι
3376 5021 3598 5090 ταύτης,
3633 5021 3726 5073 καὶ
3760 5024 3952 5093 πέρ-

2247 5142 2362 5194 γειν
2395 5123 2488 5176 καὶ
2518 5120 2756 5188 ἀγαπᾷν,
2786 5118 2833 5169 εί
2856 5115 3044 5177 ἁπλῶς
3090 5112 3221 5181 γοῦν
3266 5112 3359 5164 καὶ
3397 5110 3473 5172 ὡς
3503 5110 3657 5178 ἔτυχε
3689 5107 3798 5161 τοῦ
3829 5112 3950 5181 τῆς

2248 5214 2471 5285 χηρείας
2500 5209 2858 5276 ἀπαλλαγεῖεν
2887 5205 3171 5274 ὀνόματος.
3203 5200 3374 5254 Τοῦτο
3412 5200 3520 5268 γάρ
3559 5202 3741 5258 ἐστιν,
3787 5202 3955 5270 Ἄρ-

2381 5301 2487 5354 τὸν
2519 5295 2860 5365 ὀνειδισμὸν
2896 5292 3062 5361 ἡμῶν
3085 5309 3098 5322 ο
3135 5289 3320 5359 ἐπειδὴ
3348 5289 3408 5340 τὸ
3442 5286 3669 5340 παλαιὸν
3709 5284 3955 5355 ὄνειδος

2248 5387 2443 5442 τοῦτοί
2486 5382 2624 5438 εἶναι
2669 5383 2861 5434 ἐδόκει.
2901 5378 2978 5446 Τῇ
3019 5378 3087 5430 δὲ
3133 5376 3320 5445 ’ἡμέρᾳ
3348 5375 3548 5440 ἐκείνῃ
3587 5374 3959 5446 ἐκαιὰμφει

2251 5481 2282 5528 ὁ
2311 5475 2454 5539 Θεὸς
2486 5473 2554 5526 ὲν
2587 5467 2789 5536 βουλῆ
2809 5467 2958 5536 μετὰ
2995 5465 3180 5530 δόξης
3207 5464 3304 5515 ἐπὶ
3336 5462 3447 5534 [49]
3477 5462 3587 5528 τῆς
3632 5460 3775 5529 τῆς,
3822 5471 3960 5522 τοῦ

2249 5563 2488 5631 bifidum
2509 5560 2608 5614 καὶ
2629 5558 2734 5611 τοῦ
2750 5553 3004 5620 δοξάσαι
3023 5551 3089 5605 τὸ
3107 5548 3501 5618 καταλειφθὲν
3516 5549 3624 5603 τοῦ
3641 5550 3960 5624 Ἰσραήλ,

2313 5703 2338 5743 αἱ
2364 5705 2572 5752 Allenus
2593 5697 2856 5760 legendum
2875 5696 3058 5744 indicat
3087 5693 3168 5740 καὶ
3199 5690 3648 5747 ταπεινωθήσονται,
3674 5695 3730 5738 ut
3755 5705 3963 5755 supra-

2252 5769 2349 5817 Sed
2372 5763 2488 5813 nihil
2517 5763 2620 5811 ausi
2643 5773 2811 5807 sumus
2832 5763 3041 5805 mutare.

2317 5812 2349 5869 ἕ
2367 5812 2448 5877 Sic
2468 5825 2584 5873 Mor.
2613 5829 2666 5870 et
2699 5817 2957 5869 Bavaricus
2980 5836 2995 5879 ;
3022 5818 3141 5879 Reg.
3186 5820 3237 5864 et
3285 5812 3434 5863 Savil.
3463 5812 3720 5874 περίεστιν,
3765 5821 3970 5871 minus

2253 5898 2444 6001 1.θῖιὲἱο
2470 5948 2640 5997 Bavar.
2667 5952 2718 5994 et
2741 5943 2934 6003 Morel.;
2977 5944 3023 5992 in
3047 5941 3164 6002 Reg.
3193 5948 3246 5991 et
3291 5937 3440 5986 Savil.
3465 5933 3610 5984 τοῦτο
3643 5937 3813 5989 deest.
