4102 6306
283 371 347 426 53
1014 352 1015 355 γ
1566 366 1631 421 IN
1669 364 1919 427 tsstAM,
1958 365 2109 419 cur.
2155 365 2241 421 tv.
3515 372 3580 425 ει

289 486 400 541 illos
426 489 623 537 tantam
646 486 1062 556 providentiam
1088 484 1226 538 nacti
1255 491 1412 547 sunt,
1445 497 1615 551 neque
1637 479 1886 549 exemplo

286 577 723 648 temperantiom
764 586 1065 634 evaserunt
1087 618 1103 643 ,
1130 576 1182 631 id
1209 574 1349 646 quod
1389 584 1664 643 peccatum
1712 572 1886 626 reddit

286 672 431 742 longe
454 672 690 741 gravius,
719 685 946 741 poenam
977 672 1109 741 ipsis
1135 670 1452 725 destinatam
1473 665 1747 736 eﬂugere?
1776 664 1884 719 Cur

291 779 405 834 ergo
441 763 706 818 hactenus
734 778 931 834 pcenas
961 777 1070 818 non
1099 759 1394 816 dederunt?
1421 758 1489 816 Ut
1528 757 1735 813 ediscas
1762 755 1885 810 illos

288 856 440 926 longe
467 856 700 925 graviori
730 856 1005 911 reservari
1036 852 1314 923 supplicio.

355 949 441 1003 11).
470 946 625 1015 Quod
657 948 807 1003 enim
840 948 1054 1017 possint
1077 947 1337 1001 atrociora
1366 944 1555 1013 indigi,
1588 957 1747 1013 quam
1777 941 1879 997 So-

282 1040 532 1103 domitis,
580 1038 706 1094 audi
745 1038 1021 1094 Christum
1066 1038 1371 1093 dicentem:
1402 1035 1743 1091 Tolerabilius
1785 1035 1879 1087 erit

282 1142 428 1185 terra:
446 1131 795 1186 Sodomorum
815 1140 862 1185 et
883 1131 1180 1185 Gomorrhaz
1206 1131 1259 1182 in
1282 1129 1363 1183 die
1380 1129 1586 1198 judicii,
1620 1144 1773 1195 quam
1796 1127 1872 1179 ci-

283 1224 424 1275 vitati
458 1224 576 1276 lmic
609 1222 848 1292 (Matth.
886 1222 974 1276 10.
1008 1222 1073 1276 15
1096 1222 1135 1291 ).
1168 1221 1243 1275 ita
1274 1229 1333 1273 ut
1362 1220 1521 1274 etiam
1558 1219 1602 1273 si
1628 1234 1746 1287 qum
1777 1217 1879 1270 hoc

276 1328 475 1373 ornatu
498 1318 707 1387 fulgent
746 1318 1000 1372 mulieres
1030 1332 1134 1370 non
1159 1317 1308 1386 paria
1338 1317 1606 1385 patiantttr
1634 1316 1696 1369 iis
1718 1355 1733 1378 ,
1762 1328 1881 1382 quze

277 1422 403 1465 tunc
431 1410 788 1475 ornabantur,
816 1426 883 1465 ne
908 1409 1197 1464 conﬁdant.
1220 1408 1352 1461 Nam
1375 1407 1653 1461 tolerantia
1677 1405 1881 1474 patien-

276 1503 451 1570 tiaque
477 1502 789 1571 graviorem
804 1502 1103 1557 accumulat
1125 1502 1260 1570 ignis
1286 1499 1578 1565 fornacem,
1603 1500 1880 1567 majorem-

273 1608 374 1659 que
401 1594 679 1647 ﬂammam
704 1592 886 1649 efficit.
910 1593 1024 1647 Hoc
1044 1591 1259 1647 Ananiae
1284 1600 1337 1646 et
1358 1590 1632 1660 Sapphirat
1661 1590 1881 1658 contigit

270 1685 409 1751 (Act.
432 1684 513 1754 5).
535 1685 677 1738 Nam
700 1685 775 1738 illi
799 1685 852 1739 in
874 1685 1134 1754 principio
1154 1693 1207 1739 et
1226 1683 1445 1738 exordio
1468 1681 1876 1752 prtedicationis,

270 1790 392 1829 cum
421 1791 493 1830 ex
534 1776 784 1844 pecuniis
812 1777 916 1831 illis
940 1777 1208 1847 quidpiam
1249 1775 1489 1829 sull‘urati
1518 1782 1719 1837 essent,
1749 1788 1880 1827 con-

273 1868 447 1922 festim
480 1870 702 1939 abrepti
743 1878 903 1935 sunt;
926 1878 1051 1938 post
1073 1870 1191 1923 illos
1228 1877 1405 1921 autem
1454 1867 1602 1920 multi
1628 1867 1717 1936 qui
1754 1866 1876 1919 talia

272 1960 385 2013 ausi
410 1958 668 2023 fuerant,
715 1959 848 2013 nihil
886 1959 1129 2030 perpessi
1172 1968 1314 2013 sunt.
1345 1959 1445 2027 Qui
1489 1958 1644 2027 igitur
1684 1956 1874 2010 rationi

273 2060 702 2105 conseruaneum
734 2066 855 2106 esse
878 2052 1068 2120 possit,
1094 2051 1296 2121 justum
1319 2049 1588 2119 judicem,
1614 2047 1703 2117 qui
1728 2046 1871 2116 paria

272 2144 517 2198 omnibus
540 2143 857 2208 distribuit,
886 2159 983 2199 eos
1001 2144 1091 2214 qui
1114 2144 1285 2196 minus
1307 2141 1645 2212 peccaverint
1666 2139 1874 2203 ulcisci,

271 2248 366 2289 eos
390 2244 571 2289 autem
614 2236 712 2305 qui
750 2235 995 2304 graviora
1038 2234 1301 2289 admisere
1333 2234 1533 2288 scelera
1571 2231 1876 2287 dimittere?

269 2329 459 2380 Annon
481 2326 672 2395 palam
697 2336 802 2391 est,
819 2326 943 2395 quia
966 2326 1104 2380 diem
1126 2325 1330 2390 statuit,
1351 2326 1402 2379 in
1424 2340 1524 2395 qua
1542 2323 1875 2393 judicaturus

264 2428 345 2472 est
364 2420 590 2485 orbem,
630 2418 758 2473 ideo
787 2419 1100 2488 supplicium
1122 2418 1340 2473 dilferre
1360 2460 1375 2483 ,
1408 2429 1467 2472 ut
1500 2427 1591 2472 aut
1620 2419 1875 2487 patientia

263 2511 378 2580 ejus
394 2511 665 2566 meliores
689 2511 1020 2578 reddantur,
1045 2522 1135 2565 aut
1180 2513 1223 2566 si
1251 2514 1303 2565 in
1342 2513 1530 2567 iisdem
1568 2512 1872 2579 persistent,

260 2604 529 2657 atrociora
561 2604 887 2672 patiantur?
912 2603 1040 2657 Cum
1064 2604 1220 2674 igitur
1244 2604 1427 2658 eadem
1455 2606 1655 2659 scelera
1680 2605 1874 2659 admit-

262 2695 446 2758 timus,
477 2710 608 2765 quse
638 2695 980 2750 admiserunt
1002 2696 1076 2749 illi
1110 2696 1197 2765 qui
1223 2697 1480 2765 supplicio
1520 2696 1693 2751 affecti
1724 2707 1868 2763 sunt,

259 2803 358 2842 nec
386 2788 587 2843 cadent
619 2804 751 2858 qua:
782 2788 858 2842 illi
889 2789 1138 2857 patimur,
1167 2804 1233 2842 ne
1254 2788 1604 2855 confidamus,
1634 2791 1728 2843 sed
1756 2806 1870 2843 ma-

252 2882 338 2951 gis
360 2881 682 2936 timeamus.
720 2880 874 2936 Sicut
904 2881 1044 2935 enim
1086 2880 1256 2952 legem
1286 2882 1403 2936 tulit
1443 2882 1581 2937 Deus
1622 2898 1718 2951 per
1754 2884 1873 2937 illo.

253 2990 373 3027 rum
402 2972 744 3044 supplicium
766 3014 781 3039 ,
813 2987 1002 3027 omnes
1026 2972 1317 3027 admonens
1336 3016 1349 3036 ,
1382 2973 1669 3044 dicensquc
1703 2991 1716 3027 :
1746 2974 1871 3029 Ideo

252 3080 380 3122 eum
410 3066 503 3134 qui
534 3065 607 3119 ab
639 3066 798 3118 initio
839 3065 1076 3134 peccavit
1103 3065 1360 3134 supplicio
1385 3065 1534 3121 afl‘cci
1556 3108 1571 3132 ,
1609 3075 1667 3120 ut
1699 3076 1753 3121 et
1782 3078 1868 3133 ttt,

250 3158 348 3226 qui
386 3167 512 3226 post
541 3157 667 3211 illos
690 3156 904 3211 scelera
931 3156 1187 3223 admittis,
1215 3156 1399 3211 eadem
1432 3158 1545 3227 ipsa
1567 3168 1867 3227 exspectes,

252 3260 313 3302 et
333 3249 681 3303 converteris
725 3258 781 3304 et
816 3249 1012 3302 melior
1052 3249 1264 3303 evadas.
1291 3248 1563 3304 Similibus
1596 3251 1737 3305 enim
1766 3251 1871 3305 cri-

258 3343 513 3396 minibus
538 3343 747 3398 similes
790 3356 969 3412 pmna:
1007 3343 1307 3397 constituta:
1345 3353 1496 3410 sunt,
1528 3344 1734 3398 etiamsi
1764 3359 1867 3398 non

261 3433 465 3487 statim
517 3434 749 3489 veniant.
797 3433 857 3488 In
888 3433 975 3488 his
1028 3449 1188 3503 porro
1238 3450 1342 3489 non
1389 3436 1505 3489 sine
1546 3450 1707 3490 causa
1750 3450 1867 3490 sum

266 3525 635 3589 immoratus;
660 3527 751 3581 sed
774 3528 902 3597 quia
925 3527 1117 3581 noxius
1142 3526 1228 3581 ille
1254 3528 1468 3582 morbus
1500 3529 1553 3581 itt
1592 3528 1865 3583 hominum

268 3618 432 3671 ardes
458 3618 728 3687 ingressus
750 3628 830 3673 est
868 3619 939 3673 ob
963 3618 1245 3672 mulierum
1284 3620 1582 3687 mollitiem,
1610 3636 1759 3674 amor
1784 3622 1865 3674 vi-

268 3710 482 3764 delicet
528 3722 1002 3774 ornamentorum,
1057 3711 1147 3780 qui
1197 3712 1535 3778 pecuniarum
1600 3713 1866 3781 impensas

270 3803 447 3866 anxit,
484 3803 536 3855 in
570 3813 813 3873 sumptus
845 3803 1253 3873 intempestivos
1282 3803 1523 3857 homines
1552 3804 1862 3872 conjiciens,

270 3909 335 3948 ac
370 3894 518 3959 belli,
556 3895 933 3961 dissensionis,
968 3904 1022 3950 et
1064 3896 1382 3965 quotidiana:
1426 3896 1535 3949 litis
1575 3912 1731 3950 causa
1759 3905 1862 3960 est,

274 4000 674 4057 pauperumque
707 3996 927 4041 ventres
950 3988 1151 4041 atterit.
1190 3986 1320 4041 Cum
1348 3987 1487 4039 enim
1521 3996 1655 4040 totas
1695 3987 1863 4041 facul-

277 4087 427 4140 tates,
455 4092 547 4133 aut
586 4095 735 4149 same
774 4082 914 4135 ultra
959 4080 1257 4143 facultates,
1289 4080 1481 4134 mulier
1511 4081 1563 4133 in
1588 4090 1864 4135 contume-

280 4172 396 4226 liam
438 4174 689 4242 corporis
715 4175 796 4225 sui
823 4175 995 4226 virum
1034 4181 1189 4241 cogat
1217 4172 1521 4240 impendere
1548 4172 1691 4242 (nam
1719 4183 1865 4227 certe

280 4266 597 4320 contumelia
640 4266 885 4334 corporis
909 4274 993 4319 est
1017 4279 1204 4318 aurum
1247 4262 1732 4335 circumpositum),
1766 4280 1863 4318 ne-

280 4370 422 4411 cesse
451 4371 677 4426 prorsus
723 4366 807 4410 est
852 4372 1069 4410 manum
1112 4355 1382 4410 retrahere
1418 4356 1486 4411 ab
1524 4357 1863 4425 eleemosyna

282 4450 561 4519 eroganda.
595 4449 872 4518 Multaque
898 4449 997 4503 alia
1030 4448 1154 4502 hinc
1173 4456 1284 4502 orta
1315 4456 1529 4517 peccata
1555 4448 1735 4503 videre
1760 4459 1862 4503 est.

283 4541 465 4596 Verum
496 4542 585 4596 his
611 4541 889 4605 dimissis,
920 4550 976 4594 ut
1004 4556 1065 4595 ea
1088 4540 1413 4609 experientia
1441 4540 1649 4595 discant
1677 4540 1743 4603 ii,
1775 4540 1863 4608 qui

262 4632 383 4701 lucc
411 4635 722 4702 patientur,
757 4648 817 4686 ea
853 4648 973 4702 qua:
1006 4642 1299 4703 sequuntur
1339 4636 1679 4703 attingamus.
1710 4633 1864 4687 Post-

282 4740 423 4792 quam
470 4723 810 4793 captivitatis
847 4723 1070 4777 formam
1116 4724 1436 4789 declaravit,
1468 4736 1521 4779 et
1547 4726 1721 4780 dixit:
1762 4726 1865 4781 Pro

284 4828 453 4872 ornatu
481 4817 663 4888 ipSam
713 4815 959 4870 inducam
979 4858 993 4879 ,
1024 4825 1185 4885 anget
1212 4817 1567 4872 calamitatem
1588 4858 1603 4883 ,
1633 4818 1815 4872 dicens
1847 4835 1861 4871 :

290 4906 342 4961 Et
364 4911 500 4979 ﬁlius
526 4920 652 4963 tuus
678 4908 1069 4977 pulcherrimus,
1101 4923 1247 4977 quem
1281 4908 1471 4978 diligis,
1502 4908 1674 4977 gladio
1698 4909 1862 4975 cadet,

287 5017 321 5055 ε
345 5007 488 5073 [artes
519 5003 682 5056 vestri
709 5000 884 5071 gladio
917 5000 1119 5053 cadent.
1150 4998 1262 5054 Hoc
1302 5001 1497 5069 quippe
1537 5008 1623 5055 est
1658 5001 1736 5055 vel
1769 5015 1864 5055 ca-

290 5099 503 5165 ptivitate
536 5098 788 5169 gravius.
818 5095 917 5150 Est
944 5095 1089 5150 enim
1120 5094 1224 5148 vita
1252 5095 1494 5165 quzedam
1525 5104 1695 5149 morte
1712 5110 1866 5149 acer-

292 5192 403 5246 bior.
422 5193 561 5247 Nam
588 5188 815 5262 quando
833 5202 958 5243 cum
978 5187 1238 5242 servitute
1267 5187 1665 5257 intempestivos
1691 5188 1865 5242 luctus

294 5286 515 5355 prosequi
539 5292 838 5355 coguntur,
866 5281 1041 5350 cogita
1067 5288 1268 5348 quanta
1295 5280 1365 5333 sit
1399 5280 1713 5335 calamitatis
1748 5295 1863 5332 ma-

290 5378 511 5441 gnitudo,
558 5392 684 5431 cttm
724 5374 1041 5429 continuata
1079 5371 1219 5426 serie
1256 5386 1507 5425 atrumna:
1541 5371 1640 5425 sibi
1681 5381 1866 5425 mutuo

292 5468 571 5522 sacculum.
600 5466 740 5522 Nam
769 5465 873 5520 etsi
904 5462 1187 5532 captivitas
1209 5462 1322 5516 sola
1344 5462 1573 5526 adesset,
1600 5477 1661 5516 ea
1688 5471 1863 5515 tamen

288 5566 404 5611 esset
426 5557 830 5612 intolerandum
860 5554 1068 5608 malum
1102 5568 1116 5604 :
1148 5560 1202 5605 et
1236 5551 1280 5604 si
1309 5551 1359 5604 in
1392 5550 1637 5604 libertate
1677 5551 1862 5604 viveu-

274 5648 401 5712 ,ttbtts
430 5651 556 5706 tales
592 5659 779 5705 tuctus
821 5645 1242 5712 contingerent,
1273 5651 1447 5696 morte
1483 5641 1729 5695 acerbior
1757 5642 1861 5694 vita

289 5750 417 5795 esset.
449 5743 554 5799 Sed
584 5757 730 5797 nunc
755 5741 877 5793 hate
900 5736 1066 5790 ambo
1096 5742 1275 5799 erunt,
1305 5733 1495 5802 inquit,
1530 5742 1710 5786 mutuo
1730 5747 1860 5785 con-

285 5833 453 5890 iuncta.
484 5836 593 5891 imo
613 5835 803 5905 potius
826 5831 973 5885 hanc
998 5826 1355 5883 calamitatem
1387 5825 1648 5894 duitliccm
1680 5824 1859 5895 appel-

1994 477 2108 533 lare
2146 494 2241 549 par
2278 487 2379 544 est,
2420 482 2688 552 etiamque
2737 485 2999 555 triplicem
3049 498 3104 543 et
3149 489 3581 563 quadruplicem,

1993 568 2206 637 quando
2252 579 2306 626 et
2346 570 2508 638 ﬁlius,
2553 584 2609 628 et
2651 574 3059 643 pulcherrimus,
3083 590 3137 633 et
3184 580 3429 649 dilectus,
3471 595 3525 641 et
3552 603 3580 640 a

1992 659 2235 715 barbaris
2264 676 2436 717 etcsus
2456 704 2471 728 ,
2503 663 2598 719 sed
2633 680 2805 735 neque
2833 682 2899 720 ex
2925 672 3195 725 communi
3228 682 3429 727 natura:
3465 676 3577 745 lege

1994 754 2155 807 vitam
2194 755 2416 820 clausit;
2455 766 2651 811 etcum
2684 758 2775 813 illo
2808 774 2996 816 omnes
3034 764 3121 833 qui
3154 765 3205 820 in
3236 766 3409 819 :etatis
3447 766 3576 823 tloro

1991 856 2163 909 erant,
2194 847 2263 901 ita
2290 857 2346 902 ut
2373 849 2571 904 nullam
2598 864 2747 921 spem
2775 852 2968 907 bonam
3008 854 3291 922 haberent,
3318 867 3575 928 quantum

1988 938 2245 992 attinebat
2271 940 2338 993 ad
2366 939 2652 995 humanum
2696 943 2947 998 auxilium
2979 953 3033 1000 et
3071 948 3459 1002 commilitium.
3506 947 3574 1002 Et

1991 1028 2335 1083 Itumiliabitur
2368 1042 2450 1086 :et
2475 1033 2712 1104 lugebunt
2742 1036 2899 1089 theca:
2926 1047 3136 1093 ornatus
3167 1041 3335 1105 vestri,
3366 1053 3411 1095 et
3433 1042 3571 1096 dere-

1989 1121 2225 1192 linqueris
2276 1126 2421 1192 sola,
2470 1136 2514 1181 et
2558 1126 2627 1180 ad
2675 1138 2859 1182 terram
2907 1134 3257 1201 prosternet-is.
3305 1134 3406 1190 Per
3458 1136 3568 1191 htec

1986 1216 2165 1270 omnia
2213 1216 2410 1272 luctum
2455 1220 2767 1289 amplificat,
2806 1235 2961 1293 auget
3006 1224 3274 1292 timorem,
3318 1243 3569 1298 angorem

1988 1306 2162 1362 reddit
2200 1308 2477 1377 majorem.
2506 1311 2615 1367 Sub
2652 1323 2926 1383 aspectum
2961 1316 3106 1372 ducit
3146 1333 3442 1386 mrumnas,
3472 1338 3571 1375 cx-

1990 1399 2155 1453 tendit
2196 1401 2516 1456 calamitatis
2556 1406 2937 1472 narrationem,
2978 1424 3411 1478 quoquoversum
3468 1415 3573 1466 cin-

1985 1503 2362 1556 cumcurrens,
2395 1494 2627 1564 undique
2674 1497 2843 1551 tristia
2880 1499 3136 1569 colligens
3163 1501 3232 1554 ob
3270 1503 3571 1558 auditorum

1984 1582 2350 1638 stoliditatem.
2380 1585 2510 1640 Nam
2542 1589 2776 1657 optabile
2810 1591 2997 1646 fuisset
3026 1594 3143 1648 illas
3184 1604 3261 1649 tot
3290 1597 3449 1651 minis
3475 1614 3569 1651 ex-

1984 1674 2207 1741 agitatus
2251 1691 2370 1733 sese
2407 1682 2651 1751 erigere,
2679 1694 2736 1739 et
2763 1685 2815 1739 in
2843 1702 3059 1742 sensum
3097 1687 3391 1746 futurarum
3420 1694 3568 1747 cala-

1985 1766 2225 1821 mitatum
2256 1771 2457 1825 venire.
2504 1772 2627 1827 Ideo
2674 1775 2952 1844 subjunxit
2999 1778 3049 1832 id
3076 1781 3216 1848 quod
3262 1782 3567 1841 miserabile

1986 1872 2205 1927 prorsus
2229 1876 2350 1917 esse
2379 1864 2677 1935 videbatur,
2709 1869 2850 1937 quod
2880 1871 2995 1926 auri
3024 1872 3230 1927 thecam
3256 1887 3564 1930 evacuatam

1970 1954 2175 2008 visume
2202 1958 2421 2021 essent,
2452 1958 2505 2014 in
2537 1973 2938 2018 monumentum
2979 1966 3217 2035 prisdnm
3245 1971 3567 2039 prosperita-

1985 2046 2071 2110 tis,
2101 2055 2159 2100 ut
2186 2062 2280 2116 per
2309 2050 2493 2104 oculos
2526 2067 2812 2109 maerorem
2854 2058 3117 2125 vigentem
3146 2071 3436 2114 servarent.
3468 2062 3561 2115 lito

1982 2139 2125 2192 enim
2155 2147 2280 2194 tunc
2308 2156 2406 2197 nos
2442 2145 2608 2213 magis
2635 2161 2831 2214 angere
2860 2148 3035 2203 solent
3064 2150 3411 2212 calamitates.
3437 2166 3561 2206 cum

1984 2230 2098 2284 illas
2117 2245 2237 2285 cum
2268 2232 2486 2302 pristina
2514 2235 2767 2292 felicitate
2792 2253 3196 2309 comparamus;
3233 2244 3562 2312 comparatio

1980 2321 2176 2391 quippe
2206 2324 2416 2392 gravius
2465 2326 2613 2381 ulcus
2643 2328 2825 2383 eflicit.
2860 2331 2971 2385 Hoc
3013 2332 3171 2402 igitur
3208 2343 3263 2389 et
3306 2335 3406 2389 Joh
3435 2336 3560 2389 oliut

1979 2413 2189 2469 dicebat
2231 2435 2244 2469 :
2290 2416 2415 2482 Quis
2456 2437 2534 2473 me
2585 2433 2740 2491 ponat
2784 2426 3061 2479 secundum
3100 2444 3319 2481 mensem
3365 2429 3561 2482 dierum

1981 2507 2310 2575 pristinorum
2345 2508 2464 2578 (Job
2498 2511 2585 2566 29.
2615 2512 2650 2565 2
2678 2514 2737 2583 )?
2777 2526 3065 2584 narratque
3104 2517 3311 2572 divitias
3348 2534 3555 2583 omnes,

1979 2609 2033 2653 et
2068 2599 2205 2653 bona
2249 2600 2353 2656 sibi
2398 2604 2548 2673 quasi
2596 2620 2663 2659 ex
2691 2604 2923 2661 fontibus
2965 2610 3253 2676 alnuentia,
3302 2610 3557 2676 honores,

1983 2702 2271 2761 proventus
2291 2736 2305 2759 ,
2337 2696 2674 2763 splendorem
2715 2716 2959 2766 onmem;
2990 2704 3061 2756 ita
3090 2712 3145 2758 ut
3175 2704 3382 2759 illorum
3410 2721 3556 2759 com-

1980 2785 2256 2853 paratione
2286 2788 2455 2842 multo
2475 2792 2749 2859 graviores
2768 2794 3012 2848 ostendat
3036 2811 3300 2850 mrumnas
3322 2812 3557 2866 prmscn-

1977 2885 2093 2943 tes,
2124 2892 2242 2947 qute
2271 2878 2443 2949 ipsum
2483 2894 2824 2953 exceperant.
2858 2885 3011 2951 Quod
3051 2889 3210 2943 etiam
3252 2906 3392 2945 nunc
3430 2906 3557 2959 pro-

1978 2970 2139 3037 pheta
2170 2969 2314 3038 fecit,
2339 2972 2520 3030 thecas
2546 2990 2992 3047 commemorans,
3018 2997 3191 3052 neque
3228 2982 3308 3037 his
3332 2997 3555 3039 Conten-

1978 3071 2082 3128 tus,
2112 3063 2228 3118 illas
2249 3065 2503 3123 inducens
2525 3069 2783 3141 lugentes.
2805 3074 2927 3128 llzec
2944 3078 3084 3130 enim
3100 3077 3305 3132 dicendi
3326 3078 3556 3135 formu'a

1977 3153 2217 3223 emphasi
2250 3157 2460 3226 plenior
2482 3169 2592 3225 est,
2619 3178 2739 3217 cum
2778 3166 2909 3220 tales
2940 3170 3339 3238 prosopopoeias
3367 3171 3552 3225 efficit.

1974 3244 2091 3298 Jatn
2119 3262 2245 3317 ergo
2270 3259 2323 3303 et
2352 3253 2533 3305 vineas
2559 3253 2799 3323 lugentes
2826 3258 3027 3313 inducit
3055 3270 3109 3314 et
3131 3260 3310 3315 vinum
3332 3303 3346 3329 ,
3376 3274 3433 3318 ut
3462 3280 3555 3318 au-

1975 3338 2179 3395 ditores
2202 3342 2370 3413 magis
2401 3356 2626 3416 pungat,
2659 3358 2714 3403 et
2752 3352 2961 3405 illorum
2991 3356 3285 3409 crassitiem
3308 3357 3549 3426 attingat.

1974 3431 2108 3499 Quid
2135 3443 2314 3489 autem
2341 3447 2442 3503 est,
2469 3437 2843 3510 Derelinqueris
2872 3445 3019 3498 sola?
3070 3446 3130 3497 Et
3150 3447 3551 3509 auxliatorihus,

1975 3524 2172 3595 inquit,
2209 3537 2263 3581 et
2292 3528 2386 3583 Dei
2427 3531 2756 3598 providentia
2786 3536 2892 3589 eris
2939 3550 3123 3599 vacua,
3156 3546 3210 3592 et
3257 3543 3402 3593 omni
3450 3542 3555 3594 alio

1972 3619 2257 3687 Splendore
2304 3622 2552 3692 spoliata,
2594 3624 2941 3697 hostibusque
3000 3630 3229 3699 undique
3267 3632 3458 3695 cincta,
3500 3633 3553 3687 in

1974 3711 2269 3781 mediisque
2298 3716 2547 3769 conclusa
2575 3716 2834 3770 barbaris.
2864 3719 2973 3773 Sub
3014 3720 3128 3775 hanc
3156 3723 3341 3777 volens
3372 3725 3552 3780 humi-

1972 3803 2203 3859 liatiouis
2231 3807 2647 3877 magnitudinem
2678 3812 2961 3868 ostendere
2984 3856 3000 3881 ,
3028 3815 3103 3869 ait
3138 3832 3152 3869 :
3178 3816 3244 3869 Et
3271 3818 3337 3871 ad
3365 3828 3549 3873 terram

1972 3899 2318 3964 prosterneris.
2351 3898 2468 3953 Non
2496 3901 2601 3967 ait,
2627 3901 2818 3967 Cades,
2850 3906 2963 3972 vel,
2993 3907 3298 3976 Dejicieris;
3331 3912 3423 3967 sed
3448 3914 3549 3966 alia

1973 4004 2099 4042 usus
2127 3998 2210 4043 est
2236 3989 2505 4061 dictione,
2544 4009 2662 4065 qua:
2691 3996 2945 4052 vilitatem
2974 3999 3089 4069 ejus
3116 4015 3329 4057 omnem
3356 4003 3550 4059 clarius

1970 4082 2314 4150 exprimeret.

2584 4200 2811 4258 CAPUT
2851 4203 2937 4257 ιν.

1972 4307 2024 4361 1.
2068 4305 2135 4360 Et
2158 4310 2536 4379 apprelteudent
2565 4324 2751 4382 septem
2789 4317 3019 4369 mulieres
3053 4317 3105 4369 in
3142 4318 3222 4371 die
3259 4320 3350 4373 illa
3388 4322 3549 4374 uirum

2041 4417 2217 4466 unum,
2249 4401 2466 4455 dicentes
2493 4419 2513 4456 :
2547 4402 2734 4457 Panem
2763 4417 2987 4460 nostrum
3012 4410 3324 4464 contedemus
3344 4453 3359 4479 ,
3386 4423 3431 4465 et
3473 4430 3553 4465 ve-

2039 4495 2285 4548 stimentis
2331 4497 2514 4549 nostris
2559 4499 2880 4567 aperientur:
2906 4511 3138 4555 cwlerum
3184 4520 3364 4558 nomen
3410 4516 3553 4559 tuum

2041 4587 2295 4640 invocetur
2316 4604 2468 4656 super
2487 4605 2599 4654 nos,
2621 4591 2768 4659 aufer
2795 4595 3118 4662 opprobrium
3145 4607 3391 4651 nostrum.

2043 4723 2095 4776 1.
2140 4723 2468 4779 Paucitatem
2499 4725 2732 4780 virorum
2774 4742 2838 4781 ex
2885 4729 3025 4783 bello
3067 4730 3403 4787 residuorum
3443 4734 3553 4788 vult

1972 4813 2275 4881 ostendere,
2322 4824 2376 4869 et
2399 4817 2669 4885 quomodo
2698 4817 2762 4871 ad
2794 4819 3069 4889 minimum
3100 4838 3377 4877 numerum
3419 4827 3555 4878 1⁸011-

1972 4915 2119 4962 actus
2147 4909 2216 4961 sit
2237 4909 2461 4978 populus
2483 4908 2807 4964 Judzcorum.
2827 4910 3006 4982 Neque
3024 4914 3164 4967 enim
3192 4917 3289 4967 sibi
3318 4917 3552 4968 Sllltsltlitt

1972 5013 2103 5067 opus
2129 5014 2248 5054 esse
2276 4999 2561 5065 dixerunt,
2593 5001 2733 5070 quod
2759 5003 3069 5057 mulieribus
3094 5018 3123 5056 a
3155 5005 3279 5058 viris
3310 5005 3431 5058 ferri
3462 5023 3553 5073 par

1972 5100 2053 5143 est
2076 5132 2089 5156 ,
2119 5090 2213 5145 sed
2241 5105 2297 5146 se
2322 5090 2469 5145 illum
2493 5106 2523 5144 a
2551 5093 2637 5145 tali
2662 5091 2836 5146 ofﬁcio
2880 5094 3172 5148 immunem
3202 5096 3479 5162 complecd
3506 5107 3554 5149 et

1973 5196 2182 5247 amare,
2222 5182 2265 5234 si
2306 5192 2592 5251 utcumque
2621 5183 2791 5237 solum
2821 5198 2849 5235 a
2878 5185 3143 5238 viduitatis
3175 5186 3387 5238 nomine
3420 5187 3552 5238 libe-

1974 5272 2175 5330 rentur.
2210 5274 2264 5328 1d
2291 5277 2430 5329 enim
2458 5277 2556 5330 sibi
2589 5278 2701 5330 vult
2726 5277 2853 5331 illud
2888 5296 2901 5331 :
2930 5279 3087 5348 Aufer
3113 5279 3436 5348 approbrium
3470 5296 3549 5330 no-

1972 5377 2129 5419 strum
2174 5382 2193 5419 :
2234 5367 2479 5435 quoniant
2508 5368 2635 5421 olim
2662 5368 2711 5420 id
2743 5368 3002 5437 vituperio
3028 5384 3145 5422 esse
3172 5369 3463 5424 videbatur.
3502 5370 3552 5423 9..

1972 5455 2039 5509 1η
2065 5458 2145 5510 die
2166 5458 2255 5511 illa
2275 5458 2550 5526 splendebit
2580 5458 2718 5512 Deus
2745 5461 2798 5513 in
2826 5461 3037 5513 consilio
3068 5476 3181 5511 cum
3212 5460 3374 5529 gloria
3405 5476 3552 5531 super

1974 5559 2158 5600 terram
2178 5590 2191 5609 ,
2219 5561 2272 5601 ut
2298 5551 2478 5603 exultet
2506 5559 2552 5603 et
2580 5551 2826 5620 gloriﬁcet
2854 5551 2991 5620 quod
3020 5551 3247 5602 relictum
3272 5561 3341 5604 est
3371 5551 3542 5605 Israc—

1972 5640 2052 5693 lis.
2096 5639 2225 5706 Quia
2262 5658 2324 5695 ex
2372 5642 2601 5696 tristium
2641 5641 3052 5696 comminatione
3080 5640 3315 5695 animum
3342 5643 3551 5699 illorum

1972 5732 2256 5785 admodum
2301 5736 2603 5800 concussit,
2645 5742 2698 5787 et
2735 5733 3089 5787 calamitatem
3118 5733 3245 5787 satis
3276 5735 3547 5798 traduxit,

1983 5825 2237 5894 longoque
2264 5838 2511 5879 sermone
2542 5824 2793 5879 terribilia
2825 5825 3090 5892 narravit,
3119 5824 3183 5879 ad
3213 5826 3427 5881 meliora
3460 5826 3542 5879 de
