4102 6306
624 283 694 337 ss
1389 274 1443 330 s.
1485 272 1763 330 JOANNIS
1787 270 2259 330 ClIRYSOSTOMl
2301 273 2616 331 ARClllEP.
2656 277 3192 338 CONSTANTINOP.
3796 297 3851 351 56

618 406 763 446 nuun
804 404 862 447 se
900 391 1181 448 Convertit.
1227 392 1317 446 Illa
1360 392 1501 446 enim
1537 392 1811 447 medicina:
1836 393 2035 463 optima
2065 391 2202 445 ratio

616 497 719 549 est,
754 499 855 539 non
884 484 1056 539 solum
1080 500 1265 540 secare
1293 493 1347 539 et
1376 500 1549 547 urere,
1577 484 1669 538 sed
1701 484 1913 538 dolores
1940 485 2061 539 inde
2082 500 2202 553 par-

621 589 704 633 tos
737 578 1062 635 dulcioribus
1106 577 1403 649 pbarmacis
1430 577 1595 632 lenire
1624 594 1638 631 :
1671 577 1721 631 id
1752 578 1865 647 ipse
1892 593 2031 632 nunc
2059 579 2201 631 facit.

618 670 800 740 Neque
843 671 983 725 enim
1035 672 1087 725 in
1117 671 1285 725 tristia
1314 680 1478 725 totum
1506 670 1798 727 desiturum
1825 687 1946 727 esse
1972 672 2079 737 ait,
2107 672 2200 724 sed

615 765 771 819 malis
790 764 857 817 de
882 765 1059 819 medio
1085 764 1307 819 sublatis
1328 764 1406 837 (a)
1425 764 1645 819 meliora
1672 776 1924 820 eventura
1942 781 2060 821 esse
2078 783 2090 818 :
2110 782 2203 819 nc-

613 872 717 927 que
765 867 968 912 tantum
1014 873 1372 911 aarumnarum
1421 857 1741 911 solutionem
1789 860 1902 913 fore
1951 858 2062 923 ait,
2108 859 2201 912 Sed

611 952 772 1003 etiam
825 950 1050 1005 multum
1093 949 1429 1020 splendorem
1482 966 1835 1021 magnamque
1882 951 2196 1007 claritatem.

618 1044 726 1096 lloc
748 1044 888 1097 enim
913 1042 1315 1097 illustratioaem
1347 1042 1437 1096 Dei
1467 1052 1620 1096 vocat
1646 1058 1764 1113 qua:
1794 1044 2024 1097 tristitia:
2054 1054 2198 1097 tene-

612 1136 734 1189 bras
763 1135 954 1201 solvat,
988 1133 1267 1203 laetamque
1286 1134 1428 1188 diem
1451 1135 1641 1202 pariat,
1671 1133 1919 1204 ipsosque
1946 1135 2197 1189 illustrio-

613 1242 700 1281 res
747 1226 957 1281 reddat.
1005 1224 1136 1281 Illud
1185 1236 1400 1292 autem,
1433 1224 1759 1289 Juconsilio,
1788 1226 2195 1296 signifieatemn

613 1319 901 1389 prudenter
923 1319 1097 1371 omnia
1126 1316 1299 1371 facere
1317 1358 1331 1380 ,
1360 1326 1554 1371 etcum
1585 1316 1839 1385 sapientia
1864 1316 1962 1370 sibi
1984 1331 2198 1383 compc-

613 1412 762 1467 tenti.
795 1412 846 1466 5.
881 1409 947 1465 Et
973 1412 1066 1465 erit
1092 1410 1227 1481 quod
1248 1411 1502 1464 residuum
1529 1411 1678 1478 fuerit
1708 1407 1917 1463 lsraelis
1943 1410 1995 1462 in
2026 1409 2153 1463 Sion
2176 1451 2191 1475 ,

610 1518 654 1561 ct
696 1507 829 1577 quod
861 1506 1089 1560 relictum
1115 1505 1266 1577 fuerit
1290 1506 1340 1558 in
1366 1503 1677 1567 Jerusalem,
1706 1503 1869 1557 sancti
1891 1501 2195 1557 vocabuntur

610 1616 781 1651 omnes
812 1599 897 1669 qui
933 1599 1108 1667 scripti
1132 1607 1250 1651 sunt
1274 1597 1342 1649 ad
1368 1597 1519 1650 vitam
1547 1598 1599 1649 in
1627 1595 1931 1649 Jerusalem.
1962 1594 2029 1651 Ut
2055 1595 2193 1649 scias

611 1706 714 1742 non
742 1689 960 1744 fortuito
988 1705 1112 1743 casu
1141 1688 1365 1742 salutem
1397 1698 1582 1742 nactos
1607 1702 1727 1742 esse
1749 1702 1842 1742 eos
1866 1688 1955 1757 qui
1986 1687 2193 1757 pericu-

612 1781 719 1833 lum
742 1780 1040 1849 clfttgertiiit
1062 1821 1077 1845 ,
1107 1780 1200 1834 sed
1221 1780 1449 1835 celestis
1474 1780 1750 1835 sententia:
1773 1778 1990 1835 decreto
2013 1779 2191 1832 muni-

608 1884 722 1938 tos,
766 1875 923 1927 etiatn
972 1873 1023 1928 in
1070 1874 1259 1929 mediis
1301 1874 1457 1928 malis
1488 1890 1593 1929 non
1632 1884 1815 1943 captos
1847 1873 2040 1938 fuisse,
2071 1873 2190 1928 ideo

605 1967 678 2019 ait
711 1985 723 2019 :
754 1966 935 2020 Sancti
971 1965 1275 2020 vocabuntur
1300 1983 1469 2020 omnes
1492 1967 1577 2037 qui
1605 1968 1776 2037 scripti
1801 1976 1916 2020 sunt
1940 1968 2007 2018 ad
2036 1966 2190 2019 vitam

604 2063 655 2112 in
680 2058 983 2113 Jerusalem.
1016 2060 1113 2128 Qui
1143 2061 1401 2130 segregati
1430 2069 1585 2127 sunt,
1614 2060 1814 2131 inquit,
1843 2060 1931 2131 qui
1959 2059 2184 2129 probati,

604 2153 690 2223 qui
735 2152 953 2222 signati,
995 2162 1051 2205 ut
1089 2152 1220 2206 nihil
1252 2153 1374 2207 mali
1406 2162 1733 2223 paterentur.
1764 2152 1891 2208 Jure
1919 2164 2095 2207 autem
2126 2153 2187 2208 il-

607 2246 686 2299 los
726 2257 936 2300 sanctos
971 2256 1157 2312 vocat,
1200 2247 1490 2302 ostendens
1515 2248 1934 2317 segregationem
1966 2265 2069 2302 non
2104 2258 2185 2303 te-

604 2353 749 2391 mere
774 2379 787 2398 ,
834 2353 931 2391 nec
976 2338 1093 2392 sine
1131 2353 1288 2392 causa
1326 2338 1419 2393 Dei
1445 2338 1716 2393 decretum
1750 2340 1867 2392 illos
1897 2353 2136 2392 servasse
2168 2355 2183 2393 :

602 2430 696 2484 sed
735 2429 935 2499 aliquid
977 2430 1048 2484 illi
1080 2429 1156 2484 rei
1182 2429 1473 2485 contulisse
1499 2430 1749 2484 virtutem
1769 2472 1784 2494 ,
1816 2431 1928 2503 sive
1956 2446 2016 2483 ca
2048 2445 2184 2499 pra:-

603 2522 858 2582 cesserit,
888 2522 1000 2575 sive
1027 2532 1145 2590 post
1169 2521 1490 2592 subsequuta
1520 2522 1608 2577 sit.
1641 2520 1861 2576 Etiamsi
1889 2523 2028 2576 enim
2060 2521 2184 2575 boui

603 2614 815 2683 quidam
850 2614 1041 2668 fuerint
1071 2626 1127 2668 et
1151 2615 1284 2683 aequi
1305 2654 1322 2681 ,
1358 2624 1591 2669 attamen
1617 2629 1683 2669 ex
1712 2614 1775 2668 iis
1803 2629 1919 2684 qua:
1946 2616 2185 2682 contige-

602 2716 725 2760 runt
746 2706 993 2759 meliores
1022 2721 1085 2760 ac
1109 2705 1473 2775 diligentiores
1492 2717 1795 2760 evaserunt.
1819 2706 2182 2773 Quemadmo-

600 2799 725 2852 dum
751 2799 890 2852 enim
919 2814 1104 2852 aurum
1127 2799 1231 2867 igni
1256 2798 1507 2853 traditum
1530 2814 1743 2853 omnem
1766 2798 1992 2853 scoriam
2014 2797 2180 2867 depo-

603 2892 714 2955 nit,
764 2894 841 2945 sic
886 2901 938 2945 et
984 2892 1131 2959 probi
1179 2891 1232 2946 in
1280 2891 1657 2947 tentationibus
1698 2892 1973 2962 probiores
2011 2892 2180 2957 fiunt,

599 3000 810 3039 omnem
837 2985 1114 3040 alduentes
1148 2985 1467 3040 socordiam.
1500 2988 1551 3041 4.
1588 2986 1719 3053 Quia
1745 2985 1909 3039 abluet
1932 2983 2183 3040 Dominus

598 3078 795 3131 sordent
824 3078 1047 3144 ﬁliorum
1069 3087 1116 3131 et
1142 3078 1363 3147 ﬁliarum
1386 3076 1532 3142 Sion,
1560 3087 1605 3131 et
1617 3080 1911 3149 sanguinem
1928 3094 2183 3148 expurga-

598 3171 666 3224 bit
710 3171 772 3224 de
820 3171 982 3224 medio
1024 3186 1193 3225 eorunt
1230 3170 1411 3239 spiritu
1429 3170 1641 3241 judicii,
1675 3180 1720 3224 et
1747 3169 1930 3239 spiritu
1958 3170 2180 3224 ardoris.

597 3264 874 3334 Duplicem
906 3263 991 3318 hic
1019 3262 1149 3318 mihi
1181 3263 1390 3318 videtur
1418 3263 1596 3318 dicere
1624 3263 2059 3333 expurgationem
2080 3305 2096 3330 ,
2127 3273 2182 3319 et

594 3358 736 3428 quod
768 3356 898 3411 dent
936 3365 1271 3426 peccatorum
1299 3370 1511 3424 poenas,
1538 3366 1593 3411 et
1619 3356 1762 3427 quod
1790 3356 1983 3412 exhinc
2015 3358 2065 3411 in
2095 3357 2179 3412 fu-

597 3461 772 3504 turum
796 3447 1158 3518 diligentiores
1180 3447 1427 3502 evadant.
1460 3447 1783 3518 Sanguinem
1809 3464 1935 3503 vero
1958 3448 2178 3504 Jerusa-

596 3544 702 3599 lem
750 3543 927 3598 caedes
969 3551 1121 3597 vocat
1159 3542 1444 3613 caedesque
1482 3542 1723 3613 injustas.
1755 3543 1953 3598 Deinde
1978 3559 2178 3610 augens

592 3638 984 3692 accusationem
1029 3635 1136 3701 ait,
1192 3634 1267 3688 De
1291 3635 1455 3689 medio
1497 3652 1687 3690 eorum.
1723 3634 1838 3690 Non
1866 3636 2008 3691 enim
2040 3636 2174 3691 clam

595 3728 877 3785 homicidia
908 3730 1140 3800 aggressi
1163 3737 1320 3795 sunt,
1352 3728 1443 3784 sed
1470 3732 1621 3799 pejus
1648 3745 1805 3799 quam
1839 3729 2095 3796 latrones,
2126 3742 2179 3785 et

595 3821 628 3874 ii
668 3821 756 3891 qui
803 3822 852 3874 in
895 3821 1119 3889 publicis
1156 3820 1256 3875 viis
1295 3821 1512 3876 insidias
1538 3821 1734 3876 locant.
1764 3821 1842 3877 liii
1870 3839 2098 3893 namque
2124 3824 2174 3877 in

594 3912 826 3967 tenebris
851 3913 1077 3968 latentes
1100 3921 1155 3968 et
1179 3912 1232 3968 in
1259 3912 1654 3982 solitudinibus,
1679 3925 1929 3971 consueta
1946 3914 2173 3969 facinora

593 4004 1010 4073 aggrediuntur;
1062 4002 1117 4058 hi
1165 4013 1346 4058 autem
1392 4004 1568 4059 medio
1615 4006 1668 4060 in
1712 4005 1861 4074 foro,
1910 4007 1964 4061 in
2000 4005 2174 4062 med?a

596 4095 730 4151 urbe
770 4105 827 4150 et
872 4094 923 4148 in
967 4094 1097 4165 ipsis
1136 4095 1486 4151 tribunalibus
1509 4096 1694 4152 eadem
1722 4113 1839 4168 qua:
1870 4099 1941 4153 illi
1972 4098 2174 4155 scelera

597 4185 994 4257 perpetrabant.
1023 4186 1130 4243 Sed
1157 4196 1212 4242 et
1238 4188 1499 4241 maculam
1526 4185 1650 4243 inde
1674 4198 1845 4243 ortam
1872 4188 2067 4244 bellant
2095 4190 2178 4244 in-

592 4295 790 4353 gruens
833 4289 1131 4337 consumet.
1178 4280 1386 4336 Etenim
1429 4280 1483 4335 in
1527 4289 1765 4351 tempore
1806 4280 2064 4336 bonorum
2108 4283 2176 4337 de

593 4376 847 4430 :erumnis
888 4375 1035 4443 prius
1072 4374 1231 4429 illatis
1269 4388 1330 4429 se
1370 4372 1639 4440 defendit,
1668 4371 1810 4444 quod
1839 4373 2046 4429 scilicet
2070 4373 2176 4427 ilhc

594 4465 714 4522 Meo
743 4465 1084 4532 acciderent,
1115 4475 1174 4521 ut
1191 4466 1567 4530 abluerentur,
1594 4481 1658 4520 ac
1680 4466 1866 4521 sordes
1893 4476 2172 4535 ponerent,

592 4568 650 4613 ut
680 4559 800 4629 igne
828 4566 1180 4629 purgarentur
1209 4558 1255 4625 ¹,
1287 4568 1345 4613 ut
1368 4573 1584 4613 omnem
1609 4558 1869 4612 maculam
1898 4558 2172 4622 absterge-

592 4660 747 4715 rent,
772 4660 828 4705 ut
853 4651 1104 4721 probrum
1124 4667 1188 4707 ex
1215 4650 1445 4721 peccatis
1465 4660 1519 4706 et
1537 4650 1770 4706 ctedibus
1792 4658 2001 4719 partum
2023 4648 2174 4705 eluc-

591 4753 729 4800 t'ent.
780 4743 916 4811 Quid
960 4758 1089 4799 vero
1128 4753 1212 4799 est
1254 4742 1395 4813 quod
1418 4744 1528 4809 ait,
1559 4743 1759 4813 Spiritu
1778 4743 1964 4813 judicii
1989 4750 2039 4796 et
2065 4742 2172 4810 spi-

588 4836 689 4888 ritu
734 4834 980 4889 ardoris?
1006 4833 1062 4889 In
1092 4833 1398 4904 metaphora
1425 4832 1668 4889 conﬂata;
1697 4833 1977 4887 metalliea:
2001 4842 2172 4885 mate-

589 4930 683 4984 rize
727 4926 982 4982 substitit.
1022 4925 1477 4992 Quemadmodum
1521 4927 1666 4981 enim
1708 4926 1814 4981 illic
1853 4926 2071 4995 spiritus
2118 4928 2172 4979 in

587 5023 956 5078 conflatoriam
985 5020 1253 5075 fornacem
1284 5018 1553 5074 immissus
1577 5028 1631 5075 et
1655 5018 1921 5073 ﬂammam
1949 5017 2137 5072 aﬂlans
2155 5057 2172 5083 ,

587 5116 1027 5185 ardentioresque
1054 5128 1252 5185 prunas
1277 5112 1536 5178 reddens,
1566 5126 1782 5167 omnem
1807 5112 2037 5167 absumit
2056 5125 2176 5166 sco-

651 5277 669 5308 ι
704 5282 831 5335 Haec,
854 5278 906 5323 ut
926 5271 1036 5335 igne
1051 5276 1395 5336 purgarentur,
1421 5270 1601 5336 desunt
1634 5272 1683 5320 in
1707 5278 1820 5336 Reg.
1850 5276 1902 5336 et
1922 5268 2063 5320 Savil.
2082 5269 2175 5320 Sed

587 5339 635 5387 in
663 5333 825 5386 Bavar.
843 5345 897 5387 et
915 5333 1080 5386 lict-el.
1106 5333 1364 5394 bibentur,
1390 5340 1443 5384 et
1457 5335 1694 5396 quadram
1713 5333 1771 5381 ad
1788 5333 1987 5396 seriem.

655 5400 727 5462 (a)
760 5398 1009 5467 lacrimo,
1034 5416 1105 5449 τῦν
1126 5415 1285 5467 mea.
1318 5410 1356 5447 ιιι
1386 5394 1496 5458 μισυῦ
1524 5408 1739 5467 suum”.
1763 5396 1884 5467 tuest
1906 5394 2174 5467 aliquantu-

589 5454 688 5510 lum
707 5454 769 5509 an
791 5464 861 5510 sic
878 5454 1463 5523 interpretari'oportei‘et
1762 5455 1824 5505 de
1838 5454 1999 5523 medio
2012 5454 2174 5505 subla-

588 5523 665 5581 tis,
680 5537 761 5582 au,
778 5523 919 5574 malis
940 5517 1029 5571 seu
1053 5517 1270 5571 tristibus
1294 5520 1355 5571 de
1380 5520 1540 5570 medio
1561 5517 1775 5569 sublatis.
1796 5525 1854 5567 Ea
1877 5519 2059 5580 quippe
2077 5531 2171 5582 vos

589 5580 974 5649 m'priorem
1013 5586 1173 5647 potius
1190 5586 1455 5649 requirere
1480 5582 1755 5649 versionem
1778 5582 2031 5649 videbatur
2044 5593 2059 5649 ξ
2083 5580 2171 5649 sed

590 5640 811 5695 ex'serie
835 5654 887 5695 et
906 5640 1209 5695 connexioue
1234 5640 1542 5708 sequentium
1577 5644 1893 5706 posteriorem
1917 5640 2079 5702 malui,
2122 5648 2174 5690 et

591 5708 659 5760 sic
681 5708 829 5760 vertit
848 5720 1044 5772 quoque
1066 5708 1360 5762 Titmannus.

2315 393 2447 448 riam
2493 410 2508 448 :
2553 395 2623 450 ita
2663 406 2717 451 et
2747 396 2833 453 hic
2863 399 3097 455 immissa
3124 416 3153 454 a
3186 401 3293 456 Deo
3320 402 3390 458 ira
3412 446 3425 467 ,
3456 416 3502 459 et
3533 408 3746 469 incidens
3768 418 3848 470 bo-

2312 485 2471 538 stium
2518 486 2799 555 incursus,
2842 489 3012 545 instar
3054 491 3188 561 ignis
3234 494 3347 548 urbi
3394 496 3554 551 factus
3588 511 3691 569 est,
3736 506 3849 579 ignis

2312 591 2416 630 non
2447 578 2735 647 perniciem
2764 579 3069 647 inferentis,
3102 583 3195 638 sed
3228 588 3444 652 urentis,
3477 596 3744 662 purgantis,
3762 578 3846 665 pu-

2311 668 2506 723 nientis
2530 680 2583 723 et
2612 671 2962 726 emendantis.
2989 673 3137 727 llunc
3158 676 3297 729 enim
3326 692 3531 733 sensum
3555 680 3701 739 habet
3720 685 3848 753 illud,

2310 759 2507 827 Spiritu
2526 761 2756 828 judicii;
2786 762 2887 817 hoc
2913 774 3028 831 est,
3062 767 3348 833 punitionis
3370 811 3384 833 ,
3416 770 3681 839 vindictae,
3710 776 3847 830 ultio-

2309 850 2409 903 nis.
2454 850 2506 906 5.
2542 850 2607 904 Et
2650 854 2809 906 veniet
2850 854 3116 909 Dominus.
3147 858 3444 915 Adventum
3475 863 3586 930 ejus
3613 869 3848 934 operatio-

2308 956 2430 996 nem
2455 953 2623 997 vocat.
2656 942 2722 998 Et
2749 948 2842 999 erit
2873 953 3033 1001 omnis
3063 948 3201 1002 locus
3230 952 3411 1004 montis
3442 952 3593 1020 Sion,
3624 967 3666 1008 et
3685 960 3847 1023 omnia,

2304 1052 2417 1105 qua:
2450 1035 2502 1089 iu
2536 1037 2748 1092 circuitu
2776 1041 2884 1110 ejus
2913 1052 3064 1109 sunt,
3098 1042 3407 1097 obumbrabit
3432 1046 3580 1101 nubes
3603 1065 3683 1118 per
3704 1050 3815 1105 diem
3835 1095 3847 1118 ,

2304 1137 2351 1180 et
2378 1129 2526 1196 quasi
2554 1130 2696 1199 fumo
2718 1170 2734 1196 ,
2766 1140 2810 1183 et
2839 1132 2985 1200 quasi
3011 1133 3122 1185 luce
3143 1133 3274 1203 ignis
3298 1137 3519 1190 ardentis
3542 1156 3626 1207 per
3651 1152 3846 1210 noctem,

2303 1222 2439 1272 omni
2467 1221 2629 1290 gloria
2648 1232 2949 1293 protegetur.
2980 1225 3031 1278 6.
3062 1224 3130 1279 Et
3156 1230 3248 1280 erit
3272 1228 3322 1280 in
3343 1230 3681 1285 umbraculum
3700 1234 3786 1287 diei
3799 1237 3849 1287 ab

2301 1320 2427 1364 testu
2450 1352 2465 1376 ,
2510 1322 2557 1365 et
2591 1312 2643 1366 in
2670 1323 2952 1383 tegumenta
2984 1327 3031 1369 et
3057 1317 3110 1370 in
3138 1318 3432 1372 abscondito
3457 1322 3517 1373 ab
3544 1326 3792 1391 asperitate
3810 1336 3849 1379 et

2300 1402 2489 1471 pluvia.
2534 1403 2739 1459 Nubem
2786 1404 2873 1459 hic
2899 1416 3053 1461 vocat
3080 1409 3498 1466 consolationem
3529 1412 3578 1465 in
3607 1415 3747 1467 malis
3768 1415 3848 1468 da.

2301 1505 2407 1550 tam
2431 1512 2445 1555 :
2472 1512 2655 1566 rogum
2683 1498 2756 1569 (α)
2787 1516 2915 1554 vero
2943 1501 3225 1556 adventum
3250 1504 3365 1573 ejus
3381 1520 3500 1559 eum
3521 1509 3849 1564 consolatione

2296 1588 2621 1657 adjunctum.
2664 1593 2813 1659 Quod
2846 1595 2985 1647 enim
3015 1595 3065 1648 in
3095 1608 3225 1650 ξιτειυ
3253 1605 3337 1651 est
3366 1599 3559 1664 nubes,
3590 1599 3685 1655 hoc
3711 1602 3756 1655 in
3782 1612 3849 1657 te-

2298 1682 2477 1735 nebris
2505 1693 2558 1736 et
2586 1684 2843 1751 prolunda
2875 1696 3028 1742 nocte
3056 1703 3213 1756 rogus
3239 1690 3498 1757 splendidi
3530 1691 3660 1760 ignis
3686 1708 3851 1747 accen-

2295 1788 2409 1828 sus.
2431 1774 2523 1830 llla
2553 1776 2694 1830 enim
2722 1788 2909 1832 testam
2936 1778 3175 1848 depellit,
3195 1780 3282 1835 hic
3307 1797 3435 1837 vero
3460 1783 3725 1853 ealiginem
3750 1784 3847 1837 dis-

2294 1865 2448 1921 cutit.
2471 1866 2768 1921 Adventum
2806 1885 2934 1939 ergo
2969 1870 3084 1940 ejus
3110 1887 3256 1942 pyra:
3276 1873 3579 1941 splendori,
3610 1875 3851 1928 remissio.

2294 1972 2416 2010 nem
2455 1973 2584 2013 vero
2629 1967 2683 2014 et
2711 1962 3095 2017 recreatiouem
3124 1964 3326 2019 umbrae
3353 1966 3505 2019 nubis
3531 1969 3846 2033 compararit.

2295 2049 2496 2105 Deinde
2537 2052 2828 2107 ostendens
2864 2070 2969 2108 non
3010 2056 3261 2124 paulatim
3288 2057 3475 2111 solutis
3502 2057 3729 2111 tristibus
3754 2058 3851 2111 hac

2292 2152 2543 2197 eventura
2573 2160 2694 2200 esse
2716 2187 2733 2212 ,
2764 2146 2858 2201 sed
2886 2147 3176 2218 derepente
3200 2149 3250 2203 in
3279 2150 3497 2219 ipsaque
3521 2164 3848 2204 azrumnarmn

2292 2236 2341 2290 vi
2369 2236 2481 2292 fore
2506 2238 2852 2294 mutationem
2872 2280 2890 2307 ,
2918 2250 2974 2296 ut
2995 2251 3048 2296 et
3074 2242 3197 2297 inde
3223 2242 3465 2311 discant,
3496 2261 3596 2298 non
3627 2260 3687 2299 ex
3711 2259 3848 2297 revo-

2292 2328 2492 2385 lutione
2517 2331 2746 2401 quadam
2771 2344 2825 2388 et
2846 2334 3065 2389 fortuito
3089 2337 3437 2390 mutationem
3470 2336 3521 2390 in
3550 2337 3728 2391 melius
3746 2349 3850 2387 esse

2290 2419 2533 2489 factam;
2579 2423 2673 2478 sed
2715 2439 2781 2479 ex
2825 2441 3054 2495 superna
3098 2425 3292 2481 virtute
3337 2437 3508 2481 totum
3545 2442 3659 2481 esse
3691 2425 3851 2479 confc-

2287 2521 2430 2569 ctutn
2451 2556 2468 2584 ,
2501 2515 2648 2572 Sicut
2672 2517 2789 2589 igne
2811 2520 3018 2573 ardente
3042 2520 3092 2573 in
3121 2529 3263 2573 nocte
3280 2563 3295 2581 ,
3328 2520 3531 2590 inquit,
3557 2521 3629 2574 sic
3652 2520 3732 2572 fiet
3750 2534 3851 2571 mu-

2289 2610 2418 2663 tatio
2436 2651 2451 2673 ,
2483 2609 2549 2663 Et
2574 2610 2665 2664 erit
2692 2612 2744 2664 in
2772 2613 3001 2665 umbram
3026 2629 3115 2683 per
3141 2614 3293 2669 dicat.
3323 2616 3581 2678 Qumnam
3609 2612 3717 2665 hinc
3745 2626 3850 2663 unt-

2288 2702 2427 2757 bra?
2456 2703 2548 2759 Dei
2575 2704 2852 2771 auxilium,
2883 2705 3073 2776 inquit,
3096 2716 3149 2759 et
3175 2704 3495 2767 subsidium,
3520 2703 3663 2774 quasi
3685 2702 3848 2756 umbra

2288 2795 2340 2849 in
2371 2805 2505 2850 testu
2525 2836 2541 2863 ,
2572 2805 2625 2850 et
2650 2797 2798 2865 quasi
2824 2807 3019 2852 tectum
3045 2797 3128 2852 vel
3155 2812 3407 2853 cavernae
3436 2796 3701 2851 latibulum
3721 2837 3734 2858 ,
3760 2794 3850 2847 im-

2285 2887 2382 2943 bre
2420 2888 2725 2944 vehementi
2766 2890 3026 2959 cadente,
3077 2890 3129 2945 in
3175 2902 3287 2945 tuto
3314 2899 3499 2947 servat
3520 2907 3638 2946 eum
3663 2889 3746 2960 qui
3771 2888 3852 2941 illo

2285 2979 2522 3050 confugit
2566 2998 2580 3035 :
2622 2982 2700 3036 sic
2724 2991 2779 3037 et
2804 2983 2895 3036 Dei
2926 2984 3295 3038 commilitium
3321 2984 3461 3039 nihil
3486 2984 3624 3039 sinet
3646 2981 3747 3052 pati
3770 2980 3854 3034 de-

2285 3071 2522 3127 trimenti
2546 3112 2562 3138 ,
2595 3081 2744 3129 tanto
2771 3073 3045 3147 ingruente
3073 3075 3211 3131 bello
3232 3116 3248 3143 ,
3280 3091 3373 3132 eos
3403 3091 3541 3146 quos
3559 3091 3587 3130 a
3614 3071 3851 3145 principio

2283 3178 2500 3222 servare
2526 3165 2771 3223 Voluerit.

2910 3299 3138 3358 CAPUT
3179 3301 3242 3357 V.

2286 3416 2339 3470 1.
2384 3413 2609 3469 Cantabo
2647 3410 2829 3469 dilecto
2878 3414 3131 3469 canticum
3168 3416 3336 3471 dilecti
3386 3416 3490 3472 mei
3535 3416 3689 3471 uineta
3721 3428 3852 3468 mea.

2356 3529 2407 3582 1.
2449 3527 2736 3598 Postquam
2777 3528 3003 3583 tristium
3042 3529 3462 3587 comminatione
3499 3530 3769 3595 exterruit,
3806 3536 3854 3583 et

2281 3619 2543 3675 bonorum
2572 3619 2929 3688 promissione
2955 3619 3267 3675 exbilaravit
3285 3661 3302 3687 ,
3345 3623 3661 3693 variamque
3686 3620 3853 3677 mede—

2282 3710 2385 3765 lam
2413 3708 2686 3777 adhibuit,
2733 3709 2785 3764 in
2822 3710 2964 3765 aliud
2992 3711 3169 3766 denuo
3196 3712 3519 3782 principium
3564 3725 3853 3769 sermonem

2282 3804 2508 3871 reducit,
2541 3804 2854 3875 principium
2876 3846 2891 3872 ,
2933 3805 3179 3874 inquam,
3214 3796 3354 3875 quod
3385 3809 3681 3878 prophetiae
3708 3822 3856 3863 exor-

2281 3895 2427 3949 dium
2457 3895 2716 3949 videatur.
2755 3895 3210 3963 Quemadmodum
3235 3897 3375 3951 enim
3408 3915 3439 3953 a
3472 3898 3730 3969 principio
3753 3906 3855 3950 sta-

2283 3986 2377 4039 tim
2407 3985 2663 4042 beneﬁcia
2709 3986 2838 4056 ipsis
2880 4002 2909 4041 a
2952 3986 3066 4041 Deo
3106 3988 3294 4041 collata
3342 3992 3621 4045 recensuit
3662 3990 3856 4052 dicens,

2281 4076 2445 4131 Filios
2471 4077 2621 4149 genui
2644 4086 2689 4131 et
2712 4077 2928 4132 exaltavi
2959 4076 2979 4149 (
2995 4076 3126 4133 Isai.
3152 4080 3203 4133 1.
3232 4079 3323 4149 2),
3350 4081 3599 4136 adductis
3626 4078 3857 4150 proposi-

2280 4170 2451 4239 tisque
2479 4169 2803 4235 sceleribus,
2836 4185 2953 4239 qua:
2983 4169 3056 4224 illi
3088 4179 3427 4240 patraverant
3450 4215 3466 4241 ,
3497 4187 3725 4241 nempe,
3758 4169 3862 4239 Ipsi

2278 4272 2569 4332 spreverunt
2595 4278 2689 4327 me,
2718 4271 2791 4329 et,
2817 4260 2985 4316 Israel
3007 4273 3173 4317 autem
3200 4281 3279 4318 me
3296 4282 3397 4319 non
3422 4267 3679 4337 cognovit,
3704 4274 3749 4318 et
3774 4279 3861 4331 po-

2280 4352 2431 4423 pulus
2458 4370 2595 4408 meus
2636 4368 2716 4407 me
2758 4370 2860 4407 non
2893 4354 3137 4408 intellexit
3163 4353 3324 4425 (lsai.
3356 4355 3406 4410 1.
3436 4356 3509 4428 5)
3536 4374 3550 4410 :
3584 4356 3663 4410 sic
3689 4364 3743 4408 et
3769 4354 3865 4405 hoc

2277 4445 2395 4500 loco
2424 4445 2541 4500 aliis
2569 4445 2763 4513 dictis,
2804 4445 2898 4500 sed
2937 4446 3125 4501 eadem
3169 4447 3431 4502 sententia
3482 4463 3547 4502 ea
3594 4447 3708 4517 ipsa
3750 4460 3863 4514 qua:

2278 4539 2425 4608 prius
2451 4538 2683 4593 exhibet.
2719 4537 2915 4594 Verum
2953 4535 3055 4609 qua
3097 4537 3167 4594 de
3210 4553 3370 4594 causa
3412 4538 3861 4610 reprehensurus,

2278 4629 2746 4699 reprehensionem
2767 4629 3031 4684 canticqu
3051 4630 3247 4684 vocat?
3274 4631 3482 4702 Moyses
3504 4632 3651 4686 enim
3678 4628 3731 4684 id
3748 4629 3866 4696 jure

2279 4724 2403 4779 fecit
2425 4737 2546 4777 cum
2570 4722 2752 4786 Maria,
2778 4730 2959 4791 utpote
2986 4721 3302 4792 triumphale
3328 4723 3602 4779 canticum
3632 4720 3868 4778 modula-

2280 4827 2430 4870 turus
2448 4858 2463 4881 ,
2493 4816 2786 4884 meritoque
2812 4814 2890 4869 sic
2917 4812 3101 4883 incipit
3130 4831 3144 4867 :
3170 4812 3437 4868 Cantemus
3460 4810 3691 4868 Domino
3711 4829 3732 4867 :
3755 4812 3865 4883 glo-

2276 4910 2409 4962 riose
2431 4907 2565 4962 enim
2592 4905 2945 4976 magniﬁcatus
2974 4914 3046 4958 est
3063 4945 3079 4971 ,
3120 4919 3300 4972 equum
3327 4912 3374 4958 et
3398 4919 3727 4959 ascensorem
3755 4916 3872 4971 pro-

2268 5001 2390 5071 jecit
2432 4999 2485 5053 in
2525 5014 2666 5052 mare
2707 4996 2919 5069 (Exod.
2947 4997 3034 5053 15.
3066 4997 3160 5068 1).
3204 4998 3272 5052 Et
3313 4997 3523 5053 Debora
3575 5006 3700 5067 post
3738 4993 3871 5049 illud

2276 5091 2586 5147 admirabile
2614 5100 2907 5159 tropzeum,
2950 5099 3006 5145 et
3041 5089 3363 5159 insperatam
3401 5090 3691 5146 victoriam
3712 5131 3726 5153 ,
3753 5088 3874 5159 jure

2277 5183 2539 5238 canticum
2566 5182 2695 5237 illud
2726 5181 3043 5252 triumphale
3064 5181 3361 5249 contexuit,
3381 5181 3603 5238 Iaudem
3630 5181 3873 5237 referens

2279 5276 2389 5331 Deo
2415 5273 2625 5347 (Judic.
2652 5274 2739 5346 5).
2781 5274 2879 5330 llic
2906 5282 3085 5330 autem
3108 5273 3486 5329 criminatores
3505 5315 3523 5340 ,
3553 5288 3682 5329 cum
3710 5273 3878 5328 vehe-

2352 5458 2423 5519 (αι
2453 5462 2534 5529 Gr.
2561 5461 2727 5523 πυράν.
2748 5461 2938 5530 Ἠὶοηρι
2975 5463 3095 5530 infra
3134 5466 3283 5528 πυρὰν
3307 5474 3689 5530 commemorat,
3733 5469 3875 5530 quasi

2288 5532 2347 5569 ea
2370 5534 2461 5591 vox
2488 5524 2535 5569 in
2570 5524 2960 5591 praecedentibus
2993 5524 3269 5591 Scriptura
3286 5526 3549 5577 versiculis
3574 5524 3876 5587 haberetur,

2286 5589 2591 5650 quietamen
2626 5584 2693 5632 ibi
2733 5599 2829 5650 non
2870 5584 3135 5648 comparet.
3172 5588 3270 5636 Sed
3312 5597 3429 5649 puto
3452 5584 3875 5649 Chrysostomnm

2286 5641 2371 5718 has
2386 5641 2528 5718 limite
2550 5656 2714 5718 Voces,
2740 5649 2803 5715 ὡς
2839 5641 2992 5707 φωτὸξ
3014 5652 3157 5713 πυρὸς
3188 5641 3435 5712 καιομένου
3457 5641 3656 5713 νυνὶ-ὸς,
3682 5652 3766 5702 hic
3785 5665 3879 5716 per

2285 5715 2457 5753 vocem
2478 5712 2627 5769 πυράν
2652 5712 2948 5769 exprimere.
