4096 6322
442 316 513 370 57
1241 313 1310 368 S.
1350 311 1634 368 JOANNIS
1673 307 2099 370 (JIIBYSOSTOI

2204 318 2521 375 ARCIHEP.
2561 317 2692 376 COS
2702 315 3107 372 S'I‘ANTINOP.
3808 309 3882 367 56

439 421 553 474 Οὐκ
575 421 736 486 αὐτὸς
762 422 817 477 δέ
849 421 1026 493 μόνος,
1055 425 1194 480 ἀλλὰ
1233 429 1325 480 καὶ
1354 428 1383 478 ὁ
1422 429 1593 498 μέγας
1623 431 1827 493 ἐκεῖνος
1864 430 2106 501 Μωῦσῆς

435 511 538 582 τὴν
563 513 823 566 ἐπινίκιον
844 514 962 566 τότε
992 515 1128 586 ᾄσας
1154 517 1316 587 ᾠδὴν,
1343 519 1663 588 κατηγορῶν
1685 519 1792 570 τῶν
1817 521 2104 583 Ἰουδαίων,

441 600 658 670 μακρὰν
686 600 828 671 ᾠδὴν
857 601 922 653 τὰ
956 602 1277 673 ἐγκλήματα
1311 605 1577 674 πεποίηκε
1612 619 1637 646 ιι
1678 606 1882 674 λέγων·
1919 608 2108 661 Ταῦτα

439 685 520 750 τῷ
547 685 745 753 Κυρίῳ
781 688 1246 755 ἀνταποδι’δοτε;
1283 689 1472 758 Οὗτος
1500 696 1532 747 ό
1559 692 1710 758 ,λαὸς
1732 694 1928 762 μωρὸς
1945 735 1960 750 .
2009 695 2109 748 καὶ

440 773 577 842 οὐχὶ
608 775 801 843 σοφός
824 792 839 806 ο
869 777 962 828 καὶ
993 777 1194 842 πολλὰς
1232 779 1444 842 συνθεὶς
1485 783 1836 852 κατηγορίας,
1885 783 2110 854 ᾄδοντας

439 858 635 922 αὐτοὺς
659 860 834 914 ταῦτα
854 862 1032 929 λέγειν
1062 865 1369 935 ἐνομοθέτει
1395 882 1407 895 ·
1442 867 1535 919 καὶ
1563 868 1644 920 ἔτι
1664 869 1756 921 καὶ
1779 868 1872 922 νῦν
1893 867 2110 941 ᾅδοντες

437 943 605 998 ταῦτα
639 946 868 1016 λέγομεν
893 950 985 1002 καὶ
1015 953 1191 1021 ἡμεῖς.

508 1035 664 1099 Τίνος
693 1032 787 1091 οὖν
808 1039 993 1092 ἐνεκεν
1022 1042 1120 1103 τὰς
1145 1042 1474 1112 κατηγορίας
1499 1044 1640 1116 ᾠδὴν
1667 1043 1880 1098 ποιοῦσι
1901 1061 1915 1108 ;
1939 1044 2109 1117 Σοφίᾳ

437 1124 768 1194 κεχρημένοι
791 1131 1130 1198 πνευματικῇ
1159 1129 1250 1181 καὶ
1273 1130 1406 1183 πολὺ
1426 1132 1488 1184 τὸ
1516 1132 1704 1201 κέρδος
1730 1131 1962 1186 ἐνθεῖναι
1990 1133 2110 1196 ταῖς

435 1210 544 1262 τῶν
591 1213 896 1266 ἀκουόντων
942 1213 1252 1286 βουλόμενοι
1285 1218 1503 1289 ψυχαῖς.
1556 1219 1776 1290 Ἐπειδὴ
1808 1220 1917 1290 γάρ
1957 1220 2109 1273 οὐδὲν

435 1297 578 1351 οὓτω
610 1301 900 1371 χρήσιμον,
937 1302 1013 1366 ὡς
1045 1303 1106 1356 τὸ
1137 1303 1624 1376 πλημμελημάτων
1669 1307 1976 1378 μεμνῆσθαι
2031 1306 2110 1360 δι-

442 1384 670 1454 ηνεκῶς,
696 1388 918 1458 μνήμην
939 1389 996 1442 δέ
1014 1390 1165 1444 οὐδὲν
1191 1391 1333 1445 οὕτω
1353 1393 1576 1464 μόνιμον
1597 1395 1671 1457 ὠς
1691 1395 1923 1465 μελῳδία
1943 1395 2107 1457 ποιεῖ,

438 1471 525 1525 ἵνα
561 1473 634 1544 μὴ
669 1473 758 1528 διὰ
803 1476 902 1547 τὴν
935 1477 1240 1550 ὑπερδολὴν
1273 1481 1383 1534 τῶν
1428 1482 1776 1553 κατηγοριῶν
1822 1481 2108 1546 ὀκνοῦντες

437 1561 790 1625 ἀναδυόμενοι
830 1565 1074 1634 φεύγωσι
1125 1567 1185 1620 τὸ
1233 1570 1471 1639 συνεχῶς
1527 1569 1835 1640 μεμνῆσθαι
1870 1569 1980 1622 τῶν
2029 1571 2109 1623 ot-

435 1649 600 1703 κείων
637 1653 1074 1724 ἁμαρτημάτων,
1113 1656 1193 1728 τῷ
1240 1659 1391 1728 μέλει
1438 1659 1538 1732 τῆς
1568 1660 1711 1731 ᾠδῆς
1753 1659 2108 1714 ὑποκλέπτων

435 1738 537 1807 τὴν
568 1739 676 1791 ἀπὸ
704 1741 804 1810 τῆς
830 1745 1049 1814 μνήμης
1078 1745 1360 1816 αἰσχύνην,
1393 1748 1488 1800 καὶ
1518 1748 1619 1820 τὴν
1667 1748 1939 1820 ἀφόρητον
1971 1747 2106 1801 ἀθυ-

439 1825 570 1894 μίαν
593 1829 1103 1902 παραμυθούμενος,
1139 1833 1358 1904 ᾄσματα
1395 1835 1536 1890 αύτά
1563 1837 1882 1908 πεποίηκεν,
1914 1837 2002 1890 ἵνα
2028 1835 2107 1907 τῷ

435 1912 587 1984 πόθῳ
639 1916 902 1986 μελῳδίας
949 1920 1379 1992 ἀναγκαζόμενοι
1413 1923 1650 1994 συνεχῶς
1688 1925 1829 1978 αὐτὰ
1873 1924 2108 1994 φθέγγε-

435 2002 580 2064 σθαι,
616 2005 852 2074 συνεχῶς
885 2007 1064 2060 αὐτῶν
1107 2003 1208 2062 ὦσι
1248 2011 1626 2081 μεμνημένοι,
1659 2013 1752 2065 καὶ
1787 2010 2050 2082 διηνεκῶς
2075 2009 2104 2050 ι)

431 2086 598 2158 ἔχωσί
655 2107 773 2144 τινα
795 2093 1144 2148 διδασκαλίαν
1181 2098 1381 2168 ἀρετῆς
1409 2098 1508 2169 τὴν
1538 2097 1758 2169 διηνεκῆ
1788 2099 1898 2152 τῶν
1927 2100 2108 2169 ἁμαρ-

431 2179 691 2247 τημάτων
725 2182 963 2253 μνήμην.
1000 2183 1141 2238 Ἰστε
1173 2185 1324 2254 γοῦν,
1361 2187 1443 2238 ὅτι
1481 2188 1575 2240 καὶ
1602 2186 1699 2239 νῦν
1727 2187 1797 2240 τὰ
1835 2187 1932 2257 μὲν
1972 2186 2106 2241 ἀλλα.

429 2265 540 2318 οὐδ’
576 2267 632 2332 ἐξ
655 2267 914 2338 ὀνόματος
938 2273 1051 2332 τοῖς
1080 2272 1294 2336 πολλοῖς
1323 2275 1439 2325 ἐστι
1469 2273 1657 2326 Βιϐλία
1692 2275 1974 2346 γνώριμα’
2003 2275 2104 2344 τὴν

429 2353 487 2406 δὲ
513 2354 623 2407 τῶν
646 2357 892 2427 Ψαλμῶν
923 2361 1308 2429 πραγματείαν
1335 2362 1429 2413 ἐπὶ
1452 2361 1716 2430 στόματος
1737 2362 1974 2426 ἅπαντες
2004 2362 2103 2431 φέ-

433 2458 608 2512 ρουσι,
639 2444 730 2496 καὶ
758 2445 926 2508 αὐτάς
958 2446 1161 2511 ταύτας
1194 2449 1293 2511 τάς
1323 2447 1496 2518 ᾠδάς·
1530 2448 1675 2503 οὕτω
1699 2449 1766 2502 δι’
1793 2450 1972 2504 αὐτῶν
1995 2450 2104 2503 τῶν

431 2532 773 2601 πραγμάτων
799 2534 1094 2599 δείκνυται,
1128 2537 1294 2591 πόσον
1317 2538 1424 2591 ἀπὸ
1458 2539 1558 2610 τῆς
1591 2539 1857 2610 μελῳδίας
1885 2539 1948 2592 τὸ
1972 2538 2101 2610 κέρα

430 2616 520 2680 δος
551 2620 686 2673 ἐστί.
732 2622 832 2675 Διά
857 2621 919 2692 δὴ
965 2622 1124 2676 τοῦτο
1172 2625 1266 2678 καὶ
1310 2625 1473 2690 αὑτός
1500 2645 1665 2697 φησιν
1685 2644 1700 2659 ⁸
1731 2629 1894 2697 ΙΙ’ᾼσω
1919 2627 1994 2695 δὴ
2024 2625 2104 2692 τῷ

428 2703 794 2773 ἠγαπημένῳ
837 2701 1002 2778 ᾆσμα
1034 2710 1140 2764 τοῦ
1183 2713 1494 2781 ἀγαπητοῦ
1528 2731 1650 2783 μου
1693 2713 1772 2780 τῷ
1794 2715 2104 2783 ἀμπελῶνί

423 2811 564 2864 μου.
601 2791 803 2866 τᾼσμα
836 2797 915 2862 τῷ
956 2799 1335 2870 ἠγαπημένῳ,
1377 2804 1568 2873 φησὶν,
1609 2803 1915 2872 ἀμπελῶνι
1939 2819 1952 2834 ’
1987 2803 2103 2876 ᾷσω

428 2882 559 2950 περὶ
587 2882 749 2934 αὐτοῦ
777 2881 869 2936 τοῦ
900 2885 1278 2956 ἡγαπημένου.
1310 2889 1419 2941 Καὶ
1455 2887 1602 2958 αύτῷ
1629 2889 1736 2960 γὰρ
1765 2889 1875 2961 ᾄδω
1893 2933 1908 2954 ,
1937 2891 2100 2960 φησὶ,

426 2984 523 3020 και
552 2957 589 3038 ’ἡ
616 2967 981 3038 ύπόθεσιςτῆς
1011 2971 1152 3042 ᾠδῆς
1182 2974 1308 3044 περὶ
1333 2974 1496 3028 αὐτοῦ
1524 2975 1745 3028 καὶτῶν
1766 2976 1929 3030 αὐτοῦ
1963 2994 2104 3046 πρα-

427 3054 655 3124 γμάτων
684 3055 848 3108 ἐστίν.
871 3057 1005 3110 Εἰδέ
1031 3059 1236 3128 μέλλων
1266 3064 1611 3131 κατηγορεῖν,
1643 3062 1924 3134 ἀγαπητὸν
1948 3063 2104 3117 καλεῖ

427 3147 522 3195 καὶ
543 3143 920 3214 ἠγαπημένον,
943 3145 1018 3218 μὴ
1042 3147 1346 3219 θαυμάσῃς.
1371 3149 1480 3202 Καὶ
1498 3149 1656 3203 τοῦτο
1671 3150 1780 3222 γὰρ
1803 3151 2055 3222 μέγιστον
2075 3163 2096 3190 α

425 3233 760 3301 κατηγορίας
792 3233 1022 3302 ἐφόδιον,
1054 3234 1135 3288 δτι
1168 3234 1231 3307 δὴ
1261 3236 1673 3306 ἀγαπηθέντες,
1709 3240 1801 3291 καὶ
1827 3239 2098 3309 τοσαύτης

423 3314 828 3381 ἀπολαύσαντες
875 3318 1024 3390 παρά
1054 3318 1188 3372 Θεοῦ
1219 3319 1321 3389 τῆς
1369 3317 1483 3391 [5‘2]
1520 3321 1760 3385 εὐνοίας,
1804 3323 1923 3375 οὐδὲ
1959 3323 2100 3376 οὕτω

427 3401 668 3470 βελτίους
689 3403 956 3472 ἐγένοντο.
987 3405 1156 3458 Τοῦτο
1193 3407 1324 3476 γοῦν
1354 3409 1448 3460 καὶ
1480 3409 1664 3480 ἕτερος
1693 3411 1978 3480 προφήτης
2017 3412 2101 3464 αἱ-

423 3492 733 3562 νιττόμενος
761 3492 944 3562 ἔλεγεν
964 3510 980 3524 ο
1016 3493 1109 3560 Ὠς
1134 3495 1462 3564 σταφυλὴν
1487 3496 1558 3549 ἐν
1583 3495 1778 3566 ἐρήμῳ
1791 3494 1972 3565 εὖρον
1995 3499 2100 3552 τὸν

437 3578 702 3648 Ἰσραὴλ,
724 3581 803 3646 ὡς
831 3581 1069 3636 σκοπὸν
1092 3583 1162 3636 ἐν
1180 3583 1345 3651 συκῇ
1364 3583 1629 3654 πρώΐμον
1654 3581 1818 3638 εἶδον
1837 3585 2101 3653 πατέρας

422 3665 620 3720 αὐτῶν
639 3683 652 3698 ο
684 3667 745 3720 τὸ
774 3668 1018 3722 ποθεινὸν
1049 3669 1228 3723 αὐτῶν
1261 3671 1354 3724 καὶ
1381 3671 1680 3742 ἐπέραστον
1712 3671 1798 3725 διὰ
1819 3671 1928 3725 τῶν
1960 3688 2097 3743 καρ-

424 3752 542 3805 πῶν
569 3754 774 3806 τούτων
803 3755 1208 3827 ἐνδεικνύμενος
1227 3772 1241 3787 ο
1273 3757 1519 3811 ποθεινὸν
1549 3758 1606 3811 δὲ
1645 3759 1808 3812 αὐτὸν
1861 3760 1954 3813 καὶ
1999 3759 2098 3811 ἐπ-

427 3842 656 3910 έραστον
677 3842 738 3895 οὐ
770 3844 920 3914 παρά
945 3843 1042 3915 τὴν
1054 3845 1270 3899 οἰκείαν
1286 3847 1486 3918 ἀρετὴν
1507 3887 1522 3912 ,
1547 3847 1681 3901 ἀλλά
1708 3847 1860 3920 παρά
1880 3848 1976 3918 τὴν
2001 3848 2095 3902 τοῦ

422 3927 560 3980 ξ’)εοῦ
591 3927 920 3997 ἀγαθότητα.
960 3932 1024 3984 '0
1053 3930 1111 3983 δὲ
1145 3931 1325 3999 λέγει,
1351 3933 1587 3986 τοιοῦτόν
1613 3936 1760 3989 ἐστιν
1781 3976 1796 4001 ,
1829 3937 1913 3990 ὅτι
1957 3936 2096 4005 Ἐγὼ

425 4015 525 4083 μὲν
546 4013 720 4077 οὕτως
746 4015 1030 4086 ἠγάπησα,
1069 4017 1145 4081 ὡς
1169 4017 1235 4071 ἄν
1263 4036 1346 4081 τις
1379 4019 1651 4090 σταφυλὴν
1690 4022 1862 4094 εὑρὼν
1891 4025 1948 4077 ἐν
1967 4025 2098 4096 ἐρή-

426 4121 530 4170 μῳ.
567 4101 599 4172 ἢ
625 4101 700 4164 ὡς
726 4102 790 4155 ἄν
821 4119 904 4166 τις
941 4103 1141 4157 σκοπὸν
1162 4105 1220 4158 ἐν
1251 4109 1409 4177 συκῇ.
1450 4108 1512 4159 Εἰ
1539 4108 1647 4179 γάρ
1669 4111 1762 4163 καὶ
1787 4112 1980 4176 ἀνάξια
1999 4113 2093 4167 τοῦ

420 4188 555 4242 θεοῦ
589 4189 657 4242 τὰ
706 4191 1157 4262 παραδείγματα,
1189 4191 1324 4247 ἀλλά
1366 4193 1678 4266 κατάλληλα
1719 4196 1823 4267 τῆς
1872 4199 2093 4254 ἐκείνοιν
2134 4232 2148 4245 ο

420 4279 878 4349 γαστριμαργίας.
908 4281 1088 4334 Αὐτοὶ
1127 4282 1216 4346 δὲ,
1249 4283 1418 4352 φησὶ,
1453 4284 1720 4355 τοσαύτης
1752 4287 2094 4341 ἀπολαύσαν-

419 4383 509 4430 τες
559 4368 658 4437 τῆς
694 4367 949 4438 ἀγάπης,
998 4369 1616 4439 ἀπηλλοτριώθησαν,
1653 4371 1752 4425 καὶ
1804 4373 2095 4441 εισῆλοον

417 4455 569 4521 πρὸς
605 4455 713 4506 τὸν
737 4455 1102 4525 Βεελρεγόιο.
1134 4457 1290 4512 Οὕτω
1323 4459 1507 4531 δήκαὶ
1542 4459 1775 4514 ἐνταῦθα
1799 4461 2092 4533 ἠγαπημέ-

418 4559 508 4594 νον
540 4542 702 4594 αὐτὸν
741 4543 894 4597 καλεῖ
926 4545 1022 4598 καὶ
1051 4545 1333 4617 ἀγαπητὸν
1352 4587 1366 4612 ,
1407 4547 1618 4611 δεικνὺς
1646 4549 1726 4602 ὅτι
1759 4551 1788 4602 ό
1826 4549 1926 4618 μὲν
1963 4549 2094 4614 Θεὸς

415 4627 484 4680 τὰ
509 4630 636 4699 παρ’
659 4631 852 4684 ἐαυτοῦ
874 4633 1052 4685 πάντα
1074 4632 1405 4699 ἐπεδείξατο,
1427 4635 1528 4688 οὐκ
1549 4635 1729 4688 αὐτῶν
1744 4636 2091 4707 ἀρξαμένων,

414 4717 552 4771 ἀλλά
578 4715 671 4768 τοῦ
698 4716 832 4770 Θεοῦ
864 4719 1232 4789 ἡγησαμένου.
1277 4722 1502 4774 Ἐκεῖνοι
1522 4722 1576 4775 δὲ
1605 4723 1726 4776 ούδέ
1759 4723 1898 4793 μετά
1920 4723 2091 4778 ταῦτα

415 4804 602 4870 ἀξίους
635 4805 860 4870 ἑαυτοὺς
901 4806 1001 4875 τῆς
1049 4807 1368 4876 εὐεργεσίας
1398 4808 1625 4874 ἔδειξαν,
1659 4810 1795 4864 ἀλλὰ
1833 4812 2092 4866 τάναντία

413 4892 759 4959 ἐπεδείξαντο
814 4893 1050 4950 ᾶπαντα,
1100 4895 1408 4963 Ἀμπελὼν
1454 4897 1706 4966 ἐγενήθη
1743 4899 1825 4964 τῷ
1861 4900 2092 4968 ἠγαπη-

408 4982 591 5050 μένῳ,
617 4983 686 5035 ἐν
711 4979 934 5050 κέρατι,
972 4981 1042 5035 ἐν
1071 4983 1231 5046 τόπῳ
1259 4985 1440 5038 πίονι.
1477 4985 1567 5056 Τῷ
1596 4987 1822 5056 ὀνόματι
1851 4987 1944 5039 τοῦ
1977 4989 2088 5058 ἀμ-

416 5070 650 5135 πελῶνος
679 5073 860 5124 πᾶσαν
885 5071 1112 5142 ἐνέφηνε
1143 5072 1242 5143 τὴν
1271 5073 1555 5142 πρόνοιαν,
1586 5076 1678 5127 καὶ
1705 5074 1802 5145 τὴν
1828 5076 1956 5146 περὶ
1986 5076 2086 5129 αύ-

411 5156 518 5208 τῶν
544 5155 572 5195 ιι
603 5158 946 5228 ἐπιμέλειαν.

485 5243 546 5312 β’.
585 5245 657 5298 οὗ
705 5245 812 5316 μὴν
847 5245 1059 5298 ἵσταται
1093 5244 1254 5315 μέχρι
1284 5246 1493 5312 τούτου,
1524 5247 1662 5300 ἀλλά
1707 5249 1800 5302 καὶ
1831 5249 1900 5302 τά
1923 5250 2086 5322 ἕτερα

411 5331 804 5403 ἀπαριθμεῖται
858 5334 1310 5404 εὐεργετήματα⁶
1373 5336 1468 5388 καὶ
1515 5337 1777 5408 πρότερον
1835 5338 1944 5392 ἀπὸ
1987 5343 2085 5411 τῆς

473 5499 500 5529 ⁸
525 5502 765 5560 Πεποίηκε
786 5504 934 5553 deest
954 5503 1000 5553 in
1024 5504 1149 5566 Reg.
1175 5513 1226 5552 et
1264 5503 1416 5553 Savil.
1441 5505 1527 5554 Illa
1553 5515 1716 5554 autem
1737 5507 1923 5558 sublata
1945 5523 2084 5565 voce,

410 5560 548 5632 loces
569 5577 763 5632 [partem
783 5579 895 5632 e559
916 5560 1136 5632 yidetuF,
1183 5568 1259 5632 cui
1287 5570 1608 5632 restatlrando
1632 5583 1796 5632 vet-em
1816 5572 1949 5618 καλεῖ
1973 5560 2082 5632 pro;

411 5624 547 5695 ponit
572 5623 799 5695 Savitius.
830 5629 928 5675 Sed
950 5643 1060 5677 cum
1081 5629 1313 5686 πεποίηκε
1337 5630 1385 5677 in
1415 5630 1580 5678 Bavar.
1602 5637 1655 5678 et
1677 5631 1845 5680 Morel.
1873 5623 2084 5695 lega'tur,

410 5685 550 5748 loeug
569 5685 669 5744 jam
687 5686 885 5748 integer
908 5697 999 5738 est.

471 5745 978 5810 Ῐξδενὶίημεμνημένοι
1015 5752 1254 5810 διηνεκῶς.
1280 5751 1381 5800 Sed
1422 5751 1527 5800 hzec
1549 5753 1699 5803 lectio
1717 5756 1896 5804 seriem
1927 5757 2085 5805 inter-

405 5806 590 5863 turbat.
618 5806 810 5856 sublata
831 5806 1163 5862 distinctiohe.

473 5873 498 5942 ξ
518 5869 642 5942 ξξρς.
667 5875 720 5918 et
753 5870 901 5942 βενςίι.
921 5876 1007 5942 καὶ
1024 5874 1166 5924 τοῦτο
1188 5878 1407 5939 μέγιστον
1428 5873 1607 5928 omisso
1629 5878 1732 5942 γάρ.

470 5931 499 5970 σι
519 5930 644 5996 Reg.
667 5932 771 5995 περὶ
794 5932 977 5989 αὐτούς.

2213 432 2412 498 θέσεως
2441 433 2534 488 τοῦ
2561 436 2726 489 τόπου
2762 431 2930 486 τοῦτο·
2955 433 3134 486 ποιεῖ’
3163 429 3224 483 τὸ
3251 429 3378 500 γὰρ,
3417 430 3521 483 Ἐν
3563 428 3780 494 κέρατι,
3807 428 3885 481 ἐν

2212 521 2371 582 τόπῳ
2393 523 2576 581 πίονι,
2607 522 2668 574 τὸ
2703 520 2798 590 μὲν
2831 521 2929 591 τὴν
2967 517 3128 588 φύσιν
3163 519 3262 588 τῆς
3297 517 3398 588 γῆς
3428 517 3662 568 ἐπαινῶν
3699 515 3881 584 ἔλεγε,

2206 607 2268 660 τὸ
2297 608 2354 661 δὲ
2385 608 2485 678 τὴν
2517 607 2661 660 θέσιν
2682 625 2695 638 ·
2725 609 2860 678 ὅπερ
2895 607 2988 660 καὶ
3017 609 3045 658 ὁ
3075 605 3237 662 Δαυῒδ
3265 603 3479 674 ψάλλων
3510 603 3710 673 ἔφησεν
3731 643 3746 658 .
3793 603 3880 656 δτι

2218 695 2591 767 Ἰερουσαλὴμ,
2631 698 2776 763 Ὀρη
2809 696 3015 759 κύκλῳ
3043 693 3231 760 αὐτῆς
3255 733 3268 753 ,
3301 693 3396 748 καὶ
3435 692 3644 759 Κύριος
3671 691 3883 754 κύκλῳ

2206 782 2313 835 τοῦ
2351 783 2502 835 λαοῦ
2535 780 2740 835 αὐτοῦ.
2789 781 3050 851 Ἐτείχισε
3087 779 3183 850 μὲν
3209 779 3315 849 γὰρ
3354 777 3523 848 αὐτὴν
3547 817 3561 839 ,
3593 776 3746 848 φησὶ,
3781 777 3882 830 καὶ

2207 873 2273 941 τῇ
2307 869 2452 922 θέσει
2481 869 2575 922 τοῦ
2602 871 2768 922 τόπου
2788 885 2802 898 ⁸
2850 867 2988 939 πλὴν
3016 867 3114 920 οὐκ
3153 865 3393 937 ἠρκέσθη
3427 865 3618 936 τούτῳ,
3655 865 3791 918 ἀλλά
3820 866 3884 917 τὸ

2211 956 2465 1025 μέγιστον
2497 959 2673 1027 τεῖχος
2720 955 2882 1019 αὐτὸς
2927 956 3061 1026 αὐτῇ
3101 955 3354 1023 γέγονεν·
3404 955 3432 1006 ὃ
3478 953 3539 1023 δὴ
3590 954 3683 1006 καὶ
3723 948 3884 1016 οὗτος

2207 1044 2501 1099 αἰνίττεται
2533 1045 2727 1112 λέγων,
2772 1045 2870 1098 Ἐν
2899 1043 3118 1112 κέρατι,
3147 1043 3209 1096 τό
3248 1059 3306 1095 τε
3355 1041 3649 1112 ἀχείρωτον
3685 1043 3781 1094 καὶ
3818 1040 3886 1094 τὺ

2208 1131 2648 1202 ἀκαταγώνιστον
2701 1131 2794 1185 τοῦ
2843 1131 3030 1195 τόπου,
3063 1131 3157 1185 καὶ
3193 1130 3298 1200 πρὸ
3325 1130 3538 1193 τούτου,
3579 1128 3676 1200 τὴν
3726 1129 3884 1200 παρά

2206 1221 2307 1280 τοῦ,
2341 1220 2474 1274 Θεοῦ
2516 1220 2762 1291 βοήθειαν
2780 1218 2989 1288 δηλῶν,
3037 1217 3145 1271 ἀπὸ
3194 1217 3507 1287 μεταφορᾶς
3549 1215 3643 1268 τοῦ
3699 1216 3884 1288 κέρως

2207 1308 2301 1360 τοῦ
2326 1307 2468 1377 βοός.
2498 1308 2610 1361 Καὶ
2637 1306 2745 1375 γάρ
2764 1306 2858 1359 καὶ
2884 1305 3155 1376 παροιμία
3170 1303 3392 1373 τοιαύτη
3413 1301 3668 1372 δημώδης
3693 1302 3886 1374 ἐξενή-

2208 1411 2393 1447 νεκται
2425 1393 2554 1464 περὶ
2584 1393 2693 1446 τῶν
2721 1395 2800 1456 είς
2825 1392 3065 1460 ἀσφαλές
3091 1409 3143 1444 τι
3175 1392 3372 1463 χωρίον
3399 1389 3882 1458 καταφευγόντων.

2221 1481 2439 1552 Ἐπειδὴ
2471 1480 2580 1552 γὰρ
2606 1480 2951 1551 ἰσχυρότερον
2972 1479 3188 1532 πάντων
3208 1479 3236 1530 ὁ
3263 1477 3484 1548 ταῦρος,
3520 1477 3682 1531 αὐτοῦ
3705 1477 3763 1530 δέ
3785 1479 3884 1531 τοῦ

2207 1567 2348 1632 ζώου
2377 1567 2437 1621 τὸ
2469 1569 2810 1640 ἰσχυρότερον
2845 1567 2906 1620 τὸ
2933 1565 3132 1637 κέρας’
3169 1565 3318 1636 ὅπλῳ
3353 1564 3462 1635 γὰρ
3501 1563 3650 1635 αὒτῷ
3675 1565 3887 1637 κέχρη-

2205 1673 2324 1710 ται·
2357 1655 2446 1709 διὰ
2471 1657 2531 1709 τὸ
2553 1656 2931 1726 δυσχείρωτον,
2961 1654 3117 1708 τοῦτο
3152 1665 3176 1692 θ
3208 1653 3428 1707 εἰώθασι
3468 1651 3646 1720 λέγειν
3673 1654 3724 1706 οἱ
3754 1653 3887 1706 πολ-

2207 1742 2320 1796 λοί·
2357 1743 2504 1814 καὶή
2542 1743 2579 1794 Γ
2585 1743 2729 1813 ραφὴ
2753 1743 2811 1795 δέ
2840 1741 3097 1805 πολλάκις
3126 1740 3295 1812 κέρας
3331 1741 3699 1810 μονοκέρωτος
3727 1739 3890 1794 καλεῖ

2205 1830 2332 1894 τοὺς
2351 1831 2408 1882 ἐν
2435 1830 2703 1901 ἀσφαλείᾳ
2733 1830 2910 1894 ὄντας.
2948 1830 3050 1882 Ἑν
3069 1831 3270 1896 κέρατι
3291 1824 3386 1882 οὖν
3421 1827 3657 1880 ἐνταῦθά
3690 1844 3884 1896 φησιν,

2206 1917 2264 1970 ἐν
2291 1917 2580 1989 ἀσφαλείᾳ,
2621 1919 2678 1969 ἐν
2720 1915 2864 1985 ὕψει,
2907 1917 3044 1988 ὅπερ
3087 1916 3383 1986 ἀρχόμενος
3430 1913 3646 1982 ἔλεγεν·
3709 1914 3888 1981 Υὶοὺς

2205 2005 2522 2074 ἐγέννησα,
2554 2005 2649 2058 καί
2679 2005 2917 2073 ὒψωσα.
2966 2005 3062 2057 Ἐν
3082 2006 3241 2070 τόπῳ
3259 2005 3423 2057 πίονι
3447 2019 3460 2032 ·
3489 2005 3626 2073 ὅπερ
3657 2003 3888 2055 (31tle-

2208 2092 2307 2162 σῆς
2339 2088 2484 2158 εἷπε,
2515 2092 2646 2161 Γῆν
2668 2092 2938 2160 ῥέουσαν
2966 2091 3120 2161 γάλα
3160 2093 3258 2146 καὶ
3272 2090 3430 2160 μέλι.
3463 2091 3568 2144 Καὶ
3604 2091 3891 2158 φραγμὸν

2207 2181 2545 2248 περιέθηκα,
2578 2182 2675 2236 καί
2704 2179 3080 2250 έχαράκωσα.
3115 2178 3441 2249 Φραγμὸνῆ
3481 2179 3538 2232 τδ
3573 2178 3752 2248 τεῖχός
3778 2195 3887 2247 φη-

2208 2285 2293 2321 σιν
2310 2308 2324 2330 ,
2350 2267 2383 2338 ἢ
2409 2265 2500 2321 τὸν
2535 2268 2718 2338 νόμον,
2743 2269 2775 2340 ἢ
2797 2268 2893 2339 τὴν
2919 2268 3083 2321 αὑτοῦ
3109 2267 3388 2339 πρόνοιαν.
3407 2267 3516 2319 Καὶ
3535 2266 3643 2336 γὰρ
3674 2267 3887 2336 όνόμος

2203 2355 2417 2425 τείχους
2428 2354 2826 2426 ἀσφαλέστερον
2839 2357 3022 2418 αὐτοῖς
3038 2355 3364 2426 περιέκειτο.
3381 2355 3484 2408 Καὶ
3499 2352 3886 2423 ἐχαράκωσα,

2199 2442 2498 2506 τουτέστιν,
2539 2443 2782 2514 ’ἰσχυράν
2807 2443 2905 2515 τὴν
2933 2443 3232 2512 ἀσφάλειαν
3264 2441 3628 2511 ἐποιησάμην.
3657 2441 3886 2512 Ἐπειδὴ

2204 2529 2314 2602 γὰρ
2335 2528 2592 2593 πολλάκις
2613 2530 2864 2601 φραγμὸς
2893 2530 3323 2611 εὐεπιχείρητον,
3351 2528 3445 2582 καὶ
3479 2527 3695 2599 ἑτέραν,
3721 2528 3884 2597 φησι,

2205 2615 2524 2689 περιέϐαλον
2549 2617 2731 2681 αὐτοῖς
2760 2617 3094 2688 συμμαχίαν.
3120 2616 3230 2669 Καὶ
3265 2617 3567 2686 ἐφύτευσα
3603 2615 3890 2683 ἄμπελον

2203 2703 2431 2772 Σωρήχ.
2473 2704 2747 2773 Ἐπιμένει
2771 2707 2837 2776 τῇ
2865 2705 3160 2775 μεταφορᾷ,
3189 2705 3254 2774 ἢν
3270 2705 3329 2756 ού
3355 2704 3434 2756 δεῖ
3455 2703 3592 2756 κατὰ
3626 2702 3776 2768 λέξιν
3803 2705 3894 2774 ἐρ-

2207 2792 2482 2861 μηνεύειν,
2533 2791 2666 2844 ἀλλά
2724 2792 2813 2844 τὸν
2865 2793 3064 2845 σκοπὸν
3097 2793 3306 2855 εἰδότας
3345 2790 3628 2862 ἀρκεῖσθαι
3680 2790 3888 2862 τούτῳ.

2203 2880 2396 2951 Σωρὴχ
2436 2881 2493 2933 δὲ
2543 2880 2776 2933 ἐνταῦθα
2828 2880 3088 2950 ἀληθινήν
3127 2897 3312 2951 φησιν,
3354 2879 3570 2949 εὐγενῆ,
3604 2877 3724 2950 οὐχὶ
3770 2879 3892 2934 τῶν

2202 2967 2422 3035 φαύλων
2459 2966 2661 3035 φυτῶν,
2691 2967 2810 3020 οὐδὲ
2839 2967 2946 3020 τῶν
2980 2967 3437 3038 καταδεεστέρων,
3475 2967 3610 3021 άλλά
3641 2968 3749 3021 τῶν
3790 2969 3890 3022 δο⁶

2202 3056 2380 3126 κίμων
2408 3057 2503 3108 καὶ
2527 3055 2778 3128 πρώτων.
2809 3055 2986 3109 Πολλὰ
3015 3055 3124 3127 γὰρ
3286 3057 3545 3127 ἀμπέλων
3574 3057 3726 3126 γένη.
3766 3057 3889 3112 Kal

2200 3142 2560 3211 ᾠκοδόμησα
2599 3145 2831 3213 πύργον
2863 3143 2959 3196 καὶ
3002 3143 3333 3212 προλήνιον
3357 3145 3426 3197 ἐν
3455 3144 3626 3212 μέσῳ
3661 3145 3886 3200 αὐτοῦ.

2201 3230 2358 3294 Τινὲς
2385 3229 2404 3268 ί
2443 3230 2533 3283 τὸν
2563 3232 2687 3284 ναόν
2718 3248 2850 3299 φασι
2872 3270 2886 3293 ,
2914 3231 3009 3284 καὶ
3042 3232 3331 3303 προλήνιον
3361 3232 3422 3284 τὸ
3450 3233 3850 3304 θυσιαστήριον
3868 3273 3887 3299 ,

2200 3316 2297 3370 ἆτε
2321 3316 2429 3370 τῶν
2461 3319 2686 3387 καρπῶν
2701 3321 2817 3371 ἐκεῖ
2848 3319 3229 3390 συναγομένων
3263 3321 3357 3391 τῆς
3384 3321 3585 3391 ἀρετῆς
3614 3320 3715 3390 τῆς
3739 3321 3886 3376 ἐκά-

2201 3419 2349 3465 στου,
2369 3404 2589 3457 καὶτῶν
2617 3404 2965 3476 προσφορῶν,
2991 3407 3087 3459 καὶ
3113 3407 3220 3459 τῶν
3249 3407 3447 3461 θυσιῶν
3477 3407 3702 3461 ἀπασῶν
3721 3423 3736 3438 ⁸
3765 3410 3890 3478 ἐγὼ

2203 3488 2384 3557 μέντοι
2408 3487 2584 3550 τοῦτο,
2625 3489 2763 3560 ὅπερ
2793 3489 2962 3560 ἔφθην
3003 3493 3208 3559 εἰπὼν,
3235 3492 3331 3546 καλ⁸
3364 3492 3459 3546 νῦν
3489 3493 3632 3564 ἐρῶ,
3681 3493 3768 3546 ὅτι
3802 3495 3888 3566 τῷ

2201 3573 2386 3646 σκοπῴ
2416 3576 2496 3628 δεῖ
2539 3575 2824 3646 προσέχειν
2864 3577 2962 3648 τῆς
2994 3581 3327 3650 μεταφορᾶς.
3362 3579 3460 3632 Διά
3505 3579 3611 3652 γὰρ
3652 3581 3890 3636 πάντων

2196 3661 2356 3715 τοῦτο
2415 3658 2660 3732 βούλεται
2713 3666 2904 3730 εἰπεῖν,
2960 3666 3160 3719 ὃτιΤά
3213 3667 3343 3739 παρ’
3394 3666 3632 3738 ἐμαυτοῦ
3692 3668 3890 3724 πάντα

2197 3750 2508 3822 ἐπλήρωσα,
2535 3751 2714 3806 πᾶσαν
2740 3753 3052 3822 ἐπιμέλειαν
3078 3754 3457 3826 ἐπεδειξάμην.
3481 3757 3555 3808 Οὐ
3585 3757 3891 3814 κατέτεινα

2197 3839 2482 3905 καμάτοις,
2517 3838 2578 3890 ού
2611 3839 2904 3911 συνέτριψα
2924 3842 3127 3906 πόνοις,
3157 3843 3258 3896 οὐκ
3281 3845 3478 3908 αὐτοὺς
3515 3844 3890 3915 οἰκοδομῆσαι

2196 3926 2478 3988 ἐκέλευσα,
2501 3927 2601 3980 οὐκ
2632 3928 2829 3992 αὐτοὺς
2855 3929 3080 3999 σκάψαι,
3103 3931 3202 3984 οὐκ
3223 3932 3420 3994 αὐτοὺς
3446 3931 3731 4000 φυτεῦσαι,
3759 3934 3890 3987 ἀλλ’

2195 4015 2602 4086 ἀπηρτισμένον
2631 4013 2692 4067 τὸ
2733 4014 2890 4086 ἔργον
2914 4017 3221 4085 παρέδωκα.
3267 4020 3376 4072 Καὶ
3409 4019 3526 4073 οὐδὲ
3551 4020 3714 4091 μέχρι
3749 4026 3893 4076 τού-

2193 4117 2286 4154 του
2306 4100 2374 4154 τὰ
2398 4102 2496 4171 τῆς
2523 4100 2930 4172 φιλανθρωπίας
2949 4102 3151 4174 έστησα
3175 4105 3354 4174 μόνον,
3374 4105 3508 4160 ἀλλά
3533 4106 3640 4161 Καὶ
3663 4106 3893 4176 ἔμεινα

2193 4189 2300 4244 τοῦ
2326 4187 2578 4257 ποιῆσαι
2609 4189 2954 4258 σταφυλὴν,
2990 4191 3084 4244 καὶ
3111 4193 3369 4262 ἀνέμεινα
3397 4192 3488 4245 τὸν
3521 4195 3893 4264 προσήκοντα

2194 4277 2385 4348 καιρὸν
2412 4278 2512 4347 τῆς
2553 4279 2930 4349 καρποφορίας
2951 4318 2967 4335 .
2999 4280 3348 4354 μακροθυμίᾳ
3385 4281 3552 4352 πολλῇ
3593 4284 3896 4356 χρησάμε-

2194 4378 2303 4424 νος.
2327 4362 2370 4414 Τ
2373 4361 2401 4414 ὸ
2431 4363 2558 4432 γὰρ,
2586 4365 2852 4432 Ἔμεινα,
2883 4363 3041 4418 τοῦτο
3073 4366 3240 4436 δηλοῖ.
3285 4368 3564 4436 Ἐποίησε
3583 4366 3651 4420 δὲ
3679 4369 3894 4425 ἁκὰνο

2193 4455 2321 4516 θας.
2367 4452 2469 4504 Τὸν
2489 4454 2735 4524 ἄκαρπον
2764 4453 2940 4508 αὐτῶν
2982 4453 3094 4524 βίον
3137 4456 3488 4522 ἐνδείκνυται,
3515 4457 3604 4510 τὸν
3633 4463 3890 4530 τραχὺν,

2191 4539 2284 4592 τὸν
2322 4539 2576 4610 σκληρόν.
2627 4542 2781 4606 Τίνος
2805 4538 2899 4596 οὖν
2937 4543 3002 4597 ἃν
3044 4541 3152 4598 εἷεν
3194 4545 3524 4619 συγγνώμης
3555 4545 3696 4612 ἄξιοι
3727 4554 3896 4620 μετά

2191 4626 2461 4699 τοσαύτην
2479 4630 2804 4700 ,ἐπιμέλειαν
2834 4632 3055 4696 τούτους
3074 4635 3363 4699 ἀποδόντες
3387 4635 3465 4706 τῷ
3486 4637 3715 4706 γεωργῷ
3742 4643 3897 4706 τοὺς

2191 4716 2472 4787 καρπούς;
2507 4719 2617 4771 Καὶ
2645 4719 2782 4784 νῦν,
2803 4719 3111 4790 ἄνθρωπος
3138 4723 3243 4776 τοῦ
3288 4724 3483 4777 Ἰούδα
3512 4725 3606 4777 καί
3638 4726 3693 4776 οἱ
3723 4742 3899 4783 κατ-

2189 4803 2499 4872 οικοῦντες
2553 4806 2941 4884 Ἰερουσαλὴμ
2964 4848 2979 4874 ,
3029 4811 3271 4877 κρίνατε
3313 4811 3384 4864 ἐν
3426 4811 3554 4880 ἐμοὶ
3593 4811 3695 4864 καὶ
3751 4817 3908 4872 ἀνὰ

2185 4893 2382 4960 μέσον
2428 4892 2536 4946 τοῦ
2571 4894 2924 4962 ἀμπελῶνός
2959 4913 3098 4964 μου.
3133 4897 3310 4968 Πολλὴ
3339 4900 3444 4952 τῶν
3479 4899 3898 4970 δικαιωμάτων

2188 4981 2221 5049 ἡ
2261 4980 2570 5050 περιουσία,
2621 4981 2749 5034 ὅταν
2798 4983 2997 5047 αὐτοὺς
3045 4985 3174 5048 τοὺς
3214 4986 3547 5051 ὑπευθύνους
3599 4986 3899 5060 δικαστὰς

2188 5067 2388 5140 καθίζῃ
2411 5073 2522 5131 τοῖς
2552 5069 2642 5122 ὑπ’
2670 5070 2832 5124 αὑτοῦ
2868 5073 3284 5144 γεγενημένοις,
3313 5076 3408 5129 καὶ
3443 5077 3558 5138 τοῖς
3585 5076 3676 5128 ὑπ’
3716 5079 3901 5135 ὲκεί-

2187 5173 2312 5208 νων.
2349 5156 2457 5210 Καὶ
2478 5155 2613 5210 νῦν.
2643 5159 2716 5211 Οὺ
2751 5158 2894 5226 λέγω
2921 5160 2988 5212 τά
3019 5160 3240 5224 παλαιὰ,
3277 5164 3460 5232 φησὶν,
3489 5163 3622 5217 ἀλλά
3648 5166 3751 5218 καὶ
3780 5173 3903 5241 σή-

2191 5261 2355 5313 μερον
2385 5244 2597 5314 ἕτοιμός
2618 5247 2733 5315 εἰμι
2758 5246 3091 5312 δικάζεσθαι.
3117 5249 3302 5313 Οῦτως
3321 5251 3573 5304 οὐδέποτε
3596 5251 3903 5314 διαλείπω

2185 5332 2254 5384 τά
2287 5333 2523 5402 ἐμαυτοῦ
2567 5334 2791 5405 πληρῶν
2816 5377 2830 5400 ,
2860 5337 2981 5389 οὐδὲ
3024 5339 3182 5408 ὑμεῖς
3221 5341 3291 5390 τὰ
3325 5340 3535 5395 ἑαυτῶν
3563 5341 3900 5413 πληροῦτε.

2193 5420 2253 5472 Τί
2277 5420 2508 5486 ποιήσω
2535 5420 2619 5474 ἔτι
2649 5421 2729 5488 τῷ
2768 5423 3078 5491 ἀμπελῶνί
3093 5443 3211 5494 μου
3232 5429 3256 5466 Β
3281 5443 3298 5494 ;
3327 5426 3473 5480 διότι
3494 5428 3701 5496 ἔμεινα
3719 5474 3738 5494 ,
3773 5435 3905 5492 ἵνα

2186 5507 2411 5577 ποιήσῃ
2442 5510 2786 5578 σταφυλὴν,
2817 5512 3067 5579 ἐποίησε
3093 5513 3162 5567 δὲ
3186 5514 3473 5582 ἀκάνθας.
3515 5517 3577 5570 Ἡ
3615 5520 3904 5600 συνθήκη

2253 5647 2276 5674 e
2301 5633 2352 5680 In
2378 5636 2498 5695 Reg.
2525 5641 2579 5684 et
2617 5636 2765 5687 Savil.
2790 5638 2932 5686 τοῦτο
2956 5641 3116 5690 deest.

2219 5696 2584 5804 .dfeiﬁecuudum
2606 5698 2848 5749 Tilmanni
2865 5700 3322 5764 interpretationem
3344 5706 3511 5769 πύργοε
3540 5710 3906 5767 inserendum

2219 5770 2230 5804 ι
2325 5771 2397 5804 ur.

2184 5765 2731 5897 ‘Tdsegl‘;%3_§?fl_glltllut
2748 5829 2858 5897 po'gt
2878 5825 3262 5897 ἀμπελῶνί-’μορε
3285 5839 3443 5897 tuaque
3466 5830 3540 5897 _ad
3567 5831 3735 5890 ἐπειδή

2184 5881 2333 5990 ᾰῐκῖιν,
2357 5881 2697 5951 desiderantur
2719 5881 2770 5934 ixi
2801 5881 2924 5950 Reg;
2947 5895 3000 5936 et
3022 5881 3664 5953 Βανὶῐηδιθὀμὸιοτέλευτον,
3694 5881 3756 5945 ιιί
3805 5881 3904 5951 Ii;

2220 5957 2246 5991 ε
2273 5955 2347 6001 ur,
2371 5955 2564 5993 omtssa.
