4102 6306
360 372 422 428 5-;
1673 358 1739 415 IN
1781 357 2030 421 issisti,
2072 358 2225 415 cae.
2272 357 2329 417 ν.
3576 383 3643 437 δε

363 486 521 543 ruenti
548 496 805 538 sermone
824 490 1004 553 egeat.
1033 489 1087 535 et
1112 478 1291 533 animo
1311 492 1414 531 non
1436 474 1683 536 remisso,
1710 471 1801 527 sed
1824 487 1953 525 con-

360 582 539 639 citato.
567 594 626 633 se
656 586 997 631 cantaturum
1024 572 1179 627 nobis
1206 569 1481 641 promittit,
1510 574 1564 621 et
1586 564 1953 623 accusationes

359 671 619 729 canticum
663 678 849 721 vocat.
898 669 969 721 At
1008 681 1116 720 non
1159 665 1273 734 ipse
1300 662 1447 717 solus
1470 701 1486 726 ,
1516 658 1610 713 sed
1640 669 1689 713 et
1731 671 1954 726 magnus

363 764 447 819 ille
469 761 709 832 Moyses,
738 763 831 828 qui
862 767 987 812 tunc
1012 754 1332 825 triumphale
1368 751 1496 807 illud
1521 750 1784 805 canticum
1809 748 1954 803 ceci-

365 865 552 919 nerat;
599 853 728 907 dum
762 851 980 906 Judteos
1013 846 1382 919 reprehendit,
1418 846 1631 915 longum
1663 842 1791 897 illud
1822 856 1955 897 can-

366 948 526 1002 ticum
551 946 682 1000 fecit
704 942 1208 1014 reprehensionibus
1224 937 1653 1006 plenum,dicens
1678 955 1690 990 :
1719 934 1955 990 Haecine

364 1039 583 1094 Domino
604 1036 853 1091 redditis?
880 1033 983 1087 Hic
1008 1034 1225 1103 populus
1250 1031 1433 1085 stultus
1451 1038 1500 1083 et
1520 1028 1760 1098 insipiens
1776 1025 1951 1098 (Deut.

362 1134 452 1189 δε.
484 1131 600 1203 6);
632 1141 687 1185 et
714 1129 895 1183 multis
928 1125 1169 1180 collectis
1198 1122 1637 1181 accusationibus,
1674 1120 1787 1174 haec
1813 1120 1957 1188 ipsos

365 1239 563 1280 canere
592 1224 710 1292 lege
738 1218 1029 1291 praecepit;
1060 1226 1115 1271 et
1142 1231 1240 1271 nos
1263 1213 1528 1284 hodieque
1563 1221 1816 1268 canentes
1842 1214 1957 1264 haec

367 1317 613 1373 dicimus.

433 1409 700 1464 Caruicum
746 1422 838 1460 cur
883 1403 1258 1458 criminationes
1299 1400 1571 1455 contineat.
1596 1430 1665 1438 —
1692 1398 1801 1453 Cur
1829 1412 1957 1469 ergo

363 1500 771 1556 criminationes
792 1506 850 1551 ut
868 1496 1134 1551 canticum
1156 1493 1517 1548 concinnant?
1544 1491 1812 1560 Sapientia
1840 1505 1958 1544 cer-

366 1604 417 1647 te
446 1591 528 1646 usi
570 1589 876 1659 spirituali,
916 1597 972 1642 et
1008 1586 1233 1641 multum
1270 1585 1614 1639 emolumenti
1656 1582 1956 1637 auditorum

363 1684 557 1738 animis
584 1681 788 1737 inferre
810 1681 1073 1734 volentes.
1106 1677 1237 1744 Quia
1264 1678 1405 1732 enim
1434 1675 1564 1730 nihil
1591 1677 1669 1730 sic
1697 1675 1827 1730 utile
1853 1684 1955 1738 est,

368 1787 423 1829 ut
457 1774 736 1828 scelerum
768 1771 981 1827 assidue
1027 1769 1332 1835 recordari,
1382 1768 1619 1838 nihilque
1646 1768 1958 1822 memoriam

365 1870 435 1925 ita
476 1870 691 1923 ﬁrmam
736 1866 906 1936 parit,
938 1874 995 1920 ut
1024 1862 1251 1919 melodia
1274 1901 1292 1929 ,
1333 1877 1401 1917 ne
1429 1862 1499 1916 ob
1526 1861 1957 1917 eriminationum

369 1960 790 2031 magnitudinem
822 1957 1046 2012 taederet
1078 1971 1172 2011 eos
1191 1995 1206 2020 ,
1236 1964 1289 2010 et
1316 1954 1595 2008 assiduam
1617 1962 1959 2024 peccatorum

372 2054 685 2108 memoriam
715 2051 1167 2121 subterfugerent,
1194 2049 1381 2103 cantici
1408 2047 1767 2102 modulatione
1793 2046 1961 2115 pudo-

367 2161 473 2201 rem
498 2145 812 2214 subripiens
838 2158 905 2198 ex
934 2142 1191 2197 memoria
1221 2148 1427 2209 partum
1447 2178 1464 2201 ,
1492 2147 1544 2193 et
1571 2137 1959 2193 intolerabilem

368 2251 656 2293 mererem
704 2234 937 2299 leniens,
992 2232 1107 2287 haec
1148 2231 1354 2286 cantica
1403 2229 1567 2295 fecit,
1611 2237 1670 2284 ut
1715 2226 1959 2283 melodis:

368 2342 543 2381 amore
587 2325 768 2380 coacti
802 2323 873 2378 ad
922 2338 987 2378 ea
1014 2323 1319 2389 frequenter
1362 2319 1749 2391 pronuntianda
1772 2360 1787 2379 .
1819 2334 1963 2388 saepe

366 2420 575 2475 illorum
606 2417 1034 2474 recordarentur
1052 2458 1069 2483 ,
1097 2415 1414 2485 assidueque
1439 2414 1735 2468 doctrinam
1764 2412 1833 2467 de
1868 2427 1962 2467 co-

365 2512 515 2566 lenda
541 2512 755 2566 virtute
783 2510 1045 2564 haberent
1062 2550 1078 2574 ,
1109 2522 1301 2577 nempe
1328 2505 1594 2561 assiduam
1624 2514 1961 2575 peccatorum

366 2603 828 2657 recordationem.
877 2599 1035 2655 Scitis
1081 2598 1240 2669 igitur
1285 2597 1420 2651 alios
1463 2595 1751 2667 Scriptura:
1797 2596 1967 2650 libros

364 2695 541 2749 nmltis
583 2693 864 2763 hodieque
904 2705 977 2745 ne
1017 2689 1085 2745 de
1112 2689 1327 2744 nomine
1367 2687 1582 2759 quidem
1626 2696 1781 2741 notos
1808 2700 1963 2753 esse;

364 2787 704 2841 Psalmorum
736 2794 919 2838 autem
946 2796 1082 2852 opus
1119 2795 1306 2836 omnes
1346 2781 1397 2834 in
1428 2794 1522 2834 ore
1559 2778 1728 2843 ferre,
1767 2788 1822 2832 et
1852 2776 1966 2832 haec

364 2880 525 2933 etiam
549 2877 770 2932 cantica
794 2893 807 2929 :
834 2873 1019 2944 sicque
1040 2888 1105 2928 ex
1129 2873 1290 2928 rebus
1316 2872 1444 2941 ipsis
1464 2870 1781 2938 ostenditur,
1807 2886 1967 2939 quan-

361 2983 472 3026 tum
500 2987 571 3026 ex
600 2979 770 3025 cantu
796 2968 1005 3023 lucrum
1032 2966 1268 3021 accedat.
1310 2964 1513 3019 Idcirco
1541 2964 1655 3033 ipse
1683 2963 1759 3018 ait
1784 2980 1797 3015 :
1824 2961 1964 3017 Can-

361 3065 478 3117 tabo
504 3061 695 3115 dilecto
727 3076 842 3114 meo
871 3059 1124 3112 canticum
1151 3057 1317 3111 dilecti
1346 3057 1445 3108 mei
1469 3056 1625 3109 vineta
1661 3070 1804 3109 mete.
1833 3052 1968 3108 Can-

360 3157 521 3209 ticum
548 3154 739 3207 dilecto
760 3193 774 3217 ,
802 3151 911 3214 ait,
945 3152 1101 3203 vincte
1121 3163 1140 3201 :
1169 3146 1395 3202 cantabo
1422 3147 1564 3200 circa
1608 3146 1779 3215 ipsum
1824 3143 1965 3198 dile-

364 3260 536 3305 ctum.
578 3249 651 3304 Et
679 3248 784 3319 ipsi
824 3255 1007 3312 canto,
1053 3244 1240 3314 inquit,
1278 3252 1333 3298 et
1359 3252 1729 3313 argumentum
1776 3240 1968 3296 cantici

368 3344 520 3397 circa
549 3342 698 3395 illum
727 3349 781 3395 et
808 3354 901 3394 res
926 3338 995 3393 ad
1031 3352 1156 3392 eum
1199 3345 1499 3406 spectantes
1524 3344 1783 3389 versatur.
1815 3332 1967 3400 Quod

375 3435 429 3488 si
459 3433 830 3501 obiurgatnrus
852 3439 909 3484 et
941 3427 1195 3484 dilectum
1219 3437 1374 3482 vocat
1400 3436 1457 3481 et
1483 3434 1739 3490 amatum,
1769 3441 1837 3478 ne
1863 3425 1967 3478 mi-

377 3524 544 3580 reris.
594 3522 724 3577 Nam
767 3532 820 3577 et
864 3521 970 3577 hoc
1015 3534 1265 3589 magnum
1309 3529 1392 3573 est
1431 3518 1499 3572 ad
1541 3516 1965 3571 criminationem

376 3617 671 3680 viaticum,
714 3614 850 3678 quod
895 3613 1103 3667 scilicet
1147 3625 1267 3665 cum
1310 3609 1677 3679 diligerentur,
1724 3618 1779 3662 et
1820 3616 1967 3662 tanta

375 3712 690 3764 fruerentur
719 3706 808 3761 Dei
834 3703 1234 3768 benevolentia,
1260 3716 1433 3772 neque
1460 3701 1538 3755 sic
1565 3702 1814 3755 meliores
1842 3699 1968 3755 elle-

374 3800 453 3854 cti
485 3799 613 3853 sint.
663 3796 775 3852 [loc
806 3806 862 3852 et
890 3796 1029 3850 alius
1068 3794 1329 3865 propheta
1354 3792 1696 3847 subiudicans
1716 3790 1923 3846 dicebat
1949 3808 1963 3843 :

372 3893 541 3959 Quasi
567 3908 718 3946 uvam
758 3892 811 3943 in
850 3889 1047 3943 deserto
1073 3887 1240 3941 inveni
1273 3885 1441 3940 Israel
1464 3926 1479 3951 ,
1505 3885 1652 3956 quasi
1679 3899 1888 3953 scopum
1915 3886 1968 3937 in

372 3986 478 4054 ﬁcu
521 3981 600 4056 (α)
643 3997 925 4052 pracocem
968 3980 1070 4035 vidi
1113 3990 1281 4050 patres
1324 3994 1496 4032 eorum
1535 3976 1702 4047 (Osee
1734 3976 1787 4031 9.
1822 3975 1966 4046 10):

370 4080 640 4149 optabiles
669 4076 799 4132 illos
838 4073 1201 4143 amabilesque
1242 4086 1361 4127 esse
1389 4085 1486 4140 per
1514 4070 1615 4125 hos
1656 4068 1860 4124 lructus
1890 4069 1971 4123 in-

372 4170 559 4226 dicans
588 4188 602 4225 :
632 4168 902 4240 optabiles
920 4207 937 4232 ,
968 4166 1184 4236 inquam
1206 4206 1220 4231 ,
1252 4162 1613 4232 amabilesque
1638 4176 1744 4216 non
1782 4176 1848 4215 ex
1873 4174 1969 4215 sua

373 4264 607 4329 virtute,
654 4259 757 4317 sed
796 4273 867 4316 ex
905 4257 1001 4312 Dei
1044 4256 1388 4325 benignitate.
1420 4252 1573 4321 Quod
1600 4262 1775 4307 autem
1820 4252 1967 4318 dicit,

376 4354 687 4426 huiusmodi
715 4361 801 4409 est
832 4371 848 4406 :
880 4351 999 4423 Ego
1023 4350 1097 4405 ita
1126 4349 1307 4413 dilexi,
1335 4355 1395 4402 ut
1417 4348 1462 4402 si
1491 4347 1610 4417 quis
1638 4361 1793 4401 uvam
1824 4346 1972 4400 inve-

376 4447 516 4502 nerit
542 4447 601 4502 in
626 4446 872 4508 deserto,
898 4452 990 4498 aut
1016 4442 1061 4497 si
1089 4441 1210 4512 quis
1233 4454 1453 4509 scopum
1479 4439 1738 4508 repererit
1764 4440 1818 4494 in
1845 4438 1967 4492 ficu.

375 4541 595 4598 Etiamsi
624 4539 781 4596 enim
807 4535 923 4591 haec
949 4534 1193 4604 exempla
1228 4532 1441 4601 indigna
1468 4529 1577 4585 sint
1607 4530 1735 4595 Deo,
1765 4540 1818 4584 at
1849 4529 1970 4583 illo-

373 4650 487 4689 rum
514 4629 779 4703 ingluviei
820 4634 1181 4683 consentanea
1207 4632 1352 4678 sunt.
1380 4620 1408 4675 1
1417 4622 1491 4690 psi
1518 4637 1646 4676 vero
1664 4662 1680 4686 ,
1710 4621 1819 4685 ait,
1847 4636 1969 4675 cum

373 4733 514 4780 tanta
538 4720 844 4779 dilectione
866 4716 1194 4779 fruerentur,
1217 4713 1490 4768 abalienati
1509 4723 1643 4776 sunt,
1666 4714 1972 4782 ingressique

374 4826 485 4871 satu
507 4816 581 4869 ad
608 4810 951 4883 Beelphegor.
980 4808 1070 4864 Sic
1095 4822 1224 4862 sane
1249 4806 1396 4861 illum
1425 4805 1512 4860 hic
1541 4813 1695 4859 vocat
1717 4804 1983 4881 dilectum

374 4922 425 4966 et
460 4917 711 4965 amatum
741 4944 760 4972 ,
800 4901 1094 4959 ostendens
1130 4900 1296 4954 Deum
1340 4898 1520 4954 omnia
1561 4912 1680 4966 qua:
1720 4911 1749 4949 a
1794 4896 1971 4964 seipse

372 5008 516 5056 erant
540 4996 895 5059 exhibuisse,
923 5008 1033 5048 non
1062 4990 1206 5062 quod
1244 4990 1346 5060 ipsi
1387 4989 1645 5058 coeperint
1665 5027 1681 5054 ,
1710 4988 1803 5042 sed
1830 4986 1968 5056 quod

379 5094 507 5151 Dens
538 5093 697 5165 prior
720 5089 939 5143 amarit.
975 5084 1054 5141 llli
1077 5099 1207 5140 vero
1229 5098 1402 5154 neque
1431 5092 1614 5152 postea
1640 5081 1827 5151 dignos
1850 5096 1972 5135 sese

377 5186 633 5243 beneﬁcio
660 5181 1069 5243 exbibueruut;
1108 5178 1205 5232 sed
1230 5190 1395 5247 Opere
1433 5175 1549 5244 ipso
1590 5175 1767 5227 omnia
1813 5173 1968 5227 exhi-

380 5278 528 5334 buere
572 5274 875 5333 contraria.
920 5268 1085 5324 Vinea
1125 5268 1263 5338 facta
1311 5275 1381 5321 est
1437 5265 1652 5328 dilecto,
1683 5265 1737 5316 in
1775 5280 1967 5327 cornu,

381 5370 426 5423 in
463 5371 573 5427 loco
615 5368 819 5441 pingui.
870 5364 1061 5419 Vineae
1110 5359 1329 5416 nomine
1362 5373 1576 5413 omnem
1620 5357 1972 5412 subindicavit

430 5506 495 5567 (α)
520 5505 579 5558 In
599 5513 783 5563 Greco,
809 5516 860 5560 ὥς
882 5510 1027 5551 ποτὸν
1052 5509 1091 5546 ιν
1109 5510 1217 5556 συκῇ-
1254 5499 1431 5563 Sensus
1474 5498 1569 5549 est,
1595 5490 1735 5565 quasi
1756 5489 1974 5602 chcula.

430 5568 567 5602 ιιι-ιε.
586 5567 677 5602 s”.
715 5575 833 5602 κεπτ.
857 5575 997 5602 ...ιιι
1026 5558 1179 5602 mulo
1194 5562 1309 5602 ante
1328 5568 1377 5602 In
1403 5555 1577 5602 eodem
1592 5563 1751 5602 camte
1814 5562 1968 5602 (tseat.

378 5555 507 5633 ωίεέι
520 5555 695 5633 θέρευς
714 5555 1309 5633 mammam
1328 5556 1377 5633 te
1403 5555 1796 5633 eaeaeae?
1814 5562 1968 5633 se.

380 5614 421 5675 i’.’
944 5614 1067 5694 ’t'ti'e
1090 5626 1259 5694 autem
1292 5629 1437 5694 versu
1462 5616 1519 5664 lO
1542 5614 1748 5678 Vulgata
1772 5616 1919 5694 habet
1955 5629 1968 5663 :

377 5678 498 5749 σε...
527 5678 885 5754 vet-sapam
930 5682 1189 5754 iam
1232 5678 1291 5754 ιιι
1330 5682 1540 5754 item
1582 5691 1744 5748 39w"!
1790 5678 1972 5754 ‘ee‘t-‘I"

590 5736 757 5822 ἓ)ζωὶ
770 5736 979 5818 inme;
1002 5745 1204 5810 fructus
1225 5736 1462 5804 βεαιηεω,
1497 5740 1632 5803 «tum
1655 5740 1970 5804 ρνίηιυσιττιίτα

421 5832 445 5867 ll
562 5861 575 5873 .

2062 475 2440 544 providentiam
2468 520 2483 545 ,
2520 496 2777 553 suamque
2816 482 2953 537 circa
2995 481 3112 536 illos
3148 482 3579 544 sollicitudinem.

2129 570 2184 623 2.
2225 571 2406 641 Neque
2432 574 2518 628 hic
2543 574 2763 642 gradum
2794 576 2966 642 sistit,
2998 578 3090 632 sed
3119 580 3218 633 alia
3248 582 3406 635 etiam
3438 584 3643 636 henvll-

2057 662 2137 716 cia
2166 675 2446 719 enumerat
2473 682 2485 717 :
2516 667 2794 735 primoque
2831 668 2879 722 id
2907 680 3122 738 prarstat
3152 686 3182 725 a
3213 671 3315 727 situ
3346 675 3443 729 loci
3468 692 3483 740 ;
3518 676 3643 731 illud

2058 755 2200 808 enim
2222 795 2240 823 ,
2268 753 2335 809 In
2364 773 2522 810 cornu
2540 798 2556 821 ,
2597 758 2649 811 in
2678 759 2789 813 loco
2812 760 3020 831 pingui,
3054 772 3161 816 tum
3193 775 3436 819 naturam
3463 778 3641 826 terrae,

2061 854 2173 900 tum
2202 849 2364 901 situm
2391 848 2619 904 laudans
2645 851 2774 905 dicit
2803 871 2815 907 :
2846 852 2897 908 id
2926 854 3067 924 quod
3096 865 3149 909 et
3177 856 3339 911 David
3372 860 3645 929 psalleudo

2059 936 2193 991 dixit
2219 938 2287 992 de
2311 938 2606 996 Jerusalem
2635 959 2649 995 :
2682 941 2880 998 Montes
2902 944 2957 998 in
2986 946 3197 999 circuitu
3230 949 3358 1018 ejus,
3392 961 3436 1003 et
3463 949 3643 1005 Domi-

2060 1044 2155 1082 nus
2181 1030 2232 1082 in
2260 1030 2476 1084 circuitu
2508 1034 2683 1102 populi
2706 1034 2784 1088 sui
2813 1033 2981 1105 (Psal.
3010 1035 3127 1090 124.
3154 1038 3235 1107 2).
3266 1038 3504 1110 Namque
3533 1043 3648 1094 cin-

2060 1123 2136 1174 xit
2160 1136 2275 1175 eam
2296 1160 2312 1189 ,
2349 1122 2550 1191 inquit,
2578 1126 2659 1179 vel
2687 1142 2753 1179 ex
2794 1126 2895 1179 situ
2928 1128 3027 1182 loci
3059 1145 3072 1181 :
3105 1139 3356 1185 eteterutn
3390 1134 3489 1187 hoc
3512 1148 3646 1187 con-

2062 1224 2237 1269 tentus
2262 1231 2368 1269 non
2398 1215 2527 1283 fuit,
2561 1217 2653 1271 sed
2695 1220 2957 1274 maximus
2983 1221 3094 1291 ipse
3132 1236 3316 1277 murus
3359 1223 3434 1277 illi
3478 1225 3646 1280 factus

2060 1320 2143 1363 est
2171 1326 2184 1362 :
2212 1310 2353 1379 quod
2386 1310 2472 1366 hic
2514 1312 2813 1367 subindicat
2840 1313 3024 1368 dicens
3048 1355 3062 1379 ,
3096 1312 3161 1367 In
3204 1332 3359 1368 cornu
3383 1357 3396 1376 .
3425 1317 3646 1388 inexpu-

2058 1402 2327 1470 gnabilem
2356 1418 2548 1472 nempe
2572 1419 2692 1459 esse
2716 1405 2888 1459 locum
2916 1422 2931 1471 ;
2963 1415 3017 1459 at
3040 1406 3181 1476 quod
3207 1407 3377 1477 majus
3408 1418 3521 1474 est,
3554 1409 3644 1463 Dei

2060 1493 2355 1548 subsidium
2381 1495 2615 1549 declarat
2652 1510 2718 1550 ex
2760 1496 3065 1566 metaphora
3108 1496 3286 1552 bovini
3315 1514 3501 1553 cornu.
3548 1499 3644 1553 Et-

2060 1587 2203 1639 enim
2233 1587 2336 1640 tale
2362 1584 2605 1658 adagium
2636 1587 2686 1640 in
2714 1587 2900 1657 vulgus
2924 1589 3052 1642 exiit
3089 1588 3156 1642 de
3185 1590 3251 1643 iis
3274 1590 3361 1658 qui
3393 1591 3444 1643 in
3476 1598 3646 1644 tutum

2061 1676 2292 1746 aliquem
2318 1676 2490 1731 locum
2516 1676 2844 1747 confugiunt.
2870 1679 3001 1744 Quia
3028 1680 3172 1734 enim
3195 1682 3431 1735 omnium
3469 1680 3648 1736 fortis-

2063 1768 2230 1823 simus
2259 1778 2343 1823 est
2374 1779 2556 1823 taurus
2574 1811 2590 1835 ,
2618 1770 2757 1840 quod
2790 1786 2916 1851 τετε)
2943 1771 3130 1826 fortius
3158 1773 3207 1826 iu
3235 1788 3320 1839 eo,
3348 1782 3429 1827 est
3454 1790 3644 1839 cornu,

2061 1874 2169 1928 quo
2190 1873 2289 1913 ceu
2312 1861 2475 1914 armis
2502 1861 2685 1927 utitur,
2709 1862 2830 1931 quia
2852 1874 3008 1933 captu
3031 1863 3249 1921 difﬁcile
3271 1876 3374 1930 est,
3399 1866 3449 1920 id
3474 1868 3649 1921 solent

2064 1950 2216 2004 multi
2244 1949 2426 2007 dicere
2454 1968 2469 2005 :
2503 1967 2566 2006 ac
2594 1951 2863 2023 Scriptura
2895 1970 3037 2024 saepe
3066 1969 3233 2009 cornu
3261 1957 3531 2011 unicornis
3556 1972 3648 2011 vo-

2062 2049 2153 2095 cat
2176 2056 2271 2097 eos
2293 2082 2308 2106 ,
2348 2042 2439 2113 qui
2470 2043 2524 2097 in
2567 2052 2678 2098 tuto
2708 2044 2863 2114 positi
2890 2056 3034 2099 sunt.
3083 2045 3147 2099 In
3174 2064 3330 2103 cornu
3361 2049 3533 2119 itaque
3565 2038 3651 2103 hic

2064 2131 2214 2195 dicit,
2245 2133 2403 2202 quasi
2430 2134 2482 2188 in
2510 2143 2644 2199 tuto,
2670 2133 2721 2188 in
2752 2136 2861 2189 alto
2890 2136 3008 2191 loco
3038 2155 3051 2191 :
3079 2137 3130 2191 id
3161 2140 3299 2208 quod
3329 2140 3478 2194 initio
3505 2140 3650 2194 dice-

2048 2221 2155 2301 ⁸Ιηιι
2177 2239 2191 2276 :
2213 2221 2377 2278 Filios
2399 2226 2550 2294 genui
2571 2236 2617 2280 et
2637 2227 2853 2280 exaltnvi
2873 2226 3021 2295 (Isai.
3046 2230 3097 2283 Ι.
3116 2227 3193 2287 2‘).
3219 2229 3284 2283 In
3307 2232 3416 2285 loco
3437 2233 3649 2302 pingui:

2064 2314 2207 2383 quod
2250 2314 2463 2386 Moyses
2506 2316 2718 2371 dicebat
2757 2334 2771 2371 :
2811 2318 3019 2373 Terram
3062 2321 3299 2389 fluentem
3341 2323 3422 2375 lac
3460 2333 3511 2377 et
3552 2324 3650 2377 mel

2068 2407 2261 2480 (Exod.
2281 2409 2334 2464 3.
2354 2410 2431 2479 8).
2456 2409 2510 2463 2.
2539 2411 2599 2463 Et
2621 2428 2788 2480 sepem
2809 2413 3168 2481 circumposui,
3187 2426 3233 2467 et
3254 2416 3648 2470 circumvallavi.

2067 2500 2255 2572 Sepem
2279 2512 2371 2556 aut
2394 2518 2600 2557 murum
2626 2503 2774 2568 dicit,
2807 2514 2897 2557 aut
2923 2504 3112 2574 legem,
3143 2513 3236 2559 aut
3265 2506 3650 2576 providentiam

2069 2611 2242 2651 suam.
2275 2596 2486 2651 Etenim
2527 2598 2610 2651 lex
2655 2599 2819 2652 tutius
2858 2614 3015 2667 quam
3047 2615 3230 2653 murus
3268 2599 3386 2653 illos
3416 2602 3650 2655 circum-

2047 2689 2329 2769 .cingebat.
2361 2687 2431 2742 Et
2468 2690 2886 2755 circuntvallavi;
2931 2700 3095 2744 tutam
3137 2692 3289 2762 posui
3332 2693 3649 2749 custodiam.

2068 2782 2200 2849 Quia
2222 2782 2364 2836 enim
2386 2798 2541 2853 scpes
2561 2784 2699 2838 solet
2723 2798 2843 2838 esse
2864 2794 3112 2854 superatu
3142 2786 3328 2850 facilis,
3357 2787 3495 2840 aliud
3525 2787 3653 2855 ipsis

2070 2873 2373 2943 praesidium
2408 2876 2782 2946 circumposui.
2816 2874 2883 2928 Et
2909 2877 3132 2944 plantavi
3160 2878 3353 2931 vineam
3386 2879 3560 2932 Sorcc.
3595 2877 3650 2932 lu

2069 2967 2382 3037 metaphora
2414 2967 2683 3037 persistit,
2716 2982 2834 3037 qua:
2878 2982 2983 3022 non
3013 2978 3094 3023 est
3136 2968 3201 3022 ad
3245 2969 3451 3023 literam
3480 2970 3651 3040 expli-

2069 3058 2259 3124 canda,
2288 3057 2382 3112 sed
2407 3074 2528 3113 cum
2559 3074 2781 3128 sc0pum
2810 3060 3098 3128 attigimus.
3130 3058 3233 3114 hoc
3258 3062 3385 3114 satis
3411 3077 3529 3115 esse
3555 3062 3653 3115 de-

2071 3149 2181 3204 bet.
2209 3148 2374 3205 Sorcc
2402 3160 2579 3204 autem
2626 3150 2713 3204 hic
2755 3150 3050 3220 significat,
3075 3166 3255 3206 veram
3275 3193 3291 3216 ,
3316 3166 3652 3222 generosam,

2072 3258 2179 3298 non
2202 3242 2354 3296 malis
2370 3258 2468 3297 nec
2489 3242 2751 3297 inferioris
2770 3252 2906 3297 nota:
2928 3242 3301 3313 propaginibus
3321 3243 3653 3309 instructam,

2069 3333 2165 3389 sed
2204 3334 2437 3403 probatis
2472 3343 2525 3388 et
2562 3334 2861 3404 prmcipuis.
2898 3333 3059 3389 Multa
3086 3350 3315 3405 namque
3343 3336 3529 3391 vitium
3558 3351 3655 3406 ge-

2071 3444 2197 3484 nera
2226 3436 2371 3482 sunt.
2418 3426 2487 3481 Et
2527 3427 2773 3496 (edi/icavi
2816 3429 3034 3493 turrim,
3075 3437 3123 3481 et
3164 3429 3383 3482 torcular
3409 3429 3462 3481 in
3491 3430 3656 3481 medio

2070 3523 2198 3594 ejus.
2231 3520 2454 3589 Quidam
2485 3520 2672 3575 turrim
2714 3518 3129 3587 interpretantur
3161 3518 3433 3590 templum,
3467 3528 3519 3573 et
3551 3531 3657 3574 tur-

2070 3617 2220 3672 cular
2244 3617 2413 3670 altare
2438 3633 2450 3667 :
2483 3614 2605 3684 quia
2638 3614 2743 3667 illic
2773 3613 2980 3667 fructus
3011 3611 3220 3666 virtutis
3245 3620 3501 3682 cujusque
3529 3628 3659 3667 con-

2071 3709 2447 3779 gregabantur,
2474 3721 2679 3761 necnon
2702 3705 2997 3759 oblationes
3018 3715 3073 3759 et
3099 3706 3285 3759 hostia:
3309 3720 3494 3760 omnes
3519 3724 3531 3759 :
3556 3721 3657 3776 ego
3728 3689 3734 3700 ’

2073 3798 2420 3869 utique,quod
2447 3798 2625 3852 dicere
2649 3811 2940 3866 coeperam,
2971 3808 3111 3852 nunc
3139 3794 3297 3850 etiam
3320 3798 3513 3861 dicam,
3538 3798 3654 3851 aui-

2073 3906 2218 3945 mum
2249 3905 2441 3959 nempe
2468 3888 2794 3959 metaphora:
2816 3902 2980 3957 scOpo
3004 3886 3362 3943 adhibendum
3390 3901 3529 3943 esse.
3555 3887 3656 3943 Per

2073 3985 2190 4040 haec
2213 3984 2355 4039 enim
2378 3984 2554 4039 omnia
2578 3983 2679 4038 hoc
2700 3982 3002 4053 significare
3026 3982 3140 4035 vult
3168 3998 3180 4034 :
3209 3979 3338 4047 Qu:e
3364 3995 3482 4035 mea
3504 3991 3658 4035 erant

2073 4079 2290 4149 implevi
2317 4078 2517 4141 omnia,
2549 4091 2761 4131 omnem
2788 4073 3007 4131 exhibui
3031 4072 3380 4143 diligentiam.
3424 4072 3539 4127 Non
3570 4082 3657 4128 at-

2074 4174 2193 4230 trivi
2224 4169 2492 4226 laboribus
2512 4211 2529 4235 ,
2560 4184 2665 4223 non
2697 4166 2829 4237 fregi
2857 4164 3141 4219 sudoribus
3161 4205 3177 4231 ,
3208 4179 3314 4218 non
3350 4164 3496 4234 ipsos
3520 4163 3655 4233 jussi

2073 4264 2373 4329 aedificare,
2413 4276 2519 4315 non
2551 4258 2765 4323 fodere,
2809 4272 2913 4312 non
2940 4257 3203 4327 plantare,
3232 4253 3326 4309 sed
3356 4254 3654 4310 absolutum

2074 4356 2201 4427 ipsis
2229 4369 2363 4425 opus
2390 4351 2601 4406 tradidi.
2640 4349 2823 4419 Neque
2848 4348 2951 4401 huc
2975 4346 3109 4401 desii
3136 4346 3513 4415 benignitatem
3556 4362 3657 4399 ex—

2074 4452 2288 4517 hibere,
2317 4448 2410 4504 sed
2435 4447 2734 4516 Exspectavi
2763 4453 2815 4496 ut
2847 4448 3034 4514 faceret
3058 4457 3240 4505 uvam,
3272 4450 3325 4495 et
3353 4442 3657 4510 exstnectavi

2073 4555 2284 4615 tempus
2324 4549 2679 4611 Opportunum
2724 4545 2785 4591 ut
2828 4535 3052 4588 fructum
3099 4533 3294 4597 ferret,
3329 4534 3490 4586 multa
3530 4548 3657 4584 usus

2073 4634 2326 4706 patientia
2360 4645 2372 4685 :
2406 4629 2533 4685 illud
2564 4628 2705 4682 enim
2726 4667 2741 4692 ,
2765 4624 3096 4695 Exspeclavi,
3128 4625 3178 4679 id
3209 4624 3487 4694 signiﬁcat.
3518 4622 3659 4675 Fecit

2074 4740 2240 4782 autem
2282 4728 2476 4795 spinas.
2520 4721 2907 4776 lufructuosam
2950 4719 3161 4772 illorum
3200 4720 3361 4770 vitam
3402 4716 3653 4780 ostendit,

2074 4835 2342 4890 asperam,
2371 4818 2579 4871 duram.
2606 4814 2717 4881 Qua
2748 4826 2878 4881 ergo
2908 4812 3062 4865 venia
3088 4810 3229 4879 digni
3258 4810 3451 4865 fuerint
3479 4808 3534 4875 ii,
3566 4810 3655 4877 qui

2075 4921 2195 4982 post
2222 4919 2422 4964 tantam
2451 4906 2693 4976 agricolae
2738 4920 2940 4969 curam,
2979 4903 3112 4956 tales
3154 4905 3355 4955 lructus
3390 4902 3486 4971 ipsi
3532 4902 3654 4953 red-

2074 5004 2245 5058 dttnt?
2276 5003 2330 5056 '5.
2357 5001 2421 5054 Et
2452 5016 2603 5064 nunc,
2633 4998 2778 5051 homo
2799 4995 2940 5049 Juda
2968 5005 3013 5047 et
3042 4995 3324 5047 habitantes
3347 4992 3653 5057 Jerusalem,

2067 5097 2295 5168 judicate
2322 5094 2452 5145 inter
2479 5108 2557 5144 me
2584 5100 2627 5143 et
2657 5088 2852 5142 vineam
2887 5103 3067 5139 meant.
3099 5086 3283 5151 Magna
3318 5083 3452 5153 juris
3478 5084 3654 5150 copia,

2073 5204 2196 5242 cum
2223 5187 2366 5255 ipsos
2392 5199 2513 5237 reos
2555 5181 2830 5235 constituit
2865 5179 3072 5247 judices
3108 5178 3245 5231 inter
3281 5192 3342 5229 ea
3374 5191 3491 5244 qua:
3520 5176 3652 5244 ipse,

2074 5289 2130 5334 et
2155 5282 2289 5332 inter
2313 5294 2372 5331 ea
2402 5290 2521 5345 quae
2566 5274 2638 5328 illi
2683 5274 2938 5328 fecerunt.
2983 5268 3051 5322 Et
3091 5286 3239 5321 nunc.
3269 5267 3385 5321 Non
3416 5283 3651 5321 comme-

2076 5391 2227 5431 moro
2255 5384 2456 5437 vetera,
2487 5372 2685 5441 inquit,
2716 5369 2809 5425 sed
2838 5369 2993 5422 hodie
3026 5376 3236 5436 paratus
3260 5378 3375 5417 sum
3398 5362 3653 5431 judicium

2075 5471 2274 5525 subire.
2307 5468 2395 5522 Sic
2433 5482 2716 5533 numquam
2744 5478 2897 5517 cesso
2933 5463 3154 5529 implere
3185 5472 3322 5518 mea,
3362 5472 3455 5509 vos
3481 5464 3652 5507 vestra

2076 5578 2181 5617 non
2222 5559 2472 5629 impletis.
2514 5557 2566 5610 4.
2615 5555 2748 5622 Quid
2778 5556 2965 5624 factum
3004 5550 3223 5617 amplius
3266 5549 3422 5601 tinea:
3450 5546 3654 5599 mea”?

2150 5682 2167 5712 ί
2196 5681 2312 5737 Quae
2335 5686 2614 5740 sequuntur
2638 5684 2741 5737 post
2769 5679 2869 5740 haec
2895 5674 3059 5740 verba,
3086 5671 3212 5740 Quid
3237 5669 3654 5740 faciamamplius

2089 5734 2239 5791 vincat
2265 5734 2590 5800 mea'I’usque
2627 5734 2700 5787 ad.
2733 5739 2855 5793 Quid
2890 5734 3160 5798 victoriam,
3185 5735 3311 5784 bene
3342 5738 3492 5785 multa
3516 5741 3654 5782 certe

2091 5802 2431 5855 desider..ntur
2468 5803 2514 5852 in
2545 5805 2661 5863 lli-3.
2694 5810 2741 5849 ct
2768 5804 2914 5848 Satil.
