4102 6306
560 363 626 433 to
1188 368 1195 375 '
1251 374 1340 429 's.
1380 367 1655 428 J’OANNIS
1692 358 2162 423 CIIRYSOSTOMI
2202 356 2519 412 AllClllEP.
2558 353 3093 411 coasrsurmor.
3757 353 3819 409 eo

556 499 800 568 quoniam
821 494 1096 565 exspectavi
1122 496 1175 547 ut
1200 488 1383 564 faCer'et
1407 498 1575 556 uvam,
1605 490 1722 561 fecit
1745 498 1912 541 autem
1939 482 2133 554 spinas.

561 589 828 645 Orationis
857 599 1122 642 structura
1153 586 1365 639 videtur
1386 596 1507 637 esse
1541 580 1816 634 Obscurior
1846 598 1861 633 :
1892 577 2139 647 quocirca

559 697 785 737 necesse
811 689 893 735 est
923 680 1065 733 illam
1090 676 1458 731 dilucidiorem
1488 672 1791 727 reddamus.
1818 669 1968 737 Quod
1990 668 2138 732 dicit,

561 777 662 827 Itoc
699 772 798 826 sibi
829 770 941 825 vult
973 788 986 824 :
1015 768 1151 836 Quid
1178 765 1472 837 Oportebat
1515 765 1706 827 facere,
1752 770 1808 818 et
1847 776 1953 815 non
1996 759 2142 813 feci?

556 865 819 921 Nimirum
842 904 855 928 ,
888 871 946 915 ut
974 862 1097 914 talia
1139 868 1353 929 peccata
1383 856 1745 911 admitterent.
1788 852 1927 922 Quid
1961 861 2141 905 autem

561 958 795 1026 oltjieere
825 952 1091 1024 possunt?
1119 950 1357 1021 an'quod
1387 947 1703 1019 quibusdam
1745 943 2139 1016 praetermissis,

559 1050 658 1118 ipsi
687 1049 768 1102 sic
795 1045 1117 1115 deliquerint
1135 1043 1325 1110 ?‘Quid
1355 1042 1539 1112 faciant
1571 1040 1704 1093 ultra
1728 1038 1885 1091 viuere
1912 1051 2067 1101 mete,
2097 1044 2143 1088 et

559 1159 660 1197 non
702 1142 798 1211 feci
826 1139 923 1208 ipsi
941 1138 971 1191 ‘?
1015 1136 1145 1203 Quae
1182 1134 1314 1200 feci,
1358 1133 1529 1203 inqitit
1551 1173 1566 1196 ,
1616 1130 1730 1185 lucc
1757 1137 1881 1183 sunt
1912 1147 1924 1182 :
1960 1141 2142 1182 verum

553 1238 664 1303 jam
686 1234 848 1287 ’factis
883 1247 988 1285 non
1014 1238 1299 1284 contentus
1328 1234 1471 1293 “sum,
1514 1241 1686 1296 neque
1724 1224 1845 1278 dico
1868 1238 1955 1276 me
1981 1222 2143 1275 multa

558 1326 814 1381 beneficia
861 1323 1155 1377 contulisse
1189 1334 1213 1376 ‘:
1259 1321 1353 1374 sed
1392 1321 1436 1373 si
1482 1317 1807 1372 nonomnia
1849 1316 1982 1380 feci,
2025 1323 2146 1383 post

556 1432 677 1485 «iure
720 1414 851 1469 nihil
886 1414 1189 1468 faciendum
1233 1410 1670 1481 relinquebatur,
1705 1408 1758 1462 id
1796 1422 1926 1477 rogo
1955 1406 2145 1461 dicatis

558 1507 724 1573 mihi,
764 1523 862 1561 vos
904 1508 995 1576 qui
1035 1506 1149 1560 lucc
1190 1504 1541 1573 consequuti,
1582 1512 1633 1558 et
1676 1509 1947 1571 gestorum
1978 1507 2145 1554 testes

559 1603 711 1666 estis,
754 1617 821 1656 ex
860 1599 1188 1668 experientia
1230 1601 1342 1651 hate
1380 1596 1663 1662 didicistis,
1704 1610 1811 1649 non
1850 1593 2052 1648 alienos
2092 1600 2147 1646 et

560 1694 872 1764 peregrinos
896 1694 1185 1761 interrogo.
1215 1693 1268 1743 5.
1297 1690 1446 1743 Nunc
1469 1698 1635 1741 autem
1654 1685 1963 1740 annuntiabo
1986 1682 2144 1749 vobis,

562 1784 684 1853 quid
722 1785 908 1855 faciant
952 1785 1106 1836 vincte
1146 1798 1289 1836 meae.
1336 1780 1470 1848 Quia
1514 1779 1791 1833 victoriam
1833 1775 2144 1847 reportavit,

559 1877 936 1946 ingratumque
958 1875 1170 1929 illorum
1198 1873 1433 1926 animum
1460 1870 1863 1936 demonstravit,
1899 1877 2025 1922 tunc
2050 1867 2145 1922 de-

562 1984 708 2022 tnutu
736 1968 938 2037 profert
973 1965 1314 2028 sententiam,
1357 1972 1412 2018 et
1449 1978 1569 2033 qua:
1608 1963 1844 2017 facturus
1885 1960 1955 2014 'sit
1994 1959 2142 2026 dicit,

557 2070 675 2114 non
700 2070 756 2113 ut
781 2059 1123 2124 condemnet,
1153 2058 1247 2113 sed
1272 2066 1329 2111 ut
1348 2073 1417 2111 ex
1450 2065 1595 2112 metu
1620 2071 1714 2126 per
1734 2056 1907 2110 minas
1933 2055 2150 2109 incusso

559 2151 955 2205 moderatiores
997 2149 1204 2204 reddat.
1245 2147 1489 2217 Auferatn
1529 2164 1697 2218 sepem
1728 2148 1856 2217 ejus,
1898 2156 1945 2201 et
1981 2146 2074 2200 erit
2095 2146 2151 2200 iu

556 2242 897 2309 direptionem
915 2251 947 2294 ‘:
974 2250 1021 2293 et
1054 2240 1308 2293 destruam
1337 2256 1539 2292 murum
1568 2240 1705 2309 ejus,
1736 2249 1785 2293 et
1814 2239 1907 2292 erit
1947 2239 2001 2291 in
2026 2254 2152 2293 con-

554 2334 919 2387 'culcationem.

643 2427 696 2480 5.
740 2424 1014 2490 Auferam,
1048 2423 1237 2493 inquit,
1270 2422 1520 2477 auxilium
1545 2430 1746 2489 meum,
1774 2421 2024 2493 praesidio
2048 2436 2151 2476 III-

568 2518 728 2582 dabo,
757 2518 843 2571 tali
881 2516 1207 2587 providentia
1237 2524 1431 2570 vacuos
1453 2515 1699 2582 reddam,
1723 2525 1778 2570 et
1807 2514 2152 2570 adversorum

570 2612 900 2683 experientia
922 2611 1113 2676 scient,
1137 2611 1348 2681 quantis
1368 2619 1491 2665 ante
1510 2610 1663 2664 bonis
1685 2608 2006 2671 fruerentur,
2031 2622 2156 2666 cum

568 2705 767 2759 fuerint
804 2702 1050 2757 omnibus
1070 2702 1135 2757 ad
1156 2702 1507 2773 direptionem
1531 2701 1778 2773 expositi.
1806 2701 1859 2757 6.
1883 2701 1951 2755 Et
1982 2702 2155 2756 dimit-

570 2806 675 2849 tam
713 2795 908 2849 vineam
946 2811 1142 2861 meam,
1175 2804 1219 2847 et
1260 2811 1362 2849 non
1402 2794 1690 2863 putabitur,
1728 2803 1885 2868 neque
1911 2795 2151 2862 fodietur.

566 2887 776 2941 Rursus
816 2887 936 2941 dico
958 2928 974 2953 ,
1015 2901 1137 2941 eum
1173 2886 1484 2955 metaphora
1514 2887 1609 2941 uti.
1657 2886 1713 2943 Si
1751 2888 1870 2959 quis
1896 2898 2071 2944 tamen
2102 2890 2155 2945 id

570 2979 870 3031 accuratius
900 2978 1179 3046 explorare
1224 2977 1483 3046 voluerit,
1532 2979 1600 3033 de
1632 2978 1889 3034 doctrinm
1918 2989 1972 3034 et
2001 2996 2157 3035 man-

568 3070 815 3124 datorum
848 3070 1206 3124 sollicitudine
1236 3070 1484 3140 loquitur.
1517 3070 1631 3125 Non
1659 3072 1801 3126 enim
1832 3071 2021 3127 iisdem
2050 3072 2158 3127 fru-

558 3175 729 3218 entur
776 3165 969 3233 quibus
1012 3170 1193 3229 antea,
1244 3180 1349 3217 non
1397 3164 1647 3219 doctores
1688 3164 1995 3232 habebunt,
2048 3181 2156 3220 non

572 3256 864 3326 principes,
896 3270 1002 3309 non
1035 3255 1322 3325 prophetas
1348 3256 1483 3310 sicut
1511 3256 1663 3323 olim,
1693 3256 1785 3326 qui
1816 3258 1959 3327 ipsos
1987 3258 2156 3313 corri-

571 3358 735 3418 gant,
787 3349 876 3418 qui
922 3350 1157 3418 ipsorum
1200 3364 1385 3404 curam
1429 3358 1635 3418 gerant.
1689 3342 1841 3405 Sicut
1880 3350 2019 3403 enim
2067 3350 2156 3420 qui

563 3442 757 3495 vineas
786 3442 988 3507 colunt,
1023 3441 1250 3510 fodiunt,
1282 3452 1488 3511 putant,
1518 3443 1595 3497 sic
1622 3443 1711 3513 qui
1738 3444 1942 3499 animas
1967 3458 2154 3498 emen-

572 3532 723 3595 dant,
746 3533 1157 3598 comminantur,
1180 3542 1470 3595 exterrent,
1489 3533 1705 3598 docent,
1728 3533 2150 3603 reprehendunt:

568 3639 757 3680 verum
789 3626 854 3679 iis
881 3625 1120 3679 destituti
1147 3635 1337 3693 erunt,
1376 3626 1579 3697 inquit,
1610 3628 1663 3682 in
1686 3628 1913 3683 alienam
1943 3628 2159 3684 abducti

569 3728 792 3772 serram.
841 3718 904 3771 Et
934 3720 1166 3773 ascendet
1195 3737 1285 3789 per
1320 3737 1429 3774 eam
1448 3764 1462 3785 ,
1490 3722 1637 3791 quasi
1667 3738 1757 3792 per
1793 3722 2036 3776 incultam
2063 3734 2161 3777 ter-

572 3826 716 3875 ram,
748 3812 895 3878 spina
923 3827 941 3864 :
970 3821 1017 3866 et
1056 3811 1267 3865 nubibus
1306 3810 1590 3880 mandabo,
1637 3831 1700 3868 rte
1735 3816 1916 3885 pluunt
1957 3817 2010 3869 in
2048 3832 2159 3868 eam

573 3903 801 3956 imbrem.
832 3906 938 3956 Aut
966 3903 1349 3958 desolationem
1379 3906 1523 3961 urbis
1555 3917 1847 3972 memorat,
1879 3918 1968 3962 aut
1998 3908 2161 3962 deso—

578 3995 831 4048 lationem
881 4007 1064 4049 eorum
1113 4006 1168 4050 et
1210 3998 1626 4068 uniuscujusque
1687 4002 1878 4055 anima:
1925 4017 2153 4067 eorum;

575 4089 749 4143 nubes
776 4098 950 4142 autem
974 4089 1061 4143 hic
1086 4084 1299 4158 quidam
1321 4089 1506 4144 dicunt
1533 4107 1651 4145 esse
1679 4092 1984 4162 prophetas,
2006 4095 2161 4165 quip-

575 4196 646 4249 pe
674 4180 762 4249 qui
794 4178 1027 4253 p'luviam
1056 4179 1287 4249 desuper
1328 4180 1664 4249 acciperent,
1697 4192 1751 4236 et
1780 4184 1879 4237 sibi
1924 4186 2059 4240 dicta
2092 4186 2159 4239 ad

583 4274 839 4342 populum
868 4273 1314 4327 transmitterent.
1338 4269 1542 4328 Verum
1587 4289 1655 4328 ne
1695 4276 1746 4329 hi
1789 4277 2002 4345 quidem
2040 4294 2160 4347 quae

578 4374 971 4421 consueverant
1014 4364 1226 4420 facient.
1262 4362 1492 4421 Etiamsi
1536 4369 1678 4423 enim
1725 4384 1860 4423 unus
1902 4371 1985 4424 vel
2028 4371 2163 4425 alter

581 4457 845 4527 propheta
870 4472 990 4511 cum
1015 4458 1143 4527 ipsis
1159 4460 1552 4529 commigrarat,
1577 4459 1955 4529 prophetarum
1983 4469 2160 4516 tamen

584 4552 735 4605 turba
767 4559 892 4605 tunc
921 4550 1130 4605 silebat.
1150 4550 1211 4605 ’7.
1245 4550 1402 4607 Vinea
1426 4555 1557 4607 enim
1584 4549 1793 4607 Domini
1820 4553 2045 4609 Sabaotlt
2070 4556 2164 4608 do-

578 4659 692 4697 mus
719 4640 887 4695 Israel
910 4650 1002 4705 est,
1035 4651 1082 4695 et
1109 4642 1257 4696 homo
1285 4644 1424 4697 Iuda
1448 4645 1647 4699 novella
1673 4645 1921 4715 plantatio
1951 4646 2160 4700 dilecta.

590 4734 883 4804 [Ea-spectavi
903 4774 919 4799 ,
949 4742 1003 4787 ut
1032 4733 1217 4802 faceret
1247 4736 1532 4806 judicium,
1578 4741 1695 4808 fecit
1734 4748 1902 4791 autem
1928 4737 2165 4809 iniquita-

579 4837 700 4887 tem,
729 4838 775 4881 et
809 4846 911 4883 non
925 4830 1211 4900 justitiam,
1254 4832 1342 4885 sed
1382 4832 1673 4887 clamorem.
1706 4834 1964 4901 Quoniam
1999 4836 2163 4889 multa

582 4921 857 4976 nominum
885 4922 1196 4991 metaphora
1228 4940 1353 4979 usus
1379 4934 1480 4991 est,
1513 4928 1720 4981 vineam
1741 4970 1755 4992 ,
1799 4929 2017 4993 torrim,
2052 4937 2166 4983 tor-

578 5012 750 5076 cular,
792 5027 973 5082 sepem
993 5056 1007 5079 ,
1038 5013 1359 5080 fossionem,
1390 5026 1443 5070 et
1474 5019 1797 5085 putationem
1826 5021 1995 5074 vinea:
2020 5035 2168 5074 cotu-

581 5120 920 5169 memorans;
954 5121 1021 5161 ne
1062 5106 1180 5174 quis
1224 5107 1583 5175 insipientium
1624 5110 1691 5164 de
1718 5111 1868 5165 vinea
1920 5112 2033 5167 haec
2061 5112 2165 5167 dici

582 5205 824 5263 putaret,
856 5197 957 5252 sub
987 5198 1144 5251 tinem
1174 5210 1395 5267 repente
1438 5209 1602 5253 totum
1646 5202 2021 5272 interpretatus
2060 5213 2161 5258 est.

591 5285 748 5340 Vinea
784 5290 917 5342 enim
960 5288 1169 5343 Domini
1211 5291 1437 5345 Sabaoth
1480 5292 1659 5347 domus
1702 5292 1869 5348 Israel
1910 5306 2001 5350 est.
2048 5292 2163 5351 Non

582 5383 724 5435 enim
750 5383 817 5437 de
847 5384 1041 5452 plantis
1068 5385 1196 5438 mihi
1239 5401 1416 5439 sermo
1442 5396 1544 5450 est,
1580 5403 1749 5456 neque
1775 5388 1842 5443 de
1872 5400 2054 5443 natura
2087 5390 2160 5443 in-

583 5472 815 5529 animata
842 5475 943 5548 (a),
969 5492 1141 5547 neque
1166 5477 1232 5532 de
1264 5477 1523 5548 lapidibus
1546 5490 1599 5533 et
1629 5479 1793 5533 muris
1817 5496 1831 5545 ;
1864 5482 1955 5535 sed
1981 5481 2047 5536 de
2074 5498 2168 5551 po-

593 5792 606 5806 .
651 5731 726 5804 (tt)
759 5731 817 5806 In
836 5740 1017 5806 amco,
1040 5749 1118 5799 τινι
1139 5748 1442 5806 magas-sps.
1468 5738 1536 5785 Ad
1561 5736 1748 5787 literam
1792 5745 1884 5795 est,
1928 5739 1988 5787 de
2010 5739 2170 5790 (otium

586 5796 867 5859 inanimum,
891 5796 1220 5859 qualetu‘
1245 5796 1366 5849 ditat
1394 5801 1755 5859 Citt'_\'.~ostcuttts
1782 5814 1988 5850 aututatn
2019 5819 2105 5852 vel:
2133 5824 2167 5841 ι-

587 5856 770 5903 tantetn
797 5870 842 5903 ιη
870 5854 1066 5919 ιιῑςηιιὶε.
1490 5854 1505 5865 ’

2250 478 2375 549 pulo
2405 485 2606 532 nostro.
2658 477 2780 532 Ideo
2820 477 3126 545 subjunxit,
3168 473 3236 529 Et
3275 474 3422 527 homo
3470 471 3602 525 Iuda
3638 471 3818 524 novella

2252 572 2498 642 plantatio
2540 573 2722 626 dilecta
2751 588 2770 625 :
2811 571 2933 640 quia
2972 570 3177 625 scilicet
3220 569 3354 623 .Iuda
3402 570 3524 638 plus
3571 564 3829 619 obtineret

2249 681 2404 735 quam
2452 676 2659 719 caetera:
2707 664 2876 718 tribus
2916 682 2929 718 :
2975 673 3197 734 eratque
3241 663 3351 716 illic
3396 676 3429 715 e
3458 660 3634 714 vicino
3672 659 3821 716 situm

2249 756 2503 825 templum
2524 797 2538 821 ,
2570 767 2623 810 et
2651 757 2887 825 reliquus
2924 756 3097 810 cultus
3135 773 3147 808 :
3173 762 3334 823 atque
3362 752 3453 807 illa
3486 751 3650 821 magis
3674 765 3821 820 quam

2250 856 2457 899 cauerat
2479 862 2663 900 omnes
2684 846 2924 912 florebat,
2948 845 3014 900 ad
3036 845 3341 915 regiamque
3362 842 3532 912 magis
3553 840 3821 902 accedens,

2249 938 2517 1007 potentior
2542 948 2672 992 erat.
2699 939 2955 993 Dilectum
2981 946 3156 991 autem
3177 936 3329 1001 dixit,
3358 949 3545 988 rursus
3570 933 3691 987 ilics
3715 947 3823 1000 per-

2249 1029 2537 1097 stringens.
2569 1029 2707 1097 quod
2740 1030 2873 1083 tales
2897 1044 3020 1098 erga
3047 1044 3104 1082 se
3128 1028 3281 1082 valde
3310 1033 3578 1080 amantem
3603 1038 3718 1077 sese
3740 1038 3824 1076 ex-

2251 1119 2563 1176 hibuissent.
2596 1121 2670 1176 Ea
2699 1125 2893 1193 quippe
2917 1123 3001 1176 lex
3029 1132 3110 1175 est
3137 1121 3490 1190 diligentium,
3515 1133 3583 1172 ne
3608 1116 3658 1171 in
3682 1116 3824 1171 obla-

2250 1215 2320 1269 tis
2350 1216 2562 1283 quidem
2602 1216 3061 1270 criminationibus
3107 1230 3355 1285 maguum
3397 1228 3555 1268 suum
3600 1226 3823 1265 amorem

2251 1308 2538 1361 occultare.
2568 1307 2701 1363 llinc
2729 1307 2868 1362 aliud
2899 1307 3168 1377 quidpiam
3198 1321 3302 1360 non
3334 1303 3694 1375 spernendum
3721 1304 3826 1357 edi-

2252 1398 2469 1452 scimus.
2496 1398 2662 1466 Quale
2686 1398 2817 1453 illud
2836 1398 2859 1451 ?
2882 1398 3086 1468 Nempe
3104 1397 3317 1468 quando
3336 1408 3391 1451 et
3409 1410 3531 1466 quas
3550 1396 3825 1465 Scriptum

2254 1491 2371 1546 loca
2420 1491 2706 1562 allegorice
2754 1491 3092 1563 interpretari
3139 1498 3423 1562 oporteat:
3458 1504 3633 1559 neque
3675 1501 3828 1559 penes

2252 1592 2487 1638 nostram
2517 1599 2637 1639 esse
2680 1584 2982 1639 facultatem
3014 1585 3109 1639 bas
3132 1583 3280 1653 leges
3319 1596 3420 1652 pro
3462 1582 3631 1637 lubito
3667 1580 3827 1649 expli-

2253 1690 2412 1742 care,
2449 1674 2543 1730 sed
2574 1676 2740 1745 ipsam
2780 1676 3066 1746 Scriptura:
3108 1684 3340 1729 mentem
3385 1673 3537 1742 sequi
3568 1684 3826 1742 oportere,

2254 1767 2435 1836 sicque
2460 1766 2713 1836 allegoria
2743 1767 2837 1821 uti.
2879 1765 3032 1833 Quod
3060 1775 3237 1820 autem
3262 1764 3406 1830 dico,
3436 1764 3515 1817 sic
3541 1762 3828 1831 intelligen-

2254 1859 2399 1914 dum.
2429 1859 2701 1931 Scriptura
2730 1874 2870 1915 nunc
2894 1861 3101 1914 vineam
3131 1858 3284 1924 dixit,
3328 1872 3535 1927 sepem,
3571 1858 3826 1910 torcular:

2257 1966 2356 2006 nec
2383 1966 2545 2022 penes
2574 1950 2871 2005 auditorem
2902 1951 3147 2020 reliquit,
3176 1958 3234 2004 ut
3262 1964 3357 2018 pro
3387 1948 3555 2003 Iubito
3584 1948 3693 2001 lucc
3716 1947 3829 2015 qui-

2256 2041 2479 2097 busdam
2502 2042 2665 2097 rebus
2694 2050 2787 2097 aut
2812 2042 3055 2113 personis
3079 2049 3321 2111 aptaret;
3364 2040 3461 2094 sed
3492 2040 3542 2093 in
3570 2039 3828 2108 sequenti-

2256 2133 2357 2188 bus
2382 2149 2501 2189 sese
2530 2134 2875 2203 interpretata
2904 2143 2986 2189 est
3025 2133 3208 2188 dicens
3234 2150 3248 2189 :
3280 2132 3440 2186 Vinea
3469 2132 3601 2185 enim
3634 2130 3829 2184 Domini

2258 2226 2488 2281 Sabaoth
2530 2227 2710 2281 domus
2755 2225 2923 2281 Israel
2968 2239 3040 2281 est
3084 2226 3308 2296 (Ezech.
3336 2226 3422 2280 17.
3459 2226 3553 2294 5).
3594 2224 3830 2279 Ezechiel

2256 2334 2387 2373 vero
2432 2333 2682 2386 rursum,
2732 2334 2853 2373 cum
2896 2318 3127 2389 aquilam
3174 2325 3510 2387 magnam-et
3535 2332 3830 2386 magnarum

2256 2411 2464 2469 alarum
2488 2411 2872 2482 ingredientem
2900 2413 2952 2467 in
2974 2411 3263 2477 Libanum,
3286 2420 3339 2465 et
3357 2411 3675 2465 avellentem
3701 2422 3833 2461 sum.

2259 2518 2405 2556 mum
2434 2504 2687 2557 verticem
2713 2502 2859 2557 cedri
2897 2510 3311 2567 commemorat,
3345 2517 3448 2555 non
3484 2500 3728 2569 relinquit
3752 2513 3833 2567 pe-

2260 2607 2357 2648 nes
2383 2592 2664 2648 arbitrium
2703 2593 3004 2648 auditorum
3036 2593 3189 2663 hujus
3227 2592 3500 2662 allegoria:
3529 2592 3833 2661 interpreta-

2262 2686 2462 2739 tionem
2486 2701 2500 2750 ;
2532 2684 2626 2739 sed
2651 2685 2887 2755 explicat
2914 2685 3021 2750 ille,
3053 2699 3208 2755 quam
3236 2684 3470 2754 aquilam
3496 2682 3662 2749 dicat,
3687 2696 3832 2750 quam

2260 2775 2502 2829 cedrum.
2546 2773 2615 2828 Et
2661 2775 2747 2829 hic
2775 2790 2983 2829 rursum
3015 2775 3066 2829 in
3098 2775 3441 2843 sequentibus
3463 2816 3480 2838 ,
3515 2774 3601 2828 ubi
3631 2771 3833 2827 fluvium

2262 2866 2545 2936 quemdam
2578 2866 2870 2921 violentum
2915 2866 3117 2921 inducit
3160 2866 3211 2920 itt
3258 2865 3522 2931 Judaeam,
3569 2880 3637 2920 ne
3666 2866 3835 2917 liceret

2261 2958 2486 3012 auditori
2513 2958 2678 3012 cuivis
2701 2973 2947 3028 personae
2976 2972 3072 3026 pro
3096 2957 3319 3011 arbitrio
3346 2956 3461 3010 haec
3489 2966 3694 3027 aptare,
3712 2953 3834 3008 dixit

2260 3064 2441 3119 regem
2472 3064 2593 3104 esse
2618 3065 2740 3104 eum
2764 3091 2778 3115 ,
2809 3065 2965 3120 quem
2996 3050 3210 3104 ﬂuvium
3240 3050 3570 3104 nominasset
3598 3048 3753 3121 (Isai.
3780 3048 3831 3101 8.

2262 3141 2295 3195 7
2323 3143 2362 3210 ).
2388 3140 2513 3195 Haec
2537 3157 2666 3195 vero
2690 3143 2773 3195 lex
2802 3142 3000 3209 ubique
3029 3143 3264 3195 locorum
3290 3143 3342 3195 in
3366 3141 3644 3210 Scriptura
3669 3153 3835 3194 serva-

2263 3241 2373 3298 tur,
2403 3244 2463 3287 ut
2489 3248 2609 3286 cum
2636 3233 2919 3302 allegorice
2947 3233 3199 3303 loquitur,
3228 3233 3502 3302 allegoria:
3532 3234 3836 3303 interpreta-

2266 3324 2465 3377 tionem
2507 3322 2732 3386 afferat,
2773 3334 2831 3378 ut
2874 3340 2941 3379 ne
2988 3340 3170 3379 eorum
3211 3325 3300 3395 qui
3338 3325 3622 3394 allegorias
3672 3330 3836 3378 autaut

2265 3415 2490 3484 cupidus
2519 3417 2727 3469 animus
2759 3425 2958 3470 temere
2987 3429 3040 3470 et
3077 3417 3299 3471 fortuito
3337 3426 3483 3471 erret
3506 3426 3570 3472 et
3592 3431 3836 3487 quocum-

2266 3522 2370 3577 que
2398 3507 2615 3561 feratur.
2653 3507 2719 3562 Et
2746 3507 2872 3577 quid
2901 3510 3130 3574 miraris,
3161 3510 3205 3563 si
3239 3509 3287 3562 id
3314 3509 3597 3578 propheta:
3624 3507 3837 3563 faciant?

2269 3599 2679 3653 l’roverbiorum
2724 3612 2871 3655 certe
2916 3610 3102 3655 auctor
3138 3602 3197 3655 {id
3238 3602 3509 3657 observat.
3543 3604 3670 3657 Cum
3708 3602 3836 3654 enim

2266 3693 2491 3747 dixisset
2520 3709 2532 3745 :
2564 3692 2747 3747 Cervus
2773 3694 3038 3760 amicitice,
3073 3705 3117 3748 et
3146 3695 3318 3765 pullus
3343 3696 3626 3766 gratiarum
3652 3704 3837 3746 tuarum

2266 3796 2582 3840 conversetur
2609 3797 2771 3840 tecum
2800 3804 2818 3841 :
2841 3797 2889 3841 et
2934 3790 3046 3857 fons
3072 3804 3219 3856 aqua?
3258 3799 3357 3842 tute
3396 3788 3487 3842 tibi
3530 3788 3627 3842 soli
3668 3788 3729 3841 sit
3763 3786 3836 3854 (a)

2266 3881 2448 3951 (Prov.
2465 3878 2616 3948 5.19)
2634 3896 2646 3931 :
2668 3880 3045 3950 interpretatus
3065 3890 3166 3946 est,
3182 3897 3279 3934 cur
3296 3881 3408 3934 lucc
3422 3881 3647 3943 diceret,
3664 3892 3839 3945 nempe

2270 3978 2337 4031 dc
2369 3991 2532 4031 uxore
2575 3974 2804 4043 legitima
2844 3986 2897 4029 et
2924 3976 3110 4038 libera,
3144 3987 3201 4028 ut
3229 3983 3494 4029 averteret
3524 3990 3553 4028 a
3577 3972 3841 4027 meretrice

2267 4079 2320 4123 et
2347 4070 2537 4124 aliena.
2585 4068 2703 4121 Pari
2735 4068 2893 4119 modo
2932 4066 3017 4121 hic
3056 4067 3341 4134 explicavit
3388 4065 3489 4119 hoc
3533 4067 3668 4127 loco,
3695 4079 3838 4130 quam

2268 4162 2471 4217 diceret
2514 4179 2635 4216 esse
2675 4162 2905 4215 vineam.
2966 4158 3166 4213 Deinde
3209 4173 3328 4211 cum
3387 4174 3577 4213 eorum
3632 4156 3841 4211 crimina

2268 4255 2617 4319 enuntiasset,
2662 4253 3029 4321 supplicioque
3053 4250 3294 4315 dixisset,
3334 4264 3521 4303 rursus
3548 4251 3599 4303 in
3630 4249 3730 4302 ﬁne
3754 4247 3841 4298 de-

2271 4346 2564 4399 fensionem
2596 4355 2750 4415 parat
2790 4344 2973 4397 dicens
3002 4360 3015 4395 :
3050 4342 3346 4413 Exspectavi
3369 4384 3383 4407 ,
3413 4352 3467 4394 ut
3498 4344 3683 4411 faceret
3704 4339 3839 4410 judi-

2270 4437 2405 4488 cium
2430 4477 2444 4498 ,
2491 4438 2606 4505 fecit
2650 4445 2817 4489 autem
2857 4435 3174 4505 iniquitatem
3197 4474 3210 4497 ,
3245 4443 3293 4486 et
3321 4449 3419 4487 non
3440 4434 3727 4502 justitiam,
3766 4428 3844 4483 sed

2270 4530 2562 4580 clamorem.
2592 4527 2741 4582 Juste
2771 4569 2786 4593 ,
2820 4527 2990 4593 inquit
3014 4567 3027 4588 ,
3058 4540 3267 4593 pmnam
3314 4525 3488 4594 exigo.
3538 4521 3844 4592 ExSpectavi

2270 4620 2434 4682 enim,
2469 4618 2536 4672 Ut
2562 4620 2743 4687 faceret
2761 4619 3036 4689 judicium,
3069 4618 3120 4670 id
3146 4626 3250 4681 est,
3275 4616 3532 4684 justitiam
3561 4633 3575 4680 ;
3613 4614 3707 4684 ipsi
3730 4628 3847 4666 vero

2270 4711 2536 4764 contraria
2587 4710 2982 4773 ex’bibuerunt,
3032 4709 3400 4777 iniquitatem,
3448 4706 3753 4775 injustitiam
3797 4713 3845 4757 et

2270 4802 2579 4856 clamorem.
2627 4801 2927 4855 Clamorem
2974 4800 3059 4855 hic
3096 4810 3250 4855 vocat
3286 4801 3598 4871 acquirendi
3652 4798 3844 4867 cupidi-

2272 4901 2459 4958 tatem,
2505 4892 2756 4960 injustum
2798 4891 3055 4954 furorem,
3097 4892 3513 4946 irrationabilem
3561 4894 3710 4957 iram,
3751 4905 3845 4959 pu-

2272 5002 2423 5053 gnas,
2452 4985 2841 5039 contentiones.
2886 4986 2939 5039 8.
2979 4984 3065 5039 Va:
3097 4986 3182 5052 qui
3217 4987 3533 5055 conjungunt
3563 4987 3762 5038 domum
3782 4980 3847 5033 ad

2272 5080 2511 5141 domum,
2539 5096 2718 5149 agrum
2744 5079 2811 5131 ad
2851 5095 3030 5148 agrum
3061 5088 3311 5148 aptantes,
3352 5089 3407 5131 ut
3444 5095 3475 5131 a
3510 5079 3735 5148 proximo
3759 5091 3832 5125 au-

2274 5174 2439 5242 ferant
2469 5170 2680 5240 aliquid.
2714 5169 2847 5223 Cum
2870 5170 3095 5223 dixisset
3122 5171 3292 5237 ipsqu
3319 5170 3608 5223 clamorem
3643 5166 3839 5223 fecisse.

2274 5262 2325 5316 id
2362 5272 2445 5317 est
2486 5260 2797 5330 acquirendi
2840 5260 3219 5328 cupiditatem,
3263 5269 3316 5313 et
3355 5260 3602 5327 rapinas,
3645 5254 3846 5322 Sllltlell

2276 5354 2567 5424 iniquitatis
2593 5353 2827 5422 speciem
2859 5353 3020 5405 multa
3049 5352 3257 5420 plenam
3285 5352 3517 5419 nequitia
3542 5368 3555 5415 ;
3587 5364 3648 5403 ac
3673 5359 3846 5401 rursus

2273 5462 2301 5499 a
2338 5446 2582 5499 lamentis
2622 5444 2826 5497 initium
2868 5443 3030 5505 ducit,
3071 5442 3483 5511 magnitudinem
3519 5448 3844 5511 peccatorum

2273 5536 2560 5590 ostendens
2590 5569 2608 5600 ,
2648 5549 2844 5604 eosque
2888 5534 3159 5587 insinuans
3200 5533 3289 5602 qui
3336 5530 3609 5586 incurabili
3665 5527 3845 5583 morbo

2276 5628 2605 5683 laborabant.

2340 5740 2411 5799 (a)
2447 5746 2556 5786 Hmc
2578 5751 2672 5786 non
2715 5739 2779 5785 ita
2819 5737 3050 5799 leguntur
3092 5738 3139 5784 in
3173 5736 3296 5799 libro
3318 5736 3675 5799 Proverbiorum
3700 5733 3746 5781 5.
3774 5730 3846 5778 19.

2275 5796 2355 5849 Sic
2371 5796 2533 5849 autem
2554 5814 2684 5862 sirpe
2700 5799 2826 5847 solet
2840 5796 3208 5860 Chrysostouuts
3221 5798 3323 5847 loca
3340 5800 3591 5862 scripturi?
3605 5797 3697 5862 alio
3711 5805 3845 5855 quam

2279 5866 2465 5920 iaceant
2490 5858 2634 5911 modo
2652 5862 2848 5920 afferre.
2868 5858 2980 5923 quia
3005 5873 3183 5922 nempe
3207 5858 3486 5911 memoriter
3508 5858 3756 5909 atl‘erebat.
