  <div class='ocr_page' id='page_1' title='image "/cluster/home/n/w/nwhite01/storage/ocr_20150623/56/mdp.39015028574351/065.png"; bbox 0 0 4096 6322; ppageno 0'>
   <div class='ocr_carea' id='block_1_1' title="bbox 407 333 3845 400">
    <p class='ocr_par' dir='ltr' id='par_1_1' title="bbox 407 333 3845 400">
     <span class='ocr_line' id='line_1_1' title="bbox 407 333 3845 400; baseline -0 -5"><span class='ocrx_word' id='word_1_1' title='bbox 407 334 472 395; x_wconf 70' lang='grc'>61</span> <span class='ocrx_word' id='word_1_2' title='bbox 1176 336 1233 392; x_wconf 89' lang='lat' dir='ltr'>S.</span> <span class='ocrx_word' id='word_1_3' title='bbox 1273 334 1556 391; x_wconf 70' lang='lat' dir='ltr'>JOANNIS</span> <span class='ocrx_word' id='word_1_4' title='bbox 1584 335 2069 394; x_wconf 73' lang='lat' dir='ltr'>CHRYSOSTOMI</span> <span class='ocrx_word' id='word_1_5' title='bbox 2095 338 2410 398; x_wconf 79' lang='lat' dir='ltr'>ARCHIEP.</span> <span class='ocrx_word' id='word_1_6' title='bbox 2447 340 2991 400; x_wconf 71' lang='lat' dir='ltr'>CONSTANTINOP.</span> <span class='ocrx_word' id='word_1_7' title='bbox 3770 333 3845 389; x_wconf 68' lang='grc'>62</span> 
     </span>
    </p>
   </div>
   <div class='ocr_carea' id='block_1_2' title="bbox 478 449 2068 526">
    <p class='ocr_par' dir='ltr' id='par_1_2' title="bbox 478 449 2068 526">
     <span class='ocr_line' id='line_1_2' title="bbox 478 449 2068 526; baseline 0.003 -22"><span class='ocrx_word' id='word_1_8' title='bbox 478 449 543 504; x_wconf 84' lang='grc' dir='ltr'>δ’.</span> <span class='ocrx_word' id='word_1_9' title='bbox 568 450 749 506; x_wconf 81' lang='grc' dir='ltr'>Ταῦτα</span> <span class='ocrx_word' id='word_1_10' title='bbox 774 452 828 505; x_wconf 82' lang='grc' dir='ltr'>δέ</span> <span class='ocrx_word' id='word_1_11' title='bbox 854 452 946 506; x_wconf 72' lang='grc' dir='ltr'>καὶ</span> <span class='ocrx_word' id='word_1_12' title='bbox 983 451 1078 505; x_wconf 90' lang='grc' dir='ltr'>νῦν</span> <span class='ocrx_word' id='word_1_13' title='bbox 1117 452 1437 522; x_wconf 80' lang='grc' dir='ltr'>τολμώμενα</span> <span class='ocrx_word' id='word_1_14' title='bbox 1464 454 1558 506; x_wconf 82' lang='grc' dir='ltr'>ἴδοι</span> <span class='ocrx_word' id='word_1_15' title='bbox 1582 471 1667 517; x_wconf 87' lang='grc' dir='ltr'>τις</span> <span class='ocrx_word' id='word_1_16' title='bbox 1712 453 1777 506; x_wconf 84' lang='grc' dir='ltr'>ἂν</span> <span class='ocrx_word' id='word_1_17' title='bbox 1794 455 1942 526; x_wconf 81' lang='grc' dir='ltr'>παρά</span> <span class='ocrx_word' id='word_1_18' title='bbox 1961 455 2068 508; x_wconf 88' lang='grc' dir='ltr'>τῶν</span> 
     </span>
    </p>
   </div>
   <div class='ocr_carea' id='block_1_3' title="bbox 405 541 2068 616">
    <p class='ocr_par' dir='ltr' id='par_1_3' title="bbox 405 541 2068 616">
     <span class='ocr_line' id='line_1_3' title="bbox 405 541 2068 616; baseline -0.001 -15"><span class='ocrx_word' id='word_1_19' title='bbox 405 545 591 608; x_wconf 82' lang='grc' dir='ltr'>κακῶς</span> <span class='ocrx_word' id='word_1_20' title='bbox 616 545 692 616; x_wconf 83' lang='grc' dir='ltr'>τῷ</span> <span class='ocrx_word' id='word_1_21' title='bbox 728 541 941 614; x_wconf 86' lang='grc' dir='ltr'>πλούτῳ</span> <span class='ocrx_word' id='word_1_22' title='bbox 974 545 1347 616; x_wconf 79' lang='grc' dir='ltr'>κεχρημένων,</span> <span class='ocrx_word' id='word_1_23' title='bbox 1384 546 1433 597; x_wconf 86' lang='grc' dir='ltr'>οἳ</span> <span class='ocrx_word' id='word_1_24' title='bbox 1458 545 1558 607; x_wconf 73' lang='grc' dir='ltr'>τὰς</span> <span class='ocrx_word' id='word_1_25' title='bbox 1594 546 1917 613; x_wconf 86' lang='grc' dir='ltr'>γειτνιάσεις</span> <span class='ocrx_word' id='word_1_26' title='bbox 1943 550 2068 599; x_wconf 76' lang='grc' dir='ltr'>ἐπι-</span> 
     </span>
    </p>
   </div>
   <div class='ocr_carea' id='block_1_4' title="bbox 405 630 2068 703">
    <p class='ocr_par' dir='ltr' id='par_1_4' title="bbox 405 630 2068 703">
     <span class='ocr_line' id='line_1_4' title="bbox 405 630 2068 703; baseline 0.002 -20"><span class='ocrx_word' id='word_1_27' title='bbox 405 632 647 695; x_wconf 75' lang='grc' dir='ltr'>νοοῦσιν,</span> <span class='ocrx_word' id='word_1_28' title='bbox 683 631 781 683; x_wconf 77' lang='grc' dir='ltr'>οὐκ</span> <span class='ocrx_word' id='word_1_29' title='bbox 827 632 906 693; x_wconf 90' lang='grc' dir='ltr'>εἰς</span> <span class='ocrx_word' id='word_1_30' title='bbox 962 631 1257 700; x_wconf 84' lang='grc' dir='ltr'>ἀσφάλειαν</span> <span class='ocrx_word' id='word_1_31' title='bbox 1283 668 1297 691; x_wconf 91' lang='grc'>,</span> <span class='ocrx_word' id='word_1_32' title='bbox 1337 630 1452 682; x_wconf 78' lang='grc' dir='ltr'>ἀλλ’</span> <span class='ocrx_word' id='word_1_33' title='bbox 1488 632 1567 693; x_wconf 83' lang='grc' dir='ltr'>εἰς</span> <span class='ocrx_word' id='word_1_34' title='bbox 1622 633 1914 703; x_wconf 81' lang='grc' dir='ltr'>ἐπιϐουλὴν</span> <span class='ocrx_word' id='word_1_35' title='bbox 1960 635 2068 686; x_wconf 89' lang='grc' dir='ltr'>τῶν</span> 
     </span>
    </p>
   </div>
   <div class='ocr_carea' id='block_1_5' title="bbox 407 718 2068 791">
    <p class='ocr_par' dir='ltr' id='par_1_5' title="bbox 407 718 2068 791">
     <span class='ocr_line' id='line_1_5' title="bbox 407 718 2068 791; baseline 0.002 -19"><span class='ocrx_word' id='word_1_36' title='bbox 407 720 653 789; x_wconf 87' lang='grc' dir='ltr'>πλησίον,</span> <span class='ocrx_word' id='word_1_37' title='bbox 687 718 935 791; x_wconf 84' lang='grc' dir='ltr'>καθάπερ</span> <span class='ocrx_word' id='word_1_38' title='bbox 965 719 1076 790; x_wconf 84' lang='grc' dir='ltr'>πῦρ</span> <span class='ocrx_word' id='word_1_39' title='bbox 1106 718 1210 789; x_wconf 81' lang='grc' dir='ltr'>6δῴ</span> <span class='ocrx_word' id='word_1_40' title='bbox 1240 718 1474 788; x_wconf 78' lang='grc' dir='ltr'>βαδίζον,</span> <span class='ocrx_word' id='word_1_41' title='bbox 1503 719 1645 773; x_wconf 72' lang='grc' dir='ltr'>οὕτω</span> <span class='ocrx_word' id='word_1_42' title='bbox 1679 722 1803 784; x_wconf 76' lang='grc' dir='ltr'>τοὺς</span> <span class='ocrx_word' id='word_1_43' title='bbox 1843 726 1907 776; x_wconf 88' lang='grc' dir='ltr'>ἐκ</span> <span class='ocrx_word' id='word_1_44' title='bbox 1953 741 2068 790; x_wconf 90' lang='grc' dir='ltr'>γει-</span> 
     </span>
    </p>
   </div>
   <div class='ocr_carea' id='block_1_6' title="bbox 402 806 2069 878">
    <p class='ocr_par' dir='ltr' id='par_1_6' title="bbox 402 806 2069 878">
     <span class='ocr_line' id='line_1_6' title="bbox 402 806 2069 878; baseline 0.004 -19"><span class='ocrx_word' id='word_1_45' title='bbox 402 808 574 860; x_wconf 84' lang='grc' dir='ltr'>τόνων</span> <span class='ocrx_word' id='word_1_46' title='bbox 608 806 813 870; x_wconf 78' lang='grc' dir='ltr'>πάντας</span> <span class='ocrx_word' id='word_1_47' title='bbox 858 807 1258 877; x_wconf 87' lang='grc' dir='ltr'>ἐπινεμόμενοι.</span> <span class='ocrx_word' id='word_1_48' title='bbox 1305 806 1400 872; x_wconf 71' lang='grc' dir='ltr'>Μὴ</span> <span class='ocrx_word' id='word_1_49' title='bbox 1451 806 1728 872; x_wconf 78' lang='grc' dir='ltr'>οἰκήσετε</span> <span class='ocrx_word' id='word_1_50' title='bbox 1765 811 1939 878; x_wconf 84' lang='grc' dir='ltr'>μόνοι</span> <span class='ocrx_word' id='word_1_51' title='bbox 1970 811 2069 865; x_wconf 76' lang='grc' dir='ltr'>ἐπὶ</span> 
     </span>
    </p>
   </div>
   <div class='ocr_carea' id='block_1_7' title="bbox 405 889 2075 962">
    <p class='ocr_par' dir='ltr' id='par_1_7' title="bbox 405 889 2075 962">
     <span class='ocr_line' id='line_1_7' title="bbox 405 889 2075 962; baseline 0.002 -17"><span class='ocrx_word' id='word_1_52' title='bbox 405 892 516 960; x_wconf 83' lang='grc' dir='ltr'>τῆς</span> <span class='ocrx_word' id='word_1_53' title='bbox 539 891 681 961; x_wconf 73' lang='grc' dir='ltr'>γῆς;</span> <span class='ocrx_word' id='word_1_54' title='bbox 710 892 999 960; x_wconf 65' lang='grc' dir='ltr'>Ἠκούσθη</span> <span class='ocrx_word' id='word_1_55' title='bbox 1034 892 1143 961; x_wconf 71' lang='grc' dir='ltr'>γὰρ</span> <span class='ocrx_word' id='word_1_56' title='bbox 1173 891 1290 945; x_wconf 86' lang='grc' dir='ltr'>νῦν</span> <span class='ocrx_word' id='word_1_57' title='bbox 1321 895 1408 957; x_wconf 84' lang='grc' dir='ltr'>είς</span> <span class='ocrx_word' id='word_1_58' title='bbox 1436 894 1510 949; x_wconf 80' lang='grc' dir='ltr'>τὰ</span> <span class='ocrx_word' id='word_1_59' title='bbox 1546 889 1666 947; x_wconf 86' lang='grc' dir='ltr'>ὦτα</span> <span class='ocrx_word' id='word_1_60' title='bbox 1706 896 1929 962; x_wconf 84' lang='grc' dir='ltr'>Κυρίου</span> <span class='ocrx_word' id='word_1_61' title='bbox 1961 899 2075 949; x_wconf 88' lang='grc' dir='ltr'>Σα-</span> 
     </span>
    </p>
   </div>
   <div class='ocr_carea' id='block_1_8' title="bbox 405 970 2071 1054">
    <p class='ocr_par' dir='ltr' id='par_1_8' title="bbox 405 970 2071 1054">
     <span class='ocr_line' id='line_1_8' title="bbox 405 970 2071 1054; baseline 0.003 -23"><span class='ocrx_word' id='word_1_62' title='bbox 405 978 562 1033; x_wconf 71' lang='grc' dir='ltr'>ϐαὼθ</span> <span class='ocrx_word' id='word_1_63' title='bbox 604 970 813 1034; x_wconf 58' lang='grc' dir='ltr'>ταῦται</span> <span class='ocrx_word' id='word_1_64' title='bbox 859 980 1139 1033; x_wconf 85' lang='grc' dir='ltr'>Δείκνυσιν</span> <span class='ocrx_word' id='word_1_65' title='bbox 1165 980 1396 1051; x_wconf 88' lang='grc' dir='ltr'>ἀνόνητα</span> <span class='ocrx_word' id='word_1_66' title='bbox 1452 982 1760 1052; x_wconf 88' lang='grc' dir='ltr'>κάμνοντας</span> <span class='ocrx_word' id='word_1_67' title='bbox 1801 983 1895 1036; x_wconf 80' lang='grc' dir='ltr'>καὶ</span> <span class='ocrx_word' id='word_1_68' title='bbox 1945 984 2071 1054; x_wconf 86' lang='grc' dir='ltr'>εἰκῆ</span> 
     </span>
    </p>
   </div>
   <div class='ocr_carea' id='block_1_9' title="bbox 405 1066 2074 1139">
    <p class='ocr_par' dir='ltr' id='par_1_9' title="bbox 405 1066 2074 1139">
     <span class='ocr_line' id='line_1_9' title="bbox 405 1066 2074 1139; baseline 0.004 -21"><span class='ocrx_word' id='word_1_69' title='bbox 405 1066 501 1118; x_wconf 77' lang='grc' dir='ltr'>καὶ</span> <span class='ocrx_word' id='word_1_70' title='bbox 541 1066 737 1136; x_wconf 81' lang='grc' dir='ltr'>μάτην.</span> <span class='ocrx_word' id='word_1_71' title='bbox 787 1066 1002 1137; x_wconf 83' lang='grc' dir='ltr'>Ἐπειδὴ</span> <span class='ocrx_word' id='word_1_72' title='bbox 1065 1067 1173 1139; x_wconf 78' lang='grc' dir='ltr'>γάρ</span> <span class='ocrx_word' id='word_1_73' title='bbox 1220 1069 1318 1137; x_wconf 85' lang='grc' dir='ltr'>οὐχ</span> <span class='ocrx_word' id='word_1_74' title='bbox 1349 1067 1523 1132; x_wconf 82' lang='grc' dir='ltr'>οὕτως</span> <span class='ocrx_word' id='word_1_75' title='bbox 1583 1070 1639 1122; x_wconf 86' lang='grc' dir='ltr'>αἱ</span> <span class='ocrx_word' id='word_1_76' title='bbox 1686 1068 1934 1134; x_wconf 76' lang='grc' dir='ltr'>κολάσεις</span> <span class='ocrx_word' id='word_1_77' title='bbox 1980 1073 2074 1124; x_wconf 75' lang='grc' dir='ltr'>καὶ</span> 
     </span>
    </p>
   </div>
   <div class='ocr_carea' id='block_1_10' title="bbox 404 1153 2075 1225">
    <p class='ocr_par' dir='ltr' id='par_1_10' title="bbox 404 1153 2075 1225">
     <span class='ocr_line' id='line_1_10' title="bbox 404 1153 2075 1225; baseline 0.003 -20"><span class='ocrx_word' id='word_1_78' title='bbox 404 1155 460 1206; x_wconf 89' lang='grc' dir='ltr'>αἱ</span> <span class='ocrx_word' id='word_1_79' title='bbox 511 1154 772 1225; x_wconf 80' lang='grc' dir='ltr'>τιμωρίαι</span> <span class='ocrx_word' id='word_1_80' title='bbox 803 1155 930 1217; x_wconf 84' lang='grc' dir='ltr'>τοὺς</span> <span class='ocrx_word' id='word_1_81' title='bbox 967 1153 1237 1219; x_wconf 84' lang='grc' dir='ltr'>τοιούτους</span> <span class='ocrx_word' id='word_1_82' title='bbox 1275 1155 1498 1224; x_wconf 79' lang='grc' dir='ltr'>ἀγαγεῖν</span> <span class='ocrx_word' id='word_1_83' title='bbox 1557 1154 1839 1221; x_wconf 85' lang='grc' dir='ltr'>εἰώθασιν,</span> <span class='ocrx_word' id='word_1_84' title='bbox 1894 1157 1968 1220; x_wconf 85' lang='grc' dir='ltr'>ὡς</span> <span class='ocrx_word' id='word_1_85' title='bbox 2013 1159 2075 1211; x_wconf 87' lang='grc' dir='ltr'>τὸ</span> 
     </span>
    </p>
   </div>
   <div class='ocr_carea' id='block_1_11' title="bbox 409 1240 2070 1315">
    <p class='ocr_par' dir='ltr' id='par_1_11' title="bbox 409 1240 2070 1315">
     <span class='ocr_line' id='line_1_11' title="bbox 409 1240 2070 1315; baseline 0.003 -23"><span class='ocrx_word' id='word_1_86' title='bbox 409 1240 599 1309; x_wconf 81' lang='grc' dir='ltr'>μαθεῖν</span> <span class='ocrx_word' id='word_1_87' title='bbox 635 1240 913 1311; x_wconf 78' lang='grc' dir='ltr'>ἀκριϐῶς,</span> <span class='ocrx_word' id='word_1_88' title='bbox 962 1241 1045 1295; x_wconf 84' lang='grc' dir='ltr'>ὅτι</span> <span class='ocrx_word' id='word_1_89' title='bbox 1086 1243 1185 1296; x_wconf 82' lang='grc' dir='ltr'>οὐκ</span> <span class='ocrx_word' id='word_1_90' title='bbox 1231 1242 1626 1297; x_wconf 75' lang='grc' dir='ltr'>ἀπολαύσονται</span> <span class='ocrx_word' id='word_1_91' title='bbox 1660 1245 1757 1314; x_wconf 76' lang='grc' dir='ltr'>τῆς</span> <span class='ocrx_word' id='word_1_92' title='bbox 1797 1245 2070 1315; x_wconf 85' lang='grc' dir='ltr'>ἁρπαγῆς,</span> 
     </span>
    </p>
   </div>
   <div class='ocr_carea' id='block_1_12' title="bbox 405 1328 2071 1401">
    <p class='ocr_par' dir='ltr' id='par_1_12' title="bbox 405 1328 2071 1401">
     <span class='ocr_line' id='line_1_12' title="bbox 405 1328 2071 1401; baseline 0.002 -22"><span class='ocrx_word' id='word_1_93' title='bbox 405 1329 609 1397; x_wconf 89' lang='grc' dir='ltr'>ταύτην</span> <span class='ocrx_word' id='word_1_94' title='bbox 639 1329 823 1391; x_wconf 86' lang='grc' dir='ltr'>αὐτοῖς</span> <span class='ocrx_word' id='word_1_95' title='bbox 861 1328 1054 1397; x_wconf 79' lang='grc' dir='ltr'>ἐπάγει</span> <span class='ocrx_word' id='word_1_96' title='bbox 1084 1328 1184 1399; x_wconf 77' lang='grc' dir='ltr'>τὴν</span> <span class='ocrx_word' id='word_1_97' title='bbox 1214 1329 1460 1400; x_wconf 82' lang='grc' dir='ltr'>ἀπειλὴν,</span> <span class='ocrx_word' id='word_1_98' title='bbox 1493 1329 1684 1398; x_wconf 88' lang='grc' dir='ltr'>λέγων,</span> <span class='ocrx_word' id='word_1_99' title='bbox 1720 1332 1801 1383; x_wconf 83' lang='grc' dir='ltr'>ὅτι</span> <span class='ocrx_word' id='word_1_100' title='bbox 1830 1331 2071 1401; x_wconf 84' lang='grc' dir='ltr'>καμοῦν-</span> 
     </span>
    </p>
   </div>
   <div class='ocr_carea' id='block_1_13' title="bbox 405 1414 2075 1488">
    <p class='ocr_par' dir='ltr' id='par_1_13' title="bbox 405 1414 2075 1488">
     <span class='ocr_line' id='line_1_13' title="bbox 405 1414 2075 1488; baseline 0.003 -24"><span class='ocrx_word' id='word_1_101' title='bbox 405 1430 496 1467; x_wconf 86' lang='grc' dir='ltr'>ται</span> <span class='ocrx_word' id='word_1_102' title='bbox 529 1415 626 1484; x_wconf 82' lang='grc' dir='ltr'>μὲν</span> <span class='ocrx_word' id='word_1_103' title='bbox 652 1415 745 1467; x_wconf 77' lang='grc' dir='ltr'>καὶ</span> <span class='ocrx_word' id='word_1_104' title='bbox 767 1414 1265 1485; x_wconf 86' lang='grc' dir='ltr'>ταλαιπωρήσουσι,</span> <span class='ocrx_word' id='word_1_105' title='bbox 1293 1416 1388 1469; x_wconf 79' lang='grc' dir='ltr'>καὶ</span> <span class='ocrx_word' id='word_1_106' title='bbox 1415 1414 1513 1488; x_wconf 82' lang='grc' dir='ltr'>τὴν</span> <span class='ocrx_word' id='word_1_107' title='bbox 1544 1418 1815 1486; x_wconf 83' lang='grc' dir='ltr'>ἁμαρτίαν</span> <span class='ocrx_word' id='word_1_108' title='bbox 1852 1416 2075 1487; x_wconf 62' lang='grc' dir='ltr'>καρπῶν</span> 
     </span>
    </p>
   </div>
   <div class='ocr_carea' id='block_1_14' title="bbox 408 1501 2073 1576">
    <p class='ocr_par' dir='ltr' id='par_1_14' title="bbox 408 1501 2073 1576">
     <span class='ocr_line' id='line_1_14' title="bbox 408 1501 2073 1576; baseline 0.001 -22"><span class='ocrx_word' id='word_1_109' title='bbox 408 1519 610 1565; x_wconf 90' lang='grc' dir='ltr'>σονται,</span> <span class='ocrx_word' id='word_1_110' title='bbox 651 1501 754 1572; x_wconf 79' lang='grc' dir='ltr'>τῆς</span> <span class='ocrx_word' id='word_1_111' title='bbox 793 1501 851 1555; x_wconf 80' lang='grc' dir='ltr'>δέ</span> <span class='ocrx_word' id='word_1_112' title='bbox 878 1502 1227 1566; x_wconf 81' lang='grc' dir='ltr'>ἀπολαύσεως</span> <span class='ocrx_word' id='word_1_113' title='bbox 1257 1504 1614 1558; x_wconf 82' lang='grc' dir='ltr'>ἐκπεσοῦνται</span> <span class='ocrx_word' id='word_1_114' title='bbox 1658 1503 1794 1576; x_wconf 81' lang='grc'>[56].</span> <span class='ocrx_word' id='word_1_115' title='bbox 1829 1505 1943 1558; x_wconf 77' lang='grc' dir='ltr'>Οὐκ</span> <span class='ocrx_word' id='word_1_116' title='bbox 1976 1506 2073 1574; x_wconf 85' lang='grc' dir='ltr'>ἐφ-</span> 
     </span>
    </p>
   </div>
   <div class='ocr_carea' id='block_1_15' title="bbox 407 1588 2074 1661">
    <p class='ocr_par' dir='ltr' id='par_1_15' title="bbox 407 1588 2074 1661">
     <span class='ocr_line' id='line_1_15' title="bbox 407 1588 2074 1661; baseline 0.002 -20"><span class='ocrx_word' id='word_1_117' title='bbox 407 1589 669 1659; x_wconf 77' lang='grc' dir='ltr'>ησυχάζει</span> <span class='ocrx_word' id='word_1_118' title='bbox 697 1588 826 1659; x_wconf 85' lang='grc' dir='ltr'>γὰρ.</span> <span class='ocrx_word' id='word_1_119' title='bbox 856 1590 1010 1660; x_wconf 80' lang='grc' dir='ltr'>φησὶ,</span> <span class='ocrx_word' id='word_1_120' title='bbox 1034 1592 1148 1653; x_wconf 88' lang='grc' dir='ltr'>τοῖς</span> <span class='ocrx_word' id='word_1_121' title='bbox 1176 1590 1481 1660; x_wconf 84' lang='grc' dir='ltr'>γινομένοις</span> <span class='ocrx_word' id='word_1_122' title='bbox 1508 1592 1536 1643; x_wconf 88' lang='grc' dir='ltr'>ὁ</span> <span class='ocrx_word' id='word_1_123' title='bbox 1558 1592 1851 1661; x_wconf 83' lang='grc' dir='ltr'>ἀκοίμητος</span> <span class='ocrx_word' id='word_1_124' title='bbox 1874 1592 2074 1660; x_wconf 86' lang='grc' dir='ltr'>ὀφθαλ-</span> 
     </span>
    </p>
   </div>
   <div class='ocr_carea' id='block_1_16' title="bbox 410 1675 2075 1749">
    <p class='ocr_par' dir='ltr' id='par_1_16' title="bbox 410 1675 2075 1749">
     <span class='ocr_line' id='line_1_16' title="bbox 410 1675 2075 1749; baseline 0.002 -20"><span class='ocrx_word' id='word_1_125' title='bbox 410 1675 529 1746; x_wconf 84' lang='grc' dir='ltr'>μός.</span> <span class='ocrx_word' id='word_1_126' title='bbox 561 1675 635 1728; x_wconf 87' lang='grc' dir='ltr'>Τὸ</span> <span class='ocrx_word' id='word_1_127' title='bbox 663 1676 743 1739; x_wconf 83' lang='grc' dir='ltr'>δέ,</span> <span class='ocrx_word' id='word_1_128' title='bbox 773 1675 1043 1747; x_wconf 82' lang='grc' dir='ltr'>Ἠκούσθη</span> <span class='ocrx_word' id='word_1_129' title='bbox 1067 1675 1184 1742; x_wconf 89' lang='grc' dir='ltr'>νῦν,</span> <span class='ocrx_word' id='word_1_130' title='bbox 1209 1677 1309 1747; x_wconf 84' lang='grc' dir='ltr'>οὐχ</span> <span class='ocrx_word' id='word_1_131' title='bbox 1339 1676 1414 1740; x_wconf 88' lang='grc' dir='ltr'>ὡς</span> <span class='ocrx_word' id='word_1_132' title='bbox 1451 1676 1571 1729; x_wconf 84' lang='grc' dir='ltr'>τότε</span> <span class='ocrx_word' id='word_1_133' title='bbox 1591 1677 1701 1730; x_wconf 86' lang='grc' dir='ltr'>τῶν</span> <span class='ocrx_word' id='word_1_134' title='bbox 1734 1679 2075 1749; x_wconf 80' lang='grc' dir='ltr'>πραγμάτων</span> 
     </span>
    </p>
   </div>
   <div class='ocr_carea' id='block_1_17' title="bbox 406 1762 2075 1836">
    <p class='ocr_par' dir='ltr' id='par_1_17' title="bbox 406 1762 2075 1836">
     <span class='ocr_line' id='line_1_17' title="bbox 406 1762 2075 1836; baseline 0.002 -23"><span class='ocrx_word' id='word_1_135' title='bbox 406 1762 698 1833; x_wconf 78' lang='grc' dir='ltr'>γνωρίμων</span> <span class='ocrx_word' id='word_1_136' title='bbox 740 1766 1043 1833; x_wconf 73' lang='grc' dir='ltr'>γενομένων</span> <span class='ocrx_word' id='word_1_137' title='bbox 1084 1763 1232 1834; x_wconf 77' lang='grc' dir='ltr'>αὐτῷ</span> <span class='ocrx_word' id='word_1_138' title='bbox 1281 1764 1456 1821; x_wconf 86' lang='grc' dir='ltr'>ταῦτά</span> <span class='ocrx_word' id='word_1_139' title='bbox 1496 1781 1680 1836; x_wconf 80' lang='grc' dir='ltr'>φησιν,</span> <span class='ocrx_word' id='word_1_140' title='bbox 1722 1764 1836 1816; x_wconf 85' lang='grc' dir='ltr'>ἀλλ’</span> <span class='ocrx_word' id='word_1_141' title='bbox 1872 1764 1947 1827; x_wconf 85' lang='grc' dir='ltr'>ὡς</span> <span class='ocrx_word' id='word_1_142' title='bbox 1974 1764 2075 1835; x_wconf 84' lang='grc' dir='ltr'>τῆς</span> 
     </span>
    </p>
   </div>
   <div class='ocr_carea' id='block_1_18' title="bbox 406 1846 2073 1921">
    <p class='ocr_par' dir='ltr' id='par_1_18' title="bbox 406 1846 2073 1921">
     <span class='ocr_line' id='line_1_18' title="bbox 406 1846 2073 1921; baseline 0.002 -22"><span class='ocrx_word' id='word_1_143' title='bbox 406 1846 561 1917; x_wconf 82' lang='grc' dir='ltr'>δίκης</span> <span class='ocrx_word' id='word_1_144' title='bbox 593 1848 733 1903; x_wconf 88' lang='grc' dir='ltr'>κατά</span> <span class='ocrx_word' id='word_1_145' title='bbox 763 1849 926 1914; x_wconf 85' lang='grc' dir='ltr'>πόδας</span> <span class='ocrx_word' id='word_1_146' title='bbox 959 1848 1142 1920; x_wconf 79' lang='grc' dir='ltr'>ἰούσης</span> <span class='ocrx_word' id='word_1_147' title='bbox 1177 1849 1382 1913; x_wconf 85' lang='grc' dir='ltr'>λοιπὸν,</span> <span class='ocrx_word' id='word_1_148' title='bbox 1413 1850 1507 1904; x_wconf 71' lang='grc' dir='ltr'>καὶ</span> <span class='ocrx_word' id='word_1_149' title='bbox 1541 1853 1639 1921; x_wconf 84' lang='grc' dir='ltr'>τῆς</span> <span class='ocrx_word' id='word_1_150' title='bbox 1669 1850 2073 1914; x_wconf 88' lang='grc' dir='ltr'>άνταποδόσεως</span> 
     </span>
    </p>
   </div>
   <div class='ocr_carea' id='block_1_19' title="bbox 406 1934 2074 2007">
    <p class='ocr_par' dir='ltr' id='par_1_19' title="bbox 406 1934 2074 2007">
     <span class='ocr_line' id='line_1_19' title="bbox 406 1934 2074 2007; baseline 0.003 -22"><span class='ocrx_word' id='word_1_151' title='bbox 406 1934 718 2007; x_wconf 70' lang='grc' dir='ltr'>γενομένης.</span> <span class='ocrx_word' id='word_1_152' title='bbox 777 1934 917 1992; x_wconf 85' lang='grc' dir='ltr'>Ἐὰν</span> <span class='ocrx_word' id='word_1_153' title='bbox 971 1936 1081 2006; x_wconf 72' lang='grc' dir='ltr'>γὰρ</span> <span class='ocrx_word' id='word_1_154' title='bbox 1123 1936 1407 2006; x_wconf 79' lang='grc' dir='ltr'>γένωνται</span> <span class='ocrx_word' id='word_1_155' title='bbox 1449 1938 1629 1992; x_wconf 75' lang='grc' dir='ltr'>οἰκίαι</span> <span class='ocrx_word' id='word_1_156' title='bbox 1674 1936 1932 2002; x_wconf 76' lang='grc' dir='ltr'>πολλαί,</span> <span class='ocrx_word' id='word_1_157' title='bbox 1985 1939 2074 2005; x_wconf 84' lang='grc' dir='ltr'>εὶς</span> 
     </span>
    </p>
   </div>
   <div class='ocr_carea' id='block_1_20' title="bbox 406 2020 2074 2093">
    <p class='ocr_par' dir='ltr' id='par_1_20' title="bbox 406 2020 2074 2093">
     <span class='ocr_line' id='line_1_20' title="bbox 406 2020 2074 2093; baseline 0.003 -20"><span class='ocrx_word' id='word_1_158' title='bbox 406 2020 630 2089; x_wconf 68' lang='grc' dir='ltr'>ἔρημον</span> <span class='ocrx_word' id='word_1_159' title='bbox 654 2021 899 2076; x_wconf 80' lang='grc' dir='ltr'>ἔσονται</span> <span class='ocrx_word' id='word_1_160' title='bbox 920 2023 1177 2093; x_wconf 73' lang='grc' dir='ltr'>μεγάλαι</span> <span class='ocrx_word' id='word_1_161' title='bbox 1208 2022 1307 2077; x_wconf 84' lang='grc' dir='ltr'>καὶ</span> <span class='ocrx_word' id='word_1_162' title='bbox 1328 2024 1529 2090; x_wconf 75' lang='grc' dir='ltr'>καλαὶ,</span> <span class='ocrx_word' id='word_1_163' title='bbox 1561 2022 1660 2079; x_wconf 77' lang='grc' dir='ltr'>καὶ</span> <span class='ocrx_word' id='word_1_164' title='bbox 1684 2025 1798 2078; x_wconf 81' lang='grc' dir='ltr'>οὐκ</span> <span class='ocrx_word' id='word_1_165' title='bbox 1828 2023 2074 2081; x_wconf 79' lang='grc' dir='ltr'>ἔσονται</span> 
     </span>
    </p>
   </div>
   <div class='ocr_carea' id='block_1_21' title="bbox 406 2109 1941 2177">
    <p class='ocr_par' dir='ltr' id='par_1_21' title="bbox 406 2109 1941 2177">
     <span class='ocr_line' id='line_1_21' title="bbox 406 2109 1941 2177; baseline 0.005 -16"><span class='ocrx_word' id='word_1_166' title='bbox 406 2110 463 2162; x_wconf 80' lang='lat' dir='ltr'>al</span> <span class='ocrx_word' id='word_1_167' title='bbox 500 2110 918 2177; x_wconf 83' lang='grc' dir='ltr'>κατοικοῦντες</span> <span class='ocrx_word' id='word_1_168' title='bbox 939 2111 1007 2164; x_wconf 81' lang='grc' dir='ltr'>ἐν</span> <span class='ocrx_word' id='word_1_169' title='bbox 1032 2109 1260 2177; x_wconf 80' lang='grc' dir='ltr'>αὑταῖς.</span> <span class='ocrx_word' id='word_1_170' title='bbox 1938 2126 1941 2129; x_wconf 79' lang='lat'><em>‘</em></span> 
     </span>
    </p>
   </div>
   <div class='ocr_carea' id='block_1_22' title="bbox 479 2195 2076 2275">
    <p class='ocr_par' dir='ltr' id='par_1_22' title="bbox 479 2195 2076 2275">
     <span class='ocr_line' id='line_1_22' title="bbox 479 2195 2076 2275; baseline 0.002 -27"><span class='ocrx_word' id='word_1_171' title='bbox 479 2195 728 2250; x_wconf 89' lang='grc' dir='ltr'>Τοιοῦτον</span> <span class='ocrx_word' id='word_1_172' title='bbox 768 2199 874 2268; x_wconf 78' lang='grc' dir='ltr'>γὰρ</span> <span class='ocrx_word' id='word_1_173' title='bbox 915 2201 948 2269; x_wconf 79' lang='grc' dir='ltr'>ἡ</span> <span class='ocrx_word' id='word_1_174' title='bbox 985 2197 1300 2265; x_wconf 71' lang='grc' dir='ltr'>πλεονεξία*</span> <span class='ocrx_word' id='word_1_175' title='bbox 1340 2198 1469 2253; x_wconf 81' lang='grc' dir='ltr'>ὅταν</span> <span class='ocrx_word' id='word_1_176' title='bbox 1516 2198 1737 2253; x_wconf 81' lang='grc' dir='ltr'>πλείονα</span> <span class='ocrx_word' id='word_1_177' title='bbox 1775 2198 2076 2275; x_wconf 82' lang='grc' dir='ltr'>περιϐάλλῃ</span> 
     </span>
    </p>
   </div>
   <div class='ocr_carea' id='block_1_23' title="bbox 406 2284 2076 2358">
    <p class='ocr_par' dir='ltr' id='par_1_23' title="bbox 406 2284 2076 2358">
     <span class='ocr_line' id='line_1_23' title="bbox 406 2284 2076 2358; baseline 0.002 -22"><span class='ocrx_word' id='word_1_178' title='bbox 406 2286 520 2348; x_wconf 89' lang='grc' dir='ltr'>τοῖς</span> <span class='ocrx_word' id='word_1_179' title='bbox 549 2284 754 2355; x_wconf 80' lang='grc' dir='ltr'>έχουσι,</span> <span class='ocrx_word' id='word_1_180' title='bbox 786 2287 881 2340; x_wconf 73' lang='grc' dir='ltr'>καὶ</span> <span class='ocrx_word' id='word_1_181' title='bbox 911 2286 1018 2340; x_wconf 88' lang='grc' dir='ltr'>τῶν</span> <span class='ocrx_word' id='word_1_182' title='bbox 1045 2287 1323 2358; x_wconf 80' lang='grc' dir='ltr'>προτέρων</span> <span class='ocrx_word' id='word_1_183' title='bbox 1362 2286 1559 2348; x_wconf 79' lang='grc' dir='ltr'>αὐτοὺς</span> <span class='ocrx_word' id='word_1_184' title='bbox 1591 2285 1873 2357; x_wconf 82' lang='grc' dir='ltr'>ἐξήγαγεν.</span> <span class='ocrx_word' id='word_1_185' title='bbox 1914 2288 1981 2339; x_wconf 89' lang='grc' dir='ltr'><em>Ὃ</em></span> <span class='ocrx_word' id='word_1_186' title='bbox 2012 2286 2076 2358; x_wconf 84' lang='grc' dir='ltr'>δὴ</span> 
     </span>
    </p>
   </div>
   <div class='ocr_carea' id='block_1_24' title="bbox 406 2370 2076 2444">
    <p class='ocr_par' dir='ltr' id='par_1_24' title="bbox 406 2370 2076 2444">
     <span class='ocr_line' id='line_1_24' title="bbox 406 2370 2076 2444; baseline 0.002 -20"><span class='ocrx_word' id='word_1_187' title='bbox 406 2371 503 2424; x_wconf 79' lang='grc' dir='ltr'>καὶ</span> <span class='ocrx_word' id='word_1_188' title='bbox 542 2370 772 2425; x_wconf 88' lang='grc' dir='ltr'>ἐνταῦθα</span> <span class='ocrx_word' id='word_1_189' title='bbox 802 2373 1095 2427; x_wconf 76' lang='grc' dir='ltr'>αἰνίττεται</span> <span class='ocrx_word' id='word_1_190' title='bbox 1128 2373 1299 2441; x_wconf 82' lang='grc' dir='ltr'>λέγων</span> <span class='ocrx_word' id='word_1_191' title='bbox 1320 2412 1336 2437; x_wconf 93' lang='grc'>,</span> <span class='ocrx_word' id='word_1_192' title='bbox 1371 2373 1453 2426; x_wconf 82' lang='grc' dir='ltr'>ὅτι</span> <span class='ocrx_word' id='word_1_193' title='bbox 1481 2372 1652 2426; x_wconf 80' lang='grc' dir='ltr'>ὐταν</span> <span class='ocrx_word' id='word_1_194' title='bbox 1686 2373 2076 2444; x_wconf 82' lang='grc' dir='ltr'>οίκοδομήσητε</span> 
     </span>
    </p>
   </div>
   <div class='ocr_carea' id='block_1_25' title="bbox 406 2458 2076 2534">
    <p class='ocr_par' dir='ltr' id='par_1_25' title="bbox 406 2458 2076 2534">
     <span class='ocr_line' id='line_1_25' title="bbox 406 2458 2076 2534; baseline 0.001 -22"><span class='ocrx_word' id='word_1_195' title='bbox 406 2458 692 2527; x_wconf 81' lang='grc' dir='ltr'>λαμπρῶς,</span> <span class='ocrx_word' id='word_1_196' title='bbox 724 2460 816 2511; x_wconf 74' lang='grc' dir='ltr'>καὶ</span> <span class='ocrx_word' id='word_1_197' title='bbox 849 2460 916 2515; x_wconf 78' lang='grc' dir='ltr'>τά</span> <span class='ocrx_word' id='word_1_198' title='bbox 951 2461 1167 2515; x_wconf 87' lang='grc' dir='ltr'>πάντων</span> <span class='ocrx_word' id='word_1_199' title='bbox 1196 2460 1349 2531; x_wconf 83' lang='grc' dir='ltr'>ὑμῶν</span> <span class='ocrx_word' id='word_1_200' title='bbox 1378 2461 1557 2516; x_wconf 85' lang='grc' dir='ltr'>αὐτῶν</span> <span class='ocrx_word' id='word_1_201' title='bbox 1598 2461 1915 2534; x_wconf 85' lang='grc' dir='ltr'>ποιήσησθε,</span> <span class='ocrx_word' id='word_1_202' title='bbox 1955 2461 2076 2514; x_wconf 89' lang='grc' dir='ltr'>τότε</span> 
     </span>
    </p>
   </div>
   <div class='ocr_carea' id='block_1_26' title="bbox 408 2547 2076 2622">
    <p class='ocr_par' dir='ltr' id='par_1_26' title="bbox 408 2547 2076 2622">
     <span class='ocr_line' id='line_1_26' title="bbox 408 2547 2076 2622; baseline 0.002 -22"><span class='ocrx_word' id='word_1_203' title='bbox 408 2548 502 2600; x_wconf 80' lang='grc' dir='ltr'>καὶ</span> <span class='ocrx_word' id='word_1_204' title='bbox 527 2547 635 2603; x_wconf 83' lang='grc' dir='ltr'>τῶν</span> <span class='ocrx_word' id='word_1_205' title='bbox 659 2548 938 2620; x_wconf 78' lang='grc' dir='ltr'>προτέρων</span> <span class='ocrx_word' id='word_1_206' title='bbox 962 2549 1355 2621; x_wconf 88' lang='grc' dir='ltr'>ἀποστήσεσθε.</span> <span class='ocrx_word' id='word_1_207' title='bbox 1374 2551 1483 2604; x_wconf 75' lang='grc' dir='ltr'>Καὶ</span> <span class='ocrx_word' id='word_1_208' title='bbox 1506 2552 1795 2622; x_wconf 81' lang='grc' dir='ltr'>στήσονται</span> <span class='ocrx_word' id='word_1_209' title='bbox 1825 2553 1881 2604; x_wconf 72' lang='lat' dir='ltr'>al</span> <span class='ocrx_word' id='word_1_210' title='bbox 1906 2551 2076 2604; x_wconf 87' lang='grc' dir='ltr'>οἰκίαι</span> 
     </span>
    </p>
   </div>
   <div class='ocr_carea' id='block_1_27' title="bbox 408 2636 2075 2711">
    <p class='ocr_par' dir='ltr' id='par_1_27' title="bbox 408 2636 2075 2711">
     <span class='ocr_line' id='line_1_27' title="bbox 408 2636 2075 2711; baseline 0.003 -24"><span class='ocrx_word' id='word_1_211' title='bbox 408 2636 697 2706; x_wconf 80' lang='grc' dir='ltr'>οἰκήτορας</span> <span class='ocrx_word' id='word_1_212' title='bbox 731 2636 829 2706; x_wconf 82' lang='grc' dir='ltr'>μὲν</span> <span class='ocrx_word' id='word_1_213' title='bbox 866 2638 965 2691; x_wconf 77' lang='grc' dir='ltr'>οὐκ</span> <span class='ocrx_word' id='word_1_214' title='bbox 1012 2637 1252 2708; x_wconf 78' lang='grc' dir='ltr'>ἔχουσαι,</span> <span class='ocrx_word' id='word_1_215' title='bbox 1279 2637 1577 2708; x_wconf 85' lang='grc' dir='ltr'>σάλπιγγος</span> <span class='ocrx_word' id='word_1_216' title='bbox 1617 2639 1676 2693; x_wconf 90' lang='grc' dir='ltr'>δέ</span> <span class='ocrx_word' id='word_1_217' title='bbox 1706 2639 1889 2711; x_wconf 87' lang='grc' dir='ltr'>πάσης</span> <span class='ocrx_word' id='word_1_218' title='bbox 1932 2638 2075 2710; x_wconf 86' lang='grc' dir='ltr'>λαμ-</span> 
     </span>
    </p>
   </div>
   <div class='ocr_carea' id='block_1_28' title="bbox 408 2723 2078 2799">
    <p class='ocr_par' dir='ltr' id='par_1_28' title="bbox 408 2723 2078 2799">
     <span class='ocr_line' id='line_1_28' title="bbox 408 2723 2078 2799; baseline 0.003 -24"><span class='ocrx_word' id='word_1_219' title='bbox 408 2723 681 2795; x_wconf 77' lang='grc' dir='ltr'>προτέραν</span> <span class='ocrx_word' id='word_1_220' title='bbox 721 2724 964 2791; x_wconf 69' lang='grc' dir='ltr'>ἀφιεῖσαι</span> <span class='ocrx_word' id='word_1_221' title='bbox 1003 2726 1186 2797; x_wconf 85' lang='grc' dir='ltr'>φωνὴν</span> <span class='ocrx_word' id='word_1_222' title='bbox 1237 2727 1378 2780; x_wconf 83' lang='grc' dir='ltr'>κατὰ</span> <span class='ocrx_word' id='word_1_223' title='bbox 1408 2726 1537 2787; x_wconf 82' lang='grc' dir='ltr'>τῶν.</span> <span class='ocrx_word' id='word_1_224' title='bbox 1564 2728 1717 2798; x_wconf 77' lang='grc' dir='ltr'>παρὰ</span> <span class='ocrx_word' id='word_1_225' title='bbox 1756 2727 1853 2799; x_wconf 86' lang='grc' dir='ltr'>τὴν</span> <span class='ocrx_word' id='word_1_226' title='bbox 1902 2728 2078 2797; x_wconf 82' lang='grc' dir='ltr'>ἀρχὴν</span> 
     </span>
    </p>
   </div>
   <div class='ocr_carea' id='block_1_29' title="bbox 406 2810 2078 2885">
    <p class='ocr_par' dir='ltr' id='par_1_29' title="bbox 406 2810 2078 2885">
     <span class='ocr_line' id='line_1_29' title="bbox 406 2810 2078 2885; baseline 0.003 -23"><span class='ocrx_word' id='word_1_227' title='bbox 406 2810 735 2879; x_wconf 83' lang='grc' dir='ltr'>ἡρπακότων</span> <span class='ocrx_word' id='word_1_228' title='bbox 782 2812 982 2877; x_wconf 77' lang='grc' dir='ltr'>αὐτάς,</span> <span class='ocrx_word' id='word_1_229' title='bbox 1030 2813 1128 2884; x_wconf 85' lang='grc' dir='ltr'>τῆς</span> <span class='ocrx_word' id='word_1_230' title='bbox 1173 2812 1503 2884; x_wconf 82' lang='grc' dir='ltr'>ἐρημώσεως</span> <span class='ocrx_word' id='word_1_231' title='bbox 1535 2814 1634 2883; x_wconf 81' lang='grc' dir='ltr'>τῆς</span> <span class='ocrx_word' id='word_1_232' title='bbox 1685 2814 2078 2885; x_wconf 88' lang='grc' dir='ltr'>ἐπιτεταμένης</span> 
     </span>
    </p>
   </div>
   <div class='ocr_carea' id='block_1_30' title="bbox 408 2888 2080 2974">
    <p class='ocr_par' dir='ltr' id='par_1_30' title="bbox 408 2888 2080 2974">
     <span class='ocr_line' id='line_1_30' title="bbox 408 2888 2080 2974; baseline 0.004 -25"><span class='ocrx_word' id='word_1_233' title='bbox 408 2897 532 2950; x_wconf 76' lang='grc' dir='ltr'>ἀντὶ</span> <span class='ocrx_word' id='word_1_234' title='bbox 554 2898 814 2969; x_wconf 81' lang='grc' dir='ltr'>τροπαίου</span> <span class='ocrx_word' id='word_1_235' title='bbox 844 2899 987 2963; x_wconf 84' lang='grc' dir='ltr'>τινὸς</span> <span class='ocrx_word' id='word_1_236' title='bbox 1010 2901 1362 2974; x_wconf 82' lang='grc' dir='ltr'>φαινομένης.</span> <span class='ocrx_word' id='word_1_237' title='bbox 1393 2896 1475 2957; x_wconf 87' lang='grc' dir='ltr'>Οὗ</span> <span class='ocrx_word' id='word_1_238' title='bbox 1498 2903 1608 2972; x_wconf 76' lang='grc' dir='ltr'>γὰρ</span> <span class='ocrx_word' id='word_1_239' title='bbox 1628 2888 1911 2970; x_wconf 82' lang='grc' dir='ltr'>ὲργῶνται</span> <span class='ocrx_word' id='word_1_240' title='bbox 1931 2901 2080 2956; x_wconf 79' lang='grc' dir='ltr'>δέκα</span> 
     </span>
    </p>
   </div>
   <div class='ocr_carea' id='block_1_31' title="bbox 410 2982 2078 3057">
    <p class='ocr_par' dir='ltr' id='par_1_31' title="bbox 410 2982 2078 3057">
     <span class='ocr_line' id='line_1_31' title="bbox 410 2982 2078 3057; baseline 0.004 -21"><span class='ocrx_word' id='word_1_241' title='bbox 410 2982 582 3052; x_wconf 76' lang='grc' dir='ltr'>ζεύγη</span> <span class='ocrx_word' id='word_1_242' title='bbox 623 2984 808 3050; x_wconf 77' lang='grc' dir='ltr'>βοῶν,</span> <span class='ocrx_word' id='word_1_243' title='bbox 853 2985 1092 3052; x_wconf 82' lang='grc' dir='ltr'>ποιήσει</span> <span class='ocrx_word' id='word_1_244' title='bbox 1139 2987 1421 3056; x_wconf 81' lang='grc' dir='ltr'>κεράμιον</span> <span class='ocrx_word' id='word_1_245' title='bbox 1456 2987 1558 3041; x_wconf 83' lang='grc' dir='ltr'>ἐν·</span> <span class='ocrx_word' id='word_1_246' title='bbox 1604 2989 1700 3041; x_wconf 80' lang='grc' dir='ltr'>καὶ</span> <span class='ocrx_word' id='word_1_247' title='bbox 1742 2992 1775 3042; x_wconf 84' lang='grc' dir='ltr'>ό</span> <span class='ocrx_word' id='word_1_248' title='bbox 1815 2990 2078 3057; x_wconf 82' lang='grc' dir='ltr'>σπείρων</span> 
     </span>
    </p>
   </div>
   <div class='ocr_carea' id='block_1_32' title="bbox 406 3071 2078 3147">
    <p class='ocr_par' dir='ltr' id='par_1_32' title="bbox 406 3071 2078 3147">
     <span class='ocr_line' id='line_1_32' title="bbox 406 3071 2078 3147; baseline 0.004 -23"><span class='ocrx_word' id='word_1_249' title='bbox 406 3071 668 3138; x_wconf 80' lang='grc' dir='ltr'>ἀρτάϐας</span> <span class='ocrx_word' id='word_1_250' title='bbox 692 3072 783 3137; x_wconf 81' lang='grc' dir='ltr'>ἐξ,</span> <span class='ocrx_word' id='word_1_251' title='bbox 808 3072 1048 3139; x_wconf 81' lang='grc' dir='ltr'>ποιήσει</span> <span class='ocrx_word' id='word_1_252' title='bbox 1076 3073 1263 3143; x_wconf 82' lang='grc' dir='ltr'>μέτρα</span> <span class='ocrx_word' id='word_1_253' title='bbox 1288 3078 1438 3145; x_wconf 86' lang='grc' dir='ltr'>τρία.</span> <span class='ocrx_word' id='word_1_254' title='bbox 1471 3077 1601 3129; x_wconf 84' lang='grc' dir='ltr'>’Λπὸ</span> <span class='ocrx_word' id='word_1_255' title='bbox 1628 3079 1726 3147; x_wconf 81' lang='grc' dir='ltr'>τῆς</span> <span class='ocrx_word' id='word_1_256' title='bbox 1755 3077 1962 3140; x_wconf 90' lang='grc' dir='ltr'>πόλεως</span> <span class='ocrx_word' id='word_1_257' title='bbox 1986 3078 2078 3130; x_wconf 79' lang='grc' dir='ltr'>ἐπὶ</span> 
     </span>
    </p>
   </div>
   <div class='ocr_carea' id='block_1_33' title="bbox 408 3158 2080 3233">
    <p class='ocr_par' dir='ltr' id='par_1_33' title="bbox 408 3158 2080 3233">
     <span class='ocr_line' id='line_1_33' title="bbox 408 3158 2080 3233; baseline 0.004 -23"><span class='ocrx_word' id='word_1_258' title='bbox 408 3158 507 3230; x_wconf 80' lang='grc' dir='ltr'>τὴν</span> <span class='ocrx_word' id='word_1_259' title='bbox 536 3160 637 3229; x_wconf 78' lang='grc' dir='ltr'>τῆς</span> <span class='ocrx_word' id='word_1_260' title='bbox 676 3160 859 3231; x_wconf 85' lang='grc' dir='ltr'>χώρας</span> <span class='ocrx_word' id='word_1_261' title='bbox 889 3161 1123 3233; x_wconf 81' lang='grc' dir='ltr'>ἐρημίαν</span> <span class='ocrx_word' id='word_1_262' title='bbox 1160 3162 1341 3231; x_wconf 80' lang='grc' dir='ltr'>ἐξάγει</span> <span class='ocrx_word' id='word_1_263' title='bbox 1373 3164 1464 3216; x_wconf 89' lang='grc' dir='ltr'>τὸν</span> <span class='ocrx_word' id='word_1_264' title='bbox 1497 3163 1672 3231; x_wconf 80' lang='grc' dir='ltr'>λόγον,</span> <span class='ocrx_word' id='word_1_265' title='bbox 1706 3164 1848 3218; x_wconf 82' lang='grc' dir='ltr'>ὥστε</span> <span class='ocrx_word' id='word_1_266' title='bbox 1882 3163 2080 3217; x_wconf 81' lang='grc' dir='ltr'>πάντο-</span> 
     </span>
    </p>
   </div>
   <div class='ocr_carea' id='block_1_34' title="bbox 409 3248 2075 3325">
    <p class='ocr_par' dir='ltr' id='par_1_34' title="bbox 409 3248 2075 3325">
     <span class='ocr_line' id='line_1_34' title="bbox 409 3248 2075 3325; baseline 0.004 -25"><span class='ocrx_word' id='word_1_267' title='bbox 409 3248 503 3301; x_wconf 89' lang='grc' dir='ltr'>θεν</span> <span class='ocrx_word' id='word_1_268' title='bbox 527 3249 869 3319; x_wconf 75' lang='grc' dir='ltr'>καταπλῆξαι</span> <span class='ocrx_word' id='word_1_269' title='bbox 894 3251 985 3303; x_wconf 83' lang='grc' dir='ltr'>τὸν</span> <span class='ocrx_word' id='word_1_270' title='bbox 1010 3253 1303 3324; x_wconf 81' lang='grc' dir='ltr'>ἀκροατήν.</span> <span class='ocrx_word' id='word_1_271' title='bbox 1340 3252 1477 3306; x_wconf 73' lang='grc' dir='ltr'>Οὔτε</span> <span class='ocrx_word' id='word_1_272' title='bbox 1505 3253 1613 3325; x_wconf 81' lang='grc' dir='ltr'>γὰρ</span> <span class='ocrx_word' id='word_1_273' title='bbox 1634 3255 1689 3306; x_wconf 80' lang='grc' dir='ltr'>αἱ</span> <span class='ocrx_word' id='word_1_274' title='bbox 1712 3253 1900 3317; x_wconf 79' lang='grc' dir='ltr'>οἰκίαι,</span> <span class='ocrx_word' id='word_1_275' title='bbox 1921 3254 2075 3324; x_wconf 78' lang='grc' dir='ltr'>φησὶ,</span> 
     </span>
    </p>
   </div>
   <div class='ocr_carea' id='block_1_35' title="bbox 413 3336 2078 3411">
    <p class='ocr_par' dir='ltr' id='par_1_35' title="bbox 413 3336 2078 3411">
     <span class='ocr_line' id='line_1_35' title="bbox 413 3336 2078 3411; baseline 0.004 -23"><span class='ocrx_word' id='word_1_276' title='bbox 413 3336 699 3403; x_wconf 77' lang='grc' dir='ltr'>καθέξουσι</span> <span class='ocrx_word' id='word_1_277' title='bbox 745 3340 871 3402; x_wconf 79' lang='grc' dir='ltr'>τοὺς</span> <span class='ocrx_word' id='word_1_278' title='bbox 899 3338 1266 3403; x_wconf 82' lang='grc' dir='ltr'>ἐνοικοῦντας,</span> <span class='ocrx_word' id='word_1_279' title='bbox 1296 3339 1419 3393; x_wconf 81' lang='grc' dir='ltr'>οὕτε</span> <span class='ocrx_word' id='word_1_280' title='bbox 1453 3342 1487 3411; x_wconf 85' lang='grc' dir='ltr'>ὴ</span> <span class='ocrx_word' id='word_1_281' title='bbox 1521 3341 1593 3410; x_wconf 87' lang='grc' dir='ltr'><strong>γῆ</strong></span> <span class='ocrx_word' id='word_1_282' title='bbox 1622 3340 1721 3409; x_wconf 84' lang='grc' dir='ltr'>τὴν</span> <span class='ocrx_word' id='word_1_283' title='bbox 1752 3340 1919 3411; x_wconf 79' lang='grc' dir='ltr'>αὐτῆς</span> <span class='ocrx_word' id='word_1_284' title='bbox 1957 3343 2078 3395; x_wconf 88' lang='grc' dir='ltr'>ἐπι-</span> 
     </span>
    </p>
   </div>
   <div class='ocr_carea' id='block_1_36' title="bbox 406 3423 2075 3499">
    <p class='ocr_par' dir='ltr' id='par_1_36' title="bbox 406 3423 2075 3499">
     <span class='ocr_line' id='line_1_36' title="bbox 406 3423 2075 3499; baseline 0.004 -24"><span class='ocrx_word' id='word_1_285' title='bbox 406 3423 635 3491; x_wconf 82' lang='grc' dir='ltr'>δείξεται</span> <span class='ocrx_word' id='word_1_286' title='bbox 662 3425 908 3496; x_wconf 88' lang='grc' dir='ltr'>δύναμιν.</span> <span class='ocrx_word' id='word_1_287' title='bbox 942 3427 1053 3482; x_wconf 84' lang='lat' dir='ltr'>Kal</span> <span class='ocrx_word' id='word_1_288' title='bbox 1083 3427 1189 3499; x_wconf 81' lang='grc' dir='ltr'>γάρ</span> <span class='ocrx_word' id='word_1_289' title='bbox 1222 3428 1280 3493; x_wconf 88' lang='grc' dir='ltr'>ἐξ</span> <span class='ocrx_word' id='word_1_290' title='bbox 1314 3429 1486 3498; x_wconf 85' lang='grc' dir='ltr'>ἀρχῆς</span> <span class='ocrx_word' id='word_1_291' title='bbox 1515 3427 1604 3481; x_wconf 81' lang='grc' dir='ltr'>διὰ</span> <span class='ocrx_word' id='word_1_292' title='bbox 1634 3428 1734 3498; x_wconf 83' lang='grc' dir='ltr'>τὴν</span> <span class='ocrx_word' id='word_1_293' title='bbox 1775 3427 1869 3481; x_wconf 91' lang='grc' dir='ltr'>τοῦ</span> <span class='ocrx_word' id='word_1_294' title='bbox 1907 3428 2075 3498; x_wconf 78' lang='grc' dir='ltr'>’Δδάμ</span> 
     </span>
    </p>
   </div>
   <div class='ocr_carea' id='block_1_37' title="bbox 411 3511 2073 3587">
    <p class='ocr_par' dir='ltr' id='par_1_37' title="bbox 411 3511 2073 3587">
     <span class='ocr_line' id='line_1_37' title="bbox 411 3511 2073 3587; baseline 0.002 -21"><span class='ocrx_word' id='word_1_295' title='bbox 411 3511 687 3582; x_wconf 81' lang='grc' dir='ltr'>ἁμαρτίαν</span> <span class='ocrx_word' id='word_1_296' title='bbox 725 3513 967 3578; x_wconf 83' lang='grc' dir='ltr'>ἀκάνθας</span> <span class='ocrx_word' id='word_1_297' title='bbox 1018 3515 1113 3567; x_wconf 82' lang='grc' dir='ltr'>καὶ</span> <span class='ocrx_word' id='word_1_298' title='bbox 1150 3516 1430 3585; x_wconf 88' lang='grc' dir='ltr'>τριϐόλους</span> <span class='ocrx_word' id='word_1_299' title='bbox 1473 3515 1766 3586; x_wconf 80' lang='grc' dir='ltr'>ἐξήνεγκε·</span> <span class='ocrx_word' id='word_1_300' title='bbox 1804 3516 1897 3570; x_wconf 79' lang='grc' dir='ltr'>καὶ</span> <span class='ocrx_word' id='word_1_301' title='bbox 1958 3516 2073 3587; x_wconf 85' lang='grc' dir='ltr'>μετ’</span> 
     </span>
    </p>
   </div>
   <div class='ocr_carea' id='block_1_38' title="bbox 408 3599 2075 3674">
    <p class='ocr_par' dir='ltr' id='par_1_38' title="bbox 408 3599 2075 3674">
     <span class='ocr_line' id='line_1_38' title="bbox 408 3599 2075 3674; baseline 0.004 -24"><span class='ocrx_word' id='word_1_302' title='bbox 408 3599 638 3666; x_wconf 81' lang='grc' dir='ltr'>ἐκεῖνον,</span> <span class='ocrx_word' id='word_1_303' title='bbox 671 3600 760 3655; x_wconf 82' lang='grc' dir='ltr'>διὰ</span> <span class='ocrx_word' id='word_1_304' title='bbox 787 3601 885 3673; x_wconf 83' lang='grc' dir='ltr'>τὴν</span> <span class='ocrx_word' id='word_1_305' title='bbox 910 3601 1006 3655; x_wconf 85' lang='grc' dir='ltr'>τοῦ</span> <span class='ocrx_word' id='word_1_306' title='bbox 1041 3602 1182 3658; x_wconf 80' lang='grc' dir='ltr'>Κάῐν</span> <span class='ocrx_word' id='word_1_307' title='bbox 1216 3604 1582 3674; x_wconf 85' lang='grc' dir='ltr'>παρανομίαν,</span> <span class='ocrx_word' id='word_1_308' title='bbox 1606 3602 1865 3657; x_wconf 89' lang='grc' dir='ltr'>ἐλάττονα.</span> <span class='ocrx_word' id='word_1_309' title='bbox 1897 3603 2075 3674; x_wconf 83' lang='grc' dir='ltr'>πολλῷ</span> 
     </span>
    </p>
   </div>
   <div class='ocr_carea' id='block_1_39' title="bbox 406 3688 2076 3768">
    <p class='ocr_par' dir='ltr' id='par_1_39' title="bbox 406 3688 2076 3768">
     <span class='ocr_line' id='line_1_39' title="bbox 406 3688 2076 3768; baseline 0.007 -29"><span class='ocrx_word' id='word_1_310' title='bbox 406 3688 499 3740; x_wconf 82' lang='grc' dir='ltr'>τὸν</span> <span class='ocrx_word' id='word_1_311' title='bbox 527 3690 686 3743; x_wconf 89' lang='grc' dir='ltr'>πόνον</span> <span class='ocrx_word' id='word_1_312' title='bbox 714 3690 805 3745; x_wconf 86' lang='grc' dir='ltr'>τὸν</span> <span class='ocrx_word' id='word_1_313' title='bbox 832 3693 1040 3746; x_wconf 90' lang='grc' dir='ltr'>ἐκείνου</span> <span class='ocrx_word' id='word_1_314' title='bbox 1064 3707 1090 3734; x_wconf 75' lang='grc' dir='ltr'>ει</span> <span class='ocrx_word' id='word_1_315' title='bbox 1115 3693 1329 3764; x_wconf 79' lang='grc' dir='ltr'>καὶτῆς</span> <span class='ocrx_word' id='word_1_316' title='bbox 1355 3694 1559 3758; x_wconf 85' lang='grc' dir='ltr'>οἰκείας</span> <span class='ocrx_word' id='word_1_317' title='bbox 1583 3695 1766 3765; x_wconf 87' lang='grc' dir='ltr'>ἰσχύος</span> <span class='ocrx_word' id='word_1_318' title='bbox 1785 3698 1882 3766; x_wconf 81' lang='grc' dir='ltr'>τὴν</span> <span class='ocrx_word' id='word_1_319' title='bbox 1907 3696 2076 3768; x_wconf 88' lang='grc' dir='ltr'>φοράν</span> 
     </span>
    </p>
   </div>
   <div class='ocr_carea' id='block_1_40' title="bbox 406 3776 2075 3854">
    <p class='ocr_par' dir='ltr' id='par_1_40' title="bbox 406 3776 2075 3854">
     <span class='ocr_line' id='line_1_40' title="bbox 406 3776 2075 3854; baseline 0.008 -27"><span class='ocrx_word' id='word_1_320' title='bbox 406 3776 771 3833; x_wconf 83' lang='grc' dir='ltr'>ἐπεδείκνυτο.</span> <span class='ocrx_word' id='word_1_321' title='bbox 820 3782 929 3835; x_wconf 88' lang='lat' dir='ltr'>Kal</span> <span class='ocrx_word' id='word_1_322' title='bbox 963 3782 1233 3853; x_wconf 89' lang='grc' dir='ltr'>πολλαχοῦ</span> <span class='ocrx_word' id='word_1_323' title='bbox 1271 3783 1327 3837; x_wconf 88' lang='grc' dir='ltr'>δὲ</span> <span class='ocrx_word' id='word_1_324' title='bbox 1366 3784 1600 3854; x_wconf 83' lang='grc' dir='ltr'>ἀλλαχοῦ</span> <span class='ocrx_word' id='word_1_325' title='bbox 1637 3785 1735 3838; x_wconf 83' lang='grc' dir='ltr'>ίδοι</span> <span class='ocrx_word' id='word_1_326' title='bbox 1765 3801 1851 3849; x_wconf 86' lang='grc' dir='ltr'>τις</span> <span class='ocrx_word' id='word_1_327' title='bbox 1890 3785 1956 3839; x_wconf 83' lang='grc' dir='ltr'>ἂν</span> <span class='ocrx_word' id='word_1_328' title='bbox 1987 3786 2075 3841; x_wconf 89' lang='grc' dir='ltr'>διά</span> 
     </span>
    </p>
   </div>
   <div class='ocr_carea' id='block_1_41' title="bbox 405 3864 2077 3943">
    <p class='ocr_par' dir='ltr' id='par_1_41' title="bbox 405 3864 2077 3943">
     <span class='ocr_line' id='line_1_41' title="bbox 405 3864 2077 3943; baseline 0.008 -28"><span class='ocrx_word' id='word_1_329' title='bbox 405 3864 504 3926; x_wconf 77' lang='grc' dir='ltr'>τὰς</span> <span class='ocrx_word' id='word_1_330' title='bbox 548 3865 657 3919; x_wconf 89' lang='grc' dir='ltr'>τῶν</span> <span class='ocrx_word' id='word_1_331' title='bbox 690 3867 989 3938; x_wconf 83' lang='grc' dir='ltr'>ἀνθρώπων</span> <span class='ocrx_word' id='word_1_332' title='bbox 1030 3871 1304 3940; x_wconf 87' lang='grc' dir='ltr'>ἁμαρτίας</span> <span class='ocrx_word' id='word_1_333' title='bbox 1342 3872 1511 3941; x_wconf 84' lang='grc' dir='ltr'>αὐτὴν</span> <span class='ocrx_word' id='word_1_334' title='bbox 1545 3871 1931 3943; x_wconf 79' lang='grc' dir='ltr'>κολαζομένην.</span> <span class='ocrx_word' id='word_1_335' title='bbox 1968 3873 2077 3928; x_wconf 86' lang='grc' dir='ltr'>Καὶ</span> 
     </span>
    </p>
   </div>
   <div class='ocr_carea' id='block_1_42' title="bbox 404 3953 2074 4035">
    <p class='ocr_par' dir='ltr' id='par_1_42' title="bbox 404 3953 2074 4035">
     <span class='ocr_line' id='line_1_42' title="bbox 404 3953 2074 4035; baseline 0.011 -32"><span class='ocrx_word' id='word_1_336' title='bbox 404 3953 459 4004; x_wconf 89' lang='grc' dir='ltr'>τί</span> <span class='ocrx_word' id='word_1_337' title='bbox 491 3954 809 4025; x_wconf 79' lang='grc' dir='ltr'>θαυμάζεις.</span> <span class='ocrx_word' id='word_1_338' title='bbox 842 3960 891 4012; x_wconf 89' lang='grc' dir='ltr'>εἰ</span> <span class='ocrx_word' id='word_1_339' title='bbox 925 3963 1093 4029; x_wconf 87' lang='grc' dir='ltr'>πηροῖ</span> <span class='ocrx_word' id='word_1_340' title='bbox 1112 3962 1211 4024; x_wconf 76' lang='grc' dir='ltr'>τὰς</span> <span class='ocrx_word' id='word_1_341' title='bbox 1237 3963 1399 4029; x_wconf 83' lang='grc' dir='ltr'>γονὰς</span> <span class='ocrx_word' id='word_1_342' title='bbox 1436 3965 1603 4035; x_wconf 77' lang='grc' dir='ltr'>αὐτῆς</span> <span class='ocrx_word' id='word_1_343' title='bbox 1631 3968 1724 4020; x_wconf 82' lang='grc' dir='ltr'>καὶ</span> <span class='ocrx_word' id='word_1_344' title='bbox 1758 3968 1856 4030; x_wconf 84' lang='grc' dir='ltr'>τὰς</span> <span class='ocrx_word' id='word_1_345' title='bbox 1881 3969 2074 4033; x_wconf 83' lang='grc' dir='ltr'>ὠδῖνας</span> 
     </span>
    </p>
   </div>
   <div class='ocr_carea' id='block_1_43' title="bbox 406 4040 2073 4127">
    <p class='ocr_par' dir='ltr' id='par_1_43' title="bbox 406 4040 2073 4127">
     <span class='ocr_line' id='line_1_43' title="bbox 406 4040 2073 4127; baseline 0.011 -35"><span class='ocrx_word' id='word_1_346' title='bbox 406 4040 517 4093; x_wconf 87' lang='grc' dir='ltr'>τῶν</span> <span class='ocrx_word' id='word_1_347' title='bbox 550 4042 852 4113; x_wconf 84' lang='grc' dir='ltr'>ἀνθρώπων</span> <span class='ocrx_word' id='word_1_348' title='bbox 896 4047 930 4114; x_wconf 83' lang='grc' dir='ltr'>ἡ</span> <span class='ocrx_word' id='word_1_349' title='bbox 960 4048 1291 4116; x_wconf 88' lang='grc' dir='ltr'>παρανομία,</span> <span class='ocrx_word' id='word_1_350' title='bbox 1324 4051 1457 4102; x_wconf 85' lang='grc' dir='ltr'>ὅπου</span> <span class='ocrx_word' id='word_1_351' title='bbox 1503 4069 1566 4120; x_wconf 80' lang='grc' dir='ltr'>γε</span> <span class='ocrx_word' id='word_1_352' title='bbox 1609 4056 1701 4106; x_wconf 73' lang='grc' dir='ltr'>καὶ</span> <span class='ocrx_word' id='word_1_353' title='bbox 1748 4056 1959 4127; x_wconf 77' lang='grc' dir='ltr'>φθαρτή</span> <span class='ocrx_word' id='word_1_354' title='bbox 2004 4057 2073 4111; x_wconf 88' lang='grc' dir='ltr'>δι’</span> 
     </span>
    </p>
   </div>
   <div class='ocr_carea' id='block_1_44' title="bbox 382 4131 2071 4210">
    <p class='ocr_par' dir='ltr' id='par_1_44' title="bbox 382 4131 2071 4210">
     <span class='ocr_line' id='line_1_44' title="bbox 382 4131 2071 4210; baseline 0.008 -28"><span class='ocrx_word' id='word_1_355' title='bbox 382 4132 557 4206; x_wconf 73' lang='grc' dir='ltr'>⁸ἡμᾶς</span> <span class='ocrx_word' id='word_1_356' title='bbox 600 4131 844 4197; x_wconf 82' lang='grc' dir='ltr'>ἐγένετο,</span> <span class='ocrx_word' id='word_1_357' title='bbox 884 4132 976 4184; x_wconf 81' lang='grc' dir='ltr'>καὶ</span> <span class='ocrx_word' id='word_1_358' title='bbox 1013 4132 1287 4203; x_wconf 81' lang='grc' dir='ltr'>ἄφθαρτος</span> <span class='ocrx_word' id='word_1_359' title='bbox 1338 4135 1498 4187; x_wconf 87' lang='grc' dir='ltr'>πάλιν</span> <span class='ocrx_word' id='word_1_360' title='bbox 1542 4137 1607 4189; x_wconf 78' lang='grc' dir='ltr'>δι’</span> <span class='ocrx_word' id='word_1_361' title='bbox 1640 4140 1783 4208; x_wconf 79' lang='grc' dir='ltr'>ἡμᾶς</span> <span class='ocrx_word' id='word_1_362' title='bbox 1824 4141 2071 4210; x_wconf 88' lang='grc' dir='ltr'>γίνεται;</span> 
     </span>
    </p>
   </div>
   <div class='ocr_carea' id='block_1_45' title="bbox 421 4215 2076 4300">
    <p class='ocr_par' dir='ltr' id='par_1_45' title="bbox 421 4215 2076 4300">
     <span class='ocr_line' id='line_1_45' title="bbox 421 4215 2076 4300; baseline 0.007 -29"><span class='ocrx_word' id='word_1_363' title='bbox 421 4218 638 4289; x_wconf 82' lang='grc' dir='ltr'>Ἐπειδὴ</span> <span class='ocrx_word' id='word_1_364' title='bbox 669 4220 778 4293; x_wconf 78' lang='grc' dir='ltr'>γὰρ</span> <span class='ocrx_word' id='word_1_365' title='bbox 809 4219 945 4283; x_wconf 83' lang='grc' dir='ltr'>ὅλως</span> <span class='ocrx_word' id='word_1_366' title='bbox 972 4219 1034 4272; x_wconf 84' lang='grc' dir='ltr'>τὸ</span> <span class='ocrx_word' id='word_1_367' title='bbox 1064 4215 1203 4275; x_wconf 72' lang='grc' dir='ltr'>εἶναι</span> <span class='ocrx_word' id='word_1_368' title='bbox 1230 4221 1297 4274; x_wconf 86' lang='grc' dir='ltr'>δι’</span> <span class='ocrx_word' id='word_1_369' title='bbox 1326 4223 1473 4293; x_wconf 79' lang='grc' dir='ltr'>ἡμᾶς</span> <span class='ocrx_word' id='word_1_370' title='bbox 1506 4223 1663 4279; x_wconf 68' lang='grc' dir='ltr'>ἔλαϐε</span> <span class='ocrx_word' id='word_1_371' title='bbox 1699 4228 1791 4279; x_wconf 74' lang='grc' dir='ltr'>καὶ</span> <span class='ocrx_word' id='word_1_372' title='bbox 1816 4229 1911 4298; x_wconf 81' lang='grc' dir='ltr'>τὴν</span> <span class='ocrx_word' id='word_1_373' title='bbox 1936 4231 2076 4300; x_wconf 84' lang='grc' dir='ltr'>ἡμε-</span> 
     </span>
    </p>
   </div>
   <div class='ocr_carea' id='block_1_46' title="bbox 405 4306 2076 4380">
    <p class='ocr_par' dir='ltr' id='par_1_46' title="bbox 405 4306 2076 4380">
     <span class='ocr_line' id='line_1_46' title="bbox 405 4306 2076 4380; baseline 0.007 -21"><span class='ocrx_word' id='word_1_374' title='bbox 405 4306 572 4378; x_wconf 79' lang='grc' dir='ltr'>τέραν</span> <span class='ocrx_word' id='word_1_375' title='bbox 617 4306 925 4372; x_wconf 81' lang='grc' dir='ltr'>διακονίαν,</span> <span class='ocrx_word' id='word_1_376' title='bbox 959 4311 1052 4361; x_wconf 85' lang='grc' dir='ltr'>καὶ</span> <span class='ocrx_word' id='word_1_377' title='bbox 1085 4309 1146 4367; x_wconf 76' lang='grc' dir='ltr'>τὸ</span> <span class='ocrx_word' id='word_1_378' title='bbox 1185 4308 1353 4374; x_wconf 79' lang='grc' dir='ltr'>οὕτως</span> <span class='ocrx_word' id='word_1_379' title='bbox 1394 4311 1426 4380; x_wconf 87' lang='grc' dir='ltr'>ἢ</span> <span class='ocrx_word' id='word_1_380' title='bbox 1473 4313 1697 4377; x_wconf 88' lang='grc' dir='ltr'>ἐκείνως</span> <span class='ocrx_word' id='word_1_381' title='bbox 1746 4312 1883 4368; x_wconf 78' lang='grc' dir='ltr'>εἶναι</span> <span class='ocrx_word' id='word_1_382' title='bbox 1919 4318 2076 4373; x_wconf 87' lang='grc' dir='ltr'>πάλιν</span> 
     </span>
    </p>
   </div>
   <div class='ocr_carea' id='block_1_47' title="bbox 407 4394 2077 4473">
    <p class='ocr_par' dir='ltr' id='par_1_47' title="bbox 407 4394 2077 4473">
     <span class='ocr_line' id='line_1_47' title="bbox 407 4394 2077 4473; baseline 0.007 -26"><span class='ocrx_word' id='word_1_383' title='bbox 407 4394 658 4448; x_wconf 84' lang='grc' dir='ltr'>ἐντεῦθεν</span> <span class='ocrx_word' id='word_1_384' title='bbox 688 4394 952 4464; x_wconf 88' lang='grc' dir='ltr'>λαμϐάνει</span> <span class='ocrx_word' id='word_1_385' title='bbox 986 4396 1084 4468; x_wconf 82' lang='grc' dir='ltr'>τὴν</span> <span class='ocrx_word' id='word_1_386' title='bbox 1112 4398 1285 4469; x_wconf 84' lang='grc' dir='ltr'>ἀρχὴν</span> <span class='ocrx_word' id='word_1_387' title='bbox 1313 4399 1404 4452; x_wconf 71' lang='grc' dir='ltr'>καὶ</span> <span class='ocrx_word' id='word_1_388' title='bbox 1437 4400 1535 4472; x_wconf 83' lang='grc' dir='ltr'>τὴν</span> <span class='ocrx_word' id='word_1_389' title='bbox 1560 4400 1735 4472; x_wconf 77' lang='grc' dir='ltr'>ῥίζαν.</span> <span class='ocrx_word' id='word_1_390' title='bbox 1761 4403 1917 4456; x_wconf 79' lang='grc' dir='ltr'>Οὖτω</span> <span class='ocrx_word' id='word_1_391' title='bbox 1947 4404 2077 4473; x_wconf 88' lang='grc' dir='ltr'>γοῦν</span> 
     </span>
    </p>
   </div>
   <div class='ocr_carea' id='block_1_48' title="bbox 406 4483 2077 4561">
    <p class='ocr_par' dir='ltr' id='par_1_48' title="bbox 406 4483 2077 4561">
     <span class='ocr_line' id='line_1_48' title="bbox 406 4483 2077 4561; baseline 0.005 -24"><span class='ocrx_word' id='word_1_392' title='bbox 406 4483 505 4537; x_wconf 70' lang='grc' dir='ltr'>καὶ</span> <span class='ocrx_word' id='word_1_393' title='bbox 533 4485 629 4537; x_wconf 82' lang='grc' dir='ltr'>ἐπὶ</span> <span class='ocrx_word' id='word_1_394' title='bbox 656 4483 749 4537; x_wconf 91' lang='grc' dir='ltr'>τοῦ</span> <span class='ocrx_word' id='word_1_395' title='bbox 775 4484 919 4541; x_wconf 84' lang='grc' dir='ltr'>Νῶε.</span> <span class='ocrx_word' id='word_1_396' title='bbox 951 4485 1165 4557; x_wconf 84' lang='grc' dir='ltr'>Ἐπειδὴ</span> <span class='ocrx_word' id='word_1_397' title='bbox 1188 4487 1321 4558; x_wconf 74' lang='grc' dir='ltr'>πρὸς</span> <span class='ocrx_word' id='word_1_398' title='bbox 1345 4489 1539 4541; x_wconf 90' lang='grc' dir='ltr'>κακίαν</span> <span class='ocrx_word' id='word_1_399' title='bbox 1564 4490 1796 4561; x_wconf 85' lang='grc' dir='ltr'>ἐσχάτην</span> <span class='ocrx_word' id='word_1_400' title='bbox 1826 4491 2077 4556; x_wconf 84' lang='grc' dir='ltr'>ἐξώκειλε</span> 
     </span>
    </p>
   </div>
   <div class='ocr_carea' id='block_1_49' title="bbox 405 4570 2075 4655">
    <p class='ocr_par' dir='ltr' id='par_1_49' title="bbox 405 4570 2075 4655">
     <span class='ocr_line' id='line_1_49' title="bbox 405 4570 2075 4655; baseline 0.006 -30"><span class='ocrx_word' id='word_1_401' title='bbox 405 4572 518 4625; x_wconf 87' lang='grc' dir='ltr'>τῶν</span> <span class='ocrx_word' id='word_1_402' title='bbox 558 4570 858 4643; x_wconf 86' lang='grc' dir='ltr'>ἀνθρώπων</span> <span class='ocrx_word' id='word_1_403' title='bbox 890 4575 923 4643; x_wconf 82' lang='grc' dir='ltr'>ἡ</span> <span class='ocrx_word' id='word_1_404' title='bbox 952 4573 1134 4642; x_wconf 87' lang='grc' dir='ltr'>φύσις,</span> <span class='ocrx_word' id='word_1_405' title='bbox 1178 4577 1355 4632; x_wconf 85' lang='grc' dir='ltr'>πάντα</span> <span class='ocrx_word' id='word_1_406' title='bbox 1390 4577 1619 4649; x_wconf 84' lang='grc' dir='ltr'>ἐφύρετο</span> <span class='ocrx_word' id='word_1_407' title='bbox 1648 4578 1715 4633; x_wconf 84' lang='grc' dir='ltr'>τά</span> <span class='ocrx_word' id='word_1_408' title='bbox 1754 4581 2075 4655; x_wconf 88' lang='grc' dir='ltr'>πράγματα,</span> 
     </span>
    </p>
   </div>
   <div class='ocr_carea' id='block_1_50' title="bbox 406 4661 2073 4739">
    <p class='ocr_par' dir='ltr' id='par_1_50' title="bbox 406 4661 2073 4739">
     <span class='ocr_line' id='line_1_50' title="bbox 406 4661 2073 4739; baseline 0.007 -26"><span class='ocrx_word' id='word_1_409' title='bbox 406 4661 503 4713; x_wconf 70' lang='grc' dir='ltr'>καὶ</span> <span class='ocrx_word' id='word_1_410' title='bbox 533 4661 844 4731; x_wconf 81' lang='grc' dir='ltr'>σπέρματα,</span> <span class='ocrx_word' id='word_1_411' title='bbox 891 4662 984 4714; x_wconf 75' lang='grc' dir='ltr'>καὶ</span> <span class='ocrx_word' id='word_1_412' title='bbox 1018 4663 1183 4731; x_wconf 83' lang='grc' dir='ltr'>φυτὰ,</span> <span class='ocrx_word' id='word_1_413' title='bbox 1231 4666 1324 4717; x_wconf 77' lang='grc' dir='ltr'>καὶ</span> <span class='ocrx_word' id='word_1_414' title='bbox 1354 4665 1560 4734; x_wconf 83' lang='grc' dir='ltr'>ἀλόγων</span> <span class='ocrx_word' id='word_1_415' title='bbox 1599 4667 1752 4738; x_wconf 83' lang='grc' dir='ltr'>γένη,</span> <span class='ocrx_word' id='word_1_416' title='bbox 1784 4670 1876 4721; x_wconf 79' lang='grc' dir='ltr'>καὶ</span> <span class='ocrx_word' id='word_1_417' title='bbox 1910 4670 1942 4739; x_wconf 87' lang='grc' dir='ltr'>ὴ</span> <span class='ocrx_word' id='word_1_418' title='bbox 1978 4669 2073 4739; x_wconf 82' lang='grc' dir='ltr'>γῆ,</span> 
     </span>
    </p>
   </div>
   <div class='ocr_carea' id='block_1_51' title="bbox 405 4746 2072 4827">
    <p class='ocr_par' dir='ltr' id='par_1_51' title="bbox 405 4746 2072 4827">
     <span class='ocr_line' id='line_1_51' title="bbox 405 4746 2072 4827; baseline 0.007 -28"><span class='ocrx_word' id='word_1_419' title='bbox 405 4748 501 4801; x_wconf 77' lang='grc' dir='ltr'>καὶ</span> <span class='ocrx_word' id='word_1_420' title='bbox 536 4746 795 4811; x_wconf 88' lang='grc' dir='ltr'>θάλαττα,</span> <span class='ocrx_word' id='word_1_421' title='bbox 826 4749 919 4801; x_wconf 76' lang='grc' dir='ltr'>καὶ</span> <span class='ocrx_word' id='word_1_422' title='bbox 950 4748 1079 4821; x_wconf 87' lang='grc' dir='ltr'>ἀὴρ,</span> <span class='ocrx_word' id='word_1_423' title='bbox 1120 4752 1212 4804; x_wconf 76' lang='grc' dir='ltr'>καὶ</span> <span class='ocrx_word' id='word_1_424' title='bbox 1244 4751 1365 4822; x_wconf 81' lang='grc' dir='ltr'>ὅρη,</span> <span class='ocrx_word' id='word_1_425' title='bbox 1398 4754 1492 4807; x_wconf 76' lang='grc' dir='ltr'>καὶ</span> <span class='ocrx_word' id='word_1_426' title='bbox 1518 4755 1704 4820; x_wconf 87' lang='grc' dir='ltr'>νάπαι,</span> <span class='ocrx_word' id='word_1_427' title='bbox 1742 4757 1835 4809; x_wconf 79' lang='grc' dir='ltr'>καὶ</span> <span class='ocrx_word' id='word_1_428' title='bbox 1875 4756 2072 4827; x_wconf 77' lang='grc' dir='ltr'>βουνοὶ,</span> 
     </span>
    </p>
   </div>
   <div class='ocr_carea' id='block_1_52' title="bbox 404 4836 2075 4912">
    <p class='ocr_par' dir='ltr' id='par_1_52' title="bbox 404 4836 2075 4912">
     <span class='ocr_line' id='line_1_52' title="bbox 404 4836 2075 4912; baseline 0.004 -23"><span class='ocrx_word' id='word_1_429' title='bbox 404 4836 501 4889; x_wconf 71' lang='grc' dir='ltr'>καὶ</span> <span class='ocrx_word' id='word_1_430' title='bbox 535 4836 740 4898; x_wconf 88' lang='grc' dir='ltr'>πόλεις,</span> <span class='ocrx_word' id='word_1_431' title='bbox 763 4837 857 4891; x_wconf 79' lang='grc' dir='ltr'>καὶ</span> <span class='ocrx_word' id='word_1_432' title='bbox 875 4836 1050 4906; x_wconf 87' lang='grc' dir='ltr'>τείχη,</span> <span class='ocrx_word' id='word_1_433' title='bbox 1074 4839 1167 4890; x_wconf 71' lang='grc' dir='ltr'>καὶ</span> <span class='ocrx_word' id='word_1_434' title='bbox 1192 4838 1376 4903; x_wconf 85' lang='grc' dir='ltr'>οἰκίαι,</span> <span class='ocrx_word' id='word_1_435' title='bbox 1399 4843 1492 4894; x_wconf 68' lang='grc' dir='ltr'>καὶ</span> <span class='ocrx_word' id='word_1_436' title='bbox 1518 4842 1749 4912; x_wconf 90' lang='grc' dir='ltr'>πύργοι·</span> <span class='ocrx_word' id='word_1_437' title='bbox 1778 4845 1871 4896; x_wconf 81' lang='grc' dir='ltr'>καὶ</span> <span class='ocrx_word' id='word_1_438' title='bbox 1900 4843 2075 4897; x_wconf 88' lang='grc' dir='ltr'>πάντα</span> 
     </span>
    </p>
   </div>
   <div class='ocr_carea' id='block_1_53' title="bbox 407 4922 2076 4998">
    <p class='ocr_par' dir='ltr' id='par_1_53' title="bbox 407 4922 2076 4998">
     <span class='ocr_line' id='line_1_53' title="bbox 407 4922 2076 4998; baseline 0.004 -23"><span class='ocrx_word' id='word_1_439' title='bbox 407 4923 595 4987; x_wconf 85' lang='grc' dir='ltr'>ἁπλῶς</span> <span class='ocrx_word' id='word_1_440' title='bbox 624 4923 817 4994; x_wconf 83' lang='grc' dir='ltr'>ἐκείνῳ</span> <span class='ocrx_word' id='word_1_441' title='bbox 847 4922 925 4992; x_wconf 82' lang='grc' dir='ltr'>τῷ</span> <span class='ocrx_word' id='word_1_442' title='bbox 952 4923 1165 4995; x_wconf 82' lang='grc' dir='ltr'>φοϐερῷ</span> <span class='ocrx_word' id='word_1_443' title='bbox 1198 4925 1317 4977; x_wconf 89' lang='grc' dir='ltr'>τότε</span> <span class='ocrx_word' id='word_1_444' title='bbox 1356 4926 1655 4998; x_wconf 83' lang='grc' dir='ltr'>ἐκρύπτετο</span> <span class='ocrx_word' id='word_1_445' title='bbox 1683 4929 1929 4997; x_wconf 77' lang='grc' dir='ltr'>πελάγει.</span> <span class='ocrx_word' id='word_1_446' title='bbox 1965 4930 2076 4984; x_wconf 87' lang='lat' dir='ltr'>Kal</span> 
     </span>
    </p>
   </div>
   <div class='ocr_carea' id='block_1_54' title="bbox 412 5011 2075 5085">
    <p class='ocr_par' dir='ltr' id='par_1_54' title="bbox 412 5011 2075 5085">
     <span class='ocr_line' id='line_1_54' title="bbox 412 5011 2075 5085; baseline 0.004 -21"><span class='ocrx_word' id='word_1_447' title='bbox 412 5011 595 5081; x_wconf 83' lang='grc' dir='ltr'>ἐπειδὴ</span> <span class='ocrx_word' id='word_1_448' title='bbox 622 5012 787 5065; x_wconf 90' lang='grc' dir='ltr'>πάλιν</span> <span class='ocrx_word' id='word_1_449' title='bbox 819 5011 1095 5066; x_wconf 84' lang='grc' dir='ltr'>ἐπιδοῦναι</span> <span class='ocrx_word' id='word_1_450' title='bbox 1126 5012 1188 5065; x_wconf 79' lang='grc' dir='ltr'>τὸ</span> <span class='ocrx_word' id='word_1_451' title='bbox 1220 5013 1377 5081; x_wconf 86' lang='grc' dir='ltr'>γένος</span> <span class='ocrx_word' id='word_1_452' title='bbox 1406 5014 1529 5075; x_wconf 75' lang='grc' dir='ltr'>ἔδει,</span> <span class='ocrx_word' id='word_1_453' title='bbox 1551 5014 1649 5085; x_wconf 79' lang='grc' dir='ltr'>τὴν</span> <span class='ocrx_word' id='word_1_454' title='bbox 1683 5017 1887 5069; x_wconf 81' lang='grc' dir='ltr'>οἰκείαν</span> <span class='ocrx_word' id='word_1_455' title='bbox 1918 5016 2075 5069; x_wconf 77' lang='grc' dir='ltr'>εὐτα-</span> 
     </span>
    </p>
   </div>
   <div class='ocr_carea' id='block_1_55' title="bbox 410 5098 2075 5173">
    <p class='ocr_par' dir='ltr' id='par_1_55' title="bbox 410 5098 2075 5173">
     <span class='ocr_line' id='line_1_55' title="bbox 410 5098 2075 5173; baseline 0.004 -22"><span class='ocrx_word' id='word_1_456' title='bbox 410 5098 527 5166; x_wconf 82' lang='grc' dir='ltr'>ξίαν</span> <span class='ocrx_word' id='word_1_457' title='bbox 558 5099 947 5172; x_wconf 86' lang='grc' dir='ltr'>ἀπελάμϐανεν</span> <span class='ocrx_word' id='word_1_458' title='bbox 973 5100 1006 5171; x_wconf 78' lang='grc' dir='ltr'><strong>ὴ</strong></span> <span class='ocrx_word' id='word_1_459' title='bbox 1031 5099 1123 5169; x_wconf 82' lang='grc' dir='ltr'>γῆ,</span> <span class='ocrx_word' id='word_1_460' title='bbox 1145 5100 1237 5155; x_wconf 72' lang='grc' dir='ltr'>καὶ</span> <span class='ocrx_word' id='word_1_461' title='bbox 1258 5102 1335 5162; x_wconf 85' lang='grc' dir='ltr'>είς</span> <span class='ocrx_word' id='word_1_462' title='bbox 1355 5100 1452 5171; x_wconf 85' lang='grc' dir='ltr'>τὴν</span> <span class='ocrx_word' id='word_1_463' title='bbox 1478 5101 1748 5172; x_wconf 84' lang='grc' dir='ltr'>προτέραν</span> <span class='ocrx_word' id='word_1_464' title='bbox 1772 5104 2075 5173; x_wconf 78' lang='grc' dir='ltr'>εὐμορφίαν</span> 
     </span>
    </p>
   </div>
   <div class='ocr_carea' id='block_1_56' title="bbox 407 5186 2074 5259">
    <p class='ocr_par' dir='ltr' id='par_1_56' title="bbox 407 5186 2074 5259">
     <span class='ocr_line' id='line_1_56' title="bbox 407 5186 2074 5259; baseline 0.004 -21"><span class='ocrx_word' id='word_1_465' title='bbox 407 5186 633 5257; x_wconf 70' lang='grc' dir='ltr'>ἐπανῄει</span> <span class='ocrx_word' id='word_1_466' title='bbox 670 5188 849 5242; x_wconf 88' lang='grc' dir='ltr'>πάλιν.</span> <span class='ocrx_word' id='word_1_467' title='bbox 872 5187 999 5244; x_wconf 85' lang='grc' dir='ltr'>Ἵδοι</span> <span class='ocrx_word' id='word_1_468' title='bbox 1022 5188 1065 5241; x_wconf 80' lang='grc' dir='ltr'>δ’</span> <span class='ocrx_word' id='word_1_469' title='bbox 1091 5187 1155 5240; x_wconf 81' lang='grc' dir='ltr'>ἄν</span> <span class='ocrx_word' id='word_1_470' title='bbox 1181 5205 1263 5250; x_wconf 88' lang='grc' dir='ltr'>τις</span> <span class='ocrx_word' id='word_1_471' title='bbox 1282 5188 1439 5241; x_wconf 87' lang='grc' dir='ltr'>τοῦτο</span> <span class='ocrx_word' id='word_1_472' title='bbox 1470 5188 1563 5241; x_wconf 74' lang='grc' dir='ltr'>καὶ</span> <span class='ocrx_word' id='word_1_473' title='bbox 1593 5190 1684 5242; x_wconf 86' lang='grc' dir='ltr'>ἐπί</span> <span class='ocrx_word' id='word_1_474' title='bbox 1706 5189 1901 5259; x_wconf 83' lang='grc' dir='ltr'>μέρους</span> <span class='ocrx_word' id='word_1_475' title='bbox 1932 5194 2074 5258; x_wconf 88' lang='grc' dir='ltr'>γινό-</span> 
     </span>
    </p>
   </div>
   <div class='ocr_carea' id='block_1_57' title="bbox 411 5274 2071 5348">
    <p class='ocr_par' dir='ltr' id='par_1_57' title="bbox 411 5274 2071 5348">
     <span class='ocr_line' id='line_1_57' title="bbox 411 5274 2071 5348; baseline 0.003 -23"><span class='ocrx_word' id='word_1_476' title='bbox 411 5290 573 5343; x_wconf 90' lang='grc' dir='ltr'>μενον</span> <span class='ocrx_word' id='word_1_477' title='bbox 605 5274 689 5329; x_wconf 81' lang='grc' dir='ltr'>διὰ</span> <span class='ocrx_word' id='word_1_478' title='bbox 733 5276 833 5344; x_wconf 80' lang='grc' dir='ltr'>τὴν</span> <span class='ocrx_word' id='word_1_479' title='bbox 865 5276 946 5336; x_wconf 88' lang='grc' dir='ltr'>είς</span> <span class='ocrx_word' id='word_1_480' title='bbox 985 5274 1300 5343; x_wconf 82' lang='grc' dir='ltr'>ἀνθρώπους</span> <span class='ocrx_word' id='word_1_481' title='bbox 1336 5277 1520 5344; x_wconf 85' lang='grc' dir='ltr'>τιμήν.</span> <span class='ocrx_word' id='word_1_482' title='bbox 1561 5276 1672 5328; x_wconf 88' lang='lat' dir='ltr'>Kal</span> <span class='ocrx_word' id='word_1_483' title='bbox 1705 5276 1813 5348; x_wconf 81' lang='grc' dir='ltr'>γάρ</span> <span class='ocrx_word' id='word_1_484' title='bbox 1842 5277 2071 5346; x_wconf 69' lang='grc' dir='ltr'>πέλαγος</span> 
     </span>
    </p>
   </div>
   <div class='ocr_carea' id='block_1_58' title="bbox 407 5361 2074 5436">
    <p class='ocr_par' dir='ltr' id='par_1_58' title="bbox 407 5361 2074 5436">
     <span class='ocr_line' id='line_1_58' title="bbox 407 5361 2074 5436; baseline 0.004 -22"><span class='ocrx_word' id='word_1_485' title='bbox 407 5362 699 5432; x_wconf 70' lang='grc' dir='ltr'>ἠφανίσθη,</span> <span class='ocrx_word' id='word_1_486' title='bbox 733 5364 825 5415; x_wconf 80' lang='grc' dir='ltr'>καὶ</span> <span class='ocrx_word' id='word_1_487' title='bbox 866 5361 1027 5418; x_wconf 81' lang='grc' dir='ltr'>πάλιν</span> <span class='ocrx_word' id='word_1_488' title='bbox 1064 5363 1260 5431; x_wconf 83' lang='grc' dir='ltr'>ἐφάνη,</span> <span class='ocrx_word' id='word_1_489' title='bbox 1303 5364 1395 5415; x_wconf 76' lang='grc' dir='ltr'>καὶ</span> <span class='ocrx_word' id='word_1_490' title='bbox 1428 5362 1575 5431; x_wconf 72' lang='grc' dir='ltr'>ἣλιος</span> <span class='ocrx_word' id='word_1_491' title='bbox 1606 5365 1900 5436; x_wconf 84' lang='grc' dir='ltr'>ἐχαλινώθη</span> <span class='ocrx_word' id='word_1_492' title='bbox 1937 5368 2074 5435; x_wconf 86' lang='grc' dir='ltr'>μετά</span> 
     </span>
    </p>
   </div>
   <div class='ocr_carea' id='block_1_59' title="bbox 409 5445 2075 5521">
    <p class='ocr_par' dir='ltr' id='par_1_59' title="bbox 409 5445 2075 5521">
     <span class='ocr_line' id='line_1_59' title="bbox 409 5445 2075 5521; baseline 0 -20"><span class='ocrx_word' id='word_1_493' title='bbox 409 5445 658 5514; x_wconf 78' lang='grc' dir='ltr'>σελήνης.</span> <span class='ocrx_word' id='word_1_494' title='bbox 701 5447 793 5498; x_wconf 73' lang='grc' dir='ltr'>καὶ</span> <span class='ocrx_word' id='word_1_495' title='bbox 821 5446 911 5499; x_wconf 85' lang='grc' dir='ltr'>τὸν</span> <span class='ocrx_word' id='word_1_496' title='bbox 944 5446 1141 5498; x_wconf 84' lang='grc' dir='ltr'>οἰκεῖον</span> <span class='ocrx_word' id='word_1_497' title='bbox 1189 5446 1385 5516; x_wconf 84' lang='grc' dir='ltr'>δρόμον</span> <span class='ocrx_word' id='word_1_498' title='bbox 1418 5446 1638 5499; x_wconf 80' lang='grc' dir='ltr'>ἐπέλιπε</span> <span class='ocrx_word' id='word_1_499' title='bbox 1663 5489 1677 5513; x_wconf 86' lang='grc'>,</span> <span class='ocrx_word' id='word_1_500' title='bbox 1718 5451 1811 5501; x_wconf 69' lang='grc' dir='ltr'>καὶ</span> <span class='ocrx_word' id='word_1_501' title='bbox 1864 5450 1973 5521; x_wconf 89' lang='grc' dir='ltr'>πῦρ</span> <span class='ocrx_word' id='word_1_502' title='bbox 2005 5452 2075 5505; x_wconf 79' lang='grc' dir='ltr'>τά</span> 
     </span>
    </p>
   </div>
   <div class='ocr_carea' id='block_1_60' title="bbox 409 5532 2075 5608">
    <p class='ocr_par' dir='ltr' id='par_1_60' title="bbox 409 5532 2075 5608">
     <span class='ocr_line' id='line_1_60' title="bbox 409 5532 2075 5608; baseline 0.007 -24"><span class='ocrx_word' id='word_1_503' title='bbox 409 5532 599 5593; x_wconf 72' lang='grc' dir='ltr'>ὓδατος</span> <span class='ocrx_word' id='word_1_504' title='bbox 626 5534 954 5599; x_wconf 76' lang='grc' dir='ltr'>ἐπεδείξατο,</span> <span class='ocrx_word' id='word_1_505' title='bbox 990 5537 1083 5589; x_wconf 60' lang='grc' dir='ltr'>καί⁵</span> <span class='ocrx_word' id='word_1_506' title='bbox 1106 5536 1176 5605; x_wconf 84' lang='grc' dir='ltr'>γῆ</span> <span class='ocrx_word' id='word_1_507' title='bbox 1207 5535 1275 5587; x_wconf 73' lang='grc' dir='ltr'>τά</span> <span class='ocrx_word' id='word_1_508' title='bbox 1298 5535 1587 5601; x_wconf 86' lang='grc' dir='ltr'>πελάγους,</span> <span class='ocrx_word' id='word_1_509' title='bbox 1611 5539 1703 5590; x_wconf 82' lang='grc' dir='ltr'>καὶ</span> <span class='ocrx_word' id='word_1_510' title='bbox 1735 5540 1967 5608; x_wconf 85' lang='grc' dir='ltr'>πέλαγος</span> <span class='ocrx_word' id='word_1_511' title='bbox 2005 5542 2075 5595; x_wconf 85' lang='grc' dir='ltr'>τά</span> 
     </span>
    </p>
   </div>
   <div class='ocr_carea' id='block_1_61' title="bbox 407 5621 2075 5699">
    <p class='ocr_par' dir='ltr' id='par_1_61' title="bbox 407 5621 2075 5699">
     <span class='ocr_line' id='line_1_61' title="bbox 407 5621 2075 5699; baseline 0.007 -27"><span class='ocrx_word' id='word_1_512' title='bbox 407 5621 508 5691; x_wconf 76' lang='grc' dir='ltr'>τῆς</span> <span class='ocrx_word' id='word_1_513' title='bbox 549 5622 653 5691; x_wconf 79' lang='grc' dir='ltr'>γῆς</span> <span class='ocrx_word' id='word_1_514' title='bbox 676 5640 690 5655; x_wconf 75' lang='grc' dir='ltr'><strong><em>ο</em></strong></span> <span class='ocrx_word' id='word_1_515' title='bbox 722 5624 815 5675; x_wconf 76' lang='grc' dir='ltr'>καὶ</span> <span class='ocrx_word' id='word_1_516' title='bbox 861 5625 1058 5693; x_wconf 86' lang='grc' dir='ltr'>πάντα,</span> <span class='ocrx_word' id='word_1_517' title='bbox 1095 5626 1170 5689; x_wconf 87' lang='grc' dir='ltr'>ὠς</span> <span class='ocrx_word' id='word_1_518' title='bbox 1215 5627 1386 5678; x_wconf 85' lang='grc' dir='ltr'>εἰπεῖν</span> <span class='ocrx_word' id='word_1_519' title='bbox 1419 5624 1624 5689; x_wconf 88' lang='grc' dir='ltr'>ἁπλῶς,</span> <span class='ocrx_word' id='word_1_520' title='bbox 1652 5626 1788 5697; x_wconf 76' lang='grc' dir='ltr'>πρὸς</span> <span class='ocrx_word' id='word_1_521' title='bbox 1823 5630 1922 5699; x_wconf 80' lang='grc' dir='ltr'>τὴν</span> <span class='ocrx_word' id='word_1_522' title='bbox 1967 5630 2075 5683; x_wconf 88' lang='grc' dir='ltr'>τῶν</span> 
     </span>
    </p>
   </div>
   <div class='ocr_carea' id='block_1_62' title="bbox 476 5854 2076 5931">
    <p class='ocr_par' dir='ltr' id='par_1_62' title="bbox 476 5854 2076 5931">
     <span class='ocr_line' id='line_1_62' title="bbox 476 5854 2076 5931; baseline 0.011 -28"><span class='ocrx_word' id='word_1_523' title='bbox 476 5861 503 5931; x_wconf 59' lang='grc' dir='ltr'>ξι</span> <span class='ocrx_word' id='word_1_524' title='bbox 527 5854 619 5904; x_wconf 80' lang='lat' dir='ltr'><strong><em>llic</em></strong></span> <span class='ocrx_word' id='word_1_525' title='bbox 640 5856 839 5931; x_wconf 50' lang='lat' dir='ltr'>qmnilno</span> <span class='ocrx_word' id='word_1_526' title='bbox 858 5856 1123 5931; x_wconf 52' lang='lat' dir='ltr'>lgggndggn</span> <span class='ocrx_word' id='word_1_527' title='bbox 1158 5863 1354 5915; x_wconf 76' lang='lat' dir='ltr'>videtur</span> <span class='ocrx_word' id='word_1_528' title='bbox 1380 5864 1474 5913; x_wconf 82' lang='grc' dir='ltr'>τῶν</span> <span class='ocrx_word' id='word_1_529' title='bbox 1500 5862 1656 5915; x_wconf 82' lang='grc' dir='ltr'>πόνων</span> <span class='ocrx_word' id='word_1_530' title='bbox 1680 5865 1775 5915; x_wconf 84' lang='grc' dir='ltr'>τῶν</span> <span class='ocrx_word' id='word_1_531' title='bbox 1798 5863 1997 5930; x_wconf 82' lang='grc' dir='ltr'>ἐκείνου,</span> <span class='ocrx_word' id='word_1_532' title='bbox 2023 5871 2076 5920; x_wconf 81' lang='lat' dir='ltr'>ut</span> 
     </span>
    </p>
   </div>
   <div class='ocr_carea' id='block_1_63' title="bbox 413 5918 1171 5973">
    <p class='ocr_par' dir='ltr' id='par_1_63' title="bbox 413 5918 1171 5973">
     <span class='ocr_line' id='line_1_63' title="bbox 413 5918 1171 5973; baseline 0 -1"><span class='ocrx_word' id='word_1_533' title='bbox 413 5919 560 5972; x_wconf 70' lang='lat' dir='ltr'><strong>etiam</strong></span> <span class='ocrx_word' id='word_1_534' title='bbox 586 5918 927 5971; x_wconf 72' lang='lat' dir='ltr'>animadvertit</span> <span class='ocrx_word' id='word_1_535' title='bbox 946 5920 1171 5973; x_wconf 78' lang='lat' dir='ltr'>Savilius.</span> 
     </span>
    </p>
   </div>
   <div class='ocr_carea' id='block_1_64' title="bbox 2175 450 3845 530">
    <p class='ocr_par' dir='ltr' id='par_1_64' title="bbox 2175 450 3845 530">
     <span class='ocr_line' id='line_1_64' title="bbox 2175 450 3845 530; baseline -0.007 -18"><span class='ocrx_word' id='word_1_536' title='bbox 2175 459 2476 528; x_wconf 76' lang='grc' dir='ltr'>ἀνθρώπων</span> <span class='ocrx_word' id='word_1_537' title='bbox 2525 455 3059 530; x_wconf 74' lang='grc' dir='ltr'>μετασχηματίζεται</span> <span class='ocrx_word' id='word_1_538' title='bbox 3105 452 3458 507; x_wconf 84' lang='grc' dir='ltr'>λυσιτέλειαν.</span> <span class='ocrx_word' id='word_1_539' title='bbox 3491 450 3599 505; x_wconf 87' lang='lat' dir='ltr'><strong><em>Kal</em></strong></span> <span class='ocrx_word' id='word_1_540' title='bbox 3650 450 3845 520; x_wconf 81' lang='grc' dir='ltr'>ἐπειδὴ</span> 
     </span>
    </p>
   </div>
   <div class='ocr_carea' id='block_1_65' title="bbox 2176 540 3845 616">
    <p class='ocr_par' dir='ltr' id='par_1_65' title="bbox 2176 540 3845 616">
     <span class='ocr_line' id='line_1_65' title="bbox 2176 540 3845 616; baseline -0.005 -17"><span class='ocrx_word' id='word_1_541' title='bbox 2176 547 2393 600; x_wconf 87' lang='grc' dir='ltr'>πάντων</span> <span class='ocrx_word' id='word_1_542' title='bbox 2417 546 2736 616; x_wconf 80' lang='grc' dir='ltr'>τιμιώτερος</span> <span class='ocrx_word' id='word_1_543' title='bbox 2765 545 3068 615; x_wconf 82' lang='grc' dir='ltr'>ἅνθρωπος,</span> <span class='ocrx_word' id='word_1_544' title='bbox 3089 542 3180 595; x_wconf 73' lang='grc' dir='ltr'>καὶ</span> <span class='ocrx_word' id='word_1_545' title='bbox 3202 542 3269 594; x_wconf 85' lang='grc' dir='ltr'>δι’</span> <span class='ocrx_word' id='word_1_546' title='bbox 3300 541 3461 594; x_wconf 82' lang='grc' dir='ltr'>αὐτὸν</span> <span class='ocrx_word' id='word_1_547' title='bbox 3478 540 3547 592; x_wconf 81' lang='grc' dir='ltr'>τὰ</span> <span class='ocrx_word' id='word_1_548' title='bbox 3573 540 3845 608; x_wconf 84' lang='grc' dir='ltr'>γενόμενα</span> 
     </span>
    </p>
   </div>
   <div class='ocr_carea' id='block_1_66' title="bbox 2169 626 3846 701">
    <p class='ocr_par' dir='ltr' id='par_1_66' title="bbox 2169 626 3846 701">
     <span class='ocr_line' id='line_1_66' title="bbox 2169 626 3846 701; baseline -0.007 -12"><span class='ocrx_word' id='word_1_549' title='bbox 2169 635 2401 696; x_wconf 74' lang='grc' dir='ltr'>ἅπαντα,</span> <span class='ocrx_word' id='word_1_550' title='bbox 2423 635 2510 687; x_wconf 85' lang='grc' dir='ltr'>διά</span> <span class='ocrx_word' id='word_1_551' title='bbox 2526 652 2607 686; x_wconf 89' lang='grc' dir='ltr'>τοι</span> <span class='ocrx_word' id='word_1_552' title='bbox 2630 632 2785 686; x_wconf 89' lang='grc' dir='ltr'>τοῦτο</span> <span class='ocrx_word' id='word_1_553' title='bbox 2808 633 2900 684; x_wconf 77' lang='grc' dir='ltr'>καὶ</span> <span class='ocrx_word' id='word_1_554' title='bbox 2924 630 3041 694; x_wconf 84' lang='grc' dir='ltr'>νῦν,</span> <span class='ocrx_word' id='word_1_555' title='bbox 3063 628 3175 701; x_wconf 82' lang='lat'>[57]</span> <span class='ocrx_word' id='word_1_556' title='bbox 3206 629 3391 697; x_wconf 82' lang='grc' dir='ltr'>ἐπειδὴ</span> <span class='ocrx_word' id='word_1_557' title='bbox 3406 628 3651 698; x_wconf 76' lang='grc' dir='ltr'>ἥμαρτεν</span> <span class='ocrx_word' id='word_1_558' title='bbox 3676 628 3704 678; x_wconf 87' lang='grc' dir='ltr'>ό</span> <span class='ocrx_word' id='word_1_559' title='bbox 3732 626 3846 679; x_wconf 89' lang='grc' dir='ltr'>τῶν</span> 
     </span>
    </p>
   </div>
   <div class='ocr_carea' id='block_1_67' title="bbox 2182 714 3847 792">
    <p class='ocr_par' dir='ltr' id='par_1_67' title="bbox 2182 714 3847 792">
     <span class='ocr_line' id='line_1_67' title="bbox 2182 714 3847 792; baseline -0.005 -17"><span class='ocrx_word' id='word_1_560' title='bbox 2182 722 2450 775; x_wconf 84' lang='grc' dir='ltr'>Ἰουδαίων</span> <span class='ocrx_word' id='word_1_561' title='bbox 2478 722 2664 792; x_wconf 85' lang='grc' dir='ltr'>δῆμος,</span> <span class='ocrx_word' id='word_1_562' title='bbox 2699 720 2881 789; x_wconf 82' lang='grc' dir='ltr'>ἐπέχει</span> <span class='ocrx_word' id='word_1_563' title='bbox 2910 718 3010 780; x_wconf 76' lang='grc' dir='ltr'>τῆς</span> <span class='ocrx_word' id='word_1_564' title='bbox 3035 718 3137 787; x_wconf 82' lang='grc' dir='ltr'>γῆς</span> <span class='ocrx_word' id='word_1_565' title='bbox 3168 716 3267 780; x_wconf 76' lang='grc' dir='ltr'>τὰς</span> <span class='ocrx_word' id='word_1_566' title='bbox 3298 714 3491 779; x_wconf 85' lang='grc' dir='ltr'>ὠδῖνας</span> <span class='ocrx_word' id='word_1_567' title='bbox 3522 714 3715 778; x_wconf 80' lang='grc' dir='ltr'>ὁΘεὸς,</span> <span class='ocrx_word' id='word_1_568' title='bbox 3746 715 3847 767; x_wconf 68' lang='grc' dir='ltr'>καὶ</span> 
     </span>
    </p>
   </div>
   <div class='ocr_carea' id='block_1_68' title="bbox 2175 802 3845 880">
    <p class='ocr_par' dir='ltr' id='par_1_68' title="bbox 2175 802 3845 880">
     <span class='ocr_line' id='line_1_68' title="bbox 2175 802 3845 880; baseline -0.007 -17"><span class='ocrx_word' id='word_1_569' title='bbox 2175 812 2311 880; x_wconf 75' lang='grc' dir='ltr'>μετὰ</span> <span class='ocrx_word' id='word_1_570' title='bbox 2336 810 2561 873; x_wconf 73' lang='grc' dir='ltr'>πολλοὺς</span> <span class='ocrx_word' id='word_1_571' title='bbox 2584 810 2773 872; x_wconf 85' lang='grc' dir='ltr'>πόνους</span> <span class='ocrx_word' id='word_1_572' title='bbox 2795 808 2887 861; x_wconf 75' lang='grc' dir='ltr'>καὶ</span> <span class='ocrx_word' id='word_1_573' title='bbox 2911 806 3139 876; x_wconf 83' lang='grc' dir='ltr'>ἱδρῶτας</span> <span class='ocrx_word' id='word_1_574' title='bbox 3165 806 3264 858; x_wconf 80' lang='grc' dir='ltr'>οὐκ</span> <span class='ocrx_word' id='word_1_575' title='bbox 3288 804 3477 874; x_wconf 86' lang='grc' dir='ltr'>ἀφίησι</span> <span class='ocrx_word' id='word_1_576' title='bbox 3494 803 3594 865; x_wconf 79' lang='grc' dir='ltr'>τὰς</span> <span class='ocrx_word' id='word_1_577' title='bbox 3624 802 3845 869; x_wconf 76' lang='grc' dir='ltr'>ἐκείνης</span> 
     </span>
    </p>
   </div>
   <div class='ocr_carea' id='block_1_69' title="bbox 2171 888 3896 969">
    <p class='ocr_par' dir='ltr' id='par_1_69' title="bbox 2171 888 3896 969">
     <span class='ocr_line' id='line_1_69' title="bbox 2171 888 3896 969; baseline -0.005 -20"><span class='ocrx_word' id='word_1_578' title='bbox 2171 897 2404 965; x_wconf 91' lang='grc' dir='ltr'>λαγόνας</span> <span class='ocrx_word' id='word_1_579' title='bbox 2430 899 2529 969; x_wconf 77' lang='grc' dir='ltr'>τὴν</span> <span class='ocrx_word' id='word_1_580' title='bbox 2550 897 2800 951; x_wconf 82' lang='grc' dir='ltr'>εἰωθυῖαν</span> <span class='ocrx_word' id='word_1_581' title='bbox 2829 893 3001 966; x_wconf 88' lang='grc' dir='ltr'>φορὰν</span> <span class='ocrx_word' id='word_1_582' title='bbox 3022 894 3283 960; x_wconf 82' lang='grc' dir='ltr'>ἐνεγκεῖν,</span> <span class='ocrx_word' id='word_1_583' title='bbox 3309 890 3394 945; x_wconf 79' lang='grc' dir='ltr'>ἵνα</span> <span class='ocrx_word' id='word_1_584' title='bbox 3415 888 3706 944; x_wconf 88' lang='grc' dir='ltr'>κάντεῦθεν</span> <span class='ocrx_word' id='word_1_585' title='bbox 3736 889 3847 957; x_wconf 76' lang='grc' dir='ltr'>μά·</span> <span class='ocrx_word' id='word_1_586' title='bbox 3893 912 3896 913; x_wconf 51' lang='grc' dir='ltr'>ν</span> 
     </span>
    </p>
   </div>
   <div class='ocr_carea' id='block_1_70' title="bbox 2174 977 3848 1056">
    <p class='ocr_par' dir='ltr' id='par_1_70' title="bbox 2174 977 3848 1056">
     <span class='ocr_line' id='line_1_70' title="bbox 2174 977 3848 1056; baseline -0.005 -18"><span class='ocrx_word' id='word_1_587' title='bbox 2174 984 2361 1048; x_wconf 89' lang='grc' dir='ltr'>θωσιν,</span> <span class='ocrx_word' id='word_1_588' title='bbox 2394 987 2475 1038; x_wconf 76' lang='grc' dir='ltr'>ὅτι</span> <span class='ocrx_word' id='word_1_589' title='bbox 2517 986 2579 1038; x_wconf 74' lang='grc' dir='ltr'>οὐ</span> <span class='ocrx_word' id='word_1_590' title='bbox 2608 983 2927 1056; x_wconf 84' lang='grc' dir='ltr'>γεωργικῶν</span> <span class='ocrx_word' id='word_1_591' title='bbox 2968 980 3165 1052; x_wconf 89' lang='grc' dir='ltr'>χειρῶν</span> <span class='ocrx_word' id='word_1_592' title='bbox 3198 980 3383 1049; x_wconf 89' lang='grc' dir='ltr'>τέχνη,</span> <span class='ocrx_word' id='word_1_593' title='bbox 3423 978 3543 1031; x_wconf 83' lang='grc' dir='ltr'>οὐδὲ</span> <span class='ocrx_word' id='word_1_594' title='bbox 3588 977 3707 1045; x_wconf 87' lang='grc' dir='ltr'>βόες</span> <span class='ocrx_word' id='word_1_595' title='bbox 3746 980 3848 1030; x_wconf 77' lang='grc' dir='ltr'>καὶ</span> 
     </span>
    </p>
   </div>
   <div class='ocr_carea' id='block_1_71' title="bbox 2170 1068 3847 1145">
    <p class='ocr_par' dir='ltr' id='par_1_71' title="bbox 2170 1068 3847 1145">
     <span class='ocr_line' id='line_1_71' title="bbox 2170 1068 3847 1145; baseline -0.004 -18"><span class='ocrx_word' id='word_1_596' title='bbox 2170 1074 2427 1145; x_wconf 83' lang='grc' dir='ltr'>ἄροτρον,</span> <span class='ocrx_word' id='word_1_597' title='bbox 2461 1074 2581 1127; x_wconf 82' lang='grc' dir='ltr'>οὺδέ</span> <span class='ocrx_word' id='word_1_598' title='bbox 2612 1074 2713 1144; x_wconf 80' lang='grc' dir='ltr'>γῆς</span> <span class='ocrx_word' id='word_1_599' title='bbox 2766 1071 2945 1142; x_wconf 77' lang='grc' dir='ltr'>φύσις,</span> <span class='ocrx_word' id='word_1_600' title='bbox 2980 1070 3081 1124; x_wconf 81' lang='grc' dir='ltr'>οὐκ</span> <span class='ocrx_word' id='word_1_601' title='bbox 3126 1068 3255 1123; x_wconf 78' lang='grc' dir='ltr'>ἄλλο</span> <span class='ocrx_word' id='word_1_602' title='bbox 3302 1069 3410 1122; x_wconf 90' lang='grc' dir='ltr'>τῶν</span> <span class='ocrx_word' id='word_1_603' title='bbox 3451 1068 3707 1122; x_wconf 87' lang='grc' dir='ltr'>τοιούτων</span> <span class='ocrx_word' id='word_1_604' title='bbox 3750 1070 3847 1121; x_wconf 82' lang='grc' dir='ltr'>οὐ-</span> 
     </span>
    </p>
   </div>
   <div class='ocr_carea' id='block_1_72' title="bbox 2171 1150 3847 1225">
    <p class='ocr_par' dir='ltr' id='par_1_72' title="bbox 2171 1150 3847 1225">
     <span class='ocr_line' id='line_1_72' title="bbox 2171 1150 3847 1225; baseline -0.004 -12"><span class='ocrx_word' id='word_1_605' title='bbox 2171 1161 2279 1222; x_wconf 84' lang='grc' dir='ltr'>δὲν,</span> <span class='ocrx_word' id='word_1_606' title='bbox 2308 1162 2421 1216; x_wconf 83' lang='grc' dir='ltr'>ἀλλ’</span> <span class='ocrx_word' id='word_1_607' title='bbox 2441 1161 2689 1215; x_wconf 86' lang='grc' dir='ltr'>ότούτων</span> <span class='ocrx_word' id='word_1_608' title='bbox 2727 1159 2981 1213; x_wconf 86' lang='grc' dir='ltr'>ἁπάντων</span> <span class='ocrx_word' id='word_1_609' title='bbox 3013 1157 3287 1225; x_wconf 87' lang='grc' dir='ltr'>Δεσπότης</span> <span class='ocrx_word' id='word_1_610' title='bbox 3316 1150 3469 1219; x_wconf 84' lang='grc' dir='ltr'>οῦτός</span> <span class='ocrx_word' id='word_1_611' title='bbox 3493 1157 3640 1208; x_wconf 89' lang='grc' dir='ltr'>ἐστιν</span> <span class='ocrx_word' id='word_1_612' title='bbox 3684 1156 3715 1207; x_wconf 86' lang='grc' dir='ltr'>ὁ</span> <span class='ocrx_word' id='word_1_613' title='bbox 3745 1155 3847 1224; x_wconf 74' lang='grc' dir='ltr'>καὶ</span> 
     </span>
    </p>
   </div>
   <div class='ocr_carea' id='block_1_73' title="bbox 2171 1241 3846 1318">
    <p class='ocr_par' dir='ltr' id='par_1_73' title="bbox 2171 1241 3846 1318">
     <span class='ocr_line' id='line_1_73' title="bbox 2171 1241 3846 1318; baseline -0.004 -18"><span class='ocrx_word' id='word_1_614' title='bbox 2171 1246 2381 1316; x_wconf 78' lang='grc' dir='ltr'>δαψιλεῖ</span> <span class='ocrx_word' id='word_1_615' title='bbox 2410 1250 2475 1318; x_wconf 82' lang='grc' dir='ltr'>τῇ</span> <span class='ocrx_word' id='word_1_616' title='bbox 2512 1248 2655 1317; x_wconf 74' lang='grc' dir='ltr'>χειρὶ</span> <span class='ocrx_word' id='word_1_617' title='bbox 2679 1248 2854 1300; x_wconf 90' lang='grc' dir='ltr'>πάντα</span> <span class='ocrx_word' id='word_1_618' title='bbox 2877 1245 3103 1314; x_wconf 85' lang='grc' dir='ltr'>ἐκχέων,</span> <span class='ocrx_word' id='word_1_619' title='bbox 3124 1244 3218 1297; x_wconf 74' lang='grc' dir='ltr'>καὶ</span> <span class='ocrx_word' id='word_1_620' title='bbox 3250 1243 3429 1308; x_wconf 82' lang='grc' dir='ltr'>πάλιν,</span> <span class='ocrx_word' id='word_1_621' title='bbox 3460 1242 3678 1295; x_wconf 77' lang='grc' dir='ltr'>ἐπειδάν</span> <span class='ocrx_word' id='word_1_622' title='bbox 3712 1241 3846 1311; x_wconf 80' lang='grc' dir='ltr'>βού-</span> 
     </span>
    </p>
   </div>
   <div class='ocr_carea' id='block_1_74' title="bbox 2172 1329 3842 1403">
    <p class='ocr_par' dir='ltr' id='par_1_74' title="bbox 2172 1329 3842 1403">
     <span class='ocr_line' id='line_1_74' title="bbox 2172 1329 3842 1403; baseline -0.005 -16"><span class='ocrx_word' id='word_1_623' title='bbox 2172 1334 2351 1403; x_wconf 89' lang='grc' dir='ltr'>ληται,</span> <span class='ocrx_word' id='word_1_624' title='bbox 2372 1335 2669 1387; x_wconf 87' lang='grc' dir='ltr'>συστέλλων</span> <span class='ocrx_word' id='word_1_625' title='bbox 2691 1334 2923 1388; x_wconf 76' lang='grc' dir='ltr'>ἅπαντα.</span> <span class='ocrx_word' id='word_1_626' title='bbox 2947 1335 3091 1386; x_wconf 79' lang='grc' dir='ltr'>Οὐαὶ</span> <span class='ocrx_word' id='word_1_627' title='bbox 3119 1334 3171 1385; x_wconf 91' lang='grc' dir='ltr'>οί</span> <span class='ocrx_word' id='word_1_628' title='bbox 3195 1331 3550 1400; x_wconf 75' lang='grc' dir='ltr'>ἐγειρόμενοι</span> <span class='ocrx_word' id='word_1_629' title='bbox 3572 1329 3637 1382; x_wconf 86' lang='grc' dir='ltr'>τὸ</span> <span class='ocrx_word' id='word_1_630' title='bbox 3667 1330 3842 1397; x_wconf 71' lang='grc' dir='ltr'>πρωῒ,</span> 
     </span>
    </p>
   </div>
   <div class='ocr_carea' id='block_1_75' title="bbox 2171 1414 3847 1488">
    <p class='ocr_par' dir='ltr' id='par_1_75' title="bbox 2171 1414 3847 1488">
     <span class='ocr_line' id='line_1_75' title="bbox 2171 1414 3847 1488; baseline -0.004 -15"><span class='ocrx_word' id='word_1_631' title='bbox 2171 1420 2270 1473; x_wconf 79' lang='grc' dir='ltr'>καὶ</span> <span class='ocrx_word' id='word_1_632' title='bbox 2302 1421 2368 1473; x_wconf 80' lang='grc' dir='ltr'>τό</span> <span class='ocrx_word' id='word_1_633' title='bbox 2395 1421 2609 1488; x_wconf 80' lang='grc' dir='ltr'>σίκερα</span> <span class='ocrx_word' id='word_1_634' title='bbox 2633 1418 2966 1484; x_wconf 82' lang='grc' dir='ltr'>διώκοντες,</span> <span class='ocrx_word' id='word_1_635' title='bbox 2983 1421 3035 1472; x_wconf 81' lang='grc' dir='ltr'>οι</span> <span class='ocrx_word' id='word_1_636' title='bbox 3058 1418 3347 1485; x_wconf 80' lang='grc' dir='ltr'>μένοντες</span> <span class='ocrx_word' id='word_1_637' title='bbox 3375 1416 3439 1468; x_wconf 85' lang='grc' dir='ltr'>τὸ</span> <span class='ocrx_word' id='word_1_638' title='bbox 3471 1414 3603 1483; x_wconf 67' lang='grc' dir='ltr'>ὀψέ.</span> <span class='ocrx_word' id='word_1_639' title='bbox 3645 1414 3709 1467; x_wconf 89' lang='lat'>&#39;0</span> <span class='ocrx_word' id='word_1_640' title='bbox 3731 1416 3847 1483; x_wconf 56' lang='grc' dir='ltr'>γὰρ</span> 
     </span>
    </p>
   </div>
   <div class='ocr_carea' id='block_1_76' title="bbox 2172 1501 3847 1575">
    <p class='ocr_par' dir='ltr' id='par_1_76' title="bbox 2172 1501 3847 1575">
     <span class='ocr_line' id='line_1_76' title="bbox 2172 1501 3847 1575; baseline -0.004 -15"><span class='ocrx_word' id='word_1_641' title='bbox 2172 1503 2334 1572; x_wconf 78' lang='grc' dir='ltr'>οἶνος</span> <span class='ocrx_word' id='word_1_642' title='bbox 2365 1507 2583 1572; x_wconf 81' lang='grc' dir='ltr'>αὐτοὺς</span> <span class='ocrx_word' id='word_1_643' title='bbox 2604 1506 2958 1575; x_wconf 78' lang='grc' dir='ltr'>συγ-καύσει.</span> <span class='ocrx_word' id='word_1_644' title='bbox 2975 1504 3134 1559; x_wconf 84' lang='grc' dir='ltr'>Μετὰ</span> <span class='ocrx_word' id='word_1_645' title='bbox 3159 1502 3270 1572; x_wconf 80' lang='grc' dir='ltr'>γὰρ</span> <span class='ocrx_word' id='word_1_646' title='bbox 3301 1501 3543 1569; x_wconf 75' lang='grc' dir='ltr'>κιθάρας</span> <span class='ocrx_word' id='word_1_647' title='bbox 3564 1501 3661 1555; x_wconf 84' lang='grc' dir='ltr'>καί</span> <span class='ocrx_word' id='word_1_648' title='bbox 3680 1505 3847 1570; x_wconf 61' lang='lat' dir='ltr'>W-</span> 
     </span>
    </p>
   </div>
   <div class='ocr_carea' id='block_1_77' title="bbox 2171 1585 3842 1664">
    <p class='ocr_par' dir='ltr' id='par_1_77' title="bbox 2171 1585 3842 1664">
     <span class='ocr_line' id='line_1_77' title="bbox 2171 1585 3842 1664; baseline -0.004 -16"><span class='ocrx_word' id='word_1_649' title='bbox 2171 1595 2381 1664; x_wconf 80' lang='grc' dir='ltr'>τηρίου</span> <span class='ocrx_word' id='word_1_650' title='bbox 2406 1593 2503 1647; x_wconf 76' lang='grc' dir='ltr'>καί</span> <span class='ocrx_word' id='word_1_651' title='bbox 2534 1592 2862 1662; x_wconf 77' lang='grc' dir='ltr'>τυμπάνων</span> <span class='ocrx_word' id='word_1_652' title='bbox 2879 1593 2975 1646; x_wconf 81' lang='grc' dir='ltr'>καί</span> <span class='ocrx_word' id='word_1_653' title='bbox 3000 1590 3204 1645; x_wconf 75' lang='grc' dir='ltr'>αὐλῶν</span> <span class='ocrx_word' id='word_1_654' title='bbox 3230 1591 3336 1643; x_wconf 85' lang='grc' dir='ltr'>τὸν</span> <span class='ocrx_word' id='word_1_655' title='bbox 3367 1585 3535 1645; x_wconf 77' lang='grc' dir='ltr'>οἶνον</span> <span class='ocrx_word' id='word_1_656' title='bbox 3553 1589 3806 1642; x_wconf 83' lang='grc' dir='ltr'>πίνουσι</span> <span class='ocrx_word' id='word_1_657' title='bbox 3825 1607 3842 1621; x_wconf 88' lang='grc'><strong>·</strong></span> 
     </span>
    </p>
   </div>
   <div class='ocr_carea' id='block_1_78' title="bbox 2169 1676 3849 1749">
    <p class='ocr_par' dir='ltr' id='par_1_78' title="bbox 2169 1676 3849 1749">
     <span class='ocr_line' id='line_1_78' title="bbox 2169 1676 3849 1749; baseline -0.003 -15"><span class='ocrx_word' id='word_1_658' title='bbox 2169 1680 2244 1735; x_wconf 86' lang='grc' dir='ltr'>τὰ</span> <span class='ocrx_word' id='word_1_659' title='bbox 2274 1680 2342 1734; x_wconf 79' lang='grc' dir='ltr'>δὲ</span> <span class='ocrx_word' id='word_1_660' title='bbox 2376 1680 2521 1749; x_wconf 76' lang='grc' dir='ltr'>ἔργα</span> <span class='ocrx_word' id='word_1_661' title='bbox 2550 1681 2657 1734; x_wconf 91' lang='grc' dir='ltr'>τοῦ</span> <span class='ocrx_word' id='word_1_662' title='bbox 2690 1678 2837 1734; x_wconf 84' lang='grc' dir='ltr'>Θεοῦ</span> <span class='ocrx_word' id='word_1_663' title='bbox 2877 1682 2988 1734; x_wconf 83' lang='grc' dir='ltr'>οὐκ</span> <span class='ocrx_word' id='word_1_664' title='bbox 3027 1679 3417 1748; x_wconf 78' lang='grc' dir='ltr'>ἐμϐλέπουσι,</span> <span class='ocrx_word' id='word_1_665' title='bbox 3446 1676 3544 1731; x_wconf 76' lang='grc' dir='ltr'>καί</span> <span class='ocrx_word' id='word_1_666' title='bbox 3581 1676 3654 1730; x_wconf 86' lang='grc' dir='ltr'>τὰ</span> <span class='ocrx_word' id='word_1_667' title='bbox 3698 1676 3849 1746; x_wconf 79' lang='grc' dir='ltr'>ἔργα</span> 
     </span>
    </p>
   </div>
   <div class='ocr_carea' id='block_1_79' title="bbox 2170 1765 3849 1837">
    <p class='ocr_par' dir='ltr' id='par_1_79' title="bbox 2170 1765 3849 1837">
     <span class='ocr_line' id='line_1_79' title="bbox 2170 1765 3849 1837; baseline -0.003 -15"><span class='ocrx_word' id='word_1_668' title='bbox 2170 1767 2291 1823; x_wconf 85' lang='grc' dir='ltr'>τῶν</span> <span class='ocrx_word' id='word_1_669' title='bbox 2309 1769 2525 1837; x_wconf 83' lang='grc' dir='ltr'>χειρῶν</span> <span class='ocrx_word' id='word_1_670' title='bbox 2542 1767 2728 1822; x_wconf 84' lang='grc' dir='ltr'>αὐτοῦ</span> <span class='ocrx_word' id='word_1_671' title='bbox 2749 1769 2821 1821; x_wconf 88' lang='grc' dir='ltr'>οὺ</span> <span class='ocrx_word' id='word_1_672' title='bbox 2848 1765 3230 1820; x_wconf 82' lang='grc' dir='ltr'>κατανοοῦσι.</span> <span class='ocrx_word' id='word_1_673' title='bbox 3244 1767 3640 1835; x_wconf 82' lang='grc' dir='ltr'>Κατηγορήσας</span> <span class='ocrx_word' id='word_1_674' title='bbox 3660 1766 3849 1818; x_wconf 82' lang='grc' dir='ltr'>αὐτῶν</span> 
     </span>
    </p>
   </div>
   <div class='ocr_carea' id='block_1_80' title="bbox 2173 1851 3845 1926">
    <p class='ocr_par' dir='ltr' id='par_1_80' title="bbox 2173 1851 3845 1926">
     <span class='ocr_line' id='line_1_80' title="bbox 2173 1851 3845 1926; baseline -0.001 -18"><span class='ocrx_word' id='word_1_675' title='bbox 2173 1854 2481 1920; x_wconf 77' lang='grc' dir='ltr'>πλεονεξίαν</span> <span class='ocrx_word' id='word_1_676' title='bbox 2532 1854 2751 1926; x_wconf 83' lang='grc' dir='ltr'>πολλὴν,</span> <span class='ocrx_word' id='word_1_677' title='bbox 2781 1854 2873 1907; x_wconf 72' lang='grc' dir='ltr'>καὶ</span> <span class='ocrx_word' id='word_1_678' title='bbox 2926 1853 3022 1926; x_wconf 77' lang='grc' dir='ltr'>τὴν</span> <span class='ocrx_word' id='word_1_679' title='bbox 3058 1852 3214 1924; x_wconf 79' lang='grc' dir='ltr'>ῥίζαν</span> <span class='ocrx_word' id='word_1_680' title='bbox 3255 1851 3349 1906; x_wconf 92' lang='grc' dir='ltr'>τοῦ</span> <span class='ocrx_word' id='word_1_681' title='bbox 3392 1852 3564 1905; x_wconf 86' lang='grc' dir='ltr'>κακοῦ</span> <span class='ocrx_word' id='word_1_682' title='bbox 3601 1852 3845 1923; x_wconf 86' lang='grc' dir='ltr'>τίθησιν.</span> 
     </span>
    </p>
   </div>
   <div class='ocr_carea' id='block_1_81' title="bbox 2171 1937 3844 2015">
    <p class='ocr_par' dir='ltr' id='par_1_81' title="bbox 2171 1937 3844 2015">
     <span class='ocr_line' id='line_1_81' title="bbox 2171 1937 3844 2015; baseline -0.002 -20"><span class='ocrx_word' id='word_1_683' title='bbox 2171 1942 2319 2015; x_wconf 79' lang='grc' dir='ltr'>Δῦτη</span> <span class='ocrx_word' id='word_1_684' title='bbox 2349 1943 2405 1995; x_wconf 84' lang='grc' dir='ltr'>δὲ</span> <span class='ocrx_word' id='word_1_685' title='bbox 2436 1937 2502 2014; x_wconf 75' lang='grc' dir='ltr'>ἦν</span> <span class='ocrx_word' id='word_1_686' title='bbox 2540 1945 2573 2014; x_wconf 88' lang='grc' dir='ltr'>ή</span> <span class='ocrx_word' id='word_1_687' title='bbox 2605 1942 2764 2013; x_wconf 89' lang='grc' dir='ltr'>μέθη,</span> <span class='ocrx_word' id='word_1_688' title='bbox 2796 1942 3004 2013; x_wconf 88' lang='grc' dir='ltr'>μυρίων</span> <span class='ocrx_word' id='word_1_689' title='bbox 3034 1940 3311 2015; x_wconf 81' lang='grc' dir='ltr'>γινομένη</span> <span class='ocrx_word' id='word_1_690' title='bbox 3338 1940 3525 1994; x_wconf 84' lang='grc' dir='ltr'>κακῶν</span> <span class='ocrx_word' id='word_1_691' title='bbox 3558 1941 3844 2007; x_wconf 79' lang='grc' dir='ltr'>ὑπόθεσις,</span> 
     </span>
    </p>
   </div>
   <div class='ocr_carea' id='block_1_82' title="bbox 2173 2014 3850 2101">
    <p class='ocr_par' dir='ltr' id='par_1_82' title="bbox 2173 2014 3850 2101">
     <span class='ocr_line' id='line_1_82' title="bbox 2173 2014 3850 2101; baseline -0.002 -17"><span class='ocrx_word' id='word_1_692' title='bbox 2173 2030 2266 2084; x_wconf 79' lang='grc' dir='ltr'>καὶ</span> <span class='ocrx_word' id='word_1_693' title='bbox 2302 2014 2538 2101; x_wconf 89' lang='grc' dir='ltr'>μάλιστα</span> <span class='ocrx_word' id='word_1_694' title='bbox 2583 2030 2711 2084; x_wconf 80' lang='grc' dir='ltr'>ὅταν</span> <span class='ocrx_word' id='word_1_695' title='bbox 2743 2030 2881 2101; x_wconf 83' lang='grc' dir='ltr'>μετά</span> <span class='ocrx_word' id='word_1_696' title='bbox 2923 2030 3191 2099; x_wconf 87' lang='grc' dir='ltr'>τοσαύτης</span> <span class='ocrx_word' id='word_1_697' title='bbox 3219 2014 3482 2099; x_wconf 81' lang='grc' dir='ltr'>τολμᾶται</span> <span class='ocrx_word' id='word_1_698' title='bbox 3521 2027 3619 2099; x_wconf 84' lang='grc' dir='ltr'>τῆς</span> <span class='ocrx_word' id='word_1_699' title='bbox 3666 2028 3850 2099; x_wconf 82' lang='grc' dir='ltr'>ὕπερ-</span> 
     </span>
    </p>
   </div>
   <div class='ocr_carea' id='block_1_83' title="bbox 2173 2117 2358 2187">
    <p class='ocr_par' dir='ltr' id='par_1_83' title="bbox 2173 2117 2358 2187">
     <span class='ocr_line' id='line_1_83' title="bbox 2173 2117 2358 2187; baseline 0.005 -17"><span class='ocrx_word' id='word_1_700' title='bbox 2173 2117 2358 2187; x_wconf 85' lang='grc' dir='ltr'>ϐολῆς.</span> 
     </span>
    </p>
   </div>
   <div class='ocr_carea' id='block_1_84' title="bbox 2244 2201 3846 2274">
    <p class='ocr_par' dir='ltr' id='par_1_84' title="bbox 2244 2201 3846 2274">
     <span class='ocr_line' id='line_1_84' title="bbox 2244 2201 3846 2274; baseline -0.001 -16"><span class='ocrx_word' id='word_1_701' title='bbox 2244 2203 2310 2258; x_wconf 87' lang='grc' dir='ltr'>ε’.</span> <span class='ocrx_word' id='word_1_702' title='bbox 2336 2204 2534 2258; x_wconf 89' lang='grc' dir='ltr'>Σκόπει</span> <span class='ocrx_word' id='word_1_703' title='bbox 2564 2204 2693 2274; x_wconf 90' lang='grc' dir='ltr'>γοῦν</span> <span class='ocrx_word' id='word_1_704' title='bbox 2725 2203 2840 2267; x_wconf 87' lang='grc' dir='ltr'>πῶς</span> <span class='ocrx_word' id='word_1_705' title='bbox 2871 2202 3009 2274; x_wconf 90' lang='grc' dir='ltr'>μετὰ</span> <span class='ocrx_word' id='word_1_706' title='bbox 3039 2201 3323 2274; x_wconf 86' lang='grc' dir='ltr'>ἀκριϐείας</span> <span class='ocrx_word' id='word_1_707' title='bbox 3341 2202 3538 2265; x_wconf 75' lang='grc' dir='ltr'>αὐτοὺς</span> <span class='ocrx_word' id='word_1_708' title='bbox 3565 2203 3846 2274; x_wconf 78' lang='grc' dir='ltr'>κωμῳδεῖ.</span> 
     </span>
    </p>
   </div>
   <div class='ocr_carea' id='block_1_85' title="bbox 2173 2287 3843 2362">
    <p class='ocr_par' dir='ltr' id='par_1_85' title="bbox 2173 2287 3843 2362">
     <span class='ocr_line' id='line_1_85' title="bbox 2173 2287 3843 2362; baseline -0.002 -18"><span class='ocrx_word' id='word_1_709' title='bbox 2173 2290 2360 2344; x_wconf 83' lang='grc' dir='ltr'>Πᾶσαν</span> <span class='ocrx_word' id='word_1_710' title='bbox 2387 2290 2494 2362; x_wconf 84' lang='grc' dir='ltr'>γάρ</span> <span class='ocrx_word' id='word_1_711' title='bbox 2525 2291 2625 2362; x_wconf 84' lang='grc' dir='ltr'>τὴν</span> <span class='ocrx_word' id='word_1_712' title='bbox 2655 2290 2869 2361; x_wconf 86' lang='grc' dir='ltr'>ἡμέραν</span> <span class='ocrx_word' id='word_1_713' title='bbox 2894 2291 2974 2353; x_wconf 86' lang='grc' dir='ltr'>εἰς</span> <span class='ocrx_word' id='word_1_714' title='bbox 2999 2288 3157 2342; x_wconf 87' lang='grc' dir='ltr'>τοῦτο</span> <span class='ocrx_word' id='word_1_715' title='bbox 3185 2287 3523 2341; x_wconf 81' lang='grc' dir='ltr'>δαπανᾶσθαί</span> <span class='ocrx_word' id='word_1_716' title='bbox 3552 2304 3741 2358; x_wconf 88' lang='grc' dir='ltr'>φησιν.</span> <span class='ocrx_word' id='word_1_717' title='bbox 3765 2290 3843 2341; x_wconf 69' lang='grc' dir='ltr'>Οὐ</span> 
     </span>
    </p>
   </div>
   <div class='ocr_carea' id='block_1_86' title="bbox 2171 2372 3848 2450">
    <p class='ocr_par' dir='ltr' id='par_1_86' title="bbox 2171 2372 3848 2450">
     <span class='ocr_line' id='line_1_86' title="bbox 2171 2372 3848 2450; baseline -0.002 -20"><span class='ocrx_word' id='word_1_718' title='bbox 2171 2377 2281 2449; x_wconf 83' lang='grc' dir='ltr'>γὰρ</span> <span class='ocrx_word' id='word_1_719' title='bbox 2314 2379 2444 2431; x_wconf 81' lang='grc' dir='ltr'>ὅταν</span> <span class='ocrx_word' id='word_1_720' title='bbox 2471 2377 2930 2450; x_wconf 88' lang='grc' dir='ltr'>ἀριστοποιεῖσθαι</span> <span class='ocrx_word' id='word_1_721' title='bbox 2961 2377 3076 2447; x_wconf 79' lang='grc' dir='ltr'>δέῃ,</span> <span class='ocrx_word' id='word_1_722' title='bbox 3105 2375 3266 2429; x_wconf 91' lang='grc' dir='ltr'>τοῦτο</span> <span class='ocrx_word' id='word_1_723' title='bbox 3304 2372 3626 2445; x_wconf 71' lang='grc' dir='ltr'>πράττουσι,</span> <span class='ocrx_word' id='word_1_724' title='bbox 3649 2377 3848 2445; x_wconf 67' lang='grc' dir='ltr'>φησιν,</span> 
     </span>
    </p>
   </div>
   <div class='ocr_carea' id='block_1_87' title="bbox 2172 2463 3849 2537">
    <p class='ocr_par' dir='ltr' id='par_1_87' title="bbox 2172 2463 3849 2537">
     <span class='ocr_line' id='line_1_87' title="bbox 2172 2463 3849 2537; baseline -0.001 -18"><span class='ocrx_word' id='word_1_725' title='bbox 2172 2464 2308 2519; x_wconf 88' lang='grc' dir='ltr'>ἀλλά</span> <span class='ocrx_word' id='word_1_726' title='bbox 2340 2466 2517 2520; x_wconf 86' lang='grc' dir='ltr'>πάντα</span> <span class='ocrx_word' id='word_1_727' title='bbox 2550 2465 2642 2519; x_wconf 84' lang='grc' dir='ltr'>τὸν</span> <span class='ocrx_word' id='word_1_728' title='bbox 2679 2466 2869 2537; x_wconf 81' lang='grc' dir='ltr'>καιρὸν</span> <span class='ocrx_word' id='word_1_729' title='bbox 2906 2464 3075 2535; x_wconf 86' lang='grc' dir='ltr'>μέθης</span> <span class='ocrx_word' id='word_1_730' title='bbox 3107 2463 3380 2527; x_wconf 88' lang='grc' dir='ltr'>ποιοῦντες</span> <span class='ocrx_word' id='word_1_731' title='bbox 3409 2464 3621 2534; x_wconf 84' lang='grc' dir='ltr'>καιρὸν,</span> <span class='ocrx_word' id='word_1_732' title='bbox 3650 2464 3747 2516; x_wconf 72' lang='grc' dir='ltr'>καὶ</span> <span class='ocrx_word' id='word_1_733' title='bbox 3783 2466 3849 2518; x_wconf 86' lang='grc' dir='ltr'>ἐκ</span> 
     </span>
    </p>
   </div>
   <div class='ocr_carea' id='block_1_88' title="bbox 2173 2550 3849 2623">
    <p class='ocr_par' dir='ltr' id='par_1_88' title="bbox 2173 2550 3849 2623">
     <span class='ocr_line' id='line_1_88' title="bbox 2173 2550 3849 2623; baseline -0.002 -18"><span class='ocrx_word' id='word_1_734' title='bbox 2173 2552 2472 2623; x_wconf 86' lang='grc' dir='ltr'>προοιμίων</span> <span class='ocrx_word' id='word_1_735' title='bbox 2513 2553 2611 2621; x_wconf 73' lang='grc' dir='ltr'>τῆς</span> <span class='ocrx_word' id='word_1_736' title='bbox 2640 2552 2872 2623; x_wconf 83' lang='grc' dir='ltr'>ἡμέρας,</span> <span class='ocrx_word' id='word_1_737' title='bbox 2929 2552 3018 2605; x_wconf 87' lang='grc' dir='ltr'>ὅτε</span> <span class='ocrx_word' id='word_1_738' title='bbox 3056 2550 3289 2621; x_wconf 87' lang='grc' dir='ltr'>μάλιστα</span> <span class='ocrx_word' id='word_1_739' title='bbox 3332 2551 3514 2613; x_wconf 80' lang='grc' dir='ltr'>αὐτοῖς</span> <span class='ocrx_word' id='word_1_740' title='bbox 3554 2551 3849 2621; x_wconf 86' lang='grc' dir='ltr'>προσέχειν</span> 
     </span>
    </p>
   </div>
   <div class='ocr_carea' id='block_1_89' title="bbox 2174 2639 3849 2712">
    <p class='ocr_par' dir='ltr' id='par_1_89' title="bbox 2174 2639 3849 2712">
     <span class='ocr_line' id='line_1_89' title="bbox 2174 2639 3849 2712; baseline -0.002 -18"><span class='ocrx_word' id='word_1_741' title='bbox 2174 2643 2363 2712; x_wconf 80' lang='grc' dir='ltr'>ἐχρῆν,</span> <span class='ocrx_word' id='word_1_742' title='bbox 2390 2641 2570 2712; x_wconf 87' lang='grc' dir='ltr'>πολλῷ</span> <span class='ocrx_word' id='word_1_743' title='bbox 2598 2641 2675 2712; x_wconf 83' lang='grc' dir='ltr'>τῷ</span> <span class='ocrx_word' id='word_1_744' title='bbox 2710 2642 2932 2712; x_wconf 81' lang='grc' dir='ltr'>ἀκράτῳ</span> <span class='ocrx_word' id='word_1_745' title='bbox 2966 2640 3198 2701; x_wconf 83' lang='grc' dir='ltr'>διδόντες</span> <span class='ocrx_word' id='word_1_746' title='bbox 3219 2639 3465 2702; x_wconf 73' lang='grc' dir='ltr'>ἑαυτοὺς,</span> <span class='ocrx_word' id='word_1_747' title='bbox 3494 2639 3589 2691; x_wconf 76' lang='lat' dir='ltr'><strong><em>xal</em></strong></span> <span class='ocrx_word' id='word_1_748' title='bbox 3618 2639 3849 2703; x_wconf 81' lang='grc' dir='ltr'>ἄκοντες</span> 
     </span>
    </p>
   </div>
   <div class='ocr_carea' id='block_1_90' title="bbox 2174 2724 3849 2798">
    <p class='ocr_par' dir='ltr' id='par_1_90' title="bbox 2174 2724 3849 2798">
     <span class='ocr_line' id='line_1_90' title="bbox 2174 2724 3849 2798; baseline -0.001 -17"><span class='ocrx_word' id='word_1_749' title='bbox 2174 2727 2358 2781; x_wconf 76' lang='grc' dir='ltr'>λοιπὸν</span> <span class='ocrx_word' id='word_1_750' title='bbox 2393 2730 2487 2780; x_wconf 83' lang='grc' dir='ltr'>καὶ</span> <span class='ocrx_word' id='word_1_751' title='bbox 2519 2728 2680 2798; x_wconf 86' lang='grc' dir='ltr'>μέχρι</span> <span class='ocrx_word' id='word_1_752' title='bbox 2707 2730 2802 2798; x_wconf 83' lang='grc' dir='ltr'>τῆς</span> <span class='ocrx_word' id='word_1_753' title='bbox 2842 2727 3079 2796; x_wconf 75' lang='grc' dir='ltr'>ἑσπέρας</span> <span class='ocrx_word' id='word_1_754' title='bbox 3127 2725 3547 2796; x_wconf 84' lang='grc' dir='ltr'>ἐναπομένοντες</span> <span class='ocrx_word' id='word_1_755' title='bbox 3580 2724 3657 2795; x_wconf 83' lang='grc' dir='ltr'>τῷ</span> <span class='ocrx_word' id='word_1_756' title='bbox 3686 2728 3849 2796; x_wconf 66' lang='lat' dir='ltr'>vasi)-</span> 
     </span>
    </p>
   </div>
   <div class='ocr_carea' id='block_1_91' title="bbox 2176 2812 3849 2885">
    <p class='ocr_par' dir='ltr' id='par_1_91' title="bbox 2176 2812 3849 2885">
     <span class='ocr_line' id='line_1_91' title="bbox 2176 2812 3849 2885; baseline -0.001 -18"><span class='ocrx_word' id='word_1_757' title='bbox 2176 2832 2326 2885; x_wconf 85' lang='grc' dir='ltr'>ματι.</span> <span class='ocrx_word' id='word_1_758' title='bbox 2362 2814 2611 2867; x_wconf 79' lang='grc' dir='ltr'>Ἐπειδὰν</span> <span class='ocrx_word' id='word_1_759' title='bbox 2642 2814 2749 2885; x_wconf 90' lang='grc' dir='ltr'>γάρ</span> <span class='ocrx_word' id='word_1_760' title='bbox 2780 2812 2926 2878; x_wconf 77' lang='grc' dir='ltr'>ἅπαξ</span> <span class='ocrx_word' id='word_1_761' title='bbox 2963 2813 3207 2881; x_wconf 79' lang='grc' dir='ltr'>φθάσωσι</span> <span class='ocrx_word' id='word_1_762' title='bbox 3241 2812 3737 2881; x_wconf 80' lang='grc' dir='ltr'>καταποντισθῆναι</span> <span class='ocrx_word' id='word_1_763' title='bbox 3768 2817 3849 2876; x_wconf 75' lang='grc' dir='ltr'>εἰς</span> 
     </span>
    </p>
   </div>
   <div class='ocr_carea' id='block_1_92' title="bbox 2172 2897 3847 2971">
    <p class='ocr_par' dir='ltr' id='par_1_92' title="bbox 2172 2897 3847 2971">
     <span class='ocr_line' id='line_1_92' title="bbox 2172 2897 3847 2971; baseline -0.001 -17"><span class='ocrx_word' id='word_1_764' title='bbox 2172 2899 2262 2955; x_wconf 83' lang='grc' dir='ltr'>τὸν</span> <span class='ocrx_word' id='word_1_765' title='bbox 2283 2900 2381 2971; x_wconf 85' lang='grc' dir='ltr'>τῆς</span> <span class='ocrx_word' id='word_1_766' title='bbox 2416 2899 2682 2971; x_wconf 88' lang='grc' dir='ltr'>ἀκρασίας</span> <span class='ocrx_word' id='word_1_767' title='bbox 2711 2899 2887 2969; x_wconf 85' lang='grc' dir='ltr'>βυθὸν,</span> <span class='ocrx_word' id='word_1_768' title='bbox 2924 2899 3019 2952; x_wconf 72' lang='grc' dir='ltr'>καὶ</span> <span class='ocrx_word' id='word_1_769' title='bbox 3055 2899 3164 2950; x_wconf 90' lang='grc' dir='ltr'>τῶν</span> <span class='ocrx_word' id='word_1_770' title='bbox 3197 2897 3339 2952; x_wconf 89' lang='grc' dir='ltr'>κατά</span> <span class='ocrx_word' id='word_1_771' title='bbox 3374 2897 3535 2965; x_wconf 87' lang='grc' dir='ltr'>φύσιν</span> <span class='ocrx_word' id='word_1_772' title='bbox 3564 2899 3847 2952; x_wconf 84' lang='grc' dir='ltr'>ἐκπέσωσι</span> 
     </span>
    </p>
   </div>
   <div class='ocr_carea' id='block_1_93' title="bbox 2174 2985 3849 3059">
    <p class='ocr_par' dir='ltr' id='par_1_93' title="bbox 2174 2985 3849 3059">
     <span class='ocr_line' id='line_1_93' title="bbox 2174 2985 3849 3059; baseline -0.001 -18"><span class='ocrx_word' id='word_1_773' title='bbox 2174 2988 2410 3059; x_wconf 85' lang='grc' dir='ltr'>φρενῶν,</span> <span class='ocrx_word' id='word_1_774' title='bbox 2440 2989 2534 3042; x_wconf 71' lang='grc' dir='ltr'>καὶ</span> <span class='ocrx_word' id='word_1_775' title='bbox 2568 2988 2667 3059; x_wconf 81' lang='grc' dir='ltr'>τὴν</span> <span class='ocrx_word' id='word_1_776' title='bbox 2692 2987 2868 3059; x_wconf 73' lang='grc' dir='ltr'>ψυχὴν</span> <span class='ocrx_word' id='word_1_777' title='bbox 2898 2985 3242 3058; x_wconf 81' lang='grc' dir='ltr'>αἰχμάλωτον</span> <span class='ocrx_word' id='word_1_778' title='bbox 3275 2988 3341 3058; x_wconf 82' lang='grc' dir='ltr'>τῇ</span> <span class='ocrx_word' id='word_1_779' title='bbox 3370 2988 3583 3059; x_wconf 78' lang='grc' dir='ltr'>πονηρᾷ</span> <span class='ocrx_word' id='word_1_780' title='bbox 3622 2987 3723 3058; x_wconf 79' lang='grc' dir='ltr'>τῆς</span> <span class='ocrx_word' id='word_1_781' title='bbox 3750 2990 3849 3059; x_wconf 84' lang='grc' dir='ltr'>μέ-</span> 
     </span>
    </p>
   </div>
   <div class='ocr_carea' id='block_1_94' title="bbox 2174 3074 3848 3147">
    <p class='ocr_par' dir='ltr' id='par_1_94' title="bbox 2174 3074 3848 3147">
     <span class='ocr_line' id='line_1_94' title="bbox 2174 3074 3848 3147; baseline 0.001 -19"><span class='ocrx_word' id='word_1_782' title='bbox 2174 3076 2275 3146; x_wconf 85' lang='grc' dir='ltr'>θης</span> <span class='ocrx_word' id='word_1_783' title='bbox 2316 3074 2680 3147; x_wconf 86' lang='grc' dir='ltr'>παραδώσωσι</span> <span class='ocrx_word' id='word_1_784' title='bbox 2708 3076 2999 3146; x_wconf 87' lang='grc' dir='ltr'>τυραννίδι,</span> <span class='ocrx_word' id='word_1_785' title='bbox 3043 3075 3295 3144; x_wconf 88' lang='grc' dir='ltr'>καθάπερ</span> <span class='ocrx_word' id='word_1_786' title='bbox 3329 3075 3511 3129; x_wconf 88' lang='grc' dir='ltr'>πλοῖον</span> <span class='ocrx_word' id='word_1_787' title='bbox 3546 3076 3848 3146; x_wconf 81' lang='grc' dir='ltr'>ἀνερμάτι-</span> 
     </span>
    </p>
   </div>
   <div class='ocr_carea' id='block_1_95' title="bbox 2173 3162 3846 3234">
    <p class='ocr_par' dir='ltr' id='par_1_95' title="bbox 2173 3162 3846 3234">
     <span class='ocr_line' id='line_1_95' title="bbox 2173 3162 3846 3234; baseline 0.001 -20"><span class='ocrx_word' id='word_1_788' title='bbox 2173 3179 2319 3225; x_wconf 89' lang='grc' dir='ltr'>στον,</span> <span class='ocrx_word' id='word_1_789' title='bbox 2343 3165 2436 3216; x_wconf 74' lang='grc' dir='ltr'>καὶ</span> <span class='ocrx_word' id='word_1_790' title='bbox 2457 3164 2791 3234; x_wconf 84' lang='grc' dir='ltr'>κυϐερνήτου</span> <span class='ocrx_word' id='word_1_791' title='bbox 2817 3163 2911 3215; x_wconf 79' lang='grc' dir='ltr'>καὶ</span> <span class='ocrx_word' id='word_1_792' title='bbox 2942 3162 3153 3216; x_wconf 85' lang='grc' dir='ltr'>ναυτῶν</span> <span class='ocrx_word' id='word_1_793' title='bbox 3174 3162 3635 3233; x_wconf 83' lang='grc' dir='ltr'>ἀπεστερημένον,</span> <span class='ocrx_word' id='word_1_794' title='bbox 3657 3163 3846 3228; x_wconf 81' lang='grc' dir='ltr'>ἁπλῶς</span> 
     </span>
    </p>
   </div>
   <div class='ocr_carea' id='block_1_96' title="bbox 2172 3248 3845 3321">
    <p class='ocr_par' dir='ltr' id='par_1_96' title="bbox 2172 3248 3845 3321">
     <span class='ocr_line' id='line_1_96' title="bbox 2172 3248 3845 3321; baseline -0.001 -17"><span class='ocrx_word' id='word_1_795' title='bbox 2172 3250 2268 3304; x_wconf 82' lang='grc' dir='ltr'>καὶ</span> <span class='ocrx_word' id='word_1_796' title='bbox 2295 3250 2417 3321; x_wconf 85' lang='grc' dir='ltr'>είκῆ</span> <span class='ocrx_word' id='word_1_797' title='bbox 2445 3250 2691 3320; x_wconf 87' lang='grc' dir='ltr'>φέρεται,</span> <span class='ocrx_word' id='word_1_798' title='bbox 2721 3252 2785 3320; x_wconf 81' lang='grc' dir='ltr'>τῇ</span> <span class='ocrx_word' id='word_1_799' title='bbox 2813 3248 2921 3302; x_wconf 89' lang='grc' dir='ltr'>τῶν</span> <span class='ocrx_word' id='word_1_800' title='bbox 2952 3249 3159 3303; x_wconf 82' lang='grc' dir='ltr'>ὑδάτων</span> <span class='ocrx_word' id='word_1_801' title='bbox 3197 3251 3416 3320; x_wconf 86' lang='grc' dir='ltr'>ἀτάκτῳ</span> <span class='ocrx_word' id='word_1_802' title='bbox 3445 3249 3593 3320; x_wconf 77' lang='grc' dir='ltr'>ῥύμῃ</span> <span class='ocrx_word' id='word_1_803' title='bbox 3634 3268 3845 3303; x_wconf 85' lang='grc' dir='ltr'>παντα-</span> 
     </span>
    </p>
   </div>
   <div class='ocr_carea' id='block_1_97' title="bbox 2173 3331 3847 3410">
    <p class='ocr_par' dir='ltr' id='par_1_97' title="bbox 2173 3331 3847 3410">
     <span class='ocr_line' id='line_1_97' title="bbox 2173 3331 3847 3410; baseline 0.001 -19"><span class='ocrx_word' id='word_1_804' title='bbox 2173 3340 2271 3409; x_wconf 89' lang='grc' dir='ltr'>χοῦ</span> <span class='ocrx_word' id='word_1_805' title='bbox 2308 3341 2729 3410; x_wconf 88' lang='grc' dir='ltr'>περιαγόμενον,</span> <span class='ocrx_word' id='word_1_806' title='bbox 2777 3339 2867 3391; x_wconf 87' lang='grc' dir='ltr'>τὸν</span> <span class='ocrx_word' id='word_1_807' title='bbox 2900 3338 3064 3392; x_wconf 77' lang='grc' dir='ltr'>αὐτὸν</span> <span class='ocrx_word' id='word_1_808' title='bbox 3091 3338 3155 3409; x_wconf 82' lang='grc' dir='ltr'>δὴ</span> <span class='ocrx_word' id='word_1_809' title='bbox 3195 3338 3395 3410; x_wconf 87' lang='grc' dir='ltr'>τρόπον</span> <span class='ocrx_word' id='word_1_810' title='bbox 3433 3340 3528 3392; x_wconf 80' lang='grc' dir='ltr'>καὶ</span> <span class='ocrx_word' id='word_1_811' title='bbox 3556 3331 3706 3391; x_wconf 66' lang='grc' dir='ltr'>οὗτοι</span> <span class='ocrx_word' id='word_1_812' title='bbox 3741 3340 3847 3393; x_wconf 73' lang='grc' dir='ltr'>ὑπὸ</span> 
     </span>
    </p>
   </div>
   <div class='ocr_carea' id='block_1_98' title="bbox 2172 3425 3844 3498">
    <p class='ocr_par' dir='ltr' id='par_1_98' title="bbox 2172 3425 3844 3498">
     <span class='ocr_line' id='line_1_98' title="bbox 2172 3425 3844 3498; baseline 0.001 -18"><span class='ocrx_word' id='word_1_813' title='bbox 2172 3428 2274 3497; x_wconf 85' lang='grc' dir='ltr'>τῆς</span> <span class='ocrx_word' id='word_1_814' title='bbox 2304 3428 2474 3498; x_wconf 76' lang='grc' dir='ltr'>μέθης</span> <span class='ocrx_word' id='word_1_815' title='bbox 2522 3426 2840 3497; x_wconf 86' lang='grc' dir='ltr'>ὑποϐρύχιοι</span> <span class='ocrx_word' id='word_1_816' title='bbox 2890 3427 3191 3497; x_wconf 86' lang='grc' dir='ltr'>γενόμενοι.</span> <span class='ocrx_word' id='word_1_817' title='bbox 3235 3426 3324 3479; x_wconf 88' lang='grc' dir='ltr'>Διό</span> <span class='ocrx_word' id='word_1_818' title='bbox 3366 3442 3560 3496; x_wconf 79' lang='grc' dir='ltr'>φησιν’</span> <span class='ocrx_word' id='word_1_819' title='bbox 3609 3425 3759 3481; x_wconf 79' lang='grc' dir='ltr'>Οὐαὶ</span> <span class='ocrx_word' id='word_1_820' title='bbox 3792 3432 3844 3482; x_wconf 87' lang='grc' dir='ltr'>οἰ</span> 
     </span>
    </p>
   </div>
   <div class='ocr_carea' id='block_1_99' title="bbox 2172 3513 3844 3583">
    <p class='ocr_par' dir='ltr' id='par_1_99' title="bbox 2172 3513 3844 3583">
     <span class='ocr_line' id='line_1_99' title="bbox 2172 3513 3844 3583; baseline 0.001 -15"><span class='ocrx_word' id='word_1_821' title='bbox 2172 3515 2530 3583; x_wconf 76' lang='grc' dir='ltr'>ἐγειρόμενοι</span> <span class='ocrx_word' id='word_1_822' title='bbox 2570 3514 2634 3568; x_wconf 84' lang='grc' dir='ltr'>τὸ</span> <span class='ocrx_word' id='word_1_823' title='bbox 2671 3514 2851 3583; x_wconf 72' lang='grc' dir='ltr'>πρωῒ,</span> <span class='ocrx_word' id='word_1_824' title='bbox 2895 3514 2992 3567; x_wconf 83' lang='grc' dir='ltr'>καί</span> <span class='ocrx_word' id='word_1_825' title='bbox 3033 3515 3099 3567; x_wconf 78' lang='grc' dir='ltr'>τὸ</span> <span class='ocrx_word' id='word_1_826' title='bbox 3150 3515 3362 3581; x_wconf 79' lang='grc' dir='ltr'>σίκερα</span> <span class='ocrx_word' id='word_1_827' title='bbox 3392 3513 3735 3581; x_wconf 79' lang='grc' dir='ltr'>διώκοντες.</span> <span class='ocrx_word' id='word_1_828' title='bbox 3769 3516 3844 3569; x_wconf 80' lang='grc' dir='ltr'><strong>Οὐ</strong></span> 
     </span>
    </p>
   </div>
   <div class='ocr_carea' id='block_1_100' title="bbox 2174 3601 3847 3674">
    <p class='ocr_par' dir='ltr' id='par_1_100' title="bbox 2174 3601 3847 3674">
     <span class='ocr_line' id='line_1_100' title="bbox 2174 3601 3847 3674; baseline -0.001 -19"><span class='ocrx_word' id='word_1_829' title='bbox 2174 3603 2283 3674; x_wconf 84' lang='grc' dir='ltr'>γὰρ</span> <span class='ocrx_word' id='word_1_830' title='bbox 2310 3605 2407 3673; x_wconf 80' lang='grc' dir='ltr'>τὴν</span> <span class='ocrx_word' id='word_1_831' title='bbox 2437 3603 2626 3673; x_wconf 89' lang='grc' dir='ltr'>χρείαν</span> <span class='ocrx_word' id='word_1_832' title='bbox 2664 3604 2954 3674; x_wconf 88' lang='grc' dir='ltr'>ἐπλήρουν,</span> <span class='ocrx_word' id='word_1_833' title='bbox 2985 3601 3105 3655; x_wconf 83' lang='grc' dir='ltr'>οὐδὲ</span> <span class='ocrx_word' id='word_1_834' title='bbox 3139 3601 3397 3670; x_wconf 86' lang='grc' dir='ltr'>ἀνέμενον</span> <span class='ocrx_word' id='word_1_835' title='bbox 3430 3602 3725 3671; x_wconf 81' lang='grc' dir='ltr'>ἐπιθυμίας</span> <span class='ocrx_word' id='word_1_836' title='bbox 3752 3620 3847 3670; x_wconf 83' lang='grc' dir='ltr'>γε-</span> 
     </span>
    </p>
   </div>
   <div class='ocr_carea' id='block_1_101' title="bbox 2173 3688 3845 3762">
    <p class='ocr_par' dir='ltr' id='par_1_101' title="bbox 2173 3688 3845 3762">
     <span class='ocr_line' id='line_1_101' title="bbox 2173 3688 3845 3762; baseline -0.002 -16"><span class='ocrx_word' id='word_1_837' title='bbox 2173 3692 2404 3762; x_wconf 87' lang='grc' dir='ltr'>νομένης</span> <span class='ocrx_word' id='word_1_838' title='bbox 2455 3689 2739 3760; x_wconf 86' lang='grc' dir='ltr'>πληρῶσαι</span> <span class='ocrx_word' id='word_1_839' title='bbox 2782 3689 2881 3760; x_wconf 80' lang='grc' dir='ltr'>τὴν</span> <span class='ocrx_word' id='word_1_840' title='bbox 2913 3688 3149 3752; x_wconf 78' lang='grc' dir='ltr'>ἔνδειαν,</span> <span class='ocrx_word' id='word_1_841' title='bbox 3196 3688 3309 3741; x_wconf 83' lang='grc' dir='ltr'>ἀλλ’</span> <span class='ocrx_word' id='word_1_842' title='bbox 3357 3688 3516 3759; x_wconf 79' lang='grc' dir='ltr'>ἔργον</span> <span class='ocrx_word' id='word_1_843' title='bbox 3562 3688 3845 3742; x_wconf 84' lang='grc' dir='ltr'>ἐποιοῦντο</span> 
     </span>
    </p>
   </div>
   <div class='ocr_carea' id='block_1_102' title="bbox 2172 3775 3845 3848">
    <p class='ocr_par' dir='ltr' id='par_1_102' title="bbox 2172 3775 3845 3848">
     <span class='ocr_line' id='line_1_102' title="bbox 2172 3775 3845 3848; baseline -0.001 -16"><span class='ocrx_word' id='word_1_844' title='bbox 2172 3778 2330 3833; x_wconf 80' lang='grc' dir='ltr'>τοῦτο</span> <span class='ocrx_word' id='word_1_845' title='bbox 2358 3779 2450 3831; x_wconf 72' lang='grc' dir='ltr'>καὶ</span> <span class='ocrx_word' id='word_1_846' title='bbox 2483 3777 2733 3848; x_wconf 87' lang='grc' dir='ltr'>μελέτην,</span> <span class='ocrx_word' id='word_1_847' title='bbox 2764 3777 2825 3828; x_wconf 80' lang='grc' dir='ltr'>τὸ</span> <span class='ocrx_word' id='word_1_848' title='bbox 2854 3776 3115 3846; x_wconf 86' lang='grc' dir='ltr'>διηνεκῶς</span> <span class='ocrx_word' id='word_1_849' title='bbox 3147 3775 3384 3845; x_wconf 87' lang='grc' dir='ltr'>μεθύειν.</span> <span class='ocrx_word' id='word_1_850' title='bbox 3427 3775 3518 3828; x_wconf 92' lang='grc' dir='ltr'>Διό</span> <span class='ocrx_word' id='word_1_851' title='bbox 3560 3793 3744 3847; x_wconf 81' lang='grc' dir='ltr'>φησιν·</span> <span class='ocrx_word' id='word_1_852' title='bbox 3780 3780 3845 3830; x_wconf 76' lang='lat' dir='ltr'>Ol</span> 
     </span>
    </p>
   </div>
   <div class='ocr_carea' id='block_1_103' title="bbox 2174 3864 3846 3937">
    <p class='ocr_par' dir='ltr' id='par_1_103' title="bbox 2174 3864 3846 3937">
     <span class='ocr_line' id='line_1_103' title="bbox 2174 3864 3846 3937; baseline -0.001 -16"><span class='ocrx_word' id='word_1_853' title='bbox 2174 3866 2486 3933; x_wconf 82' lang='grc' dir='ltr'>διώκοντες</span> <span class='ocrx_word' id='word_1_854' title='bbox 2514 3867 2740 3935; x_wconf 82' lang='grc' dir='ltr'>σίκερα.</span> <span class='ocrx_word' id='word_1_855' title='bbox 2781 3866 2980 3936; x_wconf 88' lang='grc' dir='ltr'>Σίκερα</span> <span class='ocrx_word' id='word_1_856' title='bbox 3016 3865 3073 3919; x_wconf 87' lang='grc' dir='ltr'>δέ</span> <span class='ocrx_word' id='word_1_857' title='bbox 3113 3864 3344 3918; x_wconf 87' lang='grc' dir='ltr'>ἐνταῦθά</span> <span class='ocrx_word' id='word_1_858' title='bbox 3374 3882 3506 3934; x_wconf 86' lang='grc' dir='ltr'>φησι</span> <span class='ocrx_word' id='word_1_859' title='bbox 3534 3866 3645 3917; x_wconf 91' lang='grc' dir='ltr'>τῶν</span> <span class='ocrx_word' id='word_1_860' title='bbox 3674 3867 3846 3937; x_wconf 84' lang='grc' dir='ltr'>φοινί-</span> 
     </span>
    </p>
   </div>
   <div class='ocr_carea' id='block_1_104' title="bbox 2173 3953 3847 4027">
    <p class='ocr_par' dir='ltr' id='par_1_104' title="bbox 2173 3953 3847 4027">
     <span class='ocr_line' id='line_1_104' title="bbox 2173 3953 3847 4027; baseline 0 -18"><span class='ocrx_word' id='word_1_861' title='bbox 2173 3974 2284 4010; x_wconf 90' lang='grc' dir='ltr'>κων</span> <span class='ocrx_word' id='word_1_862' title='bbox 2311 3956 2402 4009; x_wconf 87' lang='grc' dir='ltr'>τὸν</span> <span class='ocrx_word' id='word_1_863' title='bbox 2434 3955 2585 4018; x_wconf 79' lang='grc' dir='ltr'>ὀπὸν,</span> <span class='ocrx_word' id='word_1_864' title='bbox 2625 3956 2684 4008; x_wconf 85' lang='grc' dir='ltr'>ὃν</span> <span class='ocrx_word' id='word_1_865' title='bbox 2730 3954 3069 4024; x_wconf 85' lang='grc' dir='ltr'>ἐπετήδευον,</span> <span class='ocrx_word' id='word_1_866' title='bbox 3104 3953 3474 4025; x_wconf 87' lang='grc' dir='ltr'>συντρίϐοντες</span> <span class='ocrx_word' id='word_1_867' title='bbox 3508 3954 3599 4006; x_wconf 84' lang='grc' dir='ltr'>τὸν</span> <span class='ocrx_word' id='word_1_868' title='bbox 3630 3956 3847 4027; x_wconf 70' lang='grc' dir='ltr'>καρπὸν</span> 
     </span>
    </p>
   </div>
   <div class='ocr_carea' id='block_1_105' title="bbox 2174 4040 3849 4112">
    <p class='ocr_par' dir='ltr' id='par_1_105' title="bbox 2174 4040 3849 4112">
     <span class='ocr_line' id='line_1_105' title="bbox 2174 4040 3849 4112; baseline 0 -14"><span class='ocrx_word' id='word_1_869' title='bbox 2174 4045 2270 4098; x_wconf 73' lang='grc' dir='ltr'>καὶ</span> <span class='ocrx_word' id='word_1_870' title='bbox 2302 4043 2695 4107; x_wconf 90' lang='grc' dir='ltr'>καταθλῶντες,</span> <span class='ocrx_word' id='word_1_871' title='bbox 2723 4044 2801 4105; x_wconf 88' lang='grc' dir='ltr'>εἰς</span> <span class='ocrx_word' id='word_1_872' title='bbox 2819 4042 2964 4095; x_wconf 76' lang='grc' dir='ltr'>οἴνου</span> <span class='ocrx_word' id='word_1_873' title='bbox 3005 4040 3501 4112; x_wconf 79' lang='grc' dir='ltr'>μετασχηματίζειν</span> <span class='ocrx_word' id='word_1_874' title='bbox 3530 4041 3714 4110; x_wconf 85' lang='grc' dir='ltr'>φύσιν.</span> <span class='ocrx_word' id='word_1_875' title='bbox 3739 4044 3849 4097; x_wconf 83' lang='grc' dir='ltr'>Κα-</span> 
     </span>
    </p>
   </div>
   <div class='ocr_carea' id='block_1_106' title="bbox 2177 4128 3842 4203">
    <p class='ocr_par' dir='ltr' id='par_1_106' title="bbox 2177 4128 3842 4203">
     <span class='ocr_line' id='line_1_106' title="bbox 2177 4128 3842 4203; baseline -0.001 -18"><span class='ocrx_word' id='word_1_876' title='bbox 2177 4132 2404 4203; x_wconf 81' lang='grc' dir='ltr'>ρωτικὸν</span> <span class='ocrx_word' id='word_1_877' title='bbox 2451 4131 2507 4184; x_wconf 84' lang='grc' dir='ltr'>δέ</span> <span class='ocrx_word' id='word_1_878' title='bbox 2558 4132 2675 4184; x_wconf 90' lang='grc' dir='ltr'>ἐστι</span> <span class='ocrx_word' id='word_1_879' title='bbox 2723 4130 2783 4183; x_wconf 80' lang='grc' dir='ltr'>τὸ</span> <span class='ocrx_word' id='word_1_880' title='bbox 2829 4129 3088 4194; x_wconf 89' lang='grc' dir='ltr'>τοιοῦτον,</span> <span class='ocrx_word' id='word_1_881' title='bbox 3140 4129 3235 4181; x_wconf 75' lang='grc' dir='ltr'>καὶ</span> <span class='ocrx_word' id='word_1_882' title='bbox 3290 4128 3458 4199; x_wconf 87' lang='grc' dir='ltr'>μέθης</span> <span class='ocrx_word' id='word_1_883' title='bbox 3491 4130 3842 4199; x_wconf 79' lang='grc' dir='ltr'>ἐργαστικόν.</span> 
     </span>
    </p>
   </div>
   <div class='ocr_carea' id='block_1_107' title="bbox 2187 4216 3847 4289">
    <p class='ocr_par' dir='ltr' id='par_1_107' title="bbox 2187 4216 3847 4289">
     <span class='ocr_line' id='line_1_107' title="bbox 2187 4216 3847 4289; baseline 0.001 -17"><span class='ocrx_word' id='word_1_884' title='bbox 2187 4219 2325 4272; x_wconf 85' lang='grc' dir='ltr'>Ἀλλ’</span> <span class='ocrx_word' id='word_1_885' title='bbox 2346 4219 2497 4273; x_wconf 79' lang='grc' dir='ltr'>οὐδὲν</span> <span class='ocrx_word' id='word_1_886' title='bbox 2525 4217 2817 4289; x_wconf 81' lang='grc' dir='ltr'>ύφωρῶντο</span> <span class='ocrx_word' id='word_1_887' title='bbox 2838 4216 3040 4270; x_wconf 89' lang='grc' dir='ltr'>τούτων</span> <span class='ocrx_word' id='word_1_888' title='bbox 3063 4219 3278 4281; x_wconf 86' lang='grc' dir='ltr'>ἐκεῖνοι,</span> <span class='ocrx_word' id='word_1_889' title='bbox 3301 4216 3399 4287; x_wconf 81' lang='grc' dir='ltr'>τὴν</span> <span class='ocrx_word' id='word_1_890' title='bbox 3423 4216 3617 4288; x_wconf 80' lang='grc' dir='ltr'>ἡδονὴν</span> <span class='ocrx_word' id='word_1_891' title='bbox 3646 4235 3847 4273; x_wconf 85' lang='grc' dir='ltr'>παντα-</span> 
     </span>
    </p>
   </div>
   <div class='ocr_carea' id='block_1_108' title="bbox 2173 4301 3846 4377">
    <p class='ocr_par' dir='ltr' id='par_1_108' title="bbox 2173 4301 3846 4377">
     <span class='ocr_line' id='line_1_108' title="bbox 2173 4301 3846 4377; baseline 0 -17"><span class='ocrx_word' id='word_1_892' title='bbox 2173 4307 2269 4377; x_wconf 87' lang='grc' dir='ltr'>χοῦ</span> <span class='ocrx_word' id='word_1_893' title='bbox 2301 4306 2611 4370; x_wconf 81' lang='grc' dir='ltr'>διὼκοντες,</span> <span class='ocrx_word' id='word_1_894' title='bbox 2652 4306 2901 4375; x_wconf 91' lang='grc' dir='ltr'>μένοντες</span> <span class='ocrx_word' id='word_1_895' title='bbox 2939 4305 2999 4359; x_wconf 84' lang='grc' dir='ltr'>τὸ</span> <span class='ocrx_word' id='word_1_896' title='bbox 3033 4306 3148 4375; x_wconf 74' lang='grc' dir='ltr'>ὀψέ.</span> <span class='ocrx_word' id='word_1_897' title='bbox 3182 4307 3243 4372; x_wconf 55' lang='grc' dir='ltr'>,Ὁ</span> <span class='ocrx_word' id='word_1_898' title='bbox 3274 4307 3384 4375; x_wconf 71' lang='grc' dir='ltr'>γὰρ</span> <span class='ocrx_word' id='word_1_899' title='bbox 3419 4301 3581 4371; x_wconf 82' lang='grc' dir='ltr'>οἶνος</span> <span class='ocrx_word' id='word_1_900' title='bbox 3618 4307 3846 4373; x_wconf 81' lang='grc' dir='ltr'>αὐτοὺς</span> 
     </span>
    </p>
   </div>
   <div class='ocr_carea' id='block_1_109' title="bbox 2174 4392 3846 4464">
    <p class='ocr_par' dir='ltr' id='par_1_109' title="bbox 2174 4392 3846 4464">
     <span class='ocr_line' id='line_1_109' title="bbox 2174 4392 3846 4464; baseline 0.001 -17"><span class='ocrx_word' id='word_1_901' title='bbox 2174 4396 2526 4464; x_wconf 80' lang='grc' dir='ltr'>συγκαύσει.</span> <span class='ocrx_word' id='word_1_902' title='bbox 2559 4394 2792 4464; x_wconf 88' lang='grc' dir='ltr'>Τοιαύτη</span> <span class='ocrx_word' id='word_1_903' title='bbox 2825 4392 2933 4464; x_wconf 82' lang='grc' dir='ltr'>γὰρ</span> <span class='ocrx_word' id='word_1_904' title='bbox 2959 4394 3057 4463; x_wconf 79' lang='grc' dir='ltr'>τῆς</span> <span class='ocrx_word' id='word_1_905' title='bbox 3087 4393 3254 4464; x_wconf 87' lang='grc' dir='ltr'>μέθης</span> <span class='ocrx_word' id='word_1_906' title='bbox 3287 4396 3319 4464; x_wconf 84' lang='grc' dir='ltr'><strong>ἡ</strong></span> <span class='ocrx_word' id='word_1_907' title='bbox 3363 4392 3541 4461; x_wconf 84' lang='grc' dir='ltr'>φύσις·</span> <span class='ocrx_word' id='word_1_908' title='bbox 3578 4394 3846 4464; x_wconf 84' lang='grc' dir='ltr'>προϊοῦσα</span> 
     </span>
    </p>
   </div>
   <div class='ocr_carea' id='block_1_110' title="bbox 2158 4477 3848 4552">
    <p class='ocr_par' dir='ltr' id='par_1_110' title="bbox 2158 4477 3848 4552">
     <span class='ocr_line' id='line_1_110' title="bbox 2158 4477 3848 4552; baseline -0.002 -15"><span class='ocrx_word' id='word_1_909' title='bbox 2158 4482 2413 4547; x_wconf 75' lang='grc' dir='ltr'>αὔξεται,</span> <span class='ocrx_word' id='word_1_910' title='bbox 2438 4483 2532 4536; x_wconf 75' lang='grc' dir='ltr'>καὶ</span> <span class='ocrx_word' id='word_1_911' title='bbox 2559 4481 2938 4552; x_wconf 84' lang='grc' dir='ltr'>χαλεπώτερον</span> <span class='ocrx_word' id='word_1_912' title='bbox 2961 4481 3020 4533; x_wconf 85' lang='grc' dir='ltr'>τὸ</span> <span class='ocrx_word' id='word_1_913' title='bbox 3055 4480 3205 4550; x_wconf 76' lang='grc' dir='ltr'>δίψος</span> <span class='ocrx_word' id='word_1_914' title='bbox 3237 4483 3398 4533; x_wconf 89' lang='grc' dir='ltr'>ποιεῖ.</span> <span class='ocrx_word' id='word_1_915' title='bbox 3438 4477 3574 4533; x_wconf 86' lang='grc' dir='ltr'>Εἶτα</span> <span class='ocrx_word' id='word_1_916' title='bbox 3604 4482 3701 4534; x_wconf 79' lang='grc' dir='ltr'>καὶ</span> <span class='ocrx_word' id='word_1_917' title='bbox 3726 4482 3848 4534; x_wconf 68' lang='grc' dir='ltr'>ἐτει-</span> 
     </span>
    </p>
   </div>
   <div class='ocr_carea' id='block_1_111' title="bbox 2176 4566 3850 4640">
    <p class='ocr_par' dir='ltr' id='par_1_111' title="bbox 2176 4566 3850 4640">
     <span class='ocr_line' id='line_1_111' title="bbox 2176 4566 3850 4640; baseline -0.001 -19"><span class='ocrx_word' id='word_1_918' title='bbox 2176 4586 2266 4640; x_wconf 88' lang='grc' dir='ltr'>ρον</span> <span class='ocrx_word' id='word_1_919' title='bbox 2293 4568 2391 4621; x_wconf 82' lang='grc' dir='ltr'>ούκ</span> <span class='ocrx_word' id='word_1_920' title='bbox 2427 4568 2644 4620; x_wconf 76' lang='grc' dir='ltr'>ἔλαττον</span> <span class='ocrx_word' id='word_1_921' title='bbox 2669 4567 2917 4636; x_wconf 78' lang='grc' dir='ltr'>ἔγκλημα</span> <span class='ocrx_word' id='word_1_922' title='bbox 2943 4566 3036 4619; x_wconf 86' lang='grc' dir='ltr'>τοῦ</span> <span class='ocrx_word' id='word_1_923' title='bbox 3068 4566 3334 4637; x_wconf 88' lang='grc' dir='ltr'>προτέρου</span> <span class='ocrx_word' id='word_1_924' title='bbox 3370 4566 3717 4637; x_wconf 89' lang='grc' dir='ltr'>προστίθησι,</span> <span class='ocrx_word' id='word_1_925' title='bbox 3758 4568 3850 4620; x_wconf 79' lang='grc' dir='ltr'>λέο</span> 
     </span>
    </p>
   </div>
   <div class='ocr_carea' id='block_1_112' title="bbox 2171 4652 3848 4724">
    <p class='ocr_par' dir='ltr' id='par_1_112' title="bbox 2171 4652 3848 4724">
     <span class='ocr_line' id='line_1_112' title="bbox 2171 4652 3848 4724; baseline 0 -16"><span class='ocrx_word' id='word_1_926' title='bbox 2171 4670 2304 4724; x_wconf 78' lang='grc' dir='ltr'>γωνο</span> <span class='ocrx_word' id='word_1_927' title='bbox 2328 4657 2487 4707; x_wconf 84' lang='grc' dir='ltr'>Μετὰ</span> <span class='ocrx_word' id='word_1_928' title='bbox 2512 4656 2621 4723; x_wconf 76' lang='grc' dir='ltr'>γὰρ</span> <span class='ocrx_word' id='word_1_929' title='bbox 2640 4652 2881 4721; x_wconf 83' lang='grc' dir='ltr'>κιθάρας</span> <span class='ocrx_word' id='word_1_930' title='bbox 2912 4653 3009 4707; x_wconf 83' lang='grc' dir='ltr'>καί</span> <span class='ocrx_word' id='word_1_931' title='bbox 3033 4655 3370 4721; x_wconf 76' lang='grc' dir='ltr'>ψαλτηρίου</span> <span class='ocrx_word' id='word_1_932' title='bbox 3394 4654 3493 4706; x_wconf 84' lang='grc' dir='ltr'>καί</span> <span class='ocrx_word' id='word_1_933' title='bbox 3516 4654 3848 4723; x_wconf 77' lang='grc' dir='ltr'>τυμπάνων</span> 
     </span>
    </p>
   </div>
   <div class='ocr_carea' id='block_1_113' title="bbox 2173 4739 3847 4813">
    <p class='ocr_par' dir='ltr' id='par_1_113' title="bbox 2173 4739 3847 4813">
     <span class='ocr_line' id='line_1_113' title="bbox 2173 4739 3847 4813; baseline 0 -18"><span class='ocrx_word' id='word_1_934' title='bbox 2173 4742 2270 4796; x_wconf 81' lang='grc' dir='ltr'>καί</span> <span class='ocrx_word' id='word_1_935' title='bbox 2305 4741 2511 4795; x_wconf 78' lang='grc' dir='ltr'>αὐλῶν</span> <span class='ocrx_word' id='word_1_936' title='bbox 2549 4743 2655 4795; x_wconf 86' lang='grc' dir='ltr'>τὸν</span> <span class='ocrx_word' id='word_1_937' title='bbox 2696 4739 2865 4794; x_wconf 77' lang='grc' dir='ltr'>οἶνον</span> <span class='ocrx_word' id='word_1_938' title='bbox 2892 4742 3158 4795; x_wconf 82' lang='grc' dir='ltr'>πίνουσι.</span> <span class='ocrx_word' id='word_1_939' title='bbox 3198 4740 3369 4794; x_wconf 88' lang='grc' dir='ltr'>Τοῦτο</span> <span class='ocrx_word' id='word_1_940' title='bbox 3400 4742 3496 4794; x_wconf 75' lang='grc' dir='ltr'>καὶ</span> <span class='ocrx_word' id='word_1_941' title='bbox 3532 4742 3721 4813; x_wconf 74' lang='grc' dir='ltr'>ἕτερος</span> <span class='ocrx_word' id='word_1_942' title='bbox 3753 4744 3847 4812; x_wconf 85' lang='grc' dir='ltr'>ἐγ-</span> 
     </span>
    </p>
   </div>
   <div class='ocr_carea' id='block_1_114' title="bbox 2171 4828 3849 4900">
    <p class='ocr_par' dir='ltr' id='par_1_114' title="bbox 2171 4828 3849 4900">
     <span class='ocr_line' id='line_1_114' title="bbox 2171 4828 3849 4900; baseline -0.001 -16"><span class='ocrx_word' id='word_1_943' title='bbox 2171 4830 2327 4884; x_wconf 89' lang='grc' dir='ltr'>καλεῖ</span> <span class='ocrx_word' id='word_1_944' title='bbox 2356 4829 2637 4900; x_wconf 80' lang='grc' dir='ltr'>προφήτης</span> <span class='ocrx_word' id='word_1_945' title='bbox 2676 4829 2867 4897; x_wconf 75' lang='grc' dir='ltr'>λέγωψ</span> <span class='ocrx_word' id='word_1_946' title='bbox 2890 4832 2955 4883; x_wconf 80' lang='lat' dir='ltr'>Ol</span> <span class='ocrx_word' id='word_1_947' title='bbox 2987 4829 3266 4894; x_wconf 73' lang='grc' dir='ltr'>πίνοντες</span> <span class='ocrx_word' id='word_1_948' title='bbox 3300 4828 3409 4883; x_wconf 86' lang='grc' dir='ltr'>τὸν</span> <span class='ocrx_word' id='word_1_949' title='bbox 3445 4830 3849 4897; x_wconf 50' lang='grc' dir='ltr'>διυλισμθον</span> 
     </span>
    </p>
   </div>
   <div class='ocr_carea' id='block_1_115' title="bbox 2170 4913 3846 4985">
    <p class='ocr_par' dir='ltr' id='par_1_115' title="bbox 2170 4913 3846 4985">
     <span class='ocr_line' id='line_1_115' title="bbox 2170 4913 3846 4985; baseline -0.001 -15"><span class='ocrx_word' id='word_1_950' title='bbox 2170 4913 2357 4980; x_wconf 78' lang='grc' dir='ltr'>οἶνον,</span> <span class='ocrx_word' id='word_1_951' title='bbox 2386 4916 2483 4969; x_wconf 78' lang='grc' dir='ltr'>καὶ</span> <span class='ocrx_word' id='word_1_952' title='bbox 2531 4917 2604 4969; x_wconf 84' lang='grc' dir='ltr'>τὰ</span> <span class='ocrx_word' id='word_1_953' title='bbox 2630 4915 2831 4983; x_wconf 81' lang='grc' dir='ltr'>πρῶτα</span> <span class='ocrx_word' id='word_1_954' title='bbox 2865 4917 3024 4984; x_wconf 82' lang='grc' dir='ltr'>μύρα</span> <span class='ocrx_word' id='word_1_955' title='bbox 3050 4917 3371 4985; x_wconf 77' lang='grc' dir='ltr'>χριόμενοι,</span> <span class='ocrx_word' id='word_1_956' title='bbox 3401 4918 3456 4969; x_wconf 84' lang='grc' dir='ltr'>οἱ</span> <span class='ocrx_word' id='word_1_957' title='bbox 3485 4917 3846 4983; x_wconf 75' lang='grc' dir='ltr'>κροτοῦντες</span> 
     </span>
    </p>
   </div>
   <div class='ocr_carea' id='block_1_116' title="bbox 2170 5003 3847 5076">
    <p class='ocr_par' dir='ltr' id='par_1_116' title="bbox 2170 5003 3847 5076">
     <span class='ocr_line' id='line_1_116' title="bbox 2170 5003 3847 5076; baseline -0.001 -16"><span class='ocrx_word' id='word_1_958' title='bbox 2170 5007 2319 5076; x_wconf 72' lang='grc' dir='ltr'>πρὸς</span> <span class='ocrx_word' id='word_1_959' title='bbox 2350 5006 2466 5072; x_wconf 75' lang='grc' dir='ltr'>τὴν</span> <span class='ocrx_word' id='word_1_960' title='bbox 2502 5005 2712 5074; x_wconf 66' lang='grc' dir='ltr'>φωνὴν</span> <span class='ocrx_word' id='word_1_961' title='bbox 2747 5005 2774 5045; x_wconf 75' lang='lat' dir='ltr'>b</span> <span class='ocrx_word' id='word_1_962' title='bbox 2798 5003 2917 5058; x_wconf 89' lang='grc' dir='ltr'>τῶν</span> <span class='ocrx_word' id='word_1_963' title='bbox 2943 5005 3228 5073; x_wconf 73' lang='grc' dir='ltr'>ὀργάνων.</span> <span class='ocrx_word' id='word_1_964' title='bbox 3270 5004 3362 5070; x_wconf 86' lang='grc' dir='ltr'>Ὡς</span> <span class='ocrx_word' id='word_1_965' title='bbox 3384 5004 3617 5058; x_wconf 82' lang='grc' dir='ltr'>ἑστῶτα</span> <span class='ocrx_word' id='word_1_966' title='bbox 3646 5006 3847 5073; x_wconf 68' lang='grc' dir='ltr'>ἐλογί-</span> 
     </span>
    </p>
   </div>
   <div class='ocr_carea' id='block_1_117' title="bbox 2170 5094 3845 5165">
    <p class='ocr_par' dir='ltr' id='par_1_117' title="bbox 2170 5094 3845 5165">
     <span class='ocr_line' id='line_1_117' title="bbox 2170 5094 3845 5165; baseline 0 -16"><span class='ocrx_word' id='word_1_967' title='bbox 2170 5111 2379 5158; x_wconf 82' lang='grc' dir='ltr'>σαντο,</span> <span class='ocrx_word' id='word_1_968' title='bbox 2406 5094 2504 5147; x_wconf 80' lang='grc' dir='ltr'>καί</span> <span class='ocrx_word' id='word_1_969' title='bbox 2539 5096 2651 5163; x_wconf 84' lang='grc' dir='ltr'>οὐχ</span> <span class='ocrx_word' id='word_1_970' title='bbox 2679 5094 2759 5159; x_wconf 88' lang='grc' dir='ltr'>ὡς</span> <span class='ocrx_word' id='word_1_971' title='bbox 2785 5096 3101 5163; x_wconf 70' lang='grc' dir='ltr'>φεύγοντα.</span> <span class='ocrx_word' id='word_1_972' title='bbox 3133 5094 3244 5147; x_wconf 86' lang='lat' dir='ltr'>Kal</span> <span class='ocrx_word' id='word_1_973' title='bbox 3271 5094 3377 5165; x_wconf 86' lang='grc' dir='ltr'>γὰρ</span> <span class='ocrx_word' id='word_1_974' title='bbox 3408 5095 3646 5165; x_wconf 86' lang='grc' dir='ltr'>ἐσχάτης</span> <span class='ocrx_word' id='word_1_975' title='bbox 3679 5096 3845 5149; x_wconf 88' lang='grc' dir='ltr'>ἀναλ-</span> 
     </span>
    </p>
   </div>
   <div class='ocr_carea' id='block_1_118' title="bbox 2170 5180 3848 5253">
    <p class='ocr_par' dir='ltr' id='par_1_118' title="bbox 2170 5180 3848 5253">
     <span class='ocr_line' id='line_1_118' title="bbox 2170 5180 3848 5253; baseline 0.001 -18"><span class='ocrx_word' id='word_1_976' title='bbox 2170 5182 2369 5253; x_wconf 84' lang='grc' dir='ltr'>γησίας</span> <span class='ocrx_word' id='word_1_977' title='bbox 2416 5180 2574 5234; x_wconf 86' lang='grc' dir='ltr'>τοῦτο</span> <span class='ocrx_word' id='word_1_978' title='bbox 2620 5182 2679 5234; x_wconf 89' lang='grc' dir='ltr'>τὸ</span> <span class='ocrx_word' id='word_1_979' title='bbox 2726 5184 2968 5252; x_wconf 88' lang='grc' dir='ltr'>σημεῖον,</span> <span class='ocrx_word' id='word_1_980' title='bbox 3002 5182 3095 5234; x_wconf 68' lang='grc' dir='ltr'>καὶ¹</span> <span class='ocrx_word' id='word_1_981' title='bbox 3135 5180 3309 5251; x_wconf 78' lang='grc' dir='ltr'>ψυχῆς</span> <span class='ocrx_word' id='word_1_982' title='bbox 3358 5181 3745 5253; x_wconf 86' lang='grc' dir='ltr'>ἐκλελυμένης,</span> <span class='ocrx_word' id='word_1_983' title='bbox 3781 5182 3848 5238; x_wconf 79' lang='grc' dir='ltr'>τδ</span> 
     </span>
    </p>
   </div>
   <div class='ocr_carea' id='block_1_119' title="bbox 2171 5275 3846 5346">
    <p class='ocr_par' dir='ltr' id='par_1_119' title="bbox 2171 5275 3846 5346">
     <span class='ocr_line' id='line_1_119' title="bbox 2171 5275 3846 5346; baseline 0.001 -18"><span class='ocrx_word' id='word_1_984' title='bbox 2171 5276 2398 5346; x_wconf 85' lang='grc' dir='ltr'>θέατρον</span> <span class='ocrx_word' id='word_1_985' title='bbox 2454 5278 2627 5329; x_wconf 89' lang='grc' dir='ltr'>ποιεῖν</span> <span class='ocrx_word' id='word_1_986' title='bbox 2678 5275 2774 5344; x_wconf 81' lang='grc' dir='ltr'>τὴν</span> <span class='ocrx_word' id='word_1_987' title='bbox 2830 5276 3005 5328; x_wconf 85' lang='grc' dir='ltr'>οἰκίαν</span> <span class='ocrx_word' id='word_1_988' title='bbox 3052 5276 3149 5345; x_wconf 78' lang='grc' dir='ltr'>τὴν</span> <span class='ocrx_word' id='word_1_989' title='bbox 3194 5277 3408 5338; x_wconf 87' lang='grc' dir='ltr'>ἐαυτοῦ,</span> <span class='ocrx_word' id='word_1_990' title='bbox 3444 5276 3540 5330; x_wconf 78' lang='grc' dir='ltr'>καὶ</span> <span class='ocrx_word' id='word_1_991' title='bbox 3574 5277 3846 5341; x_wconf 83' lang='grc' dir='ltr'>τοιούτοις</span> 
     </span>
    </p>
   </div>
   <div class='ocr_carea' id='block_1_120' title="bbox 2170 5363 3845 5437">
    <p class='ocr_par' dir='ltr' id='par_1_120' title="bbox 2170 5363 3845 5437">
     <span class='ocr_line' id='line_1_120' title="bbox 2170 5363 3845 5437; baseline 0 -21"><span class='ocrx_word' id='word_1_992' title='bbox 2170 5364 2406 5437; x_wconf 82' lang='grc' dir='ltr'>ᾄσμασιν</span> <span class='ocrx_word' id='word_1_993' title='bbox 2468 5364 2692 5426; x_wconf 75' lang='grc' dir='ltr'>ἑαυτοὺς</span> <span class='ocrx_word' id='word_1_994' title='bbox 2750 5364 3036 5417; x_wconf 79' lang='grc' dir='ltr'>ἐκδιδόναι.</span> <span class='ocrx_word' id='word_1_995' title='bbox 3067 5364 3241 5435; x_wconf 81' lang='grc' dir='ltr'>Ὅπερ</span> <span class='ocrx_word' id='word_1_996' title='bbox 3296 5364 3389 5417; x_wconf 70' lang='grc' dir='ltr'>καὶ</span> <span class='ocrx_word' id='word_1_997' title='bbox 3436 5366 3469 5434; x_wconf 81' lang='grc' dir='ltr'><strong>ἡ</strong></span> <span class='ocrx_word' id='word_1_998' title='bbox 3516 5363 3655 5434; x_wconf 82' lang='grc' dir='ltr'>μέθη</span> <span class='ocrx_word' id='word_1_999' title='bbox 3695 5367 3845 5417; x_wconf 83' lang='grc' dir='ltr'>ποιεῖ</span> 
     </span>
    </p>
   </div>
   <div class='ocr_carea' id='block_1_121' title="bbox 2171 5451 3845 5522">
    <p class='ocr_par' dir='ltr' id='par_1_121' title="bbox 2171 5451 3845 5522">
     <span class='ocr_line' id='line_1_121' title="bbox 2171 5451 3845 5522; baseline -0.002 -17"><span class='ocrx_word' id='word_1_1000' title='bbox 2171 5451 2459 5515; x_wconf 87' lang='grc' dir='ltr'>σκοτοῦσα,</span> <span class='ocrx_word' id='word_1_1001' title='bbox 2504 5452 2659 5504; x_wconf 92' lang='grc' dir='ltr'>τοῦτο</span> <span class='ocrx_word' id='word_1_1002' title='bbox 2688 5454 2720 5521; x_wconf 85' lang='grc' dir='ltr'>ἡ</span> <span class='ocrx_word' id='word_1_1003' title='bbox 2762 5451 2992 5522; x_wconf 82' lang='grc' dir='ltr'>μουσικὴ</span> <span class='ocrx_word' id='word_1_1004' title='bbox 3025 5452 3363 5520; x_wconf 85' lang='grc' dir='ltr'>μαλάττουσα</span> <span class='ocrx_word' id='word_1_1005' title='bbox 3391 5451 3450 5503; x_wconf 80' lang='grc' dir='ltr'>τὸ</span> <span class='ocrx_word' id='word_1_1006' title='bbox 3482 5451 3698 5504; x_wconf 77' lang='grc' dir='ltr'>εὔτονον</span> <span class='ocrx_word' id='word_1_1007' title='bbox 3739 5452 3845 5521; x_wconf 72' lang='grc' dir='ltr'>τῆς</span> 
     </span>
    </p>
   </div>
   <div class='ocr_carea' id='block_1_122' title="bbox 2169 5538 3840 5609">
    <p class='ocr_par' dir='ltr' id='par_1_122' title="bbox 2169 5538 3840 5609">
     <span class='ocr_line' id='line_1_122' title="bbox 2169 5538 3840 5609; baseline 0 -19"><span class='ocrx_word' id='word_1_1008' title='bbox 2169 5538 2424 5602; x_wconf 90' lang='grc' dir='ltr'>διανοίας,</span> <span class='ocrx_word' id='word_1_1009' title='bbox 2474 5540 2566 5591; x_wconf 77' lang='grc' dir='ltr'>καὶ</span> <span class='ocrx_word' id='word_1_1010' title='bbox 2605 5538 2931 5591; x_wconf 89' lang='grc' dir='ltr'>κατακλῶσα</span> <span class='ocrx_word' id='word_1_1011' title='bbox 2955 5539 3068 5608; x_wconf 75' lang='lat'>[58]</span> <span class='ocrx_word' id='word_1_1012' title='bbox 3102 5540 3197 5607; x_wconf 83' lang='grc' dir='ltr'>τῆς</span> <span class='ocrx_word' id='word_1_1013' title='bbox 3222 5540 3402 5608; x_wconf 71' lang='grc' dir='ltr'>ψυχῆς</span> <span class='ocrx_word' id='word_1_1014' title='bbox 3430 5539 3530 5609; x_wconf 81' lang='grc' dir='ltr'>τὴν</span> <span class='ocrx_word' id='word_1_1015' title='bbox 3560 5538 3840 5609; x_wconf 84' lang='grc' dir='ltr'>ἀνδρείαν,</span> 
     </span>
    </p>
   </div>
   <div class='ocr_carea' id='block_1_123' title="bbox 2170 5623 3843 5695">
    <p class='ocr_par' dir='ltr' id='par_1_123' title="bbox 2170 5623 3843 5695">
     <span class='ocr_line' id='line_1_123' title="bbox 2170 5623 3843 5695; baseline 0.001 -16"><span class='ocrx_word' id='word_1_1016' title='bbox 2170 5626 2264 5679; x_wconf 78' lang='grc' dir='ltr'>καὶ</span> <span class='ocrx_word' id='word_1_1017' title='bbox 2292 5626 2383 5678; x_wconf 77' lang='grc' dir='ltr'>ἐπὶ</span> <span class='ocrx_word' id='word_1_1018' title='bbox 2408 5626 2657 5695; x_wconf 78' lang='grc' dir='ltr'>μείζονας</span> <span class='ocrx_word' id='word_1_1019' title='bbox 2696 5625 2960 5692; x_wconf 76' lang='grc' dir='ltr'>ἐξάγουσα</span> <span class='ocrx_word' id='word_1_1020' title='bbox 2997 5625 3299 5693; x_wconf 78' lang='grc' dir='ltr'>ἀσελγείας.</span> <span class='ocrx_word' id='word_1_1021' title='bbox 3338 5624 3412 5677; x_wconf 80' lang='grc' dir='ltr'>Τὰ</span> <span class='ocrx_word' id='word_1_1022' title='bbox 3446 5623 3513 5676; x_wconf 81' lang='grc' dir='ltr'>δὲ</span> <span class='ocrx_word' id='word_1_1023' title='bbox 3547 5625 3691 5695; x_wconf 74' lang='grc' dir='ltr'>ἔργα</span> <span class='ocrx_word' id='word_1_1024' title='bbox 3729 5623 3843 5681; x_wconf 79' lang='grc' dir='ltr'>τοῦ</span> 
     </span>
    </p>
   </div>
   <div class='ocr_carea' id='block_1_124' title="bbox 2230 5864 3842 5931">
    <p class='ocr_par' dir='ltr' id='par_1_124' title="bbox 2230 5864 3842 5931">
     <span class='ocr_line' id='line_1_124' title="bbox 2230 5864 3842 5931; baseline -0.003 -16"><span class='ocrx_word' id='word_1_1025' title='bbox 2230 5867 2335 5915; x_wconf 69' lang='lat' dir='ltr'>hln</span> <span class='ocrx_word' id='word_1_1026' title='bbox 2361 5866 2735 5928; x_wconf 70' lang='lat' dir='ltr'>Bibliislogimr</span> <span class='ocrx_word' id='word_1_1027' title='bbox 2759 5870 2803 5915; x_wconf 80' lang='grc' dir='ltr'>οἱ</span> <span class='ocrx_word' id='word_1_1028' title='bbox 2848 5864 3202 5924; x_wconf 82' lang='grc' dir='ltr'>ἐπικοατοῦντες</span> <span class='ocrx_word' id='word_1_1029' title='bbox 3244 5868 3358 5931; x_wconf 77' lang='grc' dir='ltr'>πρὸς</span> <span class='ocrx_word' id='word_1_1030' title='bbox 3404 5886 3488 5926; x_wconf 84' lang='grc' dir='ltr'>την</span> <span class='ocrx_word' id='word_1_1031' title='bbox 3530 5870 3708 5923; x_wconf 63' lang='lat' dir='ltr'>amr-ﬁv-</span> <span class='ocrx_word' id='word_1_1032' title='bbox 3764 5871 3842 5919; x_wconf 80' lang='lat' dir='ltr'>lo.</span> 
     </span>
    </p>
   </div>
   <div class='ocr_carea' id='block_1_125' title="bbox 2173 5931 3779 5993">
    <p class='ocr_par' dir='ltr' id='par_1_125' title="bbox 2173 5931 3779 5993">
     <span class='ocr_line' id='line_1_125' title="bbox 2173 5931 3779 5993; baseline 0.002 -13"><span class='ocrx_word' id='word_1_1033' title='bbox 2173 5944 2355 5993; x_wconf 78' lang='lat' dir='ltr'>cusque</span> <span class='ocrx_word' id='word_1_1034' title='bbox 2380 5931 2457 5981; x_wconf 76' lang='lat' dir='ltr'>hic</span> <span class='ocrx_word' id='word_1_1035' title='bbox 2484 5932 2647 5981; x_wconf 73' lang='lat' dir='ltr'><strong>Amosi</strong></span> <span class='ocrx_word' id='word_1_1036' title='bbox 2686 5932 2915 5980; x_wconf 78' lang='lat' dir='ltr'>inversus</span> <span class='ocrx_word' id='word_1_1037' title='bbox 2954 5931 3173 5991; x_wconf 66' lang='lat' dir='ltr'>aufertur,</span> <span class='ocrx_word' id='word_1_1038' title='bbox 3208 5932 3277 5980; x_wconf 78' lang='lat' dir='ltr'>uti</span> <span class='ocrx_word' id='word_1_1039' title='bbox 3305 5944 3448 5993; x_wconf 81' lang='lat' dir='ltr'><strong>supra</strong></span> <span class='ocrx_word' id='word_1_1040' title='bbox 3474 5932 3779 5982; x_wconf 71' lang='lat' dir='ltr'>dicebamus.</span> 
     </span>
    </p>
   </div>
  </div>
