4102 6306
330 311 391 368 et
1600 292 1664 351 IN
1705 292 1957 358 ISAIAM,
1993 292 2145 349 car.
2190 293 2253 348 v.
3534 297 3604 352 6.;

396 426 447 479 6.
478 423 603 478 llaec
621 423 784 477 etiam
799 436 943 477 nunc
955 420 1145 476 tentari
1165 416 1340 472 videre
1357 422 1437 470 est
1456 412 1524 467 ab
1547 412 1633 477 iis,
1660 410 1747 481 qui
1779 409 1919 463 male

330 517 522 572 divitiis
562 525 809 580 utuntur,
859 515 952 585 qui
997 514 1171 567 vicina
1217 510 1330 564 loca
1384 506 1631 560 invadere
1657 503 1913 573 cogitant,

328 626 430 664 11οη
453 618 510 663 ut
530 608 883 663 securitatem
913 606 1138 675 pariant,
1170 606 1264 657 sed
1305 611 1361 654 ut
1408 597 1627 652 insidias
1656 593 1917 665 proximis

336 702 644 763 moliantur,
687 701 781 771 qui
811 708 871 753 ut
899 698 1036 769 ignis
1071 709 1318 766 grassans
1339 735 1355 757 ,
1382 692 1452 745 ita
1484 690 1687 744 vicinos
1731 701 1920 740 omnes

328 793 578 864 spoliant.
612 791 882 862 Numquid
913 787 1199 843 habitabitis
1223 785 1320 839 soli
1332 799 1481 853 super
1496 780 1787 837 terram?9.
1815 781 1921 832 Au-

328 890 434 941 dita
458 898 577 943 sunt
600 889 738 942 enim
784 904 924 941 nunc
976 890 1028 940 in
1076 884 1280 938 auribus
1309 880 1515 936 Domini
1541 878 1765 935 Sabaoth
1793 877 1919 931 lucc.

330 981 577 1037 Ostendit
606 982 728 1036 illos
752 980 951 1034 frustra
996 977 1239 1033 laborare
1279 984 1334 1030 et
1360 975 1509 1029 nullo
1547 972 1744 1026 fructu.
1785 968 1922 1037 Quia

333 1072 479 1127 enim
500 1087 612 1126 non
635 1071 711 1126 ita
729 1071 994 1140 supplicia
1022 1078 1076 1124 et
1110 1067 1377 1123 cruciatus
1402 1064 1705 1135 hujusmodi
1746 1060 1921 1116 homi-

336 1179 432 1217 nes
456 1162 726 1217 abducere
755 1163 954 1224 solent,
986 1168 1044 1214 ut
1069 1174 1193 1213 cum
1212 1158 1379 1229 probe
1421 1155 1725 1217 didicerint,
1752 1168 1810 1208 se
1829 1166 1921 1207 ra-

339 1255 477 1323 pina:
499 1254 733 1307 fructum
760 1268 867 1308 non
893 1261 1259 1323 percepturos,
1291 1249 1428 1303 hanc
1449 1249 1500 1302 in
1526 1262 1619 1303 eos
1640 1248 1742 1301 fert
1769 1259 1920 1299 com-

338 1344 684 1399 minationem
730 1343 915 1399 dicens
939 1384 955 1409 ,
996 1342 1140 1411 ipsos
1191 1340 1557 1404 laboraturas,
1600 1344 1658 1391 et
1695 1334 1924 1391 miseriis

336 1435 553 1489 aﬂ‘ectos
579 1444 855 1505 peccatum
874 1433 1221 1498 admissuros,
1250 1432 1344 1486 sed
1372 1430 1442 1485 ab
1467 1430 1580 1501 ejus
1611 1444 1710 1484 usu
1738 1438 1791 1483 et
1811 1428 1924 1482 fru-

338 1537 424 1580 ctu
454 1529 703 1596 lapsuros
733 1542 870 1581 esse.
890 1526 1007 1581 Non
1034 1527 1172 1581 enim
1198 1525 1457 1581 insomnis
1482 1524 1571 1579 ille
1594 1525 1779 1578 oculus
1803 1522 1923 1575 tali-

340 1620 437 1675 bas
463 1621 594 1675 visis
625 1619 949 1674 facinoribus
973 1620 1229 1689 quiescet.
1263 1617 1393 1672 Illud
1422 1631 1570 1682 vero,
1601 1615 1787 1669 Audita
1811 1622 1929 1667 sunt

339 1729 486 1777 nunc,
512 1728 621 1768 non
652 1712 783 1766 dicit
802 1712 953 1783 quasi
980 1721 1103 1765 tunc
1127 1726 1213 1765 res
1242 1718 1403 1779 gestae
1428 1716 1569 1762 notze
1597 1706 1696 1761 sibi
1723 1712 1922 1769 essent,

341 1805 430 1861 sed
463 1805 620 1876 quasi
654 1804 789 1859 ultio
828 1820 860 1859 e
901 1804 1121 1874 vestigio
1172 1810 1516 1871 sequeretur,
1545 1798 1929 1866 retributioque

342 1897 580 1952 instaret.
611 1895 675 1951 Si
703 1896 837 1950 enim
863 1896 1050 1963 fuerint
1092 1895 1270 1948 domus
1310 1891 1503 1956 multis,
1528 1892 1581 1944 in
1607 1888 1928 1944 solitudinem

344 1999 479 2044 eum
509 2004 717 2056 stagna:
734 1998 781 2042 et
803 1989 1049 2057 pulclme,
1074 2003 1162 2041 nec
1188 1995 1329 2040 erunt
1361 1985 1446 2055 qui
1471 1984 1686 2037 habitent
1709 1984 1761 2037 in
1787 1983 1881 2037 eis.

408 2081 654 2135 Avaritae
692 2081 920 2134 morbus.
945 2109 1020 2121 —
1052 2078 1359 2149 llnjusmodi
1404 2083 1487 2132 est
1515 2077 1735 2132 avaritia
1764 2094 1777 2130 :
1805 2091 1927 2131 cum

343 2173 485 2242 plura
510 2170 923 2241 possessoribus
962 2169 1127 2234 addit,
1163 2169 1309 2239 ipsos
1346 2168 1506 2222 etiam
1536 2182 1599 2223 ex
1632 2167 1775 2237 prius
1801 2181 1931 2236 pos-

342 2264 497 2319 sessis
516 2263 730 2332 dejicit.
757 2261 911 2330 Quod
937 2262 1099 2318 etiam
1120 2262 1206 2315 hic
1233 2259 1763 2316 subindicatdieens:
1794 2259 1928 2314 Cum

339 2357 620 2427 splendide
664 2356 1081 2419 aedificaveritis,
1114 2364 1168 2409 et
1202 2353 1438 2408 omnium
1464 2354 1600 2407 bona
1630 2351 1781 2405 vobis
1806 2366 1927 2406 cor—

339 2450 619 2513 raseritis,
662 2457 794 2502 tunc
842 2446 1002 2501 etiam
1048 2446 1115 2499 ab
1141 2446 1239 2507 iis,
1269 2460 1390 2514 quae
1431 2448 1576 2513 prius
1616 2442 1929 2507 habebatis,

338 2541 616 2595 excidetis.
650 2540 722 2593 Et
741 2539 959 2594 Stabunt
998 2537 1140 2591 cedes
1178 2536 1351 2591 nullos
1378 2535 1703 2590 habitatores
1728 2533 1931 2589 baben-

340 2642 437 2697 teS,
465 2632 563 2686 sed
598 2631 729 2685 tuba
754 2629 1040 2684 clariorem
1084 2628 1383 2683 eminentes
1412 2642 1595 2682 vocem
1620 2636 1806 2681 contra
1832 2639 1931 2680 eos

335 2723 424 2791 qui
474 2724 598 2777 illas
628 2721 783 2791 prius
814 2729 1121 2789 rapuerant,
1159 2719 1406 2779 vastitate
1443 2719 1533 2772 illa
1563 2726 1705 2771 tanta
1749 2716 1932 2786 tropaei

339 2815 525 2869 instar.
550 2814 819 2869 exhibita.
849 2813 940 2867 10.
973 2810 1071 2866 Ubi
1112 2811 1244 2864 enim
1287 2820 1558 2880 operantur
1596 2808 1765 2862 decem
1802 2808 1934 2877 juga

337 2907 506 2966 boum,
542 2906 701 2977 faciet
733 2904 1062 2974 lagunculam
1085 2918 1237 2955 unam
1264 2917 1284 2955 :
1303 2910 1349 2953 et
1371 2901 1457 2969 qui
1484 2900 1696 2954 seminat
1732 2900 1935 2953 artabas

336 3018 445 3060 sex,
474 3000 627 3069 faciet
668 3013 939 3051 mensuras
965 3006 1085 3049 tres.
1113 2995 1195 3049 Ab
1241 2994 1375 3049 urbe
1404 2993 1457 3047 in
1484 2993 1593 3063 agri
1635 2992 1936 3045 vastitatem

338 3107 647 3146 sermonem
684 3090 889 3152 educit,
921 3089 989 3140 ita
1022 3097 1078 3140 ut
1112 3085 1341 3155 undique
1386 3084 1679 3137 auditorem
1729 3083 1933 3150 percel-

342 3184 439 3236 lat.
470 3182 653 3250 Neque
699 3182 849 3234 enim
876 3179 1089 3241 domus,
1132 3177 1331 3246 inquit,
1363 3175 1689 3230 habitatores
1727 3175 1935 3229 detineo

344 3275 510 3338 bunt,
555 3290 729 3343 neque
774 3284 918 3326 terra
956 3286 1105 3326 suam
1134 3270 1374 3324 ostendet
1407 3267 1635 3322 nativam
1662 3268 1931 3324 virtutem.

348 3368 566 3421 Etenim
592 3368 658 3421 ab
680 3366 834 3420 initio
854 3365 926 3419 ob
951 3362 1081 3418 Adae
1112 3372 1386 3434 peccatum
1426 3360 1606 3429 Spinas
1632 3367 1686 3413 et
1713 3358 1936 3412 tribulos

354 3460 607 3527 protulit;
648 3473 709 3513 ac
761 3466 883 3527 post
924 3456 1095 3521 illum,
1128 3464 1343 3525 propter
1387 3451 1535 3506 Caini
1584 3452 1939 3521 iniquitatem,

354 3551 531 3603 multo
552 3550 805 3603 minorem
830 3563 995 3618 quam
1022 3548 1228 3601 labores
1247 3545 1362 3614 ejus
1378 3543 1678 3612 exigebant,
1701 3550 1756 3596 et
1776 3555 1933 3610 quam

352 3644 441 3695 vis
466 3641 639 3694 nativa
669 3649 820 3695 terra:
861 3640 1199 3707 postulabat,
1230 3645 1541 3707 proventum
1574 3635 1710 3689 tulit.
1758 3634 1937 3703 Smpe-

349 3750 461 3805 que
486 3735 609 3788 alibi
640 3734 819 3788 videre
838 3741 926 3787 est
951 3740 1151 3786 terram
1173 3730 1241 3784 ob
1270 3739 1481 3798 peccata
1511 3728 1782 3781 hominum
1814 3729 1933 3796 ple-

347 3828 444 3881 cti.
478 3826 543 3881 Et
572 3826 698 3894 quid
738 3825 976 3887 miraris,
1012 3822 1060 3876 si
1103 3821 1353 3889 iniquitas
1398 3829 1552 3873 terra:
1609 3818 1934 3872 fertilitatem

348 3919 609 3973 obtundat
658 3917 1048 3985 lmminumqtte
1079 3912 1456 3967 fecunditatem
1477 3953 1493 3977 ,
1525 3909 1738 3981 quando
1774 3911 1934 3965 etiam

348 4021 566 4080 propter
609 4024 712 4063 nos
758 4005 1124 4075 corruptibilis
1161 4002 1299 4059 facta
1347 4013 1450 4068 est,
1475 4010 1529 4057 et
1576 4012 1791 4072 propter
1837 4017 1936 4057 nos

354 4116 562 4156 rursum
636 4096 1057 4167 incorruptibilis
1124 4094 1387 4151 efﬁcitur?
1440 4094 1574 4162 Quia
1622 4096 1767 4149 enim
1816 4110 1943 4163 pro-

348 4202 467 4261 pter
501 4206 603 4246 nos
651 4191 896 4254 omnino,
922 4197 977 4243 et
1016 4197 1235 4258 prOpter
1267 4186 1616 4241 ministerium
1669 4195 1931 4250 nostrum,

352 4282 718 4336 exsistentiam
755 4278 979 4347 accepit,
1028 4276 1152 4331 hinc
1192 4276 1351 4331 etiam
1374 4274 1563 4344 accipit
1609 4283 1666 4329 ut
1710 4275 1809 4329 hac
1850 4276 1936 4330 vel

354 4374 439 4428 illa
457 4371 774 4426 conditione
794 4368 900 4422 sint
918 4368 1033 4438 ejus
1057 4366 1371 4437 principium
1394 4377 1447 4422 et
1473 4367 1645 4420 radix.
1674 4366 1761 4421 Sic
1775 4367 1935 4421 etiam

358 4477 599 4534 tempore
648 4461 767 4516 Noe
800 4459 1021 4515 factum.
1061 4459 1194 4526 Quia
1222 4459 1271 4512 in
1301 4469 1594 4513 extremam
1646 4458 1936 4526 nequitiam

356 4564 532 4609 aamra
563 4552 847 4607 hominum
881 4550 1173 4604 deﬂexerat
1189 4590 1209 4615 ,
1233 4562 1320 4603 res
1340 4563 1528 4603 omnes
1552 4547 1932 4613 miscebantur,

355 4648 573 4711 semina,
608 4644 831 4714 plantas,
862 4641 1138 4695 brutorum
1162 4654 1378 4710 genera,
1417 4648 1554 4694 terra
1577 4680 1594 4705 ,
1626 4655 1793 4704 mare,
1820 4654 1933 4705 aer,

355 4747 578 4801 momes,
610 4734 806 4797 saltus,
843 4733 1030 4797 colles,
1066 4732 1248 4795 urbes,
1278 4730 1438 4795 muri,
1469 4730 1681 4796 domus,
1714 4741 1888 4785 turres
1918 4747 1931 4783 :

352 4828 635 4896 omniaque
681 4839 904 4895 prorsus
932 4823 1155 4878 terribili
1199 4824 1289 4877 illo
1327 4824 1514 4893 pelago
1543 4823 1929 4879 obruebantur.

353 4922 473 4986 Quia
516 4936 655 4979 vero
695 4934 911 4974 rursum
951 4932 1171 4973 necesse
1209 4925 1323 4971 erat
1349 4926 1406 4971 ut
1446 4918 1733 4970 humanum
1769 4931 1937 4986 genus

316 5004 332 5062 ἶ
358 5022 704 5076 aocresceret,
738 5022 880 5066 terra
910 5010 1149 5063 nativum
1174 5022 1325 5062 suum
1358 5007 1599 5062 ordinem
1628 5009 1852 5076 accepit,
1883 5016 1937 5061 et

358 5111 401 5164 in
428 5109 667 5177 priorem
699 5102 1024 5175 elegantiam
1065 5099 1302 5154 restituta
1331 5109 1434 5153 εει.
1464 5097 1520 5151 Id
1553 5108 1726 5152 autem
1757 5098 1936 5152 videas

360 5208 583 5267 exparte
619 5196 818 5250 factum
845 5193 905 5247 in
929 5191 1204 5245 hominum
1247 5188 1526 5242 honorem.
1556 5188 1760 5241 Etenim
1788 5189 1936 5256 pela-

359 5303 441 5357 gus
476 5304 536 5343 se
565 5285 886 5348 summovit,
916 5291 973 5338 et
1004 5283 1198 5335 iterum
1224 5280 1485 5350 apparuit,
1532 5279 1610 5332 sol
1641 5278 1937 5333 refrenatus

361 5389 561 5436 estcum
590 5381 739 5446 luna,
770 5378 1111 5443 solitumque
1132 5388 1344 5427 cursum
1369 5371 1631 5435 deseruit,
1662 5372 1793 5441 ignis
1815 5386 1936 5439 quia

360 5472 415 5526 ad
433 5490 612 5545 aquam
626 5464 982 5543 pertinebant
1004 5464 1267 5535 prazstitit,
1302 5473 1442 5518 terra
1466 5478 1586 5531 qua:
1608 5463 1673 5516 ad
1698 5461 1930 5531 pelagus,

361 5565 550 5635 pelagus
576 5582 695 5635 qua:
725 5563 796 5617 ad
831 5573 1044 5615 terram
1076 5574 1090 5609 :
1126 5557 1433 5624 omniaque,
1464 5564 1522 5607 ut
1550 5554 1712 5608 semel
1738 5552 1933 5617 dicam,

358 5656 403 5710 in
429 5657 697 5714 utilitatem
723 5655 1023 5712 hominum
1053 5666 1114 5706 se
1144 5649 1541 5705 transformant.
1579 5648 1643 5701 Et
1669 5646 1789 5715 quia
1815 5661 1932 5698 om-
1986 5682 1993 5689 .

353 5750 427 5808 uia
454 5753 648 5813 honore
676 5746 948 5827 prmedit
980 5744 1143 5801 homo
1167 5785 1180 5811 ,
1215 5752 1533 5814 propterque
1558 5740 1726 5811 ipsum
1755 5736 1949 5791 omnia

2024 407 2159 461 facta
2189 414 2343 468 sunt;
2402 407 2524 462 ideo
2548 416 2600 462 et
2629 422 2791 473 nunc,
2818 405 2939 476 quia
2954 407 3205 463 Iudaicus
3237 408 3462 479 populus
3487 426 3601 480 pec-

2021 502 2158 556 cavit
2178 541 2194 567 ,
2225 513 2379 555 terrae
2407 511 2585 570 partus
2618 501 2757 555 Deus
2784 501 3013 565 cohibet,
3052 518 3114 557 ac
3141 513 3262 571 post
3288 506 3481 559 nmltos
3513 505 3591 558 la-

2025 598 2184 651 bores
2210 596 2536 665 sudoresque
2560 611 2666 649 non
2698 596 2826 651 sinit
2850 596 2967 663 ejus
2995 592 3196 651 viscera
3228 598 3441 653 solitum
3471 614 3598 667 pro-
3656 663 3665 667 _

2024 699 2238 743 ventum
2282 686 2522 750 referre;
2573 695 2632 741 ut
2677 686 2798 740 inde
2843 688 3071 753 discant,
3114 703 3218 743 non
3264 690 3604 759 agriculturae

2024 790 2213 844 artem,
2242 793 2339 834 nec
2380 778 2542 833 boves
2569 788 2619 833 et
2648 789 2884 834 aratrum
2906 819 2921 843 ,
2952 796 3124 850 neque
3155 790 3309 836 terrae
3334 793 3601 849 naturam,

2026 889 2126 929 nec
2152 874 2295 929 aliud
2324 874 2495 928 simile
2516 874 2807 944 quidpiam,
2832 872 2926 928 sed
2956 873 3144 927 bormn
3167 875 3401 929 omnium
3427 876 3605 930 Domi-

2027 984 2151 1023 num
2180 983 2322 1033 esse,
2367 968 2459 1039 qui
2513 966 2720 1022 liberali
2748 981 2906 1020 manu
2935 966 3113 1021 omnia
3158 965 3399 1030 effundit,
3426 978 3480 1024 et
3507 969 3607 1022 ite-

2026 1074 2167 1125 rum,
2210 1074 2331 1113 cum
2361 1058 2494 1124 vult,
2534 1055 2711 1112 omnia
2754 1055 2988 1111 cohibet.
3017 1057 3102 1111 ll.
3144 1056 3233 1111 Va:
3268 1061 3354 1129 qui
3391 1070 3606 1130 surgant

2024 1165 2190 1216 mane,
2208 1160 2255 1205 et
2273 1152 2483 1205 siceram
2511 1158 2890 1219 persequuntur,
2914 1148 2998 1216 qui
3020 1158 3223 1203 manen:
3244 1151 3308 1203 ad
3326 1167 3602 1221 vesperam.

2038 1240 2217 1296 Vinum
2256 1257 2388 1296 enim
2435 1242 2707 1297 succendat
2744 1256 2851 1293 eos.
2887 1239 2975 1293 l2.
3008 1237 3148 1292 Nam
3193 1256 3308 1293 cum
3334 1242 3532 1295 cithara
3557 1252 3607 1297 et

2028 1333 2268 1403 psalterio
2291 1342 2339 1388 et
2378 1333 2632 1404 tympanis
2656 1342 2703 1386 et
2741 1331 2876 1385 tibiis
2905 1332 3077 1385 vinum
3096 1330 3269 1385 bibunt
3294 1349 3313 1385 :
3335 1350 3487 1402 opera
3514 1350 3613 1386 au-

2027 1435 2123 1479 tem
2150 1423 2249 1479 Dei
2269 1441 2378 1479 non
2391 1425 2684 1494 respiciunt,
2717 1434 2763 1476 et
2781 1438 2937 1491 opera
2957 1438 3197 1477 manuum
3225 1423 3332 1492 ejus
3357 1440 3458 1476 non
3479 1436 3601 1478 cou-

2027 1519 2269 1572 siderant.
2295 1518 2577 1586 Postquam
2607 1518 2878 1587 ingentem
2900 1516 3112 1571 illorum
3132 1517 3409 1572 avaritiam
3425 1517 3611 1573 redar-

2026 1612 2158 1682 guit,
2188 1612 2316 1665 mali
2354 1611 2587 1665 radicem
2610 1610 2693 1663 hic
2718 1609 2888 1680 ponit.
2918 1606 3045 1663 Haec
3068 1624 3197 1663 vero
3216 1618 3330 1663 erat
3354 1610 3605 1676 ebrietas,

2030 1714 2402 1760 sexcentorum
2433 1719 2592 1759 causa
2632 1704 2893 1759 malorum
2922 1720 2934 1756 :
2963 1718 3083 1758 cum
3123 1703 3351 1758 maxime
3380 1703 3466 1758 illa
3495 1719 3633 1757 lno--

2029 1797 2159 1853 dum
2189 1812 2406 1853 omnem
2432 1797 2663 1851 excedit.

2101 1889 2156 1943 5.
2214 1888 2403 1943 Contra
2450 1888 2753 1941 ebrietatem.
2805 1917 2876 1927 —
2923 1886 3156 1943 Observa
3206 1886 3401 1957 igitur,
3449 1902 3608 1949 quam

2029 1989 2276 2035 accurate
2298 1980 2416 2033 illos
2464 1979 2723 2033 traducat.
2752 1977 2944 2032 Totum
2982 1977 3123 2032 enim
3149 1977 3288 2032 diem
3316 1978 3366 2031 in
3392 1977 3504 2031 hare
3530 1978 3612 2031 in-

2031 2069 2171 2123 sumi
2196 2070 2346 2124 dicit.
2385 2068 2567 2139 Neque
2593 2068 2734 2123 enim
2763 2082 2883 2123 cum
2921 2067 3285 2137 prandendum
3316 2067 3489 2133 est,id
3536 2067 3613 2121 fa-

2031 2160 2212 2223 ciunt,
2236 2159 2425 2229 inquit,
2452 2158 2545 2214 sed
2572 2174 2730 2213 omne
2755 2168 2965 2227 tempus
3010 2158 3061 2211 in
3089 2157 3359 2211 ebrietatis
3404 2167 3639 2225 tempus.

2034 2261 2301 2307 vertentes
2321 2291 2337 2315 ,
2366 2251 2433 2305 ab
2460 2259 2579 2305 ortu
2605 2250 2707 2304 diei
2730 2289 2747 2315 ,
2789 2248 3003 2319 quando
3041 2249 3273 2305 maxime
3306 2249 3409 2303 sibi
3439 2258 3647 2304 atten~.

2030 2342 2159 2397 dere
2182 2342 2485 2408 debebant,
2514 2341 2680 2396 multo
2706 2356 2856 2396 mero
2881 2356 2939 2395 se
2968 2340 3245 2405 dedentes,
3276 2342 3471 2398 vellent
3497 2344 3629 2399 nol-1

2031 2432 2142 2487 lent
2175 2432 2428 2501 deinceps
2468 2448 2634 2502 usque
2663 2432 2729 2487 ad
2755 2446 3033 2503 vesperam
3063 2433 3113 2487 in
3148 2433 3335 2489 morbo
3366 2450 3653 2502 perseveu

2033 2523 2238 2578 rabant.
2276 2521 2499 2589 Quando
2540 2522 2683 2577 enim
2722 2523 2890 2578 semel
2928 2524 2979 2577 in
3019 2524 3321 2592 voraginem
3351 2524 3615 2596 intempe-

2033 2616 2218 2671 rantizn
2244 2630 2363 2671 sese
2387 2615 2753 2671 demerserant
2778 2656 2798 2684 ,
2821 2630 2884 2671 ac
2910 2615 2978 2670 de
3007 2617 3230 2670 naturali
3257 2620 3448 2673 mentis
3468 2630 3615 2672 statu

2034 2706 2370 2772 deciderant,
2419 2708 2755 2777 animamque
2791 2708 3053 2777 captivam
3108 2722 3281 2777 prava:
3335 2709 3625 2765 ebrietatis-

2036 2798 2297 2869 tyrannidi
2334 2797 2693 2863 tradiderant;
2724 2797 3168 2868 quemadmodum
3208 2800 3359 2854 navis
3386 2815 3489 2854 non
3524 2816 3610 2854 sa-

2022 2889 2272 2956 .burrata,
2301 2891 2768 2959 gubernatoreque
2796 2897 2850 2943 et
2878 2890 3053 2944 nautis
3082 2888 3355 2955 destituta,
3389 2890 3613 2945 fortuito

2036 2994 2091 3039 ct
2121 2996 2531 3053 quoquoversus
2577 2982 2779 3047 fertur,
2811 2983 3093 3037 temerario
3119 2998 3375 3052 aquarum
3415 2984 3617 3053 impetu

2036 3076 2341 3144 exagitata:
2374 3073 2622 3128 eumdem
2655 3074 2707 3127 in
2746 3073 2962 3127 modum
2988 3074 3043 3127 lii
3080 3074 3339 3129 ebrietate
3385 3074 3617 3130 demersi

2025 3166 2299 3243 feruntur.
2331 3166 2455 3221 Ideo
2485 3165 2557 3220 ait
2588 3184 2601 3220 :
2642 3163 2729 3219 Va:
2760 3166 2844 3235 qui
2874 3175 3085 3234 surgunt
3122 3182 3267 3219 mane
3291 3207 3305 3229 ,
3332 3175 3381 3219 et
3405 3167 3617 3220 siceram

2039 3272 2422 3332 persequuntur.
2450 3258 2567 3314 Non
2595 3259 2735 3314 enim
2759 3260 3133 3313 necessitatem
3168 3260 3489 3330 explebant,
3523 3278 3620 3315 ne-

2037 3368 2140 3422 que
2169 3352 2459 3420 appetitum
2504 3350 2903 3420 exspectabant,
2953 3359 3011 3404 ut
3043 3350 3120 3403 illi
3173 3349 3411 3406 facerent
3456 3354 3617 3418 satis;

2036 3443 2131 3498 sed
2158 3443 2209 3497 in
2240 3442 2342 3497 hoc
2370 3444 2461 3496 toti
2489 3440 2886 3505 incumbebant,
2922 3440 3022 3495 hoc
3043 3441 3320 3509 curabant,
3350 3452 3404 3494 ut
3435 3458 3622 3512 perpe—

2038 3542 2131 3589 tuo
2163 3534 2439 3588 temulenti
2467 3542 2665 3587 essent.
2697 3531 2900 3587 idcirco
2922 3532 2997 3585 ait
3031 3549 3044 3585 :
3073 3531 3173 3598 Qui
3201 3534 3413 3585 siceram
3444 3550 3620 3601 perse-

2037 3638 2279 3694 quuntur.
2299 3626 2533 3681 Siceram
2552 3625 2694 3679 enim
2717 3623 2802 3677 hic
2816 3622 2945 3678 dicit
2961 3622 3254 3692 palmarum
3276 3638 3491 3679 succum
3516 3624 3615 3694 (τι),

2037 3736 2197 3790 quam
2227 3717 2600 3782 conficiebant,
2646 3716 2877 3769 fructum
2926 3724 3266 3770 conterentes
3311 3725 3365 3769 et
3392 3726 3619 3771 contun-

2038 3812 2227 3867 dentes
2252 3851 2267 3876 ,
2297 3818 2355 3863 ut
2384 3810 2437 3863 in
2477 3810 2584 3862 vini
2617 3806 3057 3863 transformarent
3098 3817 3364 3863 naturam.
3400 3810 3617 3879 Sepori-

2042 3905 2199 3959 ficum
2242 3912 2419 3957 autem
2448 3912 2530 3956 est
2568 3899 2721 3965 illud,
2764 3899 3182 3968 ebrietatemque
3228 3901 3385 3969 parit.
3428 3904 3497 3954 At
3544 3903 3619 3956 illi

2040 3996 2170 4050 nihil
2203 3995 2391 4049 horum
2423 3992 2776 4047 observabant
2797 4032 2813 4057 ,
2848 3991 3171 4060 voluptatem
3200 3992 3393 4063 ubique
3439 4008 3621 4062 perse-

2040 4098 2283 4159 quentes,
2337 4096 2391 4142 et
2421 4100 2585 4156 usque
2630 4084 2698 4139 ad
2749 4100 3032 4153 vesperam
3078 4096 3374 4142 manentes.
3436 4086 3638 4141 Vinum.

2041 4183 2173 4237 enim
2191 4182 2452 4236 succendat
2479 4197 2581 4234 eos.
2600 4179 2744 4234 Talis
2772 4180 2966 4249 quippe
2982 4187 3065 4234 est
3088 4180 3365 4235 ebrietatis
3388 4192 3574 4237 natura
3598 4204 3611 4238 :

2041 4288 2319 4343 progressa
2346 4282 2589 4342 augetur,
2610 4281 2669 4326 et
2695 4274 2994 4340 graviorem
3017 4271 3158 4325 sitim
3175 4273 3388 4327 excitat.
3417 4274 3621 4328 Deinde

2040 4367 2181 4421 aliud
2211 4383 2314 4421 non
2347 4366 2521 4419 minus
2562 4365 2737 4434 priore
2762 4364 2965 4419 crimen
2998 4364 3182 4432 objicit
3216 4364 3398 4419 dicens
3428 4384 3440 4419 :
3474 4366 3614 4419 Nam

2040 4476 2155 4513 cum
2181 4460 2375 4513 cithara
2407 4469 2452 4512 et
2483 4457 2759 4528 psalterio,
2806 4466 2852 4510 et
2886 4458 3140 4527 tympanis
3177 4466 3224 4511 et
3269 4459 3400 4512 tibiis
3445 4461 3621 4512 vinum

2041 4552 2232 4606 bibunt.
2275 4551 2421 4606 llanc
2468 4548 2905 4603 criminationem.
2942 4549 3142 4616 profert
3189 4549 3325 4601 alter
3357 4553 3615 4619 prepbet-i

2041 4643 2222 4698 dicens
2262 4661 2275 4696 :
2317 4642 2413 4707 Qui
2441 4640 2615 4694 bibunt
2654 4639 2952 4709 defwcatum
2991 4639 3181 4702 uinum,
3226 4650 3272 4692 et
3309 4642 3485 4709 primis
3512 4659 3609 4694 uas

2040 4736 2236 4805 guentis
2264 4734 2420 4799 uncti,
2445 4733 2529 4799 qui
2552 4730 2802 4799 plaudunt
2818 4730 2884 4782 ad
2905 4746 3070 4783 uocem
3090 4747 3420 4800 organorum.
3456 4732 3614 4797 Quasi

2040 4827 2229 4881 stantia
2254 4833 2629 4894 reputaverunt,
2659 4833 2705 4876 et
2729 4839 2829 4876 non
2870 4823 3014 4890 quasi
3038 4824 3283 4894 fugientia
3331 4826 3348 4893 (
3374 4828 3524 4880 Amos
3561 4828 3615 4881 b’.

2042 4919 2095 4973 6.
2124 4918 2213 4989 5).
2246 4917 2455 4970 Etenim
2503 4925 2754 4969 extrema:
2784 4914 3091 4969 stoliditatis
3126 4915 3334 4984 signum
3364 4926 3468 4977 est,
3501 4918 3621 4969 ani-

2040 5008 2219 5077 mique
2255 5006 2497 5060 dissoluti
2544 5005 2759 5058 donmm
2796 5019 2945 5058 suam
2978 5005 3029 5059 in
3061 5006 3327 5059 theatrum
3360 5015 3574 5059 vertere
3596 5047 3613 5069 ,

2040 5113 2093 5157 et
2125 5099 2423 5171 lmjusmodi
2464 5099 2683 5155 canticis
2722 5114 2782 5154 se
2825 5098 3040 5153 dedere.
3074 5098 3229 5165 Quod
3278 5104 3334 5151 et
3382 5097 3617 5153 ebrietas

2101 5234 2173 5297 (α)
2206 5233 2467 5295 Singularis
2492 5241 2648 5297 certe
2690 5231 2837 5289 vocis,
2885 5228 3058 5297 sicera,
3092 5227 3449 5290 interpretatio.
3475 5234 3624 5297 Nemo

2040 5293 2220 5359 quippe
2264 5293 2446 5353 nescit,
2492 5296 2615 5343 hanc
2659 5306 2830 5342 vocem
2870 5293 3154 5340 Hebraicam
3200 5303 3311 5338 esse
3346 5303 3357 5336 :
3406 5302 3465 5337 ex
3507 5294 3624 5347 ’πω

2039 5370 2261 5417 nimirum
2286 5380 2572 5428 expressum
2598 5372 2692 5423 est,
2716 5364 2890 5428 sicera.
2928 5361 3166 5428 Signiﬁcat
3186 5368 3349 5410 autem
3370 5373 3513 5428 omne
3538 5374 3623 5421 po-

2041 5432 2183 5478 tionis
2206 5423 2364 5485 genus
2401 5428 2665 5477 inebriandi
2700 5428 2794 5474 vim
2818 5425 3027 5487 habens;
3052 5424 3181 5487 unde
3204 5434 3231 5469 a
3256 5423 3447 5470 caneris
3470 5425 3621 5487 inter-

2039 5484 2261 5557 pretibbs
2282 5491 2515 5557 redditur.
2540 5488 2759 5538 ebrietas.
2786 5486 3049 5557 Hesychius
3070 5484 3436 5557 interpretatur,
3461 5484 3619 5557 trinum

2038 5544 2347 5601 condimentis
2370 5553 2590 5600 mictum
2616 5558 2853 5610 Tempore
2874 5544 3080 5594 fortasse
3104 5544 3439 5610 Chrysostumi,
3465 5545 3647 5607 liquos»:

2041 5628 2102 5662 ex
2132 5614 2390 5675 palmarum
2408 5626 2552 5662 succo
2587 5607 2854 5668 conlectus,
2871 5609 3026 5657 sicera
3054 5607 3328 5656 vocabatur.
3352 5612 3459 5655 Eam
3482 5610 3651 5670 qttipa»

2039 5691 2101 5748 pe
2126 5677 2575 5740 interpretationem
2602 5678 2757 5737 ipsum
2797 5686 2911 5724 esse
2943 5678 3267 5721 commentum
3292 5684 3385 5721 non
3414 5680 3615 5735 putavev

2039 5753 2142 5790 l‘llll.
