4102 6306
489 305 563 362 63
1203 297 1261 353 S.
1301 295 1578 354 JOANNIS
1612 295 2085 354 CHRYSOSTOMI
2123 297 2439 355 ARCHiEP.
2480 298 3011 364 GONSTANTINOP.
3686 316 3754 372 Μ

490 418 619 474 facit
662 415 896 474 tenebris
940 412 1245 480 offundens,
1269 412 1372 468 hoc
1405 422 1460 468 et
1484 411 1684 467 musica
1711 418 1963 481 operatur
1990 408 2074 463 vi-

489 513 672 581 gorem
713 507 907 563 mentis
945 505 1257 570 emolliens,
1305 504 1576 575 roburque
1603 502 1767 557 animi
1798 500 2076 572 frangens,

489 611 545 658 et
584 599 650 655 ad
676 598 935 668 majorem
962 597 1203 652 alliciens
1226 595 1522 651 lasciviam.
1561 593 1732 664 Opera
1772 601 1941 648 autem
1980 591 2078 646 Dei

489 708 591 746 non
620 691 916 760 respiciunt,
944 697 990 743 et
1016 704 1173 758 opera
1199 702 1441 741 manuum
1470 687 1579 756 ejus
1605 702 1705 740 non
1731 685 2073 739 considerant.

493 782 586 839 Vel
614 780 874 837 miracula
901 781 1020 851 ejus
1038 779 1187 844 dicit,
1209 779 1291 833 vel
1316 786 1518 833 natura:
1545 778 2072 849 contemplationem.

490 872 774 942 Quomodo
792 882 971 929 autem
992 872 1196 943 possint
1219 870 1412 926 horum
1437 878 1766 941 spectatores
1786 884 1925 934 esse,
1953 884 2077 925 cum

491 968 633 1024 diem
661 967 716 1022 in
757 976 970 1023 noctem
1011 974 1251 1032 vertant,
1307 972 1469 1019 noctu
1514 979 1644 1019 vero
1687 963 1857 1019 nihilo
1887 962 2080 1018 melius

491 1062 601 1116 sint
627 1058 803 1115 allecti
825 1100 842 1125 ,
874 1072 1038 1126 quam
1064 1055 1298 1113 mortui?
1320 1054 1595 1128 quomodo
1625 1063 1879 1126 poterunt
1903 1054 2074 1110 solem

494 1153 768 1209 orientem
813 1150 1015 1216 viuere,
1050 1149 1168 1205 οωιί
1194 1148 1562 1219 splendentem
1591 1147 2038 1218 pulchritudinem
2061 1188 2077 1215 ,

494 1261 821 1319 vespereque
848 1244 1054 1299 varium
1090 1244 1237 1299 illum
1267 1242 1541 1299 stellarum
1572 1242 1817 1309 chorum,
1849 1251 2080 1297 caetera-

494 1353 724 1408 rumque
751 1345 1119 1393 creaturarum
1151 1335 1395 1391 ordinem
1419 1344 1473 1391 et
1498 1336 1854 1391 ministerium
1882 1376 1899 1401 ,
1927 1344 2083 1390 exte-

496 1431 726 1486 rioribus
764 1427 1213 1499 interioribusque
1256 1427 1426 1483 oculis
1473 1426 1709 1496 privati?
1748 1426 1866 1481 Non
1894 1440 2080 1496 parum

496 1538 628 1594 ergo
670 1522 723 1578 in
754 1521 857 1577 hoc
904 1521 1015 1576 laesi
1043 1528 1201 1587 sunt,
1233 1518 1375 1590 quod
1416 1534 1706 1589 numquam
1735 1517 2081 1588 contemplati

498 1617 592 1673 Dei
615 1615 874 1671 mirabilia
915 1630 980 1670 ex
1015 1613 1117 1668 hac
1155 1613 1261 1667 vita
1290 1612 1590 1678 discedant,
1618 1627 1741 1667 cum
1772 1613 1915 1668 omni
1948 1621 2083 1667 tem-

500 1722 633 1777 pore
657 1706 932 1761 ebrietatis
967 1704 1209 1761 tenebris
1230 1703 1403 1759 obruti
1441 1704 1654 1759 fuerint.
1684 1705 1771 1760 l5.
1796 1703 1964 1773 Igitur
1990 1719 2081 1757 ca-

499 1800 666 1871 ptivus
686 1799 850 1869 [actus
875 1806 945 1852 est
972 1797 1189 1868 papulas
1213 1812 1374 1862 meus,
1398 1812 1453 1850 eo
1474 1795 1608 1867 quod
1637 1812 1736 1850 non
1759 1799 2082 1867 cognoverint

498 1890 796 1946 Dominum.
824 1888 1027 1944 Rursus
1054 1887 1195 1959 quod
1236 1887 1468 1943 futurum
1495 1897 1610 1943 erat
1657 1896 1714 1942 ut
1754 1886 2083 1957 prmteritum

501 1983 804 2050 annuntiat,
836 1990 891 2037 et
928 1996 1138 2052 poenam
1183 1981 1346 2036 infert
1370 1980 1566 2035 delicto
1611 1979 1755 2034 huic.
1805 1978 2083 2050 Siquidem

498 2073 583 2129 vel
606 2074 717 2145 ipsa
744 2073 973 2129 ebrietas
999 2072 1224 2144 quodvis
1248 2073 1567 2142 supplicium
1584 2080 1861 2142 exaequat,
1890 2071 2086 2125 tumul-

498 2175 611 2220 tum
661 2165 714 2219 in
758 2164 935 2219 anima
990 2165 1223 2236 pariens,
1270 2163 1496 2233 caligine
1534 2172 1767 2217 mentem
1823 2162 2081 2232 replens,

498 2261 761 2330 captivam
789 2260 960 2330 ipsam
988 2259 1343 2325 constituens,
1385 2257 1683 2313 innumeris
1712 2257 1833 2311 illos
1862 2257 2085 2312 interius

498 2362 555 2408 et
600 2354 833 2410 exterius
874 2357 1108 2409 obruens
1160 2352 1379 2407 morbis.
1424 2351 1538 2406 lloc
1589 2359 1814 2405 noverat
1855 2350 2082 2416 Paulus,

500 2462 694 2517 nempe
743 2447 1000 2502 malitiam
1040 2460 1134 2515 pro
1175 2444 1436 2514 supplicio
1484 2459 1636 2509 esse;
1682 2442 1804 2499 ideo
1844 2443 1917 2497 ait
1952 2461 1967 2497 :
2016 2441 2087 2497 Et

500 2538 778 2593 mercedem
802 2554 951 2608 quant
981 2538 1222 2606 Oportuit,
1255 2536 1438 2590 erroris
1467 2536 1547 2590 sui
1574 2536 1627 2589 in
1650 2535 1927 2604 semetipsis
1954 2535 2087 2587 reci-

501 2630 690 2698 pientes
711 2629 730 2699 (
748 2628 892 2683 Rom.
922 2625 974 2681 1.
997 2626 1111 2698 27).
1152 2626 1350 2683 Verum
1374 2626 1588 2698 quando
1618 2626 1670 2681 id
1694 2627 1856 2681 etiam
1884 2625 2089 2680 stolidi-

501 2723 624 2778 tatis
648 2737 833 2777 eorum
868 2721 1143 2791 proprium
1186 2728 1304 2786 est,
1344 2719 1487 2791 quod
1516 2719 1841 2789 puniantur,
1890 2734 1990 2774 nec
2029 2732 2088 2774 se

500 2816 676 2885 puniri
705 2816 959 2882 sentiant,
993 2813 1137 2891 quod
1172 2822 1452 2885 mgrotent,
1499 2828 1598 2868 nec
1639 2813 1808 2867 sciant
1838 2828 1899 2867 se
1927 2827 2090 2882 aegro-

500 2920 636 2975 tare,
674 2910 742 2965 ab
778 2909 979 2965 exteris
1020 2909 1183 2965 etiam
1213 2906 1535 2978 supplicium
1584 2904 1807 2972 inducit,
1861 2904 2040 2974 aitque
2071 2923 2085 2959 :

500 3002 670 3077 Igitur
707 3002 931 3071 captivus
973 3002 1137 3073 factus
1165 3007 1236 3053 est
1264 2998 1482 3071 populus
1510 3014 1673 3062 meus,
1722 3013 1779 3051 eo
1827 2996 1960 3066 quod
1984 3012 2086 3049 non

500 3094 823 3169 cognoverint
867 3092 1164 3146 Dominum.
1197 3091 1264 3145 Et
1292 3090 1563 3144 multitudo
1600 3092 1735 3159 facta
1767 3099 1837 3143 est
1860 3098 2086 3141 mortuo-

499 3206 616 3244 rum
644 3198 850 3259 propter
875 3193 1061 3259 famem
1080 3192 1126 3242 et
1150 3183 1284 3263 sitim
1315 3198 1481 3256 aqutc.
1510 3180 1637 3237 Vide
1665 3179 1882 3235 multam
1921 3180 2090 3237 inser-

500 3291 609 3335 tam
660 3280 713 3335 in
761 3279 1024 3351 supplicio
1066 3279 1439 3342 monitionem,
1490 3292 1662 3346 neque
1716 3275 2085 3345 gravissimam

500 3373 680 3428 statim
709 3371 891 3426 induci
922 3371 1243 3428 sectionem.
1275 3369 1458 3440 Neque
1485 3370 1629 3424 enim
1658 3370 1838 3424 subito
1867 3366 2089 3437 captivi-

503 3474 666 3520 tatem
708 3464 923 3532 intulit,
957 3462 1052 3519 sed
1095 3462 1286 3518 famem
1327 3463 1474 3532 prius
1511 3470 1567 3517 et
1621 3460 1791 3527 sitim,
1833 3470 1891 3515 ut
1942 3459 2088 3514 domi

500 3568 814 3623 manentes,
849 3554 1098 3613 meliores
1133 3555 1467 3620 evaderent,
1510 3568 1683 3624 neque
1708 3553 1778 3609 ob
1819 3552 2088 3607 incurabi-

504 3652 611 3708 lem
629 3651 875 3707 morbum
894 3650 1241 3706 barbarorum
1262 3648 1553 3703 exercitum
1578 3645 1929 3700 attraherent.
1952 3643 2087 3711 Quia

500 3759 628 3798 vero
653 3760 761 3798 non
781 3750 1078 3808 cesserunt,
1099 3740 1338 3811 nihilque
1367 3738 1491 3794 inde
1508 3738 1698 3793 lucrati
1721 3746 1845 3793 sunt
1867 3778 1882 3804 ,
1919 3746 2088 3791 extre-

504 3851 651 3889 mum
681 3835 912 3904 denique
936 3834 1062 3904 ipsis
1078 3832 1283 3889 inducit
1306 3832 1648 3901 supplicium.
1682 3831 1935 3885 Attamen
1964 3839 2088 3886 ante

503 3927 593 3980 illa
619 3968 636 3994 ,
667 3928 845 3982 verbis
874 3926 1082 3983 extollit
1108 3934 1165 3979 et
1192 3925 1484 3995 ampliﬁcat
1510 3924 1667 3979 {alitis
1694 3924 2083 3991 calamitatem,

502 4024 687 4081 dicens
719 4039 734 4075 :
768 4021 855 4075 14.
904 4018 1150 4072 Dilataoit
1192 4019 1420 4086 infernus
1459 4018 1682 4070 animant
1731 4034 1876 4072 suam
1923 4033 1943 4072 :
1982 4032 2089 4073 non

503 4113 646 4185 quod
691 4110 931 4166 infernus
959 4110 1191 4165 animam
1238 4109 1429 4163 habeat
1463 4126 1476 4162 :
1510 4109 1604 4164 sed
1634 4125 1877 4179 persona:
1920 4110 2089 4167 forma
2130 4168 2133 4171 .

506 4206 678 4260 minas
726 4204 989 4268 intentat,
1023 4210 1082 4256 ut
1120 4201 1323 4270 majore
1354 4214 1477 4255 cum
1523 4202 1765 4271 emphasi
1814 4203 2085 4273 loquatur,

505 4296 812 4368 ingentique
852 4294 1042 4350 timore
1070 4292 1373 4347 auditorum
1405 4294 1614 4348 animos
1657 4294 1924 4362 percellat.
1964 4294 2091 4350 ideo

506 4391 562 4444 in
598 4387 968 4460 prosopopoeia
994 4387 1233 4458 persistit
1261 4386 1477 4442 dicens:
1507 4385 1575 4441 Et
1601 4388 1799 4456 aperuit
1830 4404 1887 4442 os
1912 4406 2079 4455 suum,

507 4492 562 4536 ut
604 4497 705 4536 non
730 4490 886 4535 cesset
919 4480 1109 4550 :quasi
1132 4479 1202 4535 de
1235 4478 1346 4535 fera
1378 4471 1537 4534 verba
1564 4480 1799 4549 faciens,
1822 4490 1877 4536 et
1902 4481 2091 4551 imagi-

506 4590 632 4630 nem
672 4589 854 4633 rerum
898 4586 1065 4642 prope
1096 4572 1241 4640 ipsos
1269 4571 1561 4627 adducens.
1590 4572 1850 4643 Quodque
1878 4574 2093 4644 gravius

507 4675 613 4732 est,
664 4679 771 4719 non
807 4663 968 4719 modo
995 4663 1205 4732 aperuit
1230 4678 1292 4718 os
1327 4678 1502 4729 suum,
1527 4664 1626 4720 sed
1653 4664 1821 4721 hianti
1847 4680 1942 4720 ore
1973 4681 2091 4720 ma-

510 4768 621 4823 net,
653 4772 753 4812 nec
795 4772 861 4811 ex
884 4756 995 4824 jam
1029 4755 1297 4825 absorptis
1323 4757 1569 4810 satiatur.
1607 4756 1675 4810 Et
1701 4757 1996 4811 descendent
2025 4758 2092 4810 ad

505 4866 623 4905 eum
650 4848 895 4921 gloriosi,
924 4857 970 4901 et
998 4858 1257 4921 magnates
1281 4889 1293 4911 ,
1322 4859 1368 4901 et
1411 4848 1587 4905 divites
1610 4890 1626 4915 ,
1676 4861 1723 4903 et
1757 4860 1917 4919 pestes
1960 4852 2089 4919 ejus.

507 4941 738 5005 Exhinc,
776 4952 833 4995 ut
862 4940 1001 4995 scias
1026 4954 1132 4994 non
1157 4939 1450 4995 secundum
1475 4952 1681 4996 natura:
1709 4943 1952 4997 ordinem
1980 4944 2094 5000 haec

507 5033 647 5099 ﬁeri,
672 5032 766 5087 sed
793 5047 825 5087 a
849 5032 958 5087 Deo
987 5031 1280 5085 immissam
1316 5046 1437 5086 esse
1465 5033 1704 5102 plagam,
1735 5044 1788 5087 et
1818 5034 2091 5088 decretum

503 5142 570 5182 ex
599 5127 733 5181 caelo
747 5124 983 5180 delatum
1003 5165 1018 5186 ,
1038 5124 1090 5178 in
1122 5122 1379 5193 dignitate
1396 5132 1449 5177 et
1479 5125 1714 5193 putentia
1743 5125 2091 5192 constitutos,

505 5217 597 5287 qui
615 5217 793 5272 omnia
820 5216 1137 5282 miscebant,
1153 5230 1346 5286 resque
1361 5215 1667 5271 Iudaeorum
1692 5217 2091 5287 subvertebant,

506 5325 573 5363 eo
596 5310 953 5365 descensuros
981 5323 1102 5363 esse
1129 5308 1225 5362 ait.

581 5404 635 5459 6.
665 5405 848 5461 Pestes
886 5414 1063 5460 autem
1104 5403 1224 5459 illos
1252 5403 1372 5474 jure
1417 5411 1607 5469 vocat,
1650 5412 1833 5473 utpote
1870 5405 1956 5475 qui
2003 5421 2095 5459 ne-

511 5496 728 5564 quitiam
766 5512 873 5550 non
905 5511 1069 5567 penes
1109 5511 1167 5550 se
1200 5504 1515 5558 servarent,
1558 5494 1651 5549 sed
1681 5497 1836 5551 etiam
1866 5497 1931 5549 ad
1964 5498 2095 5550 alios

512 5586 755 5641 morbum
782 5588 1225 5644 transmitterem.
1258 5587 1403 5642 Talis
1430 5587 1626 5658 quippe
1658 5596 1742 5642 est
1778 5589 2095 5657 pestilentia:

513 5689 699 5732 natura
732 5695 890 5735 :cum
931 5682 998 5736 ab
1036 5696 1143 5736 uno
1182 5696 1408 5750 corpore
1443 5680 1699 5747 creperit,
1742 5680 1999 5749 gradatim
2039 5682 2092 5737 in

520 5768 903 5836 multitudinem
935 5783 1224 5845 grassatur.
1265 5773 1325 5828 Et
1353 5771 1610 5829 exsultans
1640 5772 1691 5828 in
1720 5789 1799 5829 ea.
1826 5773 1925 5840 Qui
1956 5776 2087 5832 dcii~

2178 409 2275 466 ciis
2300 424 2468 481 vacat,
2498 416 2587 487 qui
2613 418 2874 485 exsultat,
2900 422 2991 493 qui
3022 429 3172 494 putat
3190 438 3249 480 se.
3272 425 3562 483 immobilia
3587 429 3760 499 possi-

2178 500 2305 558 dere
2326 503 2484 572 bona,
2516 507 2630 577 ipse
2654 525 2865 582 quoque
2893 513 3049 569 cadet
3075 522 3130 570 et
3158 517 3418 586 capietur.
3448 520 3537 578 I5.
3570 521 3637 575 Et
3664 523 3762 576 hu-

2178 595 2455 652 miliabitur
2476 600 2646 667 homo,
2673 613 2721 656 et
2747 603 3128 660 inhonorabitur
3151 609 3228 663 vir
3252 624 3271 663 :
3294 620 3343 663 et
3367 613 3498 666 oculi
3525 612 3762 669 sublimes

2180 689 2593 745 Itumiliabuntur.
2639 694 2726 748 16.
2759 694 2825 748 Et
2860 698 3163 753 exaltabitur
3198 699 3449 757 Dominus
3480 706 3619 758 solus
3660 704 3763 759 Sa-

2180 780 2329 835 baoth
2354 783 2406 837 in
2421 784 2640 854 judicio.
2676 786 2805 841 Vide
2830 804 3015 843 rursus
3058 792 3150 846 Dei
3186 794 3595 863 providentiam.
3641 795 3759 850 Non

2179 872 2323 926 enim
2364 875 2780 932 internecionem
2823 879 3071 947 adducit,
3104 898 3275 954 neque
3317 894 3482 940 totum
3514 902 3545 941 e
3583 888 3760 942 medio

2179 962 2347 1032 abripi
2374 966 2626 1034 populum
2659 970 2935 1037 permittit,
2968 972 3061 1027 sed
3091 974 3346 1043 quosdam
3384 976 3670 1047 relinquit,
3704 987 3761 1033 ut

2181 1066 2245 1107 ex
2266 1053 2571 1110 abeuntium
2594 1061 2854 1128 supplicio
2874 1062 3207 1131 resipiscam.
3237 1066 3349 1121 lloc
3373 1081 3498 1137 ergo
3520 1068 3762 1122 subindi-

2181 1160 2308 1199 cans
2337 1147 2443 1213 ait,
2478 1148 2914 1219 Ilumiliabuntur,
2952 1155 3001 1208 id
3033 1168 3134 1219 est,
3166 1158 3254 1226 qui
3281 1168 3526 1225 manent,
3554 1160 3639 1229 qui
3674 1176 3761 1213 re-

2180 1235 2290 1292 licti
2327 1249 2472 1293 sunt.
2498 1238 2564 1293 Et
2587 1242 2889 1296 exaltabitur
2912 1243 3161 1300 Dominus
3192 1247 3417 1301 Sabaoth
3457 1250 3509 1302 in
3530 1249 3757 1321 judicio,

2181 1338 2228 1384 et
2250 1328 2387 1384 Deus
2404 1342 2605 1386 sanctus
2622 1333 2984 1403 glori/imbitur
3002 1338 3286 1408 injustitia.
3309 1342 3420 1393 Duo
3438 1342 3585 1410 ponit
3603 1348 3756 1409 bona,

2180 1431 2235 1477 et
2261 1422 2382 1477 illos
2403 1438 2594 1494 nempe
2621 1427 2861 1482 timorem
2890 1428 3225 1499 deposituros
3244 1446 3386 1495 esse,
3409 1435 3763 1506 melioresque

2180 1513 2426 1582 futuros,
2464 1524 2519 1571 et
2561 1517 2727 1573 Deum
2770 1519 3106 1577 admirationi
3137 1521 3250 1577 fore
3291 1526 3428 1593 apud
3461 1542 3682 1594 omnes;
3712 1528 3762 1582 id

2182 1606 2324 1661 enim
2350 1607 2449 1663 sibi
2473 1609 2583 1663 vult
2607 1609 2734 1664 illud
2759 1651 2775 1676 ,
2805 1609 3130 1667 Exaltabitur
3155 1623 3200 1667 et
3228 1615 3592 1686 gloriﬁcabitur
3608 1635 3629 1683 ;
3673 1634 3766 1688 per

2182 1700 2500 1771 supplicium
2528 1716 2738 1771 nempe,
2764 1717 2825 1757 ac
2851 1718 2945 1772 per
2971 1705 3139 1773 ipsam
3162 1706 3439 1767 ultionem.
3510 1708 3646 1774 Quid
3674 1725 3766 1764 au-

2184 1799 2292 1846 tem
2319 1801 2397 1846 est
2414 1789 2527 1863 ‘,In
2543 1792 2787 1863 judicio?
2815 1794 2917 1849 Per
2942 1796 3216 1851 ultionem.
3250 1799 3339 1852 17.
3364 1798 3429 1852 Et
3460 1810 3663 1866 pascent
3688 1801 3768 1853 di-

2183 1886 2345 1956 spersi
2366 1887 2509 1956 quasi
2532 1890 2684 1951 tauri,
2707 1896 2755 1940 et
2779 1887 2976 1942 deserta
2995 1905 3186 1957 eorum,
3209 1892 3292 1961 qui
3313 1893 3557 1963 assumpti
3583 1904 3698 1947 sunt
3722 1903 3764 1962 i,

2184 1979 2307 2048 agni
2331 1979 2609 2033 comedent.
2632 1979 2958 2035 Relictorum
2989 1982 3308 2050 paucitatem
3336 1984 3419 2038 his
3443 1983 3764 2052 subindicat,

2185 2080 2239 2125 et
2265 2071 2534 2141 ingentem
2564 2071 2797 2141 regionis
2835 2072 3196 2130 solitudinem.
3241 2074 3329 2130 18.
3370 2073 3459 2130 Va:
3488 2076 3574 2145 qui
3602 2087 3768 2129 attra-

2187 2161 2313 2216 hunt
2339 2173 2546 2231 peccata
2570 2180 2665 2217 sua
2692 2173 2745 2217 ut
2775 2165 3002 2234 funiculo
3029 2165 3199 2237 longo,
3227 2177 3273 2220 et
3297 2169 3441 2238 quasi
3463 2169 3580 2239 jugi
3603 2169 3767 2223 corri-

2186 2256 2272 2324 gia
2295 2254 2465 2310 vitula:
2488 2255 2773 2327 iniquitates
2798 2273 2936 2311 suas.
2967 2258 3054 2314 19.
3080 2258 3178 2323 Qui
3204 2260 3377 2313 dicunt
3401 2275 3420 2314 :
3445 2259 3553 2315 Cito
3579 2278 3771 2331 appro-

2189 2347 2426 2419 pinquent
2445 2362 2560 2417 qua:
2588 2347 2739 2416 faciet
2763 2347 2901 2403 Deus
2920 2390 2934 2414 ,
2963 2358 3019 2402 ut
3052 2349 3307 2404 videamus
3336 2366 3356 2403 :
3383 2360 3427 2405 et
3456 2352 3619 2405 veniat
3647 2368 3771 2405 con-

2186 2437 2356 2493 silium
2384 2440 2544 2493 sancti
2570 2439 2736 2494 Israel
2758 2481 2773 2505 ,
2806 2450 2861 2493 ut
2888 2442 3124 2495 sciamus.
3153 2441 3435 2511 Prophelis
3461 2441 3771 2512 frequenter

2187 2531 2631 2587 comminantibus
2655 2546 2711 2587 et
2736 2533 2986 2587 terribilia
3009 2535 3508 2604 prtenuntiantibus,
3536 2534 3771 2605 pseudo-

2188 2623 2463 2694 prophetae
2500 2624 2568 2680 ad
2606 2626 2829 2696 gratiam
2867 2627 3146 2696 loquentes
3170 2668 3184 2693 ,
3221 2628 3505 2698 pepulique
3534 2630 3771 2698 vigorem

2189 2718 2543 2774 dissolventes
2564 2761 2579 2785 ,
2609 2720 2821 2774 illorum
2845 2720 2983 2775 dicta
3012 2719 3161 2786 falsa,
3187 2734 3283 2775 sua
3311 2736 3436 2776 vera
3465 2736 3586 2777 esse
3615 2721 3772 2776 dicti-

2190 2812 2389 2866 tabant.
2420 2812 2567 2866 Multi
2597 2827 2723 2882 ergo
2747 2812 2950 2867 seducti
2979 2812 3192 2867 illorum
3226 2814 3404 2868 verbis
3445 2828 3549 2868 non
3580 2813 3772 2868 crede-

2188 2904 2335 2959 bant.
2380 2904 2583 2960 Deinde
2610 2906 2730 2975 quia
2762 2904 3052 2974 pr0pbeti:e
3086 2920 3192 2959 non
3229 2906 3407 2960 statim
3444 2916 3602 2976 atque
3643 2922 3769 2976 prn-

2188 2996 2447 3051 nuntiatte
2462 3004 2634 3061 erant,
2656 2996 2995 3062 eveniebant;
3019 2997 3310 3066 prophetiae
3331 3012 3560 3067 namque
3581 3009 3770 3053 natura

2188 3096 2298 3142 erat
2320 3129 2335 3152 ,
2366 3088 2534 3142 multo
2572 3096 2696 3142 ante
2724 3096 2961 3157 tempore
2988 3102 3050 3142 ea
3079 3088 3421 3157 pronuntiare
3448 3104 3567 3159 quae
3604 3104 3771 3144 even-

2194 3187 2309 3234 tura
2348 3186 2532 3241 erant;
2573 3179 2823 3248 quoniam
2862 3193 2989 3249 ergo
3025 3178 3333 3249 frequenter
3369 3184 3644 3254 propheta:
3678 3184 3764 3238 fa-

2189 3289 2329 3329 mem
2354 3315 2368 3339 ,
2401 3282 2605 3344 pestem
2629 3314 2645 3340 ,
2682 3273 2925 3343 bellaque
2953 3273 3308 3343 praedicebant
3332 3315 3345 3337 ,
3378 3289 3477 3329 nec
3505 3284 3678 3328 tamen
3709 3289 3772 3328 ea

2189 3366 2362 3436 rcipsa
2384 3365 2766 3429 ostendebant,
2800 3365 3013 3420 interim
3038 3366 3187 3419 multi
3216 3381 3279 3420 ex
3311 3365 3374 3419 iis
3397 3405 3413 3432 ,
3445 3367 3533 3434 qui
3560 3365 3771 3434 decepti

2189 3465 2342 3512 erant
2364 3499 2378 3521 ,
2408 3472 2473 3511 ex
2500 3457 2835 3512 cunctatione
2864 3457 2930 3512 ad
2957 3473 3062 3511 non
3091 3457 3415 3512 credendum
3437 3460 3773 3514 occasionem

2189 3549 2533 3620 accipientes,
2560 3549 2807 3604 dicebant
2832 3567 2845 3605 :
2867 3550 3091 3605 Veniant
3121 3565 3240 3622 quae
3264 3549 3547 3617 dicuntur;
3575 3553 3619 3606 si
3647 3569 3773 3607 vere

2189 3643 2384 3711 dicitis,
2413 3642 2667 3698 accedant
2693 3658 2778 3697 res
2800 3642 2959 3712 ipsm;
2988 3642 3233 3698 exhibete
3257 3645 3410 3700 nobis
3433 3659 3495 3699 ex
3520 3644 3776 3713 cperibus

2189 3734 2319 3803 ipsis
2339 3733 2618 3788 consilium
2648 3734 2758 3788 Dei.
2783 3734 2915 3802 Quia
2944 3736 3100 3804 igitur
3125 3736 3239 3805 ejus
3265 3735 3569 3805 patientiam
3601 3737 3775 3792 incre—

2190 3825 2427 3881 dulitatis
2452 3827 2784 3881 occasionem
2813 3827 3115 3882 efﬁciebant
3141 3869 3154 3894 ,
3183 3838 3238 3884 et
3261 3830 3496 3900 peccatis
3532 3832 3644 3885 suis
3676 3830 3776 3885 hoc

2190 3917 2527 3987 adjiciebant,
2550 3927 2660 3971 tum
2689 3917 2831 3987 quod
2861 3934 2965 3973 non
2994 3919 3297 3985 crederent,
3323 3929 3431 3974 tum
3450 3921 3587 3991 quod
3610 3921 3678 3976 ob
3695 3923 3777 3975 in-

2192 4011 2559 4066 credulitatem
2580 4011 2852 4080 segniores
2877 4012 3181 4079 evaderent,
3202 4014 3323 4082 jure
3346 4014 3490 4083 ipsos
3516 4013 3775 4083 propheta

2191 4104 2337 4173 luget
2356 4104 2571 4159 dicens:
2596 4103 2753 4169 Quasi
2778 4103 3009 4159 funiculo
3031 4105 3208 4175 longo,
3235 4105 3313 4159 sic
3337 4115 3522 4160 contra
3548 4121 3642 4160 vos
3665 4116 3776 4160 tra-

2193 4196 2320 4252 hitis
2348 4196 2478 4250 iram
2512 4196 2605 4251 Dei
2630 4237 2646 4263 ,
2690 4205 2745 4251 et
2784 4196 3069 4266 nequitiam
3107 4204 3339 4251 vestram
3377 4198 3601 4268 augetis.
3641 4197 3777 4264 Quia

2193 4289 2334 4343 enim
2361 4288 2516 4343 dictis
2541 4303 2645 4343 non
2673 4287 2910 4355 creditis,
2934 4286 2987 4342 id
3012 4288 3325 4358 relinquitur
3344 4289 3578 4356 demum,
3605 4298 3665 4344 ut
3685 4304 3777 4344 re-

2194 4396 2313 4434 rum
2355 4380 2506 4435 vobis
2533 4379 2858 4448 experientia
2899 4380 3170 4435 aﬁ'eratur.
3206 4380 3280 4434 Ita
3308 4391 3365 4436 ut
3389 4396 3483 4435 vos
3510 4382 3607 4451 ipsi
3638 4382 3776 4437 male

2193 4474 2345 4539 vobis
2374 4474 2686 4540 attrahatis,
2710 4475 2801 4545 qui
2833 4475 3010 4531 verbis
3044 4474 3200 4529 ﬁdem
3234 4492 3338 4531 non
3383 4474 3607 4530 habetis.
3652 4475 3779 4531 ldeo

2193 4566 2268 4619 ait
2299 4584 2312 4619 :
2348 4564 2437 4620 Va:
2460 4567 2542 4636 qui
2568 4569 2826 4621 attrahunt
2854 4577 3056 4639 peccata
3082 4584 3206 4630 sua;
3238 4567 3288 4621 id
3315 4577 3397 4623 est
3416 4607 3434 4636 ,
3466 4568 3777 4623 retributio-

2197 4673 2321 4713 nem
2362 4666 2697 4728 peccatorum
2729 4677 2741 4712 :
2774 4659 2924 4728 quasi
2967 4660 3123 4728 longo
3165 4658 3399 4713 funiculo
3427 4675 3458 4713 e
3486 4660 3778 4730 longinquo

2196 4751 2404 4805 trahitis
2427 4792 2441 4817 ,
2475 4751 2677 4821 inquit,
2718 4751 2987 4805 deﬁnitam
3026 4753 3255 4821 peccatis
3280 4752 3471 4806 vestris
3499 4753 3775 4820 ultionem,

2197 4850 2252 4898 et
2275 4842 2423 4911 quasi
2446 4842 2557 4912 jugi
2584 4842 2810 4912 corrigia
2842 4842 3019 4897 vitulae
3064 4842 3351 4913 subjugalis
3376 4886 3390 4907 ,
3418 4853 3477 4897 ut
3514 4843 3780 4913 exprimat

2197 4936 2408 5013 illorum
2430 4936 2660 4990 studium
2684 4946 2739 4992 et
2757 4953 2938 4991 curam
2959 4938 3013 4990 in
3038 4937 3328 5006 peccando.
3356 4936 3425 4992 Ut
3451 4939 3496 4991 si
3526 4938 3645 5008 quis
3664 4938 3781 4992 iom

2198 5029 2320 5083 forti
2346 5029 2469 5099 quid
2499 5030 2846 5098 pertraxerit,
2879 5029 2956 5083 sic
2982 5044 3076 5084 vos
3103 5044 3197 5097 per
3228 5029 3652 5085 incredulitatem
3684 5029 3779 5084 Dei

2196 5121 2328 5174 iram
2369 5128 2553 5174 contra
2593 5136 2687 5175 vos
2717 5118 2944 5176 trahitis.
2988 5120 3188 5176 Deinde
3225 5120 3353 5177 dicit
3379 5121 3645 5192 quomodo
3672 5131 3782 5177 tra-

2262 5281 2278 5311 ¹
2316 5287 2423 5329 Haec
2446 5280 2612 5343 verba,
2638 5286 2685 5329 et
2716 5292 2803 5343 per
2826 5280 2989 5343 ipsam
3005 5278 3307 5329 ultionem...
3327 5292 3413 5339 per
3429 5277 3669 5335 ultionem,
3686 5278 3779 5343 de-

2199 5349 2335 5393 erant
2348 5347 2397 5393 in
2417 5342 2597 5398 M0rel.,
2613 5343 2698 5392 sed
2718 5341 2781 5391 ex
2801 5341 2945 5404 Regio
2962 5341 3211 5404 desumpta
3226 5344 3618 5404 sunt.l3avaricus
3627 5342 3780 5404 etiam

2196 5406 2361 5461 habet,
2387 5405 2473 5454 sed
2493 5404 2676 5467 aliquot
2691 5400 2891 5467 adjectis
2914 5400 3335 5466 vocibulellaque
3357 5402 3552 5465 legerat
3570 5400 3781 5450 ‘I'ilman-

2196 5479 2289 5519 nus
2312 5470 2571 5530 interpres.

2259 5532 2280 5563 ³
2314 5530 2368 5579 Ιη
2389 5523 2567 5587 (λήθεο,
2591 5541 2871 5589 «intimum,
2896 5540 3060 5589 eorum
3083 5526 3166 5589 qui.
3186 5527 3415 5587 assumpti
3429 5532 3552 5575 sunt.
3570 5523 3781 5574 Tilman-

2198 5606 2290 5643 nus
2312 5600 2547 5649 verterat,
2571 5587 2735 5640 eorum
2747 5587 2831 5649 qui
2852 5587 3007 5640 relicti
3027 5587 3153 5644 sunt,
3165 5592 3300 5651 quasi
3324 5590 3543 5651 legisset,
3559 5600 3779 5651 ἆςοὶιλῳ·

2198 5673 2319 5717 μένων.
2362 5658 2631 5713 λλπλημμε-ων
2670 5660 2808 5702 certe
2829 5660 2951 5717 est,
2986 5665 3151 5717 got-mn
3184 5650 3275 5710 ’qui
3308 5650 3538 5717 assumpti
3568 5650 3782 5717 suntsi»

2198 5714 2466 5777 ἐτολαμςά-α...
2493 5728 2544 5764 ct
2564 5725 2723 5764 tamen
2761 5716 2953 5779 videtur
2976 5714 3340 5779 Chrysostomus
3373 5714 3420 5763 iu
3455 5714 3779 5777 sequentibus

2204 5800 2288 5834 eos:
2314 5776 2610 5844 intelligere,
2630 5780 2711 5845 qui
2731 5776 2883 5828 relicti
2907 5785 3032 5828 sunt.
