4096 6322
461 306 534 360 05
1305 300 1363 356 S.
1392 297 1676 355 JOANNIS
1704 287 2190 352 CHRYSOSTOMI
2220 286 2538 344 ARCIIIEP.
2578 279 3118 341 CONSTANTINOP.
3833 272 3905 327 66

458 419 700 486 ποιήσει
731 423 764 475 ό
809 420 970 486 Θεὸς,
1009 421 1108 474 ἵνα
1137 418 1372 488 ῖδωμεν.
1399 420 1467 472 '0
1499 418 1591 471 aa).
1615 417 1808 489 ἔτερος
1840 414 2127 486 προφήτης

461 509 701 579 ἐγκαλεῖ,
729 508 920 576 λέγων·
976 508 1119 561 Οὐαὶ
1174 510 1229 560 οὶ
1261 505 1692 575 ἐπιθυμοῦντες
1736 505 1852 571 τὴν
1901 501 2127 571 ἡμέραν

461 596 707 664 Κυρίου.
746 597 856 648 Kal
897 596 996 648 ἵνα
1033 596 1092 648 τί
1128 594 1272 664 ὑμῖν
1309 596 1348 662 ἡ
1387 593 1576 663 ἡμέρα
1603 593 1752 661 αὕτη
1771 609 1791 656 ;
1825 591 1937 646 Kal
1972 590 2126 658 αὕτη

461 682 592 736 ἐστί
623 683 844 748 σκότος
874 682 971 736 καὶ
994 685 1068 736 οὺ
1098 682 1244 752 φῶς,
1279 683 1377 736 καὶ
1415 683 1638 752 γνόφος
1669 684 1781 736 οὐκ
1809 680 1966 750 ἔχων
1991 677 2132 748 φέγ-

464 787 568 838 γος
591 768 797 837 αὐτῆς.
845 770 956 823 Καὶ
994 769 1102 841 γὰρ
1147 770 1240 822 καὶ
1283 771 1480 823 ἐκεῖνοι
1530 767 1886 831 ἀπιστοῦντες
1923 766 2126 834 ἐλεγοψ

464 858 601 910 Πότε
644 856 764 928 ἥξει
801 859 835 928 ἡ
884 857 1068 928 ἡμέρα
1111 859 1210 927 τῆς
1245 858 1519 920 κολάσεως
1565 858 1657 911 καὶ
1701 858 1801 927 τῆς
1827 855 2129 926 τιμωρίας;

467 945 612 1000 Οὐαί
650 949 705 999 ol
735 946 1017 1015 λέγοντες
1056 946 1123 998 τὸ
1149 945 1414 1013 πονηρὸν
1456 946 1662 1010 καλὸν,
1697 945 1794 998 καὶ
1833 943 1900 997 τὸ
1941 942 2134 996 καλὸν

465 1034 751 1100 πονηρόν·
789 1036 842 1086 ol
873 1032 1135 1098 τιθέντες
1171 1033 1236 1085 τὸ
1262 1031 1388 1101 φῶς
1418 1035 1656 1098 σκότος,
1687 1031 1787 1085 καὶ
1814 1030 1878 1084 τὸ
1911 1031 2133 1095 σκότος

464 1117 611 1188 φῶς·
657 1122 712 1172 οί
763 1118 1022 1184 τιθέντες
1061 1118 1128 1171 τὸ
1166 1119 1360 1188 γλυκὺ
1403 1119 1636 1186 πικρὸν,
1678 1118 1778 1171 καὶ
1821 1117 1888 1170 τὸ
1918 1115 2136 1185 πικρὸν

465 1207 681 1278 γλυκύ.
717 1207 886 1260 Πάλιν
916 1207 1042 1276 περί
1067 1206 1175 1260 τῶν
1198 1207 1375 1259 αὐτῶν
1404 1207 1729 1275 διαλέγεται.
1771 1205 1988 1274 Ἐπειδὴ
2009 1205 2135 1267 τοὺς

471 1294 572 1364 μὲν
604 1297 888 1366 προφήτας
928 1293 1146 1364 ὕϐριζον
1186 1296 1279 1348 καὶ
1319 1294 1636 1358 ἀπατεῶνας
1669 1294 1876 1363 ἔλεγον,
1908 1294 2034 1356 τοὺς
2079 1293 2136 1345 δέ

466 1382 913 1453 ψευδοπροφήτας
937 1382 1158 1453 ἐτίμων,
1183 1383 1276 1435 καὶ
1304 1383 1635 1454 ἀνέστρεφον
1659 1383 1766 1436 τῶν
1795 1381 2136 1453 πραγμάτων

466 1471 566 1542 τὴν
603 1469 777 1536 τάξιν,
811 1470 1084 1534 ταλανίζει
1123 1469 1319 1534 αὐτοὺς
1354 1471 1448 1522 ἐπὶ
1478 1472 1542 1540 τῇ
1573 1470 1752 1541 κρίσει
1783 1471 1850 1538 τῇ
1878 1468 2136 1539 διεφθαρ-

472 1556 632 1629 μένῃ.
660 1557 841 1621 Οὐαὶ,
886 1557 1070 1627 φησὶν,
1111 1558 1166 1609 οἱ
1202 1555 1482 1625 λέγοντες
1524 1557 1591 1609 τὸ
1628 1554 1898 1623 πονηρόν
1947 1555 2137 1610 καλὸν

471 1645 755 1714 (τουτέστι,
777 1644 875 1716 τὴν
893 1641 1532 1716 ψευδοπροφητείαν),καί
1550 1643 1618 1698 τὸ
1644 1645 1835 1698 καλὸν
1881 1645 2146 1714 πονηρόν

470 1733 589 1804 (τὴν
620 1733 998 1804 προφητείαν)·
1020 1737 1072 1786 οἱ
1100 1733 1358 1799 τιθέντες
1398 1731 1464 1786 τὸ
1506 1729 1632 1802 φῶς
1668 1733 1907 1800 σκότος,
1937 1733 2036 1786 καὶ
2071 1731 2138 1786 τὸ

469 1822 692 1886 σκότος
727 1818 874 1889 φῶς·
916 1822 972 1873 οἱ
1021 1819 1284 1885 τιθέντες
1322 1820 1387 1874 τό
1432 1821 1624 1891 γλυκὺ
1651 1821 1887 1890 πικρόν,
1929 1820 2031 1875 καὶ
2070 1821 2140 1875 τὸ

470 1907 686 1975 πικρὸν
723 1907 935 1976 γλυκύ.
973 1908 1036 1961 Εἰ
1069 1907 1179 1979 γάρ
1211 1907 1305 1962 καὶ
1334 1908 1587 1978 φορτικὰ,
1616 1911 1768 1980 φησί,
1801 1908 1871 1962 τά
1898 1910 2140 1980 ῥήματα,

469 1997 586 2050 ἀλλ’
622 1997 773 2051 οὐδὲν
808 1996 1138 2071 γλυκύτερον
1168 1998 1275 2053 τῶν
1312 1999 1626 2072 προφητῶν,
1657 2003 1722 2072 τῇ
1749 2000 1856 2054 τῶν
1880 2001 2140 2072 ῥημάτων

472 2087 668 2157 ἀπειλῇ
699 2087 796 2157 τὴν
829 2086 916 2140 διὰ
942 2085 1051 2139 τῶν
1078 2085 1420 2157 πραγμάτων
1440 2085 1893 2156 ἀποκρουομένων
1921 2087 2139 2157 πεῖραν.

471 2174 535 2228 Εἰ
569 2175 664 2228 καὶ
694 2174 896 2243 γλυκέα
916 2174 984 2228 τὰ
1005 2174 1113 2228 τῶν
1135 2175 1612 2245 ψευδοπροφητῶν,
1642 2175 1756 2229 ἀλλ’
1781 2177 1933 2229 οὐδὲν
1960 2177 2141 2231 αὐτῶν

473 2260 814 2332 πικρότερον,
835 2265 900 2334 τῇ
930 2261 1114 2334 χάριτι
1135 2261 1245 2316 τῶν
1275 2262 1449 2330 λόγων
1468 2263 1565 2334 τὴν
1585 2263 1674 2317 διὰ
1701 2263 1809 2318 τῶν
1830 2264 2004 2336 ἔργων
2041 2265 2143 2317 ἐπ-

471 2349 715 2416 αγόντων
748 2350 853 2402 ἀπε
862 2349 999 2420 ιλήν.
1937 2352 1946 2363 ’

542 2437 606 2502 ζ’.
625 2437 754 2490 ’ἰδοὺ
787 2439 1068 2509 προφήτου
1103 2438 1315 2508 σοφίαν,
1340 2437 1459 2502 πῶς
1493 2438 1821 2511 ἀνέστρεψεν
1848 2439 2024 2494 αὐτῶν
2045 2440 2142 2513 τὴν

471 2523 747 2580 ὑπόνοιαν.
779 2525 997 2596 Ἐπειδὴ
1026 2527 1134 2596 γὰρ
1165 2529 1276 2590 τοῖς
1312 2526 1410 2596 μὲν
1445 2526 1522 2591 ὡς
1562 2527 1863 2599 πικρότατα
1904 2527 2141 2597 φθεγγο-

476 2612 659 2682 μένοις
678 2612 738 2664 οὐ
774 2615 1080 2684 προσεῖχον,
1109 2617 1222 2678 τοῖς
1247 2615 1304 2667 δὲ
1329 2614 1404 2678 ὡς
1429 2615 1884 2686 προσηνεστάτοις
1911 2615 2003 2669 καὶ
2023 2616 2143 2686 γλυ-

473 2697 684 2770 κύτητα
718 2699 919 2771 πολλὴν
944 2699 1180 2771 ἔχουσιν,
1220 2701 1439 2773 ἔφησεν,
1469 2704 1551 2755 ὅτι
1578 2703 1887 2756 τούναντίον
1924 2703 2023 2774 μὲν
2052 2699 2144 2759 οὖν

474 2788 612 2839 ἐστι·
637 2785 771 2838 πολὺ
798 2786 906 2839 τῶν
935 2788 1228 2858 προφητῶν
1259 2789 1319 2842 rb
1355 2788 1496 2859 μέλι,
1529 2789 1696 2861 πολλὴ
1729 2789 1784 2844 δὲ
1820 2791 1928 2844 τῶν
1955 2791 2145 2860 ψευδο-

473 2873 772 2944 προφητῶν
813 2876 846 2944 ή
894 2875 1102 2946 πικρία·
1150 2875 1292 2929 οὕτω
1332 2878 1426 2930 καὶ
1455 2878 1549 2930 ἐπὶ
1593 2877 1688 2931 τοῦ
1725 2878 1899 2946 φωτὸς
1929 2878 2023 2932 καί
2050 2877 2145 2932 τοῦ

476 2961 700 3025 σκότους
730 2961 821 3016 τὸν
847 2961 1004 3031 λόγον
1030 2965 1464 3035 μεταχειριστέον
1485 2966 1639 3036 ἡμῖν.
1668 2966 1731 3018 Ol
1762 2965 1859 3035 μὲν
1882 2965 1990 3037 γὰρ
2011 2967 2147 3038 πρὸς

476 3049 574 3119 τὴν
611 3049 814 3120 πλάνην
841 3051 1071 3122 ἤγαγον,
1107 3054 1156 3105 οἰ
1185 3053 1242 3105 δὲ
1275 3053 1371 3105 καὶ
1405 3051 1538 3123 πρὸς
1568 3052 1664 3122 τὴν
1690 3052 1946 3118 ἀλήθειαν
1970 3056 2149 3125 ἐχειρ-

476 3133 744 3204 αγώγουν·
791 3139 886 3191 καὶ
929 3139 978 3190 οἰ
1012 3138 1110 3208 μὲν
1142 3137 1218 3208 τῷ
1247 3135 1394 3208 ζόφῳ
1421 3139 1519 3202 τῆς
1550 3138 1928 3210 αἰχμαλωσίας
1963 3157 2150 3210 μονον-

475 3223 596 3295 ουχὶ
618 3223 716 3288 τὰς
746 3227 934 3296 χεῖρας
960 3224 1220 3296 δήσαντες
1248 3225 1622 3296 παρεδίδοσαν,
1652 3228 1700 3279 οἰ
1728 3227 1784 3280 δὲ
1811 3228 1958 3291 ὅπως
1986 3229 2043 3280 ἐν
2071 3227 2148 3298 τῷ

477 3312 618 3378 φωτί
650 3311 748 3382 τῆς
787 3311 1100 3384 ἐλευθερίας
1149 3313 1419 3382 ἀγάγωσι,
1456 3313 1634 3367 πάντα
1666 3313 1951 3383 ἔπραττον.
1995 3315 2149 3369 Ἐπεὶ

474 3393 570 3452 οὖν
617 3399 717 3462 τὰς
764 3399 1010 3463 ἐναντίας
1050 3401 1177 3471 περί
1211 3400 1413 3455 τούτων
1451 3400 1610 3468 δόξας
1649 3395 1795 3472 εἶχον
1835 3405 1927 3455 καὶ
1962 3403 2059 3467 τάς
2085 3405 2147 3457 οὐ

475 3486 894 3556 προσηκούσας,
945 3486 1170 3551 εἰκότως
1221 3486 1418 3550 αὐτοὺς
1469 3487 1774 3560 διορθοῦται
1835 3488 2041 3557 λέγων·
2082 3491 2150 3542 Ol

475 3570 736 3640 τιθέντες
759 3573 824 3627 τὸ
850 3572 977 3642 φῶς
999 3575 1240 3641 σκότος,
1267 3575 1365 3629 καὶ
1399 3575 1464 3629 τὸ
1493 3577 1715 3642 σκότος
1744 3575 1891 3646 φῶς.
1918 3577 2062 3630 Οὐαί
2094 3579 2151 3632 al

478 3659 720 3712 συνετοί
766 3659 837 3712 ὲν
873 3659 1126 3727 ἑαυτοῖς,
1171 3659 1271 3715 καὶ
1310 3660 1568 3715 ἐνώπιον
1590 3661 1791 3717 αὐτῶν
1827 3663 2153 3732 ἐπιστήμο-

477 3761 599 3810 νες.
621 3745 696 3798 Οὐ
737 3747 930 3818 μικρὸν
961 3748 1056 3802 καὶ
1090 3748 1249 3802 τοῦτο
1279 3749 1586 3820 ἐλάττωμα,
1639 3748 1702 3803 τὸ
1731 3750 1894 3818 σοφόν
1922 3767 2043 3803 τινα
2065 3766 2152 3803 νο-

483 3836 658 3908 μίζειν
696 3838 904 3901 ἑαυτὸν,
953 3840 1049 3892 καὶ
1083 3844 1196 3903 τοῖς
1240 3841 1431 3894 ἐαυτοῦ
1475 3840 1590 3914 [61]
1629 3841 1908 3911 λογισμοῖς
1947 3840 2012 3894 τὸ
2041 3841 2151 3894 πᾶν

480 3925 816 3995 ἐπιτρέπειν.
851 3927 961 3979 Καὶ
991 3927 1101 3998 γάρ
1127 3928 1372 3982 ἐντεῦθεν
1400 3932 1574 3982 ἐκεῖνο
1599 3930 1802 3998 γίνεται
1821 3929 1841 4002 [
1863 3942 1890 3971 ι
1917 3929 2058 3998 λέγω
2086 3930 2151 4002 δὴ

483 4011 545 4067 τὸ
563 4013 794 4080 φάσκειν
818 4012 879 4064 rb
904 4015 1140 4084 πονηρὸν
1163 4015 1348 4080 καλὸν,
1374 4016 1470 4068 καὶ
1496 4017 1559 4070 τὸ
1591 4018 1752 4071 καλὸν
1774 4017 2028 4090 πονηρὸν,
2055 4018 2153 4072 καὶ

483 4098 553 4150 τά
572 4097 744 4170 ἐξῆς].
771 4099 941 4154 Τοῦτο
965 4103 1059 4154 καὶ
1084 4103 1114 4155 ό
1137 4101 1349 4165 Παῦλος
1370 4105 1483 4166 τοῖς
1510 4103 1616 4167 ἔξω
1641 4104 1948 4173 φιλοσόφοις
1986 4107 2152 4174 ἐγκαο

483 4183 595 4238 λῶν
619 4185 824 4254 ἐλεγεν,
844 4188 924 4240 ὅτι
945 4186 1286 4254 Φάσκοντες
1308 4185 1459 4241 εῖναι
1475 4190 1676 4258 σοφοί,
1698 4191 2148 4261 ἐμωράνθησαν.

484 4272 597 4326 Καὶ
628 4275 657 4326 ὁ
687 4273 1059 4346 παροιμιιὲἢης
1100 4275 1256 4344 λόγος
1300 4275 1461 4330 πάλιν
1500 4275 1684 4347 φησίν·
1717 4273 1899 4332 Εἶδον
1929 4279 2153 4346 ἅνθρω-

483 4375 606 4415 πον
649 4360 946 4415 δοκοῦντα
987 4359 1139 4416 εἶναι
1184 4363 1382 4432 σοφὸν
1411 4362 1548 4432 παρ’
1587 4362 1796 4429 ἐαυτῷ·
1835 4364 2052 4418 ἐλπίδα
2085 4365 2154 4418 δὲ

483 4446 610 4516 ἔχει
625 4445 869 4516 μᾶλλον
897 4447 1102 4517 ἄφρων
1123 4449 1331 4506 αὐτοῦ.
1361 4450 1531 4504 Τοῦτο
1570 4451 1665 4504 καὶ
1692 4451 1900 4514 Παῦλος
1934 4451 2154 4519 ἐγκαλεῖ

487 4534 650 4588 πάλιν
684 4534 876 4602 λέγων·
905 4535 1004 4603 Μὴ
1036 4536 1274 4606 γίνεσθε
1303 4539 1578 4609 φρόνιμοι
1610 4538 1746 4606 παρ’
1777 4537 2030 4602 ἑαυτοῖς·
2062 4539 2155 4592 κιιί⁸

486 4621 668 4674 πάλιν·
705 4621 780 4674 El
811 4639 901 4688 τις
928 4621 1100 4676 δοκεῖ
1124 4625 1316 4694 σοφός
1341 4623 1493 4680 εἶναι
1520 4626 1591 4680 ἐν
1615 4625 1759 4696 ὑμῖν
1784 4625 1856 4679 ἐν
1883 4623 1965 4690 τῷ
1989 4623 2155 4680 αἰῶνι

484 4709 695 4776 τούτῳ,
724 4707 988 4776 γενέσθω
1004 4710 1220 4780 μωρὸς,
1249 4713 1349 4766 ἵνα
1379 4711 1617 4782 γένηται
1639 4715 1851 4783 σοφός.
1878 4711 1972 4784 Μὴ
1993 4716 2058 4784 τῇ
2080 4713 2156 4766 ol-

486 4796 611 4869 κείᾳ
648 4795 830 4868 σοφίᾳ,
876 4798 1031 4869 φησὶ,
1077 4799 1212 4870 μηδέ
1246 4802 1358 4862 τοῖς
1399 4801 1591 4854 ἐαυτοῦ
1635 4801 1977 4872 ἐπιτρεπέτω
2013 4799 2157 4868 λογι-

487 4887 642 4956 σμοῖς
673 4885 722 4948 δ,
756 4884 870 4938 ἀλλ’
899 4885 1138 4949 ἐκείνους
1163 4888 1520 4952 κατευνάσας,
1559 4889 1811 4944 ἐκδιδότω
1840 4889 1940 4961 τὴν
1979 4887 2156 4960 ψυχὴν

484 4975 552 5045 τῇ
580 4973 674 5028 τοῦ
706 4973 1020 5044 Πνεύματος
1051 4974 1385 5047 διδασκαλίᾳ.
1423 4976 1576 5030 Ἐπεὶ
1598 4972 1689 5031 οῦν
1717 4978 1809 5031 καὶ
1835 4975 1986 5049 παρὰ
2023 4977 2155 5030 Ἰου-

486 5059 654 5126 δαίοις
681 5061 910 5116 τοιοῦτοί
932 5079 1075 5126 τινες
1098 5059 1236 5134 ἦσαν
1271 5064 1644 5135 ὑπερορῶντες
1670 5066 1766 5135 μὲν
1797 5065 1906 5118 τῶν
1945 5083 2160 5137 προφη-

487 5148 595 5202 τῶν
621 5149 698 5212 ὠς
725 5149 998 5222 ποιμένων
1028 5151 1121 5204 καὶ
1149 5150 1404 5216 αἰπόλιον,
1434 5150 1744 5221 βουλόμενοι
1767 5151 1824 5206 δὲ
1845 5152 2157 5221 σοφίζεσθαι

488 5237 715 5302 οἴκοθεν,
747 5239 776 5293 ὃ
820 5240 913 5293 καὶ
953 5239 1211 5302 ἀπονοίας
1260 5240 1442 5304 αὐτοῖς
1488 5239 1742 5303 ὑπόθεσις
1794 5241 2020 5309 ἐγίνετο,
2063 5243 2158 5296 καὶ

490 5330 586 5382 τοῦ
620 5334 980 5403 καταφρονεῖν
1008 5331 1117 5385 τῶν
1141 5330 1468 5402 λεγομένων,
1497 5331 1719 5394 εἰκότως
1743 5332 1939 5395 αὐτοὺς
1971 5333 2158 5404 θρηνεῖ

491 5416 685 5486 λέγων’
716 5419 859 5474 Οὺαί
895 5423 949 5473 οί
977 5419 1219 5473 συνετοί
1257 5419 1326 5471 ὲν
1359 5418 1614 5484 ἑαυτοῖς,
1642 5418 1740 5472 καὶ
1768 5419 2022 5473 ἐνώπιον
2052 5423 2158 5474 αὐ-

495 5503 615 5558 τῶν
661 5506 1078 5577 ἐπιστήμονες.
1127 5507 1272 5561 Οὐαί
1311 5509 1363 5562 οὶ
1403 5507 1717 5576 ἰσχύοντες
1748 5506 1934 5576 ὑμῶν,
1973 5507 2160 5561 οἰτόν

489 5589 664 5648 οἶνον
718 5597 1012 5664 πίνοντες,
1057 5597 1155 5652 καὶ
1201 5600 1256 5652 οἰ
1294 5595 1606 5662 δυνάσται,
1651 5600 1704 5652 οί
1742 5597 2058 5666 κιρνῶντες
2094 5600 2158 5655 τὸ

497 5683 728 5750 σίκερα.
759 5685 850 5756 Μὴ
879 5685 1181 5757 θαυμάσῃς,
1209 5687 1258 5739 εἰ
1286 5686 1390 5756 πρὸ
1421 5686 1616 5756 μικροῦ
1646 5687 1882 5740 τοσαῦτα
1903 5689 2042 5743 κατὰ
2072 5689 2161 5758 μέ-

557 5771 584 5801 ·
607 5770 726 5837 Qua}
747 5773 933 5837 uppinisj
952 5773 1248 5837 claudamur
1268 5773 1513 5837 desumiiu
1539 5773 1661 5837 Reg.
1687 5781 1740 5825 et
1771 5774 1916 5826 Savil.
1943 5776 2042 5826 Sed
2073 5776 2157 5825 ha-

493 5829 678 5886 bentur
696 5834 747 5880 in
783 5832 952 5880 ωσι-ει.
978 5835 1095 5882 etin
1123 5835 1352 5884 Βενετίεο
1373 5836 1562 5884 codice.

562 5896 588 5937 ιι
610 5894 732 5959 Heg.
769 5901 822 5943 cl.
851 5895 998 5944 Savil.
1036 5895 1290 5958 ἐπιτρέπων
1314 5897 1571 5958 λογισμοῖς.

2233 408 2332 478 θης
2350 407 2538 467 εἰπὼν,
2567 405 2727 459 πάλιν
2753 404 2844 458 τὸν
2865 402 3024 456 αὑτὸν
3045 396 3485 468 ἐπαναλαμϐάνει
3513 397 3688 463 λόγον.
3729 395 3911 448 Ἐπει-

2232 497 2295 567 δὴ
2322 499 2430 567 γὰρ
2461 493 2693 566 χαλεπὸν
2728 492 2789 545 rb
2813 492 2968 554 ἐλκος
2995 489 3089 542 καὶ
3119 487 3396 540 δύσεικτον
3421 496 3469 548 ο,
3500 483 3585 537 διὰ
3617 482 3776 536 τοῦτο
3811 485 3908 536 καὶ

2233 583 2472 654 συνεχῶς
2505 580 2788 636 ἐπαντλεῖν
2823 579 2950 632 ἔδει.
2985 576 3237 631 Χαλεπὸν
3276 575 3333 627 δὲ
3363 574 3456 628 καὶ
3483 571 3786 634 δύσεικτον,
3827 571 3909 642 τῷ

2234 673 2309 743 μὴ
2353 672 2528 725 δοκεῖν
2568 669 2718 740 παρά
2757 669 2870 730 τοῖς
2907 666 3120 728 πολλοῖς
3157 662 3461 734 ἁμάρτημα
3489 655 3647 725 εἶναι,
3683 661 3915 713 πάντων

2230 757 2642 830 ἁμαρτημάτων
2669 753 3042 826 χαλεπώτερον
3065 753 3142 815 ὂν,
3173 752 3268 805 καὶ
3293 751 3462 822 μυρία
3493 749 3788 820 βλαστάνον
3817 766 3908 801 νο-

2232 849 2474 918 σήματα.
2529 845 2620 898 Διό
2662 859 2845 914 φησιν’
2899 844 2966 895 Ol
3001 840 3110 894 τόν
3151 835 3322 893 οἶνον
3368 839 3667 904 πίνοντες,
3712 838 3816 891 καὶ
3855 840 3913 890 οι

2231 933 2549 997 δυνάσται,
2571 935 2624 986 οί
2645 931 2961 1001 κιρνῶντες
2978 928 3044 982 τὸ
3071 929 3303 997 σίκερα.
3328 925 3558 989 Διπλοῦς
3585 928 3614 978 ό
3639 943 3745 997 κρη
3755 925 3913 996 μνὺς,

2232 1021 2485 1093 τυραννὶς
2509 1020 2697 1092 μέθης,
2732 1020 2825 1073 καὶ
2848 1016 3160 1080 δυναστείας
3183 1014 3479 1086 ὑπερϐολή.
3505 1014 3643 1066 Πᾶσι
3679 1013 3778 1083 μέν
3803 1014 3915 1081 γὰρ

2233 1108 2542 1180 ἀνθρώποις
2565 1106 2826 1178 λογισμοῦ
2857 1105 3032 1177 χρεία,
3067 1104 3300 1176 μάλιστα
3325 1102 3382 1156 δέ
3412 1105 3523 1164 τοῖς
3550 1104 3608 1154 ἐν
3633 1099 3917 1170 ἀξιώμασι

2237 1197 2329 1251 καὶ
2346 1197 2682 1259 δυναστείαις
2713 1189 2882 1258 οὖσιν,
2907 1193 3050 1247 ὥστε
3083 1192 3179 1263 μὴ,
3212 1189 3463 1260 καθάπερ
3493 1189 3745 1242 ἀτάκτων
3777 1188 3917 1240 ὑδά-

2235 1302 2343 1338 των
2381 1284 2528 1355 ῥύμῃ
2553 1284 2680 1349 τινὶ,
2710 1283 2788 1354 τῷ
2806 1285 2904 1352 τῆς
2930 1280 3104 1352 ἀρχῆς
3137 1277 3535 1349 ἐκφερομένους
3567 1275 3718 1344 ὄγκῳ
3750 1293 3922 1328 κατα-

2237 1374 2653 1446 κρημνίζεσθαι.
2696 1376 2762 1427 Οἱ
2796 1373 3166 1437 δικαιοῦντες
3203 1370 3310 1424 τὸν
3340 1367 3532 1437 ἀσεϐῆ
3558 1368 3769 1422 ἕνεκεν
3807 1367 3922 1421 δώ-

2233 1481 2375 1533 ρων,
2406 1463 2504 1516 καί
2532 1463 2595 1517 τὸ
2629 1461 2864 1516 δίκαιον
2891 1460 2997 1514 τοῦ
3030 1459 3262 1513 δικαίου
3281 1460 3554 1526 αἴροντες
3576 1457 3678 1512 ἀπ’
3700 1458 3920 1512 αὐτοῦ.

2238 1549 2470 1604 Διπλοῦν
2513 1550 2574 1603 rb
2625 1549 2875 1619 ἔγκλημα
2914 1546 3075 1602 πάλιν
3096 1546 3156 1599 rb
3192 1547 3283 1600 τὸν
3329 1545 3627 1599 ὑπεύθυνον
3668 1547 3922 1614 ἀφιέναι,

2238 1637 2442 1691 καὶτὸν
2461 1636 2747 1691 ἀνεύθυνον
2773 1633 3174 1697 καταδικάζειν.
3197 1633 3487 1703 Ἐκατέρου
3519 1634 3924 1703 ἁμαρτήματος

2240 1726 2274 1796 ή
2307 1725 2432 1797 ῥίζα
2469 1725 2782 1796 δωροδοκία.
2827 1723 2931 1776 Διά
2971 1720 3145 1776 τοῦτο
3188 1720 3261 1774 ὃν
3287 1722 3509 1788 τρόπον
3548 1720 3922 1787 καυθήσεται

2241 1811 2475 1882 καλάμη
2518 1812 2638 1866 ὑπὸ
2682 1813 2976 1881 ἄνθρακος
3029 1808 3237 1878 πυρός,
3273 1809 3372 1862 καὶ
3426 1809 3926 1878 συτκαυθήσεται

2240 1899 2359 1955 ὑπὸ
2383 1899 2607 1970 φλογὸς
2633 1898 3000 1969 ἁνημμένης.
3032 1897 3107 1950 Τὸ
3131 1897 3229 1967 τῆς
3255 1896 3523 1966 τιμωρίας
3548 1897 3709 1967 ταχὺ.
3736 1896 3801 1950 rb
3830 1896 3928 1949 εὖ·

2242 1988 2396 2042 κολον
2416 1987 2514 2059 τῆς
2541 1985 2815 2050 κολάσεως
2844 1985 3161 2057 παρίστησι,
3185 1981 3274 2037 διὰ
3298 1981 3399 2054 τῆς
3425 1983 3624 2047 εἰκόνος
3651 1983 3754 2053 τὴν
3779 2000 3930 2038 παν-

2241 2075 2380 2129 ωλεθ
2388 2075 2510 2146 ρίαν
2540 2072 2720 2128 αὐτῶν
2753 2073 2951 2144 δηλῶν.
3271 2127 3275 2132 .

2312 2163 2640 2233 η’.”Απαντα
2671 2161 2777 2232 γάρ
2815 2160 2987 2215 ταῦτα
3019 2161 3054 2232 ἡ
3082 2160 3214 2230 φλὸξ
3243 2161 3338 2214 καὶ
3365 2161 3416 2213 ol
3443 2158 3732 2231 ἄνθρακες,
3760 2159 3867 2211 καὶ
3893 2160 3931 2230 ἡ

2243 2248 2488 2318 καλάμη,
2519 2249 2614 2301 καὶ
2649 2247 2718 2301 τά
2743 2248 2866 2318 ἐξῆς
2891 2249 3022 2320 ἡμῖν
3047 2249 3447 2319 παρεδήλωσεν.
3486 2243 3693 2314 Ἠρίζα
3717 2243 3935 2300 αὐτῶν

2243 2339 2325 2404 ὡς
2359 2338 2547 2408 χνοῦς
2569 2339 2760 2403 ἔσται,
2797 2338 2896 2391 καί
2946 2337 3010 2392 τὸ
3051 2337 3233 2403 ἄνθος
3265 2335 3464 2391 αὐτῶν
3498 2336 3578 2402 ὡς
3609 2335 3933 2403 κονιορτὸς

2243 2427 2624 2495 ἀναϐήσεται.
2657 2425 2738 2478 Τὰ
2765 2425 3047 2497 πεπηγότα
3072 2425 3252 2478 καὶτὰ
3275 2423 3466 2494 βέϐαια
3497 2423 3801 2481 ἀπολεῖται,
3834 2425 3933 2476 καὶ

2243 2515 2624 2586 διαχυθήσεται
2655 2512 2724 2567 τά
2755 2513 3002 2584 λαμπρά,
3041 2513 3135 2566 κιιί⁵
3170 2511 3240 2565 τά
3280 2511 3483 2583 φαιδρὰ
3513 2511 3795 2581 οἰχήσεται
3832 2513 3933 2566 καὶ

2244 2601 2652 2674 διαρῤυήσεται.
2695 2603 2779 2656 Οὐ
2820 2600 2932 2669 γὰρ
2969 2595 3282 2667 ἠθέλησαν
3323 2598 3431 2652 τὸν
3477 2598 3663 2666 νόμον
3696 2600 3934 2665 Κιζριόυ

2245 2693 2487 2748 Σαϐαὼθ
2529 2692 2740 2758 ποιεῖν,
2787 2691 2949 2746 ἀλλὰ
2977 2690 3041 2744 τό
3065 2691 3272 2760 λόγιον
3308 2686 3418 2743 τοῦ
3443 2688 3615 2756 ἁγίου
3651 2688 3935 2755 παρώξυ-

2245 2799 2383 2838 ναν.
2442 2781 2634 2850 Λόγιον
2677 2780 2768 2834 τὸν
2818 2779 2979 2847 νόμον
3023 2777 3190 2846 λέγει.
3230 2776 3340 2831 Kal
3383 2777 3649 2845 ἐθυμώθη
3705 2779 3933 2845 Κύριος

2246 2869 2488 2926 Σαϐαὼθ
2516 2867 2660 2939 ὀργῇ
2701 2868 2801 2922 ἐπὶ
2834 2867 2941 2921 τόν
2974 2868 3128 2920 λαόν
3153 2865 3359 2920 αὐτοῦ’
3386 2865 3483 2918 καί
3521 2867 3777 2920 ἐπέϐαλε
3813 2868 3936 2934 τὴν

2247 2957 2414 3026 χεῖρα
2447 2955 2634 3011 αὑτοῦ
2665 2957 2758 3009 ἐπ’
2785 2954 3026 3021 αὐτοὺς,
3055 2952 3153 3011 καί
3188 2953 3488 3018 ἐπάταξεν
3526 2956 3767 3020 αὐτούς.
3809 2954 3932 3029 [62]

2247 3046 2356 3101 Καὶ
2383 3045 2738 3112 παρωξύνθη
2759 3043 2857 3096 ἐπὶ
2881 3043 2952 3095 τὰ
2981 3042 3110 3110 ὅρη,
3132 3041 3230 3095 καί
3247 3042 3482 3111 ἐγένετο
3505 3042 3577 3095 τὰ
3598 3044 3932 3111 θνησιμαῖα

2247 3132 2444 3187 αὐτῶν
2468 3133 2548 3196 ὼς
2567 3131 2781 3200 κοπρία
2809 3131 2877 3183 ἐν
2901 3129 3066 3199 μέσῳ
3090 3128 3254 3183 ὁδοῦ.
3278 3129 3383 3182 Καὶ
3415 3129 3486 3181 ἐν
3516 3127 3661 3183 πᾶσι
3691 3133 3932 3197 τούτοις

2249 3222 2359 3274 οὐκ
2392 3217 2742 3287 ἀπεστράφη
2778 3221 2810 3272 ό
2834 3217 3021 3286 θυμὸς
3061 3215 3268 3277 αὑτοῦ,
3293 3216 3430 3270 ἀλλ’
3455 3216 3544 3269 ἔτι
3586 3218 3624 3285 η
3663 3216 3798 3285 χεὶρ
3831 3222 3933 3272 air-

2251 3309 2356 3362 τοῦ
2388 3307 2620 3376 ὑψηλή.
2668 3305 2928 3360 Ἐνταῦθα
2951 3305 3181 3375 πόλεμον
3212 3303 3239 3343 ά
3269 3305 3560 3357 αἰνίττεται
3583 3305 3848 3376 χαλεπὸν,
3871 3309 3929 3371 ὃς

2249 3398 2370 3451 οὐδέ
2391 3399 2532 3468 ταφῇ
2562 3415 2630 3450 τα
2659 3395 2886 3465 σώματα
2914 3395 3258 3466 συγχωρήσει
3291 3395 3685 3466 παραδοθῆναι,
3709 3399 3813 3467 οὐχ
3846 3401 3929 3452 ἵνα

2249 3485 2447 3538 ἐκεῖνοι
2486 3484 2704 3537 κόλασιν
2729 3483 2911 3546 δῶσιν,
2935 3481 3049 3534 ἀλλ’
3079 3482 3164 3535 ἵνα
3209 3482 3259 3533 οί
3300 3481 3499 3546 ζῶντες
3533 3485 3590 3536 ἐν
3614 3486 3738 3547 ταῖς
3766 3487 3929 3539 ἀλλο·

2249 3571 2429 3641 τρίαις
2457 3572 2760 3641 συμφοραῖς
2791 3571 2891 3640 τῆς
2917 3569 3125 3632 οἰκείας
3158 3568 3572 3638 άποτέμνωνταί
3606 3588 3662 3623 τι
3704 3574 3928 3637 κακίας.

2251 3658 2362 3710 Καὶ
2387 3659 2490 3728 ὅρα
2518 3655 2634 3720 πῶς
2675 3655 3053 3728 χαλεπώτερον
3082 3655 3173 3709 τὸν
3207 3655 3364 3724 λόγον
3393 3657 3669 3727 ἐποίησεν.
3704 3661 3782 3713 Οὐ
3819 3662 3930 3732 γάρ

2252 3743 2425 3808 εἶπεν,
2455 3734 2668 3798 ὃτιόὑκ
2689 3745 2983 3815 ἐτάφησαν,
3018 3744 3132 3797 ἀλλ’
3165 3745 3247 3798 ὅτι
3282 3745 3488 3815 κόπρου
3521 3748 3707 3816 πάσης
3734 3749 3930 3819 ἀτιμό-

2251 3849 2408 3904 τερον
2438 3832 2758 3903 ἐρριμμένοι
2801 3829 2942 3902 ἦσαν
2977 3833 3026 3884 οἰ
3059 3832 3526 3902 τετελευτηκότες,
3576 3833 3606 3886 ὃ
3637 3838 3752 3898 τοῖς
3793 3837 3931 3901 ζῶσι

2253 3921 2682 3992 φρικωδέστερον
2724 3921 2978 3974 ἁπάντων
3020 3915 3158 3973 εἶναι
3196 3919 3363 3986 δοκεῖ,
3401 3920 3496 3974 καὶ
3528 3923 3629 3991 τῆς
3667 3926 3931 3992 τελευτῆς

2253 4009 2424 4080 αὐτῆς
2462 4008 2856 4079 χαλεπώτερον.
2893 4008 3003 4060 Καὶ
3026 4007 3089 4060 rb
3116 4007 3180 4078 δὴ
3213 4010 3415 4077 χεῖρον,
3449 4009 3531 4061 ὅτι
3564 4010 3688 4062 οὒδέ
3720 4013 3932 4065 τούτων

2251 4099 2574 4168 γινομένων,
2591 4097 2777 4169 φησὶν,
2803 4096 3192 4168 ἐπιεικέστεροι
3213 4101 3519 4166 γεγόνασιν,
3533 4099 3670 4152 ἀλλὰ
3697 4104 3814 4163 τοῖς
3836 4103 3938 4154 αὺ-

2251 4189 2364 4249 τοῖς
2415 4185 2782 4256 ἐπιμένουσιν.
2843 4183 2996 4236 Ἐπεὶ
3038 4181 3130 4237 οῦν
3167 4184 3319 4237 οὐδὲν
3365 4185 3605 4255 βελτίους
3654 4189 3933 4256 ἐγένοντο,

2251 4273 2466 4328 ἀπειλεῖ
2500 4273 2660 4326 πάλιν
2691 4273 2872 4336 αὐτοῖς
2900 4272 2997 4343 τὴν
3031 4272 3418 4342 χαλεπωτάτην
3445 4273 3661 4344 ἐκείνην
3687 4275 3938 4348 πληγὴ-δ,

2253 4361 2351 4432 τὴν
2387 4361 2498 4414 τῶν
2534 4360 2842 4431 βαρϐάρων.
2875 4359 2965 4412 Διὸ
2999 4360 3091 4412 καὶ
3133 4359 3330 4427 ἐπάγει
3370 4358 3562 4428 λέγων’
3609 4363 3941 4430 Τοιγαροῦν

2253 4448 2385 4514 ἀρεῖ
2411 4449 2738 4514 σύσσημον
2772 4448 2842 4501 ἑν
2870 4447 2992 4511 τοῖς
3021 4448 3222 4501 ἔθνεσι
3251 4447 3374 4512 τοῖς
3401 4448 3661 4515 μακράν.
3699 4450 3821 4504 ἰνα
3858 4455 3942 4525 μὴ

2252 4535 2351 4604 τῆς
2377 4535 2495 4587 ὁδοῦ
2527 4535 2588 4587 τὸ
2623 4535 2796 4605 μῆκος
2821 4535 2899 4598 εἰς
2933 4534 3204 4606 ῥᾳθυμίαν
3235 4536 3433 4598 αὐτοὺς
3461 4535 3728 4608 ἐμϐάλλῃ,
3763 4543 3945 4608 φησιν

2255 4622 2335 4674 ὃτι
2360 4620 2502 4675 οὕτω
2535 4620 2610 4690 τῷ
2631 4621 2747 4692 Θεῷ
2779 4622 2959 4693 ῥᾴδιον
2985 4623 3209 4690 ἀγαγεῖν
3233 4622 3447 4685 αὐτοὺς,
3483 4622 3558 4686 ὡς
3587 4623 3662 4694 τῷ
3695 4625 3756 4677 τὸ
3802 4627 3944 4680 σύσο

2257 4725 2429 4779 σημον
2457 4709 2685 4779 αἴροντι,
2711 4710 2805 4762 καὶ
2829 4710 2952 4772 τοὺς
2979 4710 3524 4780 παρεσκευασμένους
3554 4714 3648 4764 καὶ
3676 4713 3946 4786 ἑτοίμους

2256 4799 2503 4866 ἐξάγοντι
2539 4797 2674 4868 πρδς
2705 4796 3027 4868 παράταξιν,
3057 4798 3193 4867 ὅπερ
3221 4799 3313 4850 καὶ
3341 4798 3432 4851 ἐπὶ
3450 4798 3558 4850 τῶν
3585 4799 3770 4852 ἵππων
3789 4790 3952 4870 ’τί-ιε-

2254 4903 2345 4939 ται
2371 4884 2478 4938 τῶν
2504 4885 2926 4955 ἀμιλλητηρίων.
2962 4884 3127 4954 Ὁμοῦ
3167 4902 3225 4937 τε
3263 4885 3371 4953 γάρ
3408 4886 3470 4938 rb
3504 4886 3775 4957 σύμϐολον
3834 4892 3949 4959 τῆς

2257 4973 2505 5043 ἀφέσεως
2554 4973 2800 5044 αἴρεται,
2851 4974 3090 5025 κάκεῖνοι
3148 4972 3258 5026 τῶν
3317 4972 3580 5042 βαλϐίδων
3615 4977 3948 5046 ἐκπηδῶσιν

2257 5061 2475 5123 εὐθέως.
2509 5059 2611 5113 Δύο
2637 5060 2812 5112 τοίνυν
2854 5059 3085 5114 ἐνταῦθα
3118 5059 3148 5110 ό
3182 5063 3466 5132 προφήτης
3493 5062 3819 5127 αἰνίττεται,
3857 5068 3949 5121 ὅτι

2257 5152 2350 5203 καὶ
2375 5148 2594 5201 εὔκολον
2617 5148 2814 5210 αὐτοὺς
2839 5147 3029 5210 ἐλθεῖν,
3066 5149 3159 5202 τοῦ
3193 5149 3328 5201 Θεοῦ
3357 5148 3666 5213 καλοῦντος,
3695 5153 3799 5204 καὶ
3831 5156 3953 5206 πᾶ.-

2257 5239 2344 5291 λαι
2383 5237 2448 5291 ἂν
2472 5233 2650 5308 ἦλθον.
2683 5237 2732 5288 εἰ
2766 5236 2839 5306 μὴ
2873 5237 2906 5306 ή
2947 5236 3114 5308 πολλὴ
3141 5239 3388 5306 κατεῖχεν
3426 5237 3622 5300 αὐτοὺς
3652 5241 3956 5308 μακρῶν-

2261 5327 2379 5397 μία.
2409 5322 2540 5377 Εἶτα
2561 5327 2627 5394 τῇ
2655 5322 2977 5395 ἐπεξηγήσει
3008 5322 3225 5376 πλείονα
3256 5325 3355 5393 τὴν
3382 5323 3632 5377 εὐκολίαν
3662 5324 3956 5380 ἐνδείκνυο

2257 5430 2349 5468 ται
2375 5413 2564 5482 λέγων’
2596 5412 2706 5467 Καὶ
2723 5412 2920 5481 συριεῐ
2941 5412 3162 5479 αὐτοὺς
3194 5411 3294 5466 ἀπ’
3317 5412 3506 5479 ἄκρου
3538 5411 3650 5480 τῆς
3679 5410 3820 5481 τῆς.
3847 5418 3956 5489 Μὴ

2322 5588 2346 5616 ⁸
2372 5585 2465 5633 Καὶ
2492 5584 2751 5632 δύσεικτον.
2786 5581 2934 5631 Putat
2984 5582 3191 5630 Alienus
3231 5579 3495 5641 legendum
3529 5591 3643 5641 esse
3685 5580 3951 5630 δυσίατον.

2261 5648 2359 5698 Sed
2384 5648 2627 5694 ὃὺσεικτον
2649 5644 2796 5692 etiam
2825 5644 3048 5703 quadrat,
3089 5650 3143 5692 et
3181 5640 3398 5704 alioﬁuin
3419 5654 3529 5690 cum
3550 5640 3629 5688 bis
3652 5651 3958 5706 N‘pchlur,

2262 5711 2374 5758 hinc
2398 5714 2536 5755 certe
2559 5709 2874 5754 conﬁrmatur
2894 5706 3061 5753 lectio.

2323 5769 2350 5808 ἀ
2373 5767 2428 5818 In
2450 5768 2570 5827 Reg.
2596 5775 2648 5814 ει
2669 5767 2817 5816 Savil.
2844 5767 3050 5826 πόλεμον
3067 5765 3226 5813 deest.
3245 5763 3344 5827 Sgd
3367 5764 3616 5827 ipterprgs
3634 5763 3786 5825 legit.
3815 5765 3954 5817 Ibin-ir

2267 5833 2388 5891 lleg.
2411 5838 2464 5877 eL
2486 5823 2636 5877 Siivil.
2660 5831 2723 5883 ὡς
2755 5828 2865 5875 οῦδὲ
2915 5823 3075 5891 minus
3099 5833 3254 5876 recte.
3296 5823 3350 5874 lu
3374 5823 3550 5876 iisdem
3570 5823 3710 5887 haec;
3744 5827 3842 5889 οὐχ
3864 5829 3960 5876 (ιιι

2273 5888 2443 5942 ἐκεῖνοι
2475 5891 2671 5940 κόλασιν
2705 5891 2868 5952 δῶσιν,
2897 5888 3092 5939 desunt.
