4102 6306
276 336 340 390 65
1553 331 1617 386 ΙΝ
1657 328 1872 385 ΙΞΑΙΑΜ

1975 330 2099 386 ΞΑΡ.
2143 331 2206 391 ν.

275 452 392 506 baut
420 466 433 501 :
466 448 570 517 Qui
596 448 794 513 dicant,
818 447 940 504 Cito
970 449 1375 519 appropinquatt
1398 463 1512 516 qua:
1536 450 1769 519 facturus
1793 460 1867 503 est

272 542 419 602 Deus,
444 554 498 592 ut
527 541 815 595 videamus.
845 540 903 595 ld
929 541 1075 611 quod
1106 550 1159 595 et
1182 541 1318 595 alius
1345 540 1599 610 propheta
1627 541 1706 595 eis
1734 541 1866 595 vitio

270 636 415 688 Vertit
440 633 662 687 dicens:
697 631 790 687 Va:
810 633 1213 687 desiderantibus
1242 632 1371 685 diem
1401 630 1629 685 Domini.
1655 630 1721 685 Et
1742 634 1870 702 quid

267 728 395 781 nobis
423 726 530 779 lucc
562 724 716 780 dies?
746 723 815 778 Et
845 726 955 778 hazc
981 734 1055 780 est
1079 726 1311 790 tenebrat,
1342 742 1445 778 non
1473 724 1596 789 lux,
1626 733 1675 778 et
1700 725 1865 796 caligo

266 836 362 871 non
407 818 599 870 habens
646 815 971 887 splendorem
1008 833 1155 871 suunt
1188 814 1361 887 (Amos
1406 816 1459 871 5.
1492 816 1578 871 18.
1607 814 1737 885 20).
1767 816 1865 870 Et-

262 909 402 964 enim
443 907 522 962 illi
561 921 783 977 quoque
827 907 1088 962 increduli
1124 906 1411 962 dicebant:
1443 906 1665 975 Quando
1691 909 1869 963 veniet

259 1002 373 1053 dies
397 999 655 1069 supplicii
686 1011 743 1054 et
785 997 1046 1054 ultionis?
1082 998 1175 1053 20.
1217 997 1303 1053 Vat
1332 998 1417 1069 qui
1461 999 1638 1052 dicunt
1676 999 1867 1052 malum

257 1096 467 1159 bonum,
498 1103 546 1147 et
575 1094 764 1147 bonum
789 1093 1016 1159 malum;
1042 1092 1131 1163 qui
1152 1102 1343 1162 ponunt
1367 1092 1528 1146 lucem
1553 1092 1798 1159 tenebras,
1820 1101 1868 1147 et

258 1187 490 1240 tenebras
525 1187 731 1251 lucem;
756 1186 841 1254 qui
872 1194 1066 1256 ponunt
1093 1185 1238 1240 dulce
1264 1196 1497 1239 amarum
1517 1226 1532 1249 ,
1561 1194 1607 1239 et
1634 1202 1867 1239 antarum

255 1280 425 1332 dulce.
451 1278 697 1333 Rursum
716 1277 786 1332 de
802 1276 991 1332 iisdem
1011 1277 1265 1349 loquitur.
1290 1277 1551 1345 Quoniam
1580 1278 1867 1348 prophetas

256 1369 610 1425 contumeliis
639 1367 933 1424 onerabant
960 1378 1015 1423 et
1038 1367 1353 1438 deceptores
1377 1369 1639 1423 vocabant
1663 1387 1676 1422 :
1708 1383 1868 1437 pseu-

256 1462 634 1531 dopmphetas
662 1476 794 1516 vero
824 1460 1177 1525 honorabant,
1202 1476 1489 1530 rerumque
1518 1461 1759 1517 ordinem
1785 1462 1867 1516 in-

255 1556 564 1621 vertcbant,
590 1554 744 1624 ipsos
769 1554 996 1609 miseros
1018 1553 1267 1623 praedicat
1293 1554 1365 1609 ob
1388 1563 1692 1623 corruptum
1717 1554 1864 1624 judi-

255 1649 420 1701 cium.
460 1646 559 1701 γε
575 1689 595 1713 ,
628 1646 845 1717 inquit,
869 1648 955 1717 qui
982 1647 1156 1701 dicunt
1180 1649 1372 1700 malum
1395 1645 1583 1701 bonum
1605 1687 1622 1709 ,
1648 1647 1701 1701 id
1739 1656 1820 1702 est
1846 1688 1862 1713 ,

254 1738 841 1810 pseudoprophetiam,
870 1748 918 1792 et
941 1737 1128 1793 bonum
1153 1737 1363 1804 malum,
1393 1736 1757 1808 prOphetiam;
1780 1738 1868 1808 qui

256 1841 450 1899 ponunt
488 1830 665 1885 lucem
702 1830 966 1896 tenebras,
997 1840 1045 1883 et
1081 1829 1304 1883 tenebras
1332 1828 1528 1895 lucem;
1555 1830 1642 1901 qui
1668 1837 1865 1899 ponunt

255 1924 400 1975 dulce
426 1938 681 1975 amarunt
706 1963 724 1989 ,
752 1931 798 1977 et
826 1938 1059 1975 amarunt
1087 1921 1251 1977 dulce.
1277 1919 1502 1977 Etiamsi
1528 1922 1669 1976 enim
1696 1922 1867 1977 mole—

254 2024 335 2067 sta
356 2013 466 2068 sint
492 2013 692 2077 verba,
728 2013 920 2085 inquit,
950 2012 1047 2068 sed
1077 2012 1209 2067 nihil
1232 2011 1439 2067 dulcius
1457 2021 1540 2067 est
1564 2012 1867 2085 prophetis,

254 2106 341 2173 qui
361 2106 661 2160 verborum
687 2104 1212 2160 interminationibus
1236 2119 1413 2159 rerum
1434 2105 1865 2174 experimentum

255 2199 548 2267 depellunt.
584 2200 707 2255 Etsi
734 2198 911 2253 dulcia
936 2197 1044 2254 sint
1066 2197 1230 2252 verba
1256 2196 1862 2267 pseudoprophetarum,

255 2292 342 2344 sed
371 2290 506 2344 nihil
539 2288 655 2344 illis
684 2290 949 2355 amarius,
974 2289 1065 2359 qui
1090 2304 1185 2359 per
1206 2286 1429 2359 gratiam
1458 2288 1741 2344 verborum
1766 2288 1866 2344 mi-

256 2398 344 2438 nas
373 2383 427 2437 in
456 2399 578 2438 rem
612 2391 676 2436 et
701 2396 869 2451 opera
896 2390 1131 2436 vertunt.

321 2480 373 2532 7.
404 2479 483 2533 En
516 2476 816 2548 prephette
842 2476 1175 2545 sapientiam,
1208 2473 1475 2546 quomodo
1498 2474 1714 2530 illorum
1743 2474 1864 2547 opi-

254 2570 463 2624 nionem
491 2571 764 2623 invertat.
800 2566 935 2636 Quia
964 2568 1107 2622 enim
1127 2567 1231 2621 illis
1253 2576 1311 2620 ut
1336 2565 1609 2621 acerbiora
1636 2579 1865 2618 narran-

255 2663 392 2717 tibus
421 2677 533 2715 non
566 2659 975 2724 attendebant;
1012 2659 1094 2713 bis
1129 2672 1284 2713 secus
1311 2668 1369 2711 ut
1404 2654 1699 2711 mitioribus
1724 2654 1866 2709 mul-

256 2766 465 2825 tamque
481 2753 845 2808 dulcedinem
866 2750 1266 2815 exhibentibus,
1287 2749 1439 2814 dixit,
1460 2764 1573 2804 rem
1596 2748 1867 2804 contrario

253 2846 537 2900 scitabere
561 2844 761 2909 modo,
786 2840 1118 2912 multamque
1143 2855 1260 2896 esse
1284 2839 1660 2910 prophetarum
1683 2838 1867 2894 dulce-

255 2936 435 2991 dinem
457 2977 477 3003 ,
508 2935 751 2991 multam
791 2931 1379 3004 pseudOprophetarum
1407 2930 1817 2985 amaritudinem
1848 2946 1863 2984 :

257 3030 334 3084 sic
353 3031 516 3084 etiam
542 3027 615 3083 de
642 3027 771 3083 luce
794 3035 850 3081 et
868 3025 937 3081 de
961 3024 1193 3080 tenebris
1214 3037 1391 3079 sermo
1412 3023 1563 3077 nobis
1590 3021 1867 3077 habendus

258 3130 365 3175 est.
387 3119 521 3174 Nam
548 3120 628 3174 illi
654 3119 727 3174 ad
747 3132 1012 3183 errorem,
1033 3116 1087 3171 hi
1107 3115 1172 3170 ad
1195 3116 1469 3171 veritatem
1496 3114 1827 3169 deducebant
1850 3132 1863 3168 :

258 3222 316 3266 et
344 3212 425 3266 illi
452 3212 673 3283 quidem
699 3210 1025 3282 captivitatis
1052 3208 1261 3279 caligini
1290 3223 1480 3262 manus
1510 3206 1675 3262 ferme
1700 3206 1870 3277 ligan-

252 3316 355 3369 ,ιρι
379 3305 665 3359 tradebant
687 3345 703 3369 ,
739 3305 795 3357 hi
826 3312 1006 3358 autem
1047 3301 1177 3356 nihil
1206 3316 1312 3356 non
1342 3300 1604 3371 agebant,
1635 3314 1692 3355 ut
1720 3300 1770 3352 in
1800 3298 1866 3353 li-

269 3396 505 3452 bet-tatis
529 3396 704 3450 lucem
736 3394 1089 3449 adducerent.
1121 3392 1381 3462 Quoniam
1413 3406 1541 3462 ergo
1571 3389 1868 3461 oppositam

274 3498 335 3542 et
366 3502 476 3541 non
508 3496 919 3541 consentaneum
957 3484 1027 3539 de
1066 3484 1195 3554 ipsis
1220 3483 1536 3537 sententiam
1565 3480 1867 3544 habebant,

278 3580 407 3650 jure
433 3577 558 3633 illos
580 3578 792 3648 corrigit
816 3577 1003 3632 dicens
1034 3592 1051 3631 :
1085 3574 1185 3643 Qui
1210 3584 1401 3645 ponunt
1430 3573 1590 3626 lucem
1622 3570 1868 3635 tenebras,

279 3685 328 3728 et
369 3669 604 3725 tenebras
639 3672 819 3723 lutetn.
855 3667 951 3723 21.
992 3665 1083 3721 ναν
1118 3666 1200 3735 qui
1227 3665 1554 3735 intelligentes
1590 3673 1705 3716 sunt
1734 3659 1872 3731 apud

280 3765 586 3834 semetipsos
605 3804 624 3829 ,
650 3773 698 3816 et
722 3778 895 3815 coram
920 3776 975 3815 se
1009 3760 1237 3814 scientes.
1276 3756 1389 3813 Non
1430 3771 1659 3827 parvum
1688 3764 1742 3809 et
1771 3752 1874 3808 hoc

283 3854 471 3907 vitium
494 3894 511 3918 ,
541 3868 664 3907 eum
691 3851 952 3922 quispiam
972 3865 1033 3905 se
1061 3850 1352 3919 sapientem
1378 3856 1564 3917 putat,
1593 3854 1647 3900 et
1669 3846 1872 3915 cogita-

286 3948 517 4002 tionibus
536 3946 651 4000 suis
674 3945 856 4000 omnia
880 3942 1157 4015 permittit.
1190 3940 1322 3995 Nam
1352 3939 1477 3994 hinc
1506 3937 1634 3993 illud
1662 3937 1870 4003 oritur;

289 4039 536 4092 nimirum
573 4035 721 4106 quod
748 4034 932 4089 dicant
959 4032 1155 4088 malum
1183 4031 1380 4085 bonum
1404 4071 1419 4095 ,
1447 4038 1502 4084 et
1526 4028 1723 4083 bonum
1763 4043 1874 4081 ma.

292 4129 413 4189 lunt.
431 4138 490 4183 et
510 4138 734 4185 caetera.
759 4125 874 4181 Hoc
892 4125 1052 4181 etiam
1074 4123 1267 4178 Paulus
1289 4121 1524 4175 externis
1542 4118 1877 4191 philosophis

293 4222 490 4277 crimini
526 4222 666 4277 dans
694 4220 941 4275 dicebat:
962 4215 1197 4271 Dicentes
1232 4232 1287 4269 se
1311 4215 1559 4284 sapientes
1586 4228 1712 4279 esse,
1738 4212 1878 4264 stulti

296 4316 409 4386 {acti
424 4325 545 4370 sunt
576 4313 758 4383 (Rom.
779 4312 831 4367 l.
846 4310 965 4377 22).
987 4307 1444 4376 Proverbialisque
1469 4318 1649 4359 sermo
1668 4317 1880 4357 rursum

296 4408 365 4463 sic
389 4407 586 4462 habet:
626 4402 745 4457 Vidi
769 4403 1037 4461 hominm,
1056 4399 1140 4468 qui
1162 4398 1257 4452 sibi
1278 4396 1479 4467 sapiens
1503 4394 1761 4448 videbatur
1774 4409 1881 4446 esse

294 4502 417 4571 apud
439 4500 811 4565 semetipsum;
833 4496 1076 4561 majorem
1097 4506 1244 4557 quam
1267 4489 1357 4543 ille
1380 4502 1520 4557 spem
1536 4486 1681 4571 habet
1700 4484 1880 4538 stultus

297 4568 462 4667 (Prov.
480 4591 577 4648 26.
599 4590 714 4660 12).
738 4589 850 4643 Hoc
868 4588 1039 4656 ipsum
1057 4584 1246 4637 iterum
1263 4580 1433 4649 arguit
1455 4568 1649 4632 Paulus
1665 4575 1747 4667 bis
1771 4590 1881 4628 ver-

296 4666 365 4741 bis
384 4704 399 4743 :
422 4684 509 4739 Ne
528 4683 643 4738 sitis
671 4680 944 4751 prudentes
963 4674 1101 4744 apud
1121 4672 1443 4741 vosmetipsos
1467 4666 1743 4741 (Romdﬁ.
1766 4666 1879 4737 16);

296 4794 347 4833 ac
362 4792 569 4833 rursum
593 4773 682 4827 :St'
699 4770 813 4841 quis
828 4771 880 4821 in
900 4769 1038 4821 oobts
1052 4764 1276 4817 videatur
1292 4761 1492 4831 sapiens
1509 4760 1676 4814 essein
1694 4760 1786 4810 hoc
1798 4772 1884 4810 saa-

296 4876 410 4935 calo,
426 4872 616 4927 uultus
630 4866 891 4937 fiat,utsit
907 4858 1201 4927 sapiens“.
1223 4855 1339 4910 Cor.
1363 4852 1549 4921 5.18).
1565 4850 1640 4905 Ne
1656 4849 1885 4919 propriae

299 4965 574 5036 sapientius,
590 4959 790 5031 inquit,
811 4969 987 5024 neque
1003 4947 1411 5021 cogitationibus
1428 4944 1539 4999 suis
1551 4943 1694 5036 lidat,
1713 4941 1805 5036 sed
1824 4940 1886 5036 il-

302 5031 363 5113 las
382 5057 707 5129 reprimens,
735 5049 975 5120 Spiritus
999 5042 1256 5099 doctrina:
1280 5031 1883 5129 animumqtgradatzQuia

302 5152 429 5222 igitur
439 5123 586 5222 apud
605 5146 829 5204 Judmos
848 5139 1072 5213 quidam
1093 5141 1246 5190 erant
1259 5126 1579 5222 hujusmodi,
1598 5123 1885 5195 prophetas

302 5220 809 5315 clespicientesmuasi
828 5243 1079 5305 pastores
1093 5238 1146 5283 et
1158 5220 1797 5315 caprarios,volentesque
1813 5229 1901 5315 sa-

302 5305 479 5406 pientes
495 5339 545 5392 in
566 5305 889 5402 semetipsis
906 5322 1107 5387 videri,
1128 5317 1269 5390 quod
1291 5326 1401 5370 tum
1420 5309 1734 5406 arrogantiae
1757 5305 1886 5406 ipsis

306 5397 479 5483 lamin
502 5440 636 5495 erat,
661 5397 783 5482 tum
805 5428 874 5477 ut
894 5415 1007 5473 sibi
1023 5414 1165 5467 dicta
1185 5410 1607 5466 contemnerent,
1624 5401 1745 5495 jure
1768 5397 1886 5451 illos

304 5526 413 5591 Ιιιεοι
431 5525 605 5581 dicens
665 5518 751 5576 Vae
760 5516 861 5589 qui
876 5506 1226 5577 intelligentes
1240 5511 1355 5557 sunt
1368 5499 1506 5571 apud
1515 5494 1827 5591 semetipsos,
1839 5496 1887 5541 et

290 5624 330 5674 in
344 5585 588 5691 conspectu
613 5632 714 5670 sua
733 5585 997 5667 scientes.
1014 5598 1109 5652 22.
1125 5594 1213 5649 Vw
1233 5593 1316 5663 qui
1338 5595 1489 5691 fortes
1504 5595 1618 5643 sunt
1634 5585 1759 5689 inter
1776 5597 1881 5646 vos,

276 5720 347 5786 qui
364 5679 519 5770 sinunt
541 5714 745 5773 bibunt,
768 5701 868 5772 qui
896 5700 1138 5768 potentes
1156 5694 1289 5753 sunt,
1310 5684 1396 5756 qui
1422 5682 1629 5785 miscent
1652 5679 1882 5786 siceram.

265 5772 330 5867 έκ
347 5810 552 5868 mimis
574 5807 618 5862 εί
632 5816 770 5860 cum
792 5794 985 5871 paulo
1005 5794 1131 5840 ante
1143 5791 1283 5837 tanta
1305 5777 1497 5835 dixerit
1512 5784 1695 5832 contra
1711 5772 1885 5829 ebrie-

1975 458 2160 515 tatem,
2185 466 2367 505 rursus
2387 451 2634 507 eumdem
2660 462 2895 510 resumat
2914 469 3238 515 sermonem.
3260 457 3392 525 Quia
3414 460 3560 514 enim

1970 557 2136 613 grave
2173 543 2323 598 ulcus
2348 552 2464 598 erat
2487 584 2503 610 ,
2536 560 2635 599 nec
2661 546 2883 601 cedebat
2906 588 2921 610 ,
2950 547 3071 602 ideo
3101 550 3225 602 illud
3256 549 3563 620 frequenter

1972 634 2281 706 abstergere
2309 636 2613 705 oportebat.
2653 636 2826 691 Grave
2859 646 2913 691 et
2954 649 3139 693 curata
3184 640 3398 694 difﬁcile
3430 640 3559 694 illud

1972 735 2053 779 est
2072 768 2087 791 ,
2119 740 2241 781 cum
2270 726 2321 780 id
2350 726 2491 797 quod
2516 726 2697 782 multis
2723 728 2933 783 videtur
2961 744 3064 782 non
3095 744 3216 785 esse
3247 738 3517 798 peceatum
3543 772 3559 797 ,

1970 817 2342 886 gravissimum
2383 827 2560 872 tamen
2615 819 2853 873 omnium
2910 830 2992 875 est
3038 833 3315 889 peccatum
3344 864 3361 887 ,
3415 821 3558 891 quod

1971 917 2255 963 sexcentos
2285 908 2559 978 ingencret
2587 908 2823 964 morbos.
2854 909 2980 965 ideo
3004 913 3079 965 ait
3107 929 3122 966 :
3156 910 3253 979 Qui
3284 913 3453 965 viuum
3481 913 3559 964 bi-

1971 1001 2130 1069 bunt,
2160 1012 2208 1057 st
2232 1012 2457 1073 potentes
2481 1044 2495 1068 ,
2522 1003 2608 1074 qui
2636 1004 2842 1058 miscent
2872 1003 3104 1057 siceram.
3139 1003 3339 1073 Duplex
3371 1005 3558 1073 pra-ci-

1970 1093 2193 1165 pitium,
2223 1094 2461 1167 tyrannis
2498 1094 2806 1162 ebrietatis,
2845 1103 2900 1149 et
2938 1095 3187 1163 potentiae
3227 1095 3558 1165 magnitudo.

1970 1185 2229 1241 Omnibus
2256 1185 2452 1256 quippe
2481 1184 2786 1239 hominibus
2822 1184 3102 1240 ratiocinio
3130 1195 3212 1240 est
3237 1200 3370 1258 opus
3391 1225 3410 1253 ,
3440 1203 3558 1240 ma-

1971 1276 2113 1331 xime
2144 1291 2273 1331 vero
2299 1277 2362 1331 iis
2386 1276 2475 1347 qui
2506 1276 2558 1329 in
2584 1275 2841 1346 dignitate
2865 1285 2919 1330 et
2949 1275 2999 1329 in
3030 1275 3263 1346 potentia
3297 1285 3420 1331 sunt
3441 1316 3455 1343 ,
3486 1292 3557 1331 ne

1971 1367 2298 1439 principatus
2321 1379 2551 1434 tumore,
2575 1383 2675 1421 ccu
2702 1367 3068 1422 inundantium
3086 1382 3339 1439 aquarum
3360 1369 3560 1438 impetu

1969 1459 2271 1531 prmcipites
2296 1467 2539 1529 agantur.
2562 1459 2653 1514 25.
2687 1459 2787 1525 Qui
2803 1459 3089 1531 justiﬁcant
3113 1459 3325 1529 impiam
3351 1469 3560 1530 propter

1968 1568 2196 1617 munera,
2226 1560 2274 1606 et
2292 1553 2385 1622 jus
2400 1551 2528 1621 justi
2556 1551 2743 1613 tollunt,
2765 1552 2828 1604 ab
2858 1551 2968 1605 illo.
3002 1550 3205 1620 Duplex
3237 1566 3421 1606 rursus
3449 1552 3557 1605 cri-

1968 1659 2091 1699 men
2119 1644 2276 1699 offert
2297 1686 2312 1709 ,
2335 1643 2477 1715 quod
2515 1659 2665 1699 reum
2691 1643 2958 1699 dimittant
2978 1686 2995 1713 ,
3021 1653 3074 1700 et
3102 1643 3244 1715 quod
3271 1643 3555 1700 innoxium

1968 1734 2348 1790 condemnent.
2394 1733 2684 1804 Utriusque
2728 1735 2932 1805 peccati
2973 1734 3126 1791 radix
3170 1745 3294 1791 sunt
3337 1746 3555 1805 accepta

1967 1843 2211 1883 munera.
2239 1829 2330 1884 24.
2360 1827 2388 1883 1
2396 1829 2489 1883 deo
2513 1828 2937 1901 quemadmodum
2960 1831 3288 1884 succendetur
3312 1830 3502 1900 stipula
3525 1846 3558 1884 a

1967 1922 2185 1977 carbone
2207 1923 2360 1993 ignis,
2388 1933 2435 1978 et
2458 1922 2786 1979 succendetur
2807 1938 2840 1975 a
2864 1923 3075 1993 flamma
3098 1938 3327 1977 accensa.
3355 1922 3559 1980 Celeri-

1971 2024 2131 2070 tatem
2150 2015 2364 2071 ultionis
2378 2025 2432 2071 et
2450 2014 2757 2071 facilitatem
2780 2014 3023 2071 sumendi
3046 2015 3291 2085 supplicii
3317 2014 3553 2083 exhibet,

1968 2117 2264 2163 extremam
2291 2106 2502 2163 illorum
2522 2106 2811 2177 perniciem
2843 2107 3073 2177 imagine
3098 2106 3426 2176 exprimens.

2039 2198 2094 2254 8.
2134 2198 2260 2253 Htec
2285 2198 2480 2269 quippe
2498 2201 2678 2254 omnia
2699 2199 2934 2264 ﬂamma,
2965 2197 3246 2266 carbones,
3276 2199 3467 2270 stipula
3501 2207 3558 2254 et

1967 2306 2088 2362 qua:
2132 2302 2428 2362 sequuntur
2467 2291 2622 2347 nobis
2662 2290 2918 2347 indicant.
2966 2290 3140 2347 Radix
3190 2309 3380 2361 eorum.
3406 2294 3557 2367 quasi

1967 2384 2132 2455 pulvis
2160 2386 2283 2451 erit,
2329 2393 2378 2439 et
2416 2385 2513 2455 ﬂos
2542 2400 2715 2438 eorum
2744 2384 2888 2453 quasi
2931 2384 3097 2454 pulvis
3137 2384 3391 2438 ascendet.
3426 2384 3557 2453 Quin

1969 2474 2073 2531 lixa
2103 2485 2227 2532 sunt
2255 2484 2310 2532 et
2336 2476 2485 2531 ﬁrma
2511 2475 2777 2546 peribunt,
2809 2491 2929 2545 quia
2953 2475 3235 2545 splendida
3279 2476 3559 2532 effunden-

1967 2576 2075 2634 tur,
2103 2586 2223 2641 quas
2250 2570 2372 2626 ltcta
2406 2569 2630 2625 abibunt
2658 2578 2713 2625 et
2752 2568 3017 2625 dililuent.
3061 2569 3184 2623 Non
3224 2572 3355 2625 enim
3384 2573 3558 2625 volue-

1967 2670 2087 2716 runt
2115 2662 2271 2733 legem
2301 2661 2507 2717 Domini
2530 2660 2759 2718 Sabaoth
2789 2665 2976 2733 facere,
3007 2663 3098 2715 sed
3118 2661 3372 2724 eloquium
3398 2666 3558 2719 sancti

1968 2761 2413 2824 exasperaverunt.
2446 2751 2731 2823 Eloquium
2753 2762 2910 2806 vocat
2946 2753 3139 2822 legem.
3166 2752 3255 2807 25.
3295 2751 3363 2807 Et
3399 2754 3559 2806 iratus

1969 2855 2041 2901 est
2059 2849 2232 2918 furore
2252 2843 2502 2898 Dominus
2526 2844 2756 2900 Sabaoth
2783 2843 2834 2899 in
2870 2845 3113 2914 papulunt
3135 2860 3281 2897 suum
3313 2858 3331 2899 :
3352 2854 3397 2897 et
3423 2843 3558 2915 inje-

1969 2941 2035 2994 cit
2062 2956 2268 2994 manunt
2294 2955 2436 2993 suam
2458 2940 2635 3005 ineas,
2666 2949 2713 2992 et
2754 2938 2995 3009 percussit
3015 2954 3115 2992 eos.
3150 2935 3213 2989 Et
3238 2936 3559 2990 exacerbatus

1970 3041 2044 3086 est
2080 3030 2322 3085 adversus
2370 3026 2599 3095 montes,
2645 3040 2693 3085 et
2726 3031 2864 3100 facta
2910 3037 3029 3083 sunt
3082 3028 3349 3081 morticina
3388 3044 3561 3079 eorum

1970 3124 2114 3192 quasi
2136 3134 2329 3176 stercus
2366 3123 2419 3175 in
2446 3121 2609 3175 medio
2650 3122 2763 3175 vita.
2799 3119 2869 3174 Et
2908 3120 2962 3173 in
3002 3119 3231 3174 omnibus
3260 3119 3337 3171 Itis
3363 3133 3462 3170 non
3485 3127 3559 3171 est

1970 3232 2173 3270 aversus
2202 3215 2346 3285 furor
2370 3216 2484 3288 ejus
2516 3229 2535 3268 :
2553 3214 2641 3269 sed
2660 3213 2830 3267 adhuc
2852 3229 3035 3268 manus
3059 3213 3169 3283 ejus
3183 3210 3401 3264 excelsa.
3450 3210 3559 3265 lloc

1972 3310 2091 3365 loco
2133 3310 2329 3365 bellum
2377 3324 2540 3380 grave
2569 3309 2586 3340 ³
2612 3307 2933 3372 subindicat,
2981 3307 3032 3359 in
3076 3322 3182 3375 quo
3225 3320 3292 3359 ne
3337 3318 3561 3372 corpora

1970 3402 2183 3472 quidem
2228 3400 2442 3471 sepeliri
2489 3408 2755 3470 poterunt,
2789 3413 2897 3452 non
2936 3405 2995 3452 ut
3038 3396 3110 3451 illi
3143 3410 3327 3465 pmnas
3359 3395 3487 3448 dent
3514 3395 3560 3461 ⁸,

1971 3493 2067 3549 sed
2095 3501 2148 3547 ut
2171 3493 2258 3564 qui
2286 3493 2466 3547 vivent
2494 3491 2683 3547 alienis
2704 3489 2858 3545 malis
2896 3488 3111 3543 abducti
3140 3487 3338 3557 aliquid
3364 3487 3559 3541 saltent

1972 3586 2041 3641 de
2067 3585 2304 3655 nequitia
2356 3583 2653 3638 succidant.
2695 3584 2773 3635 Ac
2797 3578 2921 3636 vide
2946 3579 3216 3650 quomodo
3238 3578 3561 3631 atrociorem

1974 3678 2267 3734 reddiderit
2296 3673 2757 3731 sermonem.l\'on
2800 3672 2943 3727 enim
2985 3672 3143 3735 dixit,
3173 3687 3277 3724 non
3323 3670 3562 3739 sepultos

1976 3772 2163 3836 fuisse,
2192 3770 2287 3825 sed
2311 3768 2572 3824 cadavera
2599 3764 2914 3835 abjectiora,
2943 3777 3101 3834 quam
3128 3773 3339 3817 stercus
3365 3762 3563 3831 ipsum,

1976 3863 2139 3919 modo
2161 3862 2398 3931 projecta
2438 3874 2559 3913 esse
2586 3876 2602 3914 :
2626 3855 2767 3928 quod
2796 3855 3096 3912 viventibus
3121 3854 3359 3908 omnium
3392 3854 3565 3909 horri-

1980 3956 2297 4011 bilissimum
2345 3967 2465 4007 esse
2520 3951 2762 4018 videtur,
2811 3957 2867 4004 et
2912 3948 3027 4018 ipsa
3075 3955 3247 4001 morte
3297 3946 3565 4001 acerbius.

1978 4048 2132 4115 Quod
2160 4062 2283 4101 vero
2308 4045 2457 4115 pejus
2480 4051 2579 4109 est,
2601 4058 2668 4097 ne
2686 4041 2768 4096 his
2796 4040 3011 4112 quidem
3041 4039 3110 4093 ita
3138 4052 3199 4093 se
3225 4036 3563 4102 habentibus,

1982 4143 2172 4212 inquit,
2201 4139 2587 4194 moderatiores
2617 4135 2744 4191 facti
2768 4142 2923 4199 sunt;
2962 4130 3057 4188 sed
3090 4132 3141 4184 in
3171 4130 3359 4185 iisdem
3393 4128 3564 4198 persi-

1982 4244 2148 4290 stunt.
2177 4234 2308 4302 Quia
2336 4232 2496 4302 igitur
2540 4244 2646 4283 non
2691 4226 2941 4282 meliores
2965 4229 3283 4287 evaserunt,
3332 4220 3569 4273 minatur

1982 4346 2194 4386 rursum
2236 4328 2338 4381 illis
2367 4324 2736 4398 gravissimam
2766 4321 2912 4375 illam
2944 4318 3295 4372 barbarorum
3334 4313 3566 4382 plagam.

1983 4420 2339 4489 Quamobrem
2368 4416 2540 4487 pergit
2561 4414 2746 4469 dicens
2775 4429 2789 4465 :
2819 4409 2911 4465 26.
2939 4406 3109 4479 Igitur
3143 4403 3327 4479 leuabit
3368 4402 3570 4472 signum

1983 4516 2036 4569 in
2061 4511 2345 4567 nationibus
2375 4506 2573 4579 procul.
2615 4503 2694 4558 Ne
2730 4501 2829 4555 via:
2866 4496 3142 4568 longitudo
3184 4496 3236 4547 in
3285 4494 3568 4563 segnitiem

1986 4606 2105 4661 illos
2133 4602 2398 4671 conjiciat,
2428 4597 2500 4651 ait
2518 4598 2587 4650 ita
2614 4593 2770 4648 facile
2798 4605 2954 4662 posse
2970 4590 3132 4643 Deum
3160 4586 3281 4641 illos
3296 4582 3567 4647 inducere,

1986 4710 2046 4755 ut
2076 4698 2228 4753 facile
2260 4703 2341 4749 est
2367 4695 2542 4746 levare
2570 4688 2801 4758 signum,
2832 4692 2885 4739 et
2913 4697 3005 4736 eos
3026 4679 3117 4751 qui
3145 4677 3386 4733 adornati
3414 4691 3569 4745 para-

1990 4794 2131 4862 tique
2159 4798 2283 4844 sunt
2313 4786 2541 4842 educere
2568 4782 2619 4835 in
2648 4781 2843 4840 aciem,
2872 4774 3013 4846 quod
3041 4774 3223 4844 utique
3250 4770 3309 4825 ﬁt
3333 4771 3384 4825 in
3417 4769 3565 4838 cquis

1987 4889 2051 4942 ad
2078 4883 2390 4943 certandum
2419 4874 2714 4932 instructis.
2765 4868 2933 4926 Simul
2981 4869 3122 4921 enim
3168 4874 3328 4932 atque
3358 4863 3570 4930 signum

1987 4973 2290 5035 emissionis
2314 4973 2365 5026 in
2398 4967 2626 5022 sublime
2672 4962 2923 5032 erigitur,
2948 4973 3012 5012 ex
3040 4954 3345 5010 carceribus
3392 4949 3573 5003 confe-

1989 5073 2111 5127 stim
2143 5068 2215 5122 illi
2245 5061 2515 5120 exsiliunt.
2541 5055 2803 5125 Propheta
2834 5052 2992 5121 igitur
3020 5048 3125 5101 duo
3146 5047 3228 5099 hic
3251 5040 3567 5105 subindicat,

1989 5164 2143 5220 facile
2170 5172 2361 5226 nempe
2385 5168 2503 5209 esse
2524 5166 2617 5205 eos
2644 5145 2902 5203 acredcre
2942 5142 3050 5195 Deo
3094 5145 3338 5199 vocante,
3366 5142 3421 5230 et
3464 5132 3573 5230 jam

1990 5256 2117 5311 olim
2146 5262 2398 5306 venturos
2442 5244 2625 5307 fuisse,
2681 5238 2783 5293 nisi
2818 5252 2911 5289 eos
2957 5234 3140 5300 ingens
3183 5228 3275 5281 Dei
3326 5226 3570 5293 patientia

1992 5344 2323 5402 detinuisset.
2356 5334 2556 5391 Deinde
2592 5333 2731 5385 inter
2762 5322 3086 5383 narrandum
3132 5318 3386 5385 majorem
3424 5314 3569 5367 exhi-

1991 5441 2081 5494 bet
2119 5434 2422 5490 facilitatem
2466 5427 2647 5480 diccns
2678 5441 2691 5475 :
2721 5417 2791 5473 Et
2836 5415 3051 5470 sibilavit
3120 5427 3202 5465 eos
3240 5409 3302 5462 ab
3342 5421 3566 5463 extremo

1994 5543 2157 5585 terrae.
2187 5526 2265 5581 Ne
2290 5519 2499 5577 mireris
2526 5528 2702 5572 autent
2731 5510 2799 5566 de
2828 5510 2937 5563 Deo
2975 5507 3277 5575 loquentem
3310 5500 3383 5552 ita
3425 5517 3572 5555 cras-

2056 5644 2074 5676 ¹
2109 5642 2163 5692 In
2188 5649 2302 5703 Reg.
2329 5642 2382 5686 et
2410 5630 2552 5684 Savil.
2586 5629 2785 5691 legitur,
2818 5620 3002 5684 aliquid
3036 5628 3198 5680 grave,
3245 5626 3351 5676 pro,
3404 5609 3573 5662 bellum

1992 5719 2235 5830 arguam,
2257 5775 2347 5813 non
2370 5765 2418 5810 ut
2440 5756 2513 5809 illi
2534 5766 2698 5817 paucas
2725 5754 2853 5811 deut,
2878 5747 3055 5796 desunt
3086 5742 3136 5791 in
3160 5746 3275 5799 ΒΘΗ·
3298 5742 3349 5786 ει
3389 5735 3535 5787 53V“-
