4102 6306
205 298 270 353 ϐτ
1560 311 1629 367 ΙΝ
1669 309 1927 378 ΙΞΔΙΑΜ,
1965 309 2119 370 CAP.
2166 315 2254 371 Vl.
3588 337 3656 394 68

203 413 486 487 θαυμάσῃς
515 413 598 480 δὲ,
641 419 695 471 εί
722 420 860 492 περὶ
891 422 1031 478 Θεοῦ
1063 425 1454 497 διαλεγόμενος,
1483 429 1624 483 οὕτω
1657 429 1896 500 παχυτά-

199 518 322 563 ταις
348 502 620 574 κέχρηται
651 505 867 573 λέξεσι·
902 513 1044 584 πρὸς
1066 515 1176 586 γὰρ
1200 516 1296 586 τὴν
1322 517 1503 570 ἄνοιαν
1528 519 1637 572 τῶν
1667 520 1892 572 ἀκουόν-

196 606 303 640 των
339 593 680 660 σχηματίζει
725 597 799 650 τὰ
836 601 1085 670 ῥήματα,
1124 603 1182 656 ἓν
1229 604 1546 676 βουλόμενος
1588 607 1757 673 δεῖξαι
1805 607 1894 660 διὰ

197 677 429 739 πάντων,
473 679 562 731 ὅτι
608 683 715 734 καὶ
749 685 834 756 τῷ
865 687 986 759 Θεῷ
1023 689 1202 760 ῥᾴδιον
1229 692 1404 758 τοῦτο,
1439 697 1532 747 καὶ
1561 696 1644 748 ὅτι
1678 697 1895 761 πάντως

193 765 627 854 ἀπαντήσονται·
673 770 765 824 διὸ
803 775 899 826 καὶ
932 777 1178 847 ἐπήγαγε
1211 778 1400 848 λέγων·
1438 783 1546 836 Καὶ
1575 783 1704 837 ἰδοὺ
1739 785 1892 854 ταχὺ

193 851 428 918 κούφως
443 854 765 921 ἔρχονται.
779 863 865 914 Οὺ
880 863 1295 927 πεινάσουσιν,
1311 868 1452 921 οὐδὲ
1468 869 1888 936 κοπιὰσουσιν,

190 938 336 1029 οὐδὲ
355 941 774 1006 νυστάξουσι.
801 949 986 1002 Ταῦτα
1004 953 1374 1022 ὑπερϐολικῶς
1390 955 1620 1027 εἴρηται.
1641 957 1765 1022 Πῶς
1781 959 1890 1029 γὰρ

191 1027 321 1095 ἐνῆν
347 1031 488 1097 μήτε
515 1037 745 1104 πεινῇν,
779 1037 918 1107 μήτε
941 1039 1238 1106 καθεύδειν,
1259 1042 1573 1112 ἀνθρώπους
1593 1046 1771 1109 ὄντας,
1795 1027 1888 1100 καὶ

326 1118 512 1206 κοινὴν
548 1119 830 1190 λαχόντας
863 1125 1046 1196 λῆξιν;
1094 1129 1252 1183 Ἀλλὰ
1287 1131 1348 1184 τὸ
1383 1132 1545 1206 τάχος
1592 1135 1690 1206 τῆς
1723 1153 1888 1206 στρα-

192 1204 340 1264 τιᾶς,
371 1203 471 1273 τὴν
519 1207 810 1272 εὐκολίαν,
845 1211 944 1282 τὴν
973 1214 1265 1286 ταχύτητα,
1302 1218 1438 1288 ὅπερ
1481 1203 1650 1290 ἔφθην
1693 1222 1881 1288 εἰπὼν,

192 1289 284 1340 διὰ
317 1292 535 1354 πάντων
567 1297 934 1354 ἐνδείκνυται.
974 1301 1126 1354 Οὐδὲ
1148 1305 1412 1359 λύσουσι
1443 1307 1551 1371 τὰς
1573 1289 1756 1372 ζώνας
1775 1311 1884 1363 αὺ-

195 1377 318 1430 τῶν
365 1379 488 1432 ἀπὸ
532 1380 654 1448 τῆς
700 1385 935 1453 ὀσφύος
983 1388 1208 1452 αὐτῶν,
1253 1392 1394 1445 οὺδὲ
1433 1393 1520 1462 μὴ
1554 1393 1783 1463 ραγῶσι
1827 1400 1884 1452 οί

200 1465 435 1532 ἱμάντες
463 1466 592 1520 τῶν
626 1472 1033 1541 ὑποδημάτων
1065 1477 1277 1531 αὐτῶν.
1317 1473 1426 1532 Ὧν
1455 1481 1526 1534 τὰ
1549 1482 1706 1551 ,βέλη
1741 1484 1882 1548 ὀξέα

198 1553 348 1616 ἐστὶ,
379 1554 476 1607 καί
521 1559 601 1610 τὰ
631 1559 786 1622 τόξα
827 1561 1026 1614 αὐτῶν
1053 1564 1427 1633 ἐντεταμένα.
1456 1572 1519 1622 Οί
1552 1571 1732 1636 πόδες
1763 1571 1881 1626 τῶν

199 1643 398 1693 ἵππων
418 1643 635 1696 αὐτῶν
663 1646 750 1712 ὡς
780 1652 993 1716 στερεὰ
1019 1651 1201 1719 πέτρα
1223 1653 1648 1723 ἐλογίσθησαν,
1670 1661 1723 1713 oi
1747 1677 1880 1728 τρο-

199 1730 291 1797 χοὲ
323 1729 442 1782 τῶν
461 1731 758 1799 ἁρμάτων
774 1735 975 1789 αὐτῶν
999 1739 1081 1804 ὡς
1110 1743 1457 1810 καταιγίδες.
1477 1745 1778 1815 Ὀργιῶσιν
1798 1750 1880 1814 ὡς

201 1817 458 1881 λέοντες,
504 1820 614 1873 καὶ
657 1825 1124 1890 παρεστήκασιν
1171 1829 1249 1895 ὡς
1292 1833 1552 1900 σκύμνοι
1590 1837 1874 1890 λεόντων.

203 1906 304 1957 Καὶ
337 1907 738 1975 ἐπιλήψεται,
759 1911 858 1964 καί
882 1912 1101 1981 ,ϐοήσει
1127 1915 1207 1979 ὡς
1239 1919 1462 1985 θηρίον,
1486 1919 1582 1972 καὶ
1602 1921 1874 1975 ἐκϐαλεῖο

206 1996 299 2048 καὶ
318 1997 423 2049 οὐκ
451 1997 640 2051 ἐστιν
673 2001 710 2052 ό
739 2001 1038 2069 ῥυόμενος
1066 2005 1303 2070 αὐτούς.
1339 2007 1445 2060 Καὶ
1474 2009 1768 2074 ,βοήσεται
1799 2011 1874 2064 δι’

206 2085 412 2150 αὐτοὺς
442 2085 523 2152 τῇ
551 2085 754 2155 ἡμέρᾳ
788 2090 1013 2158 ἐκείνη,
1037 2091 1116 2157 ὡς
1137 2093 1301 2162 φωνὴ
1330 2096 1649 2165 θαλάσσης
1674 2117 1876 2168 κυμαι-

203 2172 436 2237 νούσης.
467 2177 589 2227 Καὶ
622 2175 1037 2244 ἐμϐλέψονται
1063 2183 1150 2247 είς
1180 2181 1285 2234 τὸν
1312 2184 1570 2252 οὐρανὸν
1605 2187 1745 2251 ἀνω,
1776 2187 1874 2242 καὶ

203 2264 284 2325 εἷς
305 2263 415 2326 τὴν
441 2261 570 2330 γῆν
599 2263 770 2317 κάτω
789 2284 803 2296 ·
842 2266 940 2319 καὶ
978 2267 1105 2322 ἰδοὺ
1147 2269 1365 2337 σκότος
1398 2275 1691 2342 σκληρὸν.
1727 2277 1874 2328 σκό-

201 2364 292 2410 τος
331 2349 399 2402 ἐν
424 2349 504 2417 τῇ
539 2351 782 2419 ἀπορίᾳ
809 2352 1032 2410 αὐτῶν.
1075 2354 1173 2408 Διὰ
1202 2357 1418 2412 πάντων
1462 2361 1553 2412 τὸν
1591 2361 1745 2430 λόγον
1781 2363 1870 2426 ἐξ·

197 2438 445 2505 ὡγκωσε,-
465 2440 566 2492 καὶ
594 2439 696 2492 τὸν
714 2441 886 2508 φόϐον
911 2443 1109 2513 ἐπῆρε,
1135 2445 1271 2500 κατά
1297 2448 1490 2519 μικρὸν
1517 2448 1723 2503 ἕκαστα
1743 2463 1767 2490 ει
1792 2451 1871 2504 δι-

193 2527 500 2596 ηγούμενος.
523 2529 602 2580 τὰ
637 2528 779 2598 περὶ
813 2529 912 2600 τῆς
941 2529 1183 2602 γνώμης,
1199 2533 1266 2586 τὰ
1299 2536 1546 2608 περὶτῆς
1575 2537 1776 2607 ἰσχύος,
1802 2538 1870 2592 τὰ

191 2617 309 2684 mp‘:
339 2616 444 2669 τῶν
472 2617 691 2678 ὃπλων,
731 2615 852 2688 [65]
874 2619 944 2671 τὰ
969 2620 1096 2691 περὶ
1126 2621 1230 2674 τῶν
1259 2622 1458 2687 ἵππων,
1493 2624 1561 2676 τὰ
1596 2626 1724 2696 περὶ
1759 2625 1870 2678 τῶν

190 2705 461 2772 ἁρμάτων,
495 2705 649 2758 ὥστε
681 2705 766 2776 τῷ
796 2706 994 2778 πλήθει
1022 2708 1133 2760 τῶν
1156 2709 1461 2779 λεγομένων
1488 2712 1685 2784 πολλὴν
1706 2715 1867 2784 ποιῆ-

192 2808 274 2844 σαι
312 2793 408 2862 τὴν
439 2793 698 2860 ἀγωνίαν
719 2836 733 2858 ,
767 2796 866 2847 καὶ
896 2797 962 2865 τῇ
1002 2797 1267 2867 σαφηνείᾳ
1298 2798 1405 2850 τῶν
1452 2800 1672 2853 εἰκόνων
1701 2801 1868 2869 ἐγγὺς

191 2880 253 2930 τὰ
288 2883 587 2950 πράγματα
625 2882 824 2943 αὐτοῖς
856 2882 1080 2950 ἀγαγεῖν
1099 2885 1149 2936 ιι.
1185 2885 1276 2938 Διὸ
1304 2887 1398 2940 καὶ
1432 2886 1640 2940 λέουσιν
1671 2889 1868 2954 αὐτοὺς

191 2970 538 3039 παραϐάλλει,
571 2971 675 3022 καὶ
697 2970 826 3023 οὐδὲ
857 2971 1088 3024 ἐνταῦθα
1121 2972 1248 3044 ἔστη
1281 2973 1376 3027 τοῦ
1404 2976 1864 3046 παραδείγματος,

191 3057 316 3108 ἀλλὰ
345 3057 438 3110 καῖ
477 3059 668 3129 φωνὴν
698 3058 1032 3112 ἀναπλάττει
1071 3060 1162 3114 καὶ
1188 3061 1360 3133 ὁρμὴν
1384 3063 1479 3116 τοῦ
1515 3063 1737 3134 θηρίου,
1773 3065 1867 3120 καὶ

190 3146 431 3214 ἐπιμένει
455 3149 520 3215 τῇ
557 3149 872 3219 μεταφορᾷ,
915 3149 1009 3200 καὶ
1038 3149 1236 3219 πολλὴν
1260 3153 1490 3204 ποιεῖται
1518 3151 1614 3224 τὴν
1633 3155 1862 3224 τροπήν.

193 3235 296 3287 Καὶ
337 3234 588 3288 ἐντεῦθεν
639 3236 734 3288 ἐπὶ
785 3236 1058 3291 θάλατταν
1091 3237 1274 3306 ἐξάγει
1318 3240 1408 3293 τὸν
1443 3239 1618 3309 λόγον,
1669 3242 1861 3312 λέγων,

191 3323 268 3373 ὅτι
296 3322 554 3385 τοσοῦτος
596 3323 747 3376 ἔσται
798 3326 828 3376 ὁ
873 3324 1122 3395 θόρυδοςν
1155 3326 1389 3396 τοσαύτη
1418 3329 1450 3398 ἡ
1483 3331 1717 3401 ταραχὴν
1763 3332 1862 3403 δση

193 3409 256 3463 ἂν
299 3411 516 3477 γένοιτο
545 3412 874 3483 μαινομένης
901 3413 1178 3484 θαλάσσης
1207 3415 1300 3468 καὶ
1326 3415 1542 3485 κύματα
1571 3418 1864 3490 διεγειρού-

200 3515 330 3566 σης·
365 3500 462 3550 καὶ
493 3499 664 3551 πάντα
708 3503 845 3552 κινεῖ
884 3499 1109 3571 τρόπον,
1155 3501 1332 3569 αὔξων
1375 3504 1464 3557 τὸν
1495 3506 1677 3574 φόϐον,
1721 3506 1861 3560 ὥστε

205 3587 274 3656 μὴ
317 3586 576 3654 δεηθῆναι
627 3588 816 3651 αὐτοὺς
851 3589 952 3659 τῆς
983 3589 1071 3643 διὰ
1101 3590 1209 3642 τῶν
1259 3593 1599 3662 πραγμάτων
1646 3595 1858 3666 πείρας.

205 3674 308 3726 Καὶ
355 3675 418 3727 τὸ
465 3674 530 3745 δὴ
577 3675 980 3749 χαλεπώτερον,
1021 3679 1100 3731 ὅτι
1146 3679 1264 3732 οὐδὲ
1307 3681 1334 3733 6
1382 3683 1860 3754 παραστησόμενος

207 3760 368 3825 ἐσται,
404 3763 591 3831 φησὶν,
622 3765 720 3816 οὐκ
749 3765 857 3817 ἀπὸ
879 3769 980 3836 τῆς
1018 3769 1142 3837 γῆς,
1175 3769 1273 3820 οὐκ
1314 3768 1420 3820 ἀπὸ
1448 3768 1555 3821 τῶν
1580 3770 1856 3840 οὐρανῶν·

212 3849 310 3902 ἀλλ’
345 3851 540 3919 ἔρημοι
572 3852 664 3904 καὶ
699 3853 793 3921 τῆς
820 3853 1026 3906 ἀνωθεν
1058 3855 1402 3925 συμμαχίας,
1443 3857 1658 3928 καὶτῆς
1685 3858 1860 3911 κάτω-

218 3940 290 3994 θεν
333 3939 582 4010 βοηθείας
605 3983 621 4006 ,
661 3943 1045 4013 ἐκδοθὴσονται
1094 3947 1205 4006 τοῖς
1238 3945 1530 4014 πολεμίοις.
1580 3947 1774 4012 Σκότος
1800 3949 1858 4002 δὲ

222 4027 422 4080 ἐνταῦθά
444 4047 575 4100 φησι
613 4030 674 4083 τὸ
713 4031 823 4083 ἀπὸ
852 4031 950 4102 τῆς
977 4033 1259 4100 συμφορᾶς
1281 4033 1460 4095 αὐτοῖς
1489 4033 1854 4103 ἐγγινόμενον,

225 4116 301 4184 ιῦχ
325 4119 393 4179 ὡς
417 4117 515 4185 τῆς
545 4120 766 4181 ἀκτῖνος
805 4118 1203 4189 ἀφανιζομένης
1221 4159 1236 4182 ,
1284 4120 1416 4174 ἀλλὰ
1438 4120 1536 4190 τῆς
1567 4122 1856 4187 διαθέσεως

229 4203 312 4252 τῶν
339 4206 646 4274 πασχόντων
681 4207 740 4256 ἐν
768 4206 907 4278 μέσῃ
935 4207 999 4275 τῇ
1036 4205 1351 4278 μεσημϐρίᾳ
1381 4208 1500 4260 ἀντὶ
1528 4209 1703 4276 φωτὸς
1728 4211 1855 4262 σκό-

235 4306 300 4352 τος
335 4290 602 4360 ὁρώντων·
658 4293 798 4363 ὅπερ
839 4295 950 4355 τοῖς
991 4293 1345 4364 ὀδυνωμένοις
1389 4297 1482 4348 καὶ
1514 4295 1856 4367 ’θλιϐομένοις

239 4378 504 4443 παθαίνειν
543 4381 726 4433 εἴωθε.
765 4382 874 4433 Καὶ
897 4381 984 4433 ἵνα
1014 4382 1227 4454 μάθῃς,
1273 4384 1354 4436 ὅτι
1401 4385 1461 4436 οὐ
1499 4385 1599 4454 τῆς
1642 4385 1856 4453 φύσεως

238 4466 303 4515 τώ
330 4468 475 4536 ἀέρος
511 4468 574 4518 τὸ
621 4467 819 4530 σκότος
858 4463 946 4539 ἦν,
977 4468 1113 4521 ἀλλὰ
1149 4469 1247 4538 τῆς
1284 4471 1505 4524 ἐκείνων
1542 4473 1851 4541 διαθέσεως,

241 4553 429 4622 ἐτητπγε
447 4571 462 4584 ·
493 4556 782 4623 Σκληρὸν
803 4556 1020 4622 σκότος
1038 4556 1112 4609 ἐν
1131 4555 1205 4626 τῇ
1224 4558 1438 4626 ἀπορίᾳ
1460 4558 1676 4615 αὐτῶν.

825 4710 1074 4766 ΚΕΦΑΛ.
1115 4711 1205 4777 (τ’.

241 4806 318 4864 Kal
354 4814 580 4884 ἐγένετο
621 4815 737 4870 τοῦ
792 4815 1116 4949 ἐνιὲυτοῖὗη
1137 4814 1210 4874 οὗ
1253 4818 1550 4876 ἀπέθανεν
1590 4821 1769 4888 Ὀζῗιις
1821 4825 1856 4877 ὁ

907 4900 1005 4939 ασι
1051 4905 1178 4949 ευς.

907 4900 1178 4953 ασιλεῠς.

288 5007 337 5057 α’.
348 5008 401 5060 Τί
419 5009 621 5078 δήποτε
637 5010 770 5070 τοὺς
788 5008 886 5078 μὲν
902 5010 1092 5073 ἄλλους
1117 5010 1337 5081 χρόνους
1357 5011 1464 5065 ἀπὸ
1477 5013 1574 5082 τῆς
1591 5013 1732 5082 ζωῆς
1747 5015 1853 5068 τῶν

238 5089 462 5156 ﬁniam,
485 5096 686 5149 τοῦτον
725 5095 783 5148 δὲ
812 5096 918 5148 ἀπὸ
943 5097 1042 5167 τῆς
1065 5098 1320 5169 τελευτῆς
1342 5103 1736 5171 χαρακτηρίζει
1759 5103 1853 5155 νῦν

237 5179 554 5252 ἐπροφήτηςς
585 5184 664 5237 Οὐ
713 5184 824 5253 γὰρ
866 5179 1041 5250 εἶπεν,
1085 5185 1328 5253 Ἐγένετο
1355 5191 1413 5240 ἐν
1460 5192 1578 5252 ταῖς
1618 5191 1851 5259 ἡμέραις

245 5265 399 5330 Ὑπίου,
446 5272 596 5335 οὐδὲ,
639 5271 730 5322 Ἑν
785 5274 849 5342 τῇ
895 5272 1143 5343 βασιλείᾳ
1180 5274 1389 5341 Ὀζίουη,
1427 5275 1573 5341 ἀλλ’,
1612 5277 1853 5345 Ἐγένετο

234 5353 348 5408 him
378 5358 632 5413 ἀπέθανε.
675 5359 741 5411 Τί
778 5358 975 5428 δήποτε
1010 5361 1067 5412 ἐν
1099 5359 1272 5430 τούτῳ
1306 5365 1477 5426 ποιεί;
1507 5364 1616 5433 Οὐχ
1641 5365 1848 5429 ἁπλῶς,

230 5441 317 5494 σξίὲ
347 5443 413 5506 ὡς
453 5447 666 5515 ἔτυχεν,
703 5445 842 5498 ἀλλά
864 5463 917 5498 τι
950 5447 1260 5516 ἀπόρρητον
1289 5449 1416 5518 ἡμῖν
1440 5449 1750 5503 αίνίττεται.
1789 5451 1852 5503 Τί

225 5527 418 5586 ἂωῦτό
440 5537 624 5601 ἐστιν;
672 5535 857 5600 Ὀζίας
903 5531 1059 5598 οὗτος
1102 5539 1168 5606 τῇ
1203 5535 1308 5588 τῶν
1357 5540 1730 5608 γεγενημένων
1770 5542 1854 5592 εὖ·

227 5622 392 5692 τριετίᾳ
431 5625 664 5695 μεθύων,
712 5625 809 5679 καὶ
859 5625 968 5678 ὑπὸ
1009 5626 1111 5696 τῆς
1162 5625 1456 5695 εὐημερίας
1500 5627 1848 5699 ὀγκούμενος,

269 5761 290 5825 _'
312 5761 422 5825 39g.
447 5765 654 5825 ἑκάστῳ.

266 5815 662 5894 ιςιενιιοτριηὲι
709 5827 832 5893 Reg.
879 5829 1036 5882 Savil.
1073 5828 1244 5894 ἀγάγῃ.
1286 5829 1384 5881 Sed
1431 5830 1589 5884 minus
1615 5838 1771 5893 recte,
1796 5837 1848 5885 ul

226 5891 338 5935 etiam
360 5896 518 5940 monet
541 5891 769 5941 Alienus.

2003 427 2188 526 μείζον
2217 431 2330 526 τῆς.
2359 434 2516 526 ἀ-είας
2561 439 2848 511 ἐφρόνησε.
2898 441 3006 496 Καὶ
3051 444 3236 518 ἐπειδὴ
3273 446 3523 518 βασιλεὺς
3563 447 3653 526 ἦν,
3702 489 3705 493 -

1999 515 2248 609 ἐνόμισεν
2272 522 2419 594 αὐτῷ
2451 527 2744 597 προσήκειν
2793 530 3061 600 ἱερᾶσθαι,
3105 536 3199 588 καὶ
3224 515 3548 608 ’ἐπεπήδησε
3577 515 3656 609 τῷ

2002 604 2135 697 ναῶ,
2153 609 2244 661 καὶ
2267 609 2347 672 είς
2375 611 2443 697 τὰ
2461 611 2626 681 ’Ἅγια
2651 614 2757 666 τῶν
2785 617 2957 684 ἁγίων
2974 621 3207 690 είσῆλθε,
3232 623 3326 676 καὶ
3347 604 3438 678 τοῦ
3464 604 3652 697 ίερέως

1995 690 2292 781 κωλύοντος
2319 696 2410 749 καὶ
2437 697 2870 770 ἀπαγορεύοντος
2911 705 3062 775 αὐτῷ
3088 708 3188 778 τὴν
3221 709 3399 764 ἐκεῖσε
3426 690 3648 781 εἴσοδον,

1993 777 2096 830 οὐκ
2117 780 2395 872 ηνέσχετο,
2427 785 2540 838 ἀλλ’
2563 788 2803 858 ἐνέμεινε
2828 794 2894 862 τῇ
2925 793 3109 864 μανίᾳ,
3132 777 3310 864 ὀλίγον
3341 797 3435 852 τοῦ
3463 777 3649 872 ἱερέως

1992 866 2314 956 ποιούμενος
2336 871 2510 940 λόγον.
2540 872 2754 947 Ταύτης
2802 878 2985 932 ἕνεκεν
3017 881 3116 951 τῆς
3146 866 3526 956 ἀναισχυντίας
3553 866 3649 944 ἐπζ

1990 953 2200 1048 αφῆκεν
2237 958 2386 1028 αὐτῷ
2413 959 2614 1032 λέπραν
2639 965 2668 1016 6
2689 964 2820 1028 Θεὸς
2846 967 2988 1020 κατὰ
3023 969 3116 1022 τοῦ
3147 953 3416 1039 μετώπου.
3444 977 3646 1048 Βουλη-

1990 1041 2101 1134 θεὶς
2125 1044 2233 1116 γὰρ
2274 1045 2492 1102 πλείονα
2521 1051 2622 1118 τῆς
2650 1050 2815 1122 οὔσης
2839 1054 3004 1125 τιμὴν
3045 1055 3247 1120 λαϐεῖν,
3285 1064 3377 1114 καὶ
3405 1058 3474 1133 ἦς
3501 1041 3647 1134 εἶχεν

1988 1127 2260 1219 ἐξέπεσεν.
2294 1135 2366 1186 Ού
2396 1136 2502 1207 γὰρ
2533 1136 2595 1208 δὴ
2627 1139 2788 1207 μόνον
2836 1141 3133 1214 ἱερωσύνην
3179 1147 3240 1198 ού
3287 1127 3642 1219 προσέλαϐεν,

1986 1216 2122 1303 ἀλλὰ.
2169 1220 2260 1272 καὶ
2289 1223 2576 1292 γενόμενος
2616 1225 2942 1297 ἀκάθαρτος,
2973 1230 3081 1283 τῶν
3111 1216 3394 1299 βασιλείων
3426 1216 3646 1303 ἐξεϐἀλέ

1983 1301 2139 1391 λετο,
2171 1306 2268 1359 καὶ⁵
2293 1307 2384 1359 τὸν
2421 1307 2633 1364 ἅπαντα
2664 1312 2851 1382 χρόνον
2880 1315 2939 1366 ἐν
2965 1314 3098 1386 οἴκῳ
3124 1317 3230 1369 τινὶ
3262 1301 3643 1391 κεκρυμμένος

1985 1390 2241 1460 κατῴκει,
2286 1394 2386 1464 τὴν
2431 1398 2690 1469 αἰσχύνην
2721 1401 2782 1452 οὐ
2823 1401 3025 1471 φέρων.
3063 1405 3172 1456 Καὶ
3215 1407 3244 1458 6
3285 1406 3410 1471 λαὸς
3432 1390 3491 1462 δέ
3520 1427 3643 1464 συν-

1982 1479 2294 1549 απήλαυσεν
2319 1483 2462 1546 ἅπας
2494 1485 2591 1554 τῆς
2635 1487 2888 1558 τοιαύτης
2913 1489 3099 1560 ὀργῆς,
3127 1492 3207 1544 ὅτι
3236 1495 3362 1557 τοὺς
3389 1495 3480 1547 τοῦ
3505 1497 3640 1550 Θεοῦ

1982 1565 2176 1653 νόμους
2215 1571 2503 1638 περιεῖδον,
2541 1573 2632 1653 καὶ
2677 1574 2776 1642 τὴν
2823 1577 3117 1649 ἱερωσύνην
3151 1579 3508 1653 ὑϐριζομένην
3539 1585 3640 1638 οὐκ

1982 1647 2317 1721 ἐξεδίκησαν.
2352 1655 2474 1718 Πῶς
2517 1651 2609 1710 οὖν
2648 1661 3024 1730 συναπήλαυσε
3057 1647 3156 1732 τῆς
3182 1647 3382 1736 ὀργῆςς
3413 1647 3502 1737 Τῶ
3541 1669 3640 1739 τὴν

1981 1740 2312 1822 προφητείαν
2355 1742 2746 1813 ἀνασταλῆναι·
2812 1747 3159 1818 ὀργιζόμενος
3213 1751 3320 1822 γὰρ
3373 1755 3552 1818 αὐτοῖς
3609 1757 3639 1808 6

1980 1819 2111 1883 Θεὸς
2128 1823 2262 1908 ,περὶ
2286 1824 2496 1908 οὐδενὸς
2523 1825 2637 1898 [64]
2661 1828 2811 1881 οὐδὲν
2844 1830 3194 1903 ἀπεκρίνατο.
3230 1819 3366 1888 Ἀλλ’
3391 1838 3452 1889 ού
3477 1838 3638 1908 μέχρι

1980 1907 2182 1992 παντὸς
2219 1907 2376 1962 τοῦτο
2417 1912 2690 1982 ἐποίησεν.
2734 1914 2870 1969 ἀλλὰ
2897 1917 2976 1987 τῷ
3010 1920 3193 1990 μέτρῳ
3228 1921 3324 1990 τῆς
3362 1921 3508 1992 ζωῆς
3540 1907 3636 1978 τοῦ

1980 1989 2242 2060 βασιλέως
2274 1997 2366 2048 καὶ
2398 1997 2595 2069 μέτρον
2619 1999 2719 2068 τῆς
2739 2003 3009 2074 τιμωρίας
3039 1989 3256 2076 ὥρισεν.
3283 1989 3473 2078 Ὅμοῦ
3503 2011 3637 2078 γοῦν

1977 2079 2184 2132 ἐκείνου
2211 2084 2606 2148 καταλύσαντος
2635 2089 2734 2157 τὴν
2758 2089 2925 2159 ζωὴν,
2962 2092 3054 2144 καὶ
3090 2093 3121 2145 6
3158 2093 3290 2156 Θεὸς
3333 2097 3432 2166 τὴν
3468 2097 3638 2169 ὀργὴν

1974 2185 2262 2246 κατέλυσε,
2294 2185 2385 2238 καὶ
2419 2187 2522 2248 τὰς
2553 2185 2722 2255 θύρας
2744 2190 2906 2241 πάλιν
2924 2189 3024 2257 τῆς
3049 2192 3380 2260 προφητείας
3403 2194 3631 2262 ἀνέῳξε.

1973 2267 2145 2322 Τοῦτο
2196 2268 2327 2335 γοῦν
2367 2269 2740 2339 αἰνιττόμενος
2778 2273 2807 2324 6
2837 2274 3122 2343 προφήτης
3155 2273 3460 2346 ἀνέμνησεν
3486 2277 3632 2347 ἡμᾶς

1969 2353 2064 2406 τοῦ
2092 2351 2283 2422 καιροῦ
2314 2353 2412 2422 τῆς
2442 2352 2700 2423 τελευτῆς
2733 2354 2828 2406 τοῦ
2863 2354 3148 2424 βασιλέως.

2039 2438 2239 2506 Διόπερ
2255 2436 2428 2501 οὕτως
2449 2437 2676 2508 ἄρχεται
2695 2439 2792 2508 τῆς
2806 2441 3171 2508 προφητείας,
3194 2440 3389 2508 λέγων·
3410 2443 3632 2512 Ἐγένε-

1968 2535 2035 2571 το
2051 2519 2156 2573 τοῦ
2193 2519 2388 2585 ἔτους,
2419 2517 2490 2576 οὗ
2527 2521 2826 2576 ἀπέθανεν
2855 2522 3036 2589 Ὀζίας
3059 2528 3092 2578 ό
3107 2526 3407 2592 ,ϐασιλεὺς
3427 2569 3442 2592 ,
3465 2524 3631 2582 εἶδον

1967 2603 2072 2654 τὸν
2089 2605 2310 2669 Κύριον
2327 2604 2692 2673 καθήμενον.
2709 2605 2899 2659 Καίτοι
2921 2623 2984 2675 γε
3003 2607 3030 2658 6
3043 2608 3276 2677 Χριστός
3297 2626 3450 2679 φησι·
3481 2611 3628 2664 Θεὸν

1967 2683 2164 2750 οὐδεὶς
2199 2685 2417 2752 ἑώρακε
2456 2686 2712 2742 πώποτε.
2729 2688 2792 2740 '0
2822 2689 3160 2757 μονογενὴς
3185 2690 3338 2757 Υἱὸς,
3360 2696 3392 2746 ό
3423 2694 3507 2745 ὢν
3534 2697 3622 2760 εἰς

1968 2770 2072 2821 τὸν
2086 2773 2316 2824 κόλπον
2340 2773 2446 2826 τοῦ
2465 2775 2690 2840 Πατρὸς
2709 2815 2723 2838 ,
2745 2774 2973 2840 ἐκεῖνος
2992 2774 3351 2844 ἐξηγήσατο.
3384 2779 3494 2832 Καὶ
3525 2782 3628 2834 πά-

1967 2858 2050 2910 λιν
2066 2874 2079 2888 ·
2107 2862 2228 2927 Οὐχ
2250 2860 2338 2914 ὅτι
2357 2861 2464 2914 τὸν
2479 2863 2711 2931 Πατέρα
2732 2881 2821 2930 τις
2840 2864 3118 2931 ἑώρακεν,
3132 2868 3183 2918 εί
3197 2864 3282 2934 μὴ
3308 2870 3338 2920 ό
3359 2865 3446 2918 ὢν
3469 2869 3627 2934 παρὰ

1966 2944 2073 2997 τοῦ
2122 2946 2269 3000 Θεοῦ
2300 2962 2314 2974 ·
2345 2943 2524 3014 οὗτος
2545 2948 2765 3016 ἑώρακε
2795 2951 2900 3002 τὸν
2933 2950 3183 3020 Πατέρα.
3218 2953 3326 3007 Καὶ
3350 2953 3486 3024 πρὸς
3533 2955 3625 3006 τὸν

1966 3031 2206 3087 Μωῢσέα
2260 3035 2419 3098 αὑτός
2477 3052 2673 3106 φησιν·
2717 3036 2922 3103 Οὐδείς
2957 3038 3167 3107 ὄψεται
3194 3041 3257 3092 τὸ
3297 3042 3623 3109 πρόσωπόν

1963 3139 2084 3190 μου
2127 3121 2226 3173 καὶ
2277 3119 2534 3187 ζήσεται.
2567 3121 2692 3186 Πῶς
2717 3120 2809 3176 οὖν
2838 3120 2989 3188 οὗτος
3008 3143 3170 3196 φησιν
3200 3128 3497 3198 ἑωρακέναι
3534 3129 3624 3181 τόν

1966 3207 2169 3279 Κύριον
2188 3225 2202 3273 ;
2229 3204 2407 3262 Εἶδον
2423 3211 2553 3280 γὰρ,
2572 3211 2726 3280 φησὶ,
2748 3212 2853 3266 τὸν
2864 3214 3082 3280 Κύριον
3100 3229 3115 3245 ο
3137 3215 3237 3268 οὐκ
3268 3215 3485 3269 ἐναντία
3511 3220 3624 3279 τοῖς

1966 3295 2060 3349 τοῦ
2082 3296 2315 3366 Χριστοῦ
2339 3297 2534 3365 λέγων,
2565 3299 2698 3351 ἀλλὰ
2722 3301 2816 3353 καὶ
2843 3301 3046 3371 σφόδρα
3075 3301 3302 3371 συνῳδά.
3320 3303 3379 3354 '0
3395 3303 3491 3372 μὲν
3513 3305 3623 3375 γὰρ

1967 3383 2198 3455 Χριστὸς
2223 3384 2322 3455 τὴν
2349 3384 2555 3455 ἀκριϐῆ
2589 3387 2916 3455 κατανόησιν
2946 3406 3129 3458 φησιν,
3167 3391 3232 3458 ῆν
3256 3389 3427 3452 οὐδεὶς
3464 3385 3567 3442 εἶδε
3603 3407 3617 3421 ·

1965 3474 2179 3543 γυμνὴν
2233 3474 2342 3542 γὰρ
2390 3474 2490 3544 τὴν
2523 3474 2749 3545 θεότητα
2781 3477 2873 3529 καὶ
2903 3476 3179 3546 ἀκραιφνῆ
3207 3476 3303 3546 τὴν
3321 3478 3507 3529 οὐσίαν
3532 3481 3623 3530 οὑ-

1964 3560 2075 3624 δεὶς
2108 3563 2390 3626 ἐθεάσατο,
2415 3562 2555 3632 πλὴν
2579 3562 2672 3615 τοῦ
2693 3563 3030 3630 Μονογενοῦς
3055 3581 3068 3594 ·
3088 3566 3116 3617 6
3139 3563 3194 3616 δὲ
3222 3567 3510 3636 προφήτης
3526 3566 3623 3637 τὴν

1962 3656 2108 3728 αὐτῷ
2134 3657 2364 3727 δυνατὴν
2415 3659 2542 3710 ίδεῖν
2584 3658 2932 3728 ἀπαγγέλλει.
2981 3659 3114 3714 οὐδὲ
3147 3661 3256 3732 γὰρ
3291 3664 3453 3728 αὐτὸς
3489 3668 3624 3736 ὅπερ

1961 3746 2106 3798 ἐστὶν
2136 3745 2164 3796 6
2188 3744 2320 3808 Θεὸς
2354 3744 2485 3797 ίδεῖν
2522 3744 2761 3814 ἠδυνήθη
2787 3784 2803 3809 ,
2836 3745 2972 3799 ἀλλὰ
2999 3749 3431 3817 σχηματισθέντα
3463 3753 3622 3805 αὑτὸν

1961 3832 2158 3903 θεωρεῖ
2189 3875 2204 3896 ,
2240 3833 2338 3884 καὶ
2370 3830 2620 3884 τοσοῦτον
2646 3831 2984 3897 καταϐάντα,
3013 3836 3135 3887 ὅσον
3173 3837 3434 3907 ἀναϐῆναι
3462 3842 3494 3908 ή
3529 3840 3621 3892 τοῦ

1960 3914 2292 3986 θεωροῦντος
2331 3914 2585 3969 ἀσθένεια
2627 3914 2840 3988 ἐχώρει.
2870 3917 2990 3970 Ὀτι
3024 3920 3131 3990 γὰρ
3173 3920 3233 3972 οὐ
3268 3924 3478 3993 γυμνὴν
3513 3920 3620 3976 εἶδε

1958 4005 2060 4076 τὴν
2091 4003 2348 4074 θεότητα,
2396 4001 2521 4056 οὔτε
2567 4003 2728 4066 αὐτὸς
2747 4041 2764 4066 ,
2815 4002 2936 4057 οὔτε
2965 4006 3122 4069 ἀλλος
3145 4007 3316 4070 οὐδεὶς
3335 4049 3350 4074 ,
3390 4010 3486 4062 ἀπ’
3519 4012 3619 4062 αύ-

1958 4092 2066 4144 τῶν
2098 4086 2173 4145 ὧν
2205 4089 2632 4159 ἀπαγγέλλουσιν
2669 4089 2909 4161 εὔδηλον.
2941 4090 3125 4147 Είδον
3155 4093 3282 4166 γὰρ,
3317 4099 3470 4166 φησὶ,
3513 4098 3620 4151 τὸν

1957 4180 2174 4248 Κύριον
2219 4177 2569 4247 καθήμενον.
2613 4177 2748 4242 Θεὸς
2803 4179 2859 4232 δὲ
2901 4181 2962 4233 ού
3010 4180 3241 4252 κάθηται
3267 4199 3282 4214 ο
3353 4185 3620 4254 σωμάτων

1958 4267 2068 4338 γὰρ
2096 4269 2125 4319 6
2154 4265 2544 4337 σχηματισμός.
2577 4267 2688 4320 Καὶ
2715 4269 2813 4337 οὐχ
2840 4267 3049 4332 ἁπλῶς,
3092 4270 3458 4340 Καθήμενον,
3503 4273 3617 4326 ἀλλ’

1971 4353 2099 4406 Ἐπί
2133 4355 2366 4420 θρόνου.
2399 4352 2530 4414 Θεὸς
2562 4353 2620 4406 δὲ
2649 4355 2710 4407 οὐ
2741 4355 3051 4426 περιέχεται
3078 4372 3092 4386 ·
3125 4365 3242 4420 πῶς
3279 4359 3403 4428 γὰρ,
3435 4362 3462 4412 6
3490 4378 3620 4414 παν-

1954 4441 2118 4512 ταχοῦ
2149 4440 2378 4510 παρὼν,κ’
2393 4441 2484 4494 καὶ
2506 4442 2572 4494 τὰ
2606 4443 2780 4496 πάντα
2803 4443 3042 4514 πληρῶν,
3075 4442 3146 4501 οὗ
3175 4447 3243 4498 ἐν
3267 4446 3342 4514 τῇ
3377 4448 3523 4515 χειρὶ
3545 4449 3616 4502 τὰ

1956 4528 2179 4595 πέρατα
2214 4527 2322 4596 τῆς
2353 4526 2503 4596 τῆς;
2555 4523 2730 4581 Ὅθεν
2762 4528 2937 4599 δῆλον,
2979 4531 3060 4584 ὅτι
3105 4533 3507 4600 συγκατάϐασις
3547 4529 3613 4604 ἦν

1954 4616 2013 4668 τὸ
2037 4614 2327 4686 ὁρώμενον.
2369 4613 2523 4666 Οὕτω
2544 4613 2672 4682 γοῦν
2710 4615 2893 4686 ἔτερος
2937 4619 3218 4688 προφήτης
3249 4622 3612 4690 αἰνιττόμενος

1954 4702 2134 4771 ἔλεγεν
2159 4705 2222 4755 ἐκ
2246 4701 2534 4772 προσώπου
2554 4702 2646 4754 τοῦ
2672 4703 2805 4756 Θεοῦ
2829 4720 2842 4734 ο
2867 4704 3006 4774 Ἐγὼ
3028 4704 3261 4772 ὁράσεις
3278 4708 3608 4774 ἐπ..ιήθυνα,

1953 4792 2213 4856 τουτέστι,
2237 4790 2502 4859 διαφόρως
2531 4789 2736 4861 ὤφθην.
2772 4791 2832 4843 Εἰ
2876 4791 2931 4844 δὲ
2973 4793 3108 4862 αὑτὴ
3159 4796 3191 4863 ἡ
3229 4795 3382 4847 οὐσία
3431 4797 3610 4866 γυμνὴ

1953 4880 2219 4946 ἐφαίνετο,
2248 4881 2346 4931 οὐκ
2381 4879 2444 4930 ἂν
2462 4879 2728 4949 διαφόρως
2751 4879 2918 4950 ἐφάνη
2954 4896 2966 4910 ·
3016 4880 3129 4934 ἀλλ’
3167 4883 3350 4954 ἐπειδὴ
3403 4899 3609 4950 συγκα-

1950 4958 2220 5012 ταϐαίνων
2243 4969 2265 4997 ο
2293 4959 2388 5012 νῦν
2420 4961 2516 5030 μὲν
2542 4961 2717 5032 τούτῳ
2742 4963 2818 5033 τῷ
2848 4965 3054 5036 τρόπῳ,
3081 4968 3176 5021 νῦν
3205 4971 3258 5022 δὲ
3282 4972 3475 5039 ἐκείνῳ
3497 4971 3608 5030 τοῖς

1951 5049 2256 5117 προφήταις
2285 5049 2477 5102 ἐαυτὸν
2504 5051 2764 5114 ἐδείκνυε,
2799 5054 3145 5123 καταλλήλως
3173 5059 3285 5118 τοῖς
3319 5057 3608 5124 ὑποκειμέ-

1952 5151 2060 5197 νοις
2117 5138 2330 5206 καιροῖς
2371 5138 2724 5206 σχηματίζων
2759 5139 2857 5203 τὰς
2891 5141 3043 5210 ὄψεις
3069 5181 3082 5204 ,
3113 5143 3199 5195 διὰ
3222 5144 3380 5196 τοῦτὸ
3404 5160 3566 5212 φησιν
3589 5159 3604 5173 ·
3668 5170 3678 5182 -

1961 5221 2233 5288 ’Θράσεις
2271 5224 2605 5290 ἐπλήθυνα,
2633 5227 2729 5279 καὶ
2754 5227 2825 5279 ἐν
2853 5229 3024 5296 χερσὶ
3057 5229 3374 5298 προφητῶν
3395 5229 3607 5297 ὡμοιώ-

1949 5311 2081 5376 θην.
2113 5311 2223 5379 Ούχ
2257 5311 2448 5382 ὥσπερ
2479 5312 2647 5384 ἥμην,
2686 5313 2911 5384 ἐφάνην,
2937 5318 3123 5385 φησὶν,
3159 5317 3274 5369 ἀλλ’
3318 5316 3604 5385 ὼμοιώθην

1949 5397 2085 5464 πρὸς
2129 5397 2264 5467 ὅπερ
2298 5399 2426 5452 ίδεῖν
2467 5400 2727 5468 ἠδύναντο
2767 5404 2813 5454 οί
2869 5402 3213 5472 θεωροῦντες.
3259 5405 3423 5474 Ὁρᾷς
3473 5405 3604 5472 γοῦν

1948 5483 2107 5536 αὐτὸν
2148 5485 2242 5538 νῦν
2294 5488 2392 5555 μὲν
2443 5488 2770 5559 καθήμενον,
2812 5492 2906 5544 νῦν
2939 5492 2994 5543 δὲ
3038 5491 3398 5560 ὡπλισμένον,
3435 5492 3526 5545 νῦν
3547 5495 3602 5546 δὲ

1947 5570 2104 5640 τρίχα
2149 5573 2336 5625 πολιὰν
2363 5573 2574 5643 ἔχοντα,
2604 5575 2698 5628 νῦν
2741 5577 2796 5629 δὲ
2827 5578 2901 5646 ίέν
2948 5575 3111 5648 αὔρᾳ,
3137 5577 3232 5630 νῦν
3265 5579 3320 5631 δὲ
3347 5581 3403 5632 ἐν
3444 5580 3597 5650 πυρὶ,

1948 5657 2039 5710 νῦν
2063 5659 2116 5712 δὲ
2146 5661 2210 5715 ἐκ
2228 5661 2333 5714 τῶν
2359 5662 2622 5716 ὀπισθίων
2655 5664 3004 5733 φαινόμενον,
3038 5665 3132 5718 νῦν
3168 5667 3224 5719 δὲ
3254 5669 3346 5720 ἐπὶ
3366 5668 3472 5720 τῶν
3493 5670 3598 5720 Χε-

1947 5746 2174 5817 ρουϐὶμ,
2207 5749 2468 5820 καὶπρὸς
2508 5751 2847 5820 μεταλλικῶν
2899 5752 3037 5805 ὑλῶν
3081 5753 3437 5828 λαμπρότητα
3489 5756 3598 5808 τῶν

2009 5877 2032 5907 ε
2054 5873 2136 5925 Sic
2164 5875 2435 5928 Bovaricus.
2464 5875 2560 5927 Alii
2587 5890 2703 5927 vero
2726 5877 2806 5927 οὖν
2841 5879 3154 5930 καταϐαίνων.
