4096 6322
454 307 525 367 σε)
1300 307 1358 362 S.
1395 301 1683 362 JOANNZS
1716 299 2200 358 CIIRYSOSTOMI
2240 297 2551 355 ARCIIIEP.
2595 295 3136 357 CONSTANTINOP.
3822 297 3904 351 Ἦ)

456 429 888 500 διαφανεστάτων
904 429 1003 499 τήν
1028 428 1150 498 ὅφιν
1181 424 1657 494 ἐξεικονιζόμενον.
1685 422 1843 484 Τίνος
1893 421 1991 491 μὲν
2028 418 2125 476 οὑν

459 520 643 571 ἕνεκεν
674 516 769 569 νῦν
811 515 908 587 μὲν
941 515 1282 584 ὡπλισμένος
1325 513 1574 581 φαίνεται
1632 511 1726 561 καὶ
1773 508 2120 578 ᾑμαγμένος,

459 607 553 660 νῦν
571 605 628 658 δὲ
651 607 706 657 ὲν
727 604 803 674 τῷ
830 605 983 673 πυρὶ,
1010 604 1104 654 νῦν
1123 604 1179 656 δὲ
1193 602 1260 654 τά
1278 600 1497 654 ὀπίσθια
1523 598 1754 661 δεικνὺς,
1788 597 1929 668 [ϋῦ]
1957 596 2049 647 νῦν
2067 596 2123 649 δὲ

461 695 519 745 ἐν
543 691 774 763 οὐρανῷ,
812 690 906 743 νῦν
933 690 989 742 δὲ
1018 692 1075 743 ἐν
1105 690 1301 761 θρόνῳ,
1332 687 1427 741 νῦν
1467 687 1525 739 δὲ
1553 686 1777 738 ἐπὶτῶν
1825 684 2126 755 Χερουϐὶμ,

462 782 524 833 οὑ
556 779 650 833 τοῦ
673 779 934 851 παρόντος
966 777 1031 832 ἂν
1058 777 1143 845 εἴη
1170 776 1350 846 λέγειν
1378 774 1593 847 καιροῦ,
1624 774 1762 827 ὥστε
1790 772 1864 843 μὴ
1902 773 1961 825 τὸ
1987 772 2129 842 πάρ-

463 884 624 937 εργον
677 867 769 920 τοὺ
809 866 970 936 ἔργου
1000 863 1253 932 γενέσθαι
1299 863 1499 933 μεῖζον.
1537 862 1683 924 Τέως
1729 861 1787 914 δέ
1833 862 2131 927 ἀναγκαῖον

466 955 607 1025 ὑπὲρ
621 955 717 1025 τῆς
739 954 1014 1024 παρούσης
1039 953 1212 1019 ὄφεως
1236 950 1595 1020 διαλεχθῆναι.
1618 950 1771 1011 Τίνος
1790 946 1881 1002 οὑν
1900 948 2085 1000 ἐνεκεν
2102 959 2129 987 ει

466 1042 609 1096 οὕτω
649 1042 896 1111 φαίνεται
923 1040 1017 1092 νῦν
1035 1040 1126 1091 ἐπὶ
1161 1038 1348 1109 θρόνου
1383 1037 1714 1107 καθήμενος,
1740 1038 1831 1089 καὶ
1861 1037 2001 1106 μετά
2022 1034 2129 1088 τῶν

468 1130 750 1201 Σεραφίμ;
787 1126 1149 1199 Ἀνθρώπινον
1180 1126 1297 1189 ἔθος
1340 1128 1603 1195 μιμεῖται,
1641 1125 1826 1195 ἐπειδὴ
1860 1124 1955 1176 καὶ
1995 1123 2133 1192 πρὸς

470 1218 787 1289 ἀνθρώπους
843 1212 910 1286 ἦν
960 1216 989 1266 6
1036 1214 1190 1282 λόγος
1237 1213 1405 1283 αὑτῷ.
1450 1212 1667 1283 Ἐπειδὴ
1718 1213 1826 1282 γάρ
1863 1213 2135 1279 ἀπόφασιν

470 1307 724 1376 ἐκφέρειν
757 1304 936 1375 μέλλει
962 1302 1102 1373 ὑπὲρ
1132 1301 1379 1373 μεγάλων
1412 1301 1750 1371 πραγμάτων
1790 1300 1885 1353 καὶ
1912 1300 2010 1368 τῆς
2057 1300 2136 1352 οἰ-

472 1393 740 1462 κουμένης
770 1392 1006 1461 ἀπάσης,
1042 1391 1206 1443 ἔτιδὲ
1256 1391 1350 1443 καὶ
1399 1392 1527 1462 περὶ
1567 1389 1676 1442 τῶν
1729 1388 2135 1459 Ἰεροσολύμων,

474 1483 569 1536 κα)⁵
598 1481 789 1550 διπλῆν
817 1480 994 1548 τίθησι
1030 1479 1233 1548 ψῆφον,
1267 1479 1366 1547 τὴν
1403 1478 1499 1548 μὲν
1525 1477 1743 1530 κόλασιν
1765 1479 1830 1547 τῇ
1859 1477 2010 1529 πόλει
2045 1477 2141 1540 φέ-

478 1586 674 1643 ρουσαν
698 1569 790 1622 καὶ
820 1568 896 1638 τῷ
925 1566 1066 1619 ἔθνει
1096 1566 1279 1627 παντὶ,
1312 1567 1410 1636 τὴν
1436 1565 1493 1618 δὲ
1526 1564 1845 1635 εὐεργεσίαν
1872 1567 1939 1634 τῇ
1963 1565 2141 1616 οίκου-

479 1662 635 1731 μένῃ,
669 1660 763 1712 καὶ
803 1658 1044 1731 μεγάλας
1071 1656 1545 1728 ἐπαγγελλομένην
1575 1655 1791 1719 ἐλπίδας
1833 1656 1929 1708 καὶ
1974 1655 2141 1725 τιμὰς

476 1749 797 1811 ἀθανάτους.

550 1834 614 1905 β’.
645 1834 800 1897 Ἕθος
828 1833 884 1887 δὲ
910 1835 1020 1897 τοῖς
1032 1830 1491 1897 δικάζουσιταῦτα
1518 1834 1689 1884 ποιεῖν
1718 1830 1790 1902 μὴ
1816 1829 2011 1899 λάθρα,
2029 1826 2141 1881 ἀλλ’

476 1926 559 1993 ἐφ’
585 1921 789 1992 ὑψηλοῦ
819 1921 912 1974 τοῦ
1009 1938 1173 1992 ματος
1204 1919 1567 1990 καθημένους,
1593 1916 1953 1988 παρεστώτων
1973 1917 2145 1970 ἀπάν-

475 2030 607 2076 των,
661 2012 753 2064 καὶ
813 2010 921 2062 τῶν
974 2008 1489 2080 παραπετασμάτων
1531 2006 1938 2075 συνελκομένων
1986 2004 2145 2057 τοῦτο

478 2099 672 2149 ποιεῖν.
703 2094 934 2155 Τούτους
958 2093 1050 2145 καὶ
1083 2091 1241 2154 αὑτὸς
1268 2092 1602 2161 μιμούμενος
1630 2090 1971 2159 παρέστησεν
1998 2088 2147 2159 αὑτῷ

476 2186 546 2237 τὰ
575 2184 841 2253 Σεραφὶμ,
868 2180 963 2235 καὶ
992 2181 1077 2251 ἐφ’
1108 2178 1314 2249 ὑψηλοῦ
1354 2177 1588 2247 κάθηται
1630 2176 1840 2247 θρόνου,
1875 2178 1970 2230 καὶ
2004 2175 2147 2230 οὕτω

477 2272 576 2342 τὴν
599 2272 869 2340 ἀπόφασιν
902 2270 1105 2338 ταύτην
1131 2266 1374 2337 ἐκφέρει.
1406 2264 1517 2320 Καὶ
1554 2264 1642 2319 ἵνα
1672 2264 1874 2337 μάθῃς,
1919 2266 2000 2317 ὅτι
2049 2265 2147 2334 οὑχ

480 2359 683 2428 ὑποψία
708 2359 767 2412 τὸ
796 2360 1046 2429 πρᾶγμα,
1071 2357 1205 2410 ἀλλά
1233 2358 1391 2409 τοῦτο
1419 2354 1538 2419 ἔθος
1564 2355 1731 2426 αὑτῷ,
1764 2357 1859 2409 καὶ
1875 2357 1932 2421 ἐξ
1958 2353 2146 2428 ἑτέρου

480 2449 758 2519 προφήτου
786 2447 944 2499 τοῦτο
982 2446 1312 2516 πειράσομαι
1344 2445 1564 2515 ποιῆσαι
1600 2444 1853 2515 φανερόν.
1900 2446 2010 2499 Καὶ
2041 2447 2151 2515 γάρ

481 2536 576 2588 ἐπὶ
623 2534 716 2587 τοῦ
764 2533 989 2603 Δανιὴλ,
1022 2532 1209 2603 ἐπειδὴ
1239 2534 1331 2586 καὶ¹
1371 2534 1487 2584 ἐκεῖ
1518 2532 1701 2601 ψῆφόν
1740 2549 1862 2585 τινα
1905 2534 2150 2604 μεγάλην

483 2624 737 2693 ἐκφέρειν
765 2621 954 2691 ἔμελλε
989 2620 1118 2689 περὶ
1146 2618 1416 2672 κολάσεων
1461 2619 1557 2671 καὶ
1602 2620 1879 2689 τιμωριῶν
1936 2621 2152 2674 Ἰουδαῖ-

484 2710 597 2764 κῶν
622 2711 715 2762 καὶ
746 2709 852 2761 τῶν
882 2707 1100 2776 ἀγαθῶν
1137 2707 1243 2760 τῶν
1274 2706 1577 2776 μελλόντων
1604 2710 1669 2778 τῇ
1692 2709 1981 2781 οἰκουμένῃ
2015 2709 2152 2762 δίδο-

486 2798 631 2857 σθαι,
655 2797 813 2849 κάκεῖ
834 2796 1022 2865 θρόνος
1050 2793 1297 2863 φαίνεται
1324 2794 1575 2864 λαμπρὸς
1603 2795 1697 2848 καὶ
1720 2796 2041 2868 περιφανὴς,
2060 2799 2155 2851 καὶ

484 2885 656 2954 δῆμος
691 2884 935 2951 ἀγγέλων
966 2880 1347 2952 παρεστηκὼς,
1374 2882 1468 2934 καὶ
1500 2881 1628 2952 ἔθνη
1656 2884 2029 2953 ἀρχαγγέλων,
2059 2885 2154 2938 καὶ

485 2974 514 3025 6
542 2970 849 3039 Μονογενής
880 2969 1307 3038 συγκαθήμενος,
1356 2968 1450 3021 καὶ
1479 2968 1649 3037 βίϐλοι
1686 2970 2021 3038 ἀνοίγονται,
2061 2972 2156 3025 καὶ

487 3058 721 3127 ποταμοὶ
752 3056 919 3126 πυρὸς
948 3056 1214 3118 ἕλκονται,
1246 3056 1341 3109 καὶ
1369 3056 1633 3109 πάντοθεν
1669 3058 1854 3127 σχῆμα
1894 3059 2152 3128 δικαστη-

492 3145 607 3216 ρίου
631 3143 963 3197 συνίσταται.
992 3143 1101 3195 Kal
1122 3141 1237 3195 ἔστι
1272 3142 1498 3196 κάκεῖνα
1528 3145 1763 3213 συγγενῆ
1791 3148 1905 3207 τοῖς
1924 3145 2155 3198 ἐνταῦθα

485 3230 801 3303 λεγομένοις
852 3229 1101 3294 ἅπαντα,
1155 3229 1188 3299 ἢ
1234 3230 1328 3282 καὶ
1376 3229 1706 3301 σαφέστερον
1764 3232 1966 3294 ἐκεῖνος
2015 3232 2154 3285 αὑτά

486 3318 836 3388 ἀπαγγέλλει,
868 3317 959 3370 ἅτε
990 3316 1098 3369 τῶν
1123 3317 1329 3386 χρόνων
1355 3318 1646 3387 ἐγγύτερον
1679 3317 1998 3387 γινομένων,
2058 3319 2154 3371 καὶ

491 3406 625 3476 πρὸς
648 3405 815 3467 αὑτὰς
845 3403 1027 3456 λοιπὸν
1056 3405 1155 3467 τὰς
1177 3404 1343 3475 θύρας
1387 3406 1486 3473 τῆς
1530 3406 1865 3476 προφητείας
1900 3406 2153 3475 ἀφικνου-

497 3493 680 3564 μένης.
717 3491 875 3545 Ἀλλά
900 3490 1070 3545 ταῦτα
1093 3494 1203 3554 τοῖς
1232 3492 1539 3561 φιλοπόνοις
1578 3493 1803 3561 ἀφέντες
1834 3496 2155 3561 συναγαγεῖν

492 3580 587 3633 καὶ
610 3579 984 3650 παρατιθέναι,
1015 3580 1109 3633 καὶ
1143 3580 1241 3651 τὴν
1267 3580 1536 3650 ἑκατέρας
1558 3580 1656 3651 τῆς
1686 3580 2022 3651 προφητείας
2051 3599 2157 3634 κοι-

491 3669 685 3722 νωνίαν
741 3668 1200 3738 καταμανθάνειν,
1247 3668 1385 3738 ὅπερ
1436 3668 1572 3739 ἔφην
1597 3707 1612 3733 ,
1652 3669 1751 3737 τῆς
1791 3671 2158 3740 προκειμένης

490 3757 650 3824 ἡμεῖς
672 3754 936 3824 ἁψώμεθα
973 3754 1109 3824 μετά
1134 3755 1448 3825 ἀκριϐείας,
1487 3755 1564 3817 ὼς
1597 3754 1664 3808 ἂν
1692 3749 1804 3808 οἷόν
1837 3773 1896 3808 τε
1999 3757 2157 3828 ῥῆσιν

492 3841 726 3909 ἑκάστην
744 3841 1114 3909 ἐξηγούμενοι.
1144 3840 1299 3895 Οὕτω
1318 3842 1428 3912 γὰρ
1459 3842 1555 3894 καὶ
1585 3844 1717 3912 ἡμῖν
1756 3843 1851 3896 καὶ
1894 3843 2024 3914 ὑμῖν
2059 3861 2157 3897 σα-

493 3927 730 3997 φέστερα
760 3928 911 3979 ἔσται
938 3928 1007 3980 τὰ
1036 3928 1320 3997 εἰρημένα.
1350 3929 1415 3979 Τί
1444 3924 1537 3981 οὖν
1570 3946 1772 4000 φησινς
1822 3926 2005 3986 Εἶδον
2050 3932 2159 3985 τὸν

494 4016 715 4082 Κύριον
744 4014 1096 4082 καθήμενον.
1133 4014 1206 4065 Τὸ
1233 4014 1499 4084 καθῆσθαι
1543 4017 1634 4069 ἐπὶ
1662 4017 1851 4087 θρόνου
1890 4018 2158 4088 σύμϐολον

494 4100 581 4153 ἀεὶ
601 4098 834 4169 κρίσεώς
868 4100 1051 4161 ἐστιν,
1078 4098 1267 4168 ὥσπερ
1306 4100 1336 4151 6
1380 4100 1541 4152 Δαυῖδ
1587 4119 1751 4170 φησιν
1780 4121 1794 4135 ο
1835 4103 2158 4172 Ἐκάθισας

494 4185 592 4239 ἐπὶ
636 4184 851 4252 θρόνου
893 4187 927 4237 ό
968 4185 1185 4252 κρίνων
1222 4184 1619 4253 δικαιοσύνην
1642 4204 1658 4219 ο
1704 4190 1799 4241 καὶ
1841 4192 1870 4243 6
1907 4194 2105 4262 Δανιήλ
2139 4208 2155 4225 ·

498 4274 706 4340 Θρόνοι
727 4271 1041 4339 ἐτέθησαν,
1069 4272 1168 4325 καί
1192 4271 1491 4339 κριτήριον
1509 4271 1770 4331 ἐκάθισε.
1801 4277 1873 4329 T6
1895 4278 1952 4330 δὲ
1974 4280 2159 4345 ἁπλῶς

497 4360 769 4429 καθῆσθαι
795 4359 979 4429 ἐτέρου
1009 4358 1275 4430 σύμϐολον
1303 4355 1443 4412 εἷναί
1466 4376 1630 4430 φησιν
1653 4360 1681 4411 6
1714 4364 2021 4435 προφήτης,
2057 4366 2155 4418 Τί-

496 4467 584 4513 νος
606 4449 665 4502 δὲ
695 4445 915 4511 τούτους
946 4448 1051 4504 τοῦ
1080 4447 1297 4515 παγίου,
1322 4448 1416 4500 τοῦ
1453 4448 1701 4519 μονίμου,
1722 4449 1815 4503 τοῦ
1840 4450 2155 4521 βεϐηκότος,

495 4537 591 4591 τοῦ
641 4537 929 4608 ἀτρέπτου,
956 4534 1052 4589 τοῦ
1077 4536 1457 4606 ἀτελευτήτου,
1487 4540 1585 4608 τῆς
1618 4537 1761 4608 ζωῆς
1789 4540 1887 4608 τῆς
1919 4540 2160 4609 ἀπεράν-

497 4644 613 4680 του.
652 4625 751 4677 Διά
780 4623 937 4677 τοῦτό
974 4640 1128 4693 φησι,
1158 4622 1230 4675 Σὺ
1268 4623 1570 4694 καθήμενος
1608 4625 1688 4687 είς
1711 4625 1802 4678 τὸν
1836 4624 2028 4688 αἰῶνα,
2067 4628 2160 4680 καὶ

500 4715 661 4785 ἡμεῖς
693 4711 1047 4782 ἀπολλύμενοι
1070 4712 1149 4773 είς
1170 4711 1262 4763 τὸν
1297 4712 1491 4768 αἰῶνα.
1518 4711 1611 4775 Σῦ,
1642 4714 1793 4782 φησί.
1834 4713 2029 4783 μένων,
2062 4714 2158 4778 ὢν,

499 4804 642 4869 ζῶν,
700 4800 787 4854 ἀεὶ⁵
840 4799 1101 4861 ὡσαύτως
1151 4796 1246 4850 ῶν.
1294 4799 1414 4851 Ὀτι
1463 4800 1570 4870 γὰρ
1612 4801 1673 4852 οὑ
1717 4802 1845 4872 περὶ
1894 4802 2161 4873 καθέδρας

499 4889 767 4958 ἔλεγεν,ἠ
805 4885 1173 4957 ἀντιδιαστολὴ
1199 4885 1354 4955 δῆλον
1395 4886 1668 4952 ἐποίησεν.
1713 4890 1787 4940 Οὑ
1832 4888 1941 4959 γὰρ
1988 4887 2157 4954 εἶπεν,

510 4978 697 5048 Ἢμείς
739 4974 989 5037 ἑστῶτες,
1023 4973 1176 5037 ἀλλά,
1228 4972 1627 5043 Ἀπολλύμενοι.
1665 4976 1736 5028 Τὸ
1770 4976 1826 5027 δὲ
1854 4978 1946 5029 ἐπὶ
1973 4977 2160 5047 θρόνου

500 5064 770 5134 καθῆσθαι
797 5063 858 5115 τὸ
897 5062 1101 5132 κρίνειν
1138 5060 1274 5114 ἐστί.
1322 5061 1418 5113 Διά
1464 5062 1619 5114 τοῦτο
1655 5063 1813 5114 αὑτὸν
1852 5064 2023 5128 οὕτως
2061 5069 2163 5138 ὁρᾷ

503 5153 807 5222 καθήμενον
837 5150 929 5201 ἐπὶ
959 5148 1148 5219 θρόνου
1184 5147 1387 5216 ὑψηλοῦ
1420 5149 1515 5200 καὶ
1548 5150 1859 5219 ἐπηρμένου
1879 5190 1891 5206 ,
1922 5153 1953 5221 ἢ
1980 5152 2162 5223 ἕτερον

516 5242 611 5309 μὲν
638 5238 818 5296 τοῦτο.
836 5237 921 5290 ἒτε
932 5252 1023 5305 ρον
1051 5235 1108 5287 δέ
1137 5237 1311 5286 ἐκεῖνο
1339 5235 1649 5289 αἰνίττεται.
1682 5238 1791 5289 Καὶ
1824 5239 1931 5309 γὰρ
1958 5240 2162 5311 ὑψηλὸς

502 5322 571 5397 ἦν
607 5329 636 5380 6
673 5326 882 5396 θρόνος,
923 5321 1209 5383 τουτέστι,
1270 5321 1441 5391 μέγας
1467 5362 1481 5385 ,
1517 5324 1612 5375 καὶ
1650 5324 1974 5396 ὑπερμήκης
2009 5346 2022 5359 ·
2069 5332 2164 5384 καὶ

509 5413 828 5484 ἐπηρμένος,
856 5410 1119 5473 τουτέστι,
1166 5408 1259 5461 καὶ
1314 5411 1372 5461 ἐν
1420 5409 1541 5478 ὕψει
1584 5413 1903 5482 φαινόμενος
1948 5417 2161 5487 ἀφάτφ,

503 5501 599 5555 καὶ
631 5501 919 5570 μετέωρος.
943 5499 1048 5552 Καὶ
1087 5497 1323 5565 πλήρης
1350 5501 1381 5550 ό
1409 5494 1573 5563 οἶκος
1602 5497 1707 5565 τῆς
1731 5500 1913 5567 δόξης
1954 5507 2161 5559 αὐτοῦ.

506 5595 664 5654 Ποῖος
689 5588 863 5656 οἷκος;
890 5592 1010 5645 εἰπέ
1038 5608 1147 5661 μοι.
1194 5590 1253 5641 Ὀ
1276 5590 1419 5652 ναός.
1445 5588 1556 5660 [661
1591 5591 1806 5662 Ἐπειδὴ
1826 5593 1933 5664 γὰρ
1957 5596 2165 5649 ἐκεῖθεν

504 5684 540 5751 ἡ
568 5679 753 5750 ἔχθρα,
782 5679 1000 5741 είκὸτως
1019 5680 1113 5731 καὶ
1141 5679 1198 5729 έν
1227 5680 1293 5746 τῇ
1316 5676 1435 5746 ὑψει
1454 5680 1519 5747 τῇ
1552 5678 1829 5751 θαυμασία
1854 5682 2028 5753 ταύτῃ
2052 5685 2167 5737 ἐκεῖ

569 5808 594 5836 ³
622 5805 817 5875 βοᾳιει
840 5802 1129 5875 δαγὶιητγξνος
1154 5804 1233 5851 οὖν
1276 5802 1529 5875 ἕνεκενιιῐιι
1562 5805 1733 5857 Morel.
1766 5805 1845 5856 οὖν
1871 5808 2012 5859 deest
2040 5824 2051 5857 :
2074 5810 2163 5860 sed

508 5870 587 5919 hic
612 5866 938 5924 desideratur,
962 5874 1011 5914 el
1032 5866 1314 5915 'l‘ilmmnus
1350 5866 1488 5928 legit.

2230 419 2538 489 καθήμενος
2573 419 2841 487 φαίνεται.
2874 419 3040 483 Δόξαν
3080 420 3136 473 δὲ
3186 419 3421 474 ἐνταῦθά
3462 437 3597 491 φησι
3641 420 3903 493 λαμπρά⁴

2228 524 2386 575 τητα,
2422 506 2537 574 φῶς
2565 508 2856 577 ἀπρόσιτον
2879 508 2928 564 b.
2954 510 3091 579 ὅπερ
3142 508 3474 579 ἑρμηνεῦσαι
3512 508 3590 577 τῷ
3638 507 3777 578 λόγῳ
3823 508 3907 579 μὴ

2227 594 2544 663 δυνάμενος,
2571 594 2727 657 δόξαν
2759 595 3006 653 ἐκάλεσε.
3039 596 3133 648 καὶ
3184 596 3282 664 οὑχ
3332 595 3515 657 ἁπλῶς
3556 595 3735 658 δόξαν,
3764 596 3909 649 ἀλλά

2226 681 2358 735 Θεοῦ
2411 682 2586 748 δόξαν.
2629 682 2736 736 Καὶ
2785 684 3046 752 Σεραερίμ
3095 683 3483 749 είστήκεισαν
3532 684 3736 748 κύκλῳ
3789 686 3908 739 αὺ-

2228 769 2357 825 τοῦ.
2404 769 2537 822 Τίνα
2590 769 2736 837 λέγει
2775 770 2948 823 ταῦτα
2991 771 3059 824 τὰ
3103 772 3397 841 Σεραφίμ;
3445 773 3710 841 Δυνάμεις
3751 773 3903 825 ἀσω-

2234 856 2435 926 μάτους
2459 868 2481 895 ε
2516 856 2623 909 τῶν
2653 858 2765 910 ἅνω
2808 858 3012 929 δήμων.
3052 855 3128 913 ὧν
3151 859 3249 928 τὴν
3291 858 3487 930 ἀρετὴν
3519 861 3611 912 καὶ
3651 860 3748 929 τὴν
3794 878 3908 929 μα-

2231 944 2528 1015 καριότητα
2599 946 2695 997 καὶ
2762 945 2868 998 ἀπὸ
2941 948 3039 1015 τῆς
3108 946 3479 1017 προσηγορίας
3541 948 3684 1000 ἔστιν
3751 947 3908 1000 ίδεῖν.

2232 1035 2311 1105 Τῇ
2370 1033 2477 1105 γὰρ
2535 1034 2813 1105 Ἐϐραίων
2871 1035 3085 1108 γλώττῃ
3150 1035 3371 1106 ἔμπυρα
3432 1036 3669 1107 στόματα
3731 1037 3910 1107 ἑρμη-

2234 1120 2450 1176 νεύεται
2480 1121 2547 1174 τὰ
2576 1122 2845 1193 Σεραφίμ,
3203 1157 3211 1166 .

2308 1208 2372 1261 Τί
2438 1204 2529 1262 οὖν
2564 1210 2630 1263 ἐκ
2692 1210 2880 1263 τούτου
2925 1210 3299 1281 μανθάνομεν;
3373 1211 3447 1264 Τὸ
3507 1211 3745 1282 καθαρὸν
3807 1212 3915 1281 τῆς

2235 1296 2422 1359 οὑσίας
2445 1336 2461 1361 ,
2496 1298 2557 1350 τὸ
2603 1297 2876 1369 ἄγρυπνον
2901 1340 2916 1365 ,
2964 1299 3027 1351 τὸ
3075 1300 3489 1371 διεγηγερμένον
3512 1344 3527 1367 ,
3576 1302 3634 1354 τὸ
3673 1298 3912 1370 γοργὸν,

2236 1384 2296 1437 τὸ
2354 1386 2743 1456 ἐνεργητικὸν,
2802 1387 2864 1438 τὸ
2919 1387 3268 1455 ἀκηλίδωτον.
3328 1387 3483 1440 Οὕτω
3535 1387 3665 1456 γοῦν
3720 1390 3816 1441 καὶ
3883 1391 3916 1442 6

2239 1479 2522 1548 προφήτης
2565 1478 2725 1530 Δαυῖδ
2783 1477 2889 1530 τῶν
2932 1480 3044 1532 ἄνω
3097 1478 3375 1548 δυνάμεων
3428 1479 3525 1550 τήν
3573 1479 3918 1551 ἀπαραπόδι-

2243 1582 2364 1618 στον
2390 1565 2662 1617 διακονίαν
2696 1565 3013 1635 βουλόμενος
3034 1566 3165 1635 ἡμῖν
3195 1565 3547 1631 ἐνδείξασθαι.
3573 1568 3666 1619 καὶ
3689 1567 3752 1618 τὸ
3770 1569 3918 1636 ταχὺ

2240 1656 2340 1723 τῆς
2372 1653 2675 1723 ὑπηρεσίας
2720 1654 2814 1707 καὶ
2855 1654 3056 1726 σφόδρα
3100 1654 3339 1725 ὲνεργὲς,
3381 1654 3597 1722 ἐλεγενο
3639 1655 3693 1707 '0
3725 1655 3923 1708 ποιῶν

2241 1741 2383 1807 τοὺς
2411 1742 2705 1809 ἀγγέλους
2731 1744 2917 1796 αὑτοῦ
2958 1743 3285 1811 πνεύματα,
3333 1742 3431 1796 καὶ
3465 1743 3606 1809 τοὺς
3638 1746 3918 1810 λειτουρ-

2243 1828 2388 1895 γοὺς
2425 1827 2611 1881 αὑτοῦ
2656 1828 2846 1895 πυρὸς
2888 1831 3119 1899 93.16711-
3164 1830 3227 1882 τὸ
3264 1832 3420 1900 ταχὺ,
3462 1830 3523 1883 τὸ
3566 1830 3785 1901 κοῦφον,
3852 1829 3917 1882 τὸ

2244 1916 2568 1986 δραστήριον
2602 1917 2734 1985 ἡμῖν
2768 1915 2855 1968 διὰ
2879 1916 2988 1970 τῶν
3023 1916 3301 1987 στοιχείων
3332 1916 3533 1970 τούτων
3566 1917 3917 1988 ἐνδεικνύμε-

2246 2021 2356 2067 νος.
2384 2002 2617 2057 Τοιαῦτα
2662 2004 2757 2057 καὶ
2790 2005 2845 2056 αί
2873 2004 3128 2073 δυνάμεις
3170 2003 3395 2069 αὑταὶά,
3419 2005 3673 2075 καθαροῖς
3701 2007 3919 2074 στόμα-

2249 2108 2333 2145 σιν
2359 2090 2693 2161 ἀνυμνοῦσαι
2726 2090 2819 2143 τὸν
2856 2092 3152 2160 Δεσπότην,
3182 2091 3341 2162 ἔργον
3393 2091 3550 2144 τοῦτο
3577 2092 3797 2161 ἔχουσαι
3837 2094 3927 2145 διο

2246 2180 2478 2249 ηνεκῶς,
2495 2180 2771 2250 εὐφημίας
2797 2180 3064 2251 ἀναφέρου
3072 2197 3178 2243 σαι,
3202 2180 3537 2251 λειτουργίαν
3553 2181 3926 2235 ἀδιάλειπτον.

2249 2268 2497 2321 Δείκνυσι
2527 2267 2584 2320 δὲ
2615 2268 2791 2321 αὑτῶν
2822 2268 2882 2320 τὸ
2917 2268 3129 2337 ἀξίωμα
3154 2268 3213 2321 τὸ
3239 2268 3465 2338 πλησίον
3494 2266 3630 2323 εἶναι
3662 2270 3759 2323 τοῦ
3789 2270 3927 2341 θρό-

2250 2372 2362 2411 νου.
2397 2356 2663 2426 Καθάπερ
2684 2355 2793 2424 γάρ
2825 2357 2917 2408 ἐπὶ
2944 2357 3051 2408 τῶν
3082 2357 3343 2425 βασιλέων
3368 2358 3475 2409 τῶν
3516 2358 3610 2410 ἐπὶ
3638 2358 3743 2428 γῆς
3769 2360 3825 2410 οἱ
3867 2361 3929 2413 ἐν

2254 2446 2495 2516 μείζοσιν
2518 2443 2821 2515 ἀξιώμασιν
2847 2443 3017 2508 ὄντες,
3041 2445 3169 2515 παρ’
3197 2444 3359 2497 αὑτὸν
3392 2446 3653 2515 ἑστήκασι
3681 2446 3773 2498 τὸν
3793 2448 3929 2517 θρό-

2250 2551 2339 2587 νον
2364 2534 2452 2586 τὸν
2497 2533 2803 2603 βασιλικόνο
2842 2531 2984 2586 οὕτω
3022 2530 3086 2604 δὴ
3126 2532 3220 2583 καὶ
3250 2528 3410 2585 αὗται
3443 2532 3501 2584 αἱ
3541 2531 3803 2603 δυνάμεις
3837 2535 3930 2588 διὰ

2249 2622 2347 2692 τὴν
2377 2621 2817 2691 ὑπερϐάλλουσαν
2869 2620 3069 2692 ἀρετὴν
3117 2618 3209 2675 τὸν
3252 2618 3364 2671 ἀνω
3406 2619 3591 2689 θρόνον
3636 2621 3924 2687 κυκλοῦσι,

2250 2709 2351 2777 τῆς
2380 2709 2689 2780 ἀπορρήτου
2721 2709 3116 2779 μακαριότητος
3134 2710 3500 2766 ἀπολαύουσαι
3517 2709 3806 2782 διηνεκῶς,
3832 2713 3932 2770 καὶ

2251 2797 2593 2866 ἐντρυφῶσαι
2623 2798 2689 2865 τῇ
2734 2797 2979 2867 μακαρία
3020 2796 3170 2866 λήξει
3199 2797 3299 2866 τῆς
3327 2799 3665 2869 λειτουργίας
3693 2802 3929 2871 ταύτης.

2259 2882 2361 2946 Ἓξ
2401 2885 2689 2950 πτέρυγες
2727 2883 2806 2949 τῷ
2840 2884 2949 2947 ἐνί,
2979 2885 3077 2937 καί
3120 2884 3189 2948 ἐξ
3228 2884 3515 2955 πτέρυγες
3545 2886 3624 2949 τῷ
3656 2888 3775 2942 ἐνί.
3819 2891 3933 2945 και

2252 2970 2383 3036 ταῖς
2414 2971 2531 3039 μὲν
2568 2970 2711 3024 δυσί
2766 2971 3218 3025 κατεκάλυπτον
3257 2974 3400 3037 τοὺς
3444 2974 3635 3041 πόδας
3669 2978 3931 3045 ἑαυτῶν,

2252 3058 2382 3123 ταῖς
2419 3058 2487 3111 δὲ
2507 3058 2647 3112 δυσί
2671 3058 3122 3113 κατεκάλυπτον
3139 3060 3209 3113 τὰ
3224 3062 3513 3127 πρόσωπα
3535 3061 3786 3127 ἑαυτῶν,
3832 3067 3930 3117 καί

2253 3146 2382 3212 ταῖς
2409 3146 2591 3200 δυσίν
2618 3146 2925 3200 ἐπέταντο.
2945 3146 3055 3199 Καὶ
3084 3146 3403 3216 ἐκέκραγεν
3427 3148 3627 3217 ἕτερος
3642 3153 3795 3219 ,πρὸς
3826 3154 3933 3206 uir

2253 3233 2478 3300 ἕτερον,
2498 3234 2595 3287 καί
2625 3234 2867 3303 ἔλεγον·
2899 3234 3116 3303 Ἄγιος,
3149 3235 3334 3302 ἅγιος,
3360 3236 3543 3304 ἅγιος,
3576 3242 3793 3305 Κύριος
3824 3244 3934 3294 Σα-

2255 3314 2429 3372 ϐαὼθ.
2461 3316 2708 3384 Πλήρης
2737 3315 2903 3371 πᾶσα
2944 3317 2982 3383 ἡ
3014 3316 3087 3385 γῆ
3122 3315 3232 3384 τῆς
3257 3318 3441 3385 δόξης
3473 3321 3681 3373 αὐτοῦ.
3714 3322 3779 3374 Τί
3809 3322 3933 3391 30'3-

2255 3403 2403 3456 λεται
2445 3406 2575 3474 ἡμῖν
2608 3403 2779 3457 ταῦτα
2810 3403 2877 3457 τά
2916 3405 3110 3474 πτερὰ,
3143 3405 3236 3456 καὶ
3263 3405 3317 3456 τί
3338 3407 3660 3460 αἰνίττονται
3696 3411 3836 3480 ἡμῖν
3875 3414 3931 3463 αί

2257 3492 2562 3563 πτέρυγες;
2595 3492 2668 3544 Οὐ
2696 3491 2804 3561 γὰρ
2833 3491 2893 3562 δὴ
2923 3492 3095 3561 πτερά
3126 3494 3218 3544 ἐπὶ
3264 3493 3362 3555 τὰς
3405 3495 3733 3563 ἀσωμάτους
3764 3498 3932 3553 δυνάο

2259 3598 2378 3650 μεις
2424 3580 2674 3641 ἐκείνας·
2710 3578 2845 3631 ἀλλά
2901 3579 3063 3632 πάλιν
3120 3578 3208 3632 διὰ
3260 3583 3579 3651 παχυτέρων
3629 3587 3932 3653 σχημάτων

2254 3668 2539 3738 ἀπόρρητά
2586 3684 2705 3719 τινα
2734 3668 2864 3736 ἡμῖν
2907 3667 2936 3718 6
2978 3668 3262 3738 προφήτης
3302 3669 3619 3740 παραδηλοῖ,
3648 3689 3932 3739 συγκατα-

2256 3754 2458 3808 ϐαίνων
2491 3755 2588 3824 μὲν
2613 3756 2680 3824 τῇ
2713 3752 2965 3823 ἀσθενείᾳ
2989 3753 3096 3806 τῶν
3124 3755 3241 3806 τότε
3272 3755 3659 3826 ἀκροωμένων,
3690 3761 3846 3828 ὅμως
3874 3764 3932 3815 δὲ

2258 3844 2352 3896 καὶ
2370 3843 2455 3896 διὰ
2473 3844 2571 3913 τῆς
2594 3840 3051 3908 συγκαταϐάσεως
3075 3842 3255 3894 πᾶσαν
3274 3842 3511 3897 διάνοιαν
3529 3845 3931 3916 ὑπερϐαίνοντα

2257 3931 2502 3999 νοήματα
2532 3927 2670 3999 μετά
2699 3926 2984 3998 ἀκριϐείας
3006 3930 3137 3997 ἡμῖν
3167 3928 3590 3999 ἐνδεικνύμενος.

2328 4022 2397 4084 γ’.
2420 4015 2486 4068 Τί
2521 4014 2615 4068 οὑν
2635 4013 2960 4068 αἰνίττονται
2978 4015 3035 4065 αἱ
3056 4012 3322 4085 πτέρυγες
3339 4032 3354 4080 ;
3372 4015 3445 4067 Τδ
3460 4016 3662 4085 ὑψηλὸν
3675 4022 3770 4072 καὶ
3800 4039 3932 4092 μετ’

2258 4103 2446 4175 ἀρσιον
2472 4102 2577 4155 τῶν
2613 4101 2893 4171 δυνάμεων
2932 4100 3157 4155 τούτων.
3183 4100 3340 4155 Οὕτω
3369 4105 3464 4155 καὶ
3492 4108 3521 4157 6
3554 4106 3799 4179 Γαϐριὴλ
3834 4129 3933 4163 πε-

2256 4192 2501 4261 τόμενος,
2540 4188 2636 4243 καὶ
2666 4190 2730 4241 ἐκ
2763 4187 2871 4241 τῶν
2898 4188 3138 4258 οὐρανῶν
3173 4190 3511 4245 καταϐαίνων
3536 4194 3809 4262 φαίνεται,
3846 4201 3933 4251 ἵνα

2262 4278 2438 4348 μάθῃς
2466 4276 2529 4328 τὸ
2563 4278 2698 4345 ταχὺ
2735 4278 2829 4328 καὶ
2867 4275 3087 4343 κοῦφον.
3117 4277 3224 4329 Καὶ
3256 4277 3573 4348 θαυμάζεις,
3614 4285 3663 4334 εἰ
3694 4285 3787 4337 ἐπὶ
3822 4288 3937 4340 τῶν

2258 4363 2644 4434 λειτουργικῶν
2681 4363 2961 4433 δυνάμεων
3011 4364 3235 4428 ταύταις
3283 4370 3404 4430 ταῖς
3434 4368 3611 4433 λέξεσι
3635 4373 3929 4442 κέχρηται,

2258 4453 2390 4505 ὅπου
2414 4468 2477 4520 γε
2516 4453 2610 4505 καὶ
2636 4452 2722 4503 ἐπ’
2757 4450 2921 4504 αὑτοῦ
2962 4451 3055 4505 τοῦ
3084 4454 3192 4507 τῶν
3232 4453 3368 4508 ὅλων
3413 4455 3547 4509 Θεοῦ
3581 4459 3641 4511 οὑ
3676 4466 3935 4536 παρῃτή-

2261 4555 2389 4591 σατο
2417 4539 2619 4609 ταύτην
2668 4539 3144 4610 μεταχειρίσασθαι
3176 4543 3274 4611 τὴν
3313 4546 3749 4615 συγκατάϐασιν;
3792 4554 3939 4607 Βου-

2258 4628 2480 4698 λόμενος
2512 4630 2619 4699 γὰρ
2643 4629 2805 4682 αὑτοῦ
2829 4629 2995 4695 δεῖξαι
3020 4628 3053 4700 ἢ
3089 4630 3150 4682 τὸ
3181 4632 3486 4702 ἀσώματον,
3516 4635 3548 4706 ἢ
3575 4638 3634 4689 τὸ
3661 4641 3802 4708 ταχὺ
3836 4644 3943 4711 τῆς

2260 4715 2533 4785 πανταχοῦ
2584 4717 2901 4787 παρουσίας,
2950 4718 3115 4786 φησὶν
3156 4720 3184 4771 ὁ
3225 4720 3424 4772 Δαυῖδ·
3469 4723 3533 4776 '0
3584 4728 3945 4792 περιπατῶν

2258 4799 2356 4851 ἐπὶ
2378 4800 2681 4867 πτερύγων
2700 4800 2951 4868 ἀνέμων.
2978 4801 3167 4870 Καίτοι
3196 4801 3309 4874 167]
3333 4821 3395 4871 γε
3422 4804 3544 4858 οὕτε
3570 4807 3760 4880 ἄνεμοι
3796 4816 3947 4866 πτέ-

2265 4903 2428 4956 ρυγας
2451 4887 2678 4957 ἔχουσιν,
2705 4886 2825 4939 οὕτε
2849 4887 3008 4949 αὑτὸς
3034 4887 3124 4940 ἐπὶ
3150 4890 3435 4961 πτερύγων
3458 4899 3764 4964 περιπατεῖ.
3803 4900 3946 4964 Πῶς

2261 4978 2387 5043 γὰρ,
2421 4978 2449 5027 6
2482 4973 2753 5044 πανταχοῦ
2798 4974 3022 5046 παρών;
3060 4975 3197 5028 Ἀλλ’
3232 4978 3367 5049 ὅπερ
3413 4979 3583 5051 ἔφθην
3623 4982 3819 5047 εἰπὼν,
3864 4992 3944 5061 τῇ

2262 5063 2512 5133 ἀσθενείᾳ
2537 5062 2646 5114 τῶν
2665 5063 2966 5115 ἀκουόντων
2993 5065 3458 5131 συγκαταϐαίνων,
3489 5070 3597 5122 ἀπὸ
3618 5073 3724 5123 τῶν
3747 5074 3945 5145 ἐγχω-

2263 5150 2496 5221 ρούντων
2517 5149 2715 5219 ἀνῆγεν
2742 5150 2917 5203 αὐτῶν
2939 5151 3034 5219 τὴν
3061 5151 3312 5207 διάνοιαν.
3341 5156 3448 5207 Καὶ
3475 5158 3637 5211 πάλιν
3668 5160 3767 5229 τὴν
3800 5164 3947 5234 βοή..

2264 5240 2411 5292 θειαν
2443 5238 2606 5293 αὑτοῦ
2639 5239 2959 5310 βουλόμενος
3004 5242 3099 5294 καὶ
3145 5242 3241 5313 τὴν
3291 5245 3355 5297 ἐκ
3395 5247 3598 5317 ταύτης
3624 5251 3951 5319 ἀσφάλειαν

2263 5327 2610 5392 ἐνδείξασθαι,
2643 5331 2757 5391 ταῖς
2784 5328 2973 5391 αὑταῖς
3005 5329 3264 5401 κέχρηται
3289 5332 3513 5399 λέξεσιν,
3539 5335 3681 5389 οὕτω
3711 5338 3901 5409 λέγων
3930 5362 3949 5374 ο

2276 5418 2375 5470 Ἐν
2408 5415 2605 5484 σκέπῃ
2633 5415 2748 5469 τῶν
2795 5418 3100 5486 πτερύγων
3136 5434 3252 5471 σου
3297 5420 3629 5489 σκεπάσεις
3662 5443 3761 5493 με.
3814 5430 3949 5483 Ἐν-

2324 5562 2495 5641 ιξβρε.
2524 5564 2873 5641 θίιξωίὶὶλφῷς
2901 5567 3181 5641 ἀπόρρητον.
3216 5569 3385 5641 Μοτβι.
3436 5577 3487 5621 et
3530 5573 3798 5627 Bavaricus
3840 5584 3957 5641 ςῶς

2262 5625 2536 5695 ἀπρόειτον,
2560 5625 2940 5695 alguehilajegil
2960 5625 3243 5695 'l‘ilmannus
3267 5632 3528 5695 inperpres.

2312 5694 2348 5760 ,τ
2383 5688 2501 5745 Reg.
2534 5688 2751 5760 σίδαι-Η.
2790 5688 3003 5760 δυνάμεις
3021 5693 3283 5760 ἀσώματοι.
3321 5688 3501 5760 μόνοι.
3539 5698 3757 5759 δυνάμεις
3804 5704 3959 5751 iam-

2265 5752 2437 5820 μάξομς
2459 5757 2615 5820 τεσιε,
2636 5755 2689 5796 et
2712 5752 2783 5820 sig
2798 5752 3198 5820 etiampmeqdal
3221 5754 3431 5820 Sayiliqs
3448 5758 3497 5806 in
3512 5752 3763 5820 ωσι-εἰπέ.

2298 5806 2355 5917 ιιι
2382 5809 2638 5861 Bavaricus
2660 5812 2872 5862 τοιαῦται
2914 5818 2963 5864 al
3004 5816 3216 5877 δυνάμεις
3263 5816 3421 5866 αὐταί.
3463 5819 3563 5869 Alii
3614 5806 3820 5871 ἴοιάῦτα
3853 5825 3955 5876 xxi

2264 5886 2331 5918 αι.
