4102 6306
336 271 405 325 69
1612 264 1676 319 lN
1719 266 1968 333 ISAIAM,
2008 267 2180 326 CAP.
2222 272 2311 329 Vl.
3521 297 3591 353 7o

328 377 485 438 modo
506 378 556 433 in
582 392 734 443 aura,
760 378 934 433 modo
976 379 1031 435 in
1075 381 1215 451 igne,
1242 395 1380 435 nunc
1404 396 1434 435 a
1475 389 1624 451 tergo
1656 396 1922 451 apparen-

327 487 431 530 tem
452 516 469 540 ,
494 487 633 527 nunc.
657 488 831 542 super
861 472 1158 528 Cherubim
1178 514 1193 538 ,
1224 483 1277 528 et
1304 474 1369 527 ad
1398 474 1783 528 metallicarum
1812 490 1924 529 ma-

327 570 575 622 teriarum
614 566 790 633 magis
832 566 1221 635 pellucidarum
1271 566 1608 635 splendorem
1639 567 1920 636 imaginem

320 658 770 715 conformantem.
823 657 938 711 Cur
985 673 1117 728 ergo
1155 656 1315 711 modo
1348 667 1584 712 armatus
1611 668 1829 727 apparet
1866 668 1922 714 et

322 765 510 806 cruore
534 764 886 818 conspersus,
907 749 1196 819 aliquando
1212 750 1264 803 in
1288 750 1427 819 igne,
1448 749 1605 805 modo
1626 750 1918 819 posteriora

318 842 631 905 ostendens,
661 842 829 896 modo
855 843 908 895 in
956 842 1109 907 czelo,
1160 840 1319 895 modo
1353 842 1405 895 in
1441 841 1596 906 solio,
1625 856 1765 897 nunc
1790 856 1919 897 vero

313 935 810 1006 superCherubim,
831 949 938 988 non
966 934 1244 1003 praesentis
1267 934 1521 1003 temporis
1539 933 1695 988 fuerit
1713 934 1914 1000 dicere,

312 1044 386 1083 ne
406 1028 760 1081 corollarium
792 1026 884 1081 tiat
912 1022 1088 1095 opere
1115 1026 1306 1095 majus.
1339 1026 1554 1081 Interim
1594 1041 1770 1096 opera:
1798 1042 1919 1096 pre-

312 1121 454 1192 tium
488 1118 654 1172 fuerit
693 1118 765 1172 de
794 1118 1048 1187 praesenti
1090 1118 1296 1171 visione
1334 1118 1621 1173 disserere.
1650 1117 1757 1173 Cur
1786 1133 1916 1188 ergo

313 1224 459 1265 nunc
485 1211 565 1264 sic
601 1219 830 1279 apparet
851 1224 1012 1278 super
1037 1209 1226 1263 solium
1257 1208 1472 1275 sedens,
1513 1219 1566 1263 et
1605 1225 1724 1263 cum
1755 1208 1916 1265 Sera-

312 1300 509 1369 phim?
542 1300 853 1354 Humanum
874 1316 1081 1355 morem
1106 1300 1357 1366 imitatur,
1378 1302 1498 1371 quia
1528 1317 1649 1355 cum
1681 1302 1915 1357 homini-

309 1396 412 1448 bus
430 1408 615 1447 sermo
638 1393 739 1462 ipsi
771 1403 907 1446 erat.
934 1392 1066 1458 Quia
1094 1393 1233 1446 enim
1259 1393 1581 1447 sententiam
1614 1394 1915 1460 prolaturus

309 1496 397 1540 est
423 1486 493 1540 de
515 1486 730 1556 magnis
752 1486 914 1541 rebus
943 1485 1119 1555 deque
1149 1496 1259 1539 toto
1286 1497 1546 1540 terrarum
1576 1487 1727 1549 orbe,
1767 1488 1913 1542 insu-

312 1593 516 1648 perque
542 1578 614 1632 de
630 1577 1007 1649 Jerosolymis,
1037 1578 1305 1647 duplicem
1330 1579 1532 1647 profert
1555 1579 1870 1634 sententiam
1892 1621 1908 1648 ,

307 1670 531 1725 alteram
555 1685 667 1739 qua
696 1684 911 1739 pcenam
939 1668 1181 1723 decernit
1215 1669 1333 1723 urbi
1364 1678 1417 1723 et
1438 1670 1582 1740 genti
1622 1671 1748 1736 toti,
1778 1671 1912 1726 alte-

307 1779 419 1817 ram
440 1778 560 1831 quae
586 1762 912 1817 beneficium
954 1762 1070 1816 orbi
1098 1771 1378 1829 terrarum,
1393 1778 1741 1834 magnamque
1760 1778 1911 1834 spem

309 1858 599 1929 pollicetur
651 1866 707 1913 et
740 1858 975 1912 honores
998 1857 1342 1912 immortales.

372 1950 425 2004 2.
444 1949 562 2004 Mos
587 1959 676 2004 est
691 1960 873 2003 autem
891 1948 1163 2019 judicibus
1176 1949 1290 2004 haec
1306 1964 1411 2004 non
1429 1950 1569 2004 clam
1590 1949 1784 2015 facere,
1805 1950 1901 2007 sed

306 2042 355 2098 in
380 2042 600 2099 excelso
634 2041 892 2097 tribunali
939 2040 1223 2110 sedentes,
1271 2044 1520 2099 omnibus
1545 2038 1904 2103 adstantibus,

300 2148 353 2191 et
395 2138 695 2192 contractis
732 2136 886 2190 velis.
922 2135 1033 2190 Hos
1060 2134 1274 2190 imitans
1322 2136 1465 2191 Deus
1498 2136 1596 2191 sibi
1619 2135 1903 2191 Cherubim

298 2228 508 2284 adstare
529 2229 725 2298 jussit,
761 2237 815 2284 et
844 2227 898 2282 in
929 2227 1144 2283 excelso
1170 2226 1304 2282 solio
1341 2226 1515 2293 sedet,
1546 2227 1731 2296 sicque
1773 2244 1901 2283 scn-

299 2325 513 2376 tentiam
565 2320 719 2375 bane
760 2320 987 2387 profert.
1022 2320 1089 2374 Et
1117 2328 1176 2374 ut
1202 2319 1377 2375 discas
1418 2334 1531 2373 rem
1561 2334 1668 2375 non
1713 2321 1901 2391 conje-

292 2423 439 2466 ctura
470 2421 685 2466 tantum
746 2412 871 2475 niti,
920 2410 1017 2466 sed
1048 2410 1189 2465 hunc
1227 2410 1299 2464 illi
1330 2424 1536 2465 morem
1575 2410 1739 2466 tuisse
1762 2452 1778 2475 ,
1829 2427 1896 2466 ex

292 2506 391 2559 alio
418 2520 642 2574 quoque
684 2502 954 2573 propheta
984 2501 1033 2557 id
1072 2502 1245 2572 palam
1295 2502 1469 2557 facere
1494 2501 1731 2556 tentabo.
1768 2501 1900 2556 Nam

289 2594 427 2663 apud
454 2594 770 2660 Danielem,
803 2594 1057 2664 quoniam
1085 2593 1156 2647 ibi
1183 2594 1339 2648 etiam
1362 2594 1678 2648 sententiam
1709 2609 1900 2663 quam-

290 2683 409 2738 dam
435 2699 697 2754 magnam
734 2684 1043 2753 prolaturus
1065 2692 1181 2738 erat
1208 2683 1347 2738 circa
1369 2684 1627 2755 supplicia
1658 2693 1710 2739 et
1741 2686 1899 2740 ultio-

287 2790 383 2831 nes
409 2776 618 2831 Judatis
652 2775 973 2830 inferendas
996 2816 1012 2841 ,
1062 2784 1117 2830 et
1138 2776 1277 2831 circa
1321 2776 1458 2830 bona
1485 2791 1604 2846 qua:
1648 2776 1765 2831 orbi
1793 2786 1901 2831 ter-

286 2882 464 2921 rarum
487 2867 831 2923 conferenda
854 2875 1027 2933 erant,
1052 2867 1242 2920 solium
1263 2882 1471 2937 quoque
1484 2878 1702 2938 apparet
1725 2868 1900 2938 splen-

287 2957 467 3012 didam
499 2967 558 3014 ct
600 2959 986 3027 conspicuum,
1026 2966 1080 3013 et
1104 2958 1412 3029 angelorum
1440 2959 1635 3014 chorus
1656 2959 1893 3025 adstans,

285 3058 342 3102 et
382 3049 842 3120 archangelorum
895 3057 1085 3114 cmtus,
1130 3057 1186 3104 et
1230 3048 1538 3119 Unigenitus
1579 3050 1790 3117 sedens,
1841 3061 1895 3108 et

285 3139 411 3193 libri
438 3141 778 3209 aperiuntur,
827 3147 885 3195 et
915 3138 1057 3194 fluvii
1104 3140 1244 3208 ignei
1286 3150 1530 3206 manant,
1576 3151 1631 3197 et
1658 3144 1895 3214 undique

288 3232 577 3286 tribunalis
623 3231 798 3285 forma
850 3231 1192 3286 constituitur
1220 3230 1475 3301 (Dan.7).
1527 3230 1665 3287 Sunt
1713 3243 1890 3289 autem

291 3326 385 3379 illa
428 3325 611 3379 omnia
640 3326 707 3380 iis
749 3324 951 3391 affinis,
982 3340 1099 3395 quae
1132 3324 1217 3379 hic
1258 3332 1582 3380 narrantur:
1611 3336 1701 3380 aut
1729 3327 1888 3381 etiam

292 3418 542 3487 apertius
588 3418 633 3471 is
661 3417 773 3472 haec
818 3417 1137 3483 annuntiat,
1191 3417 1311 3487 quia
1354 3415 1605 3472 viciniora
1652 3428 1889 3487 tempora

298 3511 393 3564 illa
425 3519 603 3575 erant,
633 3521 686 3565 et
714 3511 777 3564 ad
808 3510 952 3580 ipsas
980 3510 1196 3565 demum
1225 3508 1366 3566 fores
1403 3509 1679 3580 prophetia
1702 3524 1888 3579 perve-

296 3600 682 3656 nerat.Verum
713 3600 824 3655 haec
847 3600 1103 3655 studiosis
1132 3601 1513 3671 relinquentes,
1538 3610 1594 3655 ut
1625 3600 1877 3670 colligant

296 3700 347 3747 et
393 3702 705 3761 apponant,
746 3702 800 3746 et
830 3692 1105 3762 utriusque
1137 3691 1429 3762 prephetize
1475 3692 1879 3748 consonantiam

297 3785 559 3846 ediscant,
590 3786 665 3838 uti
688 3785 798 3855 jam
826 3784 955 3850 dixi,
984 3799 1101 3838 eam
1130 3800 1290 3854 quam
1328 3784 1480 3839 nobis
1506 3785 1885 3853 proposuimus

289 3871 684 3939 iamaccurate
728 3884 1042 3941 tractemus,
1091 3891 1194 3946 pro
1240 3874 1378 3929 virili
1425 3882 1603 3929 nostra
1649 3870 1883 3945 singulas

301 3968 547 4023 dictiones
569 3967 959 4036 expendentes.
986 3966 1058 4021 Ita
1089 3967 1233 4021 enim
1272 3976 1326 4022 et
1355 3966 1506 4021 nobis
1532 3975 1587 4020 et
1610 3966 1763 4020 vobis
1793 3965 1877 4021 di-

303 4056 543 4114 lucidiora
569 4067 735 4113 erunt
757 4073 822 4112 ea
838 4072 955 4128 qua:
974 4058 1111 4113 dicta
1130 4066 1271 4113 sunt.
1295 4058 1430 4126 Quid
1455 4058 1613 4128 igitur
1626 4057 1736 4113 ait?
1767 4056 1883 4110 Vidi

306 4146 566 4202 Dominum
593 4147 871 4202 sedentem.
899 4147 953 4201 ln
984 4148 1120 4202 solio
1148 4148 1359 4215 sedere,
1411 4162 1621 4217 semper
1662 4147 1879 4218 symbo-

304 4242 396 4296 lum
412 4241 600 4310 judieii
628 4248 737 4306 est,
783 4239 1229 4308 quemadmodum
1254 4238 1415 4293 David
1445 4240 1517 4291 ait
1544 4256 1557 4292 :
1586 4238 1778 4293 Sediin
1797 4256 1876 4293 su.

306 4350 380 4400 per
422 4336 668 4387 thronum
716 4333 806 4401 qui
838 4331 1043 4402 judicas
1078 4333 1334 4401 justitiam
1372 4331 1549 4403 (Psal.
1576 4332 1762 4401 9.4);
1819 4343 1879 4386 et

308 4425 469 4481 Daniel
504 4423 749 4479 :Tlu'oni
800 4424 949 4492 positi
985 4434 1138 4489 sunt,
1184 4432 1229 4477 et
1255 4423 1519 4490 judicium
1558 4423 1685 4477 sedit
1714 4422 1873 4490 (Dan.

302 4516 456 4589 7.9).
490 4516 707 4572 Sedere
735 4524 913 4567 autem
955 4513 1265 4583 simplici'er
1313 4514 1531 4568 alterius
1579 4513 1875 4583 symbolum

301 4619 381 4675 est,
400 4611 472 4663 ait
501 4606 795 4679 propheta.
826 4604 1150 4674 Cujusnam?
1177 4605 1361 4672 Firmi,
1393 4607 1675 4670 manentis,
1690 4620 1877 4673 proce-

300 4702 471 4767 dentis,
500 4697 877 4762 immutabilis,
900 4698 1453 4763 interminabilis,vitze
1474 4697 1874 4767 perennis.ldco

300 4795 383 4849 ait:
403 4795 484 4850 'Iu
516 4792 722 4848 sedens
752 4790 808 4845 in
831 4793 1109 4858 saeculum,
1136 4800 1191 4847 et
1207 4805 1303 4845 nos
1326 4799 1612 4860 pereuntes
1636 4790 1688 4844 in
1708 4805 1876 4845 saecu-

300 4886 498 4963 lttm(a).
537 4890 647 4955 Tu,
678 4888 877 4959 inquit,
908 4900 1157 4951 manens,
1190 4886 1472 4951 exsistens,
1498 4882 1701 4947 vivens,
1733 4898 1875 4937 sem.

302 4994 373 5048 per
393 4983 581 5037 eodem
603 4983 891 5039 exsistens
918 4979 1103 5033 modo.
1127 4977 1277 5043 Quod
1309 4976 1449 5030 enim
1478 4974 1529 5028 id
1560 4989 1663 5028 non
1682 4974 1873 5027 dixerit

302 5069 634 5138 decatbedra,
689 5073 807 5143 ipsa
848 5069 1129 5125 distinctio
1155 5065 1551 5121 demonstravit.
1576 5064 1691 5117 Non
1732 5065 1871 5117 enim

304 5163 423 5233 dixit,
448 5166 553 5222 Nos
578 5175 819 5231 stantes,
855 5162 979 5226 sed,
1005 5170 1309 5231 pereuntes.
1342 5157 1472 5212 Illud
1502 5166 1676 5211 autem
1708 5157 1759 5210 in
1783 5171 1874 5209 so-

304 5254 356 5310 lio
374 5258 566 5324 sedere,
595 5258 651 5313 id
681 5266 771 5313 est
795 5254 1076 5326 judicare.
1107 5250 1232 5305 ldeo
1262 5250 1432 5319 ipsum
1472 5250 1549 5303 sic
1593 5249 1739 5302 videt
1781 5264 1872 5301 se-

300 5348 470 5406 dentem
491 5368 658 5423 super
682 5348 895 5406 solium
928 5344 1209 5400 excelsum
1224 5351 1275 5396 et
1296 5343 1559 5396 elevatum
1586 5358 1600 5407 ;
1622 5341 1705 5394 vel
1731 5339 1874 5394 aliud

293 5444 389 5511 hoc,
406 5448 538 5503 aliud
567 5445 708 5503 illud
737 5438 1092 5499 subindicat.
1122 5436 1327 5490 Etenim
1350 5436 1616 5489 excelsum
1648 5441 1763 5488 erat
1787 5448 1875 5486 so-

280 5534 398 5605 lium,
435 5540 486 5597 id
511 5549 599 5598 est
635 5547 925 5609 magnum
960 5536 1021 5601 et
1047 5526 1364 5582 altissimum
1384 5567 1400 5594 ,
1428 5534 1483 5580 et
1510 5526 1793 5589 elevatum,
1823 5522 1875 5578 id

316 5677 375 5739 ()
403 5676 611 5739 Videtur
660 5674 749 5724 hic
784 5669 1189 5739 WW9?
1206 5659 1647 5739 tacendave!
1660 5658 1875 5739 93933115

443 5722 786 5794 Quaeritis
806 5722 1118 5796 prdphetze;
1140 5725 1229 5775 sed
1250 5722 1435 5775 nullum
1456 5722 1605 5774 talem
1626 5724 1839 5785 reperio.

2026 394 2143 450 est,
2191 387 2465 445 immense
2490 391 2783 449 altitudinis
2828 412 3089 466 apparens
3140 411 3195 456 ct
3238 404 3499 465 sublimis.
3538 410 3603 466 Et

2026 475 2177 543 plena
2202 487 2309 531 erat
2349 480 2527 536 domus
2551 484 2713 551 gloria
2742 487 2868 557 ejus.
2901 489 3032 558 Qum
3071 491 3298 549 domus?
3328 497 3413 553 dic
3450 501 3603 563 mihi.

2024 565 2326 639 Templum.
2348 573 2478 639 Quia
2497 576 2637 630 enim
2662 579 2807 634 illinc
2826 582 3133 640 oriebantur
3147 587 3455 654 inimicitiae,
3483 593 3607 656 jure

2023 657 2077 712 in
2098 659 2197 714 hac
2217 662 2447 720 mirabili
2468 666 2669 723 visione
2691 670 2761 723 ibi
2780 675 3105 743 conspicitur
3128 680 3341 736 sedens.
3367 682 3599 741 Gloriam

2021 760 2199 806 autem
2244 753 2329 810 hic
2358 766 2511 812 vocat
2557 760 3111 833 splendorem,lueem
3155 771 3599 847 inaccessililem,

2020 858 2178 912 quam
2205 861 2325 900 eum
2352 864 2458 904 non
2499 861 2681 920 posset
2713 856 2889 911 verbis
2914 861 3232 929 exprimere,
3264 867 3485 936 gloriam
3515 883 3608 921 vo-

2019 938 2180 1003 cavit,
2216 954 2389 1010 neque
2417 943 2731 1013 simpliciter
2748 948 2992 1017 gloriam,
3024 952 3118 1006 sed
3152 955 3244 1010 Dei
3269 958 3513 1026 gloriam.
3539 962 3595 1018 2.

2019 1026 2089 1081 Et
2128 1030 2401 1100 Seraphim
2442 1035 2641 1090 stabant
2682 1038 2735 1092 in
2772 1040 2986 1094 circuitu
3014 1046 3138 1115 ejus.
3187 1048 3438 1113 Quzenam
3468 1054 3599 1109 dict

2018 1122 2134 1179 lucc
2158 1124 2473 1197 Seraphim?
2498 1129 2735 1187 Virtutes
2758 1133 3099 1204 incorporeas
3114 1154 3463 1208 supernorum
3489 1162 3605 1207 cm-

2018 1223 2196 1282 tuum,
2239 1234 2461 1286 quarum
2492 1220 2740 1277 virtutem
2771 1234 2825 1278 et
2850 1224 3228 1284 beatitudinem
3255 1248 3320 1287 ex
3360 1234 3475 1303 ipso
3503 1253 3601 1292 no-

2018 1309 2160 1363 mine
2178 1310 2358 1366 videre
2374 1320 2477 1366 est.
2500 1312 2630 1368 Nam
2655 1315 2910 1371 llebraica
2939 1318 3115 1391 lingua
3140 1321 3417 1394 Serapbim
3437 1328 3598 1399 ignita

2015 1414 2106 1453 ora
2138 1401 2432 1470 significant
2462 1403 2557 1477 ().

2096 1488 2346 1545 Virtutum
2370 1496 2642 1549 cwlestium
2673 1498 2925 1568 ofcim
2940 1500 3076 1567 Quid
3104 1502 3263 1574 igitur
3292 1505 3415 1561 hinc
3438 1508 3599 1566 disci-

2014 1582 2169 1637 mus?
2195 1584 2482 1641 Puritatem
2509 1588 2837 1657 substantiae,
2867 1592 3211 1662 vigilantiam,
3242 1598 3593 1671 diligentiam,

2013 1673 2325 1743 agilitatem,
2358 1678 2465 1736 vim
2510 1680 2785 1747 operandi,
2818 1682 3154 1740 munditiem.
3190 1686 3266 1740 lla
3294 1690 3437 1744 enim
3468 1707 3594 1761 pro-

2013 1766 2172 1834 pheta
2201 1767 2369 1823 David
2400 1786 2748 1840 superuarum
2779 1786 3104 1844 potestatum
3135 1782 3439 1851 expeditum
3488 1788 3593 1841 mi-

2012 1857 2289 1912 nisterium
2310 1859 2497 1914 volens
2514 1862 2667 1916 nobis
2688 1866 2991 1933 ostendere,
3022 1885 3225 1925 necnon
3257 1874 3590 1933 velocitatem

2010 1947 2409 2018 agilitatemque
2453 1952 2774 2021 ministerii,
2804 1956 3015 2012 dicebat
3045 1978 3057 2013 :
3094 1963 3192 2027 Qui
3218 1967 3345 2034 fucis
3386 1970 3593 2039 angelos

2007 2048 2120 2095 tuos
2158 2045 2384 2112 spiritus,
2435 2055 2481 2097 et
2505 2047 2761 2102 ministros
2789 2058 2900 2104 tuos
2929 2053 3191 2121 ammam
3236 2057 3367 2127 ignis
3416 2061 3587 2129 (Isal.

2008 2134 2131 2189 105.
2154 2135 2242 2204 4)
2270 2137 2627 2205 velocitatem,
2661 2140 2947 2211 levitatem,
2972 2146 3259 2216 agilitatem
3310 2154 3460 2207 nobis
3494 2170 3589 2223 per

2008 2225 2124 2281 haec
2161 2228 2426 2284 elementa
2462 2232 2776 2288 ostendens.
2810 2234 3126 2305 llujusmodi
3169 2241 3345 2297 officia
3392 2244 3591 2303 habent

2007 2315 2089 2371 lue
2110 2318 2354 2383 virtutes,
2378 2335 2471 2375 ore
2498 2336 2631 2390 puro
2650 2323 2981 2381 celebrantes
3004 2328 3304 2397 Dominum,
3336 2335 3435 2387 hoe
3455 2352 3589 2407 opus

2000 2410 2201 2483 jugiter
2223 2412 2502 2481 habentes,
2532 2414 2716 2470 laudes
2744 2418 3052 2486 offerentes,
3085 2423 3401 2481 incessabile
3428 2430 3586 2484 mini-

2002 2504 2244 2558 sterium.
2296 2505 2491 2559 Earum
2533 2517 2711 2561 autem
2748 2508 3055 2579 dignitatem
3106 2514 3157 2568 id
3205 2528 3588 2575 commonstrat

2002 2595 2142 2663 quod
2188 2597 2324 2652 solio
2363 2596 2470 2652 sint
2508 2599 2716 2653 vicinae.
2750 2600 3204 2668 Quemadmodum
3253 2610 3393 2662 enim
3446 2614 3584 2680 apud

2004 2694 2248 2743 terrenos
2284 2704 2455 2759 reges,
2488 2692 2577 2761 qui
2622 2694 2674 2747 in
2706 2694 2909 2763 majore
2937 2694 3196 2764 dignitate
3226 2708 3370 2765 sunt,
3420 2718 3585 2773 prope

2000 2780 2195 2833 solium
2224 2782 2424 2851 regium
2457 2792 2600 2837 stant
2628 2803 2640 2836 :
2672 2786 2748 2839 sic
2770 2796 2821 2841 et
2850 2786 2931 2841 hre
2962 2798 3253 2857 potestates
3274 2792 3344 2845 ob
3374 2795 3582 2849 virtutis

1999 2872 2343 2926 eminentiam
2374 2874 2600 2930 sublime
2632 2877 2826 2931 solium
2852 2879 3279 2948 circumsistunt,
3331 2884 3580 2941 inchabili

1998 2964 2329 3020 beatitudine
2358 2976 2615 3036 perpetuo
2641 2967 2900 3033 fruentes,
2934 2981 2987 3025 et
3028 2972 3081 3027 in
3119 2973 3272 3029 beata
3305 2988 3453 3031 sorte
3483 2977 3580 3032 litt-

1990 3056 2227 3123 jusmodi
2259 3057 2417 3113 officii
2443 3059 2755 3128 gaudentes.
2787 3061 2892 3117 Sea:
2916 3064 3013 3117 alae
3037 3067 3144 3131 uni,
3170 3076 3218 3119 et
3246 3085 3335 3122 sea:
3361 3070 3460 3122 alio
3496 3072 3576 3125 al-

1995 3148 2107 3201 teri.
2139 3147 2203 3202 Et
2226 3149 2425 3220 quidem
2450 3150 2645 3205 duabus
2669 3152 2895 3207 uelabant
2922 3157 3070 3225 pedes
3091 3173 3228 3224 suos,
3261 3158 3456 3216 duabus
3483 3179 3578 3215 au-

1993 3249 2090 3295 tem
2116 3243 2343 3296 uelabant
2366 3244 2519 3311 facies
2542 3262 2659 3298 suas
2685 3244 2758 3318 ()
2781 3288 2793 3311 ,
2820 3257 2867 3300 et
2894 3248 3089 3303 duabus
3118 3251 3372 3305 volabant.
3399 3253 3455 3307 5.
3504 3254 3572 3310 Et

1991 3334 2274 3389 clamabant
2302 3338 2430 3391 alter
2448 3338 2516 3391 ad
2540 3340 2773 3405 alterum,
2804 3350 2849 3395 et
2887 3342 3151 3398 dicebant:
3181 3344 3420 3411 Sanctus,
3450 3365 3573 3402 san-

1990 3433 2119 3491 ctus,
2146 3436 2366 3493 sanctus,
2398 3427 2645 3482 Dominus
2684 3430 2931 3485 Sabaoth.
2967 3432 3133 3486 Plena
3162 3444 3233 3489 est
3261 3438 3422 3491 onmis
3442 3448 3574 3493 terra

1988 3518 2152 3589 gloria
2180 3521 2306 3589 ejus.
2334 3520 2470 3586 Quid
2499 3522 2653 3575 nobis
2685 3522 2768 3577 ha:
2788 3538 2981 3593 penna:
3009 3526 3325 3596 significant,
3350 3538 3405 3584 et
3446 3533 3571 3601 quid

1988 3608 2143 3662 nobis
2172 3610 2270 3663 alte
2299 3611 2670 3665 subindicant?
2694 3612 2880 3682 Neque
2907 3614 3047 3668 enim
3093 3616 3422 3687 incorporeae
3468 3622 3569 3681 illa:

1986 3708 2281 3768 potestates
2310 3701 2424 3755 alas
2456 3701 2690 3757 habent:
2714 3703 2807 3758 sed
2830 3720 3041 3777 rursum
3066 3708 3414 3765 erassioribus
3440 3711 3544 3783 fign

1986 3792 2060 3846 ris
2090 3807 2283 3846 arcana
2304 3792 2548 3862 quaedam
2574 3793 2729 3848 nobis
2746 3795 2948 3851 indicat
2977 3798 3251 3868 propheta,
3276 3800 3561 3865 infirmitati

1985 3898 2169 3938 eorum
2196 3885 2285 3954 qui
2316 3894 2443 3939 tunc
2475 3886 2761 3941 audiebant
2786 3903 2845 3943 se
2874 3898 3258 3959 attemperans,
3304 3895 3567 3963 simulque

1984 3976 2145 4032 etiam
2172 3993 2267 4046 per
2298 3978 2434 4032 hanc
2454 3982 2947 4047 attemperationem
2967 3997 3123 4037 sensa
3149 3984 3391 4055 quaedam
3420 4003 3568 4043 men-

1986 4080 2091 4125 tem
2124 4085 2338 4125 omnem
2364 4073 2666 4140 superantia
2692 4083 2941 4129 accurate
2968 4075 3121 4129 nobis
3147 4078 3453 4134 ostendens.

2054 4161 2107 4215 3.
2147 4160 2282 4227 Quid
2321 4162 2478 4231 igitur
2522 4163 2859 4219 subindiCant
2905 4165 3042 4219 alte?
3083 4166 3463 4223 Celsitudincm
3509 4181 3565 4225 et

1983 4253 2357 4309 sublimitatem
2389 4253 2574 4307 harum
2601 4255 2877 4310 virtutum.
2916 4256 3005 4311 Sic
3032 4266 3087 4311 et
3115 4256 3323 4313 Gabriel
3354 4260 3561 4327 volans,

1981 4354 2035 4397 et
2060 4345 2126 4397 de
2152 4346 2284 4398 cazlo
2310 4345 2645 4400 descendens
2665 4356 2905 4415 apparet,
2936 4357 2993 4401 ut
3019 4347 3195 4403 discas
3224 4350 3562 4409 velocitatem

1980 4444 2033 4490 et
2054 4434 2342 4489 levitatem.
2378 4435 2444 4489 Et
2467 4436 2593 4506 quid
2621 4438 2849 4502 miraris,
2882 4438 2925 4491 si
2952 4438 3018 4492 de
3044 4439 3369 4496 administris
3400 4442 3563 4497 virtu-

1980 4527 2119 4581 tibus
2145 4527 2367 4596 loquens
2393 4526 2695 4595 bujusmodi
2714 4529 2888 4582 verbis
2907 4544 3030 4583 usus
3055 4540 3157 4596 est,
3175 4535 3385 4601 quando
3402 4536 3561 4591 etiam

1978 4616 2045 4671 de
2075 4618 2443 4671 universorum
2470 4617 2578 4673 Deo
2600 4634 2706 4673 nou
2728 4619 3037 4691 dedignatus
3055 4632 3136 4675 est
3156 4623 3292 4678 hanc
3307 4625 3562 4681 adhibere

1980 4709 2523 4776 attemperatiouem?
2561 4708 2691 4764 Cum
2726 4712 2867 4765 enim
2899 4714 3055 4768 vellet
3084 4715 3247 4770 David
3279 4718 3561 4775 ostendere

1978 4810 2068 4854 aut
2102 4802 2219 4871 ejus
2245 4801 2614 4871 incorpoream
2645 4814 2884 4857 naturam
2905 4844 2921 4870 ,
2958 4814 3051 4859 aut
3081 4810 3412 4863 velocitatem
3440 4814 3560 4880 qua:

1981 4892 2171 4962 ubique
2203 4907 2443 4963 praesens
2491 4903 2593 4957 est,
2644 4895 2754 4947 ait:
2790 4895 2889 4959 Qui
2926 4897 3155 4949 ambulas
3198 4914 3347 4963 super
3370 4917 3562 4969 pennas

1977 4994 2236 5037 uentorum
2282 4984 2475 5051 (Psal.
2520 4986 2643 5040 105.
2687 4987 2761 5055 5),
2817 4987 2915 5041 etsi
2956 5004 3125 5057 neque
3166 4989 3309 5042 venti
3357 5004 3562 5057 pennas

1979 5074 2228 5142 habeant,
2255 5093 2427 5147 neque
2455 5078 2567 5148 ipse
2595 5091 2754 5146 super
2779 5093 2976 5146 pennas
2998 5080 3248 5133 ambulet.
3281 5081 3560 5144 Quomch

1979 5169 2119 5222 enim
2144 5168 2258 5224 fieri
2287 5169 2473 5239 possit,
2502 5184 2622 5224 cum
2650 5170 2842 5239 ubique
2872 5184 3105 5239 prtesens
3127 5170 3226 5224 sit?
3254 5170 3343 5223 Yet
3362 5186 3469 5232 um,
3505 5180 3559 5223 ut

2062 5305 2112 5367 a)
2144 5312 2273 5353 Itane
2296 5317 2407 5353 esse
2426 5312 2561 5366 putat
2582 5304 2950 5367 Chrysostomus
2967 5304 3414 5367 interpretationem
3430 5308 3555 5354 vocis

1980 5366 2241 5427 Hebraicae,
2282 5372 2483 5431 Dig-1w,
2514 5380 2649 5428 quasi
2674 5366 2899 5415 videlicet
2936 5367 3196 5426 composita
3227 5366 3291 5413 sit
3315 5379 3375 5413 ex
3401 5372 3518 5445 r1111:
3538 5410 3553 5431 ,

1980 5474 2138 5519 urere,
2166 5466 2217 5509 et
2239 5466 2314 5519 na
2343 5457 2422 5509 vel
2525 5473 2591 5517 os,
2616 5458 2730 5509 oris.
2749 5459 2838 5507 Sed
2863 5459 3124 5520 Serapbim,
3146 5464 3200 5506 ut
3219 5471 3361 5506 nemo
3384 5462 3555 5519 nescit,

1979 5530 2150 5599 ignitus
2176 5530 2252 5578 vel
2276 5530 2436 5599 igneos
2456 5531 2735 5591 simpliciter
2752 5527 3003 5599 significat.

2045 5592 2116 5652 (lt)
2152 5599 2261 5641 Hinc
2284 5596 2473 5641 inversa
2496 5600 2636 5648 sunt;
2663 5604 2771 5637 nam
2795 5592 2843 5637 in
2880 5592 3115 5652 Scriptura
3139 5601 3272 5637 sacra
3300 5594 3450 5651 primo
3468 5604 3553 5651 po-

1980 5650 2161 5738 nuutut;
2182 5654 2271 5706 alze
2294 5668 2403 5718 quae
2426 5653 2598 5705 faciem
2622 5660 2811 5716 tegunt,
2832 5651 3045 5702 secundo
3070 5650 3162 5701 illae
3187 5650 3562 5715 quispam-suc-

1982 5723 2184 5768 cultant.
