4102 6306
601 316 662 372 7|
1268 314 1328 371 ὃ.
1366 314 1643 373 JOANNIS
1669 314 2145 373 CIIRYSOSTOMI
2185 316 2498 375 ARClllEP.
2539 319 3071 378 CONSTANTINOP.
3778 338 3837 393 ’ῖς

594 430 701 500 iam
731 428 871 496 dixi,
914 428 1210 484 infirmitati
1248 429 1576 484 audientium
1602 445 1661 484 se
1688 438 2048 501 attemperaus
2068 470 2084 500 ,
2116 431 2184 486 ab

598 522 682 585 iis,
718 536 941 591 quorum
964 536 1188 589 capaces
1209 529 1381 584 erant,
1416 529 1648 575 mentem
1681 536 1865 575 eorum
1888 523 2078 575 erexit.
2106 522 2184 577 Ac

594 628 810 669 rursum
856 612 972 684 ejus
1016 613 1269 668 auxilium
1320 622 1374 667 et
1423 612 1764 668 securitatem
1809 613 1933 668 inde
1977 622 2182 683 partam

594 706 849 763 exhibere
873 705 1059 761 volens
1083 746 1099 771 ,
1130 704 1318 759 iisdem
1346 704 1509 759 utitur
1534 704 1730 769 verbis,
1759 703 1836 759 sic
1863 704 2044 758 dicens
2073 724 2079 731 ~
2114 703 2182 757 In

596 796 774 851 umbra
801 797 999 850 alarum
1026 805 1228 849 tuarum
1256 804 1483 866 proteges
1518 812 1597 849 me
1630 793 1799 868 (Psal.
1831 795 1919 849 16.
1944 796 2021 864 8).
2068 794 2183 851 Hoc

592 898 771 944 autem
800 889 919 943 loco
948 903 1053 942 non
1076 887 1455 941 sublimitatem
1487 886 1661 940 solum
1697 886 1811 955 ejus
1837 900 1899 940 ac
1926 886 2180 940 velocita-

594 993 702 1037 tem
733 998 827 1052 per
852 982 965 1036 alas
988 979 1320 1045 subindicat;
1349 978 1443 1034 sed
1468 987 1522 1034 et
1544 978 1683 1033 aliud
1712 978 1979 1049 quidpiam
2002 978 2178 1032 horri-

595 1077 720 1132 bile.
770 1072 1017 1131 Ostendit
1048 1072 1191 1128 enim
1216 1113 1231 1140 ,
1262 1071 1470 1128 etiamsi
1509 1070 1564 1126 id
1599 1070 1741 1141 quod
1767 1070 2042 1125 videbatur
2081 1085 2179 1141 per

592 1170 1088 1240 attemperationem
1110 1176 1271 1232 esset,
1296 1174 1356 1220 ut
1379 1180 1564 1221 revera
1590 1174 1724 1231 erat,
1752 1179 2009 1234 supernas
2033 1174 2177 1220 certe

591 1272 919 1336 potestates,
951 1276 1018 1316 ne
1052 1260 1154 1316 hac
1195 1259 1409 1330 quidem
1451 1271 1702 1313 mensura
1749 1256 1800 1310 id
1843 1271 2035 1327 capere
2077 1271 2173 1326 po-

592 1357 781 1410 tuisse.
812 1353 943 1408 Nam
967 1351 1108 1422 quod
1135 1358 1375 1422 tegerent
1405 1349 1588 1420 pedes,
1612 1357 1667 1403 et
1692 1346 1830 1417 quod
1862 1349 1988 1401 item
2015 1347 2174 1402 dorsa

590 1447 850 1510 volarent,
897 1442 1222 1513 stupentium
1250 1450 1397 1505 erat,
1442 1449 1496 1495 et
1526 1442 1864 1494 trementium
1890 1437 2170 1509 fulgorem,

591 1552 691 1593 nec
717 1536 997 1591 ferentium
1025 1532 1365 1605 splendorem
1386 1548 1454 1587 ex
1482 1532 1615 1587 solio
1638 1531 2020 1601 prosilientem.
2047 1529 2172 1586 ldeo

591 1632 802 1701 objectu
846 1630 1088 1695 alarum,
1135 1643 1235 1683 ceu
1281 1625 1510 1697 quodam
1556 1627 1791 1694 pariete,
1841 1622 2003 1678 facies
2047 1638 2173 1679 suas

589 1722 1009 1784 obumbrabant;
1036 1720 1087 1775 id
1110 1718 1251 1789 quod
1278 1718 1455 1772 facere
1482 1716 1718 1771 solemus
1738 1724 1829 1769 aut
1853 1716 2050 1769 tonitru
2071 1715 2169 1771 de-

590 1818 799 1873 eidente
822 1858 837 1881 ,
867 1824 958 1869 aut
987 1813 1281 1884 fulguribus
1312 1809 1554 1873 emissis,
1587 1822 1773 1864 versus
1806 1808 2170 1878 pavimentum

587 1923 688 1966 nos
713 1909 1053 1972 inclinantes,
1082 1905 1184 1959 hoc
1207 1912 1262 1959 et
1286 1903 1392 1958 illae
1416 1901 1695 1957 faciebant.

659 2002 925 2056 Anomwos
946 2000 1237 2053 insectatur.
1264 2026 1335 2037 —
1361 1995 1514 2062 Quod
1553 1995 1600 2049 si
1637 1992 1939 2064 Seraphim,
1966 2007 2169 2063 magnae

590 2097 694 2151 illa:
722 2094 1094 2162 mirabilesque
1128 2091 1368 2153 virtutes,
1395 2089 1566 2143 Deum
1588 2086 1887 2153 sedentem,
1931 2086 1983 2141 in
2011 2087 2167 2154 solio,

588 2188 827 2257 inquam,
855 2184 1129 2239 sedentem
1160 2184 1276 2237 sine
1306 2182 1496 2236 timore
1534 2178 1717 2235 videre
1756 2193 1862 2233 non
1902 2187 2165 2249 poterant,

592 2279 690 2334 sed
732 2285 789 2332 et
831 2276 994 2331 facies
1022 2284 1073 2329 et
1099 2273 1263 2344 pedes
1290 2271 1563 2331 velabant,
1587 2265 1708 2337 quis
1734 2284 1913 2326 sermo
1960 2270 2167 2325 illorum

586 2369 848 2426 insaniam
877 2366 1153 2422 declarare
1179 2364 1396 2434 poterit,
1424 2362 1515 2432 qui
1543 2376 1602 2417 se
1628 2362 1774 2416 clare
1799 2361 1970 2431 ipsum
2004 2361 2169 2415 Deum

589 2476 749 2518 nosse
789 2460 993 2525 dicunt,
1021 2466 1076 2514 et
1111 2456 1202 2527 qui
1243 2458 1309 2511 de
1335 2455 1621 2510 immortali
1647 2454 1733 2509 illa
1760 2454 2051 2509 substantia
2078 2469 2172 2509 cu-

586 2554 731 2610 riose
759 2550 1106 2622 perquirunt?
1138 2548 1345 2603 Duabus
1361 2546 1616 2612 volabant,
1631 2556 1677 2599 et
1702 2546 2004 2600 clamabant.
2034 2546 2171 2615 Quid

589 2645 693 2701 hoc
736 2653 819 2699 est
845 2685 860 2711 ,
901 2641 1184 2706 Volabant,
1229 2648 1285 2696 et
1325 2639 1450 2711 quid
1497 2640 1608 2693 vult
1650 2638 1982 2709 signiﬁcare?
2024 2638 2170 2708 ipsas

588 2754 782 2809 nempe
800 2738 1012 2793 assidue
1038 2737 1178 2791 circa
1205 2736 1371 2790 Deum
1397 2749 1538 2801 esse,
1565 2749 1667 2789 nec
1687 2736 1755 2787 ab
1776 2733 1870 2788 illo
1896 2733 2164 2799 secedere,

587 2830 683 2886 sed
731 2830 867 2884 hanc
912 2828 1018 2883 illis
1062 2842 1182 2882 esse
1208 2825 1421 2881 vivendi
1463 2826 1763 2890 rationem,
1808 2831 1869 2878 ut
1913 2832 2171 2893 perpetuo

588 2926 760 2994 ipsum
788 2929 981 2977 canant
1004 2962 1018 2985 ,
1050 2930 1108 2975 ut
1145 2934 1357 2989 semper
1399 2917 1653 2988 Opiﬁcem
1694 2931 1848 2973 suum
1874 2917 2168 2973 celebrent.

588 3016 705 3072 Non
729 3014 872 3069 enim
896 3012 1049 3079 dixit,
1078 3011 1475 3077 Clamavcrunt,
1500 3009 1615 3073 sed,
1640 3007 1955 3073 Clamabunt,
1988 3008 2039 3063 id
2066 3017 2168 3073 cst,

589 3110 691 3163 hoc
714 3117 969 3177 perpetuo
998 3104 1191 3159 habent
1214 3118 1367 3173 opus.
1410 3103 1552 3157 Alter
1575 3102 1642 3155 ad
1665 3103 1880 3155 alterum
1906 3143 1920 3167 ,
1947 3110 1995 3155 et
2032 3101 2170 3155 dice-

589 3197 748 3251 bant:
782 3196 1022 3259 Sanctus,
1047 3204 1270 3258 sanctus,
1295 3203 1518 3247 sanctus.
1570 3192 1682 3248 Hoc
1708 3193 2023 3247 concinnam
2051 3209 2170 3247 mo-

587 3287 927 3355 dulatamque
956 3300 1139 3339 eorum
1186 3282 1555 3355 symphoniam
1601 3282 1837 3346 indicat,
1885 3281 2172 3352 laudesque

587 3391 780 3448 magno
822 3390 1088 3430 consensu
1130 3373 1446 3429 celebratas.
1505 3372 1602 3427 Hic
1646 3372 1875 3444 hymnus
1919 3388 2025 3427 non
2056 3372 2171 3428 laus

587 3468 750 3523 modo
794 3479 895 3533 est,
945 3466 1037 3521 sed
1082 3466 1241 3520 etiam
1269 3464 1551 3535 prophetia
1583 3462 1650 3518 de
1676 3464 1830 3519 bonis
1858 3478 1976 3533 quae
2003 3471 2170 3519 totum

587 3559 770 3613 orbem
799 3566 1119 3626 occupatura
1146 3564 1291 3621 sunt,
1324 3563 1481 3624 atque
1495 3555 1655 3608 etiam
1681 3554 1985 3623 dogmatum
2014 3568 2174 3608 accu-

586 3658 703 3704 rata
746 3649 1043 3719 disciplina.
1092 3645 1199 3702 Cur
1226 3654 1403 3701 autem
1448 3660 1554 3700 non
1597 3646 1763 3700 semel
1804 3646 2084 3712 dixerunt,
2118 3652 2174 3701 et

586 3750 886 3805 tacuerunt,
920 3755 1091 3810 neque
1118 3738 1357 3793 secundo
1381 3780 1395 3804 ,
1428 3746 1483 3792 et
1510 3747 1693 3808 postea
1720 3737 2030 3803 desierunt,
2077 3736 2172 3792 sed

589 3833 803 3888 tertium
835 3833 993 3886 etiam
1020 3830 1378 3886 addiderunt?
1410 3830 1600 3884 Annon
1647 3829 1819 3897 palam
1849 3828 2007 3883 estid
2053 3827 2172 3883 ideo

530 3970 539 3987 ,
587 3924 707 3979 illas
731 3923 921 3978 fecisse
944 3964 960 3989 ,
993 3931 1050 3976 ut
1086 3921 1342 3992 hymnum
1370 3919 1623 3975 offerrent
1652 3919 1940 3974 Trinitati?
1969 3919 2172 3974 Idcirco

588 4016 820 4071 Joannes
850 4014 902 4069 id
928 4014 995 4069 de
1020 4014 1155 4068 Filio
1182 4013 1382 4067 dictum
1425 4012 1586 4066 fuisse
1612 4012 1705 4076 ait,
1750 4012 1922 4067 Lucas
1950 4027 2078 4067 vero
2106 4011 2173 4066 de

591 4108 815 4180 Spiritu,
849 4106 1107 4178 propheta
1137 4105 1353 4160 demum
1383 4102 1451 4158 de
1481 4104 1660 4157 Patre.
1710 4103 1838 4170 Quae
1882 4113 2174 4174 sequuntur

590 4212 767 4255 autem
791 4199 928 4253 hanc
948 4197 1101 4252 nobis
1122 4197 1393 4251 insinuant
1408 4195 1745 4248 sententiam.
1770 4194 1896 4248 Post
1918 4195 2171 4266 hymnum

590 4295 734 4351 enim
761 4292 1082 4348 addiderunt
1115 4309 1127 4345 :
1162 4289 1325 4344 Plena
1356 4298 1427 4343 est
1466 4288 1627 4343 omnia
1666 4297 1799 4341 terra
1834 4288 1999 4358 gloria
2041 4290 2169 4358 ejus.

590 4387 651 4445 Id
697 4384 836 4457 quod
868 4393 1131 4439 accuratas
1158 4380 1452 4452 prophetia:
1476 4388 1612 4444 erat,
1641 4376 1870 4432 futuram
1897 4378 2172 4432 scientiam

591 4478 981 4550 praenuntiant,
1017 4490 1109 4544 per
1135 4489 1293 4544 quam
1339 4474 1617 4527 universus
1664 4469 1810 4524 orbis
1860 4469 1957 4524 Dei
2004 4470 2172 4540 gloria

590 4571 830 4641 repletus
857 4578 939 4624 est
968 4585 981 4621 :
1012 4583 1131 4621 cum
1160 4578 1344 4621 contra
1372 4566 1521 4633 olim,
1554 4575 1608 4620 et
1633 4579 1752 4620 cum
1785 4563 1899 4617 haec
1927 4564 2171 4618 diceren-

591 4674 699 4729 tur,
750 4677 853 4716 non
899 4660 1058 4715 modo
1084 4659 1300 4728 reliquae
1330 4659 1474 4713 orbis
1507 4666 1706 4728 partes,
1753 4656 1846 4711 sed
1872 4656 2030 4711 etiam
2058 4656 2173 4727 ipsa

592 4754 894 4811 Iudaeorum
938 4752 1121 4822 regio,
1174 4752 1336 4805 multa
1382 4751 1652 4821 impietate
1682 4749 1854 4819 plena:
1899 4758 2072 4811 erant,
2120 4756 2176 4803 et

589 4863 749 4903 nemo
778 4860 1001 4916 usquam
1033 4846 1198 4900 Deum
1244 4843 1592 4914 glorilieabat.
1640 4842 1923 4911 Testisque
1949 4850 2030 4896 est
2060 4842 2173 4911 ipse

584 4941 853 5011 propheta
882 4940 1063 4993 dicens
1092 4956 1106 4991 :
1152 4936 1370 5008 Propter
1394 4952 1480 4991 vos
1517 4952 1699 4990 nomen
1742 4952 1906 4989 meum
1937 4935 2172 5004 blasphe-

590 5044 758 5089 matur
777 5034 829 5086 in
862 5032 1088 5103 gentibus
1119 5029 1270 5103 (lsai.
1297 5030 1385 5085 52.
1416 5029 1493 5100 5).
1524 5027 1870 5096 Quandonam
1898 5028 2056 5098 igitur
2082 5028 2173 5082 im-

592 5125 732 5193 pleta
756 5132 839 5179 est
865 5132 1003 5177 terra
1026 5122 1190 5191 gloria
1214 5120 1364 5189 ejus?
1384 5120 1516 5173 Cum
1545 5119 1631 5174 hic
1657 5118 1884 5189 hymnus
1906 5121 1955 5172 in
1980 5128 2173 5174 terram

589 5218 800 5271 delatus
843 5225 964 5280 est,
1000 5213 1346 5281 hominesque
1392 5211 1446 5265 in
1478 5220 1616 5265 terra
1643 5210 1798 5279 positi
1825 5224 2173 5281 supernorum

590 5310 842 5364 virtutum
886 5307 1052 5362 choro
1096 5305 1327 5375 adjuncti
1375 5312 1531 5368 sunt,
1581 5317 1844 5371 unamque
1889 5301 2172 5357 melodiam

592 5402 913 5467 retulerunt,
941 5411 994 5455 et
1018 5400 1341 5468 conjunctim
1374 5399 1536 5452 Deum
1560 5395 1917 5452 celebrarunt.
1949 5393 2100 5462 Quod
2126 5394 2172 5449 si

592 5490 809 5547 Iudaeus
840 5493 923 5546 his
948 5492 1287 5561 impudenter
1311 5489 1568 5553 obsistat,
1600 5488 1795 5542 indicet
1835 5486 2172 5557 quandonam

594 5582 767 5635 «antiis
796 5591 936 5636 terra
958 5583 1127 5651 gloria
1153 5581 1269 5651 ejus
1294 5581 1496 5650 repleta
1522 5580 1623 5643 sit;
1654 5579 1753 5634 hac
1774 5593 1963 5648 nempe
1982 5578 2171 5647 gloria,

594 5687 712 5739 qua:
740 5687 805 5726 ex
836 5674 1137 5741 cognitione
1165 5671 1539 5743 proficiscitur.
1566 5669 1671 5726 Sed
1691 5685 1975 5738 numquam
1996 5677 2175 5725 osten-

594 5763 759 5829 derit,
784 5762 992 5820 etiamsi
1034 5765 1330 5822 sexcenties
1378 5762 1759 5836 impudentiam
1783 5776 1932 5821 suam
1962 5760 2170 5833 prodat.

2290 432 2343 487 4.
2374 432 2440 486 Et
2465 433 2705 489 eleuatum
2731 446 2805 490 est
2828 436 3212 507 superliminare
3232 454 3263 491 α
3282 454 3419 507 voce,
3443 456 3540 510 qua
3564 445 3836 505 clamabant.

2290 521 2479 578 Vidisti
2524 527 2821 595 prophetiae
2851 526 3159 583 facilitatem
3185 570 3201 596 ,
3234 545 3321 585 res
3365 531 3506 601 ipsas
3549 535 3643 590 sibi
3680 550 3841 595 mutuo

2287 614 2653 670 cohazrentes?
2674 616 2806 671 Nam
2836 627 2958 687 post
2988 618 3130 673 hunc
3169 620 3425 690 hymnum
3448 664 3463 687 ,
3492 637 3608 678 cum
3648 626 3840 697 impleta

2288 717 2427 762 esset
2455 717 2594 764 terra
2618 711 2783 779 gloria
2807 713 2942 781 ejus,
2970 712 3190 769 Judaica
3217 716 3393 771 omnia
3415 730 3699 789 cessarunt,
3716 726 3839 793 quod

2286 799 2458 870 ipsum
2488 804 2723 858 ostendit
2750 820 2845 873 per
2873 807 3134 861 elevatum
3163 810 3584 877 superliminare.

2354 892 2409 947 ι.
2450 892 2561 948 Hoc
2589 895 2783 965 quippe
2812 898 3020 967 signum
3057 909 3172 955 erat
3209 901 3551 959 desolationis
3598 916 3651 962 et
3688 911 3841 966 eversi

2284 984 2499 1052 templi;
2524 987 2726 1055 templo
2756 998 2934 1043 autem
2960 989 3028 1046 de
3055 991 3237 1047 medio
3262 993 3492 1061 sublato,
3523 996 3622 1050 alia
3651 998 3843 1069 insuper

2282 1078 2459 1131 omnia
2480 1091 2840 1135 cessaverunt.
2865 1081 2937 1138 Ut
2954 1093 3130 1138 autem
3147 1085 3321 1141 discas
3337 1086 3545 1143 Novum
3560 1090 3844 1148 Testamen-

2282 1173 2395 1220 tum
2420 1168 2704 1239 abrogasse
2735 1172 2922 1241 Vetus,
2948 1174 2991 1227 A
3016 1191 3151 1240 voce,
3182 1177 3371 1249 inquit,
3403 1180 3644 1235 eleuatum
3672 1194 3745 1237 est
3763 1201 3840 1238 su-

2282 1259 2635 1327 perliminare;
2662 1262 2712 1317 id
2743 1274 2843 1330 est,
2871 1280 2936 1320 eo
2959 1268 3099 1337 quod
3132 1268 3245 1324 hcce
3283 1271 3599 1341 gloriﬁcatio
3636 1275 3846 1333 advent~

2279 1350 2368 1413 rit,
2392 1361 2447 1406 et
2473 1355 2641 1423 gratia
2671 1353 2950 1424 ellulserit,
2982 1358 3256 1430 gloriaque
3285 1362 3451 1417 ell'usa
3480 1366 3551 1419 sit
3577 1381 3669 1435 per
3693 1376 3841 1424 totum

2279 1442 2485 1511 orbem,
2519 1445 2721 1501 umbras
2763 1447 3034 1518 dissipata-
3063 1460 3205 1506 sunt.
3237 1450 3308 1506 Et
3348 1456 3529 1510 domus
3569 1459 3751 1527 repleta
3782 1469 3844 1514 est

2278 1536 2441 1606 fumo.
2488 1537 2602 1593 Hoc
2629 1553 2838 1610 quoque
2867 1543 2996 1597 mihi
3040 1544 3249 1600 videtur
3292 1545 3500 1617 signum
3545 1564 3663 1605 esse
3700 1550 3843 1608 futuri

2276 1628 2393 1697 ejus
2422 1630 2631 1696 excidii,
2656 1632 2900 1703 ignisque
2921 1634 3202 1701 barbarici,
3232 1641 3659 1713 atrocissimique
3682 1644 3845 1701 incen-

2276 1716 2372 1771 dii.
2404 1718 2458 1774 5.
2487 1719 2555 1772 Et
2584 1720 2690 1775 dixi
2710 1738 2730 1776 :
2754 1721 2798 1776 Ο
2819 1740 2899 1779 me
2919 1725 3193 1781 miserum!
3215 1729 3335 1797 quia
3363 1742 3691 1796 compunctus
3721 1751 3841 1800 sum,

2274 1808 2394 1877 quia
2422 1809 2571 1865 homo
2590 1828 2703 1866 cum
2730 1814 2846 1881 sim,
2874 1825 2919 1869 et
2948 1815 3208 1871 immunda
3235 1819 3368 1873 labia
3393 1822 3619 1889 habeam,
3651 1825 3701 1879 in
3749 1844 3846 1881 me-

2275 1901 2361 1956 dio
2384 1905 2562 1973 populi
2582 1906 2845 1961 immunda
2872 1908 3006 1962 labia
3032 1910 3260 1966 habentis
3287 1928 3378 1985 ego
3407 1912 3657 1976 habito,et
3682 1915 3845 1971 Domi‘

2274 2010 2395 2048 num
2420 1994 2647 2051 Sabaoth
2667 1999 2683 2029 ¹
2711 1999 2813 2053 uidi
2850 2000 3012 2055 oculis
3040 2003 3181 2057 meis.
3216 2003 3344 2059 Haac
3370 2005 3508 2060 visio
3547 2009 3847 2079 prophetam

2275 2089 2552 2155 exterruit,
2584 2091 2960 2162 expergefecit,
2987 2093 3041 2148 in
3068 2109 3314 2165 magnam
3354 2096 3690 2154 formidinem
3732 2115 3849 2155 con-

2271 2175 2422 2246 jecit,
2441 2179 2509 2234 ad
2537 2180 2927 2239 confessionem
2952 2187 3201 2255 perpulit,
3217 2187 3469 2244 vilitatem
3492 2192 3720 2261 proprias
3738 2193 3852 2248 sub-

2274 2271 2483 2326 stantiae
2512 2281 2569 2327 ut
2601 2274 2792 2329 melius
2847 2286 3194 2346 cognosceret
3232 2278 3425 2334 ell‘ecit.
3462 2280 3622 2337 Tales
3666 2284 3849 2353 quippe

2273 2371 2399 2418 sunt
2426 2366 2592 2419 sancti
2623 2368 3079 2438 omneszquando
3117 2370 3307 2440 majori
3352 2370 3604 2427 fruuntur
3630 2371 3846 2438 honore,

2274 2462 2400 2511 tunc
2425 2458 2590 2527 magis
2616 2457 2979 2515 humiliantur.
3022 2460 3111 2516 Sic
3140 2471 3195 2517 et
3233 2461 3501 2518 Abraham
3530 2465 3699 2519 Deum
3732 2466 3851 2518 allo-

2274 2562 2463 2618 quens,
2497 2558 2694 2604 terram
2717 2560 2771 2605 et
2792 2552 3027 2607 cinerem
3057 2553 3291 2623 seipsum
3331 2556 3560 2610 vocabat
3589 2555 3739 2626 (Gen.
3767 2556 3849 2612 18.

2272 2644 2398 2712 27);
2429 2646 2505 2699 sic
2532 2655 2586 2700 et
2612 2646 2807 2701 Paulus
2853 2648 3067 2718 quando
3118 2650 3321 2705 visione
3365 2650 3452 2705 illa
3481 2650 3733 2722 dignatus
3756 2660 3849 2713 est,

2275 2746 2400 2792 tunc
2418 2737 2713 2793 abortivum
2741 2755 2798 2794 se
2825 2742 3116 2796 nominavit
3135 2740 3210 2814 (l.
3232 2741 3351 2797 Cor.
3382 2744 3578 2815 15.8);
3612 2746 3677 2799 ita
3697 2754 3750 2800 et
3776 2743 3855 2798 hic

2274 2840 2333 2882 se
2387 2828 2637 2882 miserum
2679 2830 2969 2899 praedicat,
3014 2832 3186 2901 primo
3226 2849 3293 2887 ex
3338 2842 3527 2888 natura
3581 2835 3790 2889 dicens:
3816 2834 3857 2887 0

2274 2936 2354 2973 me
2374 2920 2644 2975 miserum!
2661 2923 2779 2991 quia
2802 2933 3129 2993 compunctus
3147 2940 3279 2993 sum,
3300 2926 3417 2996 quia
3443 2926 3597 2981 homo
3609 2945 3718 2981 cun:
3746 2927 3857 2989 ›ἰι1ι;

2274 3011 2465 3067 deinde
2514 3012 2583 3067 ab
2627 3014 2789 3069 animi
2841 3016 3167 3081 conditione,
3211 3015 3281 3070 Et
3310 3017 3513 3087 impura
3566 3018 3707 3071 labia
3750 3032 3858 3070 cum

2273 3104 2502 3159 habeam.
2532 3106 2738 3175 lmpura
2764 3106 2900 3163 labia
2928 3122 3021 3162 sua
3048 3109 3275 3174 vocavit,
3305 3118 3362 3163 ut
3388 3124 3489 3179 ego
3520 3110 3787 3169 existimo.
3812 3114 3864 3169 in

2274 3197 2725 3265 comparationem
2754 3198 2901 3267 igniti
2928 3199 3037 3253 oris
3064 3199 3271 3253 illarum
3301 3215 3553 3270 purarum
3584 3201 3856 3262 virtutum,

2274 3296 2329 3342 et
2354 3290 2738 3344 accuratissimi
2759 3291 2900 3346 illius
2929 3291 3228 3347 ministerii.
3258 3291 3438 3362 Neque
3459 3294 3546 3351 hic
3575 3298 3745 3365 stetit,
3772 3290 3861 3346 sed

2277 3395 2373 3450 pro
2404 3390 2513 3435 toto
2542 3382 2735 3452 p0pulo
2758 3383 3058 3450 confitetur,
3079 3382 3194 3437 haec
3218 3383 3547 3453 subjungem
3571 3400 3584 3437 :
3613 3383 3685 3437 In
3710 3383 3865 3440 medio

2277 3474 2453 3542 papuli
2477 3474 2738 3527 immunda
2766 3474 2900 3528 labia
2920 3475 3146 3529 habentis
3165 3492 3256 3545 ego
3283 3476 3471 3531 habito.
3502 3476 3622 3544 Qua
3655 3490 3782 3531 vero
3802 3474 3867 3528 de

2275 3578 2435 3618 causa
2460 3565 2546 3620 hic
2576 3566 2712 3621 labia
2738 3566 3088 3621 criminatur?
3117 3567 3189 3622 Se
3216 3567 3403 3622 ﬁducia
3425 3569 3689 3640 loquendi
3708 3566 3870 3623 desti-

2277 3664 2448 3710 tutum
2478 3656 2784 3712 ostendens.
2812 3657 2943 3712 Nam
2974 3666 3081 3713 tres
3110 3659 3182 3712 illi
3213 3660 3361 3728 pueri
3382 3660 3483 3715 hoc
3504 3661 3686 3729 ipsum
3707 3673 3873 3729 prope

2277 3746 2544 3814 dicebant,
2586 3764 2705 3803 cum
2747 3760 2924 3805 essent
2956 3751 3008 3804 in
3048 3750 3299 3805 fornace:
3328 3748 3451 3804 Non
3479 3751 3600 3805 licet
3632 3750 3778 3805 nobis
3818 3765 3873 3802 os

2276 3840 2471 3909 aperire
2500 3838 2658 3910 (Dan.
2686 3841 2739 3895 5.
2772 3839 2885 3912 58).
2925 3840 2992 3895 Et
3032 3855 3173 3895 nunc
3199 3841 3411 3911 quando
3451 3839 3601 3911 hyrm
3627 3854 3785 3895 orum
3822 3848 3873 3891 et

2278 3930 2493 3985 laudum
2525 3940 2732 3999 tempus
2754 3941 2889 3999 erat,
2934 3940 2989 3987 et
3025 3946 3285 4002 supernas
3323 3941 3624 4002 potestates
3654 3930 3877 3986 videbat

2278 4022 2380 4078 hoc
2402 4032 2644 4093 agentes,
2662 4022 2783 4093 jure
2818 4024 2886 4079 ad
2925 4024 3061 4079 labia
3098 4008 3400 4079 sermonem
3431 4025 3725 4087 convertit,
3757 4038 3877 4091 qua:

2277 4118 2507 4171 maxime
2540 4117 2606 4171 ad
2646 4116 2749 4172 hoc
2784 4116 3015 4171 officium
3054 4125 3330 4172 vocantur.
3357 4114 3555 4170 Verum
3587 4113 3737 4170 labia
3779 4127 3879 4167 sua

2276 4206 2397 4263 ideo
2428 4208 2696 4263 immunda
2738 4209 2978 4273 vocavit;
3022 4208 3203 4278 populi
3237 4222 3368 4262 vero
3397 4206 3532 4261 labia
3575 4221 3690 4260 non
3725 4207 3876 4269 item,

2277 4302 2369 4357 sed
2400 4302 2521 4372 quia
2550 4303 2825 4373 iniquitate
2851 4301 3016 4356 multa
3042 4301 3231 4371 repleti
3258 4309 3429 4356 erant.
3460 4299 3526 4353 Et
3543 4298 3746 4370 Regem
3766 4296 3880 4349 Do-

2277 4395 2472 4449 minum
2506 4395 2608 4448 vidi
2636 4394 2795 4451 oculis
2823 4395 2967 4457 meis.
2998 4392 3124 4449 ldeo
3159 4407 3316 4463 gemo
3356 4400 3411 4447 et
3451 4392 3633 4461 lugeo,
3680 4390 3878 4459 inquit,

2277 4486 2417 4557 quod
2440 4486 2683 4557 indignus
2704 4486 2827 4542 licet
2850 4494 3053 4542 tantum
3075 4484 3332 4539 honorem
3354 4485 3454 4539 sim
3476 4490 3882 4554 consequutus,

2277 4577 2367 4647 qui
2398 4592 2572 4631 meam
2596 4579 2905 4647 dignitatem
2929 4586 3161 4647 superat,
3189 4592 3469 4647 meamque
3493 4585 3751 4631 naturam
3781 4590 3887 4628 ex-

2277 4667 2438 4722 cedit.
2466 4667 2599 4723 Cum
2626 4678 2802 4723 autem
2830 4668 2975 4733 dicit,
3008 4667 3137 4733 Vidi,
3159 4681 3227 4722 ne
3242 4676 3483 4721 exactam
3508 4666 3888 4737 cognitionem

2278 4768 2451 4831 putes,
2485 4760 2577 4815 sed
2606 4776 2725 4815 eam
2752 4760 2903 4829 cujus
2926 4760 3012 4815 ille
3037 4774 3204 4828 capax
3233 4768 3369 4813 erat.

2349 4852 2689 4924 Confessionis
2717 4853 2913 4906 lucrum
2948 4860 3209 4921 quantum.
3233 4880 3303 4889 —
3329 4850 3409 4904 Ac
3437 4846 3765 4904 consideres
3798 4862 3893 4902 ves

2279 4945 2369 4999 lim
2400 4953 2653 5014 quantum
2682 4945 2751 5000 sit
2778 4944 3125 5000 confessionis
3152 4942 3376 4997 lucrum.
3416 4942 3672 5011 Seipsum
3725 4955 3898 4995 accu-

2278 5037 2432 5101 savit,
2458 5046 2511 5091 et
2532 5036 2709 5091 statim
2736 5036 3020 5089 mundatus
3067 5042 3168 5089 est.
3199 5032 3333 5100 Quia
3371 5033 3515 5088 enim
3546 5032 3667 5086 haec
3704 5031 3888 5086 verba

2278 5131 2586 5201 protulerat,
2620 5130 2670 5185 6.
2701 5130 2890 5183 Missus
2910 5138 2981 5183 est
3007 5128 3074 5182 ad
3103 5144 3200 5193 me,
3234 5126 3424 5197 inquit,
3453 5142 3585 5180 unus
3608 5140 3682 5179 ex
3712 5124 3893 5179 Sera-

2278 5222 2437 5293 phim,
2471 5231 2516 5275 et
2544 5222 2595 5275 in
2622 5238 2776 5273 manu
2800 5238 2891 5274 sua
2929 5218 3137 5273 habebat
3164 5218 3449 5285 carbonem,
3480 5232 3625 5285 quem
3660 5232 3896 5285 accepe—

2277 5322 2356 5367 rat
2380 5314 2571 5385 forcipe
2596 5313 2658 5366 de
2680 5311 2848 5365 altari.
2872 5312 2923 5365 7.
2946 5310 3010 5364 Et
3032 5309 3255 5380 tetigitos
3273 5325 3455 5373 meum,
3485 5317 3531 5361 et
3553 5306 3689 5360 diu":
3710 5322 3735 5360 :
3750 5305 3905 5362 Ecce

2279 5404 2434 5474 tetigit
2463 5403 2567 5457 hac
2605 5402 2739 5455 labia
2763 5410 2869 5468 tua,
2900 5411 2946 5455 et
2972 5404 3163 5469 auferet
3188 5400 3475 5469 iniquitate:
3512 5408 3649 5459 tuas,
3684 5404 3743 5449 et
3765 5412 3902 5466 pec-

2278 5506 2389 5550 cata
2416 5506 2502 5548 tua
2527 5495 2775 5565 purgabit.
2807 5492 3032 5561 Quidam
3054 5492 3239 5547 dicunt.
3280 5492 3394 5546 haec
3423 5490 3743 5546 futurorum
3773 5506 3908 5562 my-

2278 5590 2559 5646 steriorum
2585 5589 2827 5661 symbola
2848 5603 3000 5644 esse:
3032 5587 3199 5644 altare
3228 5602 3439 5658 nempe,
3472 5587 3647 5658 ignem
3679 5600 3905 5659 super-

2346 5770 2364 5801 ι
2401 5767 2456 5819 Ιιι
2479 5766 2642 5819 Bibliis
2657 5764 2857 5833 legitur,
2883 5774 3052 5831 Regem
3077 5765 3331 5817 Dominum
3353 5766 3568 5816 Sabaoth.
