4096 6322
435 322 506 383 ’15
1214 321 1278 378 ‘S.
1315 317 1598 378 JOANNIS
1634 303 2119 371 CIIRYSOSTOMI
2155 299 2472 359 ARCHIER
2501 289 3058 356 'CONSTANTINOP.
3785 281 3852 338 τι

449 442 756 506 Ἰουδαϊκὸν,
780 439 986 513 φοϐερά
1013 457 1130 494 τινα
1151 437 1514 506 ’ἀπαγγέλλων
1548 433 1642 487 καὶ
1671 432 1937 500 ἀφόρητα.
1958 423 2102 493 Πέμ-

439 560 604 596 πεται
640 540 813 596 τοίνυν
849 539 918 592 τὰ
952 537 1222 608 Σεραφίμ,
1262 535 1402 588 ὥστε
1441 532 1606 602 φόϐου
1665 529 1756 581 καὶ
1790 522 2104 596 παρρησίας

446 637 606 692 αὐτὸν
645 634 943 706 ἐμπλῆσαι.
981 633 1092 686 Kal
1148 633 1236 686 ἴνα
1295 631 1372 702 μὴ
1423 625 1813 700 προϐάλληται,
1854 621 2106 692 καθάπερ

445 734 702 802 Μωῦσῆς,
733 732 903 800 λέγων
933 729 1254 802 ἰσχνόφωνος
1285 725 1443 789 εἶναι,
1473 727 1564 779 καὶ
1594 722 1879 795 Ἱερεμίας,
1910 719 2107 774 νεώτε-

447 846 540 900 ρος
568 824 726 890 εἰναι,
747 827 888 880 οῦτω
914 827 1005 880 καὶ
1030 821 1180 888 οὗτος
1207 824 1491 894 ἀκάθαρτα
1521 820 1675 892 χείλη
1707 819 1873 888 ἔχειν,
1910 816 2004 869 καὶ
2035 814 2110 886 μὴ

445 891 700 978 δύνασθαι
741 923 1056 993 διακονῆσαι
1091 924 1202 984 τοῖς
1238 891 1580 990 λεγομένοις·
1613 917 1828 987 ἔρχεται
1854 914 1923 968 τὰ
1953 891 2124 983 Σερα-ἱ

449 1022 556 1092 φἰμ
596 1020 990 1091 ἐκκαθαίροντα
1033 1018 1198 1074 αὑτοῦ
1247 1017 1313 1071 τὰ
1355 1015 1750 1087 ἁμαρτήματα,
1796 1012 1898 1064 οὐκ
1938 1010 2113 1082 οἰκεία

448 1117 672 1187 δυνάμει
697 1117 875 1189 (τοῦτο
903 1117 1010 1187 γὰρ
1034 1115 1244 1186 Πατρὸς
1271 1115 1362 1168 καὶ
1390 1112 1519 1166 Υἰοῦ
1551 1112 1644 1167 καὶ
1670 1110 1828 1179 ἁγίου
1869 1108 2116 1177 Πνεύμα-

451 1229 541 1276 τος
583 1215 786 1284 μόνον),
815 1213 926 1267 ἀλλ’
953 1212 1303 1283 ἐπιτάγματι,
1348 1211 1441 1264 καὶ
1481 1209 1624 1262 δόσει
1659 1208 1768 1261 τῶν
1808 1206 2110 1277 ἀνθράκων.

453 1308 531 1360 Οὐ
585 1309 694 1379 γάρ
745 1305 915 1375 εἷπεν,
955 1307 1084 1361 Ἰδοὺ
1125 1305 1342 1376 ἀφαιρῶ
1380 1303 1515 1373 ἐγὼ,
1564 1303 1701 1367 ἀλλ’,
1747 1301 1901 1357 Ἰδοὺ
1941 1299 2115 1355 τοῦτο

453 1406 782 1475 ἀφαιρεῖται
816 1407 923 1472 τὰς
959 1407 1210 1474 ἀνομίας
1241 1420 1380 1467 σου,
1425 1403 1521 1456 καί
1554 1402 1660 1468 τὰς
1692 1400 1977 1470 ἁμαρτίας
1999 1413 2114 1452 σου

455 1501 872 1571 περικαθαριεῖ,
905 1500 993 1554 διά
1026 1501 1087 1554 τὸ
1121 1500 1400 1569 ἐπίταγμα
1446 1497 1543 1550 τοῦ
1577 1495 1911 1566 πέμψαντος.
1960 1495 2115 1558 Τίνος

455 1599 513 1652 δὲ
545 1598 728 1653 ἕνεκεν
752 1599 809 1651 ἐν
830 1600 896 1668 τῇ
922 1597 1098 1651 λαϐίδι
1140 1596 1208 1650 τὰ
1251 1594 1499 1667 Σεραφίμ
1534 1593 1692 1648 ἔλαϐε
1715 1593 1807 1646 τὸν
1834 1592 2113 1662 ἄνθρακα;

458 1695 532 1748 U6
559 1695 668 1768 γὰρ
691 1693 756 1766 δὴ
791 1696 826 1767 ἡ
849 1690 1137 1766 ἀσώματος
1165 1691 1393 1764 δύναμις
1414 1684 1872 1762 ὲγκατακαίεσθαι
1895 1687 2118 1760 ἔμελλεν

459 1788 566 1844 ὑπὸ
590 1792 698 1845 τῶν
727 1791 1031 1863 ἀνθράκων.
1069 1791 1225 1854 Τίνος
1258 1790 1445 1843 ἐνεκεν
1469 1786 1644 1842 ταῦτα
1673 1786 1959 1856 γεγένηται
1981 1803 1995 1850 ;
2021 1785 2122 1838 Διά

460 1888 664 1961 πολλὴν
694 1887 1120 1958 συγκατάϐασιν.
1151 1887 1251 1941 Διά
1277 1887 1340 1957 δὴ
1374 1885 1530 1940 τοῦτο
1560 1886 1652 1939 καὶ
1674 1884 1783 1938 ἀπὸ
1805 1883 1899 1936 τοῦ
1931 1883 2122 1936 θυσια-

461 1987 685 2059 στηρίου
721 1984 1013 2056 λαμϐάνει,
1063 1983 1192 2037 ἔνθα
1235 1984 1294 2037 al
1351 1981 1532 2035 θυσίαι
1577 1981 1995 2053 προσεφέροντο,
2029 1980 2124 2032 καὶ

460 2087 512 2138 οἰ
558 2083 833 2154 καθαρμοὶ
883 2082 991 2136 τῶν
1034 2079 1465 2152 ἁμαρτημάτων.
1519 2079 1583 2132 Εἰ
1635 2079 1694 2131 δὲ
1749 2079 1947 2146 λέγοις,
1999 2076 2125 2140 Πῶς

461 2183 524 2234 τὸ
565 2181 737 2250 στόμα
787 2180 848 2234 06
903 2179 1150 2248 κατεκάη
1207 2177 1303 2230 τοῦ
1356 2176 1680 2247 προφήτου;
1737 2175 1968 2246 μάλιστα
2027 2174 2125 2243 μὲν

462 2276 546 2328 ὅτι
588 2275 706 2328 οὐδὲ
758 2274 871 2344 πῦρ
919 2272 1176 2342 αἰσθητὸν
1225 2267 1294 2344 ῆν
1339 2270 1398 2324 τὸ
1445 2270 1793 2341 φαινόμενον·
1835 2270 2010 2332 ἄλλως
2045 2269 2123 2335 δὲ,

460 2373 596 2425 ὃταν
626 2373 654 2424 6
679 2371 810 2434 Θεὸς
835 2369 1134 2440 ἐργάζηταί
1167 2385 1239 2434 τι,
1268 2366 1343 2440 μὴ
1374 2365 1836 2438 πολυπραγμόνει,
1872 2365 2004 2436 μηδὲ
2034 2377 2129 2418 πε-

467 2467 778 2539 ριεργάζου.

539 2573 600 2619 ε’.
623 2567 733 2620 Kal
762 2564 869 2636 γὰρ
897 2562 1151 2634 ἐνεργοῦν
1188 2562 1281 2616 καὶ
1308 2561 1561 2632 αἰσθητὸν
1594 2557 1703 2633 πῦρ
1735 2558 1978 2631 σώμασιν
2005 2559 2143 2647 όμιέ

467 2662 662 2732 λῆσαν,
685 2660 750 2713 τὰ
781 2659 874 2712 τοῦ
905 2659 1074 2731 πυρὸς
1105 2657 1203 2711 οὐκ
1225 2657 1553 2723 ἐπεδείξατο.
1584 2656 1647 2709 Εί
1671 2655 1727 2708 δὲ
1759 2655 1885 2708 ἔνθα
1919 2655 2144 2735 κληματ

468 2761 612 2822 τίδες
645 2759 739 2811 καὶ
765 2758 953 2818 πίσσα,
978 2756 1080 2826 τῆς
1106 2754 1310 2818 οἰκείας
1339 2752 1633 2806 ἐπελάθετο
1666 2752 1879 2822 φύσεως
1905 2753 1939 2822 ἡ
1977 2751 2129 2820 φλὸξ,

469 2854 524 2908 τί
558 2854 876 2925 θαυμάζεις,
896 2854 945 2906 εἰ
972 2851 1065 2905 νῦν
1087 2850 1353 2920 τοσαύτης
1372 2848 1821 2921 παραδοξοποιίας
1842 2848 2134 2918 γενομένης

471 2949 766 3021 ἐκάθηρεν,
789 2948 902 3002 ἀλλ’
938 2948 1039 3001 οὐκ
1069 2947 1264 3001 ἔκαυσε
1298 2947 1444 2999 τουτὶ
1482 2945 1543 2997 τό
1571 2944 1715 3016 πῦρ;
1752 2944 1862 2998 Καὶ
1900 2943 2136 3012 ἤκουσα

471 3047 585 3116 τῆς
610 3045 817 3116 φωνῆς
843 3044 1067 3112 Κυρίου
1100 3042 1418 3113 λέγοντος·
1466 3041 1605 3095 Τίνα
1640 3041 1956 3096 ἀποστελῶ
1979 3080 1994 3104 ,
2039 3040 2136 3093 καί
2185 3030 2192 3037 ’

473 3146 570 3212 τίς
609 3144 970 3212 πορεύσεται
1009 3141 1160 3210 πρὸς
1183 3141 1292 3194 τὸν
1311 3139 1459 3193 λαόν
1492 3138 1735 3202 τοῦτον;
1774 3139 1936 3210 Ὁρᾷς
1976 3140 2139 3192 πόσον

474 3244 673 3314 ῆνυσεν
705 3244 739 3313 ὴ
766 3241 910 3311 ϐψις,
952 3240 1114 3292 πόσον
1145 3238 1506 3309 κατώρθωσεν
1535 3239 1564 3290 6
1585 3236 1775 3306 (9660;;
1807 3235 1920 3308 [70]
1949 3235 2140 3290 Καίτοι

475 3353 540 3408 γε
588 3340 684 3394 καὶ
716 3339 808 3392 ἐπί
840 3336 1119 3399 Μωῦσέως
1169 3333 1411 3388 τοιοῦτόν
1448 3351 1502 3386 τι
1533 3333 1787 3402 γέγονεν·
1834 3335 1882 3385 εἰ
1923 3333 2030 3405 γὰρ
2065 3332 2139 3402 μὴ

475 3433 728 3507 Σεραφίμ
759 3433 955 3504 ἐφάνη,
991 3431 1124 3503 μηδέ
1156 3430 1314 3492 αὐτὸς
1346 3431 1437 3483 ἐπὶ
1453 3429 1641 3499 θρόνου
1673 3428 2000 3499 καθήμενος,
2025 3427 2140 3481 ἀλλ’

479 3532 629 3602 ὅμως
656 3529 841 3600 ἕτερον
860 3527 1160 3600 παράδοξον
1187 3525 1365 3596 θέαμα
1380 3525 1500 3578 τότε
1526 3524 1739 3595 ἐδείχθη
1759 3525 1836 3594 τῷ
1864 3525 2138 3595 προφήτῃ,

482 3627 577 3681 καὶ
595 3625 853 3688 τοιοῦτον,
890 3624 964 3686 ὡς
995 3623 1202 3694 μηδένα
1221 3620 1536 3691 ἀντιϐλέψαι
1554 3619 1847 3691 δυνηθῆναι
1865 3619 1944 3688 τῷ
1959 3636 2139 3686 φαινοο

486 3723 650 3793 μένῳ.
676 3722 746 3776 Ἦ
758 3721 869 3790 γὰρ
887 3719 1079 3786 ,ϐάτος
1091 3720 1346 3783 ἐκαίετο,
1367 3718 1523 3789 φησὶ,
1545 3717 1644 3770 καί
1677 3718 1748 3772 οὑ
1774 3717 2139 3770 κατεκαίετο.

497 3821 632 3873 Ἀλλ’
655 3822 803 3889 ὅμως
825 3819 918 3872 καὶ
958 3820 1072 3888 μετ’
1098 3818 1281 3870 ἐκεῖνα
1335 3819 1430 3870 καὶ
1484 3815 1584 3887 τὴν
1624 3815 1825 3887 πολλὴν
1873 3814 1968 3868 τοῦ
2010 3813 2143 3868 Θεοῦ

485 3915 808 3986 παραίνεσιν
832 3915 862 3966 6
901 3913 1072 3982 μέγας
1106 3911 1392 3964 ἀναδύεται
1419 3911 1679 3982 Μωῦσῆς,
1707 3912 1800 3964 καὶ
1823 3912 2143 3981 σκήπτεται,

488 4011 582 4065 καὶ
630 4008 829 4081 μυρίας
861 4008 1064 4060 ἐπινοεῖ
1111 4008 1415 4077 προφάσεις
1468 4008 1868 4078 παραιτήσεως,
1924 4005 2099 4074 λέγων
2129 4022 2144 4037 ·

502 4105 904 4177 ἰσχνόφωνός
929 4105 1045 4173 ειμι
1078 4103 1177 4157 καί
1197 4101 1710 4170 ,βραδύγλωσσοςο
1755 4105 1869 4167 καὶ,
1904 4102 2150 4171 Προχεί-

484 4219 654 4275 ρισαι
696 4199 780 4256 σὺ
811 4199 1028 4263 ἀλλον,
1056 4198 1130 4252 ὃν
1165 4195 1617 4262 ὲξαποστελεῖς.
1655 4197 1764 4250 Kal
1798 4197 2062 4270 Ἱερεμίας
2093 4199 2150 4252 δέ

489 4301 592 4373 τὴν
631 4298 848 4372 ἠλικίαν
891 4294 1272 4368 προϐάλλεται.
1329 4294 1438 4348 Kal
1484 4292 1744 4364 Ίεζεκιὴλ
1795 4294 1852 4347 δὲ
1901 4297 2038 4366 μετά
2092 4297 2151 4350 τὸ

491 4393 869 4464 κελευσθῆναι,
896 4391 1034 4445 ἐπτά
1076 4389 1340 4464 διατρίϐει
1373 4391 1502 4462 περί
1525 4389 1616 4443 τὸν
1646 4390 1886 4461 ποταμὸν
1920 4391 2150 4462 ἡμέρας,

490 4491 853 4561 ἀναδυόμενος
880 4489 974 4544 καὶ
998 4488 1192 4543 ὀκνῶν.
1219 4487 1310 4542 Διὺ
1344 4488 1435 4540 καὶ
1462 4486 1561 4558 τὴν
1589 4485 1902 4559 παραϐολὴν
1938 4489 2151 4561 ἐκείνην

495 4589 834 4663 προσέθηκεν
860 4588 888 4642 6
915 4584 1044 4650 Θεδς
1062 4584 1234 4654 λέγων
1257 4602 1271 4618 ο
1295 4584 1532 4638 Σκοπὸν
1557 4583 1790 4638 δέδωκά
1809 4599 1882 4638 σε
1914 4584 1994 4651 τῷ
2016 4587 2157 4651 οἴκῳ

508 4689 790 4758 ἰσραήλο
814 4687 1028 4755 καὶ,ὃτι
1081 4684 1200 4756 Τὴν
1234 4685 1447 4754 ψυχὴν
1475 4683 1675 4740 αὐτῶν
1703 4685 1772 4739 ἐκ
1807 4685 2005 4755 χειρός
2037 4699 2156 4741 σου

497 4789 824 4858 ἐκζητήσω.
868 4788 1050 4851 Ἰωνᾶς
1077 4787 1135 4840 δέ
1166 4786 1228 4840 06
1261 4786 1420 4856 μόνον
1463 4789 1812 4858 παρῃτῄσατο
1835 4827 1853 4854 ,
1901 4785 2034 4840 ἀλλά
2065 4787 2159 4838 καὶ

499 4886 886 4961 ἐδραπέτευσε.
918 4883 983 4938 Τί
1010 4877 1103 4938 οῦν
1128 4899 1143 4949 ;
1172 4882 1568 4954 τολμηρότερος
1607 4884 1822 4937 πάντων
1847 4885 1875 4937 6
1913 4883 2158 4947 Ἡσαΐας,

500 4987 597 5042 καὶ
638 4984 917 5045 Μωῦσέως
951 4980 1046 5034 τοῦ
1093 4981 1361 5052 μεγάλου;
1404 4980 1514 5034 Καὶ
1560 4979 1642 5042 τίς
1679 4979 1746 5033 ἂν
1788 4980 1944 5032 τοῦτο
1969 4978 2160 5048 εἴποι;

503 5083 676 5136 Πόθεν
707 5078 800 5135 οῦν
829 5079 1178 5149 κελευόμενος
1217 5077 1423 5138 ἐκεῖνος
1477 5075 1748 5136 ἀνεδύετο,
1804 5070 1956 5137 οὗτος
1993 5074 2050 5127 δὲ
2087 5075 2162 5146 μὴ

504 5177 752 5251 φανερῶς
781 5172 1058 5243 ἐπιταγεὶς
1083 5171 1434 5242 εἰσεπήδησεν
1454 5186 1470 5236 ;
1489 5169 1621 5222 Ούδέ
1647 5169 1752 5238 γὰρ
1772 5166 1923 5222 εἷπεν
1941 5172 2165 5235 ,Ἀπελ-

507 5272 750 5328 arma:
784 5271 874 5324 τοῦ
913 5269 1046 5322 Θεοῦ
1074 5269 1340 5336 λέγοντος,
1389 5270 1528 5321 Τίνα
1559 5265 1905 5328 ἀποστελῶς
1949 5267 2163 5338 ἥρπασε

510 5373 569 5425 τὸ
599 5371 895 5440 ἐπίταγμα.
934 5367 1092 5431 Τινές
1131 5366 1228 5437 μὲν
1254 5362 1346 5420 οῦν
1373 5382 1555 5434 φασιν,
1603 5365 1682 5417 ὅτι
1705 5363 1891 5435 ἐπειδὴ
1923 5365 2161 5438 ἥμαρτε,

510 5468 600 5520 τδν
629 5467 808 5531 Ὀζίαν
827 5467 928 5519 οὐκ
955 5463 1179 5534 ἐλέγξας
1210 5461 1636 5532 κατατολμῶντα
1652 5461 1758 5516 τῶν
1783 5463 2164 5537 ἀδύτων,ὐπέρ
2279 5487 2290 5505 σ

512 5566 724 5634 ἐκείνης
768 5564 1083 5635 βουλόμενος
1125 5561 1566 5633 ἀπολογήσασθαι
1606 5564 1704 5632 τῆς
1755 5564 2046 5636 ἁμαρτίας,
2097 5571 2162 5638 τῇ

516 5661 655 5732 μετά
684 5659 856 5713 ταῦτα
881 5660 1155 5732 προθυμίᾳ
1181 5661 1276 5731 τῆς
1316 5659 1562 5730 ὑπακοῆς
1603 5660 1911 5730 ἐπεπήδησε
1939 5662 2143 5737 ταχέως

510 5753 556 5806 ὡ
566 5770 650 5807 ne
672 5752 1050 5825 ἐξιλεώσασθαι
1079 5759 1164 5816 τὸν
1184 5759 1334 5817 Θεόν.
1351 5759 1447 5816 Διά
1463 5758 1572 5834 γὰρ
1591 5759 1745 5816 τοῦτο
1765 5760 1854 5816 καὶ
1881 5757 2164 5831 ἀκάθαρτα

2204 425 2274 479 τά
2319 425 2469 496 χείλη
2513 424 2679 478 αὑτοῦ
2712 425 2895 493 ἐλεγεν
2945 418 3116 489 εἶναι,
3159 419 3248 475 διά
3295 419 3357 475 τὺ
3390 417 3856 492 ἀπαρρησίαστον.

2219 520 2358 574 Ἀλλ’
2395 522 2494 574 οὐκ
2529 522 2596 577 ἂν
2646 521 2984 594 ἀνασχοίμην
3021 520 3129 575 τῶν
3165 517 3339 574 ταῦτα
3383 518 3680 587 λεγόντων·
3717 515 3859 580 ἀξιο-

2206 620 2522 691 πιστότερος
2547 618 2654 692 γάρ
2671 619 2846 673 αὐτῶν
2863 621 2890 672 6
2917 617 3148 681 Παῦλος,
3169 619 3197 671 6
3216 615 3487 688 τολμητὴν
3506 613 3668 667 αὐτὸν
3685 612 3862 666 καλῶν

2207 721 2303 774 ναὶ
2331 713 2529 790 λέγων·
2568 722 2813 787 Ἡσαΐας
2834 720 2903 774 δὲ
2933 717 3244 788 ἀποτολμᾷ
3271 717 3370 770 καί
3407 716 3588 785 λέγει.
3617 715 3715 768 Διά
3735 713 3863 782 γοῦν

2207 813 2366 867 τοῦτο
2386 815 2504 868 οὐδὲ
2520 813 2596 886 τῷ
2627 814 2809 884 κοινῷ,
2841 813 2914 876 ῶς
2932 830 3083 883 φασι,
3110 811 3259 882 νόμῳ
3274 811 3371 882 τὴν
3388 810 3530 880 ζωὴν
3554 808 3863 868 κατέλυσεν,

2209 910 2345 963 ἀλλά
2375 910 2758 981 χαλεπωτάτην
2785 908 2990 980 ὑπέστη
3017 907 3301 978 τιμωρίαν,
3332 905 3441 958 τῶν
3475 904 3745 958 Ἰουδαίων
3771 903 3868 954 ούκ

2211 1011 2536 1079 ἐνεγκόντων
2570 1009 2732 1063 αὐτοῦ
2780 1009 2878 1080 τὴν
2923 1008 3255 1079 παρρησίαν.
3288 1006 3470 1078 Χωρὶς
3514 1005 3570 1058 δὲ
3603 1003 3808 1056 τούτων
3839 1014 3864 1041 ι

2211 1085 2332 1161 δὺδέ
2358 1123 2519 1177 φησιν
2544 1107 2578 1175 ή
2608 1105 2797 1177 Γραφή
2827 1122 2951 1171 που,
2982 1105 3063 1157 ὃτι
3095 1105 3296 1175 παρῆν,
3323 1102 3486 1174 ἡνίκα
3514 1101 3584 1154 τά
3624 1100 3764 1153 κατά
3784 1098 3872 1152 τόν

2226 1204 2408 1268 Ὀζίαν
2435 1204 2670 1275 ἐγένετο,
2704 1204 2798 1257 καὶ
2823 1202 3012 1281 παρὼν
3035 1202 3210 1271 ἐσίγα,
3240 1200 3354 1256 ἀλλ’
3387 1198 3597 1253 οἴκοθεν
3626 1200 3721 1253 καὶ
3746 1196 3870 1268 παρ’

2214 1302 2422 1355 ἑαυτῶν
2447 1301 2618 1354 ταῦτα
2650 1301 2698 1354 οἰ
2727 1300 2976 1368 λέγοντες
3006 1299 3374 1369 στοχάζονται.
3407 1296 3473 1372 Τί
3502 1291 3595 1350 οῦν
3628 1296 3773 1349 ἐστιν
3797 1295 3873 1346 εἰ-

2215 1399 2368 1464 πεῖν;
2401 1399 2522 1452 ’Ὁτι
2555 1398 2654 1450 οὐκ
2684 1393 2750 1468 ῆν
2774 1397 2885 1452 ἴσον
2922 1397 2984 1449 τὸ
3040 1394 3315 1458 Μωῦσέως
3354 1395 3447 1449 καὶ
3477 1393 3654 1447 τοῦτο.
3687 1393 3745 1445 '0
3777 1390 3874 1462 μέν

2216 1495 2326 1568 γάρ
2350 1498 2430 1558 εἰς
2457 1493 2742 1563 ἀλλοτρίαν
2788 1491 3066 1564 ἐπέμπετο
3097 1492 3190 1546 καὶ
3225 1493 3305 1555 εἰς
3357 1491 3632 1562 βάρϐαρον
3668 1488 3873 1561 χώραν,

2217 1594 2313 1648 καὶ
2339 1592 2473 1663 πρὸς
2497 1590 2778 1662 τύραννον,
2806 1590 2901 1643 καὶ
2934 1589 3272 1661 μαινόμενον,
3297 1590 3390 1644 καὶ
3403 1589 3679 1642 λυττῶντα
3697 1583 3880 1652 ὀὗτος

2217 1683 2274 1743 δέ
2304 1682 2440 1761 πρὸς
2470 1691 2596 1752 τοὺς
2639 1681 2892 1752 οἰκείους,
2927 1687 3022 1742 καὶ
3059 1685 3316 1751 πολλάκις
3343 1687 3662 1758 ἀκηκοότας,
3696 1687 3791 1740 καὶ
3823 1687 3882 1740 ἐν

2220 1781 2399 1857 πολλῷ
2423 1786 2808 1850 παιδευθέντας
2848 1786 3049 1858 χρόνῳ·
3085 1786 3178 1840 καὶ
3206 1787 3267 1839 06
3297 1787 3396 1855 τῆς
3435 1785 3604 1854 αὐτῆς
3635 1783 3882 1855 ἀνδρείας

2219 1881 2289 1955 ῆν
2313 1884 2375 1938 τὸ
2403 1885 2706 1940 ὑπακοῦσαι
2736 1886 2852 1938 ἐκεῖ
2882 1901 2940 1936 τε
2975 1885 3068 1938 καὶ
3110 1883 3361 1937 ἐνταῦθα.
3392 1883 3550 1946 Τινὲς
3580 1883 3638 1936 δέ
3679 1899 3844 1951 φασιν
3865 1921 3881 1945 ,

2220 1979 2302 2033 ὅτι
2331 1982 2425 2034 καί
2455 1981 2640 2053 ἕτερόν
2665 2000 2716 2035 τι
2757 1981 2907 2052 αὐτῷ
2930 1982 3029 2052 τὴν
3068 1981 3376 2052 προθυμίαν
3411 1981 3632 2051 ἐποίησε
3655 1978 3882 2049 ταύτην.

2234 2075 2450 2149 Ἐπειδὴ
2473 2080 2580 2150 γὰρ
2597 2080 2734 2151 ὑπέρ
2751 2097 2809 2132 τε
2837 2079 3028 2133 ἐαυτοῦ
3049 2079 3141 2132 καὶ
3160 2077 3254 2130 τοῦ
3269 2076 3399 2131 λαοῦ
3417 2075 3886 2146 ἐξωμολογήσατο,

2223 2176 2318 2229 καὶ
2346 2176 2412 2229 τὰ
2451 2175 2698 2246 Σεραφὶμ
2726 2169 2864 2228 εἶδεν
2884 2173 3271 2235 ἀποσταλέντα,
3290 2175 3384 2226 καὶ
3404 2171 3782 2243 ἐκκαθάραντα
3799 2172 3890 2224 αὗο

2223 2273 2316 2327 τοῦ
2331 2273 2398 2326 τά
2409 2290 2468 2344 χε
2477 2271 2580 2344 ίλη,
2596 2272 2992 2343 προσδοκήσας,
3006 2271 3085 2325 ὅτι
3103 2269 3289 2340 καὶτῷ
3304 2269 3415 2340 λαῷ
3430 2267 3602 2322 ταῦτα
3619 2268 3893 2340 συμϐήσεο

2224 2386 2334 2435 ται,
2361 2369 2641 2424 καὶταῦτα
2684 2368 3040 2423 ἀπελεύσεται
3068 2365 3441 2436 ἀπαγγέλλων,
3471 2365 3764 2436 προθύμως
3788 2368 3894 2437 ἦρ-

2227 2477 2366 2520 etas:
2387 2465 2446 2519 τὸ
2478 2465 2898 2535 λεχθέν.Ὦσπερ
2921 2463 3026 2536 γὰρ
3053 2460 3165 2534 ΓΗ]
3185 2458 3323 2534 ἦσαν
3353 2462 3608 2530 φιλόθεοι,
3629 2461 3772 2515 οὕτω
3797 2464 3894 2516 καὶ

2229 2564 2568 2634 φιλόστοργοι
2603 2563 2837 2634 μάλιστα
2859 2561 3070 2616 πάντων
3093 2559 3397 2633 ἀνθρώπων
3423 2563 3472 2614 οἰ
3509 2561 3673 2629 ἆγιοι.
3714 2561 3896 2614 Ἐλπί-

2231 2677 2329 2724 σας
2357 2656 2447 2714 οῦν
2473 2659 2624 2712 λύσιν
2639 2659 2760 2712 τινὰ
2783 2657 2889 2711 τῶν
2906 2656 3086 2711 κακῶν
3101 2658 3452 2726 ἀπαγγελεῖν,
3468 2657 3780 2728 ἐπεπήδησε
3793 2674 3895 2710 τα-

2231 2756 2391 2826 χέως,
2413 2757 2505 2810 καί
2527 2773 2688 2826 φησιν
2705 2771 2717 2784 ⁸
2747 2755 2889 2809 Ἰδοὺ
2911 2753 3170 2824 ἐφώεὶμι,
3187 2756 3552 2810 ἀπόστειλόν
3562 2771 3658 2824 με.
3681 2753 3898 2818 Ἄλλως

2231 2853 2285 2905 δὲ
2300 2853 2392 2906 καὶ
2407 2851 2581 2924 ψυχὴν
2599 2853 2802 2924 σφόδρα
2816 2851 2949 2923 πρὸς
2965 2851 3238 2914 κινδύνους
3256 2850 3738 2922 παρατεταγμένην
3753 2847 3894 2921 εἷχε·

2233 2950 2327 3004 καὶ
2343 2950 2496 3019 δῆλον
2530 2949 2691 3003 αὐτοῦ
2714 2948 2869 3002 τοῦτο
2882 2949 2943 3002 τὸ
2963 2944 3092 3020 ῆθος
3113 2948 3198 3001 διά
3217 2948 3398 3018 πάσης
3424 2948 3520 3019 τῆς
3548 2949 3894 3021 προφητείας

2234 3047 2397 3099 ἐστίν.
2429 3047 2580 3098 Ἐπεὶ
2600 3040 2691 3099 οῦν
2707 3044 2971 3115 ὑπέσχετο
3001 3043 3413 3110 ἀπελεύσεσθαι,
3445 3044 3538 3098 καὶ
3574 3044 3674 3099 οὐκ
3693 3045 3899 3116 ἐτόλμα

2235 3141 2416 3195 λοιπὸν
2448 3140 2760 3204 ἀνανεῦσαι,
2790 3141 2907 3194 τότε
2931 3139 3117 3195 ἀκούει
3148 3141 3214 3194 τὰ
3241 3140 3473 3212 λυπηρά.
3513 3141 3622 3194 Kal
3649 3141 3764 3212 γάρ
3801 3144 3900 3196 καὶ

2235 3241 2262 3292 6
2282 3239 2412 3303 Θεὺς
2431 3238 2589 3292 αὐτὸν
2616 3237 2794 3308 σοφῶς
2825 3238 3210 3310 μετεχείρισεν.
3235 3239 3309 3294 O6
3335 3239 3444 3310 γάρ
3465 3239 3524 3304 ἐξ
3552 3240 3727 3311 ἀρχῆς
3751 3236 3899 3303 εἷπε,

2237 3333 2566 3407 Πορεύθητι,
2594 3337 2687 3390 καὶ
2725 3335 2878 3388 εἰπέ⁹
2911 3334 3044 3390 ἀλλά
3082 3335 3342 3407 πρότερον
3374 3336 3646 3406 μετέωρον
3668 3339 3904 3408 ποιήσας

2237 3431 2298 3485 τὸ
2343 3433 2640 3504 ἐπίταγμα,
2691 3433 2785 3487 καὶ
2822 3431 3012 3502 ἄδηλον
3065 3432 3161 3499 τῆς
3194 3431 3495 3504 ἀποστολῆς
3541 3431 3635 3486 τὸν
3671 3433 3901 3504 τρόπον.

2252 3527 2466 3599 Ἐπειδὴ
2487 3527 2514 3564 b
2538 3527 2733 3600 ῥαδίως
2761 3527 3055 3599 ὑπήκουσε,
3073 3527 3221 3597 λέγει
3243 3528 3311 3583 τά
3333 3529 3754 3601 καταληψόμενα
3776 3533 3905 3595 τοῦς

2252 3623 2536 3688 Ἰουδαίους
2574 3625 2739 3680 κακά.
2772 3624 2904 3678 Τίνα
2943 3625 3000 3678 δὲ
3031 3624 3200 3678 ταῦτα
3231 3619 3328 3696 ῆνς
3361 3627 3705 3692 Πορεύθητι,
3737 3627 3902 3694 φησὶ,

2242 3721 2340 3775 καὶ
2374 3721 2504 3774 εἰπὲ
2525 3721 2605 3787 τῷ
2630 3721 2756 3787 ,ιαῷ
2783 3722 2969 3788 τούτῳ
2991 3738 3005 3753 ·
3050 3722 3104 3775 Ἀ
3116 3719 3229 3788 κοῇ
3261 3721 3570 3782 ἀκούσετε,
3601 3721 3701 3774 καί
3721 3723 3797 3775 οὐ
3815 3723 3906 3792 μὴ

2242 3818 2491 3888 συνῆτε·
2521 3818 2619 3871 καὶ
2645 3817 2982 3882 βλέποντες
3003 3815 3287 3885 βλέψετε,
3336 3817 3437 3870 καί
3479 3818 3550 3870 οὐ
3594 3816 3681 3886 μὴ
3710 3819 3903 3888 ῑδητε.

2255 3915 2592 3984 Ἐπαχύνθη
2626 3914 2734 3982 γὰρ
2771 3916 2809 3982 ἡ
2833 3913 3042 3981 καρδία
3061 3913 3166 3967 τοῦ
3202 3912 3355 3966 λαοῦ
3387 3914 3626 3976 τούτου,
3656 3916 3757 3969 καὶ
3781 3915 3911 3982 τοῖς

2242 4010 2395 4064 ὠσὶν
2434 4009 2632 4065 αὐτῶν
2653 4009 2887 4078 ,βαρέως
2926 4007 3224 4077 ἤκουσαν,
3252 4010 3515 4075 καὶτοὺς
3553 4012 3913 4080 ὀφθαλμοὺς

2244 4107 2442 4161 αὐτῶν
2482 4105 2861 4174 ἐκάμμυσαν,
2890 4107 3122 4174 μήποτε
3156 4105 3326 4159 ῐδωσι
3378 4107 3502 4173 τοῖς
3549 4109 3911 4180 ὀφθαλμοῖς,

2247 4203 2345 4256 καί
2368 4203 2493 4267 τοῖς
2519 4202 2671 4255 ὠσὶν
2689 4201 3017 4264 ἀκούσωσι,
3040 4201 3135 4253 καί
3163 4200 3238 4269 τῇ
3262 4201 3476 4271 καρδίᾳ
3508 4202 3769 4271 συνῶσι,
3805 4207 3914 4261 καί

2247 4297 2671 4368 ἐπιστρέψωσι,
2703 4296 2801 4349 καί
2829 4296 3075 4366 ίιίσωμαι
3098 4298 3337 4364 αὐτούς.
3369 4298 3554 4351 Ταῦτα
3580 4299 3699 4353 οὐδὲ
3728 4301 3916 4373 ἑρμη-

2249 4394 2398 4457 νείας
2431 4390 2583 4464 οἶμαι
2620 4393 2845 4458 δεῖσθαι,
2880 4393 2989 4445 τῶν
3020 4391 3263 4464 ἀκριϐῶς
3307 4393 3478 4448 ταῦτα
3503 4395 3916 4467 ἐπισταμένων,

2250 4490 2625 4563 προλαϐόντων
2641 4491 2734 4544 καί.
2768 4489 3188 4561 ἐξηγησαμένων
3225 4489 3384 4556 αὐτὰ,
3430 4489 3678 4544 Ἰωάννου
3724 4509 3783 4545 τε
3811 4491 3918 4545 τοῦ

2266 4589 2381 4643 υἰοῦ
2412 4590 2508 4661 τῆς
2538 4589 2787 4661 βροντῆς,
2818 4590 2912 4643 καὶ
2940 4589 3154 4642 Παύλου
3180 4591 3274 4644 τοῦ
3309 4590 3378 4644 τά
3400 4591 3604 4645 παλαιά
3628 4592 3722 4646 καὶ
3747 4594 3923 4647 καινά

2253 4686 2391 4757 μετὰ
2416 4685 2701 4757 ἀκριϐείας
2720 4685 2937 4748 εἰδότος.
2953 4684 3011 4739 Ὀ
3027 4686 3122 4755 μὲν
3133 4685 3239 4758 γὰρ
3255 4688 3312 4740 ἐν
3331 4690 3397 4758 τῇ
3423 4687 3606 4758 Ῥώμῃ
3629 4688 3768 4758 πρὸς
3783 4691 3923 4753 τοὺς

2254 4781 2601 4844 συνελθόντας
2632 4781 2751 4851 μὲν,
2785 4780 3236 4852 ἀποπηδήσαντας
3254 4781 3331 4846 δέ,
3369 4783 3461 4836 καὶ
3482 4782 3579 4835 οὐκ
3606 4783 3926 4854 ἀνασχομέ-

2253 4894 2374 4940 νους
2399 4875 2508 4930 τῶν
2535 4875 2858 4947 λεγομένων,
2893 4875 3216 4949 δημηγορῶν
3243 4879 3412 4946 ἕλεγε’
3441 4878 3652 4946 Καλῶς
3686 4875 3826 4934 εἶπε
3850 4882 3923 4936 τὸ

2253 4972 2493 5042 Πνεῦμα
2512 4972 2576 5024 τὸ
2599 4971 2786 5040 ἄτιον·
2817 4970 2984 5040 Ἀκοῇ
3007 4973 3322 5037 ἀκούσετε,
3343 4975 3440 5029 καί
3459 4978 3530 5030 οὐ
3545 4976 3631 5046 μὴ
3656 4977 3923 5045 συνῆτε.

2265 5070 2324 5122 '0
2353 5069 2408 5122 δέ
2430 5069 2527 5138 τῆς
2554 5067 2780 5138 βροντῆς
2823 5068 2954 5134 υίὸς,
2982 5069 3167 5140 ἐπειδὴ
3198 5069 3449 5141 θαύματα
3473 5070 3675 5143 ἐώρων,
3694 5075 3789 5126 καὶ
3819 5075 3928 5127 οῦκ

2256 5165 2556 5229 ἐπίστευον,
2585 5164 2675 5218 καὶ
2707 5163 2989 5234 δογμάτων
3022 5165 3236 5235 ἤκουον,
3275 5167 3370 5220 καὶ
3395 5167 3456 5220 06
3481 5171 3772 5238 προσεῖχον
3797 5171 3931 5236 (ἀν-

2257 5261 2452 5332 έστησε
2491 5260 2601 5331 γάρ
2633 5258 2882 5332 Λάζαρον
2918 5261 2947 5314 6
2979 5261 3234 5334 Χριστὸς,
3268 5262 3362 5319 καὶ
3392 5261 3600 5316 ἀνελεῖν
3633 5263 3801 5318 αὐτὸν
3831 5266 3936 5318 ἐπ-

2299 5493 2354 5558 .“
2370 5491 2523 5552 Χωρὶς
2545 5492 2596 5560 δὲ
2617 5491 2814 5560 τούτων.
2843 5492 2960 5542 Haec
2979 5495 3049 5543 sic
3071 5497 3309 5560 converlil
3329 5495 3620 5545 Tilmannus
3643 5517 3653 5544 ε
3698 5495 3938 5552 εκτεινιῆ

2259 5549 2388 5601 hisce
2406 5549 2680 5618 ηιιθοείίνξιε.
2705 5555 2968 5618 Perperam
2991 5559 3222 5618 omnino;
3261 5571 3387 5615 nam,
3414 5564 3468 5605 ut
3496 5570 3558 5607 ex
3582 5562 3717 5607 serie
3745 5549 3936 5618 liqgiel.

2259 5613 2572 5684 νει-ιεηάυιιιἰ
2593 5615 2780 5684 Ρηεζεγ
2798 5613 2904 5684 [uec
2923 5623 3082 5668 autem
3102 5631 3120 5679 ;
3157 5613 3383 5668 nimirum
3416 5619 3548 5668 aliud
3572 5613 3937 5684 argumedlurn

2260 5675 2653 5740 ριιξεςςρεριίὺυε
2671 5677 2848 5740 adjicit.

2322 5730 2352 5772 δ
2373 5734 2460 5784 Hic
2481 5735 2603 5809 ίοιςιε
2626 5730 2889 5802 legéndum
2903 5739 3062 5800 ἐπειδὴ
3086 5742 3155 5805 δέ,
3181 5741 3257 5792 vel
3278 5743 3440 5805 potius
3463 5749 3578 5806 post
3595 5744 3770 5809 τρόπον
3788 5755 3937 5793 con-

2266 5811 2342 5848 ωε
2361 5799 2656 5861 ponendum.
