4102 6306
347 346 412 400 73
1624 337 1689 394 IN
1729 333 1974 402 ISAIAM,
2013 331 2164 389 CAP.
2207 331 2295 389 VI.
3545 332 3609 387 7b

345 461 590 532 positum,
643 457 905 513 virtutem
955 452 1361 520 ministrantem,
1404 452 1542 523 quod
1576 452 1829 507 admotus
1858 450 1929 505 sit

343 552 441 614 ori,
473 549 616 620 quod
643 548 711 603 ad
740 550 1111 620 purgationem
1141 558 1508 617 peccatorum:
1535 558 1631 598 nos
1650 552 1827 596 autem
1850 542 1929 595 in-

347 645 494 699 terim
523 643 763 697 historiae
805 642 1089 704 hmremus,
1119 655 1181 693 ac
1205 639 1448 704 dicimus,
1477 637 1627 706 cujus
1655 636 1728 691 rei
1768 648 1926 690 causa

345 735 444 790 hoc
470 734 669 788 factum
692 733 782 791 sit.
813 732 1100 788 Mittendus
1126 739 1210 786 est
1244 729 1309 783 ad
1337 729 1586 799 populum
1629 726 1924 792 Iudaicum,

348 827 602 883 terribilia
635 826 878 897 quaedam
907 834 962 881 et
1000 823 1326 880 intoleranda
1357 822 1783 877 annuntiaturus.
1811 819 1930 874 Mit-

343 927 526 974 tuntur
547 933 676 989 ergo
691 915 995 988 Seraphim,
1018 926 1072 971 ut
1091 931 1212 970 eum
1230 916 1419 970 timore
1434 914 1589 968 simul
1608 923 1661 968 et
1681 912 1926 982 loquendi

347 1009 533 1064 ﬁducia
552 1009 830 1078 impleant.
848 1009 925 1063 Ac
943 1024 1009 1063 ne
1024 1007 1297 1078 obiiceret,
1325 1005 1767 1076 quemadmodum
1785 1005 1930 1076 Moy-

347 1117 452 1168 ses,
482 1116 542 1157 se
571 1102 768 1156 exilem
794 1115 980 1155 vocem
1005 1099 1199 1153 habere
1223 1097 1415 1169 (Exod.
1443 1098 1496 1153 4.
1531 1097 1643 1167 10),
1667 1106 1723 1152 et
1747 1106 1804 1151 ut
1836 1097 1930 1152 Je-

349 1194 563 1258 remias,
592 1207 652 1247 se
667 1192 934 1262 iuniorem
960 1205 1078 1246 esse
1101 1188 1230 1260 (Jer.
1259 1190 1312 1243 1.
1338 1186 1415 1258 6),
1445 1188 1522 1242 sic
1539 1197 1589 1243 et
1617 1188 1728 1258 ipse
1745 1202 1803 1243 se
1832 1188 1930 1242 im—

349 1284 541 1339 munda
570 1284 710 1339 labia
733 1282 928 1338 habere
952 1322 970 1347 ,
998 1297 1103 1336 non
1125 1295 1279 1350 posse
1315 1279 1472 1334 dictis
1494 1279 1816 1345 ministrare,
1838 1295 1930 1335 ve-

348 1377 497 1430 niunt
514 1375 800 1444 Seraphim
818 1382 874 1429 ut
890 1381 1182 1444 expurgant
1196 1371 1310 1439 ejus
1327 1379 1561 1441 peccata,
1592 1386 1695 1426 non
1717 1372 1928 1442 propria

349 1467 541 1521 virtute
571 1467 700 1536 (hoc
725 1467 865 1520 enim
892 1473 978 1520 est
1005 1463 1175 1518 solum
1201 1462 1394 1528 Patris,
1435 1471 1489 1517 et
1513 1459 1652 1524 Filii.
1689 1471 1744 1517 et
1767 1463 1932 1532 Spiri-

349 1567 432 1613 tus
450 1559 673 1627 sancti),
697 1557 792 1613 sed
831 1557 1004 1627 jussu,
1051 1565 1103 1611 et
1145 1555 1450 1610 admotione
1476 1555 1784 1610 carbonum.
1813 1555 1928 1610 Non

348 1650 487 1704 enim
511 1649 669 1716 dixit,
705 1648 843 1704 Ecce
871 1649 1106 1703 auferam
1134 1661 1251 1717 ego,
1285 1645 1402 1712 sed,
1431 1645 1564 1700 Ecce
1603 1647 1697 1699 hoc
1738 1649 1931 1717 auferet

346 1742 639 1811 iniquitates
668 1745 802 1806 tuas,
831 1749 878 1794 et
905 1749 1108 1807 peccata
1137 1748 1224 1792 tua
1248 1739 1500 1809 purgabit,
1532 1746 1750 1807 propter
1781 1753 1932 1794 man-

347 1833 524 1886 datum
559 1832 841 1887 mittentis.
863 1831 973 1886 Cur
986 1841 1162 1886 autem
1188 1830 1388 1900 forcipe
1407 1829 1684 1900 Seraphim
1711 1845 1933 1901 accepe-

349 1934 469 1978 runt
495 1925 826 1980 carbonem?
869 1925 1051 1995 Neque
1087 1925 1226 1980 enim
1266 1925 1579 1996 incorporea
1618 1925 1786 1980 virtus
1816 1941 1932 1981 car-

348 2015 573 2070 bonibus
600 2016 685 2070 uri
713 2023 938 2085 poterat.
962 2015 1068 2070 Cur
1087 2015 1199 2072 haec
1224 2016 1358 2070 facta
1384 2016 1544 2070 sunt?
1569 2015 1672 2072 Per
1686 2032 1929 2087 magnam

349 2103 754 2174 indulgentiam.
787 2104 1015 2176 Ideoque
1041 2122 1107 2161 ex
1156 2106 1308 2162 altari
1357 2107 1568 2178 accipit,
1615 2108 1702 2162 ubi
1742 2108 1932 2163 hostia:

347 2195 704 2252 efferebantur
719 2213 784 2251 ex
793 2197 1157 2268 piationeSque
1179 2207 1535 2268 peccatorum.
1556 2198 1705 2268 Quod
1723 2202 1766 2254 si
1784 2199 1934 2256 dixe-

346 2293 447 2344 ris:
478 2289 766 2357 Quomodo
793 2305 854 2345 os
897 2290 1168 2360 prophetat
1210 2306 1314 2346 non
1341 2290 1588 2347 adustum
1631 2293 1747 2346 esti?
1773 2292 1932 2349 Certe

345 2384 461 2450 quia
497 2381 550 2436 id
577 2382 722 2452 quod
750 2383 1044 2452 apparebat
1061 2399 1164 2438 non
1182 2392 1298 2439 erat
1324 2385 1460 2454 ignis
1481 2385 1774 2448 sensibilis;
1800 2387 1930 2441 alias

345 2488 488 2535 vero,
515 2488 644 2527 cum
667 2473 940 2543 quidpiam
967 2474 1106 2530 Deus
1131 2485 1401 2545 operatur,
1431 2491 1497 2532 ne
1517 2475 1730 2532 curiose
1757 2478 1930 2548 inqui-

343 2577 426 2617 ras
451 2563 534 2617 vel
561 2565 845 2619 scruteris.
869 2589 874 2595 -

413 2655 465 2709 5.
497 2651 716 2708 Etenim
749 2654 946 2710 ardens
971 2664 1025 2711 et
1049 2656 1312 2712 sensibilis
1341 2657 1476 2729 ignis
1499 2659 1809 2730 corporibus
1836 2661 1930 2715 ad-

344 2756 514 2801 motus
534 2789 549 2812 ,
579 2763 644 2802 ea
676 2764 786 2803 non
823 2749 1000 2805 effecit
1026 2766 1143 2820 quze
1176 2762 1482 2824 competunt
1511 2755 1616 2824 igni
1646 2754 1741 2826 (a).
1777 2755 1929 2822 Quod

339 2839 382 2892 si
417 2839 504 2891 ubi
547 2848 825 2893 sarmenta
851 2880 866 2905 ,
901 2849 957 2895 et
990 2841 1075 2911 pix
1098 2882 1113 2906 ,
1156 2841 1366 2897 flamma
1400 2845 1628 2914 pr0pri:e
1657 2846 1820 2901 oblita
1849 2856 1931 2902 est

341 2939 541 2984 natura:
564 2971 581 2994 ,
612 2930 745 3000 quid
778 2932 1059 2990 miraris.si
1092 2947 1228 2988 nunc
1257 2933 1309 2988 in
1339 2944 1446 2988 tam
1477 2936 1738 3006 stupendo
1763 2953 1887 2992 casu
1909 2979 1925 3005 ,

341 3021 420 3075 hic
449 3021 585 3091 ignis
617 3023 961 3090 purgaverit,
991 3037 1090 3077 nec
1116 3023 1415 3078 adusserit?
1442 3024 1495 3080 8.
1535 3025 1602 3079 Et
1647 3028 1814 3082 audivi
1842 3043 1930 3083 eo.

339 3128 438 3165 cem
466 3112 676 3165 Domini
703 3113 920 3166 dicentis
946 3128 965 3165 :
991 3113 1147 3178 Quem
1175 3115 1385 3180 mittam,
1416 3123 1463 3169 et
1491 3117 1600 3184 quis
1628 3117 1714 3170 ibit
1742 3118 1810 3170 ad
1839 3135 1929 3188 po-

342 3206 516 3272 pulum
538 3204 710 3257 hunc?
734 3204 924 3259 Viden‘
946 3213 1199 3274 quantum
1225 3206 1478 3275 profuerit
1498 3207 1651 3274 visio,
1677 3218 1925 3278 quantam

344 3309 457 3348 rem
482 3295 763 3364 perfecerit
791 3297 990 3351 timor?
1017 3296 1162 3352 Licet
1195 3298 1294 3352 sub
1331 3298 1510 3370 Moyse
1543 3301 1811 3371 quidpiam
1849 3303 1924 3356 si-

346 3385 477 3438 mile
496 3395 695 3454 gestum
719 3387 824 3441 sit:
847 3388 950 3442 etsi
972 3388 1111 3442 enim
1134 3387 1410 3459 Seraphin)
1434 3405 1537 3445 non
1560 3394 1921 3462 apparuerint,

349 3491 454 3531 nec
479 3478 620 3532 Deus
652 3479 703 3532 in
723 3480 859 3535 solio
900 3479 1125 3546 sedens;
1161 3491 1394 3538 attamen
1428 3485 1569 3539 aliud
1606 3487 1924 3556 stupendum

348 3569 708 3637 spectaculum
734 3582 858 3627 tunc
879 3574 1152 3644 propheta
1177 3575 1470 3632 exhibitum
1491 3587 1592 3642 est,
1616 3587 1924 3651 tantumque

348 3669 409 3713 ut
429 3675 586 3715 nemo
610 3662 659 3716 in
683 3663 808 3718 illud
828 3664 1101 3734 respicere
1126 3670 1310 3736 possit.
1337 3667 1508 3724 Bubus
1527 3671 1669 3724 enim
1694 3672 1920 3740 ardebat,

343 3753 551 3824 inquit,
591 3765 638 3808 et
675 3772 778 3809 non
811 3757 1192 3812 comburebatur
1220 3757 1423 3831 (Exod.
1466 3763 1518 3817 3.
1547 3763 1640 3831 2).
1673 3765 1922 3822 Attamen

341 3845 501 3898 etiam
531 3856 649 3914 post
682 3847 808 3912 illa,
836 3857 892 3904 et
909 3852 1039 3919 ‘post
1073 3851 1292 3906 multam
1330 3851 1423 3907 Dei
1463 3852 1883 3911 adhortationem
1903 3897 1920 3922 ,

340 3938 627 3993 reluctatur
649 3948 827 3995 tamen
857 3939 1066 4012 Moyses
1091 3942 1184 3998 ille
1211 3959 1453 4014 magnus,
1480 3947 1831 4014 causificatur,
1858 3964 1922 4005 ac

341 4043 616 4086 sexcentas
639 4033 910 4103 excogth
942 4035 1220 4090 recusandi
1247 4051 1433 4092 causas
1458 4037 1640 4095 dicens
1666 4057 1677 4092 :
1703 4039 1920 4095 Gracilis

341 4124 466 4175 uocis
490 4141 626 4190 sum,
653 4135 701 4178 ct
730 4125 903 4196 lingua
931 4128 1105 4182 tardus
1132 4126 1327 4198 (Exod.
1356 4129 1408 4183 4.
1440 4129 1528 4185 10.
1559 4131 1646 4201 15)
1670 4148 1685 4197 ;
1713 4140 1786 4199 et,
1815 4132 1920 4186 De-

344 4214 435 4283 lige
459 4225 510 4268 tu
535 4217 726 4284 alium,
755 4235 899 4288 quem
925 4221 1094 4275 mittas
1125 4220 1258 4292 (Jer.
1289 4223 1340 4277 1.
1366 4222 1476 4293 16).
1503 4223 1763 4279 Jeremias
1790 4239 1918 4280 vero

344 4315 546 4360 :rtatem
575 4316 817 4363 teneram
845 4311 1104 4366 obtendit.
1150 4313 1395 4368 Ezechiel
1430 4322 1606 4368 autem
1639 4325 1916 4386 postquam

341 4393 514 4460 jussus
549 4396 763 4463 fuerat,
791 4411 992 4469 septem
1030 4400 1215 4457 diebus
1244 4404 1382 4458 circa
1412 4403 1609 4459 flumen
1643 4415 1915 4473 versatur,

345 4487 610 4542 reluctans
633 4499 689 4542 et
715 4491 1088 4560 tergiversaris.
1119 4491 1242 4548 Ideo
1270 4494 1575 4564 parabolam
1610 4495 1753 4550 illam
1781 4497 1919 4550 Deus

344 4576 534 4643 adjecit
556 4578 741 4634 dicens
769 4597 783 4633 :
812 4580 1190 4650 Speculatorem
1214 4593 1261 4638 te
1283 4585 1400 4638 dedi
1425 4585 1595 4639 domui
1619 4584 1820 4651 Israel;
1841 4598 1914 4648 et.

344 4667 574 4721 Animam
614 4687 786 4723 eorum
821 4672 884 4724 de
915 4689 1068 4725 manu
1094 4682 1179 4726 tua
1207 4676 1460 4743 requiram
1487 4674 1708 4748 (Ezeclt.
1744 4677 1794 4730 3.
1826 4677 1913 4731 17.

345 4759 451 4828 18).
482 4759 649 4815 Jonas
676 4770 851 4816 autem
881 4777 986 4818 non
1013 4766 1172 4819 modo
1199 4765 1485 4832 recusavit,
1515 4767 1608 4822 sed
1637 4767 1793 4822 etiam
1825 4783 1919 4821 au-

344 4852 486 4923 lugit.
530 4853 669 4919 Quid
715 4854 908 4923 igitur?
952 4857 1269 4912 audaciorne
1307 4859 1554 4914 omnibus
1589 4859 1685 4914 fuit
1721 4859 1914 4927 Isaias,

343 4947 601 5015 etiamque
634 4961 826 5016 magno
860 4945 952 5002 illo
980 4947 1203 5018 Moyse?
1231 4949 1360 5017 Quis
1405 4951 1518 5005 haec
1553 4951 1786 5007 dixerit?
1811 4954 1921 5007 Cur

343 5035 458 5108 ergo
484 5040 573 5094 ille
593 5041 778 5109 jussus
804 5041 1181 5108 reluctabatur,
1208 5043 1292 5098 hic
1316 5059 1442 5098 vero
1471 5060 1573 5099 non
1603 5058 1784 5116 aperte
1805 5047 1919 5116 jus-

345 5145 454 5197 sus,
486 5132 724 5187 insiliens
764 5145 964 5204 prazsto
1002 5133 1136 5188 fuit?
1160 5133 1340 5205 Neque
1369 5135 1508 5190 enim
1533 5136 1690 5201 dixit,
1725 5137 1870 5192 Vade
1900 5154 1914 5192 :

348 5223 424 5274 sed
455 5223 560 5279 Deo
585 5225 799 5280 dicente
823 5265 840 5289 ,
870 5225 1033 5289 Quem
1059 5226 1250 5280 mittam
1269 5228 1294 5280 ?
1317 5227 1522 5296 jussum
1550 5227 1639 5282 ille
1667 5228 1916 5299 abripuit.

346 5314 548 5376 Quidam
574 5330 722 5373 certe
741 5319 950 5382 dicunt,
977 5333 1123 5385 eum,
1151 5320 1271 5389 quia
1299 5331 1626 5390 peccaverat,
1649 5321 1788 5391 quod
1813 5337 1917 5376 non

350 5409 750 5475 reprehendisset
784 5411 1015 5478 Oziam,
1048 5412 1138 5482 qui
1182 5414 1234 5468 in
1273 5414 1429 5485 adyta
1470 5430 1528 5471 se
1567 5417 1920 5472 intromittere

345 5513 484 5556 ausus
507 5515 604 5569 est,
635 5515 692 5559 nt
717 5505 786 5560 de
818 5505 914 5559 illo
949 5513 1171 5574 peccato
1199 5521 1317 5561 sese
1342 5515 1588 5577 purgaret
1615 5523 1709 5576 per
1733 5508 1920 5562 alacri-

340 5597 478 5648 tatem
501 5596 846 5664 obedientite,
874 5595 1066 5650 statim
1092 5596 1352 5664 insiliisse,
1383 5607 1439 5653 ut
1473 5598 1634 5653 Deum
1664 5601 1916 5669 placaret.

327 5728 586 5842 llzec
606 5739 841 5797 spectant
866 5729 934 5782 ad
958 5737 1068 5780 tres
1091 5741 1267 5793 pueros
1286 5737 1338 5781 et
1353 5729 1412 5781 ad
1437 5729 1675 5783 fornacem
1699 5733 1824 5793 ignis
1842 5745 1918 5780 ar-

2036 445 2237 503 Idcirco
2264 447 2405 504 enim
2431 447 2636 519 impura
2661 463 2780 505 esse
2806 449 2942 506 labia
2968 464 3062 506 sua
3084 449 3314 517 dicebat,
3335 450 3476 521 quod
3503 466 3606 506 non

2033 537 2276 596 libertate
2315 541 2562 609 loquendi
2589 555 2716 596 usus
2739 553 2903 598 esset.
2929 544 2998 598 At
3025 558 3118 599 eos
3145 545 3232 613 qui
3275 544 3394 597 talia
3424 543 3610 598 dicunt

2033 630 2172 687 ferre
2210 646 2312 686 non
2353 634 2552 702 possim
2583 650 2596 687 :
2631 648 2752 688 nam
2779 635 2883 689 fide
2907 635 3115 706 dignior
3146 636 3250 691 illis
3274 649 3355 692 est
3382 636 3606 699 Paulus,

2033 723 2122 793 qui
2162 725 2414 780 audacem
2457 725 2602 780 illum
2638 736 2788 780 vocat
2823 733 2878 780 et
2914 728 3025 793 ait,
3057 729 3224 781 Isaias
3248 743 3361 781 vero
3385 727 3535 780 audet
3563 736 3610 780 et

2033 816 2154 868 dicit
2179 817 2352 886 (Rom.
2378 819 2464 873 10.
2490 818 2605 886 20).
2635 818 2759 873 Ideo
2784 818 2941 888 igitur
2962 835 3067 874 non
3091 836 3154 874 ex
3180 822 3448 875 communi
3472 821 3608 890 lege,

2035 915 2091 960 ut
2130 908 2315 973 aiunt,
2356 917 2579 963 mortem
2623 910 2791 974 obiit,
2822 911 2913 965 sed
2952 913 3322 981 gravissiumm
3361 910 3614 967 sustinuit

2032 999 2346 1068 supplicium
2376 999 2448 1070 (a)
2472 1041 2486 1066 ,
2526 999 2723 1056 .luda‘is
2761 1001 2876 1070 ejus
2903 1002 3149 1071 loquendi
3180 1003 3474 1058 libertatem
3507 1020 3610 1060 non

2032 1088 2342 1144 ferentibus.
2376 1091 2578 1147 Prauer
2605 1092 2718 1147 haec
2743 1102 2917 1148 autem
2953 1092 3222 1164 Scriptura
3248 1111 3504 1166 nusquam
3531 1095 3612 1150 di-

2032 1180 2135 1245 cit,
2168 1180 2338 1250 ipsum
2366 1192 2680 1250 praesentem
2710 1183 2873 1238 fuisse
2893 1225 2906 1248 ,
2935 1192 2990 1238 et
3025 1195 3340 1254 prmsentem
3371 1187 3610 1248 siluisse.

2030 1270 2243 1340 quando
2269 1271 2425 1326 Ozias
2465 1273 2550 1326 illa
2586 1275 2866 1330 attentavit
2894 1294 2905 1328 :
2933 1275 3028 1330 sed
3065 1275 3153 1345 qui
3185 1274 3299 1332 haec
3336 1276 3615 1346 proferunt

2032 1378 2096 1416 ex
2127 1365 2316 1434 scipsis
2345 1366 2467 1420 talia
2497 1367 2808 1436 conjiciunt.
2848 1369 2982 1437 Quid
3023 1385 3150 1440 ergo
3177 1369 3460 1424 dicendum
3487 1381 3570 1425 est
3589 1371 3614 1423 ?

2032 1453 2146 1508 Non
2176 1470 2296 1510 esse
2334 1471 2513 1525 parem
2543 1457 2740 1530 Moysis
2763 1468 2818 1514 et
2849 1460 3005 1530 hujus
3033 1461 3314 1517 rationem.
3349 1461 3441 1517 Ille
3469 1464 3610 1517 enim

2033 1544 2084 1598 in
2113 1545 2341 1601 alienam
2368 1556 2424 1602 et
2459 1549 2738 1605 barbaram
2766 1559 2960 1607 terram
2993 1552 3325 1617 mittebatur,
3353 1565 3404 1608 et
3433 1549 3499 1608 ad
3527 1564 3613 1623 ty-

2033 1652 2260 1692 rannum
2303 1638 2595 1709 furentem,
2637 1642 3099 1715 insanientemque
3126 1661 3188 1700 ac
3216 1646 3456 1701 rabidum
3482 1662 3496 1713 ;
3527 1647 3614 1702 hie

2033 1743 2162 1784 vero
2187 1730 2252 1785 ad
2283 1748 2438 1798 suos,
2467 1735 2555 1804 qui
2583 1748 2642 1790 se
2668 1750 2809 1806 stepe
2836 1737 3146 1803 audierant,
3173 1739 3446 1810 multoque
3475 1750 3614 1794 tem-

2035 1835 2163 1890 pore
2190 1822 2410 1877 instituti
2439 1823 2648 1879 fuerant
2679 1843 2691 1880 :
2723 1843 2892 1896 neque
2918 1830 3058 1897 paris
3082 1839 3197 1884 erat
3219 1832 3534 1886 constantia
3561 1833 3613 1887 in

2035 1911 2128 1966 illo
2151 1921 2206 1966 et
2228 1912 2279 1968 in
2305 1912 2407 1968 hoc
2425 1930 2550 1970 casu
2572 1918 2812 1987 obsequi.
2838 1918 3061 1986 Quidam
3088 1937 3249 1991 porro
3268 1922 3450 1978 dicunt
3469 1923 3612 1978 aliud

2032 2002 2301 2072 quidpiam
2333 2013 2532 2060 tantam
2560 2007 2633 2062 illi
2665 2009 2917 2066 indidisse
2939 2011 3285 2069 alacritatem.
3309 2014 3440 2082 Quia
3471 2017 3612 2070 enim

2034 2109 2132 2165 pro
2158 2111 2217 2152 se
2242 2106 2298 2152 et
2325 2099 2522 2169 populo
2558 2101 2836 2159 confessus
2871 2115 3020 2171 erat,
3051 2117 3104 2162 et
3134 2107 3411 2180 Seraphim
3451 2110 3518 2165 ad
3555 2126 3617 2167 se

2033 2189 2171 2244 mitti
2199 2191 2426 2258 viderat,
2453 2209 2572 2264 quae
2602 2195 2738 2252 labia
2765 2212 2858 2252 sua
2887 2209 3262 2271 expurgarent,
3285 2217 3406 2257 cum
3433 2218 3616 2273 spera-

2033 2289 2114 2335 ret
2149 2281 2335 2337 eadem
2377 2284 2488 2355 ipsa
2531 2287 2728 2358 populo
2750 2299 3002 2346 eventura
3032 2307 3153 2348 esse
3175 2335 3190 2360 ,
3217 2308 3380 2365 seque
3405 2295 3471 2351 ad
3501 2296 3616 2352 hmo

2032 2374 2390 2430 annuntianda
2437 2377 2701 2436 abiturum
2745 2397 2899 2449 esse,
2948 2383 3196 2442 alacriter
3237 2387 3434 2443 dictum
3484 2389 3613 2444 illud

2031 2465 2288 2534 rapuisse.
2319 2463 2497 2523 Sancti
2519 2471 2660 2525 enim
2687 2480 2746 2527 ut
2783 2472 2877 2529 Dei
2915 2487 3155 2532 amantes
3183 2488 3367 2540 erant.
3399 2480 3466 2534 ita
3495 2482 3615 2549 plus

1935 2597 1938 2602 .
2031 2571 2188 2625 quam
2227 2559 2316 2612 alii
2357 2575 2546 2617 omnes
2592 2561 2838 2620 homines
2879 2567 3131 2637 popqu
3171 2571 3438 2626 amabant.
3478 2572 3610 2628 Cum

2031 2658 2273 2715 speraret
2301 2647 2458 2719 igitur
2485 2666 2544 2708 se
2574 2655 2835 2710 malorum
2863 2658 3144 2728 quamdam
3171 2661 3490 2720 solutionem
3512 2681 3612 2720 an-

2033 2741 2397 2798 nuntiaturum
2426 2760 2566 2810 esse,
2581 2747 2688 2801 cito
2713 2747 2952 2816 insilivit,
2980 2760 3033 2806 et
3055 2754 3128 2807 ait
3155 2771 3170 2808 :
3199 2753 3332 2809 Ecce
3355 2773 3447 2828 ego
3476 2775 3609 2822 sum,

2030 2831 2169 2884 mitte
2204 2847 2300 2886 me.
2342 2833 2488 2890 Alias
2525 2852 2654 2893 vero
2690 2839 2922 2895 animam
2960 2842 3026 2896 ad
3067 2845 3298 2913 pericula
3337 2849 3613 2907 subeunda

2029 2921 2182 2978 valde
2227 2939 2542 2995 propensam
2591 2927 2820 2985 habebat
2867 2949 2878 2984 :
2922 2932 3198 3005 ipsumque
3247 2935 3316 2991 ita
3363 2938 3612 2995 allectum

2030 3013 2192 3071 fuisse
2233 3032 2327 3088 per
2370 3027 2533 3075 totam
2571 3022 2687 3091 ejus
2723 3025 3053 3094 prophetiam
3089 3027 3410 3086 declaratur.
3454 3031 3614 3088 Post-

2029 3125 2184 3181 quam
2215 3127 2342 3182 ergo
2371 3115 2688 3184 promiserat
2713 3132 2772 3172 se
2800 3118 3086 3186 abiturum,
3113 3137 3233 3176 cum
3263 3139 3364 3178 non
3391 3125 3612 3181 auderet

2027 3203 2164 3259 ultra
2195 3204 2446 3271 abnuere,
2475 3217 2598 3264 tunc
2625 3209 2790 3264 tristia
2816 3211 3034 3266 audivit.
3062 3212 3333 3284 Siquidem
3365 3215 3503 3271 Deus
3526 3231 3612 3271 sa-

2027 3295 2226 3364 gaciter
2249 3312 2368 3352 cum
2391 3299 2482 3354 illo
2506 3315 2618 3355 rem
2642 3303 2905 3359 tractavit.
2929 3303 3110 3375 Neque
3131 3307 3273 3360 enim
3296 3321 3326 3360 a
3353 3308 3611 3378 principio

2026 3385 2160 3441 dixit
2190 3405 2203 3442 :
2234 3387 2378 3444 Vade
2400 3432 2415 3456 ,
2449 3399 2501 3446 et
2526 3391 2648 3460 dic;
2675 3393 2771 3448 sed
2811 3396 2956 3464 prius
2984 3397 3286 3452 mandatum
3319 3398 3371 3453 in
3397 3399 3610 3455 sublimi

2027 3486 2212 3535 tenens
2231 3521 2246 3544 ,
2275 3482 2542 3538 missionis
2571 3485 2786 3541 modum
2814 3487 3080 3542 occultum
3119 3489 3320 3545 habuit.
3352 3490 3482 3546 Cum
3510 3507 3610 3547 au-

2026 3579 2132 3626 tem
2161 3573 2248 3628 ille
2273 3573 2430 3629 facile
2458 3576 2742 3645 paruisset,
2769 3587 2897 3633 tunc
2921 3579 3055 3633 mala
3080 3596 3197 3650 qua:
3221 3580 3433 3637 Iudaeos
3459 3582 3610 3638 inva-

2024 3679 2148 3719 sura
2175 3673 2328 3720 erant
2351 3665 2500 3720 dixit.
2529 3667 2782 3734 Quaenam
2813 3683 2973 3739 porro
2998 3669 3112 3726 hzec
3135 3675 3328 3727 erant?
3354 3674 3408 3730 9.
3447 3674 3605 3743 Vade,

2025 3753 2225 3823 inquit,
2253 3765 2300 3808 et
2330 3756 2412 3808 dic
2441 3757 2630 3826 populo
2653 3758 2770 3811 huic
2796 3773 2814 3812 :
2839 3759 3030 3812 Auditu
3057 3761 3301 3827 audietis,
3325 3774 3371 3818 et
3399 3781 3500 3819 non
3528 3767 3608 3819 in-

2025 3845 2286 3915 telligetis,
2314 3856 2362 3899 et
2391 3847 2609 3902 uidentes
2646 3848 2872 3904 uidebitis
2891 3891 2907 3915 ,
2935 3860 2981 3905 et
3019 3868 3118 3906 non
3155 3856 3482 3925 perspicietis.
3519 3859 3606 3914 I0.

2025 3933 2371 3990 lncrassatunt
2397 3937 2531 3991 enim
2554 3949 2627 3993 est
2655 3955 2743 3994 cor
2766 3939 2943 4011 populi
2968 3941 3120 4013 hujus
3138 3983 3154 4009 ,
3187 3954 3233 3998 et
3265 3947 3470 4003 auribus
3503 3951 3608 4004 suis

2023 4025 2239 4095 graviter
2261 4027 2549 4094 audierunt,
2575 4038 2622 4082 et
2644 4030 2814 4084 oculos
2837 4047 2956 4085 suos
2983 4033 3350 4103 clauserunt,ne
3372 4039 3505 4106 forte
3528 4041 3603 4092 ui-

2023 4118 2174 4170 deant
2198 4115 2382 4183 oculis,
2410 4127 2456 4172 et
2489 4119 2692 4173 auribus
2720 4120 2952 4185 audiant,
2983 4132 3029 4176 et
3051 4125 3200 4177 corde
3226 4125 3530 4196 intelligant,
3558 4138 3606 4182 et

2023 4217 2406 4275 convertantur,
2435 4219 2481 4264 et
2515 4227 2688 4264 sortem
2727 4227 2828 4266 eos.
2866 4211 2991 4268 Haec
3029 4214 3469 4285 interpretatione
3498 4237 3603 4274 non

2023 4313 2154 4367 opus
2181 4298 2375 4354 habere
2401 4309 2547 4369 puto,
2573 4316 2692 4356 cum
2721 4302 2754 4356 ii
2776 4302 2864 4372 qui
2892 4301 3008 4358 hate
3033 4305 3196 4374 probe
3216 4307 3475 4372 sciebant,
3492 4309 3603 4379 jam

2021 4393 2146 4448 olim
2175 4409 2238 4448 ea
2273 4404 2519 4451 accurate
2557 4396 2887 4466 interpretati
2926 4397 3071 4462 sint;
3099 4397 3332 4456 Joannes
3360 4402 3608 4460 videlicet

2023 4487 2236 4542 tonitrui
2265 4487 2425 4552 (ilius,
2452 4498 2505 4544 et
2532 4489 2748 4557 Paulus,
2780 4491 2872 4561 qui
2900 4501 2952 4546 et
2981 4500 3158 4546 vetera
3185 4504 3239 4548 et
3265 4509 3398 4549 nova
3429 4498 3606 4566 appri-

2021 4597 2108 4637 me
2132 4592 2371 4636 noverat.
2399 4582 2495 4638 l-lic
2515 4583 2657 4638 enim
2687 4583 2871 4638 Romae
2895 4584 2960 4640 iis
2980 4587 3324 4654 concionans,
3348 4588 3437 4661 qui
3462 4603 3606 4661 post-

2021 4687 2177 4741 quam
2217 4681 2583 4738 accesserant,
2611 4673 2912 4730 resilierant
2937 4684 2992 4731 et
3017 4676 3154 4732 dicta
3190 4693 3285 4733 sua
3324 4695 3430 4734 non
3463 4680 3602 4736 ferc-

2023 4764 2167 4829 bant,
2191 4763 2364 4818 aiebat
2384 4780 2398 4816 :
2415 4763 2552 4818 Bene
2569 4765 2693 4818 dixit
2715 4765 2938 4835 Spiritus
2956 4777 3160 4822 sanctus
3177 4784 3196 4822 :
3215 4769 3348 4823 Anre
3365 4773 3603 4836 audietis,

2022 4863 2067 4907 et
2094 4872 2193 4908 non
2219 4854 2505 4924 intelligetis
2535 4855 2554 4926 (
2571 4856 2678 4908 Act.
2710 4855 2801 4911 28.
2832 4855 2921 4911 25.
2951 4857 3078 4928 26).
3109 4858 3274 4915 Filius
3305 4877 3431 4916 vero
3460 4865 3603 4916 toni-

2023 4948 2147 5013 trui,
2171 4963 2292 5002 cum
2317 4948 2566 5002 miracula
2592 4948 2850 5014 viderent,
2881 4966 2979 5005 nec
3002 4952 3302 5018 crederent,
3327 4953 3572 5023 dogmata
3589 4986 3602 4993 -

2019 5056 2124 5110 que
2143 5039 2406 5106 audirent,
2433 5055 2530 5096 nec
2547 5041 2880 5098 attenderem
2899 5043 3164 5112 (Christus
3184 5046 3324 5100 enim
3342 5045 3596 5101 Lazarum

2085 5237 2157 5304 (a)
2190 5238 2426 5287 Veterum
2450 5245 2637 5288 Patrum
2657 5241 2818 5304 opinio
2840 5244 3178 5304 sententiaque
3202 5241 3288 5293 fuit
3310 5243 3478 5293 Isaiam
3503 5253 3596 5295 Ma-

2021 5301 2172 5348 nassis
2194 5308 2414 5361 tempore
2452 5308 2638 5349 sectum
2662 5300 2828 5351 fuisse.
2851 5303 2900 5352 Id
2927 5305 2990 5352 ait
3013 5300 3299 5354 Athanasius
3321 5306 3404 5354 lib.
3433 5308 3495 5355 de
3521 5316 3595 5356 In.

2034 5363 2337 5432 carnati‘une,
2362 5368 2497 5432 Tom.
2531 5371 2575 5426 l,
2607 5371 2757 5432 p.68,
2791 5371 2826 5418 Β
2864 5369 3019 5417 εΟὐδὲ
3059 5375 3121 5424 ὡς
3153 5370 3353 5424 Ἡσαΐας
3375 5372 3598 5432 ἐπρίσθη,

2034 5434 2082 5476 et
2105 5442 2154 5502 ρ.
2182 5427 2259 5485 78,
2286 5428 2320 5477 C
2345 5428 2590 5504 ,ξΗσαΐᾳς
2608 5427 2810 5494 ’ἐπρίὰθη
2845 5433 3082 5504 iucundi)?
3101 5433 3319 5504 pii-uului
3346 5427 3480 5504 guis.
3511 5427 3600 5501 ate-'-

2033 5491 2313 5559 upépuzorat.
2344 5489 2689 5561 Hieronymus
2716 5489 2917 5542 veno-in
2953 5493 3315 5562 Quaestionibus
3347 5491 3599 5561 Hebraicis

2035 5550 2092 5598 ad
2127 5550 2208 5597 lib.
2244 5551 2454 5603 Paralto.
2481 5566 2522 5600 c.
2549 5555 2608 5601 35
2634 5569 2643 5601 :
2675 5553 2895 5603 Tradunt
2924 5553 3142 5603 Ilebrtm.
3171 5556 3356 5603 tthtrCO
3387 5567 3598 5603 occzsum

2035 5565 2092 5598 au
2127 5565 2208 5597 nu.
2244 5565 2454 5613 raraup.
2481 5566 2522 5600 c.
2549 5565 2608 5601 aa
2634 5569 2643 5601 :
2675 5565 2895 5603 Imaum
2924 5565 3142 5611 "eorm,
3171 5565 3356 5603 tthtrCO
3387 5567 3598 5603 occisum

2035 5610 2322 5678 Isaiam,_eo
2343 5613 2469 5678 quod
2497 5627 2582 5678 eos
2594 5615 2914 5678 appellaverit
2935 5612 3176 5678 principes
3209 5618 3528 5678 Sodomorum
3552 5623 3600 5666 et

2033 5672 2454 5747 Contot'rlite._’liis
2467 5674 2611 5747 _adtli.
2627 5672 2816 5747 possent
2843 5672 3151 5747 angustiam,
3186 5677 3529 5747 Theodoretns,
3555 5685 3599 5747 et

2032 5740 2197 5782 auctor
2230 5734 2343 5802 libri
2374 5734 2433 5784 de
2461 5734 2715 5801 Prop/telis
2747 5738 2878 5798 apud
2906 5734 3243 5801 Epiphaniam,
3275 5739 3479 5803 aliique,
3514 5739 3596 5788 sed

2034 5795 2133 5846 huic
2157 5801 2273 5847 salts
2294 5801 2450 5847 sunto.
