4102 6306
449 302 519 361 ’15
1251 303 1309 359 S.
1362 300 1640 361 JOANNIS
1675 300 2153 362 CHRYSOSTOMI
2191 303 2507 369 ARCHIEP.
2547 305 3081 368 CONSTANTINOP.
3664 317 3738 374 ‘76

446 419 795 476 suscitaverat
820 456 836 482 ,
866 425 922 471 ct
946 415 1118 487 ipsum
1144 416 1390 473 occidere
1419 416 1734 482 tentabant;
1761 416 2035 473 dmmones

444 512 710 580 cjecerat,
742 516 795 563 et
822 509 992 579 ipsum
1019 508 1406 564 daemoniacum
1437 507 1734 574 vocabant;
1763 507 1905 563 Patri
1932 508 2033 563 ob-

445 601 637 657 tulerat
664 613 759 655 eos
778 639 794 667 ,
822 608 877 655 et
912 600 1085 668 ipsum
1115 598 1454 655 seductorem
1493 599 1833 669 appellabant
1856 639 1870 664 ,
1899 613 2032 655 con-

443 693 740 762 trariasque
778 692 1107 763 recipiebant
1143 690 1455 765 opiniones)
1484 708 1497 745 :
1528 690 1666 746 hanc
1696 690 2031 762 prophetiam

443 795 709 841 memorat
750 785 936 842 dicens
975 802 991 838 :
1031 784 1169 840 Bene
1204 786 1332 839 dixit
1372 780 1540 839 Isaias
1578 785 1824 855 propheta
1851 800 1871 839 :
1896 784 2031 839 Aura

441 876 729 945 audietis,et
755 894 857 932 non
880 875 1172 945 intelligetis
1195 917 1209 942 ,
1239 886 1286 931 at
1310 876 1531 931 videntes
1558 876 1784 931 videbitis
1802 917 1817 944 ,
1850 885 1897 930 at
1928 892 2031 930 non

443 969 753 1041 perspiciatis
780 968 965 1043 (Joan.
999 972 1083 1028 12.
1110 968 1198 1027 '58.
1230 966 1342 1038 40).

543 1061 596 1116 6.
645 1061 779 1129 Quia
826 1062 970 1117 enim
1034 1062 1259 1117 internis
1308 1061 1500 1116 mentis
1554 1061 1723 1116 oculis
1774 1059 2028 1116 excmcati

440 1161 615 1220 erant,
644 1154 841 1214 nullam
870 1168 939 1209 ex
965 1154 1133 1208 oculis
1152 1153 1507 1209 exterioribus
1532 1152 1898 1223 percipiebant
1916 1153 2025 1207 uti-

441 1244 647 1301 litatem
679 1286 694 1312 ,
718 1244 921 1315 judicio
968 1244 1163 1299 mentis
1204 1253 1477 1313 corrupto.
1536 1243 1739 1299 idcirco
1783 1242 2027 1299 videntes

438 1354 544 1392 non
574 1337 864 1407 videbant,
893 1347 948 1394 et
974 1338 1251 1393 audientes
1280 1352 1385 1392 non
1416 1336 1703 1391 audiebant
1736 1357 1748 1391 :
1775 1349 2023 1391 causam-

436 1444 541 1500 que
585 1429 803 1497 adjicit,
847 1430 967 1500 quia
1016 1444 1207 1485 sensus
1247 1444 1356 1485 non
1401 1439 1552 1484 erant
1579 1427 1892 1499 depravati,
1924 1441 2024 1483 nec

437 1532 624 1578 natura
652 1521 960 1579 labefactata
984 1564 1000 1590 ,
1029 1523 1126 1579 sed
1151 1538 1245 1578 cor
1274 1531 1622 1579 excaecatum.
1673 1520 2022 1575 Incrassatum

436 1615 571 1669 enim
600 1624 673 1670 est
711 1631 799 1670 cor
824 1616 1001 1687 populi
1033 1615 1219 1686 hujus,
1253 1615 1427 1685 inquit
1454 1631 1468 1667 :
1496 1612 1795 1669 crassitudo
1840 1620 2019 1667 autem

434 1709 629 1764 mentis
647 1708 875 1765 efficitur
896 1725 925 1763 a
954 1709 1181 1779 peccatis
1220 1720 1274 1764 et
1297 1724 1326 1764 a
1357 1709 1539 1765 saeculi
1562 1706 2031 1777 concupiscentia.

435 1798 687 1870 llancque
724 1798 1022 1855 crassitiem
1047 1807 1319 1856 ‘enarrans
1365 1798 1561 1854 Paulus
1604 1797 1817 1854 dicebat
1849 1814 1863 1852 :
1897 1795 2020 1851 Non

433 1891 576 1962 potui
598 1890 735 1946 uobis
765 1891 902 1961 loqui
927 1892 1072 1961 quasi
1099 1889 1446 1962 spiritualibus
1472 1904 1492 1945 :
1512 1892 1738 1944 nondum
1763 1887 1898 1943 enim
1926 1904 2020 1959 po-

432 1981 641 2049 teratis,
668 1982 757 2036 sed
788 1997 946 2051 neque
971 1981 1139 2036 adhuc
1175 1982 1384 2052 potestis
1409 1980 1489 2053 (1.
1533 1978 1653 2035 Cor.
1679 1981 1731 2037 3.
1766 1978 1845 2053 l).
1874 1976 2029 2036 Cau-

430 2089 650 2145 sumque
685 2074 878 2145 adjecit
916 2074 1103 2131 dicens
1133 2091 1149 2129 :
1181 2073 1310 2129 Cum
1336 2076 1471 2130 enim
1496 2075 1597 2130 sint
1626 2074 1757 2129 inter
1778 2089 1866 2129 vos
1905 2075 2016 2128 lites

428 2177 475 2220 et
499 2166 636 2222 zelus
654 2175 700 2223 et
726 2169 977 2222 contentio
999 2208 1016 2232 ,
1044 2184 1210 2222 nonne
1250 2168 1481 2221 carnales
1510 2167 1627 2221 estis
1658 2165 1709 2237 (ι
1717 2166 1820 2220 bid.
1843 2182 1889 2220 υ.
1917 2166 2015 2238 5)?

425 2258 562 2314 tium
603 2273 733 2331 ergo
775 2259 855 2316 illi
891 2260 1089 2315 invidia
1116 2274 1307 2330 magna
1344 2268 1399 2314 ct
1426 2259 1596 2314 livore
1631 2258 2010 2324 tabescerent,

425 2357 800 2426 sescentisque
834 2354 954 2411 aliis
1000 2353 1278 2409 aﬂectibus
1300 2352 1672 2409 obsiderentur
1699 2353 1716 2387 ι
1735 2392 1752 2419 ,
1773 2364 2013 2408 crassum

424 2449 620 2503 mentis
644 2446 860 2503 oculum
885 2446 1201 2512 effecerunt,
1232 2459 1333 2500 nec
1360 2445 1498 2499 ultra
1529 2451 1779 2515 poterant
1802 2443 2012 2499 sincere

423 2539 626 2595 videre.
658 2538 888 2610 Ideoque
912 2538 1055 2593 circa
1103 2537 1191 2591 illa
1230 2551 1350 2606 qnze
1379 2534 1632 2591 videbant
1649 2533 1851 2591 alienas
1875 2548 2009 2589 con-

426 2624 722 2694 uariasque
764 2622 1058 2678 sententias
1106 2621 1455 2692 accipiebant.
1500 2620 1629 2675 llaec
1675 2635 1796 2676 cum
1843 2618 2010 2691 probe

421 2716 627 2771 uideret
673 2713 930 2785 propheta
953 2755 971 2782 ,
1020 2714 1393 2784 prtenuntiavit
1435 2728 1650 2770 causam
1687 2714 1883 2769 morbi.
1926 2713 2008 2769 Tu

422 2822 554 2864 vero
577 2807 661 2862 hic
693 2806 824 2862 mihi
846 2805 1130 2862 considera
1153 2845 1171 2873 ,
1197 2804 1467 2876 quomodo
1507 2820 1630 2860 cum
1660 2804 1781 2861 duae
1825 2814 2010 2862 essent

421 2899 714 2970 prophetia:
733 2941 752 2965 ,
772 2899 915 2954 illam
935 2940 951 2966 ,
981 2913 1100 2969 qua:
1122 2897 1193 2953 de
1222 2897 1462 2955 Ecclesia
1489 2905 1545 2952 et
1570 2896 1639 2952 de
1666 2896 1823 2953 bouis
1845 2898 2008 2953 totius

423 2992 572 3048 orbis
624 3001 761 3061 erat,
792 2992 1095 3063 acceperint
1125 2990 1404 3063 Seraphim
1428 2989 1673 3047 dicentes
1702 3009 1716 3046 :
1744 2991 1964 3047 Sanctus
1986 3033 2002 3058 ,

424 3094 630 3139 sanctus
651 3127 669 3151 ,
707 3094 911 3139 sanctus
935 3125 951 3150 ,
998 3082 1247 3137 Dominus
1282 3082 1510 3138 Sabaoth
1527 3122 1543 3149 ,
1570 3082 1721 3154 plena
1744 3091 1815 3137 est
1840 3083 2004 3138 omnis

420 3187 556 3231 terra
586 3177 750 3248 gloria
793 3178 906 3248 ejus
960 3190 980 3231 :
1031 3176 1188 3229 aliam
1231 3188 1359 3230 vero
1412 3189 1531 3244 quae
1575 3173 1644 3229 de
1698 3173 1908 3230 excidio
1949 3183 2005 3229 et

420 3269 487 3323 de
544 3268 715 3339 poenis
748 3266 1058 3323 Iudaeorum
1092 3274 1209 3321 erat
1231 3306 1249 3332 ,
1270 3266 1544 3337 propheta:
1598 3264 1725 3322 huic
1772 3266 2005 3337 relique-

417 3373 563 3429 runt,
591 3370 651 3417 ut
690 3362 815 3417 hinc
842 3362 1002 3417 etiam
1032 3359 1289 3416 Ecclesia:
1327 3358 1737 3428 praecellentiam
1768 3358 1996 3414 ediscas.

417 3457 505 3511 tl.
540 3455 606 3509 Et
652 3455 795 3523 dixi,
832 3453 1099 3525 Usquequo
1122 3493 1139 3518 ,
1160 3450 1380 3506 Domine
1401 3451 1427 3505 2
1456 3449 1615 3505 Vides
1653 3464 1761 3506 non
1804 3450 2003 3505 frustra

417 3564 591 3620 neque
613 3559 813 3607 temere
833 3562 931 3603 nos
954 3546 1314 3617 conjecturam
1333 3543 1552 3600 duxisse
1576 3543 1718 3599 circa
1747 3541 2004 3598 obedien-

416 3645 544 3700 tiam
588 3641 863 3714 prophette
912 3640 1077 3696 multa
1132 3638 1414 3694 alacritate
1456 3636 1711 3708 plenam?
1737 3636 1999 3705 Quoniam

415 3735 575 3806 igitur
596 3732 864 3790 contraria
891 3731 957 3787 iis
982 3747 1101 3803 quae
1126 3728 1473 3800 exspectabat
1513 3726 1717 3783 audivit
1736 3768 1752 3791 ,
1785 3727 2003 3782 vastita—

416 3839 525 3882 tem
550 3869 566 3894 ,
594 3835 889 3882 extremam
934 3822 1223 3894 perniciem
1244 3862 1258 3886 ,
1290 3831 1445 3891 rogat
1471 3820 1653 3876 doceri
1693 3832 1754 3875 se
1779 3833 2001 3875 mensu-

416 3937 530 3975 ram
561 3917 849 3974 inferenda'
878 3930 1050 3985 pana:
1070 3932 1084 3968 :
1108 3927 1216 3968 non
1244 3912 1476 3968 audebat
1502 3913 1644 3968 enim
1676 3911 1744 3966 ab
1770 3912 1849 3967 ira
1882 3911 2003 3967 illos

417 4025 637 4083 prorsus
679 4009 919 4078 eripere,
949 4020 1016 4061 eo
1057 4005 1199 4075 quod
1230 4004 1371 4059 Deus
1414 4004 1777 4073 praevertisset
1814 4011 2001 4058 osten-

414 4106 546 4160 dere
588 4109 811 4174 peccata
860 4112 1045 4153 eorum
1095 4095 1307 4151 veniam
1370 4108 1479 4150 non
1530 4096 1746 4150 mereri.
1802 4095 2000 4151 Eorum

413 4195 615 4266 quippe
641 4204 802 4247 ausus
827 4204 935 4244 non
964 4187 1147 4258 rapina
1171 4194 1326 4241 erant
1345 4225 1362 4252 ,
1388 4198 1564 4254 neque
1589 4186 1796 4241 animus
1816 4186 2000 4255 proxi-

416 4300 564 4343 mum
607 4281 873 4348 laedendi;
914 4280 1008 4336 sed
1033 4279 1242 4333 animus
1267 4276 1387 4331 data
1414 4291 1579 4347 opera
1608 4275 1966 4345 inobsequens
1983 4318 1998 4343 ,

417 4387 472 4433 et
502 4391 654 4433 mens
694 4372 1025 4431 contentiosa
1046 4411 1062 4437 ,
1086 4386 1206 4441 qua:
1231 4368 1382 4440 quasi
1410 4383 1531 4423 cum
1553 4367 1902 4423 meditatione
1947 4378 2004 4423 et

417 4470 595 4525 studio
620 4467 782 4524 rebus
807 4480 837 4520 a
865 4465 974 4520 Deo
997 4464 1160 4533 gestis
1186 4460 1497 4518 obsistebat.
1528 4460 1641 4516 Hoc
1671 4459 1848 4529 itaque
1872 4458 1997 4514 subo

418 4561 661 4618 indicans
688 4557 929 4614 dicebat:
964 4553 1046 4609 Ne
1083 4558 1211 4625 forte
1233 4553 1433 4607 rideant
1456 4553 1635 4617 oculis,
1663 4561 1711 4606 et
1745 4551 1896 4605 corde
1917 4550 2002 4604 in-

421 4654 672 4724 telligant,
696 4660 741 4705 et
769 4629 1144 4714 convertantur,
1165 4654 1212 4699 at
1237 4661 1411 4699 sanam
1437 4660 1541 4699 eos.
1571 4644 1650 4699 Ac
1676 4643 1722 4698 si
1754 4643 2003 4697 timerent

421 4746 565 4800 cnim
590 4786 606 4810 ,
635 4742 843 4812 inquit,
872 4754 941 4794 ne
992 4738 1130 4793 forte
1166 4737 1436 4792 discerent
1461 4735 1733 4807 quidpiam
1780 4748 2000 4801 eorum,

421 4851 543 4906 qua:
588 4834 725 4889 scire
749 4846 846 4902 par
878 4837 1026 4896 erat,
1055 4828 1133 4883 sic
1176 4842 1370 4898 magno
1411 4842 1533 4883 cum
1562 4826 1739 4882 studio
1767 4834 2003 4882 mentem

419 4942 569 4983 suam
641 4930 1068 4981 excmcaverant.
1121 4920 1381 4987 Quoniam
1429 4919 1589 4990 igitur
1642 4928 1699 4975 et
1733 4919 2004 4975 accusatio

421 5019 732 5091 gravissima
760 5026 863 5082 est,
885 5025 940 5071 et
964 5012 1279 5084 supplicium
1307 5012 1451 5083 quod
1477 5012 1768 5067 condonari
1797 5011 2000 5082 nequit,

426 5112 572 5185 quod
594 5110 855 5180 reliquum
881 5116 997 5161 erat
1018 5147 1034 5173 ,
1063 5104 1303 5160 ediscere
1328 5104 1512 5175 cupit,
1545 5113 1599 5157 et
1618 5102 1770 5174 quasi
1797 5102 2004 5158 discere

418 5209 643 5272 volens,
688 5199 1131 5274 supplicationem
1182 5196 1404 5253 inducit.
1435 5196 1696 5262 Quoniam
1732 5210 1858 5251 vero
1907 5209 2003 5265 pro

421 5302 525 5357 hac
571 5314 627 5355 re
677 5312 744 5353 ne
791 5295 1091 5366 supplicare
1116 5291 1329 5363 quidem
1369 5298 1553 5361 aperte
1593 5288 1853 5352 audebat,
1883 5287 2003 5343 ideo

419 5393 574 5463 quasi
604 5400 666 5445 ut
715 5388 920 5444 ediscat
966 5382 1436 5453 interrogationem
1475 5380 1741 5452 excogitat
1777 5379 1997 5435 dicens:

421 5489 511 5543 Η.
542 5484 832 5555 Usquequo,
856 5478 1109 5536 Domine?
1138 5476 1206 5532 Et
1233 5476 1362 5531 dixit
1384 5491 1401 5528 :
1424 5474 1593 5530 Donec
1621 5474 1905 5529 desolantur
1931 5472 2005 5525 ci-

423 5580 600 5631 uitates
638 5592 697 5631 eo
722 5574 857 5646 quod
896 5590 999 5629 non
1043 5570 1350 5635 habitantur,
1381 5577 1429 5623 at
1453 5569 1633 5622 domus
1657 5582 1716 5621 eo
1742 5566 1878 5636 quod
1901 5580 2001 5619 non

487 5733 504 5764 ¹
540 5737 677 5789 Haec,
711 5727 1038 5789 sermnisque
1059 5724 1169 5776 aliis
1192 5723 1436 5789 aﬂbctibus
1449 5719 1798 5789 obsiderentur,
1817 5718 2001 5789 desunt

424 5793 627 5847 insavil.
655 5784 707 5843 et
732 5799 865 5855 Heg,
890 5784 1129 5841 habentur
1154 5784 1317 5838 autem
1339 5787 1388 5835 in
1412 5784 1571 5835 Morel.
1599 5790 1651 5832 et
1669 5784 1906 5832 Bavarieo.

2148 417 2249 473 sint
2273 418 2521 484 homines;
2546 429 2595 473 at
2616 428 2749 474 terra
2775 422 3149 491 derelinquatur
3168 420 3383 478 deserta.
3408 423 3494 480 12.
3527 423 3596 479 Et
3625 438 3740 495 post

2143 509 2250 564 hinc
2277 511 2425 581 longe
2448 513 2598 582 faciet
2621 511 2758 567 Deus
2782 513 3007 567 homines
3026 555 3041 579 ,
3072 523 3119 567 at
3150 515 3626 585 multiplicabuntur
3650 520 3740 590 qui

2146 599 2372 655 derelicti
2412 603 2598 672 fuerint
2642 619 2793 673 super
2830 613 3014 658 terram
3040 646 3056 672 ,
3091 606 3178 661 15.
3213 614 3260 659 at
3290 582 3463 661 adhuc
3487 607 3541 662 in
3576 626 3635 663 ea
3663 582 3759 667 est.

2138 691 2426 746 decimatio.
2463 691 2532 747 Et
2556 710 2732 748 rursus
2757 695 2850 749 erit
2879 696 2931 749 in
2959 696 3394 766 deprtedationem
3419 708 3475 753 ut
3511 700 3737 756 terebin-

2136 785 2271 850 thus,
2299 795 2346 840 et
2364 786 2491 841 sicut
2515 786 2663 858 glans
2680 827 2695 852 ,
2722 804 2839 842 cum
2867 790 3108 843 exciderit
3129 807 3192 845 ea:
3225 790 3372 846 theca
3397 809 3510 846 sua.
3545 794 3736 850 Semen

2134 886 2365 931 sanctum
2407 879 2560 933 statio
2601 880 2711 950 ejus
2764 880 2861 952 (a).
2911 881 3167 937 Absoluta
3185 883 3282 939 illa
3322 886 3634 956 prophetia,
3662 887 3733 943 ad

2134 971 2411 1027 historiam
2437 987 2622 1030 rursus
2646 988 2950 1031 sermonem
2973 975 3198 1042 reducit,
3230 980 3595 1050 captivitatem
3627 981 3728 1037 de-

2139 1079 2259 1122 cem
2312 1065 2545 1121 tribuum
2586 1067 2969 1136 praenuntians,
2998 1084 3207 1126 necnon
3249 1072 3560 1141 patientiam
3592 1073 3731 1142 Dei,

2131 1170 2291 1224 quam
2323 1166 2540 1229 propter
2561 1158 2703 1212 illam
2732 1160 3091 1229 captivitatem
3126 1177 3253 1233 erga
3277 1162 3412 1221 duas
3441 1164 3612 1221 tribus
3632 1181 3730 1221 es-

2130 1246 2339 1313 hihuit;
2384 1248 2578 1306 deinde
2606 1250 2795 1307 harum
2834 1252 2993 1309 etiam
3021 1254 3427 1323 abductionem,
3454 1258 3578 1328 quia
3617 1260 3715 1316 illa

2130 1338 2381 1407 patientia
2430 1340 2564 1396 nihil
2605 1341 2734 1411 ipsis
2765 1343 3065 1414 profuerat,
3108 1355 3165 1401 et
3210 1348 3557 1419 reliquiarum
3593 1350 3714 1421 ejus

2130 1443 2497 1487 successuram
2528 1435 2960 1504 prosperitatem.
3005 1437 3138 1492 Cum
3182 1440 3325 1493 enim
3353 1440 3516 1507 dicit,
3548 1441 3725 1498 Donec

2127 1521 2414 1579 desolantur
2457 1519 2683 1580 ciuitates
2736 1543 2795 1583 eo
2837 1527 2974 1597 quod
3024 1545 3127 1584 non
3170 1529 3478 1599 habitantur,
3523 1533 3723 1591 decem

2124 1615 2355 1671 tribuum
2385 1618 2747 1687 captivitatem
2786 1619 3106 1677 subindicat.
3147 1622 3283 1679 Nam
3311 1624 3565 1683 radicitus
3589 1643 3714 1683 om-

2123 1720 2222 1762 nes
2246 1707 2439 1764 sublati
2464 1717 2588 1765 sunt
2606 1749 2623 1773 ,
2655 1720 2855 1768 etcum
2892 1712 3057 1768 multa
3081 1714 3331 1771 violentia
3357 1717 3584 1787 abrepti,
3602 1734 3724 1775 orno

2124 1812 2219 1852 nes
2239 1798 2295 1852 in
2317 1798 2544 1855 alienam
2560 1809 2755 1856 terram
2782 1804 3020 1859 translati
3045 1814 3188 1871 sunt,
3215 1807 3285 1861 ita
3314 1816 3373 1862 ut
3409 1808 3571 1866 urbes
3598 1824 3721 1866 om-

2121 1905 2220 1947 nes
2261 1898 2467 1947 starent
2494 1893 2801 1955 hominibus
2836 1909 3048 1961 vacuze,
3074 1905 3130 1951 ct
3159 1908 3299 1954 terra
3338 1897 3719 1957 destitueretur

2120 1981 2251 2037 viris
2270 2023 2285 2048 ,
2316 1983 2404 2053 qui
2440 1997 2558 2039 eam
2588 1984 2861 2054 colerent,
2888 1986 2954 2041 ad
2985 2000 3171 2043 eorum
3193 1989 3471 2045 utilitatem
3499 1992 3589 2062 qui
3618 2008 3716 2048 re-

2122 2072 2234 2130 licti
2286 2074 2518 2131 fuerant.
2548 2075 2679 2133 Cum
2706 2092 2833 2149 ergo
2870 2077 3037 2144 dicit,
3066 2079 3242 2137 Donec
3277 2082 3563 2139 desolantur
3584 2086 3713 2140 civi-

2125 2175 2271 2234 tates,
2299 2183 2357 2222 eo
2382 2168 2517 2239 quod
2544 2184 2643 2223 non
2672 2169 3043 2237 habitantur,at
3055 2174 3460 2243 domueoquod
3486 2191 3584 2229 non
3611 2176 3714 2231 sint

2119 2256 2369 2323 homines,
2400 2265 2526 2314 tunc
2554 2258 2913 2329 captivitatem
2939 2271 3217 2327 memorat.
3249 2262 3381 2319 Cum
3402 2279 3528 2320 vero
3556 2265 3711 2328 dicit,

2120 2346 2246 2403 Post
2268 2349 2376 2403 hinc
2400 2349 2548 2420 longe
2586 2352 2736 2421 faciet
2766 2350 2906 2406 Deus
2929 2351 3156 2408 homines
3179 2393 3193 2419 ,
3220 2362 3313 2409 aut
3338 2355 3708 2417 omnimodam

2115 2439 2356 2495 omnium
2411 2440 2716 2497 felicitatem
2759 2442 3100 2512 subindicat,
3147 2454 3243 2500 aut
3295 2447 3709 2517 prosperitatum

2114 2547 2267 2602 quae,
2313 2541 2435 2602 post
2461 2532 2716 2588 abductas
2761 2533 2948 2589 decem
2994 2534 3159 2589 tribus
3179 2576 3195 2602 ,
3226 2534 3432 2590 duabus
3466 2536 3710 2594 tribubus

2114 2638 2370 2681 concessa
2419 2633 2519 2680 est.
2556 2625 2788 2682 Liberali
2816 2627 2959 2682 enim
3006 2641 3039 2682 a
3084 2627 3450 2684 Sennacherib
3478 2638 3533 2684 et
3581 2630 3704 2699 ejus

2112 2715 2341 2772 barbaro
2355 2716 2614 2785 exercitu,
2631 2728 2792 2787 atque
2818 2718 3177 2788 inexspectata
3195 2718 3413 2773 victoria
3440 2720 3701 2787 fruentes,

2112 2821 2297 2863 rursus
2333 2808 2388 2863 in
2429 2807 2821 2864 multitudinem
2846 2809 2986 2864 aucti
3011 2820 3169 2876 sunt,
3199 2819 3253 2865 et
3278 2809 3347 2865 ad
3377 2811 3498 2866 vita:
3524 2811 3703 2879 longi-

2113 2898 2353 2963 tudinem
2417 2899 2711 2969 progressi,
2760 2899 2906 2955 nullo
2953 2914 3049 2955 cos
3101 2900 3489 2957 interturbante
3534 2901 3700 2958 bello.

2110 2990 2332 3058 Quando
2360 3000 2538 3046 autem
2568 2990 2733 3058 dicit,
2761 2989 2936 3061 Longe
2954 2992 3103 3062 faciet
3123 3030 3139 3059 ,
3172 3000 3264 3047 aut
3304 2992 3702 3049 multitudinem

2108 3082 2417 3150 hominum,
2440 3092 2530 3139 aut
2555 3083 2935 3153 longitudinem
2975 3098 3235 3139 annorum
3282 3083 3600 3140 subindicat.
3629 3083 3699 3140 Et

2108 3186 2167 3232 ut
2192 3177 2368 3233 discas
2393 3190 2517 3233 eum
2541 3176 2609 3233 de
2652 3175 2859 3231 duabus
2889 3175 3132 3232 tribubus
3160 3175 3275 3231 haec
3319 3175 3498 3232 dicere
3520 3215 3537 3243 ,
3570 3176 3701 3231 sub-

2103 3268 2320 3338 junxit,
2349 3265 2419 3322 In
2459 3267 2552 3322 illa
2607 3275 2681 3322 est
2713 3266 3021 3333 decintatio,
3047 3264 3455 3322 decimationem
3496 3280 3696 3323 vocans

2108 3360 2161 3415 id
2190 3358 2334 3431 quod
2352 3373 2512 3431 supra
2534 3359 2653 3415 illas
2678 3358 2866 3415 decem
2885 3367 3020 3425 erat,
3050 3366 3106 3415 et
3128 3357 3270 3428 quod
3290 3365 3407 3415 erat
3430 3367 3550 3429 post
3572 3357 3699 3415 illas

2106 3452 2294 3509 decem
2343 3453 2609 3524 reliquum
2633 3492 2649 3517 ,
2697 3451 2857 3523 idque
2898 3460 3053 3507 erant
3098 3450 3220 3507 dua:
3262 3450 3454 3507 tribus.
3487 3451 3599 3508 llac
3636 3462 3699 3509 et

2106 3547 2302 3604 Paulus
2327 3546 2563 3604 dictione
2590 3546 2755 3603 utitur
2792 3546 2978 3602 dicens
3011 3562 3025 3601 :
3068 3544 3197 3601 Plus
3226 3561 3386 3617 quam
3412 3546 3702 3617 quingentis

2107 3640 2347 3712 fratribus
2374 3638 2451 3713 (l.
2484 3638 2603 3695 Cor.
2633 3640 2720 3695 15.
2747 3637 2826 3709 6);
2856 3637 2959 3694 hoc
2985 3645 3069 3694 est
3093 3637 3334 3708 pluribus
3359 3652 3518 3707 quam
3541 3638 3702 3708 quiu-

2106 3732 2298 3803 gentis.
2324 3730 2394 3786 Et
2422 3747 2603 3786 rursus
2628 3731 2720 3786 erit
2745 3732 2799 3785 in
2827 3730 3257 3799 depraedationem
3280 3738 3334 3783 ut
3362 3729 3697 3784 terebinthus.

2106 3826 2162 3885 Id
2188 3835 2273 3884 est
2321 3825 2441 3881 dua:
2475 3825 2665 3881 tribus.
2715 3822 2783 3878 Et
2810 3830 2939 3879 sicut
2985 3822 3132 3894 glans
3154 3861 3169 3889 ,
3214 3837 3328 3875 cum
3363 3820 3603 3874 deciderit
3629 3823 3708 3875 de

2107 3919 2252 3975 theca
2275 3934 2388 3974 sua.
2420 3914 2879 3985 Quemadmodum
2922 3916 3064 3970 enim
3094 3913 3181 3968 ille
3208 3912 3411 3967 fructus
3430 3952 3445 3975 ,
3474 3926 3597 3966 cum
3622 3911 3706 3974 de

2107 4010 2262 4066 theca
2311 4024 2406 4065 sua
2436 4007 2672 4073 decidit,
2706 4003 3025 4075 injucundus
3056 4014 3140 4059 est
3173 4004 3289 4058 :sic
3326 4012 3382 4059 et
3410 4002 3462 4057 hi
3487 4003 3613 4056 risui
3640 4013 3703 4060 ct

2107 4102 2396 4172 opprobrio
2444 4098 2672 4169 expositi
2714 4106 2902 4160 erunt,
2933 4112 3053 4150 cum
3081 4110 3148 4150 ex
3188 4093 3321 4148 urbe
3360 4108 3454 4147 sua
3484 4092 3719 4147 excide-

2108 4195 2252 4262 rint,
2301 4201 2360 4249 et
2427 4192 2595 4262 gloria
2626 4190 2711 4246 illa
2755 4188 2966 4259 spoliati
2994 4202 3203 4243 omnes.
3248 4187 3433 4242 Semen
3460 4199 3694 4240 sanctum

2106 4287 2256 4341 statio
2280 4286 2407 4357 ejus.
2437 4283 2552 4339 Non
2578 4280 2907 4346 ineurabilia,
2932 4278 3119 4349 inquit,
3142 4279 3278 4333 mala
3304 4287 3483 4346 erunt,
3513 4294 3695 4348 neque

2108 4376 2424 4434 immortalia
2457 4394 2470 4429 :
2502 4373 2598 4431 sed
2621 4387 2801 4429 semen
2828 4370 2944 4439 ejus
2985 4382 3226 4426 sanctum
3257 4372 3381 4438 erit,
3408 4381 3463 4426 et
3489 4371 3655 4426 Statio
3673 4388 3699 4437 ς

2109 4472 2210 4527 hoc
2256 4480 2373 4538 est,
2405 4470 2615 4524 firmum
2640 4468 2785 4534 erit,
2813 4465 2974 4521 ﬁxum
2995 4507 3010 4533 ,
3034 4466 3312 4519 immotum
3332 4506 3348 4530 ,
3372 4476 3700 4534 exspectans

2106 4579 2286 4620 rerum
2317 4563 2685 4618 mutationem.
2733 4559 3006 4632 Siquidem
3032 4573 3062 4613 a
3106 4558 3359 4613 felicitate
3402 4557 3695 4625 excident;

2108 4656 2209 4725 ipsi
2235 4669 2364 4710 vero
2397 4667 2502 4709 non
2532 4662 2824 4709 extremam
2869 4649 3156 4720 perniciem
3196 4649 3562 4714 sustinebunt;
3593 4650 3693 4707 sed

2159 4796 2230 4857 (a)
2267 4795 2407 4857 Haec,
2442 4806 2604 4857 semen
2638 4798 2855 4857 sanctum
2892 4786 3034 4857 statio
3070 4784 3174 4857 ejus
3198 4786 3415 4857 [agrippa
3451 4785 3582 4844 ἅγιον
3605 4785 3666 4857 eo

2098 4847 2329 4918 στῆλὶομα
2350 4847 2546 4918 ubam),
2563 4867 2658 4918 non
2697 4853 2879 4918 suntin
2909 4847 3299 4918 Ediutionenlaxx,
3326 4858 3491 4918 neque
3520 4853 3669 4918 erant

2099 4905 2873 4978 etiam'tempore'Chrysostomj,
2912 4908 3018 4978 nisi
3051 4908 3101 4956 in
3135 4905 3662 4978 illis‘eremplaribus,

2098 4994 2211 5041 quas
2233 4992 2329 5041 non
2356 4969 2802 5041 e'tjant_secundum
2830 4973 3172 5041 llexaplorum.
3199 4969 3467 5041 editionem
3505 4976 3666 5041 τευ-ξιτ

2099 5028 2245 5089 etata.
2271 5038 2373 5088 Sed
2408 5035 2459 5085 in
2484 5037 2720 5099 ﬂexaplis
2742 5034 2926 5099 nostris
2947 5028 3005 5081 ea
3037 5032 3287 5099 posuimus
3324 5028 3667 5099 sal-Procopio

2100 5110 2248 5163 atque
2282 5101 2472 5149 Joanne
2503 5090 2747 5153 Curtério,
2779 5094 2865 5163 qui
2901 5090 3181 5163 postremus
3212 5092 3339 5160 hanc
3360 5090 3665 5163 Theodosio;

2100 5150 2462 5224 ni§_lectionem
2503 5171 2613 5224 cu_m
2659 5150 3113 5224 asterisco'attulit;
3153 5150 3419 5224 quiaucum
3458 5150 3507 5224 in
3541 5150 3667 5224 LXX

2101 5221 2460 5284 desiderantur,
2476 5218 2903 5284 ex_'l‘he9dotionis
2922 5216 3143 5284 editione
3164 5214 3209 5264 id
3222 5214 3471 5284 adjectum
3483 5214 3663 5284 fuerat.

2102 5283 2155 5331 Id
2175 5297 2292 5334 vero
2312 5272 2459 5344 notat'
2476 5280 2625 5330 etiam
2657 5279 2868 5344 Basilius
2893 5280 2969 5344 his
2990 5274 3153 5344 verbis
3177 5272 3577 5344 :_I_1_t_'e_c__legt_t_ntur
3599 5286 3669 5324 ex

2107 5342 2428 5413 Τιιεοάοεὲοηε
2449 5344 2716 5413 acaum.
2744 5352 2829 5391 ηεε
2844 5336 3162 5413 habent"?!
3182 5335 3668 5413 iii-Elll'isr‘w:

2102 5419 2227 5463 mus,
2247 5409 2331 5468 qui
2355 5404 2425 5468 sic
2448 5399 2665 5468 habetin
2689 5404 2817 5468 hunc
2842 5405 3002 5468 locum
3026 5415 3036 5448 :
3066 5400 3202 5468 Quod
3223 5399 3457 5468 diximus,
3477 5399 3667 5468 Semen

2102 5458 2324 5517 sanctum
2347 5466 2462 5522 erit,
2483 5466 2612 5530 quod
2640 5462 2841 5513 steterit
2868 5462 2919 5530 in
2944 5474 3001 5530 ea
3016 5499 3028 5521 ,
3051 5458 3288 5530 uallatam
3309 5458 3548 5530 Aquilgm,
3572 5458 3671 5507 Se-

2102 5543 2217 5592 men
2240 5518 2460 5592 sanctum
2485 5518 2590 5592 erit
2605 5538 2808 5592 germen
2831 5526 2956 5592 ejus,
2979 5518 3042 5592 in.
3059 5518 3191 5592 ιμ’
3210 5518 3543 5592 interpretibus
3556 5532 3672 5592 non

2102 5589 2301 5641 habetur
2325 5602 2351 5651 :7
2364 5589 2447 5638 sed
2469 5590 2530 5651 de
2550 5580 2789 5651 Hebr-uico
2807 5580 3216 5651 alTItaodotionis
3237 5580 3447 5651 editione
3467 5580 3675 5651 obpri-

2102 5665 2219 5716 gana
2236 5650 2473 5716 additum,
2495 5647 2546 5698 in
2569 5647 2799 5716 Ecclesia;
2816 5646 2970 5716 fertur
2990 5643 3369 5716 exemplaribus;
3392 5643 3439 5690 in
3462 5643 3677 5716 quibus-

2101 5703 2437 5775 damscilicet,
2460 5703 2559 5759 non
2580 5709 2631 5759 in
2654 5703 2898 5769 omnibus,
2922 5712 2977 5756 ut
3000 5703 3136 5775 patet
3162 5720 3223 5755 ex
3244 5703 3669 5775 innumerishlss.

2102 5771 2338 5838 (Luddqui
2351 5776 2408 5824 ad
2420 5764 2507 5825 itus
2519 5785 2673 5834 usque
2688 5764 3230 5832 pcrveuérunl,quique
3244 5767 3345 5818 htPC
3358 5779 3452 5814 non
3464 5764 3671 5814 habent.
