4102 6306
313 345 378 403 π
1590 328 1659 387 IN
1697 318 1948 388 ISAIAM,
1987 319 2136 376 car.
2181 319 2292 376 vn.
2475 354 2485 362 .
3507 319 3579 375 τε

317 457 594 514 manebunt
637 463 696 511 et
719 453 984 518 stabunt,
1011 452 1180 508 donec
1215 447 1496 521 pristinum
1523 444 1644 498 vitae
1683 438 1896 496 institu-

315 562 414 607 tum
440 551 631 604 iterum
661 547 980 618 acceperint
998 586 1013 610 ,
1039 553 1094 601 et
1117 543 1184 598 ad
1223 542 1452 614 priscam
1483 535 1739 593 redierint
1767 546 1894 588 san-

315 655 498 695 CUIIIOII
505 654 636 692 tam.

913 746 1141 805 CAPUT
1179 745 1290 802 VII.

317 869 361 922 Ι.
411 865 472 921 Et
504 869 704 937 factum
730 874 805 920 est
847 864 902 917 in
944 863 1119 917 diebus
1171 861 1344 915 Acha:
1399 860 1494 930 ﬁlii
1540 857 1768 912 Joathan
1808 855 1903 924 lilii

849 957 992 1011 Ozias
1019 956 1146 1027 regis
1173 953 1333 1008 Iuda.

382 1094 431 1147 Ι.
471 1091 630 1146 Ratio
674 1091 1077 1162 prophetiarmn.
1122 1089 1413 1159 Prophetite
1457 1087 1707 1156 quomodo
1754 1087 1906 1154 ﬁdem

315 1186 516 1240 adderet
537 1183 704 1238 Deus.
729 1212 804 1224 —
828 1183 889 1238 Id
913 1182 1054 1253 quod
1083 1197 1224 1251 sepe
1246 1180 1377 1245 dixi,
1404 1181 1457 1234 id
1472 1189 1526 1234 et
1548 1194 1688 1234 nunc
1704 1177 1902 1241 dicam,

315 1275 622 1347 prophetias
639 1275 777 1330 olim
794 1288 904 1329 non
933 1272 1056 1330 ideo
1088 1273 1309 1328 emissas
1328 1271 1490 1327 fuisse
1518 1271 1711 1334 solum,
1738 1279 1793 1323 ut
1816 1268 1909 1324 Ju—

311 1369 409 1424 daei
421 1366 910 1432 futuradiscerent,
929 1365 1024 1420 sed
1037 1372 1096 1418 ut
1109 1363 1306 1428 edocti,
1323 1363 1533 1420 lucrum
1546 1363 1667 1418 inde
1679 1362 1910 1432 percipe-

313 1468 451 1526 rent,
466 1467 523 1515 et
538 1458 812 1514 minarum
831 1465 1038 1511 terrore
1061 1455 1501 1525 temperantiores
1519 1454 1728 1520 tierent,
1743 1454 1910 1509 bono-

313 1566 535 1621 rumque
566 1549 932 1621 promissione
955 1547 1304 1604 studiosiores
1338 1546 1652 1602 exercenda:
1667 1545 1907 1601 virtutis:

313 1645 583 1713 utrimque
606 1642 884 1698 discentes
915 1651 970 1697 et
997 1641 1092 1696 Dei
1141 1640 1452 1710 potentiam,
1511 1649 1565 1695 et
1605 1639 1724 1710 ejus
1777 1651 1910 1711 erga

315 1736 432 1790 illos
453 1733 884 1803 providentiam.
920 1732 1030 1787 Hac
1047 1732 1188 1787 enim
1209 1731 1278 1787 de
1295 1747 1454 1788 causa
1481 1731 1597 1785 haec
1642 1729 1901 1801 pradice-

315 1824 523 1890 bantur,
552 1839 620 1878 ac
640 1839 712 1879 ne
758 1831 1006 1894 putarent
1032 1837 1096 1878 ea
1145 1837 1264 1893 qua:
1326 1821 1656 1887 accidebant,
1708 1831 1912 1877 temere

316 1928 369 1972 et
407 1932 538 1973 casu
582 1916 839 1986 qquiam
892 1916 1200 1985 contingere
1221 1955 1236 1982 ,
1292 1913 1584 1970 secundum
1624 1913 1910 1985 quamdam

318 2018 517 2064 natura:
539 2009 770 2075 seriem,
798 2016 890 2061 aut
908 2007 1199 2064 secundum
1223 2021 1401 2062 rerum
1430 2020 1679 2071 cursum;
1709 2005 1799 2060 sed
1836 2007 1913 2060 vi-

318 2101 502 2157 denetit
550 2117 622 2157 ex
676 2115 915 2171 superno
955 2110 1012 2156 et
1038 2100 1217 2155 divino
1253 2099 1469 2154 decreto
1519 2098 1634 2154 haec
1683 2109 1908 2170 utraque

321 2196 428 2250 ﬁeri
456 2211 470 2248 :
503 2194 556 2249 id
586 2194 736 2264 quod
764 2193 870 2248 illis
889 2193 1118 2248 maxime
1137 2192 1204 2246 ad
1236 2191 1326 2247 Dei
1373 2191 1728 2262 cognitionem
1782 2193 1912 2248 utile

320 2295 444 2340 erat.
476 2284 686 2340 Verum
734 2284 1007 2354 quoniam,
1035 2292 1094 2338 ut
1134 2293 1256 2338 ante
1299 2283 1430 2349 dixi,
1475 2282 1751 2353 prephetia
1805 2299 1911 2339 non

322 2376 500 2431 eodem
551 2377 681 2445 ipso
731 2384 976 2444 tempore
1041 2386 1196 2430 suum
1248 2374 1446 2430 exitum
1501 2374 1767 2440 habebat;
1818 2377 1913 2431 sed

321 2470 472 2525 verba
496 2468 731 2538 quidem
789 2479 917 2522 tunc
963 2466 1388 2537 proferebantur,
1441 2481 1528 2522 res
1567 2477 1746 2523 autem
1795 2477 1915 2538 post

320 2561 560 2614 diuturna
584 2559 719 2614 inde
741 2568 982 2628 tempora
1009 2558 1210 2613 exitum
1249 2557 1506 2613 habiturae
1557 2568 1734 2625 erant,
1792 2574 1913 2614 cum

319 2653 416 2722 jam
435 2651 689 2706 nonnulli
727 2666 797 2706 ex
816 2651 881 2705 iis
900 2651 995 2720 qui
1021 2649 1318 2717 audierant,
1340 2665 1486 2720 saepe
1509 2659 1737 2706 mortem
1753 2651 1914 2708 obiis-

323 2753 450 2808 sent,
477 2759 580 2799 nec
606 2743 919 2814 potuissent
941 2742 1010 2798 de
1032 2741 1290 2798 dictorum
1309 2752 1503 2798 eventu
1523 2741 1786 2812 judicare,
1829 2745 1908 2797 vi-

323 2836 384 2891 de
407 2835 533 2905 quid
563 2835 736 2890 faciat
760 2843 821 2890 et
846 2834 1095 2889 moliatur
1126 2835 1283 2890 Deus.
1316 2835 1652 2904 Prophetiam
1684 2836 1915 2906 prophe-

323 2927 400 2979 tiis
414 2925 693 2981 connectit
717 2940 732 2988 ;
757 2924 828 2978 iis
851 2938 970 2993 quae
995 2932 1119 2994 post
1145 2924 1358 2994 longum
1383 2932 1594 2994 tempus
1649 2936 1912 2981 eventura

323 3029 513 3084 essent,
536 3033 663 3074 eam
689 3017 849 3086 cujus
885 3017 1062 3072 exitus
1109 3032 1274 3087 prope
1322 3025 1459 3085 erat,
1514 3033 1612 3089 per
1635 3033 1754 3074 eam
1795 3035 1917 3089 qua:

325 3109 408 3162 illa
455 3111 507 3164 in
531 3108 888 3178 generatione
911 3107 1110 3162 exitum
1133 3107 1371 3162 habitura
1399 3116 1535 3174 erat,
1582 3109 1649 3164 iis
1689 3125 1915 3179 quorum

327 3209 548 3254 eventus
569 3208 698 3271 post
710 3199 1026 3254 diuturnum
1048 3208 1254 3269 tempus
1272 3199 1476 3255 futurus
1496 3209 1610 3257 erat
1629 3200 1914 3257 maximam

329 3290 493 3344 fidem
523 3290 744 3345 faciens.
787 3291 846 3346 In
870 3291 1164 3361 euangeliis
1189 3301 1364 3347 autem
1393 3293 1496 3347 hoc
1535 3294 1774 3350 utilitatis
1827 3310 1918 3365 ge-

333 3396 434 3436 nus
461 3380 569 3435 alio
596 3381 752 3435 modo
776 3389 989 3448 tractat,
1021 3381 1271 3437 miracula
1321 3383 1610 3453 prophetiis
1639 3384 1914 3456 copulans,

335 3473 484 3536 aliud
522 3473 628 3527 alio
655 3475 990 3530 confirmans.
1037 3475 1276 3544 Exempli
1313 3491 1473 3531 causa
1505 3495 1519 3531 :
1549 3478 1774 3533 accessit
1821 3479 1918 3534 ali-

338 3563 560 3632 quando
599 3564 666 3618 ad
701 3580 812 3620 eum
848 3568 1116 3636 leprosos,
1144 3576 1199 3621 et
1223 3569 1506 3624 mundatus
1534 3578 1632 3636 est,
1688 3586 1751 3626 ac
1797 3580 1918 3640 post

339 3655 491 3708 illum
514 3671 695 3710 rursus
719 3673 842 3725 puer
867 3658 1198 3714 centurionis
1220 3673 1249 3711 a
1277 3660 1422 3729 gravi
1453 3661 1544 3714 illo
1572 3661 1761 3715 morbo
1784 3662 1916 3716 libe-

338 3756 487 3800 ratus
507 3755 608 3812 est,
647 3748 891 3818 signaque
916 3748 1032 3802 haec
1060 3764 1248 3818 magna
1278 3759 1430 3804 erant
1458 3768 1470 3804 :
1497 3759 1551 3805 et
1579 3759 1754 3806 tamen
1807 3768 1912 3806 non

339 3837 387 3888 in
438 3837 606 3907 signis
652 3840 813 3902 stetit,
862 3839 957 3893 sed
1005 3849 1060 3893 et
1119 3840 1451 3909 prophetiam
1513 3841 1727 3912 adiecit.
1775 3843 1912 3910 Quia

339 3930 472 3982 enim
501 3931 746 3986 centurio
789 3932 1160 3987 admirandam
1193 3934 1335 3988 illam
1386 3943 1440 3988 et
1477 3951 1721 4005 magnam
1765 3936 1917 3990 exhi-

341 4020 516 4075 hoerat
557 4021 743 4087 fidem,
792 4038 898 4092 qua
945 4039 1170 4092 puerum
1213 4025 1280 4079 ab
1324 4025 1633 4096 aegritudine
1677 4027 1912 4096 eripuit,

343 4115 448 4171 hare
467 4116 705 4172 subdidit
728 4117 972 4186 Christus
1007 4117 1202 4178 :Multi
1238 4120 1300 4172 ab
1341 4122 1530 4175 oriente
1571 4130 1619 4175 et
1661 4121 1915 4175 occidente

343 4209 540 4271 venient,
565 4219 610 4262 et
635 4209 925 4263 recumbent
948 4227 1062 4263 cum
1088 4211 1363 4275 Abraham,
1390 4211 1540 4265 Isaae
1564 4221 1610 4266 et
1625 4212 1809 4277 Iacob,
1842 4215 1908 4281 ﬁ-

343 4299 392 4350 lii
418 4309 580 4353 autem
629 4301 773 4370 regni
798 4301 1058 4369 ejicientur
1095 4312 1237 4355 extra
1264 4302 1283 4372 (
1306 4301 1490 4356 Matth.
1516 4306 1569 4357 8.
1600 4305 1655 4358 il
1695 4305 1735 4373 ).
1785 4305 1911 4360 Htec

343 4404 489 4456 porro
531 4390 768 4454 dicebat,
799 4400 853 4445 et
903 4393 1140 4462 gentium
1184 4393 1473 4449 Ecclesiam
1501 4404 1557 4450 et
1601 4395 1911 4451 Judzeorutn

341 4483 762 4552 reprobationem
790 4485 1186 4553 prmnuntians;
1212 4486 1353 4557 quod
1377 4489 1535 4542 etiam
1590 4504 1730 4543 nunc
1754 4505 1915 4558 opere

340 4576 651 4645 completum
673 4584 778 4642 est,
805 4584 860 4630 et
906 4577 1019 4632 sole
1045 4578 1242 4633 clarius
1283 4581 1533 4636 omnibus
1579 4581 1862 4638 exhibetur
1895 4600 1909 4636 :

339 4665 420 4718 sed
462 4677 590 4721 tunc
619 4666 911 4722 obscurum
931 4676 1066 4736 erat,
1093 4676 1148 4724 et
1187 4670 1255 4725 ab
1298 4671 1585 4726 incredulis
1615 4689 1720 4729 non
1759 4673 1914 4731 facile

338 4757 725 4812 admittebatur.
762 4757 990 4829 Ideoque
1031 4761 1239 4832 signum
1283 4772 1407 4819 tunc
1427 4764 1721 4821 exhibitum
1776 4784 1914 4838 pra--

337 4851 497 4917 cessit,
547 4850 699 4923 quod
727 4850 949 4906 multam
972 4852 1130 4907 ﬁdem
1172 4865 1296 4912 ante
1333 4854 1560 4912 faciebat
1602 4859 1678 4914 rei
1730 4869 1912 4929 postea

338 4952 590 4999 creaturae
616 4962 628 4997 :
653 4943 1108 5014 quemadmodum
1124 4955 1178 5001 et
1193 4946 1304 5016 ipsa
1324 4949 1618 5020 prophetia,
1638 4967 1754 5023 quae
1775 4969 1914 5009 nunc

342 5036 828 5106 operecompletur,
859 5038 1017 5106 signo
1049 5046 1176 5093 tunc
1218 5037 1360 5095 facto
1408 5056 1653 5112 magnam
1712 5045 1914 5113 przehet

342 5126 804 5184 conﬁrmationem.
835 5130 973 5198 Quid
1003 5130 1200 5186 dixerit
1228 5133 1575 5190 incredulus?
1600 5152 1666 5190 an
1690 5139 1913 5193 munda-

343 5220 436 5270 Inm
477 5235 579 5276 non
636 5222 808 5278 fuisse
855 5223 1171 5292 leprosum?
1203 5224 1470 5296 Respiciat
1517 5245 1569 5283 in
1620 5230 1913 5300 prophetia

350 5309 618 5379 Vahalem,
663 5325 722 5368 ut
770 5313 859 5368 illa
937 5324 1218 5384 perspecta
1282 5318 1433 5387 signo
1485 5319 1645 5374 ﬁdem
1697 5321 1909 5377 habeat.

344 5396 456 5461 Quid
484 5418 636 5472 porro
664 5405 915 5461 dixerint
942 5405 1024 5459 illi
1052 5414 1180 5460 tunc
1207 5405 1413 5462 Judaei?
1438 5425 1504 5464 an
1533 5426 1596 5466 ea
1649 5427 1767 5481 qum
1818 5413 1909 5468 ille

343 5493 628 5556 indicebat
681 5514 794 5553 non
846 5512 977 5553 esse
1042 5500 1212 5551 vera?
1256 5500 1566 5570 Respiciant
1633 5503 1907 5574 leprosum

333 5586 630 5657 nuntiatum,
658 5600 715 5647 et
739 5606 809 5646 ex
845 5588 1126 5644 beneficio
1151 5589 1223 5643 illi
1248 5592 1439 5648 collato
1460 5592 1649 5649 futuris
1670 5611 1774 5650 non
1807 5611 1902 5650 ne-

317 5689 428 5742 gent
475 5680 648 5750 fidem,
695 5697 830 5738 cum
895 5680 1198 5734 maximum
1253 5681 1324 5738 illi
1371 5685 1666 5752 prophetia:
1722 5687 1910 5756 pignus

308 5774 634 5845 acceperint,
687 5787 905 5846 nempe
959 5769 1201 5842 signum,
1245 5782 1302 5830 ut
1343 5773 1588 5834 hodierni
1633 5777 1769 5853 signi
1825 5778 1909 5849 pi~

2004 451 2140 506 gnus
2190 435 2524 507 prophetiam
2553 435 2768 493 habent.
2812 435 2998 494 Viden‘
3043 437 3310 510 quomodo
3354 439 3582 498 alterum

2003 526 2172 581 altero
2221 526 2609 582 conﬁrmetur?
2663 526 2796 581 Illud
2844 528 3005 583 etiam
3056 530 3109 584 in
3154 531 3325 586 Veteri
3395 530 3582 586 Testa-

2003 627 2186 672 mento
2211 617 2390 673 videre
2427 629 2511 674 est
2531 619 2548 688 (
2570 621 2623 674 5.
2654 619 2908 690 RngS).
2937 621 3073 688 Quia
3125 623 3266 676 enim
3295 623 3584 678 Jeroboam

2004 714 2313 783 gravissima
2352 714 2436 768 illa
2485 715 2687 769 insania
2741 715 3020 781 laboravit,
3064 726 3118 771 et
3157 717 3349 772 vitulas
3394 732 3584 772 aureas

2004 808 2197 872 erexit,
2241 807 2459 861 veniens
2497 807 2752 878 prepheta
2791 806 2965 862 futura
2995 811 3386 878 praenuntiavit,
3418 819 3473 865 et
3508 811 3584 864 si-

2004 912 2165 965 gnum
2191 899 2370 952 statim
2399 897 2566 954 dedit.
2601 898 2681 954 Ne
2716 898 2836 969 quis
2866 899 3010 956 enim
3040 899 3198 956 fidem
3225 916 3330 956 non
3354 901 3578 958 haberet

2008 991 2093 1056 iis,
2117 1006 2237 1061 quze
2281 1001 2400 1060 post
2428 1001 2696 1048 trecentos
2733 1006 2902 1047 annos
2927 1005 3183 1048 eventura
3211 1002 3365 1049 erant
3385 1033 3402 1056 .
3435 1009 3583 1047 aram

2007 1085 2180 1155 fregit,
2225 1093 2281 1140 et
2320 1085 2530 1154 adipem
2553 1084 2758 1151 eﬂ‘udit,
2791 1085 3037 1156 regisque
3081 1101 3296 1141 manum
3339 1087 3584 1153 arefecit,

2007 1192 2073 1232 ex
2102 1178 2185 1240 iis.
2213 1193 2330 1248 quae
2359 1186 2483 1234 ante
2523 1177 2708 1234 oculos
2732 1178 3066 1245 eveniebant,
3093 1194 3280 1234 eorum
3318 1195 3439 1249 quae
3469 1188 3589 1248 post

2008 1273 2234 1325 multum
2259 1269 2516 1339 temporis
2538 1281 2793 1326 eventura
2808 1278 2960 1326 erant
2975 1271 3314 1338 conspicuam
3341 1270 3590 1341 praebens

2007 1361 2537 1418 demonstrationem.
2569 1362 2834 1434 Multaque
2860 1361 3162 1432 hujusmodi
3209 1361 3391 1416 videre
3429 1362 3590 1418 estin

2008 1453 2157 1509 Novo
2181 1462 2236 1510 et
2258 1455 2434 1509 Veteri
2461 1454 2823 1520 Testamento,
2857 1454 2966 1510 Deo
2993 1453 3219 1508 diversis
3245 1453 3415 1508 modis
3431 1453 3591 1507 saluti

2011 1557 2208 1603 nostra:
2237 1548 2608 1618 prospiciente.
2636 1546 2692 1602 Id
2713 1546 2854 1619 quod
2881 1547 3040 1602 etiam
3064 1546 3150 1603 hic
3171 1547 3384 1610 accidit,
3405 1555 3460 1602 et
3480 1548 3587 1600 uti-

2011 1655 2117 1709 que
2144 1655 2266 1694 cum
2295 1639 2485 1709 majori
2515 1639 2667 1709 copia
2692 1656 2706 1692 :
2743 1654 2848 1693 non
2877 1639 3085 1709 signum
3115 1639 3257 1693 enim
3279 1637 3460 1704 modo,
3488 1637 3581 1693 scd

2013 1731 2348 1800 prophetiam
2388 1746 2508 1785 cum
2537 1733 2692 1800 signo
2721 1731 3027 1784 connexuit.
3062 1728 3258 1784 Verum
3299 1739 3356 1784 ut
3381 1744 3444 1783 ea
3471 1745 3592 1797 qua:

2011 1820 2242 1875 diximus
2270 1821 2493 1876 clariora
2519 1821 2780 1887 evadant,
2811 1822 2979 1892 ipsam
3020 1821 3294 1876 historiam
3346 1830 3594 1875 accurate

2014 1927 2419 1982 prosequamur.
2462 1913 2515 1968 1.
2549 1911 2614 1966 Et
2640 1912 2830 1982 factum
2871 1922 2940 1967 est
2980 1913 3035 1966 in
3070 1911 3240 1966 diebus
3289 1914 3460 1966 Acha:
3499 1912 3596 1982 ﬁlii

2012 2002 2239 2058 Joatlmn
2286 2005 2380 2072 ﬁlii
2428 2003 2567 2059 Ozite
2609 2005 2742 2074 regis
2790 2003 2966 2070 Iuda,
3023 2004 3248 2058 ascendit
3298 2003 3456 2058 Rasin
3505 2020 3595 2058 rea:

2015 2098 2190 2161 Aram,
2221 2107 2268 2152 et
2305 2097 2502 2152 PItaces
2539 2098 2676 2166 [ilius
2704 2096 2949 2152 Romelite
2972 2114 3062 2151 rea:
3103 2096 3266 2152 Israel
3289 2099 3342 2151 in
3377 2096 3595 2152 Jerusa-

2015 2191 2136 2255 lem,
2163 2198 2216 2242 ut
2243 2199 2594 2260 Oppugnarent
2620 2205 2752 2252 eam,
2800 2205 2890 2243 nec
2916 2199 3183 2260 potuerunt
3207 2205 3510 2260 expugnare.
3536 2188 3593 2243 2.

2017 2281 2086 2336 Ει
2127 2284 2480 2338 annuntiatum
2513 2293 2585 2338 est
2609 2285 2663 2338 in
2691 2284 2841 2337 domo
2875 2283 3037 2337 David
3063 2300 3095 2336 a
3122 2283 3397 2336 dicentibus
3420 2299 3438 2335 :
3462 2281 3594 2338 Con-

2015 2378 2172 2430 sensit
2191 2376 2346 2430 Aram
2372 2392 2486 2430 cum
2517 2374 2786 2446 Epltraim.
2819 2375 2944 2430 llaec
2965 2374 3186 2430 historia
3208 2384 3354 2441 sunt,
3383 2390 3594 2430 rerum-

2016 2485 2120 2538 que
2143 2477 2413 2539 gestarum
2441 2470 2674 2524 narratio
2702 2487 2715 2522 :
2747 2469 2842 2523 sed
2863 2469 2951 2538 qui
2979 2479 3158 2523 mente
3183 2468 3346 2536 valet,
3369 2477 3426 2522 et
3441 2477 3593 2523 acute

2017 2564 2178 2628 videt,
2232 2563 2460 2618 multum
2508 2564 2632 2619 hinc
2673 2564 2806 2617 lucri
2845 2564 3062 2627 referet,
3106 2562 3196 2617 Dei
3238 2577 3482 2632 magnam
3511 2577 3599 2615 sa-

2018 2655 2312 2726 pientiam,
2373 2670 2580 2711 necnon
2625 2655 2740 2726 ejus
2777 2670 2901 2726 erga
2946 2653 3160 2710 Iudaeos
3208 2653 3598 2724 providentiam

2019 2749 2282 2804 ediscens.
2332 2748 2514 2819 Neque
2542 2748 2684 2804 enim
2725 2764 2753 2802 a
2783 2749 3044 2819 principio
3074 2747 3272 2802 bellum
3318 2746 3597 2817 repressit,

2020 2855 2192 2910 neque
2221 2840 2336 2910 ipso
2362 2840 2640 2911 ingruente
2658 2841 2844 2896 urbem
2873 2841 2990 2910 capi
3020 2839 3282 2910 permisit,
3311 2837 3406 2893 sed
3432 2837 3600 2892 verbo

2019 2938 2172 2986 tenus
2203 2940 2404 2986 tantum
2437 2931 2906 2987 eomminationem
2949 2931 3065 2986 tieri
3108 2931 3313 2996 sitiens,
3356 2928 3473 2999 ejus
3495 2943 3593 2982 ex-

2020 3025 2372 3092 perimentum
2398 3022 2683 3092 prohibuit,
2715 3023 2832 3078 illos
2863 3039 2963 3078 una
3009 3022 3461 3092 expergefaciens,
3488 3030 3542 3076 ct
3569 3035 3601 3074 a

2020 3116 2262 3171 socordia
2285 3115 2564 3180 reducens,
2596 3130 2857 3186 suamque
2885 3115 3172 3185 potentiam
3199 3113 3595 3169 demonstrans:

2019 3210 2162 3279 quod
2189 3209 2434 3264 videlicet
2473 3208 2586 3277 ipse
2629 3209 2818 3278 possit,
2844 3208 3004 3263 etiam
3033 3223 3155 3262 cum
3185 3221 3272 3262 res
3310 3205 3378 3261 ad
3419 3213 3599 3260 extre-

2023 3315 2166 3354 mum
2200 3301 2358 3354 finem
2389 3299 2632 3354 deductae
2658 3299 2925 3362 videntur,
2953 3298 3104 3366 quasi
3130 3297 3367 3352 nondum
3397 3296 3596 3366 coepis-

2021 3399 2162 3454 sent,
2202 3391 2281 3445 sic
2321 3391 2371 3444 in
2401 3391 2638 3458 periculo
2666 3398 2942 3444 versantes
2963 3388 3160 3442 illaesos
3185 3402 3419 3442 servare.
3446 3386 3602 3452 Quod

2023 3481 2194 3550 ipsum
2221 3495 2364 3550 saepe
2392 3480 2584 3535 fecisse
2609 3479 2788 3534 videre
2818 3487 2921 3543 est,
2954 3485 3011 3532 ut
3034 3477 3182 3533 verbi
3209 3478 3374 3547 gratia
3405 3477 3458 3532 in
3484 3477 3600 3531 for-

2022 3588 2153 3628 nace
2181 3572 2520 3642 Babylonica,
2551 3571 2601 3624 in
2635 3571 2749 3624 lacu
2766 3569 3003 3634 leonum,
3035 3577 3088 3624 et
3114 3569 3166 3622 in
3192 3568 3311 3623 aliis
3332 3569 3600 3624 sexcentis

2021 3664 2252 3720 casibus.
2293 3663 2504 3718 Etenim
2543 3661 2593 3716 hi
2634 3669 2910 3724 venerunt,
2955 3659 3302 3725 obsederunt,
3339 3670 3393 3714 et
3423 3677 3602 3715 muros

2019 3755 2346 3818 adorientes,
2374 3753 2824 3820 obsessorumque
2852 3751 3059 3805 animos
3080 3749 3594 3820 perterrefacientes,

2020 3845 2150 3900 nihil
2175 3844 2310 3898 ultra
2333 3843 2507 3898 facere
2535 3850 2842 3912 potuerunt.

2089 3936 2145 3989 2.
2187 3935 2322 3991 Hinc
2350 3945 2526 3990 autem
2555 3935 2855 4004 perspicere
2880 3934 3005 3990 licet
3028 3933 3212 3990 decem
3242 3933 3475 3990 tribuum
3496 3933 3598 3989 ini-

2021 4029 2296 4099 quitatem,
2340 4026 2482 4098 quod
2516 4042 2622 4082 non
2652 4026 2813 4082 modo
2853 4026 3010 4082 civile
3053 4026 3350 4095 inceperint
3378 4024 3599 4087 bellum,

2021 4135 2194 4190 neque
2219 4119 2377 4175 modo
2400 4129 2584 4174 contra
2613 4118 2804 4173 fratres
2832 4132 2978 4173 arma
3010 4117 3296 4179 moverint,
3316 4115 3410 4172 sed
3437 4117 3600 4171 etiam

2021 4216 2330 4287 alienigenis
2349 4215 2654 4285 exterisque
2670 4213 2913 4283 gentibus
2940 4228 2997 4268 se
3023 4211 3382 4282 adjunxerint,
3406 4219 3461 4264 et
3483 4225 3598 4273 eos.

2019 4307 2332 4378 quibuscum
2358 4305 2668 4362 societatem
2697 4304 2894 4360 habere
2915 4302 3044 4373 ipsis
3073 4317 3178 4358 non
3206 4301 3420 4367 licebat,
3439 4301 3598 4356 etiam

2018 4399 2410 4455 commilitones
2428 4395 2752 4461 vocaverint,
2775 4411 2899 4451 cum
2919 4396 3086 4465 iisque
3121 4393 3480 4450 castrametati
3499 4393 3629 4448 ιιι-ε

2020 4505 2208 4546 versus
2231 4490 2500 4546 civitatem
2527 4489 2789 4544 steterint.
2822 4488 3028 4543 Etenim
3058 4487 3218 4542 Rasin
3247 4485 3598 4556 alienigenam

2019 4581 2276 4637 adversus
2318 4580 2655 4649 metropolim
2706 4593 2855 4633 suam
2900 4579 3217 4634 excitarunt.
3260 4577 3494 4647 Eratque
3546 4576 3600 4635 in

2015 4666 2203 4739 prtelio
2229 4665 2460 4737 partium
2505 4665 2863 4735 inaequalitas.
2916 4666 3070 4736 Apud
3103 4666 3222 4726 illos
3248 4666 3604 4725 (intumum.

2013 4761 2138 4815 tudo
2171 4759 2377 4815 inﬁnita
2406 4768 2543 4823 erat,
2572 4767 2628 4813 et
2655 4757 2837 4826 urbes,
2869 4767 2926 4813 et
2953 4766 3144 4828 gentes
3173 4767 3227 4813 et
3256 4759 3465 4828 populi;
3515 4759 3604 4816 hie

2013 4867 2186 4913 autem
2216 4856 2344 4912 nihil
2368 4856 2566 4918 simile,
2589 4854 2684 4910 sed
2719 4856 2842 4910 urhs
2867 4870 2970 4909 una
2999 4863 3054 4909 et
3079 4854 3415 4924 metrOpolis,
3443 4856 3511 4908 ita
3545 4865 3603 4907 ut

2015 4949 2106 5004 Dei
2139 4946 2396 5002 fortitudo
2425 4947 2806 5002 exuberantius
2832 4947 3173 5001 enitesceret.
3198 4945 3426 5003 Nemine
3454 4945 3599 4999 enitr

2011 5053 2160 5094 arma
2205 5049 2474 5105 movente,
2527 5037 2742 5093 nemine
2783 5048 3015 5092 exeunte
3060 5049 3115 5092 et
3157 5044 3595 5102 castrametante,

2013 5147 2201 5189 eorum
2225 5131 2441 5203 maligni
2470 5141 2692 5187 conatus
2722 5131 2774 5185 in
2808 5132 3031 5186 nihilum
3060 5133 3326 5187 abierunt.
3363 5130 3480 5183 Non
3508 5146 3602 5198 po.

2015 5236 2218 5282 luerunt
2238 5225 2914 5296 enim,inquit.e.rpugnare
2934 5240 3064 5278 eam.
3093 5226 3160 5278 At
3185 5223 3312 5293 quid
3341 5222 3601 5290 impedie-

2015 5318 2137 5372 bat?
2164 5317 2307 5372 Nihil
2337 5316 2482 5372 aliud
2507 5332 2666 5386 quam
2711 5316 2805 5370 Dei
2852 5331 3060 5381 manus,
3089 5331 3207 5383 qua:
3236 5330 3331 5368 eos
3360 5314 3598 5367 invisibi-

2016 5411 2136 5466 liter
2183 5409 2506 5479 depellebat.
2556 5409 2956 5471 Verumtamen,
2984 5416 3048 5461 ut.
3081 5407 3190 5474 jam
3238 5406 3366 5470 dixi,
3399 5406 3596 5461 bellant

2015 5501 2362 5571 depulit,sed
2393 5510 2593 5557 metum
2635 5480 2741 5556 non
2787 5502 2967 5554 statim
3015 5497 3251 5553 sustulit.
3301 5498 3435 5553 Nam
3483 5499 3594 5554 ait:

2014 5596 2383 5650 Annuntiatum
2409 5607 2482 5650 est
2503 5596 2554 5649 in
2585 5597 2737 5650 domo
2770 5593 2935 5649 David
2967 5612 2978 5646 :
3007 5593 3274 5647 Consensit
3302 5595 3598 5647 Aramcum

2016 5684 2287 5754 Ephraim.
2339 5682 2408 5738 Et
2439 5696 2604 5741 emo'a
2642 5694 2715 5738 est
2753 5685 2926 5738 anima
2953 5685 3095 5754 ejus,
3126 5691 3174 5736 et
3215 5685 3389 5737 anima
3419 5684 3596 5754 populi

2017 5781 2147 5853 ejus.
2180 5781 2313 5841 Cum
2354 5780 2468 5840 vult
2499 5780 2641 5838 Deus
2665 5778 2868 5850 aliquid
2897 5778 3238 5847 inopinatum
3259 5776 3455 5838 facere.
3489 5793 3594 5836 non
