4102 6306
541 317 615 373 79
1277 313 1338 372 S.
1377 312 1652 372 JOANNIS
1687 308 2160 370 CllRYSOS'l-‘OMI
2197 311 2518 370 ARCHIEP.
2557 313 3092 376 CONSTANTINOP.
3745 323 3814 380 80

540 435 719 490 statim
749 430 1060 488 miraculum
1089 428 1320 496 inducit,
1349 428 1443 484 sed
1478 431 1627 499 prius
1664 441 1760 483 eos
1801 427 1891 498 qui
1917 425 2119 481 benefi-

539 528 686 582 cium
712 522 1087 595 consequuturi
1117 531 1262 589 sunt,
1304 534 1465 577 sensu
1493 519 1752 575 malorum
1785 518 1925 588 tangi
1954 517 2116 579 sinit,

544 627 605 674 ut
632 633 720 684 ne,
753 626 1031 687 postquam
1060 631 1091 670 a
1116 615 1269 670 malis
1293 613 1466 684 erepti
1492 613 1708 680 fuerint,
1737 611 2006 684 quidpiam
2034 611 2118 665 in-

539 711 674 779 grati
714 709 878 763 animi
903 707 1210 763 exhibeant.
1241 706 1376 774 Quia
1405 705 1546 761 enim
1577 704 1813 775 plerique
1843 704 2119 761 hominum

539 803 731 872 partim
759 816 826 856 ex
855 800 1126 871 superbia,
1155 799 1344 870 partim
1373 813 1439 854 ex
1469 799 1699 868 ignavia,
1727 813 1848 853 mox
1881 807 1939 852 ut
1965 798 2120 853 malis

539 893 776 948 defuncti
817 902 966 958 sunt,
1008 905 1193 945 eorum
1239 890 1646 956 obliviscuntur,
1691 899 1781 944 aut
1821 897 1968 945 certe
2011 904 2117 945 non

539 985 708 1049 obliti,
738 999 826 1040 res
853 984 990 1039 bene
1010 991 1194 1055 gestas
1213 982 1314 1039 sibi
1333 982 1564 1037 adscribi
1591 982 1832 1051 cupiunt,
1864 981 2029 1051 ipsos.
2059 989 2118 1037 ut

540 1075 770 1134 tristium
817 1089 978 1130 sensu
1003 1075 1406 1143 exagitarentur
1433 1073 1576 1142 prius
1602 1073 1837 1138 relictos,
1865 1082 1991 1128 tunc
2017 1072 2117 1128 de-

540 1183 686 1224 mum
723 1166 917 1222 liberat
942 1165 1014 1221 ab
1047 1165 1416 1222 infestantibus
1443 1181 1458 1232 ;
1491 1167 1541 1219 id
1570 1166 1713 1234 quod
1739 1166 1899 1220 etiam
1926 1165 2012 1220 hic
2035 1163 2120 1218 fe-

540 1263 633 1316 cit.
682 1261 883 1316 Eorum
922 1260 1083 1314 corda
1129 1259 1390 1314 exterreri
1435 1258 1698 1329 permisit,
1730 1267 1782 1314 et
1821 1258 1872 1310 in
1921 1271 2121 1326 angore

541 1355 712 1411 multo
766 1355 1072 1421 versari,et
1111 1362 1236 1408 tunc
1277 1367 1305 1405 a
1341 1352 1496 1406 malis
1541 1352 1686 1420 ipsos
1736 1350 1950 1419 eripuit.
2005 1349 2120 1404 Hoc

539 1448 700 1502 etiam
742 1446 901 1502 modo
928 1462 1054 1516 erga
1095 1461 1344 1516 magnum
1385 1444 1635 1500 Davidem
1664 1458 1723 1500 se
1757 1445 1942 1515 gessit.
1987 1443 2119 1511 Quia

540 1539 684 1594 enim
713 1554 835 1594 eum
881 1540 932 1594 in
953 1539 1122 1594 aciem
1156 1537 1446 1594 educturus
1482 1545 1622 1603 erat,
1652 1551 1715 1592 ac
1743 1552 1838 1605 per
1863 1535 1982 1605 ejus
2003 1550 2118 1589 ma-

542 1645 644 1686 nus
668 1631 1003 1701 splendide
1035 1629 1163 1684 iilud
1191 1639 1448 1700 trop:cum
1475 1639 1769 1693 erecturus,
1793 1642 1896 1682 non
1920 1642 1949 1681 a
1971 1627 2120 1696 prin-

541 1725 683 1794 cipio
708 1725 835 1780 belli
860 1725 910 1779 id
939 1724 1063 1780 fecit
1090 1740 1106 1789 ;
1137 1723 1230 1779 sed
1263 1738 1383 1778 cum
1418 1721 1746 1792 permisisset
1774 1735 1866 1776 eos
1889 1720 2119 1790 quadra-

541 1817 686 1887 ginta
736 1816 945 1871 dierum
988 1816 1160 1886 spatio
1197 1814 1387 1870 confici
1429 1814 1637 1880 timore,
1679 1828 1803 1870 eum
1851 1813 1920 1867 de
1948 1812 2120 1868 salute

547 1921 645 1961 sua
677 1905 1047 1975 deSperarent,
1070 1914 1124 1960 et
1150 1915 1407 1960 sexcenta
1437 1903 1632 1973 probra
1657 1903 1915 1959 barbarus
1944 1901 2119 1957 eﬁun-

541 1999 716 2064 deret,
739 2012 1005 2066 nemoque
1045 2012 1266 2066 surgere
1292 1996 1533 2062 auderet,
1557 2005 1719 2066 atque
1754 1994 2119 2050 adversarium

542 2092 788 2162 excipere
813 2108 830 2158 ;
878 2099 1003 2147 tunc
1031 2091 1236 2146 scilicet
1264 2131 1279 2156 ,
1308 2098 1437 2144 tunc
1462 2103 1584 2145 cum
1609 2089 1716 2160 jam
1741 2103 1800 2144 se
1840 2097 2122 2159 superatos

546 2185 861 2250 faterentur,
889 2192 945 2238 et
971 2184 1252 2239 inﬁrmitas
1297 2183 1470 2254 palam
1493 2192 1667 2246 esset,
1705 2182 1889 2238 eduxit
1933 2181 2120 2238 adole-

543 2275 841 2330 scentulum
873 2275 938 2330 ad
963 2274 1181 2341 bellum,
1215 2283 1270 2330 et
1312 2275 1731 2344 inexspectatam
1771 2273 1913 2328 illam
1953 2275 2122 2329 victo-

544 2368 680 2420 riam
723 2366 1034 2436 reportavit.
1074 2367 1144 2420 At
1184 2366 1328 2420 enim
1355 2366 1401 2420 si
1441 2376 1563 2436 post
1598 2365 1736 2432 hate,
1766 2375 1887 2435 post
1914 2374 2119 2421 tantam

543 2457 925 2512 imbecillitatis
963 2456 1499 2520 demonstrationem,
1545 2471 1639 2511 rex
1681 2457 1773 2513 ille
1812 2467 2055 2514 servatus
2089 2473 2119 2514 a

545 2547 716 2602 tivore
741 2558 798 2603 et
828 2546 1031 2602 invidia
1047 2547 1245 2614 vietus,
1276 2547 1460 2602 Davidi
1497 2547 1781 2604 insidiatus
1805 2558 1909 2617 est,
1941 2549 2121 2605 animo

544 2653 763 2707 prorsus
819 2639 1125 2694 exulcerato
1165 2679 1182 2704 ,
1233 2639 1575 2710 ingratusque
1633 2655 1759 2710 erga
1822 2640 2119 2696 beneﬁcum

543 2731 690 2794 yisus
713 2738 793 2784 est
814 2771 830 2794 ,
862 2729 908 2785 si
939 2743 1042 2785 non
1070 2736 1281 2785 tantum
1298 2729 1537 2786 dedisset
1561 2739 1616 2786 et
1641 2745 1754 2786 sua:
1775 2739 1830 2786 et
1853 2732 2122 2789 exercitus

541 2821 715 2876 totius
756 2820 978 2891 ignavia:
1020 2829 1392 2892 argumentum
1417 2863 1434 2888 ,
1473 2822 1601 2893 quid
1629 2838 1735 2878 non
1762 2822 2012 2880 fecisset?
2038 2823 2128 2880 id-

545 2916 718 2984 ipsum
739 2924 793 2969 et
817 2914 940 2972 alibi
987 2929 1129 2984 saepe
1174 2915 1343 2971 Deum
1373 2915 1564 2972 fecisse
1605 2917 1788 2973 videre
1827 2927 1950 2977 est:
1981 2918 2124 2988 quoi

545 3007 706 3064 ctiam
735 3007 827 3064 hie
851 3006 1050 3078 agitur.
1067 3006 1270 3062 Bellum
1297 3023 1528 3078 namque
1551 3007 1818 3064 soluturus
1837 3019 1892 3065 et
1909 3024 1938 3062 a
1956 3010 2073 3066 trist
2083 3012 2125 3067 l-

547 3099 651 3157 bus
691 3099 1012 3156 liberaturus
1038 3099 1192 3163 illos,
1224 3099 1350 3153 sinit
1377 3099 1496 3154 illos
1539 3108 1663 3156 ante
1694 3114 1725 3153 a
1755 3100 1912 3155 malis
1937 3102 2122 3172 exagi-

545 3193 674 3248 tari.
701 3193 792 3247 Ait
813 3192 957 3248 enim
981 3209 995 3245 :
1018 3192 1204 3246 Emota
1225 3201 1299 3246 est
1327 3193 1501 3246 anima
1513 3193 1625 3263 ejus
1644 3234 1658 3259 ,
1683 3203 1730 3247 et
1749 3193 1920 3246 anima
1947 3195 2125 3264 pepuli

546 3286 685 3355 ejus,
700 3283 1120 3355 quemadmodum
1143 3284 1197 3337 in
1221 3285 1366 3354 sylva
1392 3282 1584 3355 lignum
1607 3301 1640 3337 a
1664 3292 1808 3338 tento
1827 3285 2012 3339 moveri
2041 3301 2124 3341 so-

544 3377 636 3431 let.
663 3375 774 3431 lloc
797 3376 956 3431 etiam
987 3373 1281 3447 prophetiae
1305 3382 1392 3430 est
1414 3375 1706 3446 proprium,
1737 3384 1795 3430 ut
1817 3391 2002 3431 eorum
2032 3392 2124 3432 ar-

545 3483 678 3524 cana
705 3469 758 3523 in
787 3470 1016 3525 medium
1049 3471 1326 3540 producat.
1355 3467 1489 3524 Nam
1513 3471 1773 3542 cujusque
1797 3472 1960 3526 animi
1989 3471 2122 3527 alle-

546 3568 694 3615 ctum
738 3562 893 3619 nobis
931 3565 1198 3634 explicat,
1240 3575 1295 3622 et
1330 3566 1590 3622 claritatis
1630 3579 1789 3622 causa
1837 3565 2123 3636 imaginem

549 3649 736 3716 addit,
789 3663 847 3706 ut
891 3655 1160 3724 ingentem
1206 3657 1504 3726 angustiam
1545 3656 1828 3726 exprimat.
1879 3655 2123 3726 Agitata,

548 3744 748 3815 inquit,
778 3745 878 3802 fuit
907 3749 1082 3803 anima
1122 3764 1345 3816 eorum;
1373 3748 1614 3821 dejectus
1653 3757 1738 3806 est
1781 3749 2020 3817 animus,
2056 3749 2129 3807 de

549 3837 722 3894 salute
745 3853 839 3892 sua
873 3841 1223 3910 desperarunt
1243 3881 1264 3908 ,
1290 3841 1349 3896 in
1370 3842 1627 3899 extremis
1649 3857 1709 3898 se
1736 3841 1934 3898 versari
1965 3851 2126 3912 puta-

550 3932 698 3998 bant,
731 3931 861 3986 nihil
901 3932 1024 3987 boni
1046 3935 1463 4002 exspectabant,
1505 3935 1700 4006 singuli
1732 3950 1761 3989 a
1793 3935 1904 3990 suis
1929 3935 2131 4006 cogita-

553 4023 787 4078 tionibus
829 4024 1021 4092 proditi
1052 4034 1225 4080 erant.
1269 4027 1406 4094 Quid
1434 4027 1594 4096 igitur
1624 4027 1798 4081 Deus?
1823 4027 2126 4082 Liberatio-

551 4130 675 4169 Item
704 4114 943 4184 pricdicit
962 4157 976 4181 ,
1009 4117 1285 4186 ipsamque
1311 4126 1437 4170 tunc
1461 4132 1625 4186 epere
1649 4117 1914 4188 complet,
1947 4133 2016 4174 ne
2036 4117 2127 4172 alii

549 4206 781 4276 cuipiam
832 4205 1132 4262 libertatem
1187 4206 1338 4262 urbis
1385 4206 1754 4262 adscriberent
1800 4223 1814 4259 :
1862 4210 2128 4278 mittitque

552 4296 874 4365 prophetam
920 4299 1009 4368 qui
1055 4300 1230 4353 futura
1295 4299 1710 4369 pra-nuntiaret.
1779 4300 1868 4355 Ait
1916 4302 2057 4356 enim
2109 4318 2124 4355 :

551 4388 646 4444 3.1
677 4388 814 4444 Dixit
838 4389 1091 4445 Dominus
1115 4390 1180 4446 ad
1207 4389 1396 4445 isaiam
1426 4409 1440 4446 :
1475 4390 1749 4462 Egredere
1767 4393 1824 4446 in
1851 4407 2127 4447 occursum

554 4481 735 4537 Acha:
755 4523 769 4548 ,
798 4492 854 4538 ιιι
877 4522 893 4547 ,
924 4494 979 4538 et
1007 4484 1096 4555 qui
1125 4483 1414 4540 derelictus
1438 4493 1524 4541 est
1549 4483 1714 4539 Jasnb
1741 4483 1881 4538 tilius
1910 4492 2036 4538 tuus
2061 4482 2129 4537 ad

553 4574 813 4650 piscinam
840 4589 1100 4631 ascensus
1125 4577 1236 4647 agri
1271 4576 1507 4631 fullonis.
1533 4577 1593 4630 ὅ.
1617 4575 1684 4629 Ει
1705 4574 1856 4630 dices
1879 4574 1944 4626 ad
1965 4588 2085 4628 eum
2110 4592 2124 4628 :

549 4665 794 4718 observa
825 4674 887 4720 ut
934 4665 1202 4736 quiescas,
1231 4675 1287 4720 et
1315 4682 1380 4722 ne
1409 4667 1617 4730 timeas,
1647 4680 1819 4734 neque
1840 4664 2013 4719 anima
2043 4673 2130 4718 tua

549 4755 886 4822 ‘intirmetur,
913 4771 1084 4826 neque
1108 4756 1378 4822 formidet,
1403 4772 1432 4810 a
1462 4757 1670 4813 duobus
1700 4757 1855 4826 lignis
1884 4755 2129 4810 titionum

550 4844 926 4915 hinigantium
957 4845 1170 4901 borum.
1201 4846 1331 4900 Cum
1380 4851 1520 4901 enim
1567 4847 1643 4901 ira
1699 4847 1893 4902 furoris
1939 4845 2130 4911 fuerit,

556 4953 768 4994 rursum
796 4939 1076 4995 medebor.
1102 4959 1121 4992 ι
1148 4941 1281 5009 Quid
1305 4950 1388 4996 est
1410 4982 1425 5006 ,
1456 4941 1706 5012 Egredere
1737 4943 1791 4995 in
1819 4957 2080 4995 occursum
2100 4941 2126 4994 Ζ)

555 5031 674 5088 Prae
703 5031 986 5087 formidine
1040 5042 1093 5087 et
1119 5047 1324 5102 angore
1343 5049 1437 5087 rex
1469 5049 1576 5087 non
1607 5033 1932 5102 quiescebat,
1961 5048 2134 5101 neque

553 5124 699 5180 domi
725 5140 943 5182 manere
972 5127 1303 5192 sustinebat,
1332 5127 1424 5181 scd
1446 5169 1460 5191 ,
1493 5135 1552 5181 ut
1577 5127 1751 5182 solent
1793 5125 2137 5188 obsessi,fre-

553 5226 784 5284 quenter
828 5217 1046 5282 exibat,
1106 5232 1289 5271 muros
1339 5218 1814 5288 circumspiciens,
1847 5217 1913 5272 ad
1954 5227 2135 5286 portas

556 5307 820 5364 accedens
845 5349 860 5375 ,
903 5309 1114 5364 curiose
1157 5310 1509 5379 perquirens,
1553 5309 1982 5380 exploratisque,
2027 5323 2134 5378 quo

558 5399 612 5453 in
639 5408 782 5454 statu
813 5413 900 5456 res
947 5399 1180 5455 hostium
1206 5415 1268 5456 se
1309 5401 1588 5454 haberent.
1635 5401 1969 5470 Qt'apropter
2011 5401 2132 5453 ait:

559 5487 817 5559 Egredere
830 5491 885 5546 in
903 5507 1184 5546 occursum.
1206 5492 1344 5560 Quid
1372 5507 1501 5546 vero
1526 5491 1632 5548 sibi
1656 5492 1769 5548 \rtlt
1791 5491 1920 5546 illud
1940 5532 1955 5553 ,
1990 5489 2065 5542 Tu
2087 5497 2138 5543 et

561 5581 647 5651 qui
671 5583 934 5638 derelictus
961 5594 1033 5639 est
1059 5582 1224 5639 Jasub
1251 5585 1387 5654 ﬁlius
1409 5595 1524 5638 tuus
1548 5584 1574 5638 Γ
1596 5583 1759 5638 Jasub
1790 5582 2134 5638 Hebraeorum

565 5674 742 5744 lngua
765 5677 1101 5732 conversatio
1125 5676 1338 5744 dicitur,
1367 5685 1420 5731 et
1443 5675 1631 5746 agendi
1652 5674 1842 5732 modus
1871 5673 1969 5746 (a).
1993 5674 2138 5741 Qua-

626 5789 708 5854 (ιι)
735 5791 1052 5857 tierenymus
1087 5796 1138 5846 in
1170 5793 1349 5846 Isaiam
1372 5793 1432 5845 ad
1454 5793 1585 5845 hunc
1607 5793 1766 5853 Ictum
1797 5807 1808 5844 :
1839 5791 1982 5845 .msub
2005 5789 2135 5857 ﬁlius

2227 433 2447 493 propter
2491 425 2642 482 Jesse
2686 427 2938 494 Davidern
2982 431 3200 487 mittens
3247 431 3458 489 dicebat
3499 433 3615 490 εει
3650 434 3814 488 luat

2221 531 2397 570 eorum
2413 519 2719 591 accipies“.
2742 519 2866 593 Reg.
2898 523 2986 577 17.
3012 523 3125 594 18);
3146 523 3198 579 id
3219 526 3813 589 est,Conversationent

2225 620 2411 662 eorum
2437 609 2780 666 annuntiabis
2825 613 2953 667 mihi
2980 654 2996 676 ,
3037 623 3095 669 et
3122 615 3247 684 quid
3272 627 3451 687 agant.

2295 697 2349 751 '5.
2370 697 2465 754 llic
2486 697 2646 768 igitur
2667 699 2876 757 videtur
2894 702 3022 776 mihi
3049 704 3325 774 prephetac
3347 706 3561 776 praecipi
3590 717 3647 762 ut
3670 710 3812 764 mul-

2225 787 2502 844 titudinem
2524 804 2705 850 secum
2730 793 2976 862 accipiat,
2995 805 3073 861 ut,
3094 809 3212 850 cum
3234 810 3322 851 res
3341 799 3537 852 exitum
3567 799 3812 869 haberet,

2226 893 2332 933 non
2363 880 2532 948 possit
2561 896 2653 936 rex
2686 881 2888 953 ingrate
2920 900 2979 940 se
3005 900 3212 956 gerere,
3246 902 3308 942 ac
3337 889 3382 943 si
3409 889 3539 944 nihil
3565 906 3752 946 eorum
3781 909 3812 948 a

2227 971 2483 1042 propheta
2508 974 2765 1030 audisset.
2794 975 2944 1044 Quod
2971 976 3131 1047 igitur
3156 979 3230 1034 ait
3260 979 3363 1035 hoe
3389 990 3473 1036 est
3500 1000 3513 1035 :
3539 981 3814 1053 Egredere

2223 1063 2279 1118 in
2306 1079 2610 1133 occursum,
2650 1076 2705 1121 tu
2740 1077 2795 1123 et
2833 1069 2925 1138 qui
2951 1077 3124 1124 tecum
3165 1081 3473 1139 versantur,
3504 1074 3596 1143 qui
3637 1075 3813 1130 relicti

2224 1165 2350 1208 sunt
2375 1168 2443 1211 ex
2473 1156 2690 1226 populo.
2721 1156 2801 1213 Ne
2833 1158 3044 1214 mireris
3073 1169 3250 1224 autem
3286 1162 3334 1216 si
3362 1163 3618 1233 populum
3657 1176 3813 1220 vocet

2226 1243 2393 1300 tilium
2423 1260 2581 1301 suum
2612 1265 2626 1300 :
2656 1262 2778 1302 nam
2819 1248 2873 1304 in
2910 1251 3253 1321 sequentibus
3288 1253 3364 1308 ait
3395 1271 3408 1308 :
3449 1254 3584 1310 Ecce
3619 1273 3734 1326 ego,
3766 1267 3814 1311 et

2227 1335 2370 1405 pueri
2397 1337 2518 1404 mei,
2540 1353 2666 1407 quos
2690 1338 2829 1394 dedit
2855 1341 2983 1394 mihi
3006 1339 3148 1397 Deus
3176 1341 3328 1412 (Issi.
3360 1344 3416 1401 8.
3450 1346 3564 1414 18).
3597 1347 3812 1404 Etenim

2222 1436 2436 1498 patrum
2463 1427 2706 1486 ordinem
2731 1431 2984 1488 tenebant
3006 1435 3195 1500 sancti,
3223 1435 3313 1506 qui
3338 1437 3559 1493 caritate
3581 1448 3638 1494 et
3664 1440 3814 1494 solli-

2223 1521 2458 1581 citudine
2485 1523 2628 1579 circa
2654 1525 2906 1594 populum
2933 1525 3085 1582 illum
3157 1543 3250 1584 eos
3282 1544 3471 1586 omnes
3499 1531 3588 1600 qui
3621 1542 3810 1586 natura

2225 1621 2407 1682 patres
2448 1623 2604 1670 erant
2644 1616 2986 1687 superabant.
3018 1618 3258 1675 Relictos
3301 1636 3433 1678 vero
3472 1621 3635 1690 dicit,
3664 1624 3812 1694 quod

2225 1702 2376 1764 multi
2407 1705 2474 1760 ab
2505 1705 2747 1762 hostibus
2785 1705 3013 1766 fuissent
3056 1708 3292 1764 abducti.
3332 1710 3402 1764 In
3442 1712 3525 1766 via
3551 1714 3668 1784 agri
3709 1715 3814 1786 ful-

2221 1793 2377 1848 lcm‘s.
2408 1793 2608 1865 Magna:
2636 1796 2767 1851 mihi
2795 1797 3123 1856 difﬁcultatis
3153 1799 3205 1855 id
3236 1815 3356 1856 esse
3384 1801 3614 1872 videtur,
3643 1805 3689 1859 si
3717 1805 3814 1875 qui

2224 1884 2403 1940 vallati
2431 1895 2487 1942 et
2525 1886 2732 1942 obsessi
2773 1898 2958 1955 erant,
2999 1905 3068 1944 ne
3099 1891 3368 1960 respicere
3401 1892 3615 1962 quidem
3659 1904 3814 1950 extra

2223 1984 2406 2046 portas
2429 1975 2706 2042 audentes,
2735 1987 2911 2035 tamen
2936 1994 3058 2036 sese
3075 1982 3462 2038 monstrabant.
3493 1983 3628 2039 Nam
3658 1995 3813 2041 extra

2226 2081 2410 2121 muros
2436 2066 2552 2122 haec
2579 2068 2662 2122 via
2695 2069 2808 2138 jam
2845 2084 2968 2125 esse
2989 2071 3218 2126 videtur.
3249 2072 3503 2140 Quaenam
3540 2075 3701 2146 igitur
3729 2087 3818 2133 est

2224 2155 2384 2228 hujus
2433 2158 2768 2217 difficultatis
2807 2161 3037 2218 solutio?
3061 2162 3198 2218 Olim
3242 2164 3370 2220 urbs
3414 2163 3613 2235 duplici
3655 2181 3816 2222 muro

2223 2249 2566 2306 muniebatur
2593 2268 2609 2306 :
2639 2266 2762 2306 nam
2792 2250 2900 2307 duo
2942 2253 3092 2312 urbis
3119 2255 3314 2309 inmitia
3342 2265 3529 2312 erant:
3557 2254 3718 2326 idque
3743 2273 3816 2313 ex

2223 2341 2331 2398 alio
2373 2343 2638 2415 propheta
2687 2344 2965 2416 attendere
3018 2346 3328 2402 volentibus
3380 2347 3607 2417 probare
3659 2349 3810 2405 licet.

2224 2435 2488 2506 Egressus
2533 2436 2692 2507 igitur
2733 2437 2939 2508 lapsum
2965 2453 3151 2495 eorum
3179 2439 3334 2510 erigit
3369 2441 3632 2509 animum,
3660 2449 3716 2496 et
3741 2441 3814 2497 de

2224 2526 2416 2584 futuris
2445 2527 2718 2584 conﬁdere
2743 2527 2914 2598 jubet.
2945 2530 3194 2598 Quiesce,
3221 2530 3316 2598 ait,
3341 2540 3490 2587 etne
3515 2532 3734 2602 timeas;
3757 2542 3817 2587 et

2224 2633 2380 2690 reges
2397 2628 2552 2676 vocat
2578 2619 2794 2676 titiones
2817 2621 3104 2692 lignorum,
3129 2637 3314 2681 eorum
3337 2623 3496 2678 simul
3517 2623 3812 2680 vehemen-

2231 2711 2359 2765 tiam
2393 2719 2448 2765 et
2488 2710 2904 2770 imbecillitatem
2943 2711 3242 2768 declarans.
3270 2711 3402 2768 Nam
3431 2713 3552 2770 ideo
3581 2712 3812 2778 addidit,

2226 2800 2638 2873 Fumigantium,
2653 2802 2704 2858 id
2721 2811 2824 2871 est,
2846 2809 2934 2874 qui
2959 2819 3084 2858 mox
3105 2803 3476 2875 exstinguendi
3498 2812 3670 2859 erant.
3703 2803 3817 2860 Ex.

2228 2892 2355 2948 hinc
2397 2891 2676 2950 declarans
2696 2932 2714 2960 ,
2745 2909 2849 2949 non
2879 2909 2943 2950 ex
2985 2909 3172 2949 eorum
3201 2894 3458 2965 potentia,
3488 2892 3584 2949 sed
3611 2907 3678 2949 ex
3713 2894 3813 2950 Dei

2233 2976 2586 3054 pet-missione
2614 2983 2944 3041 invasionem
2975 2999 3097 3041 esse
3119 2983 3343 3051 factam,
3374 2985 3450 3040 ait
3476 3001 3491 3040 :
3521 2983 3648 3040 Cum
3674 2986 3816 3040 enim

2226 3079 2306 3134 ira
2333 3077 2521 3149 furoris
2567 3078 2663 3132 mei
2709 3079 2881 3148 fuerit,
2927 3095 3133 3132 rursum
3179 3079 3436 3134 medebor.
3465 3079 3521 3134 5.
3549 3077 3619 3132 Et
3667 3078 3817 3147 ﬁlius

2226 3171 2407 3238 Aram,
2425 3179 2470 3226 et
2491 3169 2627 3240 ﬁlius
2649 3168 2908 3238 Romelirr,
2927 3170 3048 3241 quia
3064 3171 3284 3226 inierunt
3299 3171 3564 3226 consilium
3591 3172 3812 3238 malum,

2225 3264 2479 3336 Epitraim
2503 3273 2550 3320 et
2566 3263 2705 3333 ﬁlius
2739 3264 2978 3319 Romelite
2995 3274 3171 3320 contra
3189 3274 3238 3320 te
3255 3264 3474 3318 dicentes
3496 3279 3516 3318 :
3543 3263 3598 3318 ϐ.
3623 3263 3816 3319 Ascen-

2229 3355 2472 3428 demusiu
2501 3353 3340 3432 Judaametamigemmeam(b),e¢
3370 3353 3646 3421 colloquuti
3667 3368 3816 3408 aver-

2228 3455 2387 3501 temus
2406 3461 2491 3501 eos
2513 3445 2581 3500 ad
2597 3461 2711 3513 nos,
2734 3455 2780 3500 et
2809 3445 3141 3516 prwﬁciemus
3164 3445 3210 3498 ei
3229 3460 3394 3515 regem
3417 3444 3581 3513 ﬁlium
3605 3443 3815 3501 Tabeel.

2229 3536 2285 3591 7.
2315 3535 2441 3592 Ηωσ
2457 3536 2578 3604 dicit
2602 3537 2852 3592 Dominus
2872 3535 3098 3592 Sabaoth
3119 3553 3140 3591 :
3166 3535 3286 3590 Non
3305 3536 3520 3591 manebit
3541 3537 3814 3592 consilium

2229 3628 2346 3695 hoc,
2377 3643 2534 3699 neque
2549 3629 2643 3682 erit
2665 3643 2683 3682 :
2708 3627 2762 3684 8.
2785 3626 2874 3683 sed
2901 3637 3054 3698 caput
3074 3628 3231 3680 Aram
3256 3625 3562 3692 Damascus,
3581 3637 3628 3682 et
3655 3638 3816 3697 caput

2228 3719 2473 3777 Damasci
2504 3721 2685 3776 Rasin.
2732 3719 2800 3775 Et
2837 3719 3005 3774 adhuc
3027 3721 3290 3791 sexaginta
3334 3721 3553 3790 quinque
3585 3717 3730 3786 anni,
3763 3729 3815 3775 et

2229 3813 2431 3883 deﬁciet
2498 3828 2708 3884 regnum
2767 3810 3018 3880 Epitraim
3083 3827 3116 3864 a
3174 3810 3404 3882 populo;
3437 3810 3494 3867 9.
3544 3820 3592 3866 et
3657 3818 3818 3881 caput

2234 4008 2488 4079 Isaia;
2509 4009 3064 4079 interpretaturrelictus
3083 4015 3226 4076 atque
3246 4009 3810 4079 convertsggsﬁqtypum

2233 4072 2565 4138 populijJttda
2585 4072 2669 4138 qui
2684 4082 2797 4138 erat
2827 4074 2889 4124 de
2912 4073 3122 4138 duorum
3147 4072 3318 4136 regum
3347 4072 3564 4123 manibus
3593 4072 3814 4138 lit-erun-

2234 4135 2342 4184 dus.
2370 4135 2489 4185 Plus
2511 4135 2697 4198 negotii
2722 4137 2917 4184 facessit
2940 4137 3070 4183 alter
3091 4135 3226 4183 locus
3250 4149 3603 4198 moriseque‘ns
3629 4149 3640 4183 :
3673 4137 3809 4195 Qua-

2233 4204 2490 4262 propter?
2515 4195 2921 4262 conversationem
2943 4195 3435 4262 eorutrtannmttiabis
3457 4195 3576 4262 mihi
3604 4203 3650 4248 et
3680 4199 3806 4262 quid

2233 4257 2398 4322 trgum,
2424 4259 2613 4322 Graece,
2635 4261 2711 4308 διὰ
2734 4261 2876 4310 τοῦτο
2910 4261 2991 4308 καὶ
3024 4262 3051 4307 ὁ
3093 4257 3268 4307 Ἰεσσαὶ
3293 4262 3508 4322 πέμπων,
3532 4260 3612 4322 τὸν
3655 4257 3812 4311 lauta

2235 4318 2495 4385 ἐξεγεηΚᾳὶ
2515 4322 2569 4385 re
2604 4321 2793 4371 Ἰασοὺϐ
2826 4323 2981 4370 αὐτῶν
3009 4318 3416 4385 λήψῃλτρυτέσὲτι,
3457 4321 3542 4385 ἰςήν
3570 4321 3810 4385 ἀναστρο-

2234 4381 2508 4488 ξήνὶαύτῶν
2539 4382 2815 4444 ἀπαγγελεῖς
2849 4401 2945 4445 μοι.
2969 4384 3048 4430 καὶ
3069 4381 3114 4430 ri
3153 4382 3368 4442 διάγουσι
3394 4382 3690 4445 πράττοντες·
3721 4381 3812 4433 ilbi

2273 4444 2383 4488 at'tl.
2413 4443 2579 4488 habet.
2619 4448 2699 4488 καὶ
2729 4447 2784 4488 τὸ
2825 4446 2972 4488 ἐσοὺϐ
3015 4444 3175 4488 αὐτόν-
3214 4445 3448 4488 mendose
3489 4457 3576 4488 nm
3607 4444 3804 4488 αὐτῶν’

2273 4443 2383 4488 at'il.
2413 4443 2579 4498 habet,
2619 4447 2784 4494 καὶτὸ
2825 4443 2972 4494 ἐὰοὺϐ
3015 4444 3175 4503 αὐτόν,
3214 4443 3448 4504 mendose
3489 4457 3576 4504 pro
3607 4444 3804 4493 αὐτῶν

2234 4515 2345 4568 quin
2369 4504 2532 4559 lectio.
2549 4506 2716 4568 £0066,
2738 4505 3098 4568 magisaccedit
3121 4502 3179 4553 ad
3206 4502 3467 4568 veritatem
3491 4502 3806 4556 Hebraicam.

2235 4562 2475 4632 Sed__cun_t
2510 4562 2882 4626 ChrysoStom'us
2925 4568 3005 4632 hic
3047 4565 3496 4632 vocem,__’laaot36_,
3529 4568 3807 4632 δέηται-θα

2235 4623 2627 4689 explicationem
2643 4633 2864 4689 ejusdem
2906 4629 3053 4689 vocis.
3090 4623 3296 4686 ’lataot’as,
3326 4642 3436 4688 qua
3465 4627 3515 4676 in
3552 4625 3676 4677 Isaia
3710 4629 3807 4678 ha-

2235 4682 2402 4755 betur,
2441 4687 2545 4755 haec
2585 4682 2779 4755 videtur
2827 4682 3306 4755 retinendadectio';
3333 4682 3468 4755 cu_m_
3486 4689 3708 4755 maxime
3743 4689 3810 4755 in

2234 4744 2392 4816 Regio
2415 4747 2569 4817 etiam
2589 4752 2765 4804 (lodice
2788 4754 3036 4817 habeatur.
3067 4750 3185 4799 Nam
3207 4748 3411 4817 _etiamsi
3436 4751 3600 4817 codex
3623 4749 3809 4817 Coisli-

2235 4810 2414 4876 manus
2456 4810 2648 4876 quidam
2692 4818 2730 4865 _\'
2768 4811 2962 4868 sa-cnli.
3005 4825 3104 4876 quo
3144 4810 3221 4861 usi
3259 4825 3428 4876 sumus
3469 4813 3519 4860 in
3561 4811 3812 4876 ﬂexaplis

2236 4872 2419 4936 nostris
2441 4871 2499 4936 ad
2525 4873 2655 4922 hunc
2683 4871 3128 4925 memoratnm'hic
3154 4876 3314 4936 locum
3339 4871 3360 4918 1
3391 4874 3537 4936 Reg.,
3560 4871 3808 4936 Joannem

2235 4928 2404 5001 Chrys.
2427 4933 2656 4993 afferens,
2687 4939 2879 5001 ἐσουίξά.
2901 4939 3056 5001 legal,
3093 4936 3142 5001 id
3170 4934 3292 5001 agit!
3327 4936 3440 4995 quia
3466 4928 3806 5001 itéxaphtem

2238 4991 2508 5061 editionem
2540 4991 2753 5061 tractans
2785 4991 2984 5061 videbat
3005 4999 3082 5061 Asie
3112 4991 3396 5061 legéndum
3423 4991 3670 5061 oportere.
3703 4995 3807 5045 Ille

2236 5058 2428 5119 autem,
2456 5055 2604 5104 citato
2630 5060 2958 5115 Chrysostomi
3003 5059 3135 5115 loro,
3163 5055 3273 5119 post
3307 5055 3476 5105 ultima
3503 5055 3679 5116 verba,
3715 5061 3812 5115 τήν

2235 5113 2490 5182 ᾀγαρςρ...ξ
2522 5120 2600 5165 καὶ
2626 5122 2670 5167 τί
2697 5113 2911 5181 διάγουσι
2949 5113 3255 5182 πράττόνξες,
3289 5121 3359 5182 sic
3394 5119 3588 5180 pergit:
3626 5113 3836 5182 οἷο),-

2237 5175 2329 5243 Ιςαὶ
2352 5175 2443 5243 see
2465 5179 2521 5243 civ
2541 5182 2752 5243 χρῄζωσι
2784 5175 2962 5242 ἢνώσῃ.
2987 5175 3068 5236 Θ..
3096 5182 3175 5228 καὶ
3203 5175 3337 5228 ὃέὰν
3374 5175 3587 5243 χρῄζὼσι
3615 5175 3808 5243 γνώσῃζ

2239 5239 2318 5308 Ap
2334 5239 2428 5308 fdi:
2456 5239 2547 5308 ,τήν
2579 5239 2803 5302 ’σύμμιξιὺ
2825 5239 2978 5290 αὐτῶν
3175 5244 3248 5308 τὶ,
3271 5239 3462 5308 tot???
3480 5239 3814 5308 _pt000;opidv

2237 5300 2392 5344 αὐτῶν
2415 5300 2559 5365 λήψῃ,
2584 5300 2837 5365 ᾼιὸδωρος,
2861 5306 2943 5351 καὶ
2963 5305 3018 5351 τὸ
3057 5300 3230 5351 Ἐὸοὺϐ
3258 5305 3414 5350 αὐτῶν
3439 5300 3585 5364 λήψῃ.
3609 5300 3814 5365 θέοόὡ-

2237 5374 2389 5427 εητοςρ
2414 5364 2493 5427 τεαὶ
2511 5364 2575 5427 τὸ-
2592 5363 2797 5427 Ἐσονϐὰ
2828 5367 2982 5413 αὐτῶν
3010 5367 3154 5427 λήψῃ.
3187 5366 3418 5422 Ἰωάννης,
3441 5363 3522 5412 καί
3546 5363 3601 5411 τὸ
3632 5364 3819 5414 ’.Εσον-

2236 5419 2298 5490 es
2332 5421 2486 5490 ᾳύτῶν
2523 5425 2669 5490 λήψῃ.
2718 5426 2776 5476 ‘0
2811 5429 2861 5490 δὲ
2895 5419 3162 5488 saeuitiae,
3203 5419 3419 5490 ζιίσουϐἀ
3467 5427 3811 5490 αὐτῶν-λήψῃ,

2235 5482 2540 5552 ῇρμιήγευσεν,
2568 5482 2702 5552 "an
2737 5482 3434 5552 χρῄζομσίίῖαξὶἓτυπι
3475 5501 3562 5552 rex
3600 5486 3664 5534 de

2236 5540 2316 5588 hic
2337 5542 2630 5604 disputatur,
2659 5551 2699 5596 si
2733 5540 3071 5598 ad'i’eritatcm
3091 5540 3381 5598 H'ebraicam
3409 5547 3678 5606 scribatur,
3705 5540 3814 5601 erit

2237 5612 2442 5699 Ἡδὲ»,
2468 5615 3197 5699 animales?-l'ssraice
3245 5620 3396 5670 habet
3435 5623 3556 5699 l“P11
3603 5623 3815 5673 =93“

2237 5681 2360 5736 nm,
2398 5688 2442 5730 et
2465 5681 2638 5743 pignus
2658 5691 2826 5730 eorum
2849 5681 3074 5742 accipies.

2257 5785 2326 5848 (bi
2347 5798 2472 5851 tunc,
2498 5794 2542 5839 ct
2559 5785 2819 5852 aﬂligenms
2841 5793 3080 5846 eam,-nou
3101 5785 3213 5832 sunt
3236 5780 3284 5829 in
3302 5782 3441 5828 textu
3461 5779 3589 5824 LXX.
