4096 6322
516 310 581 370 8!
1210 298 1269 356 S.
1311 291 1594 355 JOANNIS
1631 279 2084 348 CIIRYSOSTOI

2190 279 2500 340 ARCBIEP.
2542 274 3091 345 CONSTANTINOP.
3681 286 3753 344 82

517 426 628 496 γὰρ
655 424 684 476 6
718 422 881 492 φόϐος
925 416 1235 482 κατέσεισε,
1282 417 1379 469 καὶ
1424 412 1532 487 πρὸ
1572 408 1869 482 ὀφθαλμῶν
1914 400 1983 478 ἦν
2018 402 2091 457 τά

515 514 686 580 δεινά,
717 514 783 568 τά
806 513 864 567 66
887 511 1100 583 χρηστά
1129 511 1187 562 ἐν
1209 507 1408 571 ἐλπίσι,
1436 507 1532 560 καὶ
1560 502 1884 575 προσδοκίαν
1913 499 2089 569 ὑπερ-

519 609 771 663 ϐαίνοντα
802 606 1005 667 πᾶσαν,
1052 601 1149 656 καὶ
1174 601 1225 652 οἰ
1258 596 1597 670 ἀκροώμενοι
1636 594 1698 647 οὑ
1745 591 1950 661 σφόδρα
1989 605 2087 641 πι-

521 699 655 763 στοὶ,
685 697 783 767 ὅρα
809 693 864 749 τί
891 695 1057 748 ποιεῖ.
1086 691 1278 745 Δίδωσι
1314 690 1539 759 σημεῖον
1571 686 1824 756 μέγιστον
1855 682 1964 735 τῶν
1988 682 2085 733 ἐκ-

520 786 856 857 ϐησομένων,
884 782 953 837 τὰ
981 780 1320 853 βουλεύματα
1355 777 1465 831 τῶν
1498 773 1770 845 πολεμίων
1804 770 2086 857 εἰςᾼμέσον

520 854 787 947 ἐκφέρων.
819 873 978 941 Λέγει
1005 869 1113 941 γὰρ
1141 867 1320 923 αὑτῶν
1339 867 1439 937 τὴν
1465 864 1712 935 γνώμην,
1740 861 1857 933 μεθ’
1882 854 1950 931 ἦς
1982 859 2085 912 ἐπ-

518 967 886 1039 εστράτευσαν
909 967 975 1035 τῇ
1006 963 1177 1025 πόλει,
1225 960 1320 1014 καὶ
1361 959 1414 1012 τί
1459 956 1594 1027 πρὸς
1619 953 1881 1025 ἀλλήλους
1913 949 2085 1005 διελέ-

518 1063 723 1133 χθησαν
744 1102 758 1127 ,
805 1057 899 1113 καὶ
931 1056 983 1109 τί
1015 1054 1297 1116 συνθέντες
1333 1048 1650 1121 ἐπανῆλθον,
1684 1048 1781 1102 καὶ
1816 1045 2089 1105 δείκνυσιν

518 1153 554 1224 ἢ
587 1150 875 1223 προδοσίαν
907 1148 969 1201 τὸ
1014 1146 1245 1218 πρᾶγμα
1275 1142 1335 1197 δν
1367 1138 1922 1211 (Συλλαλήσαντες
1948 1134 2081 1206 γὰρ,

519 1243 708 1316 φησὶν,
728 1240 929 1307 αὐτοῖς
943 1280 958 1303 ,
985 1235 1445 1307 ἀποστρέψομεν
1467 1232 1689 1298 αὐτοὺς
1715 1231 1866 1299 πρὸς
1882 1226 2083 1298 ἡμᾶς),

518 1337 552 1408 ἢ
581 1335 746 1406 πολλῇ
777 1336 842 1406 τῇ
866 1330 1091 1405 ἀπονοίᾳ
1125 1328 1442 1401 μεθύοντας,
1471 1326 1566 1380 καὶ
1596 1324 1916 1397 νομίζοντας
1951 1319 2086 1392 μηδὲ

517 1427 697 1482 ὃπλων
722 1426 900 1488 αὑτοῖς
925 1424 1059 1491 δεῖν,
1106 1421 1240 1495 μηδέ
1274 1416 1630 1491 παρατάξεως
1670 1416 1766 1471 καὶ
1814 1412 2087 1485 συμϐολῆς

517 1524 598 1585 εἰς
631 1519 693 1573 τὸ
736 1516 834 1589 τὴν
874 1516 1026 1571 πόλιν
1067 1514 1268 1568 λαϐεῖν.
1295 1514 1492 1584 Ἀρκεῖ
1518 1510 1628 1583 γὰρ
1656 1511 1791 1582 ἡμῖν
1828 1506 2084 1579 φανῆναι,

519 1613 672 1683 φησὶ,
707 1611 866 1682 μόνον
894 1609 987 1663 καὶ
1030 1605 1396 1677 διαλεχθῆναι,
1441 1606 1535 1658 καὶ
1562 1604 1769 1666 πάντας
1810 1597 2087 1673 αἰχμαλώ.

516 1721 642 1767 τους
677 1702 938 1764 λαϐόντας
988 1699 1259 1753 ἀπελθεῖν.
1306 1692 1470 1762 Εἶτα,
1506 1696 1642 1767 ὅπερ
1695 1694 1996 1764 πάσχουσιν
2036 1691 2088 1745 οί

516 1794 795 1861 ἀλαζόνες,
841 1792 948 1846 ὑπὸ
982 1792 1082 1863 τῆς
1114 1789 1327 1853 ἐλπίδος
1368 1788 1573 1859 ταύτης
1613 1784 1945 1856 φυσηθέντες
1991 1783 2088 1838 καὶ

518 1888 647 1960 περὶ
675 1885 934 1958 βασιλέως
963 1881 1322 1956 βουλεύονται,
1346 1879 1421 1943 ώς
1442 1879 1542 1949 ήδη
1569 1878 1667 1948 τῆς
1693 1876 1901 1939 πόλεως
1925 1874 2083 1929 ἀλού-

520 1998 641 2052 σης,
659 1980 751 2036 καί
771 1980 891 2033 τίνα
920 1975 1209 2046 ἐπιστῆσαι
1225 1974 1306 2027 δεῖ
1323 1975 1388 2045 τῇ
1408 1969 1760 2043 μητροπόλει.
1777 1970 1889 2023 Καὶ
1901 1970 1969 2024 τὰ
1987 1969 2088 2040 μὲν

517 2074 741 2129 ἐκείνων
756 2071 1000 2137 τοιαῦτα,
1023 2070 1155 2142 φησί
1171 2085 1187 2101 °
1202 2068 1273 2123 τά
1288 2068 1345 2123 δὲ
1360 2067 1451 2122 τοῦ
1468 2067 1602 2121 Θεοῦ
1626 2067 1840 2121 πάντων
1862 2064 2087 2120 ἐκείνων

518 2165 856 2236 ἁναιρετικά.
887 2164 978 2216 Διδ
1002 2164 1096 2217 καὶ.
1127 2162 1373 2233 ἐπήγαγε
1393 2177 1407 2192 ⁸
1443 2158 1593 2215 Τάδε
1637 2158 1800 2229 λέγει
1843 2159 2050 2227 Κύριος
2069 2174 2082 2187 ·

518 2260 613 2313 καὶ
636 2260 735 2312 οὑκ
763 2258 913 2329 ἔστη,
932 2256 1067 2311 ἀλλά
1090 2255 1416 2328 προσέθηκε,
1441 2253 1875 2309 Σαϐαὼθ.⁹⁹οταν
1900 2252 2009 2322 γάρ
2033 2268 2087 2304 τι

523 2352 663 2424 μέγα
687 2348 1048 2420 ἀπαγγέλλειν
1092 2347 1284 2420 μέλλῃ,
1328 2347 1429 2417 τῆς
1464 2346 1745 2417 δυνάμεως
1777 2344 2086 2415 ἀναμιμνή-

521 2461 640 2498 σκει
670 2442 765 2497 τοῦ
795 2441 951 2507 Θεοῦ,
989 2440 1085 2493 καὶ
1118 2441 1215 2510 τῆς
1244 2438 1520 2509 βασιλείας
1552 2436 1652 2507 τῆς
1679 2435 1811 2500 ἀνω,
1843 2434 1938 2488 καὶ
1964 2434 2088 2488 θαυ-

523 2536 735 2607 μαστῆς
763 2535 976 2605 ἐκείνης
1012 2534 1185 2605 ἀρχῆς
1239 2532 1332 2585 καὶ
1363 2528 1689 2601 παραδόξου.
1717 2527 1783 2581 Τί
1805 2522 1899 2581 οῦν
1922 2542 2089 2597 φησιν

518 2631 548 2680 6
576 2628 743 2692 Θεός;
783 2628 866 2681 Οὺ
889 2624 978 2696 μὴ
1000 2626 1180 2695 μείνῃ
1214 2624 1252 2691 ἡ
1274 2621 1478 2690 βουλὴ
1516 2621 1689 2688 αὕτη,
1718 2617 1858 2675 οὐδὲ
1878 2618 2050 2673 ἔσται
2069 2632 2084 2649 ·

519 2722 657 2776 ἀλλ’
684 2722 723 2790 ἡ
756 2718 987 2789 κεφαλὴ
1024 2718 1193 2787 Ἀρὰμ
1237 2715 1573 2785 Δαμασκός.
1615 2713 1679 2766 Ἠ
1707 2711 1849 2784 ἀρχὴ
1884 2708 2084 2774 αὑτοῦ,

521 2814 705 2886 φησὶν,
734 2815 767 2884 ἡ
800 2810 1015 2879 ἐξουσία
1056 2808 1219 2864 αὑτοῦ
1270 2810 1328 2861 ἐν
1359 2803 1631 2877 Δαμασκῷ
1664 2805 1944 2877 στήσεται,
1993 2804 2089 2858 καὶ

518 2904 828 2975 περαιτέρω
853 2904 913 2957 οὑ
945 2900 1295 2973 προϐήσεται.
1314 2899 1423 2953 Καὶ
1444 2900 1481 2968 ἡ
1506 2894 1740 2967 κεφαλὴ
1769 2894 2088 2966 Δαμασκοῦ

529 2996 756 3053 Ῥασίν.
789 2996 900 3051 Καὶ
930 2995 959 3048 6
987 2995 1169 3067 ἅρχων
1205 2991 1518 3063 Δαμασκοῦ,
1552 2990 1707 3061 φησὶ,
1740 2990 1835 3044 καί
1878 2992 1907 3044 6
1952 3006 2089 3059 κρα-

517 3090 629 3144 τῶν
663 3088 846 3141 Ῥασίν
874 3087 1024 3141 ἔσται
1044 3103 1058 3118 ο
1080 3084 1374 3148 τουτέστιν,
1399 3085 1456 3137 ἐν
1479 3085 1588 3145 τοῖς
1618 3081 1782 3135 αὑτοῦ
1824 3083 1974 3152 μενεῖ
1995 3081 2089 3134 καὶ

519 3179 740 3235 πλείονα
777 3178 839 3231 οὑ
870 3177 1169 3249 προσθήσει
1200 3173 1425 3245 δύναμιν
1462 3171 1629 3244 αὑτῷ.
1661 3172 1771 3227 Καὶ
1810 3170 1907 3226 ἔπι
1949 3169 2090 3239 ἐξή-

518 3291 707 3330 κοντα
750 3272 848 3326 καί
878 3271 1055 3325 πέντε
1087 3269 1194 3339 ἐτη
1216 3309 1230 3334 ,
1272 3268 1371 3323 καὶ
1404 3267 1674 3336 ἐκλείψει
1717 3266 1757 3335 ἡ
1800 3265 2090 3332 βασιλεία

530 3367 773 3436 Ἑφραῒμ
801 3364 921 3419 ἀπὸ
958 3362 1133 3420 λαοῦ.

584 3459 649 3512 δ’.
674 3458 919 3526 Μεγίστη
950 3459 1049 3528 τῆς
1081 3453 1337 3526 ἀληθείας
1361 3452 1661 3518 ἀπόδειξις,
1694 3451 1822 3505 ὅταν
1851 3449 2089 3514 καὶτοὺς

521 3552 745 3623 καιροὺς
788 3550 1128 3621 προλέγωσιν
1173 3549 1222 3602 οἱ
1263 3548 1572 3619 προφῆται,
1612 3544 1944 3616 παρέχοντες
1974 3546 2097 3606 τοῖς

523 3640 861 3715 βουλομένοις
893 3636 1168 3703 ἐξετάζειν
1219 3636 1358 3707 μετά
1399 3634 1686 3704 ἀκριϐείας
1733 3634 1831 3703 τῆς
1875 3649 2090 3704 προφη-

525 3734 675 3798 τείας
701 3733 801 3804 τὴν
828 3731 1075 3802 δύναμιν.
1106 3727 1217 3783 Νῦν
1245 3728 1343 3799 μὲν
1372 3725 1503 3798 γάρ,
1538 3726 1722 3797 φησιν,
1749 3726 2087 3796 ἀποστήσον-

517 3844 605 3880 ται
646 3825 743 3895 τῆς
776 3823 1014 3885 πόλεως’
1058 3818 1192 3891 μετά
1226 3818 1286 3871 δέ
1334 3818 1497 3873 πέντε
1537 3817 1632 3871 καὶ
1678 3817 1941 3888 ἐξήκοντα
1990 3815 2087 3887 ἔτη

516 3912 806 3982 ὀλόκληρον
854 3909 1132 3963 ἀπολεῖται
1169 3905 1232 3959 τὸ
1271 3905 1450 3970 ἔθνος,
1480 3906 1574 3959 καὶ
1604 3905 1654 3958 οἰ
1696 3904 1942 3976 πολέμιοι
1987 3902 2085 3957 λα-

517 4007 703 4065 ϐόντες
730 4002 946 4064 αὑτοὺς,
975 3997 1337 4053 ἀπελάσονται
1362 3996 1591 4059 πάντας.
1624 3995 1738 4050 Νῦν
1770 3996 1952 4067 μέντοι
1980 3994 2087 4066 πρὸ

514 4096 614 4167 τῆς
647 4091 897 4154 ἁλώσεως
943 4089 1155 4158 ἐκείνης
1194 4087 1345 4141 οὐδὲν
1387 4087 1548 4140 πλέον
1590 4088 1700 4141 τῶν
1743 4088 1958 4141 οίκείων
1985 4086 2085 4158 λή-

513 4189 727 4258 ψονται.
760 4185 877 4237 ’Ὶνα
916 4181 1025 4252 γὰρ
1057 4181 1132 4252 μὴ
1174 4178 1413 4242 ἀκούσας
1441 4179 1471 4230 6
1498 4177 1780 4248 βασιλεὺς,
1811 4181 1893 4233 ὅτι
1950 4181 2087 4250 μετὰ

515 4280 777 4351 ἐξήκοντα
817 4275 978 4329 πέντε
1022 4274 1115 4345 ἐτη
1158 4270 1502 4332 ἀπολοῦνται,
1529 4269 1662 4342 λέγῃ
1690 4272 1826 4343 πρὸς
1855 4272 2046 4324 ἐαυτόν
2064 4286 2083 4305 ο

515 4371 580 4423 Τί
614 4365 739 4434 οὗν;
767 4367 861 4421 ἐὰν
894 4364 988 4420 νῦν
1015 4367 1163 4435 ἡμᾶς
1198 4361 1473 4427 λαϐόντες,
1497 4361 1619 4415 τότε
1660 4361 2005 4426 ἀπολοῦνται,
2031 4363 2085 4415 τί

513 4462 576 4515 τὸ
619 4458 808 4529 ὄφελος
841 4458 1002 4528 ἡμῖν;
1046 4456 1275 4527 θάρρει,
1317 4454 1412 4507 καί.
1454 4452 1581 4526 περὶ
1631 4452 1738 4507 τῶν
1778 4454 2080 4524 παρόντων.

525 4551 851 4605 ’Λλώσονται
894 4549 1002 4618 γὰρ
1040 4548 1161 4601 τότε
1207 4545 1482 4609 παντελῶς
1501 4562 1516 4577 ·
1558 4544 1652 4598 νῦν
1690 4545 1871 4616 μέντοι
1921 4545 2084 4599 πλέον

514 4644 667 4699 οὐδὲν
688 4653 707 4675 ⁸
736 4643 843 4697 τῶν
888 4641 1102 4695 οἰκείων
1133 4637 1249 4711 [79]
1288 4639 1519 4707 ἕξουσιν.
1566 4637 1704 4691 Ἀλλ’
1733 4638 1884 4692 ἔσται
1928 4638 1962 4709 ἡ
1989 4655 2083 4692 κε-

515 4736 661 4808 φαλὴ
701 4733 960 4806 Ἐφραίμ,
988 4733 1255 4796 τουτέστι,
1284 4730 1391 4784 τῶν
1433 4730 1564 4784 δέκα
1594 4729 1795 4798 φυλῶν,
1834 4731 1869 4801 ἠ
1900 4730 2083 4801 Σαμά-

512 4846 641 4901 ρεια
659 4844 673 4858 ·
710 4829 826 4881 ἐκεῖ
852 4825 960 4898 γὰρ
989 4821 1059 4898 ἦν
1086 4824 1266 4887 αὑτοῖς
1292 4824 1325 4894 ή
1354 4823 1599 4895 βασιλεία
1618 4837 1632 4851 ·
1668 4824 1763 4878 καὶ
1792 4823 1892 4877 οὑκ
1921 4824 2082 4876 ἐκτα-

515 4922 740 4993 θήσεται
775 4918 1113 4991 περαιτέρω⁸
1145 4917 1240 4970 καὶ
1268 4918 1301 4987 ἡ
1337 4916 1545 4987 κεφαλὴ
1585 4914 1897 4987 Σαμαρείας
1924 4917 1953 4969 6
1982 4914 2079 4985 βα-

512 5014 697 5076 σιλεὺς
719 5010 813 5065 τοῦ
848 5009 1066 5082 Ἰσραήλ
1081 5025 1095 5039 ·
1120 5008 1256 5081 ὅπερ
1278 5007 1371 5061 ἐπὶ
1390 5006 1481 5061 τοῦ
1505 5006 1865 5078 Δαμασκηνοῦ
1904 5006 2079 5075 ἔλεγε,

509 5106 673 5162 τοῦτο
701 5106 794 5158 καὶ
825 5099 1057 5158 ἐνταῦθα
1085 5100 1277 5171 δηλῶν,
1304 5102 1386 5154 ὅτι
1415 5100 1567 5153 οὑδέν
1595 5100 1756 5153 πλέον
1788 5099 2020 5166 ἕξουσιν,
2045 5100 2077 5171 ἦ

512 5199 683 5253 ταῦτα
715 5196 753 5251 ἃ
778 5195 874 5249 νῦν
904 5193 1243 5264 κατέχουσιν.
1274 5188 1428 5256 Εἶτα,
1459 5192 1645 5263 ἐπειδὴ
1676 5194 1977 5266 πράγματα
2000 5189 2079 5247 εῖ-

512 5307 614 5343 πεν
661 5287 1052 5359 ὑπερϐαίνοντα
1089 5284 1246 5352 λόγον
1283 5280 1620 5354 ἀνθρώπινον
1638 5325 1653 5349 ,
1700 5285 1795 5338 καὶ
1835 5285 2080 5359 ἀνώτερα

512 5384 612 5452 τῆς
639 5381 747 5435 τῶν
785 5377 1060 5451 λογισμῶν
1085 5375 1423 5440 ἀκολουθίας,
1454 5376 1547 5429 καὶ
1577 5376 1876 5449 προφητεία
1905 5378 1966 5431 τὸ
1990 5378 2078 5431 λε-

510 5474 743 5543 γόμενον
778 5469 867 5545 ἦν,
906 5471 1132 5535 εἰκότως
1176 5470 1479 5541 ἐπήγαγεν’
1529 5470 1670 5524 Ἐὰν
1705 5470 1793 5541 μὴ
1832 5474 2079 5529 πιστεύ-

509 5579 689 5631 σητε,
716 5562 857 5617 οὐδὲ
886 5562 971 5632 μὴ
999 5560 1248 5631 συνῆτε.
1290 5561 1383 5630 Μὴ
1415 5560 1601 5633 ζήτει,
1633 5561 1799 5633 φησὶ,
1838 5563 1955 5629 πῶς
1986 5567 2081 5619 καὶ

511 5656 619 5709 τίνι
650 5654 834 5725 τρόπῳ
858 5654 1028 5708 ταῦτα
1056 5654 1208 5708 ἔσται
1227 5670 1242 5685 ο
1270 5653 1401 5717 Θεὸς
1430 5653 1539 5727 γάρ
1579 5654 1728 5708 ἐστιν
1770 5656 1800 5710 6
1843 5656 2074 5727 ἐργαζό-

509 5760 696 5816 μενος,
726 5744 817 5796 καὶ
848 5743 1083 5809 πίστεώς
1114 5764 1194 5801 σοι
1225 5746 1305 5801 δεῖ
1329 5747 1517 5820 μόνης,
1555 5748 1648 5804 καὶ
1679 5749 1949 5822 ἐννοήσεις
1982 5751 2075 5805 τοῦ

572 5879 598 5911 ⁸
617 5878 771 5931 οὐδέν
793 5877 938 5929 dces:
957 5880 1007 5930 in
1024 5878 1145 5943 Reg.

2195 398 2474 467 ποιοῦντος
2500 401 2600 472 τὴν
2625 401 2852 474 δύναμιν
2874 419 2887 434 ’
2923 405 3104 457 πᾶσαν
3139 402 3372 468 ἔλαϐεςδ
3400 401 3510 458 τῶν
3539 401 3764 475 εἰρημέ-

2196 510 2304 547 νων
2332 494 2433 567 τὴν
2458 494 2749 562 ἀπόδειξιν.
2773 496 2864 549 Διὸ
2888 497 2983 550 καὶ
3006 498 3035 549 6
3062 497 3345 568 προφήτης
3372 495 3535 551 Δαυῖδ
3556 496 3765 565 ἔλεγεν⁸

2207 585 2586 650 Ἐπίστευσα,
2627 586 2720 642 διὸ
2764 588 3061 663 ἐλάλησα.
3109 589 3218 642 Καὶ
3243 591 3273 643 6
3302 588 3513 652 Παῦλος
3538 589 3767 654 είκότως

2193 677 2581 749 ἐπιλαϐόμενος
2607 680 2706 749 τῆς
2740 682 2948 752 ρήσεως
2973 680 3197 751 ταύτης,
3223 681 3317 735 ἐπὶ
3343 681 3565 753 μείζονα
3593 682 3766 756 αὐτὴν

2192 768 2408 823 εῑλκυσε
2458 767 2757 840 πράγματα
2813 768 2986 839 λέγων
3003 785 3017 800 ·
3056 770 3340 839 Ἔχοντες
3379 769 3451 849 ιξὲ
3497 770 3565 824 τὸ
3612 771 3760 825 αὐτὸ

2192 860 2434 929 Πνεῦμα
2449 858 2561 929 τῆς
2587 860 2866 927 πίστεως,
2888 860 3040 916 κατὰ
3066 861 3134 917 τό
3163 861 3590 932 τετραμμένον,
3608 863 3767 916 Ἐ’πί-

2192 967 2448 1015 στευσα,
2474 952 2568 1007 διὸ
2596 953 2695 1007 καί
2722 953 3019 1022 ἐλάλησα·
3050 955 3150 1009 καί
3175 955 3348 1026 ἡμεῖς
3379 958 3764 1026 πιστεύομεν,

2191 1047 2286 1101 διὸ
2309 1047 2406 1102 καί
2426 1048 2752 1117 λαλοῦμεν.
2775 1048 2840 1102 ει
2870 1048 2980 1119 γὰρ
3005 1048 3075 1102 τὰ
3106 1047 3310 1103 παλαιά
3336 1049 3572 1114 πίστεως
3602 1050 3767 1122 ἔχρη-

2192 1134 2276 1201 ζε,
2306 1134 2555 1190 τοσοῦτον
2583 1134 2854 1205 ἀπέχοντα
2885 1134 2996 1191 τῶν
3028 1137 3087 1191 ἐν
3112 1139 3179 1208 τῇ
3215 1138 3417 1210 Καινῇ,
3446 1137 3573 1192 ὅσον
3616 1139 3651 1209 ἡ
3689 1139 3775 1208 γῆ

2192 1227 2300 1283 τῶν
2327 1227 2590 1299 οὐρανῶν,
2643 1226 2824 1298 πολλῷ
2874 1227 3071 1299 μῶλον
3119 1228 3154 1299 η
3196 1226 3307 1283 τῶν
3337 1227 3513 1293 οῦτως
3544 1228 3767 1300 ὑψηλῶν

2192 1321 2479 1391 δογμάτων
2503 1320 2706 1390 γνῶσις
2750 1322 2846 1376 καὶ
2890 1321 3013 1377 οὐδὲ
3057 1321 3139 1386 εἰς
3182 1320 3309 1377 νοῦν
3351 1321 3615 1378 ἐλθόντων
3652 1322 3767 1378 τινί

2193 1429 2345 1467 ποτε.
2372 1413 2551 1484 Ὅπερ
2586 1408 2678 1467 οὖν
2708 1413 2801 1467 καὶ
2823 1412 2984 1487 αὑτὸς
3009 1412 3186 1485 δηλῶν
3210 1412 3394 1483 ἔλεγεν
3411 1416 3500 1469 ’Ἃ
3537 1414 3767 1484 ὀφθαλ-

2186 1503 2305 1574 μὸς
2322 1506 2435 1559 οὐκ
2458 1500 2638 1570 εἶδεν,
2675 1504 2774 1560 καί
2797 1500 2908 1572 οὖς
2926 1507 3038 1561 σὺκ
3075 1504 3326 1575 ἤκουσε,
3364 1504 3465 1560 καί
3495 1504 3596 1560 ἐπὶ
3626 1524 3769 1576 καρα-

2192 1591 2330 1647 ὂίαν
2343 1592 2655 1661 ἀνθρώπου
2671 1596 2782 1649 οὐκ
2802 1594 3008 1663 ἀνέϐη,
3025 1594 3064 1649 d
3082 1595 3413 1665 ἡτοίμασεν
3430 1598 3464 1651 ό
3479 1595 3624 1664 Θεὸς
3641 1597 3768 1665 τοῖς

2192 1680 2505 1753 ἀγαπῶσιν
2527 1683 2732 1738 αὐτόν.
2754 1684 2864 1739 Καὶ
2890 1684 3216 1753 προσέθετο
3247 1685 3462 1755 Κύριος
3494 1686 3767 1758 λαλῆσαι

2191 1773 2274 1840 τῷ
2305 1772 2487 1843 Ἄχαζ
2509 1774 2732 1844 λέγων’
2760 1776 3015 1844 Αῑτησαι
3059 1776 3296 1844 σεαυτῷ
3331 1777 3584 1848 σημεῖον
3606 1780 3769 1849 παρὰ

2192 1867 2413 1934 Κυρίου
2434 1866 2544 1921 τοῦ
2575 1868 2722 1922 Θεοῦ
2756 1883 2895 1935 σου,
2939 1871 3027 1935 είς
3051 1869 3244 1936 ,βάθος
3272 1869 3310 1938 ἢ
3335 1872 3422 1937 είς
3440 1871 3617 1941 ὕψος.
3653 1871 3767 1929 Καὶ

2192 1954 2360 2013 εἶπεν
2384 1958 2585 2028 Ἄχαζ·
2611 1962 2693 2015 οὐ
2710 1961 2797 2031 μὴ
2822 1961 3068 2031 αἰτήσω,
3092 1962 3236 2017 οὐδὲ
3251 1963 3338 2034 μὴ
3361 1964 3625 2034 πειράσω
3648 1968 3768 2023 Κύ-

2184 2067 2341 2118 ριον.
2394 2051 2504 2108 Καὶ
2546 2052 2716 2107 εἷπεν
2765 2054 3003 2121 Ἡσαΐας
3020 2071 3035 2087 ·
3094 2056 3418 2111 Ἀκούσατε
3451 2056 3560 2127 δὴ,
3600 2054 3769 2127 οῖκος

2192 2142 2373 2197 Δαυϊό
2391 2159 2405 2175 ο
2442 2144 2539 2212 Μὴ
2566 2144 2782 2214 μικρὸν
2812 2146 2975 2216 ὑμῖν,
2999 2146 3206 2218 ἀγῶνα
3238 2148 3521 2218 παρέχειν
3545 2149 3769 2220 ἀνθρώ-

2192 2246 2330 2297 ποις
2346 2249 2365 2297 ;
2383 2232 2494 2286 Καὶ
2520 2231 2647 2300 πῶς
2670 2234 2865 2302 Κυρίῳ
2886 2234 3175 2305 παρέχετε
3198 2235 3435 2305 ἀγῶνα;
3459 2236 3563 2292 Διά
3590 2237 3769 2294 τοῦτο

2192 2319 2372 2375 δώσει
2405 2320 2621 2390 Κύριος
2659 2322 2842 2391 αὐτὸς
2867 2324 3012 2394 ὑμῖν
3043 2326 3317 2396 σημεῖον.
3355 2327 3499 2382 Ἰδοὺ
3536 2327 3576 2396 ἡ
3618 2345 3768 2398 παρ’

2193 2412 2367 2481 θένος
2411 2413 2483 2468 ἐν
2516 2416 2726 2485 γαστρί
2761 2416 3041 2487 λήψεται,
3083 2421 3183 2475 καί
3220 2420 3449 2487 τέξεται
3485 2424 3638 2489 υιὸν,
3667 2425 3769 2479 καί

2194 2505 2526 2563 καλέσουσι
2566 2507 2634 2561 τὸ
2676 2508 2865 2579 ὄνομα
2905 2510 3094 2566 αὐτοῦ
3142 2513 3539 2584 Ἐμμανουήλ.
3589 2516 3767 2589 Πολλὴ

2192 2595 2287 2650 τοῦ
2314 2596 2448 2651 Θεοῦ
2490 2600 2894 2668 συγκατάϐασις
2912 2641 2928 2667 ,
2975 2603 3069 2656 καὶ
3104 2602 3198 2658 τοῦ
3236 2604 3498 2675 βασιλέως
3536 2609 3571 2680 ἡ
3597 2608 3771 2677 άγνωα

2196 2689 2422 2761 μοσύνη.
2457 2692 2604 2746 Ἔδει
2635 2693 2733 2764 μὲν
2758 2693 2867 2765 γὰρ
2892 2694 3056 2749 αὑτὸν
3092 2696 3400 2753 ἀκούσαντα
3431 2699 3526 2754 τοῦ
3556 2703 3768 2774 προφη-

2192 2800 2309 2849 του,
2341 2784 2505 2856 μηδὲν
2534 2785 2892 2857 ἀμφιϐάλλειν
2929 2788 3057 2859 περὶ
3089 2787 3197 2841 τῶν
3237 2790 3541 2863 εἰρημένων
3561 2808 3574 2821 ·
3624 2795 3673 2848 εἰ
3709 2793 3769 2848 δὲ

2194 2876 2287 2929 καὶ
2310 2875 2643 2946 ἀμφέϐαλλε,
2666 2876 2768 2931 κᾶν
2790 2877 3014 2949 σημεῖον
3036 2879 3266 2936 λαϐόντα
3300 2883 3607 2950 πιστεῦσαι,
3627 2885 3768 2957 ὅπερ

2194 2967 2381 3022 πολλοὶ
2409 2968 2518 3022 τῶν
2557 2968 2708 3041 παρά
2744 2970 3018 3035 Ἰουδαίοις
3051 2973 3407 3044 πεποιήκασι.
3445 2977 3555 3029 Καὶ
3588 2976 3698 3051 γάρ
3733 2978 3766 3031 6

2193 3058 2345 3123 Θεὸς,
2363 3059 2740 3132 φιλάνθρωπος
2759 3061 2855 3127 ὣν,
2886 3062 3007 3117 οὑδέ
3031 3064 3187 3118 τοῦτο
3212 3068 3565 3139 παρῃτήσατο
3586 3086 3771 3141 παραυ

2195 3152 2342 3220 σχεῖν
2372 3150 2631 3216 πολλάκις
2659 3155 2771 3217 τοῖς
2812 3154 3141 3226 παχυτέροις
3185 3155 3279 3210 καὶ
3316 3159 3494 3229 χαμαὶ
3531 3159 3771 3232 συρομέ-

2193 3256 2327 3303 νοις,
2378 3240 2473 3295 καί
2499 3244 2566 3314 τῇ
2600 3245 2670 3315 γῇ
2720 3244 3182 3318 προσηλωμένοις,
3230 3244 3345 3302 οἷον
3380 3249 3637 3322 ἐποίησεν
3671 3252 3770 3307 ἐπὶ

2192 3332 2285 3387 τοῦ
2314 3332 2537 3390 Γεδεών.
2581 3336 2797 3409 Ἐπειδὴ
2832 3336 2942 3409 γὰρ
2988 3336 3206 3393 πάντων
3247 3340 3670 3415 καταδεέστερος
3696 3339 3770 3415 ἦν

2193 3426 2289 3481 καὶ
2319 3426 2663 3498 παχύτατος,
2692 3429 2796 3500 ὅρα
2838 3429 2942 3485 ποῦ
2986 3432 3303 3488 καταϐαίνει
3344 3433 3508 3488 πάλιν
3538 3434 3568 3487 6
3608 3435 3761 3500 Θεός.

2193 3517 2366 3582 Δύτδς
2399 3518 2561 3572 αὑτὸν
2605 3520 2914 3589 ἐφέλκεται,
2958 3523 3052 3577 καί⁵
3079 3523 3375 3595 προτρέπει
3404 3525 3541 3597 πρὸς
3582 3526 3643 3581 τὸ
3675 3545 3769 3598 ση-

2197 3612 2346 3680 μεῖον
2376 3611 2595 3681 αἰτῆσαι
2615 3627 2631 3643 ·
2662 3611 2839 3667 καίτοι
2887 3628 2950 3682 γε
2974 3613 3094 3668 οὐδὲ
3130 3616 3325 3688 μικρὸν
3349 3614 3505 3672 τοῦτο
3541 3619 3767 3689 σημεῖον

2192 3697 2281 3772 ἦν,
2313 3700 2377 3756 τδ
2427 3701 2648 3771 ἐλέγξαι
2679 3701 2847 3757 αὑτοῦ
2878 3704 2947 3759 τά
2990 3706 3298 3779 ἀπόρρητα,
3343 3710 3436 3762 καὶ⁵
3476 3710 3557 3775 εἰς
3598 3709 3768 3781 μέσον

2201 3794 2428 3863 ἀγαγεῖν
2449 3794 2612 3848 αὑτοῦ
2639 3794 2738 3866 τὴν
2766 3794 2993 3868 γνώμην
3022 3797 3262 3865 ἃπασαν,
3288 3800 3383 3854 καὶ
3413 3800 3511 3873 τὴν
3535 3801 3765 3873 ὑπόκρι-

2194 3896 2278 3934 σιν
2323 3880 2588 3950 διελέγξαι
2620 3883 2819 3937 πᾶσαν.
2862 3883 3078 3957 Ἐπειδὴ
3120 3886 3229 3958 γάρ
3257 3890 3287 3943 6
3332 3890 3432 3959 μὲν
3474 3892 3764 3963 προφήτης

2192 3968 2366 4038 εἶπεν,
2413 3974 2667 4043 Αἷτησαι
2705 3975 2941 4042 σεαυτῷ
2983 3978 3265 4049 σημεῖον,
3312 3982 3519 4047 ἐκεῖνος
3562 3983 3620 4037 δέ
3667 3983 3766 4037 τὸν

2192 4066 2394 4139 σφόδρα
2418 4068 2609 4121 πιστὸν
2637 4068 3081 4141 ὑποκρινόμενος,
3112 4070 3316 4142 ἔλεγεν,
3354 4076 3437 4129 Οὐ
3464 4074 3552 4145 μὴ
3596 4077 3765 4144 σιτή-

2191 4173 2299 4225 σω,
2324 4157 2467 4213 οὐδὲ
2485 4158 2571 4229 μὴ
2592 4159 2852 4228 πειράσω
2872 4161 3110 4229 Κύριον,
3129 4163 3231 4235 ὅρα
3254 4163 3371 4228 πῶς
3398 4166 3537 4237 μετά
3558 4168 3763 4240 πολλῆς

2190 4249 2289 4318 τῆς
2320 4248 2674 4320 σφοδρότητος
2708 4248 2822 4322 [80]
2849 4251 3045 4320 ἐπάγει
3071 4253 3172 4325 τὴν
3192 4254 3365 4327 τομὴν
3392 4258 3422 4310 ό
3450 4260 3761 4330 προφήτης.

2190 4340 2412 4405 εἰκότως
2437 4340 2573 4412 μετά
2597 4341 2697 4412 τὴν
2728 4343 3000 4410 ἀπόδειξιν
3022 4346 3121 4417 τῆς
3147 4347 3492 4419 ὑποκρίσεως
3527 4353 3763 4425 βαρυτέ-

2194 4445 2292 4499 ραν
2318 4430 2634 4501 ποιούμενος
2659 4431 2758 4504 τὴν
2784 4434 3141 4506 κατηγορίαν.
3161 4436 3258 4491 Διά
3280 4438 3344 4511 δὴ
3366 4440 3525 4496 τοῦτο
3552 4445 3762 4501 ἐκεῖνον

2193 4522 2292 4591 μὲν
2321 4521 2442 4576 οὑδέ
2471 4522 2815 4595 ἀποκρίσεως
2844 4524 3017 4591 ἀξιοῖ,
3050 4528 3185 4600 πρὸς
3216 4529 3273 4583 δὲ
3295 4530 3388 4586 τὸν
3417 4533 3587 4606 δῆμον
3621 4537 3759 4592 ἀπο-

2134 4634 2135 4637 η
2190 4613 2477 4685 στρέφεται
2503 4614 2674 4683 λέγων
2691 4633 2706 4649 ο
2740 4615 3084 4686 Ἀκούσατε,
3108 4616 3272 4689 οἰκος
3298 4624 3478 4679 Δαυΐδ
3495 4642 3511 4657 °
3544 4627 3641 4696 Μὴ
3657 4647 3757 4698 μι-

2188 4704 2337 4773 κρὸν
2365 4704 2527 4776 ὑμῖν,
2557 4705 2757 4777 ἀγῶνα
2797 4709 3082 4779 παρέχειν
3102 4712 3470 4782 ἀνθρώποις
3494 4717 3605 4772 Καὶ
3632 4718 3760 4786 πῶς

2186 4796 2382 4863 Κυρίῳ
2419 4796 2709 4866 παρέχετε
2763 4798 3003 4869 ἀγῶνα;
3057 4802 3289 4873 ’Δσαφές
3322 4806 3385 4860 τὸ
3432 4809 3755 4880 εἰρημένονο

2186 4887 2269 4941 6:6
2299 4887 2363 4960 δὴ
2392 4888 2473 4942 δεῖ
2495 4888 2591 4961 τὴν
2622 4891 2779 4961 ῥῆσιν
2798 4902 2822 4932 α
2855 4892 3154 4959 ἀναπτύξαι
3188 4896 3329 4967 μετά
3354 4898 3656 4973 ἀκριϐείας.
3688 4902 3758 4957 '0

2186 4979 2295 5053 γὰρ
2342 4981 2526 5050 λέγει,
2566 4981 2724 5035 τοῦτό
2777 4983 2924 5037 ἐστι’
2967 4984 3058 5058 Μὴ
3108 4987 3216 5058 γὰρ
3265 4988 3375 5060 ἐμά
3421 4991 3491 5045 τά
3536 4992 3759 5064 ῥήματά

2187 5073 2337 5138 ἐστις
2375 5072 2451 5145 μὴ
2488 5073 2597 5144 γὰρ
2639 5074 2747 5145 ἐμὴ
2790 5076 2826 5145 ἠ
2874 5076 3184 5148 ἀπόφασις;
3232 5080 3296 5135 Εἰ
3344 5081 3403 5137 66
3445 5084 3758 5156 ἀνθρώποις

2185 5163 2432 5219 ἀπιστεῖν
2454 5162 2639 5228 ἁπλῶς
2658 5166 2753 5219 καὶ
2780 5166 2906 5220 ἄνευ
2925 5168 3084 5237 λόγου
3108 5169 3247 5242 βαρὺ
3275 5172 3368 5227 καὶ
3394 5174 3757 5248 ἐγκλημάτων

2186 5256 2353 5322 ἀξιον,
2368 5257 2545 5329 πολλῷ
2559 5258 2757 5329 μᾶλλον
2773 5259 2909 5331 Θεῷ.
2926 5261 3000 5315 T6
3013 5258 3105 5317 οῦν
3123 5263 3308 5332 ἀγῶνα
3322 5266 3575 5338 παρέχειν
3599 5269 3759 5327 οὐδὲν

2186 5349 2371 5421 ἕτερόν
2396 5351 2563 5415 ἐστιν,
2590 5351 2911 5422 ἢάπιστεῖν.
2929 5355 3101 5410 Τοῦτο
3125 5354 3237 5422 οὖν,
3270 5358 3423 5429 φησὶ,
3456 5361 3530 5432 μὴ
3558 5365 3757 5436 μικρόν

2186 5443 2334 5494 ἐστιν
2354 5439 2607 5512 ἔγκλημα
2626 5458 2641 5507 ;
2674 5441 2748 5514 μὴ
2771 5445 2805 5514 η
2828 5445 3063 5516 τυχοῦσα
3090 5449 3392 5521 κατηγορία
3414 5452 3526 5515 τοῖς
3542 5452 3756 5526 ἀνθρὼ-

2185 5549 2307 5595 ποις
2321 5532 2590 5603 ἀπιστείν;
2612 5532 2675 5586 Εἰ
2694 5533 2751 5587 δέ
2765 5535 2922 5589 τοῦτο
2939 5536 3100 5609 βαρὺ,
3115 5538 3292 5617 πολλῷ
3308 5539 3508 5611 μᾶλλον
3519 5542 3597 5615 τῷ
3612 5544 3755 5617 Θεῷ.

2246 5642 2276 5683 b
2310 5643 2455 5717 ιδυυι
2472 5645 2680 5717 Δίὶοῃιιε
2697 5653 2813 5717 ειιιε
2834 5652 2992 5717 πᾶσαν
3012 5650 3376 5717 ἐλαδις-ειίιιυίό
3394 5654 3594 5717 deesse,
3615 5671 3754 5709 nem-

2184 5719 2249 5767 pe
2270 5706 2528 5775 πίστευσον
2536 5707 2686 5775 ’μόνον
2704 5710 2814 5775 με,
2840 5712 2917 5760 vel
2949 5712 3065 5775 quid
3086 5706 3402 5764 simile.'Sed
3428 5706 3750 5772 θιιειιὶιίοῖὂ-

2185 5769 2591 5849 21111633}ng
2600 5768 2980 5849 :fklitamenlo'
3002 5780 3134 5827 sure
3155 5788 3321 5839 posse.
3346 5778 3455 5831 I01
3476 5782 3525 5833 in
3546 5768 3754 5849 Rei—6:

2186 5830 2335 5882 savii.
2359 5831 2511 5888 ἔλεγεν
2531 5830 2693 5879 deest.

2252 5896 2273 5922 ε
2296 5890 2418 5956 Reg.
2444 5893 2517 5942 διὸ
2536 5892 2605 5943 δεῖ
2626 5893 2710 5952 τὴν
2731 5894 2883 5956 ῥῆσιν.
