4102 6306
276 282 332 342 BI
1497 287 1565 346 IN
1603 289 1853 357 ISAIAM,
1891 291 2041 350 CAP.
2086 291 2195 349 VII.
3498 304 3567 359 8‘!

280 393 528 467 Epiri-sim
558 393 852 461 Somaron,
887 408 938 455 et
967 411 1120 472 caput
1145 401 1396 457 Somaron
1429 404 1567 472 ﬁlius
1609 405 1871 460 Romanis.

277 485 342 539 Et
377 487 422 540 si
451 503 552 540 non
593 488 955 559 credideritis,
1001 509 1103 547 non
1149 494 1455 564 intelligetis.
1505 495 1709 549 Rursus
1751 511 1876 566 pro-

275 576 430 646 pheta
461 591 716 646 magnum
744 582 1048 651 prophetiae
1080 596 1448 654 argumentum
1473 584 1708 641 exhibet.
1741 587 1874 655 Quia

272 669 414 723 enim
468 669 632 724 timor
681 671 807 726 illos
849 675 1193 744 exagitabat,
1237 683 1293 730 et
1338 686 1462 732 ante
1505 678 1687 732 oculos
1736 680 1872 732 mala

273 768 460 821 erant.
496 761 642 816 bona
682 772 864 819 autem
906 765 960 820 in
993 780 1113 836 spe,
1154 769 1712 838 exspectationemque
1755 784 1875 824 om-

271 867 392 904 nem
437 855 779 922 superantia,
832 871 932 911 nec
973 858 1104 912 Satis
1141 858 1341 914 creduli
1385 868 1540 915 erant
1580 861 1870 927 auditores,

268 943 391 997 vide
437 945 568 1014 quid
607 945 790 1002 faciat.
821 948 923 1004 Dat
947 949 1159 1019 signum
1200 951 1488 1006 maximum
1531 967 1716 1007 eorum
1753 967 1874 1022 quae

268 1047 534 1090 eventum
557 1047 738 1101 erant,
759 1039 982 1093 consilia
1005 1040 1234 1095 hostium
1257 1042 1310 1096 in
1329 1043 1560 1097 medium
1579 1042 1870 1100 adducens.

273 1125 480 1181 Eorum
514 1143 750 1199 namque
776 1132 1014 1184 animum
1044 1134 1236 1202 aperit,
1263 1149 1371 1203 quo
1399 1133 1529 1189 moti
1557 1135 1742 1190 urbem
1771 1151 1872 1206 op-

275 1218 613 1288 pugnabant,
645 1230 702 1276 et
748 1223 874 1290 quid
906 1231 1090 1279 mutuo
1125 1225 1414 1296 colloquuti
1445 1237 1653 1291 essent,
1687 1239 1741 1283 et
1765 1245 1872 1300 quo

274 1323 434 1382 pacto
474 1313 612 1368 inito
677 1314 957 1381 redierint,
1006 1318 1341 1387 ostenditque
1383 1329 1474 1374 aut
1517 1321 1869 1390 proditionem

274 1417 393 1456 esse
415 1403 465 1457 id
489 1404 634 1472 quod
655 1407 912 1475 agebatur
933 1406 1238 1479 (Colloquuti
1269 1410 1433 1475 enim,
1460 1421 1650 1476 mutuo,
1679 1413 1866 1484 inquit,

276 1513 388 1549 cum
419 1501 567 1566 ipsir,
591 1516 677 1552 eos
707 1509 984 1554 avet-tentus
1005 1502 1074 1554 ad
1094 1502 1237 1569 nos);
1264 1512 1356 1557 aut
1384 1505 1546 1558 multa
1567 1507 1866 1576 arrogantia

277 1589 418 1656 ipsos
469 1589 658 1647 ebrios
708 1606 867 1656 esse,
928 1592 1293 1649 existimantes
1344 1610 1411 1650 ne
1450 1597 1612 1650 armis
1653 1597 1865 1666 quidem

278 1681 404 1750 ipsis
433 1695 555 1735 esse
580 1696 742 1748 opus,
776 1699 948 1753 neque
972 1685 1088 1741 acie
1114 1696 1166 1740 et
1192 1685 1460 1750 conﬂictu.
1485 1698 1544 1741 ut
1571 1688 1757 1743 urbem
1778 1705 1868 1744 ca-

281 1782 487 1840 perent.
513 1772 664 1827 Satis
685 1782 804 1840 est,
834 1775 1078 1844 inquiunt
1110 1817 1127 1843 ,
1157 1777 1274 1830 siin
1305 1789 1654 1848 conspectum
1680 1781 1862 1834 venia-

279 1880 391 1918 mus
446 1873 502 1920 et
558 1866 981 1936 colloquantur,
1023 1876 1076 1922 et
1128 1884 1315 1924 omnes
1383 1871 1439 1925 in
1496 1872 1864 1941 captivitatem

279 1955 601 2011 abducentes
626 1957 987 2014 discedemus.
1012 1960 1232 2027 Deinde,
1262 1970 1317 2015 ut
1339 1963 1513 2016 solent
1531 1973 1863 2034 arrogantes,

280 2046 370 2102 hac
395 2063 492 2117 spe
518 2047 692 2103 inﬂati
720 2049 788 2105 de
825 2065 950 2120 rege
976 2053 1348 2108 constituendo
1373 2055 1652 2109 consilium
1685 2056 1866 2112 ineunt

279 2141 419 2208 quasi
442 2141 555 2209 jam
582 2153 744 2212 capta
772 2143 904 2198 urbe
927 2184 943 2209 ,
976 2155 1030 2200 et
1057 2161 1215 2216 quem
1247 2157 1490 2217 oporteat
1517 2149 1569 2202 in
1598 2158 1866 2219 metropo-

280 2234 361 2286 lim
390 2250 574 2304 regem
595 2237 932 2292 constituere
959 2239 1278 2294 consultant.
1327 2241 1404 2295 Eo
1436 2242 1488 2295 in
1520 2250 1660 2296 statu
1693 2259 1779 2297 res
1801 2244 1865 2298 il-

280 2325 443 2379 lorum
475 2337 657 2393 erant,
688 2329 860 2398 inquit
883 2347 899 2386 :
922 2346 1040 2399 quae
1069 2347 1196 2386 vero
1227 2333 1362 2386 Deus
1389 2333 1710 2389 moliebatur
1751 2336 1866 2391 lucc

279 2419 446 2492 omnj-a
474 2419 543 2474 de
571 2421 758 2474 medio
789 2423 1136 2477 saslulerunt.
1167 2423 1370 2480 Idcirco
1395 2426 1698 2494 sulijunxit:
1733 2426 1860 2481 Htec

281 2510 390 2562 dicit
417 2502 672 2565 Dominus
701 2529 719 2576 ;
749 2527 923 2582 neque
951 2514 1035 2567 hic
1061 2515 1226 2581 stetit,
1257 2515 1348 2570 sed
1374 2516 1587 2586 adjecit,
1613 2516 1862 2573 Sabaoth.

282 2601 404 2655 Cum
427 2604 571 2656 enim
595 2603 778 2672 magni
812 2603 1082 2673 quidpiam
1105 2607 1514 2662 annuntiaturus
1535 2617 1637 2676 est,
1669 2618 1860 2678 poten-

286 2695 403 2748 tiam
434 2695 524 2749 Dei
553 2705 849 2758 memorat,
875 2713 1164 2765 supernum
1188 2715 1377 2769 nempe
1407 2715 1628 2770 regnum
1657 2744 1672 2766 ,
1702 2711 1864 2772 atque

284 2787 550 2854 imperium
584 2787 718 2842 illud
756 2803 1010 2857 magnum
1037 2805 1098 2844 ac
1137 2792 1474 2858 stupendum.
1504 2793 1641 2860 Quid
1687 2795 1864 2862 itaque

285 2881 350 2929 ait
371 2879 551 2933 Deus?
581 2878 635 2932 Ν
641 2897 708 2932 on
748 2881 970 2933 nianebit
1007 2883 1271 2936 consilium
1300 2883 1392 2936 hoc
1415 2902 1572 2955 neque
1611 2887 1704 2940 erit
1729 2903 1748 2940 :
1771 2887 1862 2941 sed

282 2981 427 3037 caput
460 2971 618 3023 Aram
650 2970 957 3025 Damascus.
989 2972 1270 3041 Imperium
1293 2975 1407 3044 ejus
1437 3016 1452 3039 ,
1485 2977 1556 3028 ait
1587 3017 1602 3040 ,
1628 2986 1862 3044 potestas

283 3063 415 3130 ejus,
439 3063 488 3116 in
512 3064 775 3118 Damasco
803 3064 966 3118 stabit
1007 3107 1020 3129 ,
1057 3082 1156 3121 nec
1188 3067 1321 3120 ultra
1353 3068 1736 3137 progredietur.
1792 3069 1861 3124 Et

278 3167 429 3224 caput
465 3156 695 3211 Damasci
720 3158 903 3212 Rasin.
968 3159 1029 3212 Et
1080 3160 1322 3229 princeps
1353 3161 1591 3216 Damasci
1623 3203 1639 3226 ,
1670 3162 1858 3232 inquit,

281 3258 444 3317 atque
472 3248 763 3304 dominator
789 3250 954 3305 Rasin
989 3250 1091 3305 erit
1123 3268 1138 3315 ;
1185 3250 1236 3304 id
1276 3259 1392 3318 est,
1427 3252 1496 3306 ‘in
1539 3253 1604 3307 iis
1643 3269 1763 3323 quae
1792 3254 1860 3309 ad

283 3339 461 3407 ipsum
481 3341 737 3408 pertinent
757 3341 1013 3407 manebit,
1037 3356 1100 3396 ac
1121 3342 1372 3412 majorem
1387 3343 1486 3398 sibi
1515 3358 1621 3397 non
1646 3343 1860 3413 adjiciet

285 3431 602 3498 potentiam.
640 3429 699 3483 Et
725 3433 887 3486 adhuc
907 3433 1176 3503 sexaginta
1197 3444 1244 3487 et
1268 3436 1486 3505 quinque
1511 3435 1655 3503 anni,
1687 3446 1740 3490 et
1767 3436 1857 3490 dco

285 3522 427 3589 fidet
451 3539 652 3592 regnum
675 3522 915 3593 Ephraim
940 3542 972 3578 a
993 3526 1203 3595 papula.

363 3617 418 3671 4.
447 3617 662 3672 Maxima
683 3620 916 3674 veritatis
944 3620 1353 3678 demonstratio.
1386 3621 1597 3692 quando
1618 3629 1858 3692 tempora

287 3707 574 3776 praedicunt
593 3709 891 3779 prophetar,
919 3725 1106 3764 ansam
1141 3711 1436 3781 prmbentes
1461 3713 1527 3767 iis
1554 3713 1642 3782 qui
1671 3714 1858 3770 volunt

286 3800 587 3869 explorandi
633 3817 753 3857 cum
801 3802 1140 3858 accuratione
1187 3804 1290 3858 vim
1344 3806 1656 3875 prophetiae.
1705 3805 1856 3861 Nunc

286 3892 448 3956 enim,
479 3892 681 3962 inquit,
729 3893 1018 3948 abscedent
1045 3894 1112 3950 ab
1138 3893 1298 3960 urbe;
1343 3895 1435 3950 sed
1478 3905 1594 3965 post
1623 3896 1856 3966 quinque

289 3993 338 4037 et
361 3986 626 4054 sexaginta
658 4001 829 4040 annos
861 3987 1104 4042 universa
1134 4002 1265 4058 gens
1291 3987 1515 4057 peribit,
1553 3998 1607 4043 et
1634 4005 1854 4059 regnum

292 4074 434 4130 Israel
453 4077 518 4132 de
545 4077 724 4133 medio
753 4077 998 4143 tolletur;
1026 4078 1094 4133 ab
1117 4078 1358 4134 hostibus
1383 4080 1660 4149 intercepti
1687 4079 1857 4134 abdu-

293 4178 461 4223 centur
489 4184 700 4224 omnes.
732 4169 884 4224 Nunc
909 4178 1056 4226 certe
1101 4179 1223 4225 ante
1249 4171 1512 4225 excidium
1566 4171 1692 4226 illud
1722 4172 1852 4226 nihil

297 4261 395 4329 plus
436 4261 740 4329 habebunt,
772 4277 928 4332 quam
969 4277 1030 4317 ea
1057 4277 1176 4332 qua:
1201 4276 1295 4316 sua
1338 4271 1483 4317 sunt.
1518 4262 1582 4317 Ut
1607 4277 1676 4318 ne
1710 4262 1852 4317 enim

296 4367 372 4407 rex
398 4354 617 4410 audiens
648 4369 742 4409 eos
771 4363 890 4424 post
923 4354 1193 4424 sexaginta
1233 4351 1465 4423 quinque
1503 4368 1670 4408 annos
1726 4369 1851 4423 per-

297 4445 442 4503 ituros
461 4462 604 4510 esse,
625 4446 766 4518 apud
787 4462 846 4502 se
865 4445 1068 4502 diceret
1087 4461 1102 4502 :
1133 4445 1266 4512 Quid
1299 4445 1486 4515 igitur?
1505 4447 1850 4516 si,postquam

296 4551 374 4590 nos
399 4555 531 4594 nunc
561 4538 834 4608 ceperint,
885 4547 1008 4592 tunc
1056 4537 1334 4608 peribunt,
1363 4553 1481 4606 quae
1532 4536 1656 4590 hinc
1699 4537 1851 4592 nobis

297 4632 502 4686 utilitas?
525 4631 785 4694 Conﬁde,
827 4631 1028 4701 inquit,
1069 4631 1228 4686 etiam
1254 4629 1318 4685 de
1345 4629 1711 4700 prasentibus.
1747 4626 1850 4683 Ca-

294 4723 474 4786 pieatur
497 4724 640 4779 enim
669 4735 796 4778 tunc
822 4722 1074 4788 Omnino;
1102 4722 1196 4777 sed
1221 4737 1359 4778 nunc
1389 4721 1516 4776 nihil
1545 4721 1663 4791 plus
1693 4720 1854 4776 habe-

293 4816 428 4885 bunt,
453 4834 613 4889 quam
643 4817 695 4872 id
719 4818 861 4889 quod
884 4817 1100 4873 habent.
1133 4817 1239 4872 Sed
1267 4817 1367 4872 erit
1386 4825 1543 4886 caput
1573 4815 1849 4885 Ephraim,

298 4904 374 4962 hoc
397 4920 470 4964 est
507 4909 696 4965 decem
729 4909 965 4964 tribuum
986 4951 1000 4970 ,
1033 4907 1268 4963 Samaria
1298 4925 1311 4960 τ
1361 4907 1430 4961 ibi
1456 4907 1596 4961 enim
1640 4907 1850 4961 illorum

299 5003 410 5071 regia
444 5013 585 5070 erat;
618 5012 674 5059 et
694 5019 804 5058 non
829 5003 1056 5056 ulterius
1085 4999 1433 5062 extendetur;
1467 5009 1520 5053 et
1547 5007 1707 5067 caput
1748 4998 1848 5052 Sa-

299 5100 438 5154 maria:
466 5116 554 5157 rex
582 5099 770 5156 Israel.
807 5096 964 5166 Quod
993 5096 1063 5150 de
1095 5096 1420 5149 Damasceno
1451 5093 1696 5156 dicebat,
1748 5092 1849 5146 hoc

299 5191 416 5247 etiam
461 5194 542 5250 hic
581 5193 890 5265 significat,
944 5204 1139 5258 nempe
1187 5187 1315 5242 nihil
1373 5187 1489 5256 plus
1537 5185 1845 5249 habituros,

297 5294 408 5349 quam
443 5301 577 5341 nunc
617 5285 923 5340 haberent.
977 5276 1217 5344 Deinde,
1268 5277 1388 5346 quia
1431 5275 1593 5330 verba
1641 5274 1850 5329 dixerat

285 5370 513 5434 humanam
541 5379 820 5434 rationem
873 5371 1194 5440 superantia
1215 5409 1230 5435 ,
1261 5377 1315 5422 et
1351 5367 1593 5438 quamvis
1632 5364 1846 5420 ratioci-

271 5470 490 5528 nationem
521 5473 725 5529 seriem
771 5462 1147 5526 excedentia,
1173 5476 1290 5515 cum
1322 5460 1372 5514 id
1407 5459 1546 5529 quod
1572 5459 1847 5514 dicebatur

261 5565 487 5635 prophetia
512 5573 697 5629 esset,
725 5561 869 5632 jure
901 5552 1148 5623 adjecit:
1180 5550 1294 5605 Nisi
1319 5551 1652 5615 credideritis,
1687 5565 1846 5619 neque

255 5658 511 5732 intelligetis.
541 5659 622 5716 Nc
651 5665 896 5729 quaeras
917 5689 932 5714 ,
972 5645 1178 5714 inquit,
1204 5660 1307 5714 quo
1333 5642 1492 5698 modo
1532 5652 1584 5696 et
1611 5657 1714 5712 qua
1759 5657 1846 5696 ra-

252 5751 355 5812 tione
389 5755 496 5812 haec
525 5754 715 5810 futura
747 5746 880 5806 sint
919 5757 937 5797 :
971 5737 1122 5795 Deus
1159 5737 1296 5794 enim
1326 5744 1408 5792 est
1437 5735 1524 5806 qui
1555 5743 1804 5806 operatur
1824 5774 1838 5801 ,

1980 407 2200 477 solaque
2225 406 2328 462 lide
2359 422 2495 478 opus
2523 409 2615 465 tibi
2637 418 2751 476 est,
2782 419 2835 468 et
2865 412 3124 487 intelliges
3153 417 3422 486 operantis
3453 419 3564 473 viro

1981 507 2183 564 tutem;
2214 501 2724 560 demonstrationem
2763 522 2976 562 omnem
3005 524 3160 580 supra
3184 509 3444 566 dictorum
3472 528 3563 568 ac-

1980 596 2187 665 cepisti.
2216 596 2340 652 Ideo
2371 597 2534 652 David
2560 599 2816 670 prapheta
2847 601 3060 658 dicebat
3089 623 3102 658 :
3134 604 3567 680 Credidi,propter

1979 687 2116 756 quod
2141 687 2379 754 loquutus
2397 706 2508 742 sum
2534 690 2705 760 (Psal.
2735 693 2858 748 H5.
2891 694 3002 764 10).
3032 694 3098 750 Et
3125 697 3322 753 Paulus
3351 699 3447 754 hac
3475 716 3564 753 ar—

1979 786 2128 845 repta
2151 776 2402 846 dictione,
2417 795 2449 835 e
2469 795 2527 835 re
2544 782 2686 836 illam
2709 783 2775 838 ad
2806 799 2892 839 res
2908 787 3137 856 majores
3157 791 3318 844 traxit
3335 789 3521 846 dicens
3546 809 3559 844 :

1982 866 2234 923 [labentes
2263 881 2430 926 autent
2472 875 2700 928 eumdem
2731 876 2982 945 Spiritum
3025 879 3146 948 ﬁdei
3163 921 3178 944 ,
3199 885 3472 936 secundum
3509 883 3564 937 id

1976 963 2110 1030 quod
2129 963 2368 1032 scriptum
2393 975 2486 1031 est,
2515 965 2752 1033 Credidi,
2775 979 2979 1040 propter
3003 973 3138 1040 quod
3163 971 3396 1045 loquutus
3425 991 3558 1042 sum,

1977 1061 2024 1103 et
2045 1067 2134 1105 nos
2177 1055 2445 1120 credimus,
2478 1067 2684 1126 prapter
2711 1060 2846 1127 quod
2871 1071 2920 1114 et
2962 1060 3210 1133 loquimur
3237 1064 3316 1133 (Ξ.
3355 1065 3473 1119 Cor.
3502 1066 3556 1120 ι.

1978 1140 2090 1207 I5).
2113 1141 2243 1198 Nam
2270 1145 2313 1199 si
2340 1156 2520 1201 vetera
2549 1148 2654 1202 ﬁde
2693 1164 2827 1220 opus
2870 1150 3170 1214 habebant,
3203 1171 3320 1223 qua:
3353 1166 3556 1212 tantum

1974 1234 2170 1291 distant
2192 1237 2260 1292 ab
2285 1237 2348 1291 iis
2379 1255 2496 1309 quae
2523 1239 2574 1294 in
2600 1257 2736 1296 nova
2763 1243 2881 1313 lege
2905 1254 3063 1311 sunt,
3093 1259 3344 1316 quantum
3366 1252 3555 1305 cadum

1973 1342 2003 1380 a
2027 1337 2163 1383 terra
2186 1368 2201 1394 ,
2239 1330 2408 1384 multo
2451 1332 2620 1402 magis
2650 1341 2755 1388 tam
2793 1334 3098 1392 sublimium
3133 1337 3438 1408 dogmatum
3465 1359 3557 1396 cn.

1972 1421 2160 1488 gnitio,
2191 1436 2309 1490 qua:
2341 1422 2392 1476 in
2423 1424 2622 1479 nullius
2648 1441 2898 1496 umquam
2923 1438 3152 1485 mentem
3185 1443 3462 1488 venerunt.
3499 1435 3554 1490 ιιι

1972 1511 2113 1579 quod
2133 1522 2187 1566 et
2212 1512 2326 1581 ipse
2360 1513 2665 1584 signiﬁcans
2698 1518 2946 1574 dicebat:
2979 1521 3108 1589 Quae
3132 1525 3310 1578 oculus
3347 1543 3447 1580 non
3476 1529 3554 1580 ri-

1971 1604 2045 1656 dit
2065 1645 2079 1667 ,
2110 1613 2155 1658 et
2173 1607 2314 1660 auris
2342 1625 2443 1662 non
2487 1611 2709 1676 audivit,
2737 1622 2781 1664 et
2805 1613 2857 1665 in
2886 1630 2973 1668 cor
2998 1615 3216 1672 hominis
3255 1635 3354 1672 non
3378 1635 3556 1674 ascen-

1971 1698 2185 1766 derunt,
2216 1717 2328 1767 qut:
2357 1705 2661 1771 praeparavit
2684 1703 2819 1759 Deus
2841 1707 3163 1778 diligentibus
3183 1727 3237 1764 se
3265 1712 3311 1779 (I
3327 1751 3338 1761 .
3357 1711 3474 1766 Cor.
3495 1712 3550 1765 2.

1971 1790 2048 1857 9).
2083 1791 2168 1846 IO.
2202 1792 2266 1846 Et
2290 1795 2474 1864 adjecit
2505 1796 2750 1850 Dominus
2778 1799 2913 1867 loqui
2941 1800 3008 1852 ad
3031 1801 3202 1854 Actias
3221 1802 3430 1856 dicens:
3463 1805 3551 1858 ll.

1973 1881 2096 1936 Pete
2122 1885 2207 1937 tibi
2237 1885 2435 1955 signum
2454 1903 2486 1939 a
2517 1886 2734 1941 Domino
2764 1887 2869 1942 Deo
2897 1901 2984 1944 tuo
3011 1891 3062 1944 in
3083 1893 3392 1962 profundum
3413 1934 3427 1956 ,
3452 1895 3554 1948 sius

1968 1977 2020 2028 in
2038 1978 2304 2032 excelsum.
2329 1979 2414 2032 12.
2461 1978 2528 2032 Et
2572 1980 2700 2034 dixit
2740 1983 2945 2036 Achaz:
2979 1981 3098 2036 Non
3138 1993 3334 2053 petam,
3366 1997 3414 2039 et
3452 2003 3553 2041 non

1970 2072 2168 2126 tentabo
2195 2071 2493 2127 Dominum.
2547 2077 2631 2130 15.
2679 2074 2746 2129 Et
2767 2078 2893 2132 dixit
2931 2077 3144 2134 Isaias:
3175 2080 3356 2135 Audite
3396 2097 3547 2152 ergo,

1967 2163 2146 2217 domus
2184 2163 2352 2218 David
2384 2180 2403 2220 :
2431 2163 2692 2235 Numquid
2720 2184 2900 2238 parum
2940 2169 3076 2223 vobis
3103 2179 3196 2236 est,
3228 2187 3437 2241 agonem
3458 2189 3550 2226 ca:-

1969 2253 2135 2308 Itibere
2161 2254 2487 2310 hominibus?
2529 2256 2592 2309 Et
2620 2274 2710 2311 cur
2751 2257 2970 2312 Domino
3019 2260 3258 2314 cxhibetis
3299 2262 3552 2331 agonem?

1968 2344 2054 2399 H.
2090 2344 2304 2416 Propter
2333 2347 2424 2400 hoc
2445 2346 2584 2400 dabit
2610 2347 2855 2402 Dominus
2885 2351 2990 2418 ipse
3015 2351 3149 2405 vobis
3170 2353 3388 2422 signum.
3417 2351 3551 2407 Ecce

1967 2440 2106 2508 uirgo
2131 2440 2184 2493 in
2226 2449 2369 2494 utero
2407 2441 2617 2509 accipiet
2641 2451 2688 2494 et
2733 2443 2894 2512 pariet
2946 2443 3108 2511 [ilium
3139 2459 3158 2497 :
3187 2455 3233 2497 et
3263 2446 3547 2498 uocabunt‘

1967 2547 2147 2584 nomen
2172 2532 2280 2600 ejus
2311 2529 2632 2586 Emmanuel.
2673 2533 2831 2586 Multa
2862 2534 2950 2587 Dei
2979 2534 3303 2605 indulgentia
3324 2577 3339 2602 ,
3374 2536 3549 2607 ingra-

1969 2624 2202 2677 tissimus
2246 2633 2329 2678 est
2356 2624 2494 2694 regis
2531 2625 2760 2679 animus.
2789 2626 3078 2693 Oportebat
3113 2627 3259 2682 enim
3301 2643 3548 2683 eunnau-

1967 2714 2078 2768 dito
2106 2715 2362 2785 propheta
2382 2757 2396 2778 ,
2426 2714 2493 2770 de
2532 2715 2688 2770 dictis
2715 2717 2842 2771 nihil
2868 2715 3109 2771 dubitare
3139 2736 3153 2773 :
3182 2717 3324 2788 quod
3363 2719 3408 2773 si
3451 2719 3548 2774 du-

1966 2805 2199 2872 bitabat,
2239 2807 2426 2862 saltem
2468 2807 2582 2862 viso
2624 2808 2776 2877 signo
2812 2808 3031 2864 credere
3056 2851 3070 2875 ,
3111 2809 3252 2880 quod
3307 2811 3548 2882 plerique

1965 2899 2101 2968 apud
2123 2898 2335 2954 Judzeos
2382 2898 2640 2954 fecerunt.
2672 2901 2880 2955 Etenim
2935 2901 3072 2956 Deus
3117 2902 3375 2972 benignus
3421 2918 3546 2959 cum

1964 2993 2066 3059 sit,
2100 3009 2203 3047 non
2239 2994 2504 3048 recusavit
2536 3008 2679 3063 saepe
2707 2994 2856 3065 signa
2900 2995 3141 3064 prmbere
3192 2996 3544 3052 crassioribus

1963 3093 2017 3138 et
2040 3084 2184 3138 humi
2235 3086 2544 3155 repentibus
2594 3095 2854 3156 tcrrazque
2883 3086 3054 3141 afﬁxis
3100 3102 3116 3141 :
3171 3096 3228 3141 ut
3275 3087 3399 3142 fecit
3440 3089 3544 3144 Ge-

1963 3175 2121 3231 dconi
2176 3176 2273 3246 (a).
2324 3177 2458 3231 Cum
2506 3178 2646 3233 enim
2693 3178 2922 3249 (Achaz)
2973 3187 3117 3235 esset
3160 3180 3452 3250 imperitior
3489 3191 3544 3236 et

1962 3266 2247 3322 admodum
2289 3267 2469 3331 rudis,
2503 3268 2622 3324 virle
2664 3285 2769 3339 quo
2817 3271 2956 3326 Deus
2999 3286 3056 3326 se
3085 3270 3375 3326 demiserit.
3426 3270 3543 3341 Ipse

1963 3359 2108 3416 illum
2135 3361 2384 3426 attrahit,
2411 3371 2464 3417 et
2492 3362 2732 3416 hortatur
2760 3374 2818 3417 ut
2847 3363 3056 3434 signum
3087 3373 3229 3433 petat
3259 3385 3271 3420 :
3304 3366 3403 3420 etsi
3434 3380 3540 3420 non

1963 3472 2181 3528 parvum
2222 3457 2323 3514 hoc
2351 3459 2558 3529 signum
2585 3469 2700 3514 erat
2718 3500 2732 3523 ,
2759 3459 2872 3526 ejus
2903 3475 3091 3514 arcana
3120 3459 3366 3529 prodere,
3395 3460 3541 3528 ejus-

1960 3564 2065 3620 que
2107 3551 2426 3604 sententiam
2457 3559 2620 3603 totam
2652 3549 2703 3603 in
2753 3549 2988 3603 medium
3022 3550 3314 3618 producere
3334 3591 3348 3613 ,
3389 3561 3443 3604 et
3471 3551 3543 3604 si-

1961 3640 2306 3696 mulationem
2352 3641 2467 3709 ejus
2505 3655 2718 3694 onmem
2750 3639 3019 3709 detegere.
3071 3639 3202 3707 Quia
3231 3640 3373 3694 enim
3419 3655 3542 3708 pro-

1962 3730 2119 3801 pheta
2148 3730 2379 3794 dicebat,
2409 3729 2529 3783 I’ete
2549 3730 2635 3782 tibi
2653 3731 2873 3800 signum,
2901 3729 2988 3783 ille
3009 3744 3137 3783 vero
3167 3744 3225 3785 se
3253 3729 3540 3785 admodum

1959 3821 2180 3878 credere
2211 3821 2465 3875 simulans
2494 3815 3002 3889 reSpondebat,Non
3022 3828 3206 3887 petam,
3239 3829 3403 3874 etnon
3433 3830 3541 3874 ten-

1961 3913 2076 3966 tabo
2105 3910 2399 3975 Dominum,
2431 3909 2549 3965 vide
2566 3925 2686 3964 cum
2704 3916 2898 3979 quanta
2919 3907 3252 3964 vehementia
3281 3911 3537 3980 propheta

1960 4003 2251 4058 sectionem
2297 3999 2491 4071 inlligat
2515 4041 2531 4067 ,
2560 4000 2678 4069 jure
2708 4008 2828 4070 post
2851 3999 3266 4054 demonstratam
3317 4001 3538 4056 simula-

1959 4093 2155 4148 tionem
2199 4091 2408 4161 gravius
2448 4092 2712 4145 intentans
2736 4090 2958 4145 crimen.
2989 4088 3112 4144 Ideo
3154 4090 3298 4144 illum
3342 4106 3409 4146 ne
3449 4108 3536 4144 re-

1957 4186 2243 4255 sponsione
2259 4183 2468 4254 quidem
2484 4183 2750 4254 dignatur,
2773 4181 2865 4237 sed
2886 4182 2950 4237 ad
2970 4183 3221 4253 populum
3236 4199 3535 4239 sermonem

1956 4276 2218 4333 convertit
2250 4293 2262 4329 :
2294 4275 2677 4335 Audite,domus
2708 4274 2912 4328 David:
2945 4272 3208 4342 Numquid
3239 4291 3419 4343 parum
3444 4292 3532 4328 ro-

1957 4368 2030 4422 bis
2058 4377 2162 4432 est,
2203 4382 2412 4437 agonem
2454 4364 2674 4434 prwbere
2711 4362 3034 4418 hominibus?
3073 4362 3141 4416 Et
3187 4381 3277 4417 cur
3318 4363 3535 4418 Domino

1954 4477 2163 4531 agonem
2191 4459 2456 4527 prwbctis?
2482 4456 2776 4512 Obscurum
2802 4466 2884 4511 est
2909 4456 2962 4510 id
2990 4456 3130 4526 quod
3153 4456 3346 4511 dicitur
3373 4473 3386 4510 :
3415 4458 3536 4510 ideo

1953 4551 2153 4607 dictum
2177 4551 2311 4605 illud
2359 4557 2607 4604 accurate
2636 4562 2717 4603 est
2765 4547 3160 4617 explicandum.
3194 4548 3346 4615 Quod
3392 4549 3535 4603 enim

1952 4645 2108 4708 dicit,
2135 4644 2236 4698 hoc
2259 4655 2341 4698 est
2373 4659 2387 4698 :
2411 4641 2545 4696 Num
2576 4656 2693 4696 mea
2721 4641 2881 4696 verba
2909 4640 3071 4696 sunt?
3100 4656 3225 4694 num
3253 4655 3370 4694 mea
3408 4656 3535 4695 sen-

1956 4736 2154 4792 tentia?
2192 4735 2247 4791 Si
2285 4741 2462 4790 autem
2508 4734 2811 4788 hominibus
2837 4747 2941 4787 non
2985 4732 3205 4787 credere
3231 4732 3347 4786 sine
3376 4746 3534 4786 causa

1952 4845 2110 4899 grave
2136 4837 2190 4883 et
2212 4827 2583 4883 criminatione
2624 4826 2841 4896 dignum
2869 4834 2982 4890 est,
3011 4825 3176 4878 multo
3202 4824 3368 4894 magis
3399 4822 3529 4877 Deo.

1953 4924 2086 4980 Illud
2118 4925 2297 4994 igitur,
2324 4936 2550 4992 agonem
2596 4920 2871 4990 praebere,
2912 4918 3042 4972 nihil
3072 4917 3213 4972 aliud
3241 4926 3325 4970 est
3371 4930 3530 4985 quam

1953 5020 2110 5074 ﬁdem
2141 5032 2351 5086 negare.
2385 5014 2529 5077 Iloc,
2559 5013 2761 5082 inquit,
2785 5026 2911 5066 num
2942 5025 3161 5080 parvum
3192 5008 3392 5062 crimen
3414 5005 3530 5060 est!

1953 5127 2017 5165 an
2051 5128 2203 5181 parva
2226 5108 2608 5165 criminationis
2635 5121 2793 5162 causa
2820 5104 3123 5159 hominibus
3141 5117 3243 5156 non
3270 5097 3533 5154 credere?

1955 5203 2104 5269 Quod
2131 5203 2175 5257 si
2203 5204 2301 5258 hoc
2325 5218 2514 5274 grave,
2547 5200 2714 5254 multo
2746 5197 2914 5266 magis
2944 5212 3049 5251 non
3071 5193 3291 5250 credere
3324 5192 3455 5247 Deo.

2015 5344 2030 5374 ³
2071 5341 2127 5390 In
2144 5340 2302 5390 Bibliis
2324 5340 2523 5403 legitur,
2547 5343 2591 5388 et
2613 5335 2816 5387 vocabis.

2015 5427 2086 5486 (a)
2121 5428 2200 5473 Hic
2224 5427 2415 5473 omnino
2454 5431 2676 5484 putamus
2720 5417 2896 5480 aliquid
2919 5414 3204 5486 desiderari.
3240 5414 3532 5486 Nam'primo

1952 5475 2123 5538 intuitu
2149 5489 2370 5537 videntur
2389 5502 2443 5536 ea
2456 5475 2575 5547 'quze
2605 5475 2875 5544 sequuniur
2907 5481 2971 5547 de
3015 5477 3243 5547 gedeone
3275 5475 3387 5532 dici,
3419 5488 3530 5536 quae

1949 5561 2112 5599 tamen
2129 5550 2193 5596 de
2216 5548 2400 5594 Achaeo
2415 5538 2654 5608 dicuntur.
2681 5538 2845 5608 Seque.
2868 5538 3396 5608 solet_Chrgst-1stomus,
3419 5551 3529 5584 cum

1950 5598 2173 5672 exempla
2197 5609 2351 5672 aliert,
2379 5617 2440 5672 ut
2452 5609 2529 5655 hic
2550 5598 2788 5672 Gedeonis
2805 5598 3210 5672 __exemplum,lsic
3240 5601 3402 5672 paucis
3422 5613 3530 5672 rem

1947 5659 2218 5724 absolv'ere.
2253 5659 2385 5718 nullo
2415 5670 2526 5719 dato
2569 5670 2709 5730 signo
2738 5659 2984 5714 indicante
3011 5659 3139 5723 quod
3173 5659 3254 5709 vel
3293 5660 3438 5723 quale
3463 5664 3527 5711 sit

1951 5736 2066 5786 illud
2093 5731 2387 5796 exemplum.
