4102 6306
578 331 651 389 83
1288 326 1345 384 S.
1378 322 1659 383 JOANNlS
1695 318 2163 380 CHRYSOSTOMI
2201 316 2519 375 ARCHIEP.
2558 316 3090 376 CONSTANTINOP.
3784 320 3854 377 8|

650 445 703 501 5.
744 444 857 499 lloc
902 456 1061 515 porro
1107 440 1337 508 dicebat,
1368 450 1427 494 ut
1471 438 1738 494 discerent
1787 450 1992 498 omnes,
2024 449 2155 505 pro-

576 538 791 609 phetam
819 536 989 606 decipi
1018 549 1124 590 non
1152 548 1331 605 posse,
1360 547 1459 587 nec
1500 547 1530 586 a
1573 530 1769 596 verbis,
1792 543 1911 598 qua:
1954 527 2157 597 prolata

576 631 807 700 fuerant,
859 630 1139 702 deceptum
1185 644 1325 696 esse,
1356 626 1450 683 sed
1500 626 1568 680 ab
1611 626 1693 687 iis,
1725 638 1843 694 qure
1883 623 1933 676 in
1979 630 2159 676 mente

574 723 773 779 Achazi
822 731 1001 788 erant,
1036 721 1242 777 ferebat
1285 718 1625 775 sententiam.
1655 716 1769 771 Hoc
1808 725 1861 770 et
1885 714 2156 769 Christum

572 830 717 885 saepe
756 814 945 869 fecisse
975 815 1027 868 in
1056 811 1356 883 Evangeliis
1385 810 1597 881 legitur.
1625 808 1778 863 Prius
1815 806 1956 862 enim
1999 818 2156 874 quam

573 906 1082 962 demonstrationem
1129 919 1193 959 ex
1250 900 1415 972 signis
1461 899 1744 971 praeberet,
1774 896 2028 951 malitiam
2058 895 2157 951 Ju-

572 998 834 1063 dazorum,
863 1012 1020 1067 quam
1061 1004 1238 1049 mente
1272 993 1578 1057 versabant,
1620 991 1673 1045 in
1704 990 1934 1045 medium
1977 987 2153 1058 profe-

570 1102 715 1152 rens,
752 1088 852 1142 hoc
878 1087 987 1156 jam
1032 1102 1137 1140 non
1179 1099 1397 1154 parvum
1428 1084 1636 1153 signum
1673 1080 1903 1135 edebat:
1945 1087 2005 1132 ut
2035 1077 2156 1132 fecit

571 1181 711 1234 circa
742 1179 1113 1249 paralyticum.
1155 1176 1288 1231 Cum
1321 1174 1463 1231 enim
1512 1173 1588 1227 illi
1627 1172 1847 1226 dixisset
1876 1187 1891 1225 :
1921 1168 2150 1237 Con/ide,

572 1272 668 1339 ﬁli,
691 1270 1009 1324 dimittuntur
1037 1268 1125 1322 tibi
1154 1277 1377 1339 peccata,
1403 1266 1608 1336 ipsique
1625 1264 1865 1319 dicerent
1886 1262 1937 1316 in
1959 1269 2155 1315 semet-

575 1365 724 1433 ipsis,
774 1362 1098 1431 Blasphcmat
1129 1360 1338 1431 (Matth.
1367 1360 1423 1415 9.
1452 1358 1508 1412 2.
1540 1358 1594 1422 5)
1630 1375 1644 1409 :
1686 1355 1817 1409 dixit
1846 1355 1947 1408 illis
1977 1353 2154 1423 prius-

570 1436 729 1525 quam
759 1454 1110 1525 paralyticum
1142 1452 1420 1507 roboraret
1449 1469 1462 1505 :
1508 1449 1646 1517 Quid
1672 1447 1902 1520 cogitatis
1931 1446 2067 1499 mala
2102 1446 2156 1499 in

571 1545 807 1599 cordibus
832 1544 1004 1598 vestris
1031 1543 1192 1613 (Ibid.
1222 1558 1268 1596 υ.
1293 1543 1390 1613 4)?
1438 1541 1723 1595 maximum
1767 1538 1869 1592 hoc
1913 1536 2155 1607 przebens

572 1636 863 1691 divinitatis
892 1634 1163 1701 indicium,
1200 1633 1341 1704 quod
1370 1647 1559 1687 arcana
1605 1631 1800 1685 mentis
1842 1635 2042 1683 nosset.
2079 1626 2156 1680 Tu

571 1726 727 1793 enim,
759 1725 947 1796 inquit,
994 1726 1127 1779 nosti
1167 1726 1322 1779 corda
1366 1726 1503 1778 solus
1553 1723 1627 1793 (5.
1659 1722 1787 1791 Reg.
1836 1721 1888 1775 8.
1941 1718 2057 1789 59).
2088 1719 2156 1773 Et

574 1818 738 1873 llavid
760 1832 944 1872 rursus
963 1818 1065 1872 ait‘
1092 1836 1105 1872 :
1133 1817 1377 1872 Scrutans
1402 1816 1558 1871 corda
1579 1825 1625 1870 et
1646 1832 1787 1870 renes
1815 1814 1949 1868 Deus
1977 1813 2150 1883 (Psal.

572 1908 627 1963 7.
653 1908 761 1979 l0).
791 1908 903 1963 Hoc
931 1909 1094 1987 etiam
1122 1908 1395 1979 prophetis
1420 1922 1563 1976 saepe
1591 1907 1752 1962 dabat
1777 1906 1917 1961 Deus
1945 1915 2005 1961 ut
2031 1920 2155 1960 nos-

570 2009 691 2056 sent
715 2041 730 2067 ,
763 2008 823 2055 ut
848 2000 933 2071 qui
966 1999 1254 2056 audiebant
1298 2000 1422 2055 hinc
1447 2000 1768 2066 ediscerent,
1804 1998 1937 2054 nihil
1966 2014 2149 2054 eorum

569 2109 689 2163 qum
730 2092 1043 2148 dicebantur
1083 2095 1371 2147 humanum
1401 2108 1541 2159 esse,
1569 2092 1663 2147 sed
1710 2106 1939 2162 superne
1982 2099 2038 2146 et
2085 2092 2152 2147 de

566 2185 712 2239 etelis
740 2200 900 2240 omne
928 2185 1204 2241 decretum
1250 2200 1370 2240 esse
1408 2184 1662 2240 delatum.
1705 2184 1831 2239 ldeo
1875 2184 2152 2239 vocalissi-

570 2268 690 2332 mus
718 2275 805 2332 hic
844 2277 1007 2331 Isaias
1034 2286 1314 2347 postquam
1344 2290 1468 2331 cum
1493 2275 1639 2330 omni
1666 2275 2031 2330 moderatione
2067 2289 2153 2330 re-

564 2382 687 2438 gem
732 2376 847 2424 erat
870 2369 1194 2439 alloquutus,
1218 2382 1447 2437 eumque
1475 2382 1504 2421 a
1533 2366 1686 2422 malis
1728 2367 2063 2429 liberaverat,
2089 2380 2152 2421 ac

563 2461 637 2517 de
667 2463 1017 2531 praesentibus
1044 2460 1317 2540 conﬁdere
1331 2461 1583 2531 jusserat,
1622 2470 1675 2515 et
1708 2460 1900 2516 indicia
1927 2460 2151 2530 hujusce

564 2552 645 2606 rei
677 2553 775 2623 ipsi
808 2553 1140 2622 praebuisset,
1172 2554 1311 2623 quod
1340 2553 1619 2607 consilium
1651 2566 1709 2608 se
1736 2554 2149 2624 oppugnantium

567 2644 669 2713 ipsi
712 2645 1033 2715 aperuisset,
1064 2646 1418 2716 proditionem
1446 2645 1753 2713 detexisset,
1782 2646 2150 2717 excidiumque

564 2735 831 2806 integrum
857 2735 1070 2793 lsraelis
1106 2736 1455 2809 przedixisset,
1485 2746 1539 2793 et
1582 2746 1792 2807 tempus
1825 2736 2145 2806 adiecisset:

570 2826 653 2881 his
681 2843 785 2881 non
808 2836 1111 2894 contentus,
1134 2828 1360 2883 ulterius
1386 2828 1739 2900 progreditur,
1760 2845 1932 2899 neque
1956 2828 2151 2884 insistit

567 2929 628 2975 ut
655 2921 863 2991 signum
904 2922 1157 2991 postulet,
1189 2922 1283 2977 sed
1310 2923 1479 2991 illum,
1508 2922 1579 2979 ob
1611 2924 1832 2978 nimiam
1863 2924 2150 2980 increduli-

562 3022 731 3070 tatem
778 3015 828 3069 id
878 3016 1171 3082 nolentem,
1201 3016 1471 3081 hortatur;
1516 3031 1689 3087 neque
1730 3015 1783 3070 id
1813 3017 2144 3086 simpliciter,

560 3108 662 3163 sed
713 3108 934 3163 liberam
984 3117 1299 3179 potestatem
1352 3110 1559 3179 signum
1601 3109 1829 3179 eligendi
1874 3110 2143 3180 relinquit.

568 3198 752 3270 Neque
796 3200 939 3255 enim
984 3200 1139 3272 dicit,
1161 3202 1269 3257 hoc
1295 3200 1381 3256 vel
1432 3200 1558 3255 illud
1588 3200 1817 3269 signum,
1846 3200 1939 3257 sed
1970 3209 2026 3255 ut
2053 3216 2148 3256 vo-

562 3291 762 3358 iucris,
806 3293 915 3359 ait;
964 3293 1113 3349 dives
1140 3302 1228 3351 est
1267 3293 1540 3361 Dominus,
1574 3294 1911 3363 omnipotens
1956 3295 2143 3363 virtus,

566 3381 852 3437 inell'abilis
879 3392 1136 3453 potestas.
1170 3383 1225 3437 Si
1251 3399 1315 3438 ex
1342 3384 1489 3438 ctelis
1529 3384 1781 3450 volueris,
1814 3384 1941 3439 nihil
1982 3386 2148 3455 impe-

564 3472 681 3539 dit;
728 3473 772 3527 si
821 3488 886 3528 ex
920 3483 1079 3541 terra,
1108 3473 1239 3529 nihil
1286 3474 1550 3544 prohibet.
1597 3475 1653 3530 ld
1697 3476 1840 3530 enim
1889 3476 1989 3531 sibi
2036 3477 2149 3535 vult

562 3566 714 3632 illud,
742 3565 809 3621 In
828 3568 1159 3638 profundum,
1190 3576 1279 3621 aut
1306 3569 1361 3621 in
1389 3569 1658 3623 excelsum.
1690 3568 1820 3623 Cum
1847 3578 2022 3624 autem
2047 3584 2149 3625 nec

561 3660 640 3713 sic
685 3675 807 3715 eum
860 3659 1161 3725 adduxerit,
1191 3676 1259 3715 ne
1306 3659 1394 3715 hic
1440 3660 1655 3730 quidem
1706 3660 1887 3725 tacuit,
1916 3659 2011 3715 sed
2055 3674 2147 3716 re-

564 3748 919 3817 prehensione
947 3750 1248 3819 subiuncta,
1279 3749 1437 3821 idque
1477 3749 1542 3805 ad
1580 3749 2006 3805 emendationem
2052 3764 2147 3805 au-

562 3840 777 3904 dientis,
793 3850 846 3895 et
869 3850 926 3895 ut
950 3843 1257 3897 ostenderet
1277 3858 1335 3897 se
1362 3857 1466 3897 non
1493 3843 1638 3897 illum
1659 3842 1951 3913 decepisse,
1973 3858 2149 3914 neque

562 3932 979 3987 circumvenisse
1007 3934 1208 3998 verbis,
1255 3934 1586 4003 prophetiam
1628 3935 1830 3989 revelat
1874 3950 2140 4002 arcanam,

562 4023 614 4076 iu
642 4023 869 4076 salutem
889 4022 1034 4077 orbis
1057 4024 1307 4089 futuram,
1332 4032 1385 4077 et
1414 4024 1465 4079 in
1492 4040 1671 4079 rerum
1702 4027 1938 4080 omnium
1964 4041 2147 4081 emen-

563 4113 835 4168 dationem
861 4131 874 4167 :
903 4114 1081 4183 aitque
1111 4114 1318 4184 signum
1356 4130 1462 4168 non
1486 4114 1738 4186 deinceps
1767 4118 1880 4172 dari
1910 4119 2143 4184 Achazo,

561 4204 654 4259 sed
683 4204 779 4258 toti
825 4203 1132 4259 Judmorum
1168 4204 1383 4274 populo.
1419 4204 1574 4260 lnitio
1594 4206 1735 4260 enim
1766 4207 1936 4277 ipsum
1966 4224 2143 4280 regem

561 4294 964 4364 alloquebatur;
1013 4298 1135 4366 quia
1179 4313 1308 4351 vero
1347 4312 1405 4352 se
1447 4298 1561 4365 ipse
1592 4298 1861 4369 indignum
1893 4301 2141 4368 reddidit,

565 4386 768 4442 turbam
795 4387 973 4456 populi
1002 4388 1313 4458 alloquitur.
1343 4389 1488 4453 Ideo,
1511 4389 1697 4458 inquit,
1724 4390 1861 4443 dabit
1887 4406 1992 4444 non
2027 4392 2141 4457 tibi,

561 4477 655 4533 sed
682 4478 817 4531 vobis
845 4478 1061 4549 signum.
1104 4478 1275 4545 Vobis,
1300 4480 1652 4550 quibusnam?
1698 4479 1768 4535 lis
1811 4481 1899 4550 qui
1926 4490 2048 4536 sunt
2089 4482 2142 4537 in

560 4569 722 4624 domo
770 4569 957 4625 David.
1016 4572 1225 4627 Etenim
1285 4573 1432 4628 illinc
1478 4573 1687 4643 signum
1736 4582 1980 4628 exortum
2038 4582 2140 4629 est.

558 4660 837 4728 Quodnam
870 4661 1028 4730 igitur
1050 4672 1130 4716 est
1160 4662 1402 4732 signum?
1434 4663 1567 4717 Ecce
1585 4664 1723 4734 virgo
1748 4664 1801 4717 in
1832 4672 1973 4717 utero
2010 4666 2145 4717 acci-

558 4754 677 4825 piet,
708 4762 756 4806 et
800 4753 959 4822 pariet
987 4753 1170 4821 ﬁlium,
1200 4763 1245 4807 et
1273 4755 1516 4809 vocabunt
1557 4771 1737 4809 nomen
1780 4756 1889 4826 ejus
1928 4754 2143 4809 Emma-

558 4847 699 4901 nuel.
733 4846 1156 4912 Observandum,
1178 4846 1227 4901 id
1254 4847 1395 4917 quod
1425 4857 1479 4902 et
1503 4856 1625 4903 ante
1646 4848 1776 4912 dixi,
1803 4862 1905 4903 non
1929 4848 2142 4903 Achazo

555 4936 739 4993 datum
772 4936 935 4993 fuisse
963 4939 1192 5009 signum.
1217 4938 1367 5006 Quod
1398 4948 1575 4994 autem
1604 4938 1655 4994 id
1696 4955 1800 4995 non
1845 4956 1911 4995 ex
1955 4926 2140 5009 conje-

554 5042 704 5087 ctura
750 5030 975 5097 dicatur,
1010 5032 1123 5101 ipse
1168 5032 1427 5101 prepheta
1457 5031 1755 5102 objurgavit
1792 5042 1848 5087 et
1874 5033 2142 5088 accusavit

554 5125 740 5180 dicens
765 5142 779 5177 :
814 5123 1080 5194 Numquid
1105 5140 1285 5194 parum
1310 5125 1446 5178 vobis
1476 5134 1547 5178 est
1569 5140 1779 5195 agonem
1802 5127 2021 5195 prccberc
2048 5126 2142 5180 Ito-

553 5216 772 5270 minibus
788 5215 816 5269 .7
840 5226 894 5271 et
919 5215 1146 5285 adjecit:
1176 5214 1300 5269 Ideo
1326 5215 1465 5269 dabit
1490 5215 1738 5270 Dominus
1761 5218 1896 5271 vobis
1914 5217 2134 5288 signum.

555 5306 687 5362 Ecce
716 5309 855 5379 virgo
888 5310 939 5362 in
972 5318 1111 5361 utero
1151 5308 1365 5363 habebit.
1393 5307 1449 5365 St
1493 5319 1670 5363 antem
1699 5309 1847 5379 virgo
1877 5324 1979 5364 non
2009 5310 2139 5365 fuis-

556 5408 659 5467 set,
690 5401 901 5470 signum
948 5415 1055 5455 non
1081 5410 1214 5455 erat.
1254 5402 1474 5470 Signum
1524 5401 1665 5456 enim
1714 5416 1889 5457 rerum
1941 5401 2133 5456 seriem

614 5509 629 5539 ¹
646 5515 791 5578 ineg.
812 5516 864 5559 et
884 5509 1113 5578 Savd.,.et
1138 5510 1506 5578 Pautusrursus
1528 5510 1612 5561 ait.
1656 5512 1820 5563 Morel.
1836 5575 1846 5578 _
1861 5518 1914 5563 et
1948 5519 2131 5573 Bavar.,

549 5573 595 5617 et
636 5571 984 5634 Davidrttrsus
1006 5571 1091 5628 ait.
1140 5579 1189 5634 et
1220 5574 1290 5621 sic
1314 5571 1436 5634 legit
1467 5572 1734 5634 Interpres.
1762 5575 1929 5625 Melius
1949 5583 2089 5625 certe
2117 5571 2129 5623 ὲ

549 5643 658 5693 nam
680 5631 773 5679 etsi
799 5632 1000 5693 idipsum
1048 5632 1235 5692 Paulus,
1261 5631 1388 5682 ltom'.
1416 5634 1463 5688 8.
1489 5635 1567 5692 2‘7,
1598 5631 1661 5682 ex
1687 5638 1863 5684 navide
1887 5645 2135 5686 mutuatus

548 5691 777 5760 proterat,
794 5691 911 5760 cuin
931 5695 1094 5760 verba
1109 5702 1291 5760 tantum
1314 5696 1520 5760 Davidis,
1563 5696 1781 5760 nihilque
1806 5698 1937 5749 aliud
1959 5698 2132 5749 altera-

547 5759 644 5813 tur,
664 5753 823 5802 Davidi
848 5754 1023 5804 melius
1038 5756 1323 5807 adscribitur
1345 5754 1496 5807 locus.

2270 432 2532 488 excedere
2555 431 2734 498 debet,
2762 441 2818 488 et
2856 442 3059 487 natura:
3100 432 3539 489 consuetudinem
3576 448 3853 503 superare,

2265 522 2500 593 itemque
2537 538 2733 578 novum
2764 532 2819 579 et
2861 524 3283 593 inexspectatum
3317 540 3458 589 esse,
3502 527 3572 579 ita
3602 535 3662 579 ut
3685 526 3738 581 id
3770 527 3854 581 in-

2263 614 2414 683 signe
2461 615 2531 670 sit
2580 616 2803 686 singulis
2829 616 2921 686 qui
2971 615 3151 672 vident
3175 626 3231 672 et
3258 618 3501 672 audiunt.
3553 617 3685 675 Ideo
3709 620 3852 675 enim

2262 706 2471 777 signum
2512 709 2831 778 appellatur,
2858 708 3000 778 quod
3042 709 3110 764 sit
3150 709 3378 780 insigne.
3424 709 3634 781 insigne
3671 720 3851 767 autem

2262 816 2369 856 non
2419 800 2596 869 fuerit,
2625 802 2669 857 si
2708 802 2987 858 delitescat
3026 802 3079 857 in
3109 805 3491 859 communitate
3527 813 3847 860 exterarum

2261 906 2460 947 rerum.
2503 892 2685 964 itaque
2727 893 2771 949 si
2798 908 2976 948 sermo
3002 903 3147 949 esset
3188 894 3257 950 de
3284 894 3507 949 muliere
3551 895 3851 950 secundum

2262 993 2465 1040 natura:
2515 986 2682 1057 legem
2736 985 3006 1055 pariente,
3050 1001 3146 1041 cur
3189 986 3398 1056 signum
3444 995 3665 1043 vocaret
3709 988 3852 1058 quod

2262 1076 2499 1143 quotidie
2544 1077 2658 1131 ﬁeri
2709 1077 2888 1132 solet?
2930 1077 3054 1132 Ideo
3083 1078 3136 1133 in
3181 1077 3405 1133 exordio
3432 1081 3715 1145 sermonis,
3746 1094 3850 1134 non

2263 1170 2578 1239 simpliciter
2597 1170 2750 1236 dixit,
2793 1170 2934 1225 Ecce
2957 1171 3126 1240 virgo,
3154 1171 3268 1233 sed,
3299 1170 3430 1225 Ecce
3454 1171 3561 1225 Iure
3585 1172 3730 1242 virgo
3754 1168 3850 1241 (a),

2262 1261 2535 1315 additione
2562 1261 2769 1316 articuli
2804 1262 3063 1331 insignem
3089 1259 3395 1331 quamdam,
3425 1269 3479 1317 et
3506 1261 3647 1315 hanc
3676 1261 3850 1316 solam

2261 1353 2427 1408 fuisse
2456 1353 2610 1408 nobis
2638 1353 3003 1409 subindicans.
3032 1354 3183 1422 Quod
3213 1355 3354 1410 enim
3387 1354 3490 1410 hoc
3514 1354 3851 1409 additamen-

2261 1457 2372 1502 tum
2416 1446 2467 1501 id
2512 1446 2793 1518 signiﬁcet,
2837 1463 2903 1503 ex
2940 1447 3241 1517 Evangeliis
3284 1447 3493 1502 discere
3536 1462 3847 1517 possumus.

2259 1540 2390 1595 Cum
2417 1541 2557 1596 enim
2583 1541 2648 1595 ad
2672 1541 2930 1595 Joannem
2958 1540 3408 1595 misissentJudtei
3439 1541 3847 1609 interrogantes,

2262 1630 2387 1697 Quis
2424 1632 2515 1686 es?
2545 1646 2648 1685 non
2684 1631 2951 1697 dicebant,
2984 1631 3063 1686 Tu
3092 1645 3152 1686 cs
3177 1630 3455 1691 Christus;
3485 1630 3603 1697 sed,
3631 1631 3695 1687 Si
3727 1642 3781 1685 tu
3804 1649 3851 1686 es

2258 1725 2344 1778 ille
2369 1723 2597 1781 Christus
2624 1742 2644 1779 :
2671 1741 2843 1795 neque
2885 1724 3150 1790 dicebant,
3182 1723 3262 1778 Tu
3290 1739 3348 1779 es
3390 1723 3685 1793 prepheta;
3719 1726 3813 1780 sed
3835 1767 3847 1787 ,

2259 1819 2322 1873 Si
2349 1829 2402 1873 tu
2428 1836 2479 1873 es
2508 1820 2594 1873 ille
2616 1821 2863 1891 praplteta
2882 1818 3063 1889 (Joan.
3104 1820 3158 1873 1.
3192 1818 3277 1873 l9.
3303 1817 3395 1889 25)
3420 1836 3433 1871 :
3466 1818 3607 1887 quod
3640 1827 3853 1872 utrum-

2257 1926 2362 1981 que
2391 1912 2643 1968 eximium
2673 1923 2807 1967 erat.
2841 1913 2963 1968 ldeo
2992 1912 3226 1967 Joannes
3252 1912 3595 1983 Evangelium
3627 1912 3852 1967 ordiens

2258 2021 2362 2060 non
2385 2005 2613 2071 dicebat,
2646 2005 2699 2059 ln
2729 2005 2988 2075 principio
3012 2016 3125 2060 erat
3152 2004 3402 2069 Verbum,
3441 2004 3558 2071 sed,
3593 2003 3659 2058 In
3702 2005 3852 2073 prin-

2256 2098 2386 2167 cipio
2432 2106 2541 2152 erat
2585 2097 2716 2152 illud
2752 2096 2989 2164 Verbum,
3017 2106 3073 2150 ct-
3111 2097 3243 2151 illud
3294 2096 3506 2151 Verbum
3549 2105 3657 2150 erat
3706 2096 3850 2165 apud

2256 2187 2421 2242 Deum
2451 2189 2628 2260 (Joan.
2664 2189 2714 2243 l.
2758 2190 2835 2259 1).
2876 2188 2966 2245 Sic
3003 2187 3183 2244 ethoc
3220 2188 3340 2243 loco
3382 2202 3488 2242 non
3516 2187 3671 2254 dixit,
3706 2188 3850 2244 Ecce

2256 2283 2425 2352 virgo,
2445 2283 2560 2348 sed,
2583 2282 2710 2337 Ecce
2728 2288 2833 2337 Ita'c
2858 2285 2997 2354 virgo
3022 2298 3041 2336 :
3063 2297 3126 2338 ac
3145 2298 3265 2337 cum
3287 2282 3540 2353 dignitate
3565 2282 3849 2353 pmphcta:

2254 2376 2588 2430 convenienti
2619 2375 2769 2441 illud,
2806 2374 2954 2442 Ecce,
2983 2375 3341 2446 prtemittitnr.
3379 2374 3510 2430 Nam
3557 2375 3732 2432 ferme
3760 2377 3845 2431 vi-

2254 2466 2431 2523 dentis
2475 2477 2529 2524 et
2574 2469 2859 2540 imaginem
2889 2468 2942 2523 in
2991 2479 3169 2524 mente
3213 2468 3460 2524 habentis
3504 2468 3617 2525 haec
3661 2480 3841 2533 erant,

2255 2559 2580 2628 multamque
2627 2560 2679 2613 in
2723 2575 2783 2615 se
2834 2558 3081 2615 habentis
3125 2574 3309 2614 eorum
3358 2575 3476 2630 quae
3526 2559 3847 2616 dicebantur

2254 2652 2595 2708 evidentiam.
2641 2651 2773 2707 Nam
2820 2652 2895 2707 illi
2923 2653 3061 2707 oculi
3099 2653 3294 2707 clarius
3318 2668 3476 2723 quam
3527 2653 3694 2709 nostri
3753 2653 3844 2708 illa

2254 2743 2355 2797 sub
2391 2752 2664 2813 aspectum
2707 2758 2813 2797 non
2856 2743 3099 2803 cadentia
3141 2742 3411 2798 videbant.
3440 2743 3641 2800 Sensus
3692 2744 3842 2799 enim

2252 2834 2427 2906 decipi
2457 2844 2665 2906 potest;
2691 2834 2924 2906 Spiritus
2951 2850 3082 2891 vero
3126 2834 3297 2906 gratia
3322 2834 3453 2890 nulli
3490 2833 3715 2891 fallaciae
3744 2836 3844 2891 ob.

2256 2928 2469 2982 noxiam
2500 2928 2818 2982 sententiam
2848 2926 3138 2997 przebebat.

2324 3018 2378 3073 6.
2411 3017 2478 3073 Et
2501 3033 2596 3072 cur
2621 3032 2726 3073 non
2757 3017 2969 3088 adjecit,
3000 3016 3227 3088 inquies,
3256 3025 3463 3087 partum
3485 3015 3600 3073 fore
3623 3032 3692 3073 ex
3722 3014 3847 3087 Spi-

2252 3110 2358 3163 ritu
2384 3109 2604 3164 sancto?
2632 3108 2911 3179 Prophetia
2942 3118 3056 3163 erat
3081 3108 3133 3163 id
3160 3107 3302 3178 quod
3331 3107 3625 3174 dicebatur,
3653 3118 3711 3162 et
3740 3107 3843 3161 sub

2252 3202 2437 3257 umbra
2464 3201 2764 3257 annuntiari
2786 3199 3032 3265 debebat,
3064 3210 3121 3255 ut
3148 3215 3289 3270 saepe
3313 3199 3443 3264 dixi,
3474 3199 3543 3254 ob
3571 3200 3842 3269 ingratuut

2253 3295 2582 3349 audientium
2604 3294 2864 3362 animum,
2887 3309 2955 3348 ne
2980 3292 3157 3348 omnia
3182 3292 3327 3347 clare
3356 3292 3642 3358 discentes,
3673 3290 3844 3345 libros

2253 3400 2438 3441 omnes
2480 3385 2876 3441 comburerent.
2921 3385 2978 3442 Si
3009 3399 3236 3456 namque
3276 3382 3552 3454 prophetis
3589 3398 3696 3438 non
3743 3398 3842 3453 pe-

2253 3488 2559 3549 percerunt,
2581 3479 2752 3533 multo
2781 3478 2957 3533 minus
2974 3493 3000 3531 a
3020 3477 3228 3547 scriptis
3255 3476 3659 3532 abstinuissent.
3684 3474 3843 3542 Quod

2252 3578 2430 3625 autem
2459 3570 2508 3625 id
2540 3585 2645 3624 non
2680 3585 2746 3625 ex
2773 3569 3077 3639 conjectura
3103 3570 3301 3623 dictum
3334 3568 3422 3633 sit,
3454 3567 3592 3621 alius
3620 3565 3843 3636 quidam

2252 3677 2350 3717 rex
2382 3662 2481 3717 sub
2506 3661 2737 3717 .lcremia
2757 3702 2773 3728 ,
2804 3676 2923 3715 cum
2952 3660 3096 3731 ipsos
3121 3660 3284 3716 libros
3311 3660 3637 3729 accepisset,
3671 3657 3842 3713 disci—

2252 3753 2347 3816 dit,
2376 3764 2430 3808 et
2473 3754 2580 3824 igni
2623 3752 2837 3807 tradidit
2880 3752 3013 3821 (Jer.
3056 3751 3144 3808 56.
3193 3750 3307 3822 23).
3340 3750 3531 3806 Viden’
3572 3749 3840 3805 insaniam

2253 3844 2681 3901 intolerabilem?
2708 3844 2879 3900 viden‘
2894 3844 3025 3899 iram
3048 3843 3255 3898 ratione
3278 3842 3538 3903 vacuam?
3559 3840 3673 3896 Non
3701 3842 3840 3897 satis

2252 3939 2352 4011 ipsi
2382 3940 2479 3996 fuit
2504 3940 2698 4010 scripta
2729 3940 3076 4005 obliterasse,
3104 3939 3263 3994 etiam
3302 3937 3615 4002 combussit,
3645 3944 3705 3991 ut
3743 3952 3842 3991 ra-

2252 4034 2413 4090 tionis
2440 4043 2713 4106 expertem
2745 4032 2991 4088 aﬁ‘ectum
3020 4031 3284 4102 impleret.
3320 4030 3569 4086 Attamen
3595 4028 3696 4084 etsi
3738 4028 3844 4083 mi-

2250 4129 2432 4184 rabilis
2450 4126 2536 4182 hic
2556 4125 2818 4196 prOpbeta
2834 4125 3061 4180 obscure
3083 4124 3333 4193 loquutus
3352 4123 3440 4187 sit,
3468 4129 3637 4177 totum
3654 4130 3841 4175 tamen

2252 4220 2512 4277 exhibuit.
2544 4220 2704 4290 Virgo
2743 4232 2992 4288 namque,
3033 4216 3207 4272 donec
3256 4224 3438 4270 manet
3477 4214 3659 4284 virgo,
3693 4213 3842 4267 unde

2252 4328 2443 4383 parere
2474 4313 2673 4383 possit,
2713 4310 2812 4366 nisi
2840 4326 2906 4365 ex
2932 4309 3133 4380 Spiritu
3174 4310 3396 4365 sancto?
3424 4307 3649 4364 Solvere
3689 4307 3840 4365 enim

2252 4406 2420 4476 legem
2448 4414 2650 4460 naturae
2677 4419 2781 4459 non
2823 4404 3041 4459 alterius
3069 4413 3218 4473 erat,
3246 4416 3403 4472 quam
3445 4401 3561 4471 ejus
3586 4400 3673 4470 qui
3705 4414 3843 4453 con-

2252 4497 2385 4551 didit
2414 4504 2679 4551 naturam.
2705 4495 2889 4565 Itaque
2914 4509 3037 4549 cum
3068 4492 3200 4549 dixit
3221 4506 3237 4545 :
3258 4492 3415 4563 Virgo
3439 4492 3628 4561 pariet,
3661 4499 3840 4545 totum

2251 4586 2558 4643 declaravit.
2591 4585 2821 4640 Proinde
2846 4584 2989 4639 dicto
3030 4591 3204 4653 partu,
3246 4581 3375 4637 dicit
3401 4591 3457 4637 et
3494 4595 3686 4637 nomen
3715 4580 3841 4650 ejus

2250 4677 2342 4747 qui
2379 4688 2537 4732 natus
2560 4686 2663 4743 est,
2697 4691 2800 4731 non
2832 4675 2882 4731 id
2922 4674 3065 4746 quod
3100 4673 3149 4729 ei
3196 4674 3500 4744 impositum
3527 4685 3628 4739 est,
3656 4673 3749 4729 sed
3780 4674 3838 4727 id

2250 4770 2393 4841 quod
2414 4787 2480 4826 ex
2508 4771 2666 4826 rebus
2707 4769 2837 4840 ipsis
2873 4768 2947 4823 illi
2988 4768 3341 4838 competebat.
3370 4765 3838 4833 Quemadmodum

2248 4864 2390 4920 enim
2407 4863 2704 4920 Jerusalem
2730 4872 2886 4918 vocat
2907 4859 3175 4918 civitatem
3199 4861 3418 4932 iustitia)
3444 4860 3593 4931 (Isai.
3626 4861 3679 4915 l.
3707 4858 3833 4927 26),

2246 4954 2370 5011 licet
2420 4970 2678 5025 nusquam
2728 4954 2831 5009 hoc.
2876 4954 3091 5009 nomine
3144 4953 3406 5023 appellata
3459 4952 3567 5018 sit,
3612 4951 3705 5007 sed
3758 4966 3833 5006 ex

2246 5047 2408 5102 rebus
2436 5048 2564 5118 ipsis
2595 5046 2733 5101 hanc
2759 5047 2944 5102 sortita
2972 5046 3041 5101 sit
3070 5044 3528 5101 nomenclaturam
3548 5087 3562 5111 ,
3591 5058 3656 5100 eo
3683 5044 3835 5115 quod

2244 5138 2527 5195 admodum
2551 5137 2801 5193 mutanda
2824 5138 2875 5192 in
2899 5138 3087 5192 melius
3108 5148 3161 5192 et
3185 5136 3451 5205 aequitatis
3472 5135 3834 5206 patrocinium

2244 5230 2381 5287 foret
2400 5230 2617 5303 (ctenim
2636 5245 2754 5285 cum
2780 5230 2920 5284 illam
2940 5229 3276 5285 meretricem
3294 5237 3445 5284 vocat
3464 5226 3512 5301 [1
3520 5228 3603 5282 bid
3611 5268 3623 5279 .
3642 5243 3688 5280 υ.
3707 5224 3831 5298 2i],

2245 5338 2351 5378 non
2378 5322 2641 5393 signiﬁcat
2664 5337 2782 5377 eam
2810 5320 3093 5391 aliquando
3110 5319 3211 5375 hoc
3236 5321 3450 5375 nomine
3478 5320 3636 5374 fuisse
3662 5332 3832 5373 voc..-

2245 5425 2387 5481 tam;
2416 5414 2509 5470 sed
2539 5430 2569 5469 a
2600 5414 2836 5485 nequitia
2866 5427 3059 5468 nomen
3100 5413 3355 5483 imponit;
3382 5412 3459 5467 sic
3502 5421 3556 5467 et
3582 5420 3764 5482 postea
3795 5425 3831 5464 a

2302 5570 2375 5630 (a)
2407 5569 2463 5618 In
2485 5576 2661 5634 artem,
2680 5577 2761 5634 ι.δῴ
2778 5578 2991 5634 quaest»;
3004 5601 3019 5625 ,
3036 5580 3146 5616 cum
3166 5564 3369 5616 articulo
3389 5568 3469 5634 qui
3488 5564 3695 5634 aliquam
3716 5566 3823 5613 vir-

2239 5633 2403 5694 ginem
2439 5633 2689 5694 speciatim
2722 5631 2928 5694 i_udicat_;_
2952 5642 3121 5694 παρθένος
3149 5636 3345 5694 autem,
3387 5631 3542 5694 t-trqo,
3570 5631 3827 5694 virginem

2239 5689 2513 5755 generatim
2557 5692 2689 5741 dicit.
2719 5690 2830 5755 _Vox
2856 5689 3111 5752 adjectiva,
3140 5689 3263 5753 lucc,
3302 5689 3503 5741 multum
3539 5689 3680 5739 abest
3702 5699 3830 5750 qum

2240 5752 2426 5808 articuli
2442 5756 2589 5805 (tract
2605 5756 2700 5805 vim
2719 5752 2913 5805 haheat.
