4096 6322
578 342 654 398 ει
1249 344 1309 399 S.
1346 343 1631 400 JOANNIS
1666 340 2160 402 CHRYSOSTUMI
2196 340 2519 400 ARCHIEP.
2560 331 3100 401 CONSTANTINOP:
3759 344 3827 401 86

579 458 787 522 πόλεως
817 456 960 512 οὕτω
1002 454 1133 511 ποτε
1162 457 1471 529 κληθείσης,
1507 457 1642 513 ἀλλά
1676 458 1785 512 ἀπὸ
1824 458 1925 527 τῆς
1962 456 2160 518 κακίας

580 542 646 597 τὸ
671 541 841 613 δνομα
890 540 1132 612 τίθησιν·
1164 540 1305 594 οὕτω
1340 540 1520 611 δήκαὶ
1562 541 1702 611 μετά
1740 543 1911 595 ταῦτα
1934 540 2041 594 ἀπὸ
2060 539 2161 608 τῆς

584 624 826 698 ἀρετῆς)·
854 623 919 678 τὸ
950 624 1081 677 αὐτὸ
1109 624 1287 677 τοίνυν
1316 625 1408 677 καὶ
1424 625 1518 677 ἐπὶ
1536 625 1628 678 τοῦ
1659 624 1893 696 Χριστοῦ
1922 624 2157 685 λεκτέον,

586 709 669 763 δτι
698 708 759 761 τὸ
777 706 885 760 ἀπὸ
906 707 1016 760 τῶν
1048 706 1383 777 πραγμάτων
1410 707 1557 779 αὐτῷ
1586 707 1755 777 ὄνομα
1779 708 2009 761 τέθεικε.
2028 706 2160 759 Τότε

587 789 697 859 γὰρ
732 790 961 859 μάλιστα
992 788 1114 859 μεθ’
1153 790 1308 859 ήμῶν
1334 791 1363 842 6
1391 789 1522 854 Θεὸς
1542 791 1783 859 γέγονεν,
1814 791 1904 843 ἐπὶ
1942 790 2041 860 τῆς
2062 789 2163 858 γῆς

589 871 795 941 ὀφθεὶς,
830 872 925 925 καὶ
960 875 1071 936 τοῖς
1102 871 1407 942 ἀνθρώποις
1442 873 2031 943 συναναστρεφόμενος,
2067 870 2165 924 καί¹

588 954 686 1026 τὴν
724 955 924 1026 πολλὴν
966 956 1404 1027 ἐπιδεικνύμενος
1444 957 1573 1028 περί
1623 959 1764 1027 ἡμᾶς
1817 954 2161 1026 κηδεμονίαν.

592 1038 789 1091 Οὐκέτι
822 1040 931 1111 7&9
959 1038 1224 1106 ἄγγελος,
1262 1040 1383 1093 οὐδὲ
1428 1040 1765 1110 ἀρχάγγελος
1818 1037 1934 1109 μεθ’
1986 1036 2164 1108 ήμῶν,

594 1119 711 1173 ἀλλ’
740 1120 900 1185 αὐτὸς
928 1121 1216 1185 καταδάςό
1246 1122 1517 1192 Δεσπότης
1545 1124 1646 1194 τὴν
1667 1124 1847 1177 πᾶσαν
1884 1120 2167 1185 ἀνεδέξατο

591 1201 896 1273 διόρθωσιν,
915 1204 1140 1275 πόρναις
1157 1204 1554 1276 διαλεγόμενος,
1574 1205 1833 1268 τελώναις
1859 1201 2171 1258 συνανακεί-

599 1302 782 1357 μενος,
815 1289 896 1351 εἰς
922 1287 1260 1360 ἁμαρτωλῶν
1296 1289 1473 1352 οἰκίας
1491 1301 1515 1330 ι
1545 1287 1749 1353 εἰσιὼν,
1780 1288 2004 1359 λῃσταῖς
2030 1287 2170 1358 παῤ-

596 1370 791 1443 ρησίαν
815 1371 1007 1437 διδοὺς,
1039 1374 1245 1444 μάγους
1297 1373 1679 1445 ἐφελκόμενος,
1715 1373 1893 1427 πάντα
1944 1370 2171 1442 περιιὼν

596 1455 693 1508 καὶ
740 1454 1133 1527 διορθούμενος,
1169 1457 1264 1512 καὶ
1310 1458 1480 1531 αὐτὴν
1526 1459 1626 1531 τὴν
1675 1458 1838 1529 φύσιν
1873 1456 2009 1510 ένῶν
2037 1456 2173 1527 πρὸς

596 1538 809 1592 ἑαυτόν.
838 1540 1021 1594 Ταῦτα
1062 1536 1154 1595 οὖν
1180 1542 1356 1597 πάντα
1386 1543 1415 1595 6
1446 1543 1730 1613 προφήτης
1774 1539 2171 1613 προαναφωνεί,

595 1621 733 1692 ὁμοῦ
762 1621 858 1676 καὶ
888 1622 977 1676 τὸν
996 1625 1150 1678 τόκον
1179 1624 1371 1693 λέγων,
1405 1625 1497 1679 καὶ
1527 1625 1588 1678 τὸ
1625 1624 1814 1695 κέρδος
1836 1624 1945 1676 τῶν
1971 1621 2175 1675 ὠδίνων

599 1704 660 1757 τὸ
687 1705 889 1775 ἄφατον
918 1708 1093 1760 ἐκεῖνο
1113 1709 1205 1760 καὶ
1228 1708 1475 1779 ἄπειρον.
1499 1707 1669 1761 Ὅταν
1706 1708 1814 1777 7&9
1831 1708 1859 1760 6
1879 1705 2010 1768 Θεὸς
2038 1702 2175 1775 μετά

601 1788 903 1860 ἀνθρώπιον
922 1784 976 1863 ᾗ,
993 1789 1143 1843 οὐδὲν
1160 1789 1239 1843 δεῖ
1257 1789 1442 1843 λοιπὸν
1462 1788 1775 1848 δεδοικέναι.
1791 1788 1910 1842 οὐδὲ
1931 1789 2175 1858 τρέμειν,

600 1872 718 1926 ἀλλ’
744 1872 883 1945 ὑπὲρ
909 1873 1172 1927 ἀπάντων
1205 1872 1457 1945 θαρρεῖν⁹
1503 1873 1639 1944 ὅπερ
1685 1868 1777 1926 οὖν
1817 1873 1908 1926 καί⁵
1940 1871 2175 1940 ἐγένετο.

603 1956 714 2009 Καὶ
740 1955 849 2027 7&9
872 1956 941 2010 τά
973 1958 1172 2027 ἀρχαῖα
1196 1955 1375 2009 ἐκεῖνα
1420 1956 1516 2009 καὶ
1540 1955 1773 2027 ἀκίνητα
1806 1954 1968 2025 ἐλύθη
2012 1951 2176 2015 κακά,

604 2038 700 2092 καὶ
721 2039 758 2110 ή
785 2038 925 2092 κατά
949 2037 1043 2093 τοῦ
1070 2038 1249 2093 κοινοῦ
1279 2039 1470 2108 γένους
1498 2040 1773 2108 ἀπόφασις
1797 2039 2069 2111 ἀνῃρεῖτο,
2089 2035 2181 2089 καὶ

602 2122 703 2194 τῆς
747 2121 1020 2195 ἁμαρτίας
1077 2122 1145 2177 τά
1201 2121 1367 2193 νεῦρα
1429 2124 1693 2177 ἐκέκοπτο
1721 2162 1736 2187 ,
1786 2122 1882 2177 καὶ
1935 2120 2180 2174 διαϐόλου

600 2206 856 2277 τυραννὶς
879 2206 1188 2272 κατελύετο,
1227 2208 1323 2261 καὶ
1349 2209 1378 2261 6
1415 2209 1580 2262 πᾶσιν
1612 2206 1810 2269 ἄϐατος
1857 2205 2182 2276 παράδεισος

605 2290 918 2363 ἀνδροφόνῳ
948 2290 1045 2344 καὶ
1060 2291 1232 2364 λῃστῇ
1268 2290 1482 2362 πρῶτον
1508 2290 1773 2359 ήνοίγετο,
1811 2288 1906 2342 καὶ
1942 2286 2184 2358 οὐράνιοι

604 2373 791 2444 ἀψῖδες
838 2374 1279 2440 ἀνεπετάννυντο,
1300 2374 1395 2428 καὶ
1439 2375 1690 2443 ἀγγέλοις
1731 2372 2014 2443 ἄνθρωπος
2062 2387 2182 2423 συν-

607 2457 950 2529 ανεμίγνυτο,
982 2457 1233 2529 καὶπρὸς
1257 2458 1347 2511 τὸν
1380 2457 1654 2528 βασιλικὸν
1687 2456 1927 2527 θρόνονή
1963 2455 2122 2523 φύσις
2150 2455 2183 2525 ή

608 2541 857 2611 ἡμετέρα
906 2541 1178 2611 ἀνήγετο,
1236 2538 1457 2594 καὶτοῦ
1512 2539 1640 2611 ᾅδου
1698 2538 1759 2592 τὸ
1814 2538 2186 2608 δεσμωτήριον

609 2624 879 2696 ἄχρηστον
892 2621 982 2697 ἦν,
1003 2623 1268 2696 {83]1016
1285 2623 1511 2687 θάνατος
1525 2626 1693 2693 ὄνομα
1708 2622 1890 2675 λοιπὸν
1906 2622 2093 2692 ἔμενεν
2104 2620 2184 2685 ὃν,

611 2704 933 2775 πράγματος
961 2704 1405 2775 ἀπεστερημένον
1425 2719 1439 2733 °
1472 2704 1564 2756 καὶ
1586 2701 1880 2773 μαρτύρων
1902 2701 2073 2771 χοροὶ,
2094 2701 2188 2753 καὶ

610 2789 867 2855 γυναῖκες
900 2786 1309 2841 κατακλάσασαι
1335 2785 1428 2840 τοῦ
1461 2785 1588 2856 ᾅδου
1609 2784 1679 2837 τά
1700 2786 1923 2854 κέντρα.

683 2869 869 2933 Ταῦτα
900 2865 992 2925 οὖν
1044 2871 1219 2924 πάντα
1270 2868 1521 2943 προορῶν
1578 2868 1609 2920 ό
1642 2868 1923 2940 προφήτης
1962 2864 2191 2936 ἐσκίρτα

612 2953 710 3007 καὶ
762 2952 1004 3024 έχόρευε,
1066 2953 1159 3007 καὶ
1214 2952 1283 3007 δι’
1308 2952 1425 3016 ένὸς
1468 2952 1711 3023 ῥήματος
1739 2951 1871 3020 ήμῖν
1916 2947 2057 3002 αὐτά
2106 2950 2191 3001 ἐν·

614 3035 907 3099 εδείκνυτο,
935 3035 1293 3108 προφητεύων
1314 3038 1444 3107 ήμῖν
1471 3035 1561 3088 τὸν
1591 3031 1953 3105 Ἐμμανουήλ.
1972 3032 2193 3087 Βούτυ-

608 3137 724 3190 ρον
741 3120 839 3173 καί
889 3119 1028 3190 μέλι
1072 3120 1340 3190 φάγεται,
1376 3118 1518 3186 πρίν
1548 3117 1587 3187 ἢ
1632 3117 1851 3187 γνῶναι
1904 3115 2092 3170 αὐτὸν
2150 3115 2190 3184 ἢ

616 3203 972 3272 προελέσθαι
997 3202 1248 3272 πονηρὰ,
1274 3202 1581 3266 ἐκλέξεται
1604 3201 1632 3240 ι’
1665 3200 1732 3253 τὸ
1770 3200 2012 3270 ἀγαθόν.
2038 3200 2194 3252 Διότι

613 3288 762 3356 πρίν
811 3288 852 3356 ἢ
894 3285 1114 3357 γνῶναι
1166 3285 1233 3339 τὸ
1280 3285 1521 3339 παιδίον
1568 3283 1827 3350 ἀγαθὸν,
1884 3282 1922 3351 ἢ
1982 3282 2191 3345 κακὸν,

616 3370 851 3425 ἀπειθεῖ
893 3369 1152 3437 πονηρίᾳ
1178 3408 1195 3433 ,
1248 3368 1355 3423 τοῦ
1406 3367 1767 3430 ἐκλέξασθαι
1821 3366 1890 3419 τὸ
1946 3366 2194 3435 ἀγαθόν.

630 3451 847 3525 Ἐπειδὴ
892 3452 950 3507 τὸ
992 3451 1311 3522 τικτόμενον
1356 3450 1567 3505 παιδίον
1607 3448 1730 3503 οὔτε
1790 3450 2077 3520 ἄνθρωπος
2126 3442 2196 3519 ἦν

616 3538 793 3606 ψιλὸς,
838 3535 961 3591 οὔτε
1008 3535 1139 3599 Θεὸς
1176 3535 1336 3606 μόνον
1364 3574 1379 3599 ,
1439 3533 1577 3588 ἀλλά
1610 3533 1741 3595 Θεὸς
1786 3535 1843 3586 ἐν
1901 3531 2195 3604 ἀνθρώπῳ,

619 3622 844 3683 εἰκότως
885 3620 979 3674 καὶ
1023 3620 1051 3671 6
1105 3620 1389 3689 προφήτης
1439 3616 1704 3671 ποικίλλει
1758 3616 1848 3668 τὸν
1884 3615 2061 3682 λόγον,
2101 3614 2197 3666 νῦν

624 3706 723 3777 μὲν
752 3704 927 3769 τοῦτο,
951 3703 1045 3758 νῦν
1070 3703 1127 3756 δὲ
1160 3704 1335 3756 ἐκεῖνο
1378 3700 1571 3769 λέγων,
1596 3699 1774 3753 καὶτὰ
1813 3697 2085 3770 παράδοξα
2110 3715 2197 3750 τι-

621 3790 755 3852 θεὶς,
784 3790 878 3842 καί⁸
903 3789 1003 3841 οὐκ
1035 3787 1215 3856 ἀφιεὶς
1246 3785 1609 3857 ἀπιστηθῆναι
1648 3785 1746 3856 τὴν
1771 3783 2079 3854 οἰκονομίαν
2110 3782 2199 3838 διὰ

621 3871 721 3942 τὴν
738 3872 831 3925 τοῦ
862 3870 1135 3941 θαύματος
1162 3867 1487 3940 ὑπερϐολήν.
1520 3866 1703 3921 Εἰπὼν
1726 3867 1853 3939 7&9.
1878 3868 1960 3921 ὅτι
1988 3864 2200 3930 τέξεται

621 3957 658 4026 ή
701 3954 1000 4027 παρθένος,
1040 3954 1176 4024 ὅπερ
1207 3949 1275 4023 ἦν
1311 3951 1624 4022 ἀνώτερονα
1678 3951 1930 4020 φύσεως,
1983 3951 2078 4003 καὶ
2118 3950 2200 4003 ὅτι

624 4039 954 4109 κληθήσεται
994 4034 1357 4106 Ἐμμανουήλ,
1390 4034 1419 4088 δ
1448 4036 1546 4089 καὶ
1580 4034 1712 4088 αὐτὸ
1745 4034 1928 4105 μεῖζον
1974 4035 2204 4105 1190060-

625 4124 752 4188 κίας
802 4119 891 4194 ἦν,
947 4122 1035 4175 ἵνα
1075 4120 1149 4192 μή
1192 4136 1280 4183 τις
1318 4118 1410 4173 τὸν
1449 4118 1790 4191 Ἐμμανουήλ
1819 4117 2090 4184 ἀκούσας,
2132 4117 2204 4173 τά

628 4206 953 4278 Μαρκίωνος
984 4205 1151 4277 πάθῃ,
1177 4202 1272 4258 καὶ
1289 4203 1493 4273 νοσήσῃ
1515 4201 1584 4255 τὰ
1602 4200 1695 4253 τοῦ
1714 4202 2086 4267 Οὐαλεντίνου,
2114 4200 2203 4256 διὰ

627 4292 730 4362 τήν
770 4288 1111 4359 οἰκονομίαν,
1139 4285 1434 4359 διαρρήδην
1471 4284 1720 4355 ἐπήγαγε
1741 4286 1836 4339 καὶ
1868 4285 1965 4355 τῆς
1996 4286 2203 4339 οἰκονο-

632 4388 765 4460 μίας
790 4386 1134 4456 σαφεστάτην
1152 4382 1444 4450 ἀπόδειξιν,
1466 4382 1575 4437 ἀπὸ
1596 4381 1696 4453 τῆς
1722 4380 1999 4453 τραπέζης
2035 4380 2205 4451 αὐτὴν

631 4470 1007 4543 πιστούμενος.
1032 4470 1097 4522 Τί
1124 4470 1231 4541 γάρ
1254 4483 1419 4540 φησι;
1444 4466 1747 4535 Βούτυρον
1786 4466 1882 4518 καί
1916 4463 2057 4532 μέλι
2100 4464 2208 4534 φάρ

631 4572 813 4627 τεται.
862 4552 1031 4608 Τοῦτο
1052 4553 1110 4606 δὲ
1148 4554 1247 4607 οὐκ
1279 4551 1346 4606 ἂν
1372 4549 1459 4620 εἴη
1485 4549 1757 4620 θεότητος,
1794 4546 1931 4601 ἀλλά
1962 4546 2059 4616 τῆς
2101 4546 2206 4615 φύ-

633 4657 770 4704 σεως
792 4638 894 4709 τῆς
923 4638 1217 4711 ἡμετέρας.
1240 4635 1337 4689 Διά
1367 4634 1477 4707 γάρ
1499 4650 1581 4687 τοι
1601 4633 1757 4687 τοῦτο
1774 4630 1799 4671 δ
1831 4630 1950 4684 οὐδὲ
1993 4630 2205 4701 ἄνθρω-

634 4739 736 4777 πον
772 4720 956 4784 ἁπλῶς
988 4720 1195 4784 πλάσας
1236 4718 1510 4789 ένῴκησεν
1540 4718 1600 4770 ἐν
1620 4714 1787 4785 αὐτῷ,
1814 4713 1951 4768 ἀλλά
1984 4712 2078 4768 καὶ
2107 4713 2207 4783 τῆς

635 4810 886 4879 κυήσεως
923 4807 1201 4877 ἠνέσχετο,
1239 4804 1334 4858 καὶ
1361 4802 1565 4872 ταύτης
1608 4798 2057 4871 έννεαμηνιαίου,
2112 4799 2207 4852 καὶ

633 4892 840 4947 ώδίνων
872 4892 965 4944 καὶ
991 4889 1339 4960 σπαργάνων,
1375 4886 1589 4956 καὶτῆς
1634 4884 1698 4937 ἐκ
1745 4882 1967 4954 πρώτης
1994 4881 2208 4952 ήλικίας

633 4978 862 5047 τροφῆς,
892 4974 979 5027 ἵνα
1028 4972 1116 5026 διά
1162 4972 1379 5025 πάντων
1409 4967 1662 5039 ἐμφράξῃ
1707 4965 1776 5020 τὰ
1815 4965 2060 5036 στόματα
2099 4964 2208 5047 τῶν

637 5043 915 5132 ἀρνεῖσθαι
937 5058 1036 5128 τὴν
1061 5054 1372 5125 οἰκονομίαν
1410 5050 1851 5123 ἐπιχειρούντων.
1888 5047 2076 5101 Ταῦτα
2113 5043 2208 5102 οὖν

637 5147 844 5204 ἀνωθεν
874 5145 1122 5218 προορῶν
1146 5143 1177 5196 6
1200 5140 1507 5214 προφήτης,
1531 5138 1652 5209 οὐχὶ
1674 5136 1773 5201 τάς
1804 5135 1998 5199 ὠδῖνας
2037 5135 2207 5205 λέγει,

639 5236 733 5292 καὶ
782 5234 874 5289 τὸν
908 5230 1220 5303 θαυμαστὸν
1260 5228 1419 5282 τόκον
1465 5225 1645 5297 μόνον,
1693 5223 1831 5277 ἀλλά
1858 5222 1953 5278 καὶ
2005 5220 2103 5293 τὴν
2150 5222 2210 5276 ἐν

635 5322 829 5395 πρώτῃ
852 5320 1037 5392 ἡλικίᾳ
1055 5317 1281 5390 τροφὴν,
1304 5314 1403 5386 τὴν
1422 5315 1480 5367 έν
1504 5312 1688 5374 αὐτοῖς
1713 5312 1824 5374 τοῖς
1854 5309 2208 5381 σπαργάνοις,

636 5412 788 5465 οὐδὲν
830 5409 938 5463 τῶν
971 5405 1171 5461 λοιπῶν
1197 5402 1620 5469 έξαλλάττουσαν
1655 5397 1978 5469 ἀνθρώπων,
2007 5396 2129 5451 οὐδέ
2156 5413 2211 5449 τι

640 5498 788 5564 ξένον
807 5497 946 5551 κατὰ
971 5494 1129 5549 τοῦτο
1153 5492 1400 5563 ἔχουσαν.
1425 5486 1563 5542 Οῦτε
1583 5485 1689 5559 γὰρ
1711 5486 1923 5539 ἅπαντα
1946 5481 2209 5556 ἐξηλλαγ-

702 5613 729 5642 ⁸
751 5612 1053 5688 δίσκοισι,
1074 5611 1161 5673 qui
1202 5600 1469 5669 Florilegio
1503 5604 1754 5653 consonat.
1803 5599 1955 5649 Savil.
1997 5603 2053 5648 et
2083 5598 2209 5662 Reg.

640 5686 1002 5783 ωδηῖἠίίῇἰιιίἰε
1020 5734 1100 5783 hic
1118 5732 1311 5823 ιοέιιυτ,
1323 5722 1855 5800 ἐκλέξασθαιηυῌηίη.

706 5798 727 5823 ε
760 5796 867 5823 II-..
910 5803 958 5823 ι..
985 5796 1113 5823 an."
1243 5807 1381 5823 ...ω
1424 5790 1575 5823 lim-nl
1620 5800 1854 5823 ηνωτιων

706 5798 727 5823 ε
760 5796 882 5859 Reg.
910 5803 963 5845 et
985 5796 1133 5845 Savil.
1159 5790 1403 5854 ἀνωτέρω,
1424 5790 1598 5839 κυτει.
1620 5790 1881 5855 ἀνώτερον.⁸
1912 5844 1923 5854 _

704 5856 732 5925 ἐ
756 5859 847 5925 Qui;
866 5859 953 5925 γὰρ
973 5856 1132 5925 τοῦτο.
1164 5857 1245 5925 S_ic
1272 5850 1689 5925 prius_lege§apxr
1709 5850 1771 5925 _i_n
2089 5842 2212 5925 1’1?

644 5906 1508 5994 'ikWEe'sﬁat_§*é_tée.'1:take?
1537 5919 1592 5962 ει
1612 5909 1759 5975 Pw“
1796 5914 1906 5973 9°“
1928 5906 2139 5970 ινῴκησι
2164 5906 2211 5956 ιν

644 5975 776 6047 αὐτῦ
790 5994 802 6006 ο
828 5980 876 6030 ἰν
889 5975 1059 6031 intem
1088 5975 1261 6031 ἀπίει
1278 5978 1327 6027 ιιι
1346 5975 1508 6028 odim.

2269 457 2409 529 μένα
2452 453 2523 529 ἦν
2579 458 2749 529 αὐτῷ,
2793 457 2916 512 οὔτε
2944 458 3122 512 πάντα
3155 458 3328 513 κοινά.
3360 458 3435 512 Τὸ
3496 458 3594 530 μὲν
3633 461 3741 534 7&9
3768 464 3831 518 ὲκ

2266 541 2520 607 γυναικὸς
2534 542 2808 612 τεχθῆναι,
2826 543 3022 597 κοινόνο
3045 541 3108 594 τὸ
3130 541 3185 594 δὲ
3208 542 3316 595 ἀπὸ
3331 540 3625 613 παρθένου,
3653 546 3833 613 μεῖζον

2261 625 2296 695 ἢ
2330 625 2450 678 καθ’
2489 626 2655 696 ἡμᾶς.
2705 626 2780 679 Τὸ
2804 629 3076 697 τραφῆναι
3121 624 3283 679 πάλιν
3308 625 3386 696 τῷ
3414 626 3577 696 κοινῷ
3604 627 3704 697 τῆς
3738 630 3836 697 φύ-

2265 726 2402 774 σεως
2422 708 2570 779 νόμῳ
2597 710 2689 762 καὶ
2714 709 2793 779 τῷ
2819 708 2965 778 αὐτῷ
2998 711 3111 773 τοῖς
3141 708 3355 772 πολλοῖς
3373 751 3388 772 ,
3419 710 3597 763 κοινόν
3620 727 3634 739 ’
3682 712 3744 765 τὸ
3780 714 3835 767 δέ

2263 791 2462 845 ἄϐατον
2482 792 2733 860 γενέσθαι
2766 792 3000 863 πονηρίᾳ
3023 792 3112 846 τὸν
3148 791 3272 844 ναὸν
3301 793 3529 857 ἐκεῖνον,
3564 794 3659 847 καὶ
3700 796 3837 865 μηδὲ

2265 876 2346 937 εἰς
2382 876 2572 945 πεῖραν
2595 874 2768 928 ἐλθεῖν
2798 875 3081 945 πονηρίας,
3111 874 3269 928 τοῦτο
3294 872 3443 939 ξένον
3482 876 3577 929 καὶ
3605 879 3841 950 παράδο-

2269 958 2379 1025 ξον,
2403 958 2498 1013 καί⁵
2530 957 2694 1012 αὐτοῦ
2730 959 2910 1029 μόνου.
2941 958 3031 1012 Διὸ
3056 958 3119 1029 δὴ
3139 960 3357 1013 κάκεῖνο
3385 960 3479 1013 καί⁸
3504 959 3661 1014 τοῦτο
3678 962 3843 1017 τέθειο

2269 1059 2383 1098 κεν.
2417 1042 2492 1094 Οὐ
2526 1040 2633 1113 7&9
2683 1041 2820 1110 μετά
2859 1043 2958 1112 τήν
3006 1044 3205 1114 πεῖραν
3242 1041 3344 1112 τῆς
3399 1043 3598 1106 κακίας
3632 1044 3839 1117 ἀπέστη

2267 1126 2366 1195 τῆς
2422 1123 2638 1189 κακίας,
2666 1126 2850 1196 φησὶν,
2884 1124 3019 1179 ἀλλά
3070 1125 3274 1180 ἀνωθεν
3302 1124 3396 1179 καὶ
3430 1128 3493 1180 ὲκ
3544 1128 3842 1200 προοιμίων

2270 1209 2449 1264 αὐτῶν
2506 1210 2685 1263 πᾶσαν
2743 1208 2942 1280 ἀρετὴν
3000 1209 3364 1265 ἐπεδείκνυτο.
3432 1212 3499 1264 Ὀ
3552 1212 3647 1265 καὶ
3682 1212 3843 1276 αὐτὸς

2271 1292 2423 1360 ἔλεγε
2444 1308 2458 1322 ·
2494 1293 2591 1359 Τίς
2634 1292 2704 1356 ἐξ
2724 1291 2923 1346 αὐτῶν
2959 1291 3192 1362 ἐλέγχει
3242 1310 3319 1363 με
3357 1294 3489 1362 περὶ
3526 1294 3845 1363 ἀμαρτίας;

2272 1376 2389 1441 καὶ,
2424 1370 2701 1445 Ἔρχεται
2739 1378 2773 1430 ό
2820 1376 3021 1445 ἄρχων
3052 1376 3158 1431 τοῦ
3191 1377 3423 1447 κόσμου
3475 1379 3719 1445 τούτου,
3746 1379 3847 1433 καί

2270 1458 2341 1513 ἐν
2360 1458 2486 1529 ἐμοὶ
2508 1459 2631 1528 ἔχει
2664 1458 2862 1515 οὐδέν.

2347 1540 2413 1607 ζ’.
2438 1542 2546 1596 Καὶ
2576 1542 2737 1605 αὐτὸς
2761 1536 2914 1605 οὗτος
2953 1539 3156 1613 προῖὼν
3197 1541 3226 1595 6
3266 1543 3549 1615 προφήτης
3568 1542 3736 1613 λέγει,
3765 1544 3849 1597 ὅτι

2288 1625 2597 1695 Ἅμαρτίσν
2639 1626 2751 1680 οὐκ
2796 1625 3105 1692 ἐποίησεν,
3145 1624 3287 1679 οὐδὲ
3321 1624 3501 1692 δόλος
3532 1626 3747 1697 εὑρέθη
3780 1626 3850 1680 ἐν

2276 1707 2358 1773 τῷ
2376 1710 2625 1777 στόματι
2650 1706 2856 1762 αὐτοῦ.
2874 1707 3044 1761 Τοῦτο
3067 1707 3131 1778 δὴ
3159 1708 3255 1761 καὶ
3298 1707 3531 1763 ἐνταῦθά
3559 1726 3746 1781 φησιν,
3768 1710 3850 1762 ὅτι

2280 1790 2410 1862 πρὶν
2455 1789 2489 1862 ἦ
2524 1790 2725 1860 γνῶναι
2750 1790 2910 1845 αὐτὸν
2939 1792 2971 1862 ἢ
2996 1789 3314 1862 προελέσθαι
3348 1790 3580 1863 πονηρά,
3620 1792 3730 1845 ἀπὸ
3755 1790 3852 1861 τῆς

2280 1874 2494 1945 ἡλικίας
2545 1872 2758 1944 ἐκείνης
2789 1873 2888 1943 τῆς
2928 1872 3293 1943 ἀπειροκάκου
3316 1912 3332 1937 ,
3382 1874 3476 1927 ἀπ’
3515 1873 3696 1927 αὐτῶν
3746 1874 3854 1926 τῶν

2282 1956 2583 2029 προοιμίων
2611 1956 2711 2028 τήν
2757 1956 2957 2029 ἀρετὴν
2992 1955 3338 2022 ἐπιδείξεται,
3387 1955 3481 2010 καὶ
3531 1956 3683 2013 οὐδὲν
3743 1956 3856 2022 ἕξει

2283 2041 2420 2111 πρὸς
2466 2040 2563 2113 τὴν
2596 2040 2794 2095 κακίαν
2840 2040 3035 2093 κοινόν.
3072 2040 3224 2092 Διότι
3267 2038 3409 2106 πρίν
3436 2039 3473 2107 ἢ
3529 2037 3751 2108 γνῶναι
3787 2039 3855 2091 τὸ

2283 2124 2524 2179 παιδίον
2538 2122 2765 2194 ἀγαθὸν
2778 2124 2816 2193 ἦ
2835 2122 3044 2186 κακὸν,
3067 2120 3184 2194 [84]
3199 2121 3429 2177 ἀπειθεῖ
3449 2122 3725 2191 πονηρίᾳ,
3749 2119 3858 2175 τοῦ

2282 2208 2645 2274 ἐκλέξασθαι
2677 2208 2744 2262 τὸ
2776 2208 3019 2278 ἀγαθόν.
3052 2206 3218 2260 Πάλιν
3246 2208 3365 2268 ταῖς
3386 2206 3574 2269 αὐταῖς
3601 2206 3777 2272 λέξεσι
3797 2205 3861 2259 τὸ

2285 2293 2417 2348 αὐτὸ
2471 2294 2651 2365 νόημα
2701 2292 3015 2355 αἰνίττεται,
3064 2291 3158 2344 καὶ
3202 2290 3522 2360 ἐνδιατρίϐει
3580 2289 3654 2361 τῷ
3694 2290 3857 2359 λόγῳ.

2298 2376 2516 2448 Ἐπειδὴ
2562 2378 2669 2448 7&9
2714 2376 2919 2447 σφόδρα
2975 2370 3044 2445 ἦν
3091 2374 3293 2446 ὑψηλὸν
3349 2372 3410 2427 τὸ
3445 2373 3750 2444 εἰρημένον,
3791 2374 3861 2444 τῇ

2288 2460 2541 2531 συνεχείᾳ
2569 2461 2667 2530 τῆς
2711 2459 3013 2531 διηγήσεως
3042 2458 3173 2513 αὐτὸ
3216 2456 3522 2511 πιστοῦται.
3542 2457 3721 2528 Ὅπερ
3753 2455 3864 2527 γὰρ

2288 2544 2543 2614 ἀνωτέρω
2569 2544 2832 2614 ἐδήλωσεν
2864 2541 3053 2606 εἰπὼν,
3099 2540 3247 2608 Πρίν
3274 2541 3312 2609 ἢ
3355 2538 3577 2611 γνῶναι
3608 2540 3794 2595 αὐτὸν
3822 2539 3864 2609 ἢ

2289 2625 2648 2694 προελέσθαι
2675 2625 2930 2693 πονηρὰ,
2976 2624 3133 2679 τοῦτο
3172 2624 3379 2696 προῖὼν
3415 2622 3631 2696 ᾐνίξατο
3672 2622 3865 2688 εἰπὼν,

2290 2712 2441 2779 Πρίν
2462 2712 2499 2778 ἢ
2524 2708 2743 2781 γνῶναι
2762 2708 2829 2763 τὸ
2846 2708 3106 2762 παιδίοιν
3134 2709 3228 2761 καὶ
3256 2707 3584 2781 ἐπεξηγήσει
3604 2707 3869 2778 κέχρηται

2291 2796 2453 2850 πάλιν
2473 2794 2682 2863 λέγων·
2737 2793 2957 2863 ἀγαθὸν
2985 2792 3023 2860 ἢ
3065 2792 3275 2857 κακὸν,
3314 2790 3545 2847 ἀπειθεῖ
3588 2790 3867 2857 πονηρίᾳ,

2290 2877 2399 2931 τοῦ
2430 2877 2797 2941 ἐκλέξασθαι
2821 2876 2886 2930 τὸ
2910 2876 3154 2946 ἀγαθόν.
3184 2875 3388 2929 Τούτου
3430 2874 3537 2946 7&9
3570 2873 3734 2928 αὐτοῦ
3771 2873 3873 2944 μό·

2292 2978 2385 3014 νου
2406 2957 2474 3033 ἦν
2500 2961 2563 3015 τὸ
2604 2959 2897 3031 ἐξαίρετον.
2948 2959 3040 3012 Διὸ
3071 2961 3165 3014 καὶ
3198 2961 3227 3013 6
3256 2959 3463 3023 Παῦλος
3486 2958 3619 3013 αὐτὸ
3648 2957 3872 3028 στρέφει

2295 3046 2553 3115 συνεχῶς,
2575 3047 2668 3098 καὶ
2703 3045 2953 3115 Ἰωάννης
2992 3043 3050 3098 δὲ
3098 3042 3220 3098 ἰδὼν
3257 3043 3452 3107 αὐτὸν,
3484 3042 3641 3096 τοῦτο
3667 3042 3873 3112 ἀνεκή-

2298 3127 2423 3200 ρυξε
2452 3128 2625 3196 λέγων
2646 3146 2659 3159 °
2696 3127 2818 3183 Ἴδε
2845 3131 2877 3182 ό
2912 3128 3104 3196 ἀμνὸς
3138 3126 3244 3181 τοῦ
3273 3126 3439 3191 Θεοῦ,
3475 3128 3508 3180 ὁ
3527 3126 3715 3194 αίρων
3757 3124 3874 3193 τὴν

2294 3214 2585 3283 ἁμαρτίαν
2628 3211 2735 3265 τοῦ
2772 3212 3023 3278 κόσμου.
3094 3210 3151 3263 Ὀ
3192 3209 3249 3263 δὲ
3300 3209 3400 3281 τὴν
3444 3208 3643 3280 ἑτέρων
3675 3206 3872 3279 αἴρων,

2295 3294 2477 3369 πολλῷ
2500 3295 2699 3367 μᾶλλον
2738 3294 2898 3357 αὐτὸς
2920 3293 3304 3364 ἀναμάρτητος
3334 3288 3421 3364 ἦν.
3449 3292 3559 3346 Καὶ
3584 3294 3613 3345 6
3638 3290 3873 3353 Παῦλος,

2294 3383 2430 3454 ὅπερ
2483 3380 2653 3450 ἔφθην
2685 3377 2875 3438 εἰπὼν,
2936 3376 3173 3448 συνεχῶς
3220 3375 3351 3431 αὐτὸ
3386 3374 3608 3447 ἀναϐοᾷ.
3656 3372 3877 3445 Ἐπειδὴ

2296 3467 2405 3537 γάρ
2454 3464 2679 3535 ἔμελλεν
2723 3462 3105 3532 ἀποθνήσκειν,
3142 3460 3229 3513 ἵνα
3282 3459 3357 3530 μή
3397 3476 3483 3523 τις
3537 3457 3732 3531 νομίσῃ
3762 3456 3879 3511 τῶν

2299 3551 2563 3610 ἀπίστων,
2594 3548 2677 3601 ὃτι
2711 3546 2915 3609 οἰκείας
2964 3545 3238 3616 ἁμαρτίας
3268 3543 3403 3596 τίνει
3430 3542 3604 3614 δίκην,
3638 3542 3880 3612 συνεχῶς

2299 3632 2466 3689 αὐτοῦ
2497 3633 2559 3687 τὸ
2586 3631 2967 3703 ἀναμάρτητον
3002 3631 3081 3692 εἰς
3116 3628 3281 3700 μέσον
3315 3627 3437 3697 ἀγει
3460 3668 3474 3691 ,
3514 3627 3603 3681 ἵνα
3648 3627 3739 3679 τὸν
3786 3625 3883 3678 θά-

2301 3737 2459 3775 νατον
2490 3718 2653 3775 αὐτοῦ
2707 3720 2806 3789 τῆς
2844 3717 3117 3789 ἡμετέρας
3161 3715 3435 3787 ἀμαρτίας
3472 3713 3721 3785 λυτήριον
3746 3714 3881 3767 ὅντα

2299 3807 2469 3878 δείξῃ.
2499 3804 2590 3859 Διὸ
2617 3805 2711 3859 καὶ
2742 3804 2894 3872 ἔλεγε
2913 3818 2928 3834 °
2978 3801 3231 3872 Χριστὸς
3260 3799 3519 3869 έτερθείς
3549 3799 3618 3852 έκ
3645 3798 3883 3867 νεκρῶν

2301 3892 2505 3945 οὐκέτι
2534 3886 2923 3951 ἀποθνήσκει.
2952 3884 3061 3941 Καὶ
3089 3884 3199 3955 γὰρ
3220 3885 3252 3938 ὃ
3281 3883 3557 3946 ἀπέθανε,
3583 3880 3659 3950 τῇ
3695 3881 3891 3949 ἀμαρ-

2302 3976 2399 4043 τίᾳ
2427 3972 2745 4030 ἀπέθανεν.
2782 3971 2916 4026 Οὐδέ
2961 3973 3166 4025 ἐκεῖνον
3197 3968 3288 4023 τὸν
3320 3967 3565 4029 θάνατον,
3596 3965 3671 4029 ὡς
3712 3964 3890 4019 ὐπεύο

2303 4060 2461 4123 θυνος
2492 4059 2590 4121 ὣν,
2637 4057 2790 4129 φησὶ,
2823 4054 2965 4119 κσετά
3004 4054 3097 4108 τὸν
3137 4053 3236 4123 τῆς
3265 4051 3539 4124 ἁμαρτίας
3567 4050 3721 4119 λόγον
3770 4050 3888 4105 ἀπ-

2304 4142 2514 4206 έθανεν,
2543 4141 2656 4196 ἀλλ’
2680 4142 2821 4211 ὑπὲρ
2851 4140 2950 4209 τῆς
2992 4137 3175 4207 κοινῆς
3198 4138 3453 4191 ἀπάντων
3481 4131 3884 4211 πλημμελείας.

2306 4225 2371 4280 Εἰ
2404 4226 2579 4280 τοίνυν
2598 4222 2677 4295 τῷ
2713 4222 2964 4294 προτέρῳ
2994 4219 3137 4275 κατά
3164 4220 3261 4274 τοῦ
3294 4231 3318 4259 ο
3347 4216 3644 4281 ὑπεύθυνος
3673 4214 3774 4269 οὐκ
3788 4210 3890 4286 ἦν,

2305 4309 2372 4362 ἐκ
2391 4309 2705 4381 περιουσίας
2738 4305 3137 4367 ἀποδέδεικται,
3166 4304 3252 4355 ὅτι
3292 4300 3475 4355 οὐκέτι
3508 4299 3889 4381 ἀποθανεῖται.

2307 4392 2420 4447 Καὶ
2472 4380 3007 4459 καταλειφθήσεται
3047 4386 3087 4455 ἡ
3117 4384 3240 4455 στῆ,
3295 4382 3378 4452 ἠν
3415 4382 3498 4439 σὺ
3546 4380 3725 4452 φοϐῇ.
3760 4380 3896 4437 ἀπὸ

2308 4474 2631 4543 προσώπου
2676 4473 2796 4526 τῶν
2829 4471 2938 4525 δύο
2982 4467 3313 4536 βασιλέων.
3370 4467 3548 4537 Ὅπερ
3586 4464 3823 4536 συνεχῶς
3858 4465 3898 4518 6

2310 4558 2595 4629 προφήτης
2632 4558 2795 4621 ποιεῖ,
2830 4554 2988 4608 τοῦτο
3014 4552 3246 4606 ἐνταῦθα
3284 4547 3569 4620 πεποίηκε.
3598 4549 3748 4603 Μετά
3786 4548 3897 4620 τὴν

2308 4641 2644 4712 προφητείαν
2666 4641 2759 4692 ἐπὶ
2790 4637 2887 4710 τὴν
2919 4636 3160 4705 ἱστορίαν
3197 4633 3381 4703 ἐξάγει
3402 4633 3493 4687 τὸν
3520 4632 3693 4701 λόγον.
3714 4630 3901 4685 Τοῦτο

2309 4726 2405 4779 καὶ
2445 4725 2537 4777 ἐπὶ
2574 4722 2683 4776 τῶν
2722 4721 2971 4793 Σεραφὶμ
3016 4718 3501 4773 κατασκευάσαντα
3540 4714 3724 4784 σαφῶς
3777 4714 3897 4766 ἀπ-

2308 4805 2608 4877 εδείξαμεν,
2647 4806 2676 4859 ὃ
2700 4806 2794 4859 καὶ
2840 4803 3071 4858 ἐνταῦθα
3116 4801 3423 4873 εἰργάσατο.
3462 4797 3645 4852 Εἰπὼν
3676 4796 3787 4867 7&9
3819 4797 3897 4852 τὰ

2314 4890 2572 4962 μέλλοντα
2610 4887 2828 4942 έσεσθαι
2880 4887 2979 4955 τῆς
3021 4885 3344 4955 οἰκουμένης
3398 4881 3576 4951 ἀγαθά
3604 4922 3620 4946 ,
3656 4881 3737 4942 εἰς
3793 4880 3902 4933 τὸν

2313 4973 2535 5043 βασιλέα
2569 4972 2753 5024 λοιπὸν
2799 4970 2987 5043 τρέπει
3026 4968 3118 5023 τὸν
3163 4967 3338 5035 λόγον.
3390 4966 3481 5018 Διὸ
3517 4964 3612 5019 καὶ
3638 4964 3901 5033 ἐπήγαγε

2312 5060 2507 5127 λέγων’
2537 5054 3090 5123 Καταλειφθήσεται
3124 5052 3164 5118 ἡ
3195 5050 3297 5122 τῆ.
3324 5050 3389 5103 Τί
3418 5052 3535 5104 ἐστι
3557 5090 3571 5111 ,
3604 5050 3899 5101 Καταλει-

2310 5142 2638 5212 φθήσεταις
2683 5137 2981 5206 Ἀνέπαφος
3005 5136 3180 5198 ἔσται.
3200 5132 3457 5204 ελευθέρα
3488 5132 3641 5185 ἔσται
3663 5130 3707 5196 ί,
3734 5130 3903 5185 οὐδὲν

2312 5227 2563 5280 πείσεται
2605 5222 2788 5293 ἀηδὲς,
2821 5222 2891 5275 τά
2943 5219 3038 5275 τοῦ
3085 5218 3326 5289 πολέμου
3358 5218 3456 5287 οὐχ
3502 5216 3899 5285 ὐποστήσεται,

2313 5311 2424 5366 Καὶ
2448 5306 2985 5377 καταλειφθήσεται
3013 5305 3052 5373 ἠ
3080 5302 3177 5375 γῆ.
3229 5300 3311 5369 ἣν
3336 5300 3418 5355 σὺ
3439 5297 3595 5369 φοδῆ
3612 5340 3626 5363 ν
3653 5298 3798 5370 ὑπὲρ
3823 5295 3905 5371 ἧς

2312 5396 2553 5457 δέδοικας
2572 5433 2589 5457 ,
2626 5392 2766 5462 ὑπὲρ
2789 5386 2856 5463 ἦς
2887 5388 3129 5459 τρέμεις,
3157 5386 3276 5441 ἀπὸ
3298 5383 3620 5454 προσώπου
3636 5380 3757 5435 τῶν
3779 5381 3904 5437 δύο

2307 5478 2637 5545 βασιλέων,
2662 5473 2757 5529 τοῦ
2787 5490 2846 5527 τε
2872 5469 3253 5543 Δαμασκηνοῦ,
3281 5469 3378 5523 καὶ
3402 5466 3494 5521 τοῦ
3529 5466 3898 5537 Ἰσραηλίτου.

2313 5560 2448 5617 Εἶτα
2489 5561 2577 5615 ἵνα
2608 5559 2683 5630 μὴ
2711 5559 2778 5628 τῇ
2806 5556 2914 5609 τῶν
2937 5553 3158 5623 ἀγαθῶν
3187 5550 3488 5625 προφητείᾳ
3521 5548 3901 5620 ῥᾳθυμότερος

2312 5647 2558 5717 γένηται,
2594 5641 2727 5715 μηδὲ
2754 5639 2858 5693 ὐπὸ
2886 5641 2985 5709 τῆς
3004 5638 3226 5708 εἰρήνης
3255 5635 3597 5717 χαυνότερος,
3625 5632 3900 5717 ἐπισφίγτ

2313 5714 2401 5799 γει
2432 5714 2589 5783 πάλιν
2617 5722 2782 5779 αὐτοῦ
2830 5722 2927 5793 τὴν
2959 5720 3134 5791 ψυχὴν
3158 5719 3332 5786 λέγων
3356 5732 3371 5747 ’
3416 5715 3591 5770 Ἀλλὰ
3620 5714 3833 5781 ἐπάξει
3857 5714 3900 5769 ὁ

2380 5915 2405 5943 ο
2430 5899 2522 5950 mc
2539 5891 3039 5957 legendumuomning
3058 5896 3137 5940 est
3162 5888 3286 5957 mg
3306 5884 3490 5957 τοῦτο..
3558 5943 3569 5955 ι

2381 5961 2401 6004 ί
2819 5955 2971 6019 ἔσται,
2993 5953 3170 6006 εἰκυυί
3186 5965 3213 6003 ι
3238 5949 3362 6015 Reg.
3385 5954 3439 5999 ει
3459 5945 3629 6014 Sail.-
