4102 6306
283 349 363 405 ss
1581 317 1677 409 in
1714 350 1966 425 lSAlAM,
2003 354 2157 414 cur.
2200 358 2312 418 vn.
3507 365 3576 420 se

308 461 512 534 virtute)
545 479 560 517 :
593 460 831 534 idipsum
862 464 1046 536 itaque
1073 463 1142 523 de
1169 463 1383 522 Christo
1409 463 1715 534 dicendum,
1745 465 1890 538 quod

307 570 483 627 nempe
507 556 612 626 ipsi
650 570 719 610 ex
753 557 924 612 rebus
967 571 1160 612 nomen
1205 557 1537 627 imposuerit.
1577 557 1726 612 Tunc
1748 560 1891 612 enim

307 649 529 706 maxime
554 647 842 704 uobiscum
865 649 1011 704 Deus
1035 647 1206 704 factus
1230 656 1333 715 est,
1357 662 1480 702 cum
1508 648 1561 703 in
1584 657 1724 703 terra
1747 647 1892 704 visus

304 751 397 808 est,
424 748 478 795 et
507 755 635 795 cum
680 739 997 796 hominibus
1029 749 1376 796 conversatus
1417 748 1536 808 est,
1564 741 1893 812 multamque

306 849 422 905 erga
448 847 556 888 nos
579 833 979 903 providentiam
1018 833 1279 889 exhibuit.
1307 832 1425 890 Non
1450 833 1593 888 enim
1621 833 1761 888 ultra
1797 848 1894 888 an-

306 933 466 998 gelus,
495 941 607 982 non
635 926 994 997 archangelus
1021 926 1322 994 nobiscum,
1349 925 1442 981 sed
1472 927 1586 997 ipse
1614 926 1890 993 Dominus,

306 1022 390 1092 qui
417 1020 738 1086 descendit,
769 1036 985 1077 omnem
1014 1023 1068 1076 in
1098 1037 1156 1077 se
1180 998 1412 1092 suscepit
1440 1020 1890 1087 emendationem,

310 1129 422 1168 cum
443 1113 821 1168 meretricibus
834 1113 1085 1184 loquens,
1107 1128 1225 1168 cum
1244 1114 1540 1184 publicanis
1556 1114 1891 1180 recumbens,

311 1206 361 1262 in
391 1215 737 1276 peccatorum
764 1205 958 1262 domus
987 1205 1311 1277 ingrediens,
1341 1207 1638 1263 latronibus
1667 1207 1892 1263 liberam

312 1297 562 1368 loquendi
608 1297 860 1354 fiduciam
892 1298 1120 1367 indens,
1155 1314 1340 1370 magos
1373 1299 1669 1376 attrahens,
1715 1300 1895 1356 omnia

309 1391 642 1461 perlustrans
678 1401 736 1446 et
771 1391 1103 1460 reformans,
1145 1393 1314 1463 ipsam
1358 1402 1604 1448 naturam
1647 1393 1749 1449 sibi
1794 1393 1894 1465 ipsi

308 1483 515 1538 uniens.
543 1482 676 1538 ﬂare
702 1483 880 1554 itaque
897 1483 1075 1538 omnia
1100 1484 1352 1555 propheta
1369 1485 1715 1555 pramuntiat,
1738 1486 1895 1540 simul

308 1585 516 1646 partum
549 1576 775 1640 dicens,
816 1586 869 1632 et
895 1586 1078 1646 partus
1119 1577 1324 1632 lucrum
1367 1577 1635 1633 ineﬂabile
1672 1577 1800 1633 illud
1841 1585 1897 1633 et

313 1671 658 1726 immensum.
704 1667 838 1724 Cum
883 1670 1028 1725 enim
1077 1671 1215 1725 Deus
1255 1684 1377 1725 cum
1423 1669 1729 1725 hominibus
1775 1678 1892 1738 est,

308 1761 428 1816 nihil
459 1760 608 1814 ultra
640 1759 962 1827 timendum,
1007 1759 1136 1815 nihil
1164 1761 1528 1829 tremendum,
1556 1761 1651 1817 sed
1682 1761 1750 1817 de
1774 1777 1895 1816 om-

309 1851 455 1906 nibus
479 1849 763 1906 tidendum
789 1859 872 1906 est
901 1867 917 1905 :
950 1851 1003 1906 id
1032 1851 1173 1923 quod
1199 1853 1360 1906 etiam
1398 1852 1596 1907 factum
1626 1861 1728 1908 est.
1762 1852 1894 1908 Nam

311 1943 521 2013 antiqua
568 1942 662 1996 illa
700 1950 756 1998 et
785 1943 1003 1997 immota
1029 1943 1166 1997 mala
1193 1943 1367 1998 soluta
1397 1952 1544 2009 sunt,
1573 1943 1682 1997 lata
1709 1952 1894 1999 contra

312 2049 593 2090 commune
635 2034 920 2090 hominum
968 2050 1135 2106 genus
1177 2037 1439 2091 sententia
1486 2037 1730 2092 submota
1777 2045 1892 2107 est,

312 2127 621 2199 peccatique
651 2128 808 2183 nervi
838 2129 979 2198 rupti
1005 2136 1160 2192 sunt,
1187 2128 1385 2183 diaboli
1416 2129 1655 2200 tyrannis
1683 2130 1856 2184 soluta
1876 2172 1892 2198 ,

311 2224 693 2294 paradisusque
719 2222 970 2278 omnibus
996 2222 1299 2278 inaccessus
1320 2222 1601 2278 homicida:
1623 2233 1680 2279 et
1699 2224 1895 2280 latroni

313 2317 523 2386 primum
569 2317 855 2386 aperitur,
882 2315 1126 2371 caelestes
1163 2315 1396 2372 fornices
1433 2326 1758 2382 reserantur,
1792 2318 1894 2373 ho-

313 2423 488 2477 moque
513 2421 646 2463 cum
671 2407 883 2478 angelis
903 2408 1298 2475 commiscetur,
1329 2423 1390 2465 ac
1412 2419 1599 2464 natura
1629 2419 1808 2464 nostra
1829 2409 1896 2465 ad

315 2501 498 2570 regium
521 2499 728 2555 solium
759 2498 1082 2554 adducitur:
1107 2499 1297 2556 inferni
1320 2515 1505 2556 carcer
1526 2501 1728 2557 inutilis
1754 2518 1898 2557 mor-

315 2593 465 2662 lisque
484 2607 696 2646 nomen
729 2591 906 2646 solum
938 2592 1169 2658 mansit,
1194 2608 1252 2648 re
1280 2592 1396 2663 ipsa
1434 2607 1658 2648 vacuum
1692 2612 1706 2649 :
1747 2607 1893 2649 mar-

315 2695 467 2756 tyrum
497 2686 656 2741 chori
683 2727 700 2753 ,
729 2694 788 2741 et
814 2686 1068 2741 mulieres
1097 2685 1344 2740 stimulos
1373 2685 1569 2741 inferni
1600 2685 1893 2757 fregerunt.

368 2777 551 2831 Contra
575 2776 905 2831 Marcionem
926 2787 971 2831 et
1001 2775 1338 2831 Valentinum.
1357 2806 1427 2817 —
1445 2776 1568 2833 Haec
1586 2777 1763 2849 itaque
1781 2792 1898 2832 0m-

315 2868 384 2922 nia
409 2867 718 2939 praevidens
749 2867 1016 2939 propheta
1040 2867 1338 2923 exsultabat
1358 2875 1412 2923 et
1432 2866 1656 2923 choreas
1682 2867 1893 2938 agebat,

314 2969 360 3014 et
385 2975 486 3015 uno
515 2958 692 3016 verbo
725 2959 915 3014 omnia
955 2957 1109 3013 nobis
1145 2957 1458 3024 declaravit,
1488 2958 1894 3014 Emmanuelem

319 3050 458 3107 nobis
478 3054 880 3122 pmnuntians.
910 3050 998 3106 15.
1025 3049 1274 3121 Butyrum
1299 3060 1346 3105 et
1368 3050 1467 3104 mel
1486 3050 1728 3117 comedet,
1755 3058 1897 3104 ante-

313 3160 454 3212 quam
481 3145 605 3198 sciat
635 3146 750 3214 ipse
769 3144 850 3198 vel
884 3143 1175 3214 praeligere
1200 3144 1360 3208 mala,
1396 3143 1542 3212 eliget
1567 3143 1770 3197 bonum.
1804 3143 1892 3199 16.

316 3236 444 3302 Quia
475 3245 746 3307 antequam
773 3236 908 3290 sciat
943 3252 1070 3306 puer
1095 3234 1278 3290 bonum
1310 3244 1397 3289 aut
1426 3236 1650 3300 malum,
1679 3252 1781 3291 non
1809 3237 1898 3291 ob-

313 3339 558 3398 temperat
583 3329 811 3394 malitite,
836 3337 896 3382 ut
925 3328 1081 3398 eligat
1111 3327 1317 3382 bonum.
1345 3327 1606 3394 Quoniam
1632 3343 1766 3399 puer
1794 3329 1896 3384 iste

313 3430 469 3475 natus
487 3435 662 3490 neque
695 3419 854 3475 homo
878 3418 1110 3489 simplex
1136 3427 1271 3485 erat,
1295 3433 1469 3489 neque
1495 3418 1636 3474 Deus
1665 3427 1893 3486 tantum,

314 3510 412 3567 sed
431 3511 578 3566 Deus
603 3510 658 3566 in
685 3510 924 3578 homine,
947 3510 1067 3580 jure
1093 3509 1353 3580 propheta
1379 3523 1681 3565 sermonem
1702 3510 1895 3580 variat,

316 3616 462 3656 nunc
491 3600 629 3668 hoc,
670 3616 807 3656 nunc
843 3599 978 3656 illud
1023 3600 1229 3667 dicens,
1260 3599 1519 3671 stupenda
1567 3615 1891 3672 proponens,

317 3707 417 3748 nec
444 3693 752 3762 permittens
795 3701 853 3747 ut
881 3692 1016 3747 fides
1058 3702 1282 3763 negetur
1326 3694 1641 3748 oeconomiae
1678 3702 1896 3765 propter

317 3783 660 3838 eminentiam
705 3783 974 3838 miraculi.
1006 3782 1138 3838 Cum
1183 3783 1415 3838 dixisset
1453 3784 1596 3839 enim
1635 3785 1894 3856 virginem

317 3888 433 3929 esse
457 3874 772 3946 parituram,
806 3874 860 3929 id
889 3873 1031 3944 quod
1059 3883 1304 3929 naturam
1331 3874 1634 3945 superabat,
1657 3883 1712 3931 et
1737 3875 1888 3932 illum

319 3965 628 4021 Emmanuel
651 3964 952 4020 vocandum
973 3979 1113 4030 esse,
1141 3965 1282 4035 quod
1303 3965 1475 4035 ipsum
1495 3967 1896 4037 exspectatione

319 4059 480 4128 majus
499 4067 638 4123 erat,
661 4073 733 4114 ne
758 4058 880 4128 quis
899 4056 1304 4114 Emmanu'elem
1323 4057 1564 4124 audiens,
1591 4059 1644 4113 in
1673 4058 1896 4114 Marcio-

321 4149 399 4204 nis
423 4157 474 4206 et
497 4150 550 4204 in
569 4149 849 4206 Valentini
873 4148 1119 4205 morbum
1137 4148 1414 4216 incideret,
1444 4158 1658 4222 propter
1675 4151 1894 4222 dispen-

322 4242 591 4310 sationem,
619 4241 976 4298 clarissimam
1004 4241 1213 4298 induxit
1235 4241 1648 4313 dispensationis
1668 4244 1893 4301 demon-

321 4337 620 4392 strationem
678 4334 756 4408 (α)
783 4377 800 4403 ,
842 4349 875 4390 a
923 4349 1105 4391 mensa
1138 4335 1240 4406 ipsi
1288 4334 1447 4392 tidem
1495 4335 1715 4392 faciens.
1750 4337 1890 4406 Quid

322 4425 449 4481 enim
475 4427 553 4480 ait
575 4428 600 4481 ἲ
619 4425 876 4497 Butgrum
900 4432 948 4480 et
971 4424 1069 4479 mel
1096 4425 1337 4481 comedet.
1381 4424 1439 4481 Id
1466 4441 1594 4483 vero
1617 4442 1726 4483 non
1752 4427 1890 4484 divi-

319 4517 484 4572 uitatis
506 4517 702 4581 fuerit.
725 4514 824 4570 sed
852 4523 1052 4572 natura:
1080 4525 1300 4571 nostrae.
1349 4515 1557 4573 Idcirco
1600 4518 1743 4574 enim
1786 4535 1892 4577 non

315 4607 618 4678 simpliciter
662 4608 716 4662 in
757 4606 973 4663 homine
1009 4607 1086 4684 ab
1109 4622 1168 4663 se
1201 4606 1429 4664 formato
1455 4608 1753 4680 habitavit,
1785 4611 1882 4667 sed

313 4701 460 4755 etiam
487 4701 542 4756 in
570 4708 734 4755 utero
762 4707 999 4771 gestatus
1023 4707 1106 4754 est
1128 4739 1144 4765 ,
1186 4697 1347 4770 idque
1389 4714 1485 4770 per
1510 4717 1703 4758 novem
1729 4719 1880 4759 men-

311 4804 409 4854 ses,
431 4801 648 4860 partum
678 4805 993 4861 pannosque
1016 4789 1199 4856 subiit,
1221 4799 1276 4846 et
1298 4791 1476 4847 cibum
1508 4793 1720 4849 tenella:
1748 4797 1890 4852 aetati

312 4895 753 4948 Comentanenm,
782 4889 841 4935 ut
868 4896 962 4953 per
987 4881 1103 4937 haec
1126 4881 1306 4937 omnia
1334 4896 1396 4938 os
1425 4882 1695 4940 obturaret
1714 4885 1780 4942 iis
1796 4887 1884 4957 qui

313 4971 729 5030 incarnationem
760 4988 958 5044 negare
993 4973 1276 5030 auderent.
1321 4973 1450 5030 Haec
1492 4975 1670 5049 itaque
1693 4979 1890 5048 praevi-

314 5065 432 5120 dens
457 5066 729 5137 propheta
754 5079 862 5119 non
886 5065 1081 5120 natalia
1101 5063 1274 5120 solum
1294 5073 1347 5120 ct
1367 5065 1663 5122 mirabilem
1679 5078 1890 5138 partum

314 5157 463 5211 dicit:
491 5157 588 5214 sed
615 5157 783 5213 etiam
825 5156 1139 5212 alimentum
1183 5156 1398 5212 tenellae
1447 5158 1619 5215 aetatis
1642 5201 1658 5227 ,
1687 5174 1795 5230 quo
1826 5161 1879 5216 in

317 5249 578 5305 cunabulis
602 5263 737 5304 usus
757 5255 859 5313 est,
883 5246 1028 5318 quod
1055 5246 1188 5302 nihil
1216 5245 1496 5304 diﬂ‘erebat
1520 5263 1550 5303 a
1577 5259 1891 5306 caaterorum

317 5336 578 5399 hominum
597 5358 742 5410 esca,
760 5357 860 5399 nec
877 5339 1152 5414 quidpiam
1180 5339 1453 5396 insolitum
1481 5341 1732 5399 habebat.
1756 5342 1888 5399 Nam

318 5429 368 5485 in
394 5432 476 5488 illo
505 5449 677 5507 neque
704 5435 882 5491 omnia
911 5433 1134 5489 diversa
1149 5440 1324 5500 erant,
1351 5447 1524 5504 neque
1551 5435 1728 5489 omnia
1752 5449 1894 5490 com-

341 5623 352 5631 .
374 5563 442 5625 (a)
471 5565 598 5624 Quod
619 5564 732 5617 dicit
753 5565 872 5616 infra
896 5563 1280 5625 Chrysostomus
1295 5561 1466 5612 Isaiam
1481 5562 1614 5614 clare
1636 5565 1888 5627 dispensa-

317 5628 470 5694 tionis,
505 5640 592 5676 seu
624 5629 993 5694 incarnationis,
1031 5624 1501 5694 demonstrationem
1523 5627 1795 5694 induxisse,
1825 5643 1891 5677 ne

317 5687 419 5746 Quis
439 5690 484 5736 in
755 5698 835 5741 aut
857 5685 1128 5752 Valentini
1151 5685 1369 5752 morbum
1411 5688 1666 5752 incideret,
1692 5702 1752 5738 eo
1773 5685 1890 5752 spe-

319 5755 410 5814 ctat
429 5753 547 5812 quod
569 5751 836 5804 Valentinus
855 5758 914 5803 et
941 5747 1160 5797 κει-εἱσι]
1183 5747 1421 5814 dicerent,
1447 5748 1610 5800 Filium
1633 5764 1727 5802 non
1751 5747 1889 5814 vero,

321 5810 570 5877 sedspecie
585 5820 772 5881 tantum,
794 5822 1018 5870 carnem
1039 5811 1325 5872 sumsisse.

2000 473 2202 528 munia.
2234 473 2367 531 Illud
2387 475 2554 544 enim,
2581 492 2647 534 ex
2679 478 2902 536 muliere
2934 482 3078 538 nasci
3104 523 3120 552 ,
3146 498 3429 542 commune
3452 497 3536 542 est
3561 505 3578 552 ;

1998 579 2065 620 ex
2091 565 2294 637 virgine
2321 577 2495 624 autem
2516 611 2532 638 ,
2561 571 2733 641 majus
2770 589 2926 644 quam
2957 575 3193 631 conditio
3215 586 3392 632 nostra
3424 576 3582 633 ferat.

1999 659 2326 716 Alimentqu
2352 677 2566 720 sumere
2589 679 2802 720 rursum
2829 707 2845 732 ,
2889 682 2956 722 ex
2980 676 3185 723 natura:
3211 668 3328 738 lege
3353 679 3435 724 est
3462 685 3585 740 qua:

1999 753 2208 808 caeteris
2236 755 2511 825 competit,
2534 771 2597 812 ac
2621 772 2908 815 commune
2935 770 3019 815 est
3042 777 3057 826 ;
3087 771 3142 816 at
3171 762 3427 833 templum
3455 763 3582 818 illud

2001 841 2329 898 inaccessum
2353 859 2472 900 esse
2493 848 2762 917 nequitiae,
2782 865 2956 919 neque
2975 852 3399 920 experimentum
3419 853 3582 907 ullum

2001 935 2218 990 malitiae
2240 937 2436 994 habere
2459 979 2474 1005 ,
2506 939 2608 996 hoc
2634 955 2831 996 novum
2853 983 2868 1007 ,
2901 943 3001 997 hoc
3029 944 3347 1013 stupendum
3379 953 3462 1000 cst
3485 985 3500 1008 ,
3527 953 3582 1000 tt

2000 1027 2099 1097 ipsi
2129 1029 2227 1084 soli
2251 1032 2522 1101 competit.
2547 1031 2778 1103 Ideoque
2799 1033 2974 1089 ethoc
2994 1045 3049 1089 et
3072 1035 3200 1089 illud
3228 1035 3425 1105 posuit.
3457 1034 3576 1090 Non

2000 1119 2142 1173 enim
2175 1129 2296 1190 post
2323 1122 2748 1191 experimentum
2777 1124 2994 1180 malitia:
3029 1140 3058 1178 a
3100 1126 3298 1180 malitia
3327 1126 3529 1181 abstitit
3557 1167 3577 1194 ,

2001 1211 2172 1280 inquit
2205 1251 2221 1277 ,
2252 1212 2346 1267 sed
2375 1213 2443 1268 ab
2471 1215 2586 1282 ipso
2615 1215 2877 1286 principio
2905 1226 2960 1271 et
2985 1216 3208 1271 exordio
3233 1233 3447 1273 omnem
3474 1218 3582 1272 vir-

2003 1312 2166 1360 tutem
2197 1304 2457 1360 exhibuit.
2484 1307 2635 1373 Quod
2657 1317 2713 1363 et
2731 1308 2843 1378 ipse
2863 1309 2938 1362 ait
2965 1324 2979 1362 :
3015 1308 3140 1374 Quis
3167 1325 3230 1363 ex
3256 1310 3380 1378 ipsis
3404 1317 3587 1379 arguet

2002 1413 2080 1450 me
2107 1397 2170 1449 de
2193 1399 2437 1468 peccato?
2464 1409 2518 1453 et
2546 1415 2560 1452 :
2600 1397 2744 1453 Venit
2775 1403 3010 1470 princeps
3033 1402 3189 1473 hujus
3210 1401 3390 1453 mundi
3421 1442 3436 1466 ,
3461 1411 3506 1454 et
3532 1403 3586 1454 in

2001 1504 2080 1541 me
2102 1504 2202 1542 non
2232 1488 2378 1543 habet
2401 1490 2660 1560 quidpiam
2683 1490 2859 1561 (Joan.
2886 1492 2938 1546 8.
2968 1492 3056 1546 46.
3081 1501 3126 1544 et
3156 1493 3243 1546 Η.
3273 1491 3386 1558 30).

2077 1580 2130 1633 7.
2171 1581 2343 1650 Atque
2386 1581 2474 1635 hic
2517 1583 2630 1652 ipse
2679 1583 2936 1652 proiiheta
2986 1583 3036 1636 in
3086 1583 3432 1652 sequentibus
3473 1583 3585 1638 ait:

2003 1669 2277 1725 Peccatum
2310 1689 2410 1725 non
2436 1673 2572 1742 fecit,
2605 1690 2762 1742 neque
2786 1674 2932 1727 dolus
2961 1675 3186 1728 inuentus
3207 1685 3277 1729 est
3298 1677 3350 1728 in
3375 1691 3460 1730 ore
3479 1677 3589 1745 ejus

2005 1762 2156 1833 (lsai.
2189 1764 2276 1818 55.
2319 1762 2396 1833 9).
2443 1763 2553 1818 Hoc
2582 1773 2728 1819 certe
2757 1773 2811 1819 et
2849 1765 2950 1820 hoc
2988 1766 3106 1820 loco
3133 1767 3226 1831 ait,
3257 1766 3379 1836 quia
3410 1767 3588 1836 prius-

2000 1868 2159 1923 quam
2196 1854 2330 1909 sciat
2374 1855 2486 1924 ipse
2525 1855 2610 1909 vel
2652 1855 2788 1926 mala
2819 1857 3160 1926 prmeligere,
3205 1857 3273 1911 ab
3309 1869 3466 1912 aetate
3497 1857 3588 1911 illa

2001 1921 2203 2000 nullum
2233 1921 2450 2015 experta
2497 1921 2693 1998 malniii
2719 1986 2736 2011 ,
2783 1921 2850 1999 ab
2888 1921 3025 2015 ipso'
3042 1947 3304 2017 principio
3337 1948 3586 2002 virtutem

2001 2037 2270 2104 ostendet,
2319 2037 2554 2109 nihilque
2593 2054 2712 2092 cum
2762 2039 2993 2108 nequitia
3031 2053 3313 2094 commune
3350 2039 3585 2094 habebit.

2005 2131 2138 2197 Quia
2187 2133 2480 2202 priusquam
2524 2133 2650 2186 sciat
2694 2148 2818 2202 puer
2861 2132 3044 2186 bonum
3088 2141 3178 2186 aut
3223 2133 3411 2186 malum
3433 2174 3446 2196 ,
3485 2149 3588 2186 non

2001 2223 2308 2293 obtemperat
2346 2221 2585 2289 malitiae,
2630 2231 2684 2275 ut
2712 2223 2863 2294 eligat
2902 2223 3104 2276 bonum.
3137 2222 3367 2278 Rursum
3397 2223 3584 2277 iisdem

2000 2315 2179 2371 verbis
2215 2315 2459 2371 eamdem
2499 2316 2813 2371 sententiam
2860 2315 3186 2382 subindicat,
3221 2326 3275 2370 et
3314 2316 3366 2370 in
3396 2315 3586 2370 eodem

1999 2415 2242 2462 versatur
2270 2421 2536 2462 sermone.
2566 2407 2696 2474 Quia
2731 2407 2871 2462 enim
2903 2407 3188 2462 admodum
3219 2408 3445 2462 sublime
3473 2415 3590 2462 erat

2001 2497 2052 2552 id
2073 2495 2212 2568 quod
2238 2497 2532 2562 dicebatur,
2552 2497 2868 2551 narrationis
2881 2497 3276 2552 continuatione
3299 2497 3395 2566 ipsi
3425 2496 3582 2551 fidem

2003 2590 2274 2644 conciliat.
2313 2589 2464 2655 Quod
2488 2590 2630 2644 enim
2659 2605 2816 2660 supra
2848 2589 3139 2645 declaravit
3161 2589 3343 2645 dicens
3367 2607 3378 2642 :
3402 2588 3587 2642 Prius-

1999 2698 2149 2751 quam
2172 2682 2297 2734 sciat
2321 2682 2428 2750 ipse
2455 2681 2532 2735 uel
2552 2682 2841 2752 praeﬁgere
2864 2685 3021 2748 mata,
3051 2681 3154 2736 hoc
3182 2692 3365 2754 postea
3390 2680 3576 2735 subin-

2000 2771 2194 2827 dicavit
2222 2771 2442 2838 dicens,
2478 2770 2783 2840 Priusquam
2819 2773 2944 2828 sciat
2976 2788 3133 2842 puer;
3158 2783 3212 2827 et
3247 2772 3587 2828 enarratione

2000 2878 2210 2918 rursum
2239 2864 2402 2919 utitur
2431 2863 2615 2918 dicens
2633 2881 2649 2920 :
2668 2863 2868 2918 Bonum
2895 2874 2983 2918 aut
3011 2865 3236 2931 malum,
3267 2881 3368 2918 non
3393 2866 3584 2918 obtem-

2001 2965 2145 3027 perat
2169 2957 2394 3023 matitite,
2427 2966 2481 3010 ut
2507 2957 2659 3028 eligat
2687 2959 2891 3011 bonum.
2923 2957 3089 3027 Hujus
3115 2959 3256 3012 enim
3285 2957 3451 3011 solius
3472 2965 3590 3011 erat

2003 3047 2115 3102 haec
2138 3048 2503 3118 praerogativa.
2522 3047 2644 3102 Ideo
2662 3057 2717 3104 et
2736 3048 2930 3104 Paulus
2945 3047 3046 3104 hoc
3064 3047 3278 3104 assidue
3305 3057 3510 3113 versat,
3533 3056 3589 3101 et

2000 3137 2235 3194 Joannes
2268 3137 2455 3193 videns
2499 3139 2681 3207 illum,
2732 3138 2836 3194 hoc
2881 3138 3208 3209 praedicavit.
3256 3137 3390 3192 Ecce
3425 3154 3587 3210 agnus

1999 3230 2098 3285 Dei
2115 3231 2200 3301 qui
2225 3231 2356 3285 tollit
2375 3243 2627 3303 peccatum
2654 3233 2834 3287 mundi
2856 3231 3036 3302 (Joan.
3067 3233 3119 3288 1.
3147 3232 3261 3303 29).
3284 3232 3384 3298 Qui
3405 3241 3582 3286 autem

2000 3322 2221 3378 aliorum
2250 3333 2463 3393 peccata
2493 3323 2709 3378 tollebat
2733 3364 2747 3387 ,
2779 3324 2946 3378 multo
2972 3323 3140 3394 magis
3170 3324 3280 3394 ipse
3309 3338 3337 3376 a
3365 3333 3587 3393 peccato

1999 3413 2251 3471 immunis
2280 3425 2413 3471 erat.
2446 3417 2511 3471 Et
2535 3416 2750 3484 Paulus,
2778 3427 2836 3471 ut
2863 3417 3023 3472 modo
3047 3416 3309 3481 dicebam,
3340 3416 3589 3487 frequen-

2000 3514 2081 3562 ter
2105 3507 2332 3577 idipsum
2358 3507 2573 3562 clamat.
2592 3508 2722 3574 Quia
2748 3508 2888 3562 enim
2918 3509 3006 3563 ille
3029 3507 3317 3562 moriturus
3342 3516 3456 3563 erat
3474 3550 3488 3575 ,
3517 3523 3587 3564 ne

1998 3600 2118 3670 quis
2143 3599 2433 3656 infidelium
2455 3609 2683 3670 putaret,
2707 3600 2879 3669 ipsum
2905 3600 3104 3669 peccati
3130 3601 3210 3654 sui
3231 3599 3356 3654 dare
3376 3614 3585 3668 ptenas,

2001 3690 2310 3763 frequenter
2338 3697 2454 3762 ejus
2484 3691 2976 3762 impeccabilitatem
3005 3691 3057 3746 in
3083 3691 3313 3746 medium
3340 3691 3584 3759 adducit,

1999 3792 2058 3838 ut
2077 3790 2304 3838 mortem
2326 3782 2492 3853 ipsius
2513 3783 2714 3852 peccati
2738 3782 2903 3836 nostri
2925 3781 3244 3837 solutionem
3267 3796 3385 3837 esse
3405 3791 3587 3836 osten-

1999 3873 2171 3930 deret.
2192 3873 2547 3943 Quamobrem
2567 3871 3042 3930 dicebat:Christus
3065 3891 3326 3944 resurgens
3351 3891 3413 3929 ex
3439 3890 3580 3927 mor-

2001 3967 2122 4032 tuis,
2145 3967 2250 4032 iam
2272 3982 2372 4019 non
2393 3965 2624 4020 moritur.
2646 3964 2843 4020 Etenim
2862 3964 2996 4035 quod
3015 3976 3244 4019 mortuus
3264 3976 3357 4031 est,
3381 3975 3583 4034 peccato

2000 4066 2228 4112 mortuus
2256 4067 2328 4110 est
2357 4054 2531 4128 (Rom.
2561 4057 2613 4112 6.
2647 4056 2700 4112 9.
2729 4054 2839 4128 10).
2866 4056 3046 4128 Neque
3075 4065 3246 4112 morte
3280 4057 3367 4111 illa
3385 4098 3402 4124 ,
3431 4057 3584 4127 quasi

2000 4165 2143 4216 reus,
2171 4149 2359 4220 inquit,
2379 4148 2668 4205 secundum
2694 4152 2952 4206 rationem
2981 4151 3178 4221 peccati
3200 4160 3440 4206 mortuus
3465 4159 3581 4216 est;

2000 4241 2094 4296 sed
2123 4256 2218 4312 pro
2247 4242 2513 4296 communi
2556 4243 2793 4297 omnium
2830 4241 3050 4297 delicto.
3102 4241 3156 4296 Si
3200 4242 3375 4312 itaque
3419 4243 3584 4312 priori

2000 4334 2157 4388 morti
2178 4332 2468 4388 secundum
2490 4333 2592 4387 hoc
2610 4333 2870 4389 obnoxius
2891 4348 2996 4389 non
3013 4345 3147 4397 erat,
3171 4335 3299 4389 satis
3317 4350 3584 4405 superque

2000 4423 2420 4479 demonstratum
2466 4435 2566 4488 est,
2619 4426 2790 4496 ipsum
2842 4441 2948 4481 non
2993 4427 3218 4496 amplius
3268 4428 3582 4482 moriturum

1999 4530 2138 4571 esse.
2172 4514 2241 4569 Et
2279 4517 2650 4585 derelinquetur
2693 4526 2846 4584 terra,
2893 4535 3043 4589 quam
3087 4530 3140 4572 tu
3183 4520 3357 4584 times,
3396 4537 3427 4574 a
3456 4522 3582 4592 facie

1999 4608 2214 4662 duorum
2255 4624 2452 4678 regum.
2496 4607 2647 4674 Quod
2691 4607 2994 4680 frequenter
3034 4608 3160 4664 facit
3201 4611 3486 4680 propheta,
3531 4611 3580 4666 id

1999 4698 2159 4753 etiam
2203 4696 2460 4752 fecithoc
2495 4697 2634 4752 loco.
2681 4698 2812 4753 Post
2853 4698 3184 4770 prophetiam
3213 4699 3281 4754 ad
3308 4701 3579 4756 historiam

1999 4803 2300 4844 sermonem
2332 4788 2555 4855 reducit.
2601 4788 2713 4844 Hoc
2741 4789 2900 4845 etiam
2935 4789 3093 4845 modo
3126 4791 3263 4846 circa
3305 4791 3578 4860 Seraphim

1998 4893 2058 4934 se
2097 4879 2330 4950 gessisse
2373 4880 2650 4950 perspicue
2693 4881 3056 4949 ostendimus,
3096 4881 3236 4952 quod
3288 4885 3448 4937 etiam
3499 4883 3575 4939 hic

1998 4971 2190 5027 effecit.
2225 4971 2357 5028 Cum
2386 4973 2739 5028 enarravisset
2782 4974 2926 5030 enim
2972 4974 3108 5029 bona
3150 4975 3266 5031 orbi
3319 4984 3575 5030 terrarum

1999 5062 2326 5130 obventura,
2378 5064 2445 5117 ad
2492 5077 2669 5133 regem
2714 5062 2928 5119 demum
2971 5080 3272 5120 sermonem
3298 5064 3580 5122 convertit.

1981 5145 2123 5211 Ideo
2169 5155 2284 5210 haec
2323 5155 2592 5226 subjungit
2621 5174 2634 5211 :
2663 5156 3047 5224 Deretinquetur
3089 5167 3242 5212 terra.
3287 5156 3424 5224 Quid
3475 5163 3576 5220 est,

1999 5247 2380 5319 Derelinquetur
2395 5249 2419 5301 ?
2436 5247 2633 5303 Intacta
2651 5249 2770 5314 erit,
2795 5249 2963 5304 libera
2980 5249 3135 5316 erit‘,
3152 5248 3281 5302 nihil
3299 5247 3578 5301 molestum

1999 5343 2264 5414 patietur,
2291 5339 2416 5396 belli
2445 5341 2582 5395 mala
2621 5354 2726 5395 non
2773 5341 3071 5396 sustinebit.
3113 5339 3182 5392 Et
3211 5340 3582 5408 dcrelinquetur

1999 5440 2162 5499 terra,
2190 5447 2340 5501 quam
2365 5439 2418 5484 tu
2448 5431 2620 5497 times,
2648 5445 2746 5502 pro
2769 5447 2870 5502 qua
2899 5430 3170 5494 formidas,
3201 5443 3300 5498 pro
3327 5443 3429 5499 qua
3460 5438 3570 5484 tre-

1996 5537 2119 5591 mis,
2161 5541 2193 5577 α
2221 5525 2350 5594 facie
2391 5523 2606 5578 duorum
2653 5539 2860 5594 regum;
2915 5521 3225 5576 Damasceni
3279 5535 3470 5591 nempe
3523 5530 3579 5576 et

1997 5617 2269 5674 Israelita.
2298 5616 2497 5672 Deinde
2519 5632 2586 5672 ne
2609 5632 2701 5686 per
2717 5616 2974 5671 bonorum
3002 5613 3332 5684 prophetiam
3361 5615 3577 5686 segnior

2061 5752 2077 5783 ¹
2113 5758 2228 5807 Reg.
2257 5755 2311 5798 et
2332 5749 2470 5799 Savil.
2498 5751 2606 5807 hoc,
2627 5748 2778 5798 libera
2801 5746 2910 5804 erit,
2929 5748 3192 5799 omittunt:
3219 5748 3306 5799 sed
3330 5746 3495 5800 Morel.
3517 5757 3569 5799 es

1998 5820 2158 5866 Bavar.
2184 5810 2387 5877 habent,
2413 5821 2465 5865 et
2480 5811 2755 5863 'rilmanntts
2779 5812 2844 5862 ita
2864 5810 3002 5875 legit.
