4102 6306
577 370 645 425 87
1288 361 1346 421 S.
1383 358 1662 419 JOANNIS
1697 350 2173 416 CHRYSOSTOMI
2208 340 2526 409 ADCHIEP.
2567 350 3101 420 CONSTANTINOP.
3788 348 3853 406 88

556 484 850 548 .evaderet,
883 494 982 537 nec
1002 494 1097 552 per
1115 492 1301 550 pacem
1328 477 1560 542 mollior,
1576 475 1692 545 ejus
1718 486 1905 530 rursus
1931 472 2167 527 animum

578 573 890 644 berstringit
913 572 1099 628 dicens
1124 573 1251 630 :17.
1284 569 1389 625 Sed
1419 569 1638 622 adducet
1683 566 1817 621 Deus
1843 581 1995 637 super
2023 573 2090 629 te,
2120 571 2168 617 et

576 686 730 737 super
750 668 996 738 populum
1026 674 1201 731 tuum,
1242 674 1295 719 et
1328 679 1481 732 super
1514 660 1717 715 domum
1748 660 1905 731 patris
1926 658 1997 711 tui
2026 656 2163 721 dies,

575 763 662 829 qui
703 761 929 814 nondum
967 767 1205 815 venerunt
1243 772 1307 811 ea:
1347 772 1445 826 quo
1488 755 1569 809 die
1606 754 1810 809 abstulit
1850 751 2097 822 Ephreim
2136 766 2169 804 a

576 852 719 905 Jvda
745 868 911 922 regem
940 851 1279 922 Assyriorum.
1308 849 1411 904 Per
1438 846 1553 901 haec
1580 847 1720 901 enim
1752 845 1947 900 indicat
1974 843 2167 898 harba-

580 960 760 999 rorum
795 944 1162 1013 irruptionem,
1196 956 1299 1012 qua
1324 940 1511 995 urbem
1540 954 1571 994 a
1598 934 1957 994 fundamentis
1984 935 2165 991 dirue-

578 1045 722 1098 runt,
754 1038 989 1107 ipsisque
1016 1037 1067 1090 in
1094 1035 1451 1105 captivitatem
1483 1032 1720 1102 abreptis
1744 1030 2009 1085 abierunt.
2040 1027 2165 1083 litae

580 1142 708 1183 vero
738 1126 998 1197 praedicit,
1044 1141 1147 1180 non
1178 1134 1237 1179 nt
1276 1124 1546 1189 eveniant,
1577 1123 1671 1177 sed
1704 1131 1758 1176 ut
1788 1130 1931 1176 metu
1960 1129 2163 1187 tempe-

580 1198 847 1274 rantiores
874 1217 1018 1282 facti,
1042 1216 1508 1272 comminationem
1531 1214 1831 1283 depulsent.
1850 1212 1984 1279 Quia
2006 1224 2165 1280 porro

551 1346 557 1353 .
583 1325 759 1378 neque
782 1325 845 1363 ex
869 1309 1040 1371 bonis,
1064 1320 1183 1377 qua:
1205 1317 1398 1377 prteter
1419 1306 1664 1359 meritum
1684 1301 1996 1372 consequuti
2019 1309 2163 1368 sunt,

583 1401 831 1455 meliores
857 1398 1179 1455 sunt'eifecti
1206 1397 1371 1467 (quod
1396 1398 1536 1453 enim
1564 1405 1761 1466 praeter
1781 1396 2027 1450 meritum
2052 1393 2166 1448 hzec

584 1491 896 1560 consequuti
927 1490 1066 1555 sint,
1098 1489 1331 1544 ostendit
1357 1490 1495 1558 regis
1521 1489 1732 1543 animus
1773 1497 1828 1542 et
1870 1487 2056 1556 ingens
2082 1485 2167 1539 in-

585 1580 932 1652 credulitas),
977 1596 1151 1652 neque
1181 1582 1495 1636 terribilium
1536 1580 1947 1635 comminatione
1977 1578 2166 1634 mutati

549 1681 707 1726 .sunt
738 1713 752 1736 ,
806 1673 900 1727 sed
954 1672 1165 1742 utrique
1213 1673 1428 1727 salutari
1479 1672 1765 1742 pharmace
1820 1673 2169 1727 vehementer

583 1763 921 1830 obstiterunt,
950 1764 1239 1818 sectionem
1266 1762 1489 1825 demum,
1509 1762 1902 1833 profundiorem
1932 1761 2122 1832 infligit
2149 1801 2166 1826 ,

583 1856 906 1911 exscindens
954 1856 1219 1926 putridum
1264 1856 1432 1921 ulcus,
1481 1864 1535 1912 et
1577 1856 1949 1911 immedicabili
1980 1855 2167 1909 morbo

556 1966 559 1967 ν
587 1950 893 2004 laborantes
918 1964 1186 2004 reserans.
1220 1948 1356 2015 Quid
1392 1946 1490 2004 silli
1521 1948 1633 2003 vult
1662 1948 1789 2003 illud
1807 1989 1823 2015 ,
1855 1946 1937 2001 Ea:
1963 1963 2062 2018 quo
2087 1947 2170 2002 die

584 2040 789 2094 abstulit
818 2039 1065 2110 Ephraim
1096 2058 1130 2094 a
1164 2039 1200 2093 Ι
1204 2042 1311 2095 uda
1330 2057 1494 2111 regem
1536 2040 1897 2111 Assyriorum?
1924 2040 2169 2110 Irrupere

587 2131 799 2186 barbari
841 2132 959 2186 illos
996 2146 1183 2188 omnes
1219 2132 1530 2199 abducturi;
1579 2131 1674 2187 sed
1718 2131 1931 2187 omissis
1954 2132 2087 2186 Juda
2114 2140 2171 2188 et

587 2222 795 2278 duabus
825 2222 1068 2279 tribubus
1088 2264 1102 2288 ,
1149 2235 1331 2279 contra
1368 2222 1529 2279 Israel
1570 2223 1814 2278 conversi
1844 2230 1986 2277 sunt.
2016 2221 2168 2288 Quod

579 2314 751 2385 igitur
776 2315 935 2383 dicit,
982 2315 1083 2370 hoc
1112 2316 1298 2371 estrA
1332 2315 1421 2369 die
1464 2315 1577 2380 illo,
1622 2329 1727 2385 quo
1767 2314 1951 2370 decem
2002 2315 2170 2369 tribus

556 2420 557 2423 ‘
587 2407 934 2462 barbarorum
963 2410 1249 2464 exercitum
1279 2408 1345 2463 ad
1374 2425 1432 2463 se
1474 2409 1809 2476 pertrahent,
1841 2424 1869 2463 a
1913 2408 2170 2479 vobisque

588 2512 849 2568 avertent,
886 2502 955 2558 ob
982 2502 1183 2572 peceati
1210 2502 1290 2558 sui
1318 2501 1756 2573 magnitudinem,
1787 2501 1957 2571 iisque
1983 2501 2172 2556 adver-

590 2608 682 2648 sus
707 2608 766 2651 se
789 2597 1023 2651 evocatis
1047 2596 1289 2652 abducta:
1324 2604 1514 2652 erunt:
1543 2597 1609 2650 ah
1638 2596 1748 2661 illo,
1781 2595 2017 2667 inquam,
2050 2596 2167 2664 die,

590 2686 780 2741 timere
808 2695 861 2741 et
887 2687 1170 2743 formidare
1194 2687 1409 2744 demum
1443 2696 1673 2757 oportet.
1714 2686 1985 2758 Progressi
2015 2703 2171 2743 nam-

590 2792 716 2846 que,
749 2777 814 2832 ad
845 2794 937 2833 vos
965 2779 1125 2834 etiam
1152 2779 1403 2845 venient,
1434 2780 1539 2835 nisi
1568 2778 1909 2849 resipiscatis.
1939 2782 2169 2852 Aitqne:

590 2869 675 2921 Ah
698 2868 788 2923 illo
806 2869 893 2925 die
910 2870 1139 2927 adducet
1157 2885 1268 2927 eos.
1289 2871 1403 2927 Non
1423 2872 1566 2927 enim
1591 2872 1749 2927 simul
1775 2887 1894 2928 cum
1923 2873 2173 2930 Israelita:

591 2959 985 3018 abducerentur
1007 3003 1023 3030 ,
1066 2962 1142 3019 illi
1180 2962 1322 3035 capti
1363 2971 1507 3033 sunt,
1536 2963 1629 3018 sed
1661 2978 1845 3035 parum
1875 2964 2175 3023 intercessit

590 3052 869 3122 temporis.

560 3154 563 3157 λ
663 3142 718 3198 8.
746 3142 897 3212 Quod
924 3144 1081 3216 igitur
1107 3146 1254 3214 dicit,
1278 3145 1382 3201 hoc
1400 3156 1502 3212 est,
1534 3145 1760 3203 Decreto
1786 3160 1883 3203 suo
1908 3155 2035 3204 tunc
2057 3148 2173 3206 dies

591 3232 711 3291 illas
751 3235 1207 3295 iuduxisset:sed
1249 3238 1591 3309 exspectabat
1618 3240 1789 3308 Deus,
1830 3248 1883 3296 et
1913 3241 2176 3311 patienter

596 3324 820 3392 ferebat,
870 3328 1077 3384 etiamsi
1122 3328 1231 3399 jam
1279 3339 1405 3385 tunc
1450 3340 1668 3401 peccata
1713 3332 1972 3403 supplicio
2016 3332 2174 3404 digna

590 3429 802 3486 essent;
848 3421 898 3475 id
925 3421 1065 3492 quod
1091 3437 1234 3492 stepe
1271 3423 1447 3479 facere
1473 3424 1781 3489 consuevit,
1810 3434 1867 3480 ut
1892 3439 2012 3480 cum
2042 3427 2177 3510 assi-

590 3521 784 3581 gnatus
812 3514 927 3570 dies
967 3516 1269 3582 advenerit,
1298 3516 1851 3588 adhuc'procrastinet
1876 3528 1929 3574 et
1954 3530 2174 3577 cuncte-

561 3613 707 3669 .tur;
750 3607 890 3677 quod
920 3617 1005 3663 est
1050 3611 1337 3666 maximum
1382 3611 1683 3667 clementiae
1727 3612 1844 3682 ejus
1886 3613 2172 3682 indicium,

562 3732 571 3745 π
593 3709 801 3751 necnon
821 3709 1189 3769 argumentum
1214 3702 1558 3771 conspicuum
1580 3702 1766 3773 ingrati
1788 3717 1973 3758 eorum
1989 3705 2173 3771 animi,

593 3787 684 3854 qui
713 3788 828 3857 ejus
869 3790 1192 3860 indulgentia
1240 3794 1457 3860 nolunt,
1489 3803 1547 3849 ut
1578 3809 1676 3865 par
1711 3804 1890 3863 esset,
1937 3797 2032 3851 uti.
2065 3796 2177 3852 Hoc

596 3877 755 3946 igitur
779 3881 851 3933 ait
881 3882 979 3935 hoc
1010 3883 1149 3950 loco,
1178 3885 1287 3952 jam
1315 3895 1440 3941 tunc
1465 3902 1659 3958 nempe
1678 3889 2173 3956 comminationem,

589 3967 700 4036 jam
728 3979 853 4024 tunc
880 3970 1111 4026 divinam
1145 3975 1275 4028 iram
1306 3976 1560 4043 adfuisse,
1582 3988 1641 4033 ut
1661 3979 1920 4050 supplicio
1942 3980 2007 4036 ad
2035 3981 2178 4039 fores

597 4058 849 4126 adducto,
876 4064 1132 4119 excitaret
1168 4064 1233 4119 ad
1265 4068 1629 4135 paenitentiam
1652 4110 1667 4135 ,
1698 4072 1952 4128 meliores
1982 4074 2177 4130 redde-

596 4157 700 4216 ret,
729 4160 783 4204 οι
811 4160 931 4220 post
958 4153 1166 4208 illorum
1196 4156 1457 4211 excidium
1488 4157 1541 4211 in
1570 4174 1767 4229 angore
1795 4160 2175 4233 constitueret,
2262 4172 2269 4177 “

595 4254 790 4310 neque,
825 4243 945 4311 quia
975 4243 1048 4298 illi
1089 4245 1300 4301 abducti
1340 4246 1581 4314 fuerant,
1617 4249 1668 4304 hi
1700 4267 1828 4308 vero
1853 4254 2175 4325 effugerant,

596 4331 715 4386 ideo
737 4335 1013 4405 segniores
1044 4338 1253 4394 fierent.
1286 4340 1373 4397 l8.
1403 4340 1476 4395 Et
1500 4342 1593 4396 erit
1617 4343 1669 4397 in
1696 4345 1778 4400 die
1805 4346 1928 4415 illa,
1964 4350 2180 4405 sibilabit

596 4423 847 4479 Dominus
898 4430 1119 4495 muscis,
1172 4448 1285 4501 qua:
1334 4433 1728 4489 dominabuntur
1773 4438 1909 4506 parti
1954 4442 2180 4510 ﬂuminis

594 4515 833 4589 ngypti.
862 4519 1045 4576 Viden’
1068 4539 1153 4579 me
1175 4540 1279 4580 non
1306 4525 1504 4581 frustra
1531 4528 1750 4594 dixisse,
1778 4531 1948 4600 ipsum
1978 4542 2176 4589 metum

592 4627 791 4681 augere
815 4615 1103 4683 volentem,
1132 4617 1201 4672 ab
1216 4619 1305 4673 illa
1323 4619 1409 4675 die
1425 4622 1894 4680 comminationem
1914 4622 2176 4683 intulisse.

593 4704 724 4769 Qure
744 4716 1039 4775 sequuntur
1064 4709 1239 4778 itaque
1264 4711 1363 4765 hoc
1389 4711 1641 4780 indicant,
1666 4715 1814 4784 queis
1834 4714 1997 4771 verbo
2018 4717 2179 4771 timo-

597 4809 710 4848 rem
744 4796 950 4863 ineutit,
978 4800 1243 4855 exercitus
1265 4801 1367 4855 illis
1386 4802 1687 4872 declarans,
1709 4805 2179 4875 qui-formidabiles

594 4887 725 4956 ipsis
750 4899 905 4943 erant
926 4931 939 4955 ,
969 4899 1023 4945 et
1055 4892 1341 4948 invasionis
1368 4894 1671 4952 facilitatem
1700 4897 2094 4966 demonstrans,
2126 4900 2179 4956 id

592 4980 734 5050 quod
760 4980 879 5037 illos
905 4983 1187 5039 admodum
1218 4988 1560 5055 percellebat,
1588 4994 1853 5047 exercitus
1878 4991 2179 5049 multitudi-

596 5086 717 5126 nem
738 5073 974 5128 indicans
992 5075 1029 5139 ⁸,
1049 5076 1188 5146 quod
1212 5077 1421 5132 illorum
1443 5079 1649 5135 animos
1670 5082 1900 5138 maxime
1924 5085 2174 5141 terrebat.

596 5163 723 5220 llzec
751 5182 914 5236 porro
939 5170 1116 5223 omnia
1154 5170 1205 5224 in
1248 5172 1592 5242 sequentibus
1632 5174 2001 5230 snbindicavit.
2046 5178 2180 5233 Ani-

599 5272 741 5311 mum
769 5268 943 5313 autem
972 5260 1165 5316 adhibe
1192 5278 1204 5314 :
1235 5259 1303 5315 Et
1327 5263 1418 5315 erit
1439 5263 1490 5316 in
1519 5263 1599 5317 die
1619 5264 1728 5329 illa,
1753 5266 1941 5336 inquit,
1965 5268 2183 5323 sibilabit

597 5346 849 5405 Dominus
894 5353 1099 5406 muscis.
1147 5352 1355 5408 Muscas
1402 5353 1489 5409 hic
1530 5357 1739 5411 vocavit
1776 5356 2083 5430 Egyptios,
2113 5360 2181 5417 οι)

600 5440 981 5511 impudentiam
1009 5453 1063 5498 et
1092 5444 1542 5513 inverecundiam,
1566 5448 1775 5517 etquod
1795 5464 1939 5521 saepe
1958 5450 2179 5521 repulsi,

668 5613 842 5690 ipse:
862 5625 916 5665 et
935 5615 1357 5690 acueremus
1372 5617 1849 5690 gladiwnindicans.
1865 5625 1957 5675 sed
1979 5626 2183 5679 Savilius

595 5672 629 5751 i1
619 5684 649 5742 η
666 5672 885 5751 margine
903 5680 1053 5751 ponit,
1080 5672 1201 5741 forte
1218 5672 1459 5751 exercilus
1482 5672 1689 5746 agmina.
1868 5672 2056 5751 haece,
2069 5672 2183 5751 ’ξιῖ-

591 5732 705 5809 (ius
718 5732 1062 5809 interpretatur
1072 5732 1188 5809 ξίφος.
1196 5744 1388 5809 agmina
1413 5732 1546 5802 vero,
1558 5732 1853 5809 mamilla;
1867 5732 2181 5805 siditiﬁiaiﬁ'e

597 5808 769 5848 vocum
792 5798 965 5851 ductus
982 5798 1123 5854 unani
1146 5798 1288 5859 alteri
1310 5798 1707 5861 substituendam'
1723 5798 2007 5876 suspicatus
2017 5798 2153 5866 est.

2275 482 2421 539 saepe
2446 452 2706 527 instarent
2724 512 2739 538 ,
2770 488 2945 543 neque
2977 473 3238 530 tantillum
3267 476 3536 549 reSpirare
3565 480 3696 552 ipsis
3723 496 3856 559 con-

2272 560 2547 631 cederent,
2579 563 2673 619 sed
2699 578 2843 635 saepe
2867 564 2970 621 illis
2996 579 3245 623 sexcenta
3271 572 3480 640 negotia
3508 571 3855 640 ﬁtcesserent.

2273 662 2334 708 ut
2357 669 2555 710 musca:
2580 657 2909 725 vulneribus,
2935 660 3015 715 sic
3039 663 3289 718 continue
3315 664 3551 735 ipsorum
3585 669 3856 725 calamita-

2272 747 2413 801 tibus
2441 746 2767 805 insistentes.
2802 750 2909 807 llos
2939 753 3098 823 igitur
3138 755 3298 813 ducet
3335 758 3501 827 Deus;
3540 778 3641 818 nec
3681 773 3863 823 tamen

2271 837 2426 904 dixit,
2455 839 2641 907 Ducet,
2671 842 2765 897 sed
2788 844 3041 914 Sibilabit,
3065 845 3371 906 facilitatem
3398 868 3654 911 ascensus
3675 867 3865 913 osten-

2250 930 2425 996 dens,
2473 942 2528 988 et
2577 934 3040 1007 inexpugnabilem
3086 940 3179 996 Dei
3233 945 3555 1014 potentiam,
3609 951 3868 1022 quodque

2271 1021 2499 1077 sufficiat
2524 1035 2684 1080 nutus
2711 1027 2825 1096 ejus
2851 1037 2907 1083 ut
2931 1031 3106 1085 omnia
3134 1044 3442 1102 sequantur.
3473 1021 3868 1111 Meritoqueiab

2273 1112 2356 1168 his
2375 1118 2735 1172 comminandi
2767 1120 2972 1175 initium
3001 1122 3146 1178 ducit
3170 1142 3288 1195 qua:
3308 1126 3417 1197 jam
3444 1133 3651 1200 experti
3678 1144 3863 1188 erant.

2270 1203 2340 1259 Et
2365 1207 2471 1275 api,
2495 1224 2608 1278 qua:
2629 1219 2701 1263 est
2724 1211 2777 1265 in
2799 1222 2931 1266 terra
2949 1215 3291 1287 Assyriorum.
3315 1219 3482 1291 Syrus
3503 1234 3556 1279 ct
3575 1224 3863 1292 Hebraeus,

2272 1307 2331 1353 ut
2355 1300 2521 1365 aiunt,
2565 1317 2668 1357 non
2700 1304 2916 1373 dicunt,
2949 1308 3121 1377 Apes.
3149 1312 3264 1379 sed,
3293 1313 3572 1372 Crabrones
3592 1317 3694 1392 (α).
3724 1319 3863 1388 Quia

2271 1394 2413 1448 enim
2442 1410 2547 1449 non
2572 1398 2691 1452 illos
2717 1399 2892 1455 adhuc
2911 1402 3196 1458 admodum
3226 1398 3431 1476 experti
3461 1419 3635 1478 erant,
3666 1411 3865 1470 insecti

2272 1483 2433 1555 hujus
2461 1488 2693 1560 imagine
2718 1491 2770 1546 in
2800 1492 3123 1549 anxietatem
3157 1496 3276 1552 illos
3309 1499 3576 1570 ingentem
3600 1503 3865 1574 conjicie-

2272 1575 2383 1640 bat,
2417 1576 2545 1633 hinc
2584 1579 2863 1637 declarans
2902 1584 3109 1640 illorum
3138 1587 3555 1657 vehementiam,
3586 1596 3865 1665 pungendi

2273 1668 2378 1723 vim
2407 1678 2566 1741 atque
2594 1674 2892 1743 pugnandi,
2923 1676 3203 1734 vulnerum
3246 1682 3591 1740 acerbitatem
3610 1728 3624 1751 ,
3654 1686 3867 1742 veloci-

2274 1770 2437 1816 tatem
2479 1764 2738 1821 adventus
2762 1809 2778 1835 ,
2824 1784 2883 1823 se
2923 1769 2992 1825 ab
3020 1771 3098 1826 eis
3128 1775 3306 1829 tuendi
3344 1775 3733 1835 difficultatem.
3768 1782 3866 1857 £9.

2273 1854 2343 1909 Et
2369 1858 2565 1912 venient
2591 1870 2638 1913 et
2663 1862 2967 1931 requiescant
3003 1881 3174 1920 onmes
3211 1867 3265 1921 in
3295 1869 3504 1925 vallibus
3528 1873 3749 1943 regionis
3769 1916 3786 1941 ,
3819 1854 3870 1928 et

2271 1948 2325 2002 in
2351 1947 2684 2019 foraminibus
2721 1964 3010 2025 petrarum,
3057 1967 3104 2012 et
3142 1959 3195 2014 in
3236 1962 3518 2031 speluncis,
3566 1976 3613 2019 et
3642 1966 3694 2019 in
3719 1959 3871 2021 omni

2273 2040 2479 2109 ﬁssura,
2511 2052 2558 2097 ct
2593 2043 2648 2098 in
2677 2047 2813 2100 omni
2858 2048 3013 2119 ligno.
3048 2048 3325 2106 Enarratis
3349 2054 3586 2123 gentium
3614 2044 3868 2133 terrore,

2272 2132 2644 2204 exercitusque
2700 2137 3009 2205 celeritate,
3063 2142 3454 2199 multitudinem
3502 2143 3716 2201 demum
3769 2132 3871 2203 re-

2272 2233 2475 2279 censet.
2499 2225 2613 2281 Non
2648 2226 2802 2296 dixit,
2817 2228 3360 2299 Castrametahuntur,
3374 2235 3488 2302 sed,
3507 2236 3868 2309 Requiescem,

2276 2330 2449 2387 neque
2475 2328 2729 2374 venturos
2753 2324 2902 2392 quasi
2922 2324 2988 2378 ad
3010 2324 3257 2381 hostilem
3278 2328 3571 2397 regionem,
3591 2330 3683 2385 sed
3705 2333 3871 2402 quasi

2275 2407 2330 2462 in
2363 2412 2575 2480 propria
2603 2412 2808 2469 deliciis
2828 2430 2889 2470 se
2910 2414 3205 2485 dedituros,
3227 2420 3375 2489 quasi
3400 2420 3544 2475 nullo
3566 2421 3747 2476 labore
3777 2424 3873 2478 vel

2244 2524 2247 2527 ν
2273 2500 2651 2574 defatigatione
2679 2515 2894 2577 egeant,
2924 2508 3017 2564 sed
3046 2511 3194 2580 quasi
3223 2512 3289 2566 ad
3316 2522 3515 2568 certam
3546 2514 3830 2577 victoriam
3852 2557 3873 2584 ,

2275 2601 2330 2649 et
2355 2605 2587 2665 paratam
2618 2597 2869 2667 przcdam.
2896 2598 3099 2657 idcirco
3120 2603 3211 2669 ait,
3240 2601 3449 2658 Venient
3469 2614 3515 2660 et
3534 2608 3872 2677 requiescent,

2276 2685 2418 2755 quod
2450 2688 2679 2745 victores
2720 2691 2954 2759 indicat,
3005 2702 3263 2765 tropzeum
3307 2697 3609 2767 erigentes,
3653 2708 3711 2755 et
3743 2709 3876 2770 post

2277 2778 2505 2833 multum
2560 2780 2812 2837 sudorem
2864 2785 3164 2856 multasque
3211 2786 3387 2843 cmdes
3439 2790 3871 2861 requiescentes.

2254 2868 2459 2941 Neque
2487 2870 2541 2926 in
2568 2876 2853 2945 campestri
2884 2876 3055 2932 solum
3087 2878 3205 2936 loco
3229 2881 3595 2951 requiescent;
3616 2883 3712 2940 sed
3736 2885 3873 2954 quia

2278 2962 2539 3019 immensa
2585 2977 2711 3022 sunt
2752 2968 3071 3038 multitudo,
3116 2986 3222 3027 non
3262 2987 3429 3043 capax
3463 2974 3565 3030 erit
3605 2976 3752 3047 regio
3788 2986 3873 3033 tot

2277 3070 2586 3127 corporum,
2614 3059 2711 3115 sed
2729 3061 2916 3129 valles,
2934 3074 3119 3132 petrae,
3146 3074 3376 3134 montes,
3401 3068 3587 3135 saltus,
3606 3079 3660 3125 et
3679 3074 3873 3125 omnia

2278 3149 2599 3223 obtegentur
2636 3155 2986 3213 barbarorum
3035 3161 3368 3230 corporibus.
3399 3162 3732 3234 Quamquam
3761 3156 3873 3221 etSi

2279 3259 2385 3299 non
2408 3254 2513 3301 tam
2537 3245 2742 3303 feroces
2764 3249 3003 3317 fuissent,
3021 3267 3191 3324 neque
3208 3254 3286 3309 sic
3313 3265 3565 3326 superatu
3583 3255 3766 3312 faciles
3791 3259 3875 3329 (ὁ)

2279 3345 2433 3391 erant
2452 3379 2467 3403 ,
2512 3339 2797 3396 multitudo
2824 3343 3020 3414 quippe
3055 3345 3350 3401 sufficiebat
3373 3347 3439 3402 ad
3468 3348 3590 3403 illos
3616 3359 3875 3406 conster-

2281 3427 2760 3501 nendoszquando
2804 3442 2981 3489 autem
3021 3445 3305 3508 utrumque
3346 3438 3566 3506 aderat,
3615 3450 3671 3497 et
3718 3451 3877 3498 tanta

2282 3522 2597 3589 multitudo,
2628 3534 2682 3580 et
2709 3535 2814 3581 tam
2855 3527 3043 3597 ingens
3076 3530 3306 3599 potentia
3326 3572 3342 3599 ,
3371 3540 3426 3587 et
3452 3533 3593 3604 quod
3623 3534 3877 3591 omnium

2280 3613 2652 3683 gravissimum
2681 3626 2782 3682 est,
2817 3618 2893 3672 ira
2928 3620 3019 3675 Dei
3051 3621 3344 3677 exercitum
3370 3621 3592 3690 ducens,
3620 3640 3741 3694 quae
3774 3625 3880 3683 de-

2283 3723 2425 3761 mum
2454 3723 2578 3777 spes
2615 3711 2835 3766 salutis?
2864 3712 2993 3767 Illud
3022 3730 3150 3770 vero
3170 3756 3186 3782 ,
3214 3713 3283 3770 In
3322 3718 3460 3771 omni
3490 3718 3706 3787 ﬁssura,
3737 3730 3793 3775 et
3823 3723 3881 3775 in

2283 3799 2419 3852 omni
2451 3799 2589 3869 ligno
2613 3841 2628 3867 ,
2676 3799 3018 3873 hyperbolice
3051 3805 3250 3860 dictum
3279 3817 3381 3864 est.
3410 3808 3595 3881 Neque
3628 3811 3781 3867 enim
3824 3814 3881 3871 in

2281 3890 2564 3947 arboribus
2591 3902 2744 3948 erant
2772 3895 3005 3965 requiem
3040 3899 3280 3967 capturi;
3312 3900 3406 3954 sed
3437 3902 3614 3968 simul,
3644 3913 3703 3959 ut
3731 3904 3882 3963 dixi.

2282 3983 2628 4056 hyperbolen]
2659 3987 2885 4045 obscure
2912 3988 3177 4059 adhibuit,
3227 4005 3281 4047 et
3324 3994 3378 4047 in
3408 3996 3723 4065 metaphora
3748 4013 3884 4054 cra-

2283 4078 2510 4133 bronum
2539 4081 2750 4136 mansit.

2355 4170 2446 4226 Ira
2468 4172 2562 4227 Dei
2587 4174 2848 4229 novacula.
2874 4207 2944 4216 —
2969 4175 3059 4232 20.
3101 4174 3168 4231 In
3202 4178 3283 4232 die
3316 4178 3407 4233 illa
3442 4180 3582 4234 rodet
3610 4178 3884 4238 Dominus

2284 4265 2533 4319 novacula
2574 4266 2837 4320 inebriato.
2888 4267 3159 4325 Timorem
3211 4287 3305 4341 per
3340 4272 3607 4328 exercitus
3649 4284 3883 4330 auctum

2284 4370 2495 4410 rursum
2534 4356 2841 4427 amplificat,
2870 4358 2935 4413 ad
2974 4360 3163 4415 ett-lum
3184 4376 3484 4417 sermonem
3516 4363 3883 4435 transferens,

2285 4448 2683 4521 ostendensque
2712 4466 2819 4507 non
2860 4452 3116 4508 barbaros
3152 4454 3406 4525 quosdam
3448 4455 3732 4529 Egyptios
3781 4471 3889 4519 aut

2285 4539 2498 4607 Persas,
2528 4544 2622 4599 sed
2651 4544 2815 4599 Deum
2837 4560 2955 4602 esse
2980 4547 3068 4618 qui
3094 4546 3292 4603 Iudaeis
3312 4550 3509 4606 bellum
3548 4550 3731 4608 infert.
3758 4555 3888 4610 Νο-

2274 4633 2528 4688 ‘vaculam
2578 4644 2757 4691 autem
2800 4638 2885 4693 hic
2913 4649 3066 4693 vocat
3113 4639 3499 4696 intolerandam
3539 4643 3658 4711 ejus
3708 4638 3886 4714 iram,

2284 4743 2441 4798 quam
2473 4745 2630 4785 nemo
2661 4730 2801 4787 ferre
2821 4732 3009 4802 possit,
3038 4732 3190 4793 facile
3219 4737 3555 4794 invadentem
3591 4750 3647 4796 et
3673 4756 3892 4801 consu-

2287 4831 2539 4875 mentetn.
2568 4822 3025 4890 Quemadmodum
3043 4826 3183 4881 enim
3213 4828 3300 4897 pili
3327 4831 3567 4899 corporis
3590 4837 3891 4893 novacula:

2285 4916 2453 4969 aciem
2489 4931 2594 4987 non
2641 4917 2923 4985 sustinent,
2966 4919 3061 4974 sed
3088 4921 3265 4975 statim
3297 4922 3495 4979 cedunt
3537 4932 3593 4979 et
3619 4927 3836 4985 abeunt
3869 4949 3894 4994 ε

2286 5010 2363 5063 sic
2389 5018 2441 5064 et
2470 5025 2555 5065 res
2574 5009 2806 5066 Judaicaz
2833 5015 2964 5069 iram
2995 5015 3138 5070 illam
3175 5031 3205 5071 a
3233 5016 3345 5073 Deo
3380 5018 3676 5077 inmissam
3708 5038 3892 5081 num-

2285 5120 2441 5173 quam
2473 5105 2842 5175 sustinuerint,
2882 5108 2976 5162 ait.

2356 5195 2408 5250 9.
2450 5192 2718 5253 Nevacula
2746 5198 2906 5269 igitur
2944 5200 3200 5258 inebriata
3240 5203 3508 5274 vigentem
3551 5204 3894 5276 plenamque

2288 5289 2381 5343 Dei
2409 5289 2562 5355 iram,
2592 5290 3020 5362 completamque
3062 5296 3381 5349 sententiam
3426 5296 3578 5352 nobis
3608 5296 3889 5356 declarat.

2286 5381 2438 5447 Quod
2489 5391 2665 5438 autem
2720 5384 2842 5440 ait:
2873 5382 3038 5441 Trans
3088 5385 3277 5455 ﬂuinen
3329 5387 3460 5459 regis
3504 5388 3892 5460 Assyriorum,

2346 5576 2418 5639 (α)
2453 5584 2563 5626 Haec
2585 5584 2724 5627 certe
2747 5576 2811 5626 ab
2848 5577 3089 5644 imperitis
3131 5577 3329 5629 edidicit
3350 5579 3735 5644 Chrysostomus.
3761 5593 3894 5641 Nam

2283 5661 2333 5711 ia
2356 5638 2561 5715 Hebraeo
2580 5662 2763 5727 legitur
2797 5638 3010 5717 Μὴ
3029 5701 3044 5727 ,
3070 5667 3115 5711 et
3132 5660 3231 5726 api.

2348 5751 2419 5810 (ιι)
2451 5750 2505 5799 In
2538 5760 2726 5823 Graeco,
2760 5763 2861 5823 agn
2883 5767 2975 5809 οὕτω
3007 5766 3148 5820 ῥᾴδιοι.
3182 5756 3408 5806 Libenter
3451 5758 3647 5807 credam
3691 5758 3897 5823 aliquid

2284 5819 2481 5875 deesse,
2503 5823 2553 5865 ct
2575 5817 3181 5871 divinandolocum'utiue
3212 5828 3503 5871 convenere
3526 5830 3725 5873 coactus
3743 5817 3892 5872 εἱιῐη.
