4096 6322
468 350 540 410 89
1167 354 1226 413 S.
1264 355 1553 415 JOANNIS
1588 354 2078 417 CHRYSOSTOMI
2111 352 2432 419 ARCHIEP.
2467 359 3045 427 CONSTANTINOE.
3627 365 3707 427 ‘90

468 480 562 521 του
589 461 788 537 φησίν·
817 463 960 536 άπερ
998 458 1069 538 ἦν
1115 468 1149 538 ἡ
1202 469 1453 536 Ἰουδαία,
1487 471 1580 527 καί⁵
1622 474 1656 545 ή
1703 473 2034 544 Παλαιστίνη

469 549 617 602 πᾶσα
633 548 741 602 ἀπὸ
759 549 1017 620 Περσίδος
1038 553 1337 610 ἐπανιοῦσι.
1362 553 1473 628 [87]
1497 556 1680 612 Ταῦτα
1701 555 1793 611 οῦν
1816 557 2028 611 ἅπαντα

469 634 704 702 ἀφανιεί,
728 636 912 705 φησὶν,
947 637 1133 708 ἄρδην.
1184 640 1439 711 Κεφαλήν
1469 642 1527 695 δέ
1582 643 1673 697 καί
1710 642 1902 712 τρίχας
1937 641 2031 695 καὶ

470 716 709 785 πώγωνα
742 718 837 770 καὶ
874 719 1061 783 πόδας,
1109 720 1400 794 ὁλόκληρον
1441 725 1540 796 τὴν
1565 724 1745 797 χώραν
1787 727 1918 795 φησὶ
1966 727 2032 795 τῇ

470 799 754 872 παραϐολῇ
790 801 884 855 τοῦ
923 803 1191 875 σώματος,
1248 808 1425 861 πᾶσαν
1481 809 1659 863 αὐτῶν
1713 808 1809 880 τὴν
1853 807 2035 880 χώραν

469 882 892 954 περιλαμϐάνων
907 887 983 958 τῷ
1006 888 1169 959 λόγῳ,
1201 888 1387 961 ῶσπερ
1409 894 1499 945 καί
1519 893 1816 964 ἀρχόμενος
1845 892 1997 960 ἔλεγε
2019 908 2034 923 ο

471 965 645 1021 Πᾶσα
686 968 919 1038 κεφαλὴ
944 972 1049 1037 ,εις
1079 972 1290 1037 πόνον,
1329 973 1426 1026 καὶ
1467 974 1635 1029 πᾶσα
1690 976 1901 1044 καρδία
1950 978 2038 1041 εὶς

469 1050 695 1119 λύπην.
739 1053 884 1108 Ἀπὸ
910 1054 1111 1109 ποδῶν
1151 1056 1261 1123 ἕως
1297 1057 1568 1126 κεφαλῆς
1593 1062 1704 1114 οὐκ
1755 1060 1927 1114 ἔστιν
1968 1062 2038 1114 ἐν

470 1132 631 1198 αὐτῷ
658 1137 1018 1205 όλοκληρία·
1080 1140 1141 1192 οὐ
1184 1141 1311 1212 περὶ⁵
1352 1141 1468 1205 ἐνὸς
1509 1142 1793 1211 ἀνθρώπου
1842 1143 2035 1211 λέγων,

471 1214 587 1268 ἀλλ’
620 1216 911 1290 ὁλόκληρον
937 1222 1036 1293 τήν
1058 1222 1241 1294 χώραν
1276 1226 1355 1278 ἐνὶ
1398 1224 1621 1297 σώματι
1652 1227 2033 1300 παραϐάλλων.

473 1300 643 1355 Τοῦτο
687 1301 743 1356 δὲ
776 1304 871 1358 καὶ
897 1305 1131 1361 ἐνταῦθά
1161 1326 1342 1378 φησιν,
1373 1310 1454 1363 ὅτι
1493 1312 1585 1365 καὶ
1627 1312 1867 1384 χαλεπήν
1909 1311 2041 1365 ὐπο-

475 1384 730 1454 στήσεται
752 1389 1020 1461 τιμωρίαν
1051 1393 1200 1445 πᾶσα
1240 1394 1401 1464 ήργῆ.
1445 1396 1556 1448 Καὶ
1584 1395 1645 1449 τὸ
1676 1396 1773 1466 μὲν
1814 1395 1901 1449 διὰ
1942 1394 2037 1448 τοῦ

474 1466 657 1538 ξυροῦ,
688 1470 749 1523 τὸ
773 1471 828 1524 δὲ
861 1472 949 1526 διὰ
973 1474 1073 1544 τῆς
1118 1475 1365 1547 σώματος
1406 1479 1615 1541 εἰκόνος
1643 1479 1892 1549 ἐνέφηνε,
1941 1479 2037 1544 δη-

472 1549 580 1602 λῶν
598 1552 679 1606 ὅτι
706 1552 867 1625 ξυροῦ
900 1558 1097 1622 παντὸς
1122 1558 1502 1632 χαλεπώτερον
1532 1562 1625 1615 καὶ
1663 1563 1788 1625 τοὺς
1824 1561 2037 1633 ἀνθρὼ-

2140 476 2243 549 τῆς
2265 478 2631 551 ἐπιτιμήσεως
2660 481 2954 552 φαρμάκου
2977 479 3096 534 τότε
3117 496 3133 513 ·
3162 468 3245 535 διὸ
3276 479 3339 554 δὴ
3386 474 3519 537 αὐτὸ
3572 487 3707 555 μετά

2140 561 2415 631 δαψιλείας
2437 562 2662 628 ἐπιθεὶς,
2686 563 2826 617 ὥστε
2847 564 3088 619 ἐνδοῦναι
3125 562 3318 637 μικρὸν
3340 564 3699 632 ἀιαπνεῦσαι,

2139 647 2234 700 καὶ
2264 648 2436 721 ταύτῃ
2462 648 2621 701 πάλιν
2653 649 2733 712 εἰς
2776 648 2974 720 ἀρετὴν
3023 648 3446 716 ἐκκαλέσασθαι,
3494 649 3592 704 καὶ
3636 652 3707 704 τὰ

2136 732 2347 803 χρηστά
2392 733 2743 803 ἀναμίγνυσι,
2774 732 2946 801 λέγων
2968 748 2982 761 ·
3012 730 3143 789 Πᾶν
3181 732 3320 800 ὅρος
3366 733 3710 803 ἀροτριώμε-

2134 832 2246 869 νον
2274 815 2785 885 ἀροτριωθήσεται.
2830 816 3040 886 Ὥσπερ
3064 816 3175 887 γὰρ
3204 816 3263 869 ἐν
3315 819 3380 886 τῇ
3430 815 3564 887 ὀργῇ
3610 814 3703 869 τοῦ

2136 898 2269 953 Θεοῦ
2302 901 2395 953 καὶ
2429 901 2462 969 ή
2493 899 2776 970 βαθύγειος
2801 899 3006 971 ἔρημος
3043 899 3217 962 ἔσται,
3248 897 3390 952 οὓτω
3430 900 3524 952 καὶ
3546 901 3603 951 ἐν
3634 901 3700 969 τῇ

2137 981 2447 1053 καταλλαγῇ
2508 982 2667 1037 πάλιν
2724 985 2819 1036 καὶ
2848 984 2881 1053 ἡ
2911 985 3139 1053 τραχεῖα
3197 982 3265 1036 τὰ
3314 982 3413 1052 τῆς
3469 981 3703 1051 λιπαρᾶς

2136 1065 2459 1132 ἐπιδείξεται
2484 1069 2607 1138 γῆς,
2639 1068 2865 1138 ἄροτρον
2886 1066 3148 1136 δεχομένη
3178 1066 3271 1119 καί
3300 1064 3542 1135 σπέρμα.
3570 1063 3705 1117 Τού-

2136 1166 2244 1203 των
2274 1150 2331 1202 δέ
2367 1150 2696 1221 γενομένων,
2727 1152 2820 1203 καί
2838 1149 2907 1202 τά
2937 1153 3001 1203 ἐκ
3031 1149 3235 1203 τούτων
3264 1148 3479 1202 ἅπαντα
3508 1148 3699 1209 ἐσται,

2138 1235 2326 1305 εἰρήνη
2359 1235 2451 1288 καὶ
2483 1235 2659 1295 ἄδεια,
2687 1233 2862 1287 καὶτὸ
2889 1233 3129 1303 θαρσεῖν,
3150 1232 3240 1286 καὶ
3274 1232 3350 1303 μὴ
3384 1233 3701 1295 δεδοικέναι,

2138 1318 2389 1388 καθάπερ
2420 1317 2746 1388 ἔμπροσθεν.
2799 1319 2881 1371 Οὐ
2933 1317 3040 1388 γάρ
3079 1315 3167 1385 μὴ
3215 1315 3460 1384 ἐπέλθῃ,
3518 1316 3702 1387 φησὶν,

2136 1402 2266 1456 ἐκεῖ
2288 1404 2489 1471 φόϐος.
2541 1403 2747 1454 Ἔσται
2788 1400 2859 1454 δὲ
2905 1400 3022 1456 ἀπὸ
3053 1398 3161 1467 τῆς
3198 1402 3422 1469 χέρσου
3456 1399 3553 1452 καί
3585 1398 3703 1453 ἀπὸ

2138 1486 2248 1553 τῆς
2270 1485 2538 1554 ἀκάνθης
2557 1488 2644 1551 είς
2675 1486 2966 1553 ,ϐόσκημα
2997 1483 3296 1552 προϐάτου
3326 1483 3427 1537 καὶ
3461 1481 3704 1551 πάτημα

2133 1572 2304 1636 βοός.
2344 1569 2449 1624 Καὶ
2498 1570 2587 1623 διὰ
2612 1568 2817 1623 τούτων
2850 1569 3011 1623 πάλιν
3050 1568 3149 1639 τὴν
3179 1568 3437 1639 εὐθηνίαν
3466 1567 3699 1621 αἰνίττε-

474 1651 611 1697 πους
636 1645 729 1726 κριὶ
749 1638 951 1726 τᾲῌάπδ
977 1642 1075 1726 τῆς
1107 1642 1210 1712 γῆς
1243 1643 1511 1698 ἀναλώσει
1543 1646 1577 1716 ἡ
1612 1644 1762 1716 παρὰ
1788 1646 1881 1699 τοῦ
1903 1645 2037 1698 Θεοῦ
2138 1672 2247 1719 ται,
2289 1653 2477 1726 ὥσπερ
2520 1656 2614 1707 καὶ
2651 1653 2958 1725 ἔμπροσθεν
3010 1638 3215 1724 προῖὼν
3266 1638 3414 1719 λέγει
3435 1667 3452 1686 ο
3502 1650 3706 1707 Μακὰ-

474 1719 963 1806 ξρερρμένῃμψῆφος,
991 1725 1082 1777 καὶ
1102 1726 1312 1798 γυμνὴν
1339 1727 1505 1799 αὐτὴν
1536 1728 1627 1781 καὶ
1656 1728 1859 1800 ἔρημον
1875 1745 2041 1782 κατα-
2130 1754 2263 1805 ριος
2288 1740 2321 1792 δ
2345 1719 2606 1806 σπείρων
2628 1719 2726 1790 ἐπὶ
2753 1719 2878 1791 πᾶν
2906 1719 3082 1803 ὕδωρ,
3124 1730 3195 1790 οὗ
3218 1734 3377 1801 ,ϐοῦς
3425 1734 3522 1788 καὶ
3566 1733 3706 1799 ὄνος

475 1799 668 1871 λείψει.
713 1798 843 1857 Εἶτα
878 1806 977 1878 τὴν
1013 1808 1246 1880 ἐρημίαν
1278 1798 1481 1882 ταύτην
1517 1812 1582 1865 δι’
1610 1798 1799 1883 ἐτέρας
1837 1813 2040 1877 εἰκόνος

474 1884 822 1941 ἐνδείκνυται.
864 1890 1015 1944 Ποιεῖ
1042 1892 1097 1944 δὲ
1122 1892 1273 1958 αὐτὸ,
1310 1894 1450 1949 ὥστε
1477 1895 1566 1949 διὰ
1605 1897 1822 1950 πάντων
1858 1896 2040 1965 ἀκμά-

474 1966 636 2030 ζοντα
660 1970 840 2039 μένειν
863 1973 955 2026 τὸν
986 1973 1168 2042 φόϐον,
1196 1977 1288 2030 καὶ
1322 1977 1397 2049 μὴ
1435 1978 1935 2050 καταμαραίνεσθαι
1963 1977 2041 2048 τῷ

478 2053 643 2123 μήκει
683 2054 777 2108 τοῦ
817 2056 974 2126 λόγου
1019 2058 1118 2131 τήν
1176 2061 1433 2130 ἀγωνίαν.
1468 2062 1578 2116 Καὶ
1623 2063 1771 2117 δοκεῖ
1804 2063 1901 2133 μὲν
1930 2064 2039 2126 τοῖς

474 2138 538 2190 οὐ
567 2137 892 2209 προσέχουσι
922 2143 1172 2215 χρηστῶν
1201 2162 1362 2199 τινων
1412 2146 1743 2215 ἐπαγγελίαν
1765 2150 1783 2173 ⁸
1814 2142 1952 2200 εἶναι
1980 2145 2041 2200 τὸ

474 2220 793 2290 λεγόμενον·
824 2224 873 2276 οί
906 2224 962 2278 δὲ
991 2226 1234 2297 ἀκριϐῶς
1254 2228 1594 2294 ἐξετάζοντες
1615 2232 1790 2283 ἴσασιν
1816 2230 1897 2283 ὃτι
1917 2231 2039 2282 ἐπι-

475 2306 779 2378 τεταμένης
804 2308 1040 2379 ἐρημίας
1069 2312 1217 2365 ἐστὶν
1255 2313 1547 2377 ἀπόδειξις.
1602 2313 1667 2365 Τί
1712 2314 1822 2383 γάρ
1873 2330 2038 2385 φησις

473 2385 585 2441 Καὶ
619 2390 788 2443 ἔσται
830 2392 900 2443 ἐν
937 2392 1012 2460 τῇ
1032 2392 1217 2462 ἡμέρᾳ
1243 2396 1467 2463 ἐκείνῃ,
1498 2396 1702 2465 θρέψει
1734 2396 2044 2463 ἄνθρωπος

477 2468 737 2539 δάμαλιν
749 2472 938 2537 βοῶν,
964 2477 1061 2528 καί
1092 2475 1202 2531 δύο
1241 2478 1523 2547 πρόϐατα.
1560 2479 1670 2534 Καί
1705 2478 1894 2543 ἔσται,
1923 2479 2041 2533 ἀπὸ

473 2553 583 2608 τοῦ
620 2555 911 2611 πλεῖστον
935 2559 1094 2614 πιεῖν
1118 2560 1293 2631 γάλα,
1327 2562 1576 2631 φάγεται
1596 2563 1916 2632 ,βούτυρονο
1952 2563 2042 2617 ὅτι

469 2638 775 2708 βούτυρον
799 2641 895 2695 καί
933 2644 1074 2712 μέλι
1114 2645 1360 2715 φάγεται
1399 2649 1519 2717 πᾶς
1549 2654 1583 2704 ό
1623 2648 2043 2719 καταλειφθεὶς

475 2721 572 2774 ἐπί
596 2721 705 2790 τῆς
734 2721 863 2792 γῆς.
891 2726 1075 2780 Ταῦτα
1109 2728 1329 2801 πολλὴν,
1379 2731 1455 2795 ὡς
1497 2732 1667 2804 ἔφθην
1699 2731 1887 2795 εἰπὼν,
1916 2734 2045 2803 ἐρη-

479 2805 608 2875 μίαν
630 2807 978 2863 ἐνδείκνυται.
1022 2811 1085 2863 'H
1106 2811 1214 2882 γάρ
1236 2816 1442 2883 πυροὺς
1469 2816 1562 2869 καὶ
1583 2817 1775 2887 κριθάς
1801 2815 2043 2888 φέρουσα

474 2889 568 2960 γῆ,
632 2889 742 2943 τῶν
782 2892 1085 2964 ἀνθρώπων
1128 2898 1492 2967 ἐρημωθεῖσα,
1558 2900 1752 2972 δαψιλῆ
1820 2898 2043 2970 παρέξει

390 3036 403 3043 κ
476 2974 647 3044 νομὴν
673 2977 784 3039 τοῖς
820 2978 1130 3048 προϐάτοις,
1173 2982 1265 3033 καὶ
1295 2981 1435 3035 οὕτω
1464 2984 1684 3053 δαψιλῆ,
1720 2984 1795 3047 ὡς
1824 2984 1913 3038 διὰ
1945 2983 2043 3053 τὴν

476 3057 733 3130 εὐθηνίαν
760 3062 860 3129 τῆς
885 3064 1140 3135 τοιαύτης
1164 3068 1443 3139 τραπέζης
1460 3069 1648 3140 ἀρκεῖν
1675 3072 1768 3124 καὶ
1794 3070 1887 3123 δύο
1909 3069 2043 3141 πρό-

478 3144 615 3197 ϐατα
639 3145 732 3197 καὶ
761 3144 989 3216 δάμαλιν
1035 3149 1163 3218 μίαν
1208 3152 1390 3221 πηγὰς
1417 3152 1493 3223 τῷ
1527 3155 1849 3225 κεκτημένῳ
1900 3170 2042 3223 παρ-

476 3226 623 3297 έχειν
650 3228 939 3298 γάλακτος.
979 3232 1139 3286 Ὥστε
1173 3237 1206 3307 ή
1244 3236 1469 3306 εὐθηνία
1513 3239 1609 3310 τῆς
1669 3241 1904 3312 εὐωχίας
1933 3239 2043 3293 τῶν

476 3312 708 3381 ἀλόγων,
739 3315 840 3384 τῆς
881 3314 989 3367 τῶν
1023 3317 1323 3388 ἀνθρώπων
1365 3321 1602 3392 ἐρημίας
1634 3324 1886 3395 μέγιστόν
1926 3327 2041 3378 ἐστι

473 3399 787 3469 τεκμήριον.
823 3398 933 3452 Kal
960 3398 1019 3453 τὸ
1044 3401 1241 3471 μέλιδέ
1268 3403 1426 3458 τοῦτο
1452 3407 1746 3461 αἰνίττεται
1763 3426 1776 3439 ο
1816 3408 2038 3463 εἰώθασι

473 3481 583 3552 γάρ
616 3483 732 3544 ταῖς
752 3482 978 3553 ἐρήμοις
1000 3485 1393 3558 ἐμφιλοχωρεῖν
1422 3491 1476 3543 αἱ
1501 3490 1766 3560 μέλιτται,
1796 3491 1889 3544 καί⁸
1912 3489 2041 3545 ἔνθα

473 3562 540 3616 ἂν
562 3565 761 3646 πολλῆς
795 3568 963 3637 νομῆς
994 3568 1329 3636 ἀπολαύωσι,
1378 3573 1471 3627 καὶ
1505 3574 1632 3628 ἔνθα
1682 3575 1870 3646 μηδεὶς
1900 3577 1927 3628 6
1955 3576 2041 3629 ἐν·

473 3648 648 3719 οχλῶν
767 3650 876 3703 Καὶ
920 3650 1006 3703 ἵνα
1047 3651 1223 3727 μάθῃς
1255 3654 1334 3709 ὅτι
1359 3655 1456 3727 τὴν
1485 3644 1884 3731 ἐπιτεταμένην
1910 3662 2043 3733 ἐρη-

477 3734 605 3802 μίαν
655 3733 969 3799 αἰνίττεται,
1014 3736 1088 3816 Ατά
1132 3737 1259 3808 ἑξῆς
1297 3739 1446 3812 δηλοί
1468 3755 1479 3768 ⁸
1514 3742 1622 3796 Καὶ
1656 3742 1827 3797 ἔσται
1864 3744 1933 3798 ἐν
1968 3744 2043 3816 τῇ

472 3816 667 3886 ἡμέρᾳ
697 3817 923 3887 ἐκείνῃ,
965 3814 1037 3876 οὗ
1078 3821 1188 3876 ἐὰν
1211 3821 1323 3875 ὦσι
1379 3822 1408 3863 ι’
1449 3826 1639 3893 χίλιαι
1667 3826 1923 3896 ἄμπελοι
1949 3814 2043 3899 χιὲ

472 3901 622 3954 λίων
650 3902 901 3965 σίκλων,
938 3906 1025 3969 εἰς
1047 3904 1271 3973 χέρσον
1297 3906 1564 3972 ἔσονται,
1591 3912 1689 3965 καὶ
1732 3913 1820 3979 είς
1858 3914 2045 3968 ἀκαν-

474 3986 606 4038 θαν.
636 3985 795 4038 Μετὰ
814 3984 1044 4052 βέλους
1076 3988 1172 4040 καί
1198 3989 1559 4058 τοξεύματος
1589 3996 2043 4053 εἰσελεύσονται

473 4063 753 4151 ἐκείηὸτι
786 4067 1003 4151 χέρσος
1035 4069 1133 4122 καί
1168 4070 1398 4126 ἄκανθα
1431 4073 1606 4129 ἔσται
1662 4076 1831 4134 πᾶσα
1852 4082 1891 4149 ἡ
1939 4081 2039 4151 τῆ.

467 4148 685 4238 ’Πολλῆς
721 4150 815 4203 καὶ
844 4149 1002 4238 τοῦτο
1031 4151 1370 4238 δυσπραγίας
1408 4160 1650 4227 σημεῖον,
1692 4161 1776 4215 ὅτι
1812 4148 1888 4235 μὴ
1939 4148 2041 4238 ϐρη

474 4234 571 4317 καί
598 4235 786 4297 νάπαι,
839 4234 953 4288 ἀλλ’
985 4236 1122 4306 αὐτὴ
1154 4239 1191 4308 ή
1237 4236 1525 4308 βαθύγειος
1555 4244 1648 4297 καὶ
1676 4246 1875 4317 πολλῆς
1904 4234 2041 4303 ἀπο..

476 4316 855 4403 λαύουσατῆς
901 4320 1213 4403 ἐπιμελείας
1264 4322 1506 4389 ἀκάνθας
1553 4326 1726 4397 φέρει.
1768 4316 1901 4384 Οὐδέ
1933 4332 2043 4403 γάρ

474 4402 662 4465 ἁπλῶς
697 4402 757 4456 τὸ
796 4402 1011 4475 τίμημα
1050 4400 1156 4459 τῶν
1190 4407 1450 4480 ἀμπέλων
1500 4409 1761 4477 τέθεικεν,
1808 4415 1922 4468 ἀλλ’
1957 4400 2043 4471 ἵνα

475 4488 571 4541 καὶ
599 4489 697 4559 τὴν
727 4487 887 4572 φύσιν
914 4489 1013 4561 τῆς
1050 4490 1155 4561 γῆς
1193 4492 1547 4565 ἐπιδείξηται,
1603 4498 1698 4556 καὶ
1722 4497 1818 4569 τὴν
1844 4499 2044 4572 πολλὴν

473 4572 582 4625 τῶν
615 4571 876 4643 γεωργῶν
909 4574 1243 4644 ἐπιμέλειαν.
1300 4577 1440 4631 Ἀλλ’
1467 4580 1614 4650 ὅμως
1648 4580 1830 4636 ἐκεῖνα
1859 4582 1926 4636 τὰ
1956 4571 2044 4636 οῦ-

472 4674 581 4719 τως
610 4655 999 4727 εὐθηνούμενα,
1033 4661 1185 4729 φησί,
1220 4663 1315 4715 καὶ
1352 4665 1676 4735 γεωργικῶν
1702 4666 2040 4723 ἀπολαύοντα

474 4739 693 4812 χειρῶν,
728 4740 807 4802 είς
844 4740 1110 4813 τοσαύτην
1139 4747 1501 4817 καταστρέψει
1533 4750 1631 4820 τὴν
1668 4752 1921 4822 ἐρημίαν,
1966 4753 2041 4819 ὡς

473 4822 715 4887 ἀκάνθας
760 4825 857 4894 μὲν
919 4826 1039 4879 ἀντί¹
1096 4827 1355 4898 ἀμπέλων
1414 4832 1619 4903 φέρειν,
1675 4835 1927 4889 τοσοῦτον
1985 4838 2042 4892 δὲ

472 4909 737 4994 παρέχειν
760 4911 873 4973 τοῖς
895 4910 1121 4994 εἰσιοῦσι
1151 4912 1241 4965 τὸν
1282 4914 1464 4983 φόϐον,
1491 4916 1566 4979 ὡς
1601 4918 1803 4989 μηδένα
1840 4920 2044 4994 τολμᾷν

474 4992 683 5064 γυμνὸν
732 4994 827 5047 καὶ
884 4992 1083 5048 ἄοπλον
1132 4997 1375 5053 εἰσιέναι.
1414 4998 1589 5055 Τοῦτο
1622 5002 1680 5055 δέ
1720 5004 1889 5074 λέγει,
1940 4992 2045 5078 τήν

476 5078 712 5149 ἐρημίαν
745 5079 1026 5149 ἐμφαίνων
1056 5079 1149 5133 τοῦ
1170 5081 1358 5147 τόπου,
1387 5085 1479 5136 καὶ
1498 5084 1598 5156 τὴν
1624 5086 1824 5158 πολλὴν
1855 5091 2043 5145 αὐτόθι

472 5161 582 5246 τῶν
618 5160 820 5235 θηρίων
848 5162 1144 5234 διατριϐήν.
1182 5167 1522 5231 Κατασείσας
1540 5169 1719 5224 τοίνυν
1743 5172 1921 5227 αὐτῶν
1946 5174 2046 5246 τὴν

471 5245 731 5310 διάνοιαν,
754 5248 847 5301 καὶ
877 5248 1012 5318 μετά
1032 5248 1315 5319 ἀκριϐείας
1347 5254 1823 5325 κατεργασάμενος
1850 5245 2046 5323 αὐτοῦς

472 5330 552 5399 τῷ
575 5332 746 5403 φόϐῳ,
775 5332 935 5386 πάλιν
960 5333 1173 5405 ἀνίησιν
1199 5333 1400 5403 ὀλίγον,
1420 5336 1489 5389 τὰ
1522 5340 1733 5407 χρηστά
1755 5340 2042 5413 ἀναμίξας,

475 5416 571 5468 καὶ
594 5416 690 5485 τὴν
726 5417 818 5469 ἐπὶ
848 5417 909 5470 τὸ
954 5416 1161 5487 βέλτιον
1215 5418 1540 5490 μεταϐολὴν,
1580 5421 1666 5475 ἵνα
1704 5424 2044 5497 ἑκατέρωθεν

478 5497 691 5567 μάθωσι
721 5500 814 5553 τοῦ
828 5500 962 5553 Θεοῦ
978 5500 1075 5572 τὴν
1110 5502 1283 5572 ἰσχύν.
1304 5500 1416 5575 [88]
1444 5504 1603 5557 Ἀλλὰ
1625 5510 1735 5570 τοῖς
1761 5508 1861 5578 μὲν
1883 5510 2044 5579 φοϐε-

479 5586 589 5653 ροῖς
625 5583 967 5655 ἐνδιατρίϐει,
992 5586 1061 5639 τά
1087 5586 1143 5640 δέ
1191 5589 1403 5660 χρηστά
1438 5588 1640 5655 εὐθέως
1674 5592 1843 5645 εἰπὼν
1872 5595 2045 5648 ἀπαλ-

471 5666 747 5724 λάττεται.
762 5668 827 5721 Τί
854 5669 1053 5741 δήποτε
1074 5689 1089 5738 ;
1116 5673 1234 5727 Ὀτι
1261 5673 1495 5745 μάλιστα
1514 5674 1704 5729 τούτου
1723 5678 1930 5733 ἐδέοντο
1949 5679 2043 5734 τοῦ

538 5854 1015 5925 ’.μεθ-ἐπαγγελίαν
1051 5857 1228 5905 melius
1247 5871 1393 5920 quam
1419 5859 1712 5925 ἐπαγγελίας,
1764 5867 1820 5913 ut
1860 5861 2046 5915 habent

472 5915 619 5969 Savil.
648 5924 701 5963 οι
726 5915 898 5963 Morel.

536 5983 563 6022 ο
581 5982 638 6032 ιιι
663 5977 837 6030 Bibliis
858 5983 949 6036 πᾶς
970 5978 1110 6037 τόπος
1130 5979 1185 6030 οὗ
1207 5982 1286 6032 ἐὰν
1307 5982 1415 6034 ὦσι.

2140 1819 2330 1874 πατεῖ.
2374 1821 2584 1891 Ὥσπερ
2604 1821 2733 1890 γάρ,
2769 1820 2898 1872 ὅταν
2930 1818 3165 1890 ἐρημίαν
3204 1817 3551 1888 παραστῆσαι
3583 1815 3707 1885 βού-

2140 1904 2317 1974 ληται,
2358 1903 2619 1974 Σειρῆνας
2644 1904 2734 1956 καί
2787 1900 3231 1973 Ὀνοκενταύρους
3258 1902 3338 1964 εἰς
3371 1900 3534 1971 μέσον
3573 1898 3699 1968 ἄγει

2139 1987 2217 2059 τῷ
2245 1989 2417 2056 λόγῳ·
2459 1987 2649 2050 οὕτως,
2703 1987 2829 2041 ὅταν
2861 1988 3088 2057 εἰρήνην
3138 1986 3233 2039 καὶ
3272 1984 3589 2053 ἀσφάλειαν,
3636 1983 3707 2036 τά

2140 2072 2397 2143 χειροήθη
2422 2070 2516 2124 καὶ
2556 2070 2784 2124 τιθασσά
2808 2070 2914 2124 τῶν
2937 2069 3114 2135 ζώων,
3136 2068 3228 2121 καί
3258 2066 3707 2137 συνεφαπτόμενα

2139 2156 2246 2208 τῶν
2275 2154 2590 2226 γεωργικῶν
2607 2152 2781 2226 ἔργων
2800 2155 2950 2225 ἡμῖν,
2974 2153 3144 2205 ταῦτα
3166 2151 3441 2220 πανταχοῦ
3468 2150 3706 2203 δείκνυσι

2142 2239 2460 2310 φαινόμενα,
2511 2240 2619 2293 ἀπὸ
2672 2238 2873 2291 τούτων
2935 2236 3002 2291 τὰ
3038 2237 3103 2289 ἐκ
3158 2234 3363 2289 τούτων
3405 2232 3703 2304 ἐμφαίνων,

2141 2323 2412 2397 γεωργίαν
2454 2324 2546 2377 καὶ
2572 2322 2670 2395 τὴν
2695 2322 2862 2393 ἀλλην
2894 2320 3074 2375 αὐτῶν
3098 2317 3392 2373 διακονίαν.

2142 2475 2253 2530 Καὶ
2306 2471 2435 2530 εἷπε
2464 2477 2675 2545 Κύριος
2733 2476 2884 2543 πρὸς
2925 2471 3212 2545 μέίΛάὄε
3253 2468 3487 2545 σεαυτῷ
3524 2470 3708 2545 τόμον

2212 2545 2432 2619 χάρτου
2468 2539 2693 2619 καὶνόν,
2727 2539 2951 2619 μέγαν-ξ
2967 2542 3325 2619 καίγράψον
3353 2553 3375 2581 ο
3398 2543 3484 2619 είς
3520 2539 3708 2619 αὐτόν

2215 2610 2451 2687 γραφιδι
2483 2610 2822 2684 ἀνθρώπου,⁷
2846 2614 2954 2669 τοῦ
2990 2610 3171 2687 όεέως
3196 2610 3705 2687 προνομὴναποιῆ.

2213 2678 2614 2741 σαι”σκύ.λων’.
2647 2678 2903 2753 Παρεστι
2934 2684 3077 2754 γάρ’
3129 2678 3249 2754 καί
3266 2678 3571 2754 μάρτυράς
3602 2696 3702 2754 μοι

2212 2757 2470 2825 ποίησον
2495 2752 2746 2821 πιστοὺς
2793 2752 3158 2825 ἀνθρώπους,
3195 2753 3299 2806 τόν
3341 2752 3560 2819 Οὐρίαν
3602 2752 3707 2825 τόν

2213 2818 2431 2896 ίερέαίὲ,
2492 2828 2588 2880 καὶ
2650 2818 2959 2896 Ζαχαρίαν
3016 2818 3151 2896 υίὸ-νέ
3213 2818 3533 2896 Βαραχίου.
3595 2818 3705 2896 Kal

2213 2890 2563 2967 προσῆλθον
2606 2890 2753 2966 πρὸς
2766 2890 2900 2962 ’τὴν
2912 2893 3239 2967 προφῆτιν,
3272 2890 3479 2967 καὶέν
3495 2890 3701 2967 γαστρί

2213 2959 2411 3030 έξῑαόε,
2456 2966 2553 3021 καὶ
2588 2959 2791 3021 ἐτἐκεν
2822 2959 2978 3020 υἱόνξ
3009 2959 3119 3019 Καὶ
3166 2959 3296 3017 εἶπέ
3321 2980 3421 3033 μοι
3454 2963 3664 3029 Κύριος
3684 2976 3700 2989 °

2211 3038 2489 3094 Κάλεσον
2525 3037 2590 3091 τὸ
2621 3037 2805 3106 ὄνομα
2834 3035 3051 3099 αὐτοῦ,
3088 3032 3710 3106 Ταχέωςςσκύέευσονρ

2215 3108 2396 3174 ὀξέως
2437 3100 2871 3177 προνόμειῖσον.
2906 3106 3068 3177 Διότι
3104 3100 3246 3175 πρὶν
3284 3104 3331 3177 ﬁ
3380 3101 3596 3177 γνῶναι
3640 3100 3708 3156 τὸ

2212 3172 2450 3232 παιδίον
2476 3172 2712 3231 ”καλεῖν
2768 3176 2989 3243 πατέρα
3045 3176 3079 3243 ἢ
3146 3172 3392 3243 μητέρα,
3450 3172 3709 3240 λήψεται

2211 3250 2468 3319 δύναμιν
2521 3247 2855 3319 Δαμασκοῦ,
2900 3246 3114 3319 καὶτὰ
3145 3246 3348 3299 σκῦλα
3380 3244 3709 3313 Σαμαρείας

2212 3317 2415 3374 ἔναντι
2442 3318 2749 3383 βασιλέως
2783 3317 3130 3384 Ἀσσυρίων.

2214 3390 2284 3443 α’.
2320 3382 2478 3442 Δοκεῖ
2501 3391 2601 3460 μέν
2630 3382 2981 3459 ἀπηρτῆσθαι
2997 3386 3137 3440 κατά
3167 3386 3265 3455 τὴν
3284 3384 3431 3451 λέξιν
3454 3382 3626 3438 ταῦτα
3641 3382 3710 3436 τὰ

2142 3472 2235 3526 δύο
2270 3472 2679 3544 προστάγματα,
2714 3473 2808 3525 καὶ
2844 3470 3008 3541 μηδὲν
3040 3469 3215 3523 κοινὸν
3240 3468 3383 3539 ἔχειν
3408 3479 3432 3506 ο
3463 3466 3598 3538 πρὸς
3619 3466 3706 3521 ἀλο

2142 3558 2297 3628 ληλα·
2338 3559 2385 3609 εἰ
2409 3556 2466 3610 δέ
2498 3574 2580 3618 τις
2602 3555 2843 3627 ἀκριϐῶς
2863 3554 3133 3619 ἐξετάσειε
3165 3553 3273 3609 τῶν
3301 3552 3587 3624 νοημάτων
3609 3551 3708 3622 τὴν

2141 3641 2387 3713 δύναμιν,
2418 3639 2615 3710 πολλὴν
2646 3639 2832 3709 ὄψεται
2859 3638 2957 3710 τὴν
2987 3637 3326 3707 συγγένειαν,
3349 3638 3443 3689 καὶ
3474 3636 3563 3688 τὸν
3586 3652 3711 3688 σκο-

2144 3725 2243 3779 πὸν
2277 3725 2392 3778 ἐνα.
2422 3726 2736 3793 ’Δναγκαῖον
2768 3724 2823 3777 δὲ
2872 3725 3087 3793 πρῶτον
3128 3725 3317 3783 εἰπεῖν,
3354 3722 3495 3782 τίνος
3523 3721 3707 3772 ἐνεκεν

2146 3810 2203 3864 τὸ
2238 3810 2337 3880 τῆς
2366 3810 2701 3880 προφητείας
2733 3804 2869 3871 εἶδος
2908 3811 2986 3872 εἰς
3021 3810 3113 3863 τὸν
3138 3808 3244 3861 τῶν
3273 3804 3571 3877 ἀνθρώπων
3596 3805 3709 3857 εἰσ-

2143 3893 2344 3964 ηνέχθη
2385 3892 2515 3963 βίον.
2548 3892 2705 3954 Τίνος
2729 3887 2821 3945 οὖν
2851 3892 3035 3945 ἕνεκεν
3074 3890 3382 3962 εἰσηνέχθη,
3412 3889 3707 3956 ἀναγκαῖον

2143 3979 2337 4033 εἰπεῖν.
2370 3975 2595 4031 Μέλλειν
2640 3975 2828 4028 είωθεν
2873 3978 2902 4028 6
2949 3975 3080 4039 Θεὸς
3116 3976 3208 4028 καὶ
3243 3972 3522 4046 βραδύνειν
3568 3970 3706 4041 πρὸς

2142 4062 2242 4126 τὰς
2266 4061 2375 4115 τῶν
2405 4060 2823 4131 ἁμαρτανόντων
2866 4060 3156 4130 τιμωρίας,
3191 4058 3379 4128 ῶσπερ
3423 4052 3517 4109 οῦν
3544 4056 3713 4124 ταχύς

2144 4148 2261 4200 ἐστι
2286 4145 2380 4200 καὶ
2400 4145 2524 4210 ὀξὺς
2561 4146 2642 4209 εἰς
2677 4144 2776 4207 τὰς
2803 4144 2911 4197 τῶν
2936 4144 3339 4216 κατορθούντων
3372 4132 3709 4212 εὐεργεσίας.

2143 4230 2315 4283 Τοῦτο
2361 4230 2487 4293 τοὺς
2534 4227 2647 4301 [89]
2697 4228 3100 4300 ρᾳθυμοτέρους
3153 4228 3480 4283 ἀναπίπτειν
3530 4244 3709 4298 παρα-

2144 4313 2415 4379 σκευάζει,
2443 4312 2503 4366 τὸ
2537 4312 2610 4384 μὴ
2638 4312 2777 4366 κατὰ
2807 4311 2969 4376 πόδας
3000 4312 3222 4366 ἕπεσθαι
3251 4311 3360 4365 τῶν
3386 4310 3710 4382 πλημμελη-

2147 4400 2331 4470 μάτων
2363 4398 2459 4469 τὴν
2490 4398 2662 4469 δίκην.
2696 4398 2813 4451 Ἵνα
2849 4393 2941 4451 οῦν
2971 4397 3066 4451 καὶ
3096 4400 3123 4450 6
3151 4397 3281 4460 Θεὸς
3307 4398 3405 4465 τὴν
3437 4396 3711 4467 μακροθυ-

2148 4482 2275 4551 μίαν
2305 4480 2704 4553 ἐπιδεικνύηται
2733 4480 2828 4552 τὴν
2865 4479 3080 4545 ἐαυτοῦ,
3112 4481 3208 4535 καὶ
3253 4479 3418 4550 μηδὲν
3464 4478 3714 4532 ἐντεῦθεν

2144 4568 2342 4620 ἐκεῖνοι
2392 4565 2657 4634 γένωνται
2700 4565 3078 4638 ρᾳθυμότεροι,
3130 4565 3191 4618 τὸ
3228 4565 3327 4633 τῆς
3377 4563 3715 4636 προφητείας

2145 4648 2539 4713 κατασκευάζει
2569 4651 2877 4722 φάρμακον,
2907 4652 2967 4704 οὐ
2994 4652 3057 4721 τῇ
3082 4652 3247 4721 πείρᾳ
3276 4648 3385 4703 τῶν
3419 4648 3712 4710 κολάσεων,

2145 4733 2283 4787 ἀλλά
2320 4735 2385 4805 τῇ
2438 4733 2744 4805 προγνώσει
2797 4733 3062 4787 παιδεύων
3118 4734 3242 4796 τοὺς
3300 4731 3717 4803 ἁμαρτάνοντας

2144 4818 2302 4882 τέως,
2356 4818 2444 4872 ἵνα
2491 4818 2557 4871 ἂν
2605 4817 2703 4889 μὲν
2732 4817 2971 4889 βελτίους
3021 4817 3285 4886 γένωνται
3331 4816 3433 4879 τὰς
3486 4813 3715 4878 ἀπειλὰς

2156 4901 2465 4964 ἀκούοντες,
2502 4901 2600 4971 τὴν
2631 4900 2720 4954 διὰ
2756 4902 2853 4972 τῆς
2879 4902 3073 4973 πείρας
3103 4900 3322 4954 κόλασιν
3348 4898 3716 4971 διακρούσων-

2144 5002 2267 5040 ται·
2311 4984 2377 5039 ἀν
2402 4984 2459 5037 δὲ
2490 4984 2839 5056 ἐπιμείνωσιν
2877 4985 3347 5057 ἀναισθητοῦντες,
3369 4985 3488 5038 τότε
3525 4983 3589 5054 δὴ
3623 4983 3718 5036 καὶ.

2145 5073 2244 5141 τὴν
2279 5072 2545 5141 τιμωρίαν
2574 5072 2755 5134 αὐτοῖς
2784 5073 3055 5143 ἐπαγάγῃ.
3094 5070 3263 5124 Τοῦτο
3292 5069 3517 5124 συνιδὼν
3540 5071 3568 5123 6
3601 5069 3716 5122 διάο

2146 5156 2316 5218 ϐολος,
2352 5157 2447 5209 καὶ
2472 5154 2533 5207 τὸ
2567 5154 2757 5227 κέρδος
2788 5156 2971 5227 ἡλίκον
2996 5157 3142 5211 ἐστὶν
3172 5154 3387 5220 ἐννοῶν,
3414 5156 3543 5216 τοὺς
3581 5154 3718 5221 ψευ-

2144 5238 2487 5311 δοπροφήτας
2541 5238 2763 5309 ἀνῆκεν,
2814 5240 2863 5292 οἳ
2910 5243 3021 5304 τοῖς
3071 5240 3378 5311 προφήταις
3432 5236 3718 5291 ἀπειλοῦσι

2144 5321 2356 5391 λιμοὺς,
2386 5322 2627 5394 λοιμοὺς,
2660 5322 2960 5394 πολέμους,
3007 5322 3299 5395 βαρϐάρων
3332 5322 3551 5391 ἔφοδον,
3585 5322 3718 5375 ἀντ-

2145 5404 2348 5473 έλεγον,
2373 5405 2587 5477 χρηστά
2600 5406 3054 5475 ἀπαγγέλλοντες.
3076 5407 3286 5477 Ὠσπερ
3306 5406 3415 5476 γὰρ
3438 5406 3467 5457 6
3487 5402 3619 5466 Θεὸς
3638 5402 3719 5474 τῷ

2144 5488 2297 5560 φόϐῳ
2324 5489 2436 5543 τῶν
2461 5491 2720 5560 ῥημάτιον
2744 5488 2992 5543 ἐϐούλετο
3018 5490 3115 5561 τὴν
3137 5489 3225 5543 διά
3246 5489 3345 5560 τῆς
3373 5489 3565 5558 πείρας
3584 5487 3720 5541 ἀπο-

2145 5571 2438 5645 κρούισθαι
2464 5574 2753 5645 τιμωρίαν,
2786 5573 2927 5626 οὕτω
2956 5574 3048 5626 καὶ
3077 5575 3105 5626 6
3130 5573 3373 5635 διάϐολος
3410 5572 3719 5626 τούναντίον

2144 5656 2430 5727 εἰργάζετο
2453 5673 2467 5687 ο
2508 5660 2574 5728 τῇ
2606 5658 2784 5727 χάριτι
2821 5656 2913 5709 τὸν
2956 5656 3113 5723 λόγον
3146 5654 3167 5695 ί
3194 5654 3401 5708 ἐκλύων
3424 5656 3518 5708 καὶ
3546 5656 3717 5727 ῥᾳθυ-

2211 5742 2233 5801 ξ
2262 5740 2312 5788 In
2346 5739 2519 5789 Bibliis
2535 5741 2679 5801 τόμον
2697 5738 2860 5788 καινοῦ
2888 5741 3108 5800 μεγάλου,
3134 5739 3213 5786 καὶ
3235 5739 3430 5801 γράψον.

2207 5800 2231 5840 (1
2256 5804 2349 5849 Τὸν
2376 5805 2501 5851 ίεοέα
2524 5800 2665 5849 deest
2688 5804 2737 5851 in
2766 5801 2933 5850 Bibliis
2955 5804 3049 5848 τῶν
3074 5805 3115 5849 Ο
3131 5800 3157 5845 ’.

2214 5819 2231 5840 υ
2270 5819 2349 5849 ιον
2377 5819 2391 5849 ι
2447 5820 2501 5850 εα
2524 5819 2665 5849 αεεειι
2688 5819 2737 5851 ιη
2766 5819 2933 5850 DIDIIIS
2955 5819 3049 5848 των
3074 5819 3115 5849 υ
3147 5836 3157 5845 .

2214 5819 2693 5939 σἸἰοῚζΪίοχειλιιηΙε.
2719 5864 2843 5912 Infra
2864 5870 3002 5939 plu}
3043 5863 3256 5939 83mins
3290 5858 3556 5935 lggendum
3599 5874 3716 5913 esse

2147 5926 2407 5988 συνέχειαν.
2433 5925 2564 5974 Ἐιίὶῐί
2584 5927 2867 5988 υυνὲργειαν.
2906 5925 3163 5988 Βενετὶωε
3178 5925 3467 5987 συγγένειαν.

2220 5984 2240 6027 ι
2261 5984 2554 6053 ἰτεοοάυω
2587 5984 2778 6040 videtur
2794 5988 2889 6042 τῶν
2910 5986 3077 6051 λόγων.
