4102 6306
409 396 471 450 ss
1283 378 1290 386 '
1638 388 1705 443 1N
1745 383 1996 452 ISAIAM,
2035 382 2185 440 CAP.
2229 383 2360 448 Vill.
3583 390 3654 447 eo

407 523 544 566 trans
571 508 901 579 Euphratem
939 507 1180 563 videlicet
1211 521 1225 557 :
1261 515 1316 559 ut
1351 512 1468 560 erat
1499 501 1681 557 Iudaea
1723 511 1774 555 et
1801 499 1970 554 Palae-

409 605 538 656 stina
553 600 730 656 omnis
752 614 782 652 a
810 598 1027 653 Perside
1047 595 1406 652 redeuntibus.
1431 593 1555 648 Haec
1575 592 1750 662 itaque
1773 589 1970 655 omnia,

411 695 596 763 inquit,
639 693 856 760 penitus
895 690 1114 744 delebit.
1146 687 1316 755 Caput
1353 694 1550 749 autem,
1581 682 1818 752 capillos,
1852 681 1976 735 bar-

410 787 525 840 bam
553 793 609 839 et
653 783 834 853 pedes,
889 783 1189 836 universam
1231 780 1501 848 regionem
1541 775 1668 830 dicit
1699 774 1798 828 sub
1834 789 1980 828 com-

413 878 684 949 paratione
711 874 973 942 corporis,
1015 886 1234 940 eamque
1261 879 1423 925 totam
1465 881 1708 922 sermone
1746 865 1981 934 comple-

414 972 589 1033 ctitur,
624 965 1070 1037 quemadmodum
1098 964 1245 1018 initio
1270 962 1477 1017 dicebat
1505 978 1517 1013 :
1545 959 1705 1014 Omne
1739 967 1889 1028 caput
1911 958 1979 1010 ad

414 1063 654 1127 laborem,
683 1070 728 1113 et
754 1074 899 1112 omne
929 1075 1016 1111 cor
1054 1057 1118 1109 ad
1143 1057 1385 1109 dolorem.
1415 1053 1458 1106 Α
1499 1052 1705 1122 pedibus
1733 1067 1887 1121 usque
1909 1049 1977 1102 ad

415 1162 558 1218 caput
579 1167 689 1204 non
718 1160 789 1203 est
813 1151 866 1203 in
896 1166 954 1202 eo
979 1149 1164 1203 sanitas
1195 1145 1343 1216 (lsai.
1370 1146 1415 1199 1.
1451 1145 1504 1200 5.
1529 1143 1584 1214 6)
1614 1163 1627 1196 :
1657 1159 1760 1197 non
1781 1143 1848 1196 de
1876 1155 1979 1195 uno

413 1254 610 1298 tantum
634 1243 818 1296 dicens
841 1242 1076 1305 homine,
1107 1238 1198 1293 sed
1230 1247 1392 1292 totam
1420 1236 1690 1305 regionem
1716 1235 1807 1289 uni
1833 1249 1978 1288 com-

414 1349 602 1404 parans
636 1333 871 1400 corpori.
914 1331 1027 1386 Hoc
1055 1340 1228 1384 autem
1271 1328 1358 1383 hic
1389 1328 1553 1382 dicit:
1580 1337 1743 1382 totam
1785 1337 1977 1380 terram

413 1441 566 1496 grave
595 1425 889 1479 subituram
921 1423 1232 1494 supplicium
1260 1435 1401 1476 esse.
1428 1421 1492 1474 Et
1520 1420 1621 1474 hoc
1645 1419 1857 1490 quidem
1887 1435 1981 1487 per

415 1519 748 1583 novaculam,
781 1518 908 1572 illud
941 1533 1071 1572 vero
1105 1533 1197 1586 per
1221 1515 1460 1585 corporis
1487 1515 1767 1583 imaginem
1801 1511 1981 1566 decla-

416 1613 565 1676 tavit,
620 1610 933 1675 ostendens,
979 1607 1251 1662 decretum
1301 1621 1332 1660 a
1377 1607 1484 1660 Deo
1534 1605 1694 1659 latum
1741 1603 1980 1658 acerbius

415 1718 566 1771 quam
595 1701 908 1755 novaculam
948 1699 1234 1768 quamlibet
1256 1707 1312 1753 et
1340 1697 1580 1751 homines
1608 1705 1663 1750 et
1689 1705 1843 1750 terrae
1869 1694 1982 1748 fru-

415 1803 527 1849 ctus
563 1801 1006 1862 consumpturum
1031 1831 1047 1855 ,
1096 1790 1342 1860 illamque
1375 1791 1569 1843 nudam
1620 1796 1674 1842 et
1717 1786 1979 1841 desertam

416 1884 721 1939 relicturum
766 1897 899 1937 esse.
954 1880 1152 1935 Deinde
1181 1880 1295 1949 ejus
1336 1880 1634 1934 vastitatem
1683 1892 1776 1946 per
1825 1877 1980 1931 aliam

416 1973 863 2042 camparationem
895 1972 1133 2026 exhibet.
1164 1970 1324 2038 idque
1353 1968 1478 2022 facit
1514 1982 1708 2022 curans
1738 1976 1795 2021 ut
1826 1967 1982 2020 timor

416 2083 624 2134 semper
648 2067 831 2135 vigens
857 2073 1089 2127 maneat,
1113 2072 1165 2118 et
1187 2078 1350 2132 angor
1372 2061 1693 2131 longitudine
1722 2061 1982 2115 sermonis

417 2173 515 2211 non
543 2158 834 2210 minuatur.
868 2157 932 2209 Et
959 2155 1171 2225 quidem
1197 2155 1403 2209 videtur
1444 2153 1530 2207 hic
1570 2167 1746 2207 sermo
1776 2154 1859 2216 iis,
1890 2152 1982 2223 qui

419 2267 516 2304 non
543 2249 849 2310 attendunt,
881 2249 1121 2317 quautam
1163 2247 1419 2301 bonorum
1461 2246 1714 2314 promissa
1743 2244 1984 2313 complev

416 2342 481 2394 eti
511 2360 524 2393 :
553 2341 651 2396 sed
673 2340 768 2409 qui
809 2350 1055 2393 accurate
1095 2343 1415 2402 scrutantur,
1443 2337 1614 2390 sciunt
1644 2336 1870 2405 ingentis
1892 2350 1984 2388 va-

416 2434 609 2487 stitatis
635 2447 758 2486 esse
779 2430 1302 2485 demonstrationem.
1334 2427 1468 2495 Quid
1503 2432 1643 2483 enim
1672 2428 1781 2481 ait?
1804 2429 1893 2481 2i.
1922 2426 1985 2480 Et

415 2529 502 2580 erit
545 2526 596 2578 in
647 2525 732 2578 die
769 2524 883 2590 illa,
924 2525 1107 2577 nutriet
1151 2524 1296 2577 homo
1322 2524 1528 2576 vitulam
1562 2523 1731 2589 boum,
1770 2531 1816 2576 et
1859 2523 1987 2576 duas

415 2634 542 2670 oves.
587 2616 681 2670 9.2.
723 2615 791 2668 Et
822 2617 934 2680 erit,
978 2632 1040 2668 ex
1079 2616 1294 2684 plurima
1336 2616 1538 2684 potione
1575 2615 1739 2679 lactis,
1768 2615 1988 2668 comedet

418 2711 669 2778 butyrum,
702 2709 823 2776 quia
850 2708 1082 2777 butyrum
1125 2716 1172 2761 et
1212 2708 1309 2761 mel
1336 2707 1556 2760 comedet
1595 2708 1756 2760 onmis
1784 2707 1986 2760 relictus

416 2819 559 2869 super
579 2811 790 2853 terram.
819 2800 928 2853 lloc
950 2800 1188 2866 multam,
1212 2809 1268 2854 ut
1287 2799 1416 2864 dixi,
1446 2800 1744 2854 vastitatem
1771 2800 1986 2854 indicat.

417 2893 570 2947 Terra
601 2892 751 2946 enim
785 2906 904 2961 qua:
928 2891 1245 2944 frumentum
1285 2899 1338 2944 et
1364 2890 1617 2944 hordeum
1642 2890 1860 2952 ferebat,
1894 2889 1989 2942 hn-

417 2985 641 3038 minibus
667 2983 951 3048 destituta,
977 2982 1193 3036 uberem
1223 2980 1612 3050 pabulationem
1642 2981 1824 3035 ovibus
1853 2995 1991 3050 pra:-

420 3074 574 3137 bebit,
604 3085 660 3129 et
691 3075 766 3128 ita
791 3074 1034 3137 uberem,
1078 3082 1132 3126 ut
1164 3071 1235 3126 ob
1263 3071 1636 3126 abundantiam
1665 3071 1785 3125 talis
1811 3071 1986 3141 pabuli

421 3167 671 3222 sufﬁciant
694 3183 829 3222 oves
855 3167 975 3221 dua:
1001 3176 1053 3221 et
1081 3181 1181 3220 una
1212 3166 1392 3230 vitula,
1425 3175 1481 3219 ut
1502 3164 1794 3235 possessori
1820 3164 1991 3220 fontes

424 3259 564 3312 lactis
588 3259 885 3327 praebeant.
925 3257 1104 3326 Itaque
1134 3257 1454 3312 abundantia
1483 3256 1661 3326 pabuli
1691 3256 1989 3322 brutorum,

427 3349 715 3402 solitudinis
742 3349 1022 3402 hominum
1047 3349 1332 3401 maximum
1357 3356 1437 3400 est
1467 3354 1860 3416 argumentum.
1891 3345 1992 3400 Mel

433 3453 636 3507 quoque
672 3438 795 3492 illud
824 3439 1126 3492 subindicat
1151 3455 1162 3490 :
1193 3438 1366 3491 solent
1395 3437 1534 3490 enim
1565 3451 1692 3505 apes
1719 3436 1770 3489 in
1802 3437 1990 3489 solitu-

435 3529 638 3582 dinihus
659 3529 897 3585 lubenter
922 3531 1143 3595 versari,
1169 3529 1253 3583 ubi
1281 3527 1563 3585 abundanti
1587 3542 1705 3581 esca
1729 3529 1989 3591 fruantur,

435 3629 491 3672 et
532 3619 614 3672 ubi
642 3620 807 3673 nullus
837 3620 908 3672 sit
939 3620 1028 3688 qui
1065 3617 1354 3690 perturbet.
1401 3617 1466 3673 Ut
1496 3633 1621 3671 vero
1645 3617 1818 3670 discas
1849 3616 1990 3669 illam

438 3713 688 3780 ingentem
727 3711 1069 3765 solitudinem
1126 3711 1493 3775 subindicare,
1543 3726 1608 3764 ex
1653 3709 1992 3779 sequentibus

434 3801 558 3855 disci
587 3812 773 3872 potest.
803 3803 895 3856 23.
937 3801 1002 3855 Et
1032 3802 1124 3855 erit
1159 3803 1210 3855 in
1248 3803 1330 3855 die
1363 3801 1475 3866 illa,
1519 3801 1602 3854 ubi
1633 3801 1817 3868 fuerint
1855 3802 1992 3854 mille

432 3895 580 3947 sinet:
605 3895 740 3947 mille
777 3895 1040 3958 siclorunt,
1071 3894 1121 3946 in
1146 3894 1384 3946 incultam
1414 3903 1580 3956 erunt,
1616 3903 1665 3945 et
1692 3894 1745 3945 in
1769 3893 1987 3962 spinam.

428 3976 512 4032 9.5.
539 3978 658 4032 Cum
684 3981 873 4048 sagitta
897 3988 943 4032 et
977 3994 1097 4030 arcu
1122 3978 1459 4046 ingredientur
1488 3976 1630 4042 illuc,
1661 3979 1779 4046 quia
1805 3976 1994 4029 inculta

430 4082 472 4122 et
493 4072 648 4139 spinis
673 4072 837 4124 obsita
863 4071 954 4124 erit
978 4070 1140 4123 omnis
1180 4077 1332 4122 terra.
1361 4069 1603 4138 Magnum
1645 4079 1698 4124 et
1727 4067 1827 4122 hoc
1853 4068 1990 4122 inle-

433 4160 634 4214 licitatis
660 4161 872 4230 signum
911 4169 1012 4223 est,
1039 4159 1178 4228 quod
1207 4174 1310 4214 non
1355 4169 1564 4214 montes
1601 4168 1656 4214 et
1693 4160 1861 4225 silvat,
1898 4157 1991 4213 sed

435 4251 538 4319 ipsa
563 4252 777 4304 arahilis
819 4261 983 4316 terra,
1009 4241 1130 4320 quae
1173 4250 1454 4320 diligenter
1481 4250 1775 4314 colebatur,
1814 4249 1994 4318 spinas

437 4341 578 4396 ferat.
620 4342 803 4409 Neque
828 4343 970 4395 enim
1001 4351 1200 4396 temere
1229 4342 1498 4395 vinearum
1528 4343 1754 4411 pretium
1793 4341 1988 4410 posuit,

436 4433 521 4486 sed
551 4442 606 4486 ut
646 4443 891 4487 naturam
917 4443 1070 4487 terrae
1098 4432 1506 4496 demonstraret,
1550 4432 1871 4502 multamque
1903 4447 1994 4485 co-

437 4522 666 4577 lonorum
697 4538 899 4577 curam.
927 4524 1168 4578 Attamen
1196 4523 1282 4577 illa
1300 4539 1415 4593 quae
1444 4524 1588 4592 prius
1611 4533 1715 4578 tam
1742 4538 1992 4593 prospera

439 4625 596 4681 erant,
626 4617 814 4686 inquit,
847 4625 900 4670 et
922 4617 1266 4686 agricolarum
1306 4615 1546 4670 manibus
1573 4617 1897 4682 fruebantur,
1927 4617 1979 4670 in

443 4718 626 4763 tantam
667 4719 840 4764 vertet
879 4709 1242 4776 solitudinem,
1282 4717 1338 4763 ut
1362 4710 1541 4778 spinas
1579 4724 1676 4778 pro
1714 4710 1880 4763 vineis
1918 4709 1993 4762 fe-

441 4813 568 4867 rant,
597 4813 648 4858 et
671 4812 873 4857 tantum
901 4803 1155 4856 incutiant
1191 4801 1604 4872 ingredientibus
1632 4810 1910 4868 terrorem,
1937 4808 1997 4856 ut

444 4907 585 4947 nemo
609 4895 800 4946 audeat
829 4892 1002 4945 nudus
1029 4901 1082 4944 et
1119 4892 1234 4946 sine
1261 4891 1426 4946 armis
1454 4892 1696 4947 introire.
1737 4891 1846 4946 Hoc
1864 4906 1994 4948 vero

443 4981 524 5047 ait,
551 4983 885 5037 solitudinem
911 4983 1009 5036 loci
1039 4982 1332 5048 declarans,
1362 4983 1686 5052 multamque
1707 4983 1809 5037 illis
1835 4983 1885 5036 in
1917 4982 1994 5036 lo-

444 5075 511 5128 cis
533 5074 754 5129 ferarum
777 5074 1150 5145 frequentiam.
1175 5073 1381 5128 Illorum
1404 5076 1581 5144 itaque
1600 5072 1777 5130 animo
1802 5075 1994 5129 timore

447 5168 688 5232 perculso,
717 5168 954 5238 ipsisque
981 5165 1283 5220 vehementi
1320 5167 1531 5220 incusso
1580 5174 1742 5230 metu,
1782 5182 1992 5221 rursum

447 5271 720 5314 sermonem
753 5275 942 5329 parum
975 5259 1220 5323 remittit,
1249 5257 1383 5313 bona
1429 5258 1748 5322 admiscens,
1785 5275 1991 5314 necnon

447 5355 759 5408 mutationem
802 5354 856 5406 in
913 5351 1232 5415 melius;ut
1284 5351 1530 5420 utrinque
1575 5352 1665 5405 Dei
1706 5354 1992 5421 potentiam

443 5455 786 5510 agnoscerent.
826 5444 1028 5500 Verum
1074 5444 1128 5498 in
1178 5443 1500 5499 terribilibus
1543 5443 1738 5498 diutius
1777 5446 1990 5513 insistit,

441 5537 558 5591 bona
596 5555 717 5594 vero
745 5541 930 5594 statim
980 5546 1041 5592 ut
1077 5537 1233 5603 dixit,
1264 5536 1584 5591 intermittit.
1616 5537 1834 5603 Quare?
1860 5538 1990 5603 Quia

437 5629 524 5684 hoc
558 5635 784 5688 maxime
813 5629 1204 5700 increpationis
1234 5629 1529 5698 'pharmaco
1571 5639 1694 5683 tunc
1724 5630 1988 5700 egebant;

432 5723 492 5777 ita
523 5736 571 5779 ut
594 5735 870 5798 postquam
893 5724 1122 5796 cepiose
1153 5721 1279 5777 illud
1313 5721 1576 5792 apposuit,
1605 5738 1710 5792 quo
1730 5723 1868 5776 sinat
1896 5739 1991 5791 pa-

428 5829 621 5891 rnn‘tper
663 5821 957 5894 respirare,
1013 5825 1072 5874 et
1117 5813 1241 5870 hinc
1288 5815 1444 5871 etiam
1485 5813 1552 5870 ad
1604 5814 1847 5870 virtutem
1895 5828 1987 5883 eos

2091 512 2296 566 evocet,
2337 501 2475 556 bona
2501 500 2883 567 intermisceat,
2921 501 3106 558 dicens
3135 501 3259 559 :25.
3310 501 3485 558 Omnis
3511 520 3654 557 mons

2088 605 2258 649 aratro
2285 595 2513 649 sulcatus
2555 596 2807 649 arabitur.
2845 596 3297 663 Quemadmodum
3335 598 3478 652 enim
3517 597 3655 652 irato

2088 687 2218 754 Deo,
2259 690 2417 744 etiam
2450 686 2596 743 ferax
2623 688 2866 758 planities
2896 689 3123 744 solitudo
3149 691 3250 744 erit
3275 709 3288 743 :
3317 691 3394 746 sic
3422 690 3511 745 illo
3538 690 3656 760 pla-

2087 790 2227 845 cato,
2258 782 2418 834 etiam
2448 782 2563 835 loca
2587 795 2772 849 aspera
2797 780 3088 850 pinguioris
3118 793 3270 836 terra:
3294 783 3653 837 conditionem

2087 875 2382 943 acquirent,
2423 883 2478 929 et
2517 884 2752 928 aratrum
2791 875 3058 943 excipient
3101 883 3258 945 atque
3306 890 3511 931 semen.
3562 875 3658 930 llis

2089 981 2249 1035 porro
2290 968 2534 1034 peractis,
2586 968 2745 1022 etiam
2787 983 2848 1022 ea
2887 983 3005 1036 qua:
3056 967 3169 1022 haec
3222 980 3518 1040 sequuntur
3559 969 3659 1023 ad-

2087 1067 2264 1125 erunt,
2299 1073 2418 1127 pax,
2464 1058 2705 1122 libertas,
2737 1059 2947 1122 ﬁducia,
2985 1075 3082 1114 nec
3112 1061 3250 1116 nllus
3287 1062 3387 1115 erit
3417 1061 3573 1115 timor
3603 1069 3659 1113 nt

2089 1150 2309 1220 pridem.
2338 1149 2470 1205 Nam
2497 1152 2590 1215 ait,
2625 1151 2741 1206 Non
2762 1153 3070 1222 ingredietur
3097 1151 3200 1205 illic
3229 1153 3392 1205 timor.
3426 1151 3538 1205 Erit
3564 1169 3658 1203 au-

2088 1251 2184 1294 tem
2221 1244 2282 1295 ab
2312 1242 2499 1294 inculta
2528 1252 2682 1308 terra,
2727 1253 2773 1296 et
2813 1260 2844 1295 a
2870 1243 3017 1312 spina
3053 1245 3105 1296 in
3137 1259 3323 1309 pascua
3365 1245 3490 1306 ovis,
3530 1254 3574 1296 et
3605 1248 3658 1297 in

2086 1333 2514 1387 conculcationem
2540 1333 2695 1388 bovis.
2739 1334 2842 1388 Per
2884 1335 2997 1388 haec
3038 1349 3219 1388 rursus
3249 1349 3336 1390 res
3377 1351 3659 1405 prosperas

2086 1425 2366 1490 signiﬁcat,
2413 1425 2550 1478 sicut
2590 1433 2644 1480 et
2677 1426 2899 1480 ulterius
2939 1427 3280 1494 progrediens
3325 1427 3436 1480 ait:
3468 1425 3657 1480 Beatus

2086 1519 2170 1583 qui
2215 1519 2425 1571 seminat
2465 1534 2620 1587 super
2667 1533 2862 1570 omnem
2905 1533 3108 1586 aquam,
3153 1519 3234 1570 ubi
3279 1518 3363 1572 bos
3404 1528 3448 1570 et
3488 1521 3661 1571 asinus

2086 1611 2283 1663 calcant
2333 1609 2484 1680 (Isai.
2530 1609 2615 1665 52.
2661 1609 2774 1680 ΞΟ).
2823 1609 3280 1677 Quemadmodum
3323 1601 3497 1673 enim,
3538 1625 3658 1665 cum

2088 1703 2427 1758 solitudinem
2456 1704 2572 1758 vult
2592 1705 2912 1774 signiﬁcare,
2941 1705 3155 1760 Sirenas
3183 1714 3236 1759 et
3263 1705 3662 1759 Onocentauros

2089 1797 2139 1851 in
2179 1797 2409 1852 medium
2440 1797 2654 1853 adducit
2685 1796 2836 1868 (Isai.
2867 1799 2954 1853 15.
2999 1798 3088 1852 21.
3129 1798 3220 1866 ‘22)
3249 1815 3261 1850 :
3288 1799 3382 1859 sic,
3415 1813 3536 1852 cum
3565 1813 3660 1866 pa-

2089 1904 2202 1943 cem
2229 1898 2283 1943 et
2302 1890 2663 1954 securitatem,
2693 1890 2938 1943 animalia
2969 1899 3242 1944 mansueta
3270 1899 3325 1944 et
3348 1889 3660 1952 tractabiiia,

2089 1999 2313 2052 qumque
2373 1984 2711 2052 agriculturae
2772 1983 3066 2038 inserviunt
3112 1983 3305 2052 ubique
3374 1982 3662 2050 conspicua

2090 2074 2323 2138 exhibet,
2357 2075 2424 2129 ab
2450 2074 2532 2127 his
2558 2090 2620 2128 ea
2647 2091 2764 2145 qua:
2802 2090 2984 2129 eorum
3031 2074 3322 2128 ministerio
3349 2076 3478 2126 linnt
3522 2073 3660 2126 indi-

2090 2182 2240 2231 cans,
2264 2167 2638 2236 agriculturam
2663 2179 2718 2222 et
2738 2166 2839 2221 alia
2866 2182 3052 2222 eorum
3073 2166 3379 2220 ministeria.

2675 2301 2898 2357 CAPUT
2948 2301 3077 2354 Vlli.

2094 2420 2142 2472 1.
2186 2418 2251 2471 Et
2289 2420 2358 2471 ait
2397 2417 2643 2472 Dominus
2687 2417 2754 2469 ad
2797 2432 2874 2470 me
2906 2431 2922 2470 :
2949 2416 3107 2471 Sume
3134 2417 3222 2469 tibi
3263 2424 3450 2469 tomum
3479 2419 3665 2472 chartis

2164 2526 2378 2569 novum,
2429 2525 2695 2578 magnum,
2741 2518 2788 2560 et
2831 2508 2988 2560 scribe
3028 2509 3080 2559 in
3123 2523 3181 2560 eo
3237 2509 3365 2576 stylu
3408 2507 3622 2559 nominis
3647 2545 3662 2566 ,

2163 2612 2215 2653 ut
2279 2601 2508 2653 velociter
2579 2599 3002 2665 deprazdationem
3054 2599 3209 2667 faciat
3268 2599 3564 2668 spoliorum.
3608 2600 3663 2652 ‘2.

2167 2694 2315 2747 Adest
2335 2694 2465 2747 enim
2495 2709 2512 2746 :
2537 2702 2582 2747 et
2599 2704 2743 2746 testes
2764 2693 2886 2745 nti/ti
2912 2692 2993 2759 [ac
3013 2693 3182 2759 ﬁdet'es
3213 2692 3456 2758 homines,
3490 2689 3666 2745 Uriam

2164 2785 2468 2839 sacerdotem
2505 2786 2556 2851 ¹,
2610 2795 2652 2838 et
2681 2784 2985 2837 Zachariam
3013 2783 3174 2851 {ilium
3197 2780 3483 2835 Barac/tite.
3513 2783 3566 2835 5.
3603 2781 3667 2834 Et

2165 2887 2344 2934 accessi
2361 2881 2427 2933 ad
2449 2881 2830 2950 prophetissam,
2862 2888 2905 2932 et
2931 2880 2981 2930 in
3008 2889 3145 2930 utero
3174 2875 3384 2942 accepit,
3411 2887 3455 2927 et
3479 2877 3668 2943 peperit

2174 2973 2351 3024 filium.
2381 2969 2448 3024 Et
2487 2970 2614 3023 dixit
2651 2969 2771 3022 mihi
2802 2967 3096 3022 Dominus:
3147 2965 3282 3019 Voca
3321 2983 3499 3018 nomen
3537 2967 3666 3034 ejus,

2168 3065 2277 3118 Cito
2304 3066 2484 3133 spolia,
2527 3063 2772 3117 Velociter
2817 3063 3064 3131 prcedere.
3110 3063 3162 3115 4.
3221 3060 3351 3124 Quia
3401 3069 3669 3127 antequam

2166 3151 2289 3204 sciat
2323 3166 2444 3218 puer
2473 3164 2648 3202 vocare
2674 3159 2866 3218 patrem
2905 3155 2991 3199 aut
3036 3154 3263 3210 matrem,
3313 3146 3525 3212 accipiet
3572 3143 3670 3195 vir-

2167 3253 2320 3296 tutem
2349 3240 2586 3293 Damasci
2616 3249 2661 3292 et
2685 3239 2850 3309 spolia
2880 3237 3130 3291 Samaria:
3159 3253 3328 3289 coram
3367 3251 3480 3304 rege
3509 3233 3637 3303 Assy
3655 3263 3670 3273 ο

2167 3352 2372 3389 norum.

2168 3453 2217 3506 ί.
2260 3451 2382 3506 [hec
2423 3451 2527 3505 duo
2570 3461 2829 3520 praecepta
2873 3447 3161 3503 secundum
3193 3447 3395 3500 literam
3426 3443 3668 3498 videntur

2097 3545 2314 3598 omnino
2357 3543 2566 3597 diversa
2595 3557 2714 3596 esse
2739 3583 2752 3606 ,
2783 3540 3017 3608 nihilque
3046 3553 3328 3591 commune
3363 3535 3558 3589 habere
3586 3553 3598 3587 :
3627 3536 3668 3587 si

2096 3637 2214 3705 quis
2261 3649 2389 3688 vero
2433 3633 2813 3693 sententiarum
2840 3631 2944 3683 vim
2989 3637 3236 3683 accurate
3278 3627 3668 3696 exploraverit,

2098 3725 2314 3780 multam
2345 3724 2540 3778 videbit
2568 3724 2619 3776 in
2644 3738 2708 3776 ea
2735 3738 2792 3775 re
2820 3719 3220 3774 consonantiam
3255 3727 3306 3772 et
3347 3732 3506 3770 unum
3549 3731 3670 3769 sco-

2097 3835 2242 3889 pum.
2269 3816 2631 3871 Necessarium
2654 3823 2828 3868 autem
2857 3822 2938 3867 est
2965 3812 3109 3882 prius
3128 3811 3303 3865 dicere
3329 3824 3422 3862 cur
3448 3807 3670 3876 pr0phc-

2099 3913 2168 3965 tia
2201 3911 2250 3964 in
2288 3907 2558 3962 hominum
2586 3907 2742 3960 vitam
2772 3904 2984 3959 inducta
3019 3903 3105 3956 sit.
3152 3900 3257 3957 Cur
3297 3917 3422 3970 ergo
3467 3901 3670 3954 invecta

2098 4005 2201 4070 sit,
2230 4016 2447 4058 necesse
2485 4009 2568 4057 est
2608 4001 2802 4055 dicere.
2849 3998 2992 4054 Solet
3041 3997 3178 4051 Deus
3219 3995 3284 4049 ad
3332 4009 3515 4064 pinnas
3545 4008 3669 4062 pec-

2099 4095 2342 4152 cantibus
2369 4093 2669 4149 inferendas
2698 4090 2931 4146 cunctari
2962 4101 3014 4144 et
3046 4088 3452 4157 procrastinare,
3483 4099 3670 4155 quem-

2101 4189 2383 4245 admodum
2429 4195 2700 4258 promptus
2737 4185 2985 4253 celerque
3014 4191 3096 4235 est
3120 4181 3185 4234 ad
3217 4180 3468 4234 beneﬁcia
3509 4177 3671 4247 probe

2097 4282 2390 4336 viventibus
2413 4279 2728 4350 praestanda.
2753 4277 2864 4330 Hoc
2889 4275 2940 4329 id
2967 4274 3129 4327 efficit
3155 4282 3210 4327 ut
3235 4275 3503 4338 segniores
3528 4270 3670 4324 deci-

2098 4375 2242 4440 dant,
2271 4389 2336 4428 eo
2365 4372 2504 4443 quod
2532 4371 2662 4425 ultio
2687 4369 2947 4424 scelerum
2979 4381 3080 4419 non
3104 4380 3134 4418 e
3155 4363 3374 4432 vestigio
3398 4371 3668 4431 sequatur.

2099 4467 2166 4523 Ut
2198 4481 2325 4536 ergo
2354 4465 2491 4519 Dens
2516 4462 2820 4532 patientiam
2843 4473 2989 4512 suam
3013 4455 3280 4517 exhibeat,
3301 4467 3470 4522 neque
3497 4461 3670 4504 tamen

2101 4559 2173 4613 illi
2211 4558 2333 4611 hinc
2377 4555 2647 4625 segniores
2693 4552 2953 4613 evadant,
2996 4547 3286 4618 pr0phetite
3328 4545 3670 4615 pharmacum

2097 4657 2348 4721 apparat,
2378 4663 2484 4701 non
2519 4643 2894 4714 suppliciorum
2923 4641 3302 4710 experimento,
3336 4636 3427 4692 sed
3457 4636 3668 4691 interim

2099 4741 2428 4812 prmscientia
2452 4738 2699 4794 erudiens
2726 4743 3048 4805 peccatores,
3071 4742 3126 4784 ut
3153 4732 3194 4785 si
3226 4730 3418 4784 auditis
3441 4727 3667 4782 commi-

2099 4833 2398 4888 nationibus
2445 4831 2693 4884 meliores
2738 4827 3001 4890 evadant,
3035 4838 3204 4893 meum
3246 4820 3668 4890 experimentum

2099 4926 2364 4996 depellant
2392 4939 2406 4978 :
2433 4924 2514 4977 sin
2551 4935 2679 4976 vero
2720 4921 2836 4974 sine
2875 4933 3030 4973 sensu
3077 4923 3358 4979 maneant,
3386 4924 3511 4967 tunc
3543 4911 3670 4980 ipsis

2101 5018 2410 5088 supplicium
2435 5015 2640 5069 inferat.
2665 5012 2774 5067 lloc
2801 5009 3124 5081 perspiciens
3150 5004 3409 5069 diabolus,
3431 5011 3486 5056 et
3512 5017 3670 5070 quan-

2100 5122 2211 5166 tum
2243 5110 2362 5163 hinc
2388 5109 2517 5162 lucri
2548 5107 2682 5161 foret
2710 5105 2964 5174 cogitans,
2985 5097 3472 5169 pseudoprophetas
3492 5094 3669 5147 immi-

2100 5206 2188 5270 sit,
2217 5203 2300 5266 qui
2329 5200 2598 5272 prephetis
2627 5197 2947 5251 minantibus
2976 5192 3167 5246 famem
3193 5230 3205 5251 ,
3240 5196 3459 5256 pestem,
3505 5184 3667 5246 bella,

2100 5297 2440 5352 barbarorum
2472 5289 2826 5347 incursionem
2849 5329 2863 5351 ,
2889 5281 3321 5340 contradicehant
3342 5318 3356 5342 ,
3388 5277 3555 5329 fausta
3577 5290 3672 5328 an-

2100 5387 2421 5442 nuntiantes.
2452 5378 2904 5448 Quemadmodum
2935 5375 3076 5428 enim
3123 5372 3258 5424 Deus
3299 5377 3440 5420 metu
3480 5365 3670 5418 verbo-

2100 5493 2216 5532 rum
2248 5476 2457 5530 volebat
2482 5471 2724 5542 supplicii
2752 5469 3168 5538 experimentum
3195 5458 3481 5528 depellere,
3512 5456 3587 5508 sic
3618 5466 3669 5507 et

2100 5567 2338 5622 diabolus
2367 5565 2686 5618 contrarium
2712 5559 3027 5630 operabatur
3051 5571 3063 5617 ;
3097 5551 3378 5605 verborum
3409 5545 3668 5602 illecebris

2099 5675 2193 5717 eos
2240 5658 2513 5713 emolliens
2555 5665 2608 5710 et
2654 5651 2926 5722 segniores
2981 5643 3242 5707 reddens,
3300 5640 3666 5696 necessitatem

2167 5821 2182 5852 ί
2220 5817 2343 5879 Vox,
2369 5813 2678 5874 sacerdotem,
2702 5810 2842 5860 deest
2865 5807 2910 5855 in
2935 5793 3092 5858 milia
3113 5807 3239 5852 Lxx.
