3992 6300
391 375 470 430 '9!
1076 372 1133 427 s.
1175 370 1450 428 JOANNIS
1487 368 1956 427 cnnvsosront
1993 369 2306 440 ARCHIEP.
2344 354 2869 432 consumtum).
3588 378 3653 436 te

405 490 656 547 afferebat
680 498 738 543 ut
765 488 1014 559 supplicia
1047 487 1217 555 reipsa
1242 487 1626 556 experirentur.
1653 484 1814 551 Hinc,
1846 485 1970 554 quia

408 590 589 653 postea
633 577 1105 652 pseudoprophetis
1151 578 1308 633 fidem
1356 578 1648 644 habentes,
1677 592 1738 631 ac
1771 576 1978 632 virtutis

396 671 715 728 exercitium
739 676 1156 731 contemnentes,
1184 666 1277 721 sed
1305 666 1356 720 in
1386 667 1611 735 peccatis
1635 668 1744 721 suis
1773 680 1980 735 perma-

404 770 595 818 nentes
614 800 629 827 ,
657 760 755 815 sibi
784 758 1097 829 supplicium
1127 758 1463 812 attrahebant
1482 797 1498 824 ,
1529 771 1590 812 ac
1621 772 1715 827 per
1780 755 1979 811 exitum

402 852 776 923 prophetarum
798 851 995 905 veritas
1012 849 1403 913 ostendebatur,
1423 857 1475 903 et
1496 846 1979 918 pseudopropheta—

402 960 518 1001 rum
540 943 873 999 mendacium
893 943 1256 1012 detegebatur,
1288 942 1444 996 aliam
1474 955 1654 996 rursus
1680 941 1976 995 machinam

404 1043 625 1105 apparat
665 1034 729 1089 ad
772 1049 954 1090 eorum
981 1033 1268 1104 perniciem
1295 1032 1383 1102 qui
1412 1048 1470 1088 se
1505 1033 1748 1101 intercipi
1776 1032 1973 1086 sinunt.

401 1125 577 1180 Suasit
603 1138 743 1179 enim
780 1125 929 1194 ipsis,
956 1123 1046 1193 qui
1074 1123 1296 1193 deceptu
1327 1122 1509 1178 faciles
1537 1131 1707 1186 erant,
1740 1123 1833 1178 has
1860 1139 1976 1193 qua:

400 1215 708 1271 accidebant
736 1215 1062 1271 calamitates
1091 1230 1158 1270 ex
1196 1215 1493 1269 daemonum
1525 1216 1601 1269 ira
1645 1215 1928 1283 provenire
1954 1255 1970 1282 ,

400 1308 541 1376 quod
570 1307 636 1361 ab
663 1307 791 1377 ipsis
818 1307 1207 1377 negligerentttr
1233 1319 1295 1360 ac
1333 1306 1605 1375 despectui
1632 1305 1970 1361 haberentur.

404 1400 553 1454 Ilane
594 1399 752 1467 igitur
797 1397 1058 1452 fallaciam
1103 1407 1159 1452 ut
1196 1397 1407 1452 tolleret
1444 1398 1603 1464 Deus,
1648 1410 1769 1452 ante
1813 1398 1973 1452 multa

403 1500 642 1558 tempora
687 1504 805 1558 qua:
852 1489 956 1542 illis
997 1497 1251 1554 eventura
1293 1497 1463 1555 erant,
1496 1489 1601 1542 imo
1644 1489 1816 1558 potius
1855 1503 1974 1559 quas

398 1585 542 1652 ipsos
569 1583 1013 1653 comprehensum
1041 1591 1194 1637 erant
1230 1582 1365 1635 mala
1407 1582 1724 1651 praenuntiat
1748 1623 1761 1644 ,
1788 1592 1847 1636 ut
1883 1581 1974 1651 qui

397 1674 517 1729 illos
540 1674 871 1742 decipiebant
894 1684 1235 1744 nonpossent
1255 1673 1347 1727 irte
1367 1673 1666 1729 dtemonum
1692 1673 1789 1728 hos
1814 1689 1974 1729 even-

401 1776 484 1821 tus
527 1766 846 1821 adscribere.
897 1766 1046 1833 Quod
1093 1774 1271 1820 autem
1315 1781 1419 1819 non
1470 1780 1568 1835 per
1612 1764 1970 1833 conjecturam

400 1857 515 1911 luce
539 1856 712 1913 dicam
732 1899 747 1923 ,
779 1856 901 1910 audi
945 1856 1133 1911 Isaiam
1158 1857 1421 1911 dicentem
1450 1874 1464 1909 :
1495 1856 1616 1912 Scio
1653 1857 1774 1927 quia
1815 1857 1972 1911 durus

397 1966 468 2012 es,
500 1958 545 2001 et
574 1964 752 2001 nervus
793 1951 981 2018 ferreus
1010 1947 1196 2025 collum
1226 1959 1365 2001 tuum
1385 1988 1398 2013 ,
1427 1956 1474 2001 et
1516 1948 1656 2017 frons
1696 1957 1781 2001 tua
1809 1963 1967 2002 (enea.

396 2037 523 2093 Ideo
548 2038 609 2091 ab
635 2040 774 2092 initio
813 2038 1046 2111 loquutus
1084 2055 1193 2092 sum
1225 2039 1313 2092 tibi
1332 2080 1347 2103 ,
1376 2055 1436 2092 ne
1460 2038 1598 2092 dicas
1626 2055 1644 2093 :
1669 2037 1819 2091 ldola
1849 2038 1970 2092 mihi

395 2136 636 2201 fecerunt,
658 2139 702 2184 et
730 2130 985 2201 sculptilia
1004 2141 1049 2184 et
1068 2132 1348 2201 conﬂatilia
1374 2131 1503 2184 mihi
1527 2133 1768 2202 fecerunt.
1795 2130 1971 2201 Neque

396 2221 563 2286 nosti,
596 2239 750 2292 neque
797 2223 974 2276 audita
1015 2227 1154 2293 fuere
1198 2224 1283 2275 tibi
1314 2220 1482 2292 (lsai.
1533 2222 1623 2277 48.
1671 2223 1726 2276 4.
1772 2223 1825 2277 5.
1870 2221 1966 2293 8).

394 2312 524 2378 Quia
557 2312 733 2382 igitur,
766 2321 821 2366 ut
847 2313 1086 2367 dicebam
1110 2354 1123 2379 ,
1158 2321 1319 2381 utque
1342 2328 1409 2367 ex
1450 2313 1750 2367 testimonio
1786 2313 1969 2368 videre

393 2412 492 2467 cst,
537 2403 868 2459 dwmonibus
918 2405 1006 2459 illa
1052 2403 1462 2470 adscribebant,
1497 2404 1639 2458 venit
1687 2406 1965 2474 prophetia

393 2494 529 2547 hanc
561 2492 750 2548 tollens
770 2493 1029 2559 fraudem,
1048 2505 1098 2550 et
1116 2510 1176 2549 ea
1199 2504 1320 2549 ante
1341 2495 1504 2549 multa
1527 2505 1757 2566 tempora
1779 2496 1968 2567 pandi-

392 2598 538 2637 cens.
568 2583 671 2639 Sed
706 2584 826 2655 quia
867 2584 1025 2639 etiam
1066 2586 1141 2638 sic
1177 2585 1462 2640 verisimile
1496 2594 1611 2640 erat
1635 2600 1746 2649 eos,
1774 2586 1966 2657 ingrati

391 2691 511 2730 cum
543 2684 742 2739 essent,
766 2675 1001 2730 dicturos
1029 2691 1168 2740 esse,
1191 2676 1304 2731 Non
1335 2676 1666 2746 prmdixistis,
1691 2693 1793 2732 non
1822 2679 1966 2746 prius

392 2768 703 2832 audivimus,
731 2783 871 2822 nunc
907 2768 958 2822 id
1004 2768 1198 2838 ﬁngitis
1227 2779 1347 2838 post
1371 2780 1614 2825 eventum
1647 2790 1660 2824 :
1691 2786 1794 2825 non
1825 2772 1965 2826 enim

392 2861 562 2914 nostis
585 2874 647 2914 ea
672 2876 790 2930 qua:
814 2871 1063 2915 eventura
1096 2869 1247 2914 sunt:
1271 2860 1532 2915 undenam
1557 2877 1683 2931 ergo
1710 2862 1761 2917 id
1793 2863 1964 2932 palam

391 2951 675 3021 crit,quod
713 2966 902 3022 nempe
942 2951 1140 3006 dictum
1172 2952 1374 3007 fuerit?
1400 2953 1519 3009 vide
1554 2955 1819 3024 quomodo
1861 2956 1963 3009 illis

390 3045 534 3099 clare
556 3045 886 3100 ineluctabile
914 3056 1063 3116 paret
1091 3054 1480 3115 argumentum,
1506 3047 1825 3117 impudentia
1846 3064 1966 3103 cou-

389 3151 550 3192 suens
592 3152 704 3190 ora.
736 3137 849 3190 Non
889 3138 1029 3191 enim
1074 3137 1329 3207 permittit
1368 3146 1423 3191 ut
1462 3145 1662 3192 tantum
1688 3138 1847 3206 dicat,
1870 3139 1964 3194 sed

385 3228 536 3298 jubet
564 3227 616 3281 in
656 3228 835 3282 charta
863 3218 1021 3283 scribi
1051 3243 1111 3282 ea
1137 3244 1254 3299 qua:
1300 3228 1576 3296 dicuntur;
1607 3245 1779 3300 neque
1806 3231 1963 3286 modo

392 3320 573 3386 scribi,
602 3334 669 3374 ne
713 3320 893 3374 liceret
921 3321 998 3375 eis
1027 3320 1223 3385 dicere,
1256 3320 1367 3376 Hoc
1409 3332 1592 3393 postea
1639 3323 1824 3391 ﬁnxit;
1856 3325 1950 3381 sed

390 3411 549 3465 etiam
582 3418 743 3465 testes
782 3412 1098 3480 scriptorum
1128 3422 1280 3466 vocat
1306 3413 1545 3468 homines
1570 3413 1672 3468 fide
1695 3414 1881 3485 dignos
1910 3425 1963 3471 et

388 3518 419 3555 a
440 3501 691 3571 dignitate
720 3508 775 3556 et
801 3516 830 3555 a
862 3516 1069 3556 morum
1101 3502 1377 3572 probitate.
1399 3503 1532 3558 Nam
1560 3506 1633 3559 ait
1665 3523 1677 3559 :
1707 3505 1815 3560 Fac
1839 3508 1961 3561 mihi

388 3602 562 3657 testes,
616 3592 786 3660 ﬁdeles
816 3593 1038 3647 homines
1060 3636 1074 3658 ,
1112 3592 1289 3648 Uriam
1316 3596 1620 3650 sacerdotem
1644 3638 1660 3664 ,
1691 3609 1735 3651 et
1763 3599 1961 3654 Zacha-

386 3688 557 3752 riam;
587 3697 643 3743 ut
670 3688 880 3759 quando
908 3705 1083 3744 rerum
1115 3690 1288 3745 exitus
1316 3692 1448 3755 erit,
1480 3699 1535 3746 et
1577 3692 1648 3746 illi
1693 3693 1958 3761 dixerint,

387 3776 512 3832 llaec
538 3788 662 3833 ante
690 3779 854 3834 multa
896 3788 1133 3849 tempora
1185 3796 1289 3835 non
1332 3782 1471 3837 dicta
1520 3780 1669 3838 fuere
1692 3824 1708 3850 ,
1737 3785 1959 3842 eductus

386 3868 519 3922 liber
543 3878 596 3925 et
626 3879 789 3925 testes
815 3871 902 3940 qui
929 3871 1150 3926 aderant
1176 3872 1565 3941 impudentibus
1590 3875 1693 3931 illis
1722 3891 1785 3931 os
1807 3878 1961 3933 obtu-

385 3969 523 4014 rent.
574 3958 698 4014 Ideo
720 3961 832 4027 ait,
861 3959 1019 4014 Sume
1042 3961 1229 4016 cltartce
1257 3972 1441 4018 tomum
1485 3982 1663 4019 novum
1686 4007 1702 4034 ,
1734 3977 1791 4022 ut
1816 3984 1885 4023 ne
1914 3970 1961 4024 si

387 4060 535 4104 vetus
552 4048 663 4118 jam
704 4050 807 4113 sit,
833 4049 940 4103 cito
968 4060 1182 4119 pereat;
1213 4051 1306 4106 sed
1331 4054 1422 4122 qui
1448 4054 1612 4110 multo
1639 4057 1792 4113 duret
1822 4071 1959 4114 tent-

386 4154 535 4210 ναι-θ,
565 4149 617 4195 et
639 4155 733 4209 per
757 4141 954 4208 Scripta
983 4141 1104 4196 illos
1129 4142 1351 4198 incuset.
1382 4143 1447 4198 Et
1466 4145 1626 4200 scribe
1650 4150 1779 4218 stle
1802 4152 1957 4205 Itami-

385 4232 495 4297 uis,
523 4232 573 4286 id
598 4240 682 4286 est
724 4232 959 4296 calamo,
987 4248 1100 4302 quae
1127 4237 1299 4303 futura
1322 4244 1454 4289 sunt.
1501 4234 1757 4301 Quaenam
1783 4239 1955 4295 futura

384 4324 544 4379 sunt?
566 4323 790 4389 Bellum,
811 4323 1029 4378 victoria
1051 4323 1415 4393 barbarorum,
1437 4327 1726 4398 spoliorum
1750 4329 1957 4401 depun-

380 4413 557 4481 datio,
588 4416 902 4470 exuviarum
927 4416 1129 4487 rapina.
1171 4416 1296 4473 Hrec
1321 4418 1497 4490 itaque
1523 4420 1729 4487 omnia,
1757 4422 1953 4493 inquit,

384 4506 601 4574 scribe,
633 4506 700 4563 Ut
742 4508 971 4561 velociter
995 4510 1415 4579 depra'dationem
1457 4512 1611 4583 faciat
1653 4514 1950 4583 spoliorum.

381 4598 536 4652 Adest
559 4599 710 4653 enim.
733 4597 868 4664 Quid
896 4598 995 4653 sibi
1021 4600 1131 4654 vult
1156 4600 1301 4668 illud,
1327 4600 1479 4656 Adest
1504 4602 1671 4656 enim?
1695 4602 1819 4657 Ilaec
1840 4603 1945 4659 duo

382 4690 643 4760 signiﬁcat
666 4707 679 4743 :
703 4706 892 4761 nempe
907 4691 1015 4761 jam
1039 4702 1162 4747 tunc
1183 4704 1513 4763 peccatorum
1538 4697 1951 4767 magnitudinem

382 4781 639 4837 ultionem
661 4783 961 4852 expetiisse,
983 4785 1109 4838 etin
1131 4783 1328 4839 foribtts
1351 4785 1458 4854 jam
1485 4800 1604 4843 esse
1624 4788 1908 4844 vindictam
1933 4807 1948 4843 :

380 4875 553 4944 ipsum
582 4889 713 4930 vero
739 4876 994 4940 cunctari,
1021 4876 1268 4945 patientia
1296 4892 1389 4932 sua
1416 4879 1597 4934 volens
1625 4880 1744 4936 illos
1770 4881 1952 4937 meliu-

378 4982 468 5021 res
492 4966 736 5033 reddere,
757 4978 809 5022 et
834 4969 1083 5022 ultionem
1109 4983 1358 5025 amovere
1385 4987 1398 5023 :
1428 4970 1632 5041 ipsique
1658 4972 1808 5027 facile
1833 4988 1951 5028 esse

379 5059 498 5113 solo
520 5068 650 5113 nutu
690 5060 867 5113 omnia
907 5059 972 5113 ad
1014 5058 1258 5114 effectum
1290 5062 1599 5129 perducere.
1648 5063 1778 5130 Quia
1808 5064 1948 5119 enim

379 5147 447 5203 de
470 5148 707 5205 barbaris
729 5164 906 5204 sermo
934 5158 1048 5204 erat
1066 5191 1079 5214 ,
1104 5151 1193 5220 qui
1220 5151 1414 5206 bellum
1446 5153 1636 5207 illaturi
1664 5164 1846 5220 erant,
1872 5155 1949 5210 Ne

376 5240 593 5309 putetis,
622 5240 809 5310 inquit,
831 5240 930 5294 vite
954 5240 1355 5311 longitudinem,
1382 5245 1749 5317 exercitusque
1774 5246 1948 5301 multi-

380 5333 614 5387 tudinem
654 5331 1042 5387 cunctationem
1083 5333 1364 5402 quamdam
1406 5335 1680 5390 allaturam
1712 5352 1866 5404 esse;
1895 5338 1948 5393 id

378 5424 517 5491 quod
548 5424 683 5479 solet
716 5425 853 5495 apud
888 5425 1130 5485 homines
1158 5426 1417 5481 accidere.

445 5515 502 5566 2.
536 5512 641 5567 Deo
668 5516 804 5571 adest
829 5518 871 5570 is
892 5518 978 5587 qui
1007 5520 1181 5595 procul
1205 5528 1297 5572 est.
1317 5518 1531 5573 —Nam
1565 5520 1678 5575 Deo
1717 5522 1869 5577 adest
1902 5524 1945 5578 is

380 5610 471 5676 qui
498 5607 683 5677 procul
707 5618 789 5663 est
815 5626 829 5662 :
859 5610 929 5664 ita
958 5610 1263 5668 facillimum
1294 5612 1393 5681 ipsi
1434 5622 1514 5667 est
1557 5628 1663 5667 uno
1693 5615 1945 5685 temporis

381 5708 652 5755 momento
695 5700 763 5754 ab
801 5704 1052 5759 extremis
1101 5715 1255 5759 teme
1307 5705 1581 5775 partibus,
1611 5708 1816 5762 etiamsi
1866 5708 1945 5762 illi

378 5806 570 5862 magno
598 5805 818 5849 numero
859 5794 1002 5861 sint,
1034 5795 1151 5853 illos
1178 5798 1355 5853 statim
1383 5797 1646 5856 adducere
1692 5799 1945 5863 vobisque

2080 487 2290 543 sistere.
2316 487 2383 541 Et
2406 498 2550 543 testes
2576 491 2702 543 mihi
2721 491 2801 558 fac
2827 490 3000 560 ﬁdeles
3025 490 3264 554 ltondnes,
3295 491 3341 547 Π
3346 493 3473 547 riam
3491 510 3630 548 sacer

2084 579 2266 644 dotem,
2290 592 2334 633 et
2353 579 2652 634 Zachariam
2676 582 2839 651 ﬁlium
2860 581 3140 637 Barac/tite.
3162 582 3326 652 Cujus
3349 585 3427 640 rei
3454 588 3659 640 testes?

2084 672 2360 742 Temporis
2390 691 2403 727 :
2435 683 2493 728 ut
2542 675 2584 728 si
2634 676 2828 745 scripta
2862 676 3138 730 calumniis
3183 678 3526 746 impetantur,
3557 676 3655 731 bo~

2082 762 2254 818 mines
2280 763 2454 819 adhuc
2493 766 2727 820 viventes
2753 806 2768 831 ,
2809 766 2896 835 qui
2949 766 3073 820 dum
3131 765 3244 822 haec
3293 768 3654 823 scriberentur

2084 863 2374 921 prtesentes
2402 864 2551 909 erant
2573 897 2587 922 ,
2622 865 2933 925 tempusque
2960 857 3201 925 apprime
3246 866 3506 913 noverant
3544 872 3653 928 quo

2082 945 2194 1001 hazc
2217 947 2542 1011 dicebantur,
2572 948 2773 1018 possint
2797 963 2856 1003 os
2883 949 3127 1003 obturare
3151 949 3482 1017 impudenter
3505 950 3658 1004 obla-

2080 1040 2357 1094 trantibus.
2389 1040 2574 1095 Eidem
2607 1040 2773 1096 haeret
2797 1050 3106 1112 argumento
3134 1042 3184 1096 id
3208 1042 3351 1111 quod
3374 1044 3613 1113 sequitur
3633 1083 3651 1109 ,

2079 1128 2272 1183 clarius
2314 1130 2390 1185 rei
2441 1131 2804 1200 probationem
2853 1135 3103 1188 inferens.
3159 1131 3436 1200 Quomodo
3463 1142 3517 1188 et
3546 1149 3652 1203 qua

2079 1220 2328 1276 ratione?
2356 1220 2470 1292 Ipsa
2498 1221 2658 1277 verba
2687 1224 2979 1278 audiamus.
3008 1224 3227 1277 Accessit
3254 1225 3417 1290 enim,
3450 1225 3557 1290 ait,
3582 1225 3654 1277 ad

2083 1312 2472 1380 prophetissam.
2528 1313 2759 1369 Uxorem
2813 1316 3077 1386 propriam
3123 1316 3199 1371 sic
3225 1317 3360 1371 forte
3401 1319 3649 1383 vocavit,

2077 1404 2216 1473 quod
2259 1405 2346 1459 illa
2376 1406 2532 1460 etiam
2577 1408 2885 1477 prophetico
2928 1408 3129 1479 Spiritu
3171 1408 3384 1479 dignata
3415 1409 3600 1465 fuisset
3635 1429 3649 1464 :

2077 1511 2198 1549 nam
2230 1512 2333 1551 non
2364 1499 2491 1553 viris
2532 1500 2689 1553 modo
2718 1501 2833 1556 haec
2870 1517 3092 1557 munera
3138 1502 3415 1569 dabantur,
3449 1505 3545 1560 sed
3592 1506 3652 1559 in

2077 1589 2386 1645 muliebrem
2426 1591 2583 1646 etiam
2612 1607 2795 1647 sexum
2826 1596 3163 1650 transierant.
3192 1595 3371 1666 Neque
3399 1597 3541 1652 enim
3590 1608 3653 1653 ut

2075 1680 2129 1735 in
2156 1683 2492 1738 saecularibus
2536 1686 2756 1755 negotiis
2790 1685 2962 1742 olIlcia
3004 1686 3424 1757 distinguuntur,
3452 1698 3508 1743 et
3542 1690 3649 1745 alia

2075 1774 2309 1829 virorum
2340 1785 2461 1829 sunt
2481 1817 2495 1843 ,
2525 1777 2624 1830 alia
2656 1778 2931 1832 mulierum
2954 1820 2968 1843 ,
2996 1794 3093 1834 nec
3122 1788 3341 1848 possunt
3391 1781 3494 1834 illa:
3522 1781 3614 1836 ftm

2074 1866 2277 1921 ctiones
2305 1867 2441 1922 inter
2468 1882 2526 1923 se
2553 1871 2863 1924 commutari
2887 1889 2899 1924 :
2925 1871 2994 1925 ita
3025 1887 3085 1926 se
3110 1887 3197 1927 res
3225 1873 3382 1927 habet
3405 1874 3456 1927 in
3484 1875 3649 1944 spiri-

2076 1956 2330 2023 tualibus;
2361 1958 2454 2013 sed
2498 1960 2643 2029 paria
2685 1971 2809 2014 sunt
2850 1962 3137 2016 certamina
3160 2005 3175 2029 ,
3204 1978 3511 2020 communes
3547 1980 3648 2017 co-

2072 2064 2235 2104 route.
2265 2048 2331 2103 Et
2363 2049 2476 2105 haec
2501 2051 2678 2120 utique
2706 2051 2885 2107 videre
2915 2063 2995 2107 est
3024 2054 3075 2108 in
3112 2054 3284 2109 Veteri
3310 2064 3364 2110 et
3397 2055 3451 2109 in
3490 2055 3648 2111 Novo

2072 2140 2432 2208 Testamento,
2465 2141 2516 2196 in
2545 2151 2656 2197 toto
2683 2143 2914 2199 humano
2940 2160 3132 2216 genere
3156 2146 3477 2216 contingere.
3503 2148 3646 2202 Cum

2072 2230 2171 2286 hac
2199 2232 2355 2302 igitur
2377 2247 2442 2288 ex
2470 2233 2588 2304 lege
2610 2235 2934 2298 matrimonii
2961 2250 3275 2306 congressus
3313 2252 3433 2291 cum
3477 2247 3645 2302 esset,

2073 2333 2429 2394 praegnantem
2470 2325 2609 2379 illam
2636 2325 2829 2380 effecit.
2875 2326 2944 2380 Et
2986 2337 3260 2399 postquam
3304 2340 3458 2385 natus
3498 2340 3648 2387 esset

2075 2428 2207 2483 puer
2227 2456 2241 2479 ,
2275 2430 2465 2469 nomen
2494 2430 2685 2469 novum
2735 2423 2789 2471 et
2832 2417 3197 2473 admirandum
3227 2420 3323 2488 ipsi
3353 2422 3640 2491 imposuit,

2068 2504 2209 2574 quod
2245 2504 2536 2560 futurorum
2564 2506 2833 2562 historiam
2856 2510 3312 2578 complecteretur.
3339 2513 3475 2580 Quid
3496 2515 3644 2569 enim

2070 2597 2181 2650 ait?
2229 2596 2360 2649 Voca
2383 2614 2562 2653 nomen
2586 2600 2715 2670 ejus,
2741 2598 2851 2655 Cito
2877 2600 3061 2669 spolia,
3100 2600 3344 2657 Velociter
3372 2606 3602 2673 prcedere
3625 2620 3645 2659 :

2070 2694 2126 2739 ut
2152 2685 2359 2741 etiamsi
2385 2688 2594 2757 scriptis
2622 2688 2751 2745 fides
2776 2705 2880 2744 non
2908 2690 3192 2747 haberetur
3229 2693 3280 2748 in
3311 2701 3452 2749 tomo
3495 2697 3644 2764 posi-

2071 2779 2157 2846 tis,
2176 2780 2455 2849 appellatio
2479 2782 2623 2851 pueri
2646 2782 2942 2837 futurorum
2966 2783 3237 2839 historiam
3258 2788 3640 2855 complectens,

2068 2879 2122 2924 et
2161 2880 2283 2926 ante
2311 2880 2556 2928 eventum
2585 2888 2759 2929 rerum
2789 2874 3049 2945 imposita,
3074 2891 3135 2931 ac
3164 2876 3467 2945 frequenter
3495 2880 3643 2934 omni

2067 2969 2303 3030 tempore
2327 2963 2549 3032 prolata,
2581 2964 2664 3018 vel
2695 2964 3265 3035 impndentissimorum
3296 2984 3387 3023 ora
3413 2982 3637 3023 consuc-

2065 3062 2165 3107 ret.
2192 3052 2342 3120 Quod
2362 3055 2503 3108 enim
2529 3053 2643 3111 haec
2663 3056 2914 3126 propheta
2935 3072 3039 3111 non
3070 3067 3185 3127 post
3208 3068 3454 3114 eventum
3483 3059 3642 3113 ciliu-

2066 3144 2238 3211 xerit,
2282 3144 2377 3199 sed
2421 3145 2575 3215 longe
2623 3156 2746 3201 ante
2791 3148 3132 3217 praeviderit,
3177 3151 3334 3204 etiam
3366 3151 3399 3205 ii
3429 3152 3518 3221 qui
3570 3168 3641 3207 ex

2066 3235 2241 3289 studio
2290 3236 2477 3306 ingrati
2527 3237 2827 3308 stupidique
2874 3248 3028 3293 erant
3079 3239 3203 3295 hinc
3254 3249 3310 3295 ut
3357 3242 3641 3298 crederent

2065 3328 2253 3383 adduci
2304 3338 2584 3399 poterant,
2640 3332 2730 3401 qui
2782 3341 2907 3386 ante
2956 3347 3134 3387 rerum
3188 3343 3439 3389 eventum
3497 3334 3643 3389 hunc

2066 3433 2282 3488 ptterum
2311 3419 2548 3474 viderant
2576 3420 2650 3474 sic
2678 3421 2951 3490 appellari,
2971 3431 3026 3476 et
3050 3420 3342 3477 futurarum
3367 3424 3641 3478 calamita-

2066 3513 2174 3557 tum
2225 3504 2521 3558 doctrinam
2574 3505 2651 3558 sic
2700 3504 3008 3573 prmdicare.
3069 3505 3297 3576 Ideoque
3346 3507 3643 3578 prophetia:

2063 3597 2168 3651 vim
2196 3596 2569 3665 interpretatur
2587 3638 2601 3662 ,
2632 3604 2943 3666 tempusque
2971 3607 3212 3653 accurate
3240 3598 3501 3667 significat
3552 3600 3638 3653 his

2062 3688 2237 3742 verbis
2266 3704 2279 3739 :
2312 3687 2451 3754 Quia
2480 3695 2745 3753 antequam
2792 3689 2917 3740 sciat
2952 3704 3075 3757 puer
3120 3704 3296 3742 vocare
3339 3698 3531 3759 patrem
3558 3693 3638 3744 vel

2062 3788 2290 3841 matrem,
2310 3778 2515 3849 accipiet
2556 3778 2825 3848 potentiam
2860 3777 3119 3845 Damasci,
3138 3791 3183 3832 et
3201 3780 3365 3849 spolia
3385 3780 3638 3835 Samaria!

2061 3888 2228 3925 coram
2265 3887 2377 3941 rege
2405 3870 2745 3940 Assyriorum.
2793 3870 2945 3937 Quod
2986 3871 3150 3937 dicit,
3183 3870 3481 3940 hujusmodi
3532 3885 3631 3931 est.

2062 3962 2116 4017 In
2150 3972 2387 4032 tempore
2410 4004 2423 4026 ,
2460 3961 2665 4030 inquit,
2698 3961 2989 4014 immatura:
3018 3961 3218 4025 aetatis,
3251 3977 3368 4015 cum
3397 3963 3632 4017 nondum

2061 4056 2225 4126 possit
2245 4054 2407 4120 loqui,
2439 4052 2656 4106 victoria
2675 4061 2727 4107 et
2753 4062 2947 4121 tropaea
2976 4060 3164 4116 erunt;
3198 4067 3301 4105 non
3330 4052 3470 4121 quod
3503 4068 3630 4121 puer

2061 4148 2222 4218 possit
2245 4147 2410 4201 aciem
2437 4146 2716 4211 instruere,
2740 4143 3024 4213 hostesque
3044 4145 3320 4214 proﬂigare
3344 4164 3356 4197 :
3381 4146 3473 4200 sed
3492 4146 3632 4215 quod

2062 4245 2192 4293 tetas
2218 4238 2331 4302 illa,
2363 4236 2474 4291 sive
2501 4245 2707 4303 tempus
2748 4233 2878 4288 illud
2920 4234 3154 4302 elapsum
3186 4244 3467 4303 antequam
3501 4251 3637 4304 puer

2058 4331 2202 4399 loqui
2250 4329 2452 4398 possit,
2490 4328 2663 4381 omnia
2718 4324 2889 4379 tradat
2930 4324 3188 4379 hostibus.
3228 4326 3281 4379 5.
3333 4324 3400 4377 Et
3446 4325 3632 4395 adjecit

2057 4420 2304 4473 Dominus
2328 4419 2395 4471 ad
2424 4434 2501 4471 me
2526 4418 2661 4485 loqui
2687 4417 2853 4469 adhuc
2875 4431 2893 4468 :
2915 4415 2968 4470 6.
3002 4415 3078 4469 Eo
3100 4415 3235 4484 quod
3267 4432 3364 4468 non
3403 4416 3517 4469 velit
3550 4417 3635 4468 hic

2057 4511 2270 4581 populus
2298 4525 2480 4579 aquam
2502 4508 2719 4575 Siloam,
2739 4523 2851 4576 qua:
2880 4516 3049 4560 manat
3081 4508 3259 4577 quiete,
3296 4508 3383 4560 sed
3407 4507 3513 4561 vult
3539 4509 3631 4561 Ita-

2056 4605 2166 4658 bcre
2181 4602 2338 4656 Basia
2360 4611 2404 4656 et
2426 4601 2585 4669 ﬁlium
2603 4599 2842 4655 Romelite
2867 4617 3027 4671 regem
3052 4616 3202 4668 super
3223 4614 3330 4664 uos,
3355 4599 3405 4652 7.
3426 4613 3631 4670 propter

2056 4696 2149 4748 hoc
2177 4710 2286 4747 ecce
2304 4693 2512 4746 adducit
2538 4692 2784 4747 Dominus
2803 4708 2952 4760 super
2974 4708 3058 4745 eos
3078 4708 3255 4759 aquam
3279 4692 3504 4761 ﬂuminis
3524 4696 3629 4763 [or-

2056 4794 2171 4850 tem,
2203 4784 2430 4851 multam,
2470 4800 2633 4855 regem
2654 4783 2988 4852 Assyriorum.
3017 4781 3155 4836 Deus
3188 4797 3285 4852 pro
3324 4796 3472 4836 more
3506 4797 3625 4843 suo,

2054 4894 2157 4933 non
2187 4878 2355 4933 solum
2385 4892 2567 4947 ptenas
2596 4876 2832 4945 praedicit
2854 4917 2869 4941 ,
2901 4875 2992 4929 sed
3022 4888 3208 4929 causas
3233 4873 3421 4937 affert,
3451 4883 3507 4929 ut
3549 4876 3625 4927 sic

2052 4971 2320 5026 auditores
2362 4970 2564 5025 erudiat
2593 4986 2607 5021 :
2638 4968 2686 5023 id
2714 4968 2813 5022 hoc
2840 4968 2996 5021 etiam
3025 4967 3139 5021 loco
3163 4966 3304 5020 facit.
3336 4965 3436 5021 Ubi
3484 4981 3622 5020 tam

2052 5061 2294 5132 pratdixit
2344 5060 2759 5115 devastationem
2819 5074 2912 5128 per
2961 5058 3281 5127 alienigenas
3342 5057 3615 5123 futuram,

2052 5156 2266 5225 abrepta
2290 5152 2475 5223 spolia,
2493 5160 2547 5206 et
2576 5150 2916 5205 barbarorum
2936 5150 3276 5218 irruptionem
3300 5151 3619 5217 praenuntia-

2052 5248 2145 5310 vit,
2176 5260 2384 5300 causam
2409 5243 2528 5298 belli
2557 5242 2701 5297 dicit.
2724 5241 2977 5309 Quaenam
3004 5239 3150 5293 haec?
3174 5239 3408 5308 Ingratus
3433 5239 3620 5294 civita-

2056 5351 2160 5395 tem
2183 5338 2521 5393 incolentium
2544 5337 2770 5390 animus.
2794 5334 3072 5401 Quoniam,
3094 5332 3279 5400 inquit,
3296 5346 3415 5385 cum
3439 5345 3616 5401 regem

2051 5432 2279 5486 habeant
2322 5430 2683 5494 moderatum,
2716 5427 2897 5481 mitem
2940 5434 2991 5479 et
3040 5433 3411 5489 mansuetum,
3440 5423 3509 5477 ab
3556 5438 3621 5477 eo

2050 5523 2391 5585 resilierunt,
2446 5530 2800 5592 tyrannosque
2848 5524 3115 5587 optarunt,
3148 5524 3201 5569 et
3244 5515 3341 5569 sub
3385 5515 3618 5568 alienum

2051 5616 2330 5687 imperium
2372 5614 2697 5683 transfugere
2737 5612 2909 5666 conati
2940 5620 3098 5670 sunt,
3130 5609 3431 5664 felicitatem
3463 5623 3611 5661 suam

2049 5723 2154 5762 non
2182 5707 2412 5762 ferentes
2438 5747 2451 5770 ,
2482 5705 2800 5760 desiderium
2830 5718 3012 5758 eorum
3052 5701 3319 5771 c0piosius
3346 5700 3571 5769 ettpleho
3593 5738 3610 5763 ,

2053 5799 2330 5855 barbarum
2370 5798 2648 5869 quemdam
2679 5807 2733 5852 et
2762 5795 3103 5851 inhumanum
3130 5792 3420 5848 adducens.
3450 5790 3611 5847 Meta-
