3992 6300
369 226 439 282 93
1613 217 1678 274 lN
1717 213 1965 280 ISAIAM,
2004 211 2155 270 CAP.
2200 211 2340 271 Vlll...
3548 208 3628 266 θοι

373 341 586 411 phorice
618 353 780 408 porro
829 338 1007 394 verbis
1049 337 1250 402 utitur,
1279 348 1455 390 mores
1498 331 1759 403 indigenae
1804 331 1944 400 regis

369 431 698 495 describens,
725 439 781 487 et
810 429 1021 486 barbari
1052 427 1336 498 potentiam
1369 445 1381 480 :
1409 425 1460 480 id
1486 440 1611 480 vero
1638 423 1782 489 facit,
1808 421 1947 492 quod

369 537 579 592 semper
609 521 762 589 dixi,
796 531 857 576 ut
881 521 1132 590 majorem
1176 516 1440 574 sermonis
1481 515 1752 586 emphasin
1794 515 1948 570 exhi-

369 616 504 668 beat.
555 611 687 667 Ideo
711 613 823 677 ait,
853 611 931 664 Eo
978 611 1113 678 quod
1156 610 1316 664 nolint
1344 624 1526 679 aquam
1569 607 1766 661 Siloam
1795 622 1822 659 ξ
1843 621 1950 660 non

369 704 433 757 de
458 718 597 772 aqua
622 704 839 768 dicens,
869 702 962 758 sed
988 702 1109 771 quia
1137 701 1254 756 fons
1283 700 1478 754 sensim
1505 711 1560 752 et
1587 699 1702 752 sine
1727 697 1950 767 strepitu

370 807 584 861 manat,
634 797 907 852 lenitatem
955 804 1010 850 et
1049 794 1465 850 moderationem
1500 793 1652 861 ejus,
1697 795 1783 860 qui
1829 799 1952 844 tunc

379 889 672 960 regnabat,
705 887 992 957 tranquillo
1041 900 1290 956 aquarum
1339 882 1516 938 cursui
1563 891 1869 950 comparat,
1899 888 1952 934 et

374 982 566 1035 Siloam
600 981 774 1049 ipsum
802 990 988 1044 vocat,
1016 976 1156 1047 quod
1180 976 1312 1031 lenis
1339 977 1408 1028 sit
1433 983 1486 1028 et
1514 981 1821 1027 mansuetus
1853 988 1867 1026 :
1899 971 1950 1025 id

375 1073 511 1145 quod
559 1074 854 1127 maximam
901 1071 1126 1124 subditis
1171 1069 1325 1123 all'ert
1371 1067 1828 1129 criminationem,
1861 1063 1951 1133 qui

377 1179 490 1219 cum
522 1178 630 1217 non
675 1177 835 1233 grave
858 1162 1042 1231 jugqu
1073 1159 1365 1225 haberent,
1408 1173 1493 1212 res
1535 1172 1696 1209 novas
1742 1154 1952 1225 aggredi

381 1257 687 1322 tentabant,
723 1256 1017 1325 alienisque
1057 1253 1266 1323 regibus
1295 1267 1413 1306 sese
1452 1250 1664 1304 dedere.
1694 1248 1951 1316 Quoniam

379 1364 522 1420 ergo,
555 1347 750 1420 inquit,
778 1347 921 1400 illum
957 1345 1137 1399 mitem
1167 1343 1601 1410 moderatumque
1633 1340 1836 1402 nolunt,
1859 1336 1953 1392 sed

382 1427 535 1496 Rasin
563 1451 616 1495 et
646 1439 809 1494 [ilium
835 1435 1368 1503 Romeliaajnducam
1391 1434 1767 1504 Babylonium;
1794 1432 1953 1500 impe-

385 1548 594 1602 tumque
627 1531 897 1586 exercitus
935 1530 1078 1584 illius
1107 1542 1296 1597 aquam
1345 1526 1576 1580 ﬂuminis
1601 1533 1752 1579 vocat
1777 1524 1956 1591 copio-

383 1640 490 1679 sam
517 1634 571 1677 et
598 1623 995 1677 vehementem.

451 1717 501 1771 5.
533 1715 738 1770 Deinde
767 1713 1129 1782 metaphoram
1160 1709 1430 1779 explicans
1455 1707 1546 1773 ait,
1578 1707 1764 1777 Regem
1794 1706 1949 1775 Assy-

385 1812 588 1865 riorum.
649 1809 838 1862 Viden’
873 1822 1029 1877 quam
1069 1805 1414 1859 indubitatum
1443 1811 1690 1872 appareat
1726 1800 1776 1853 id
1815 1797 1957 1869 quod

387 1916 536 1969 supra
563 1900 832 1962 diximus,
883 1899 935 1951 in
967 1895 1288 1965 metaphoris
1319 1908 1510 1961 nempe
1542 1891 1868 1961 Scripturam
1900 1904 1959 1942 se

388 2005 591 2058 semper
648 1987 990 2057 interpretari
1039 1985 1249 2040 solere?
1295 1982 1444 2049 Quod
1474 1983 1630 2036 etiam
1681 1980 1765 2035 hic
1815 1979 1956 2034 fecit.

389 2083 508 2138 Cum
531 2083 674 2136 enim
699 2081 893 2135 ﬂumen
917 2079 1158 2144 dixisset,
1176 2092 1280 2131 non
1305 2077 1357 2130 in
1380 2076 1684 2144 metaphora
1706 2071 1958 2138 substitit,

389 2177 474 2231 sed
501 2175 772 2246 quodnam
809 2173 1004 2227 flumen
1032 2181 1172 2226 esset
1195 2169 1324 2225 dixit
1349 2211 1363 2234 ,
1393 2167 1577 2239 Regem
1607 2166 1958 2236 Assyriorum,

389 2279 428 2320 et
447 2283 643 2319 omnem
665 2266 881 2336 gloriam
906 2265 1034 2332 ejus.
1061 2261 1123 2315 Et
1145 2260 1374 2315 ascendet
1396 2275 1546 2327 super
1567 2275 1760 2311 omnem
1784 2257 1962 2310 vallem

388 2370 614 2421 restram,
647 2366 694 2410 et
724 2354 1060 2409 deambulabit
1079 2370 1228 2421 super
1257 2368 1450 2404 omnem
1494 2367 1691 2403 murum
1729 2360 1960 2404 vestrum.

389 2452 436 2505 8.
465 2450 530 2503 Et
567 2451 768 2518 auferet
797 2465 828 2499 α
853 2446 1036 2500 Judwa
1060 2446 1331 2508 hominem,
1371 2444 1456 2512 qui
1489 2444 1642 2512 possit
1686 2443 1848 2495 leuare
1873 2457 1962 2493 ca-

390 2554 488 2612 put,
537 2553 627 2596 aut
679 2543 767 2612 qui
809 2541 965 2612 possit
1011 2540 1201 2609 aliquid
1242 2539 1501 2608 perﬁcere.
1527 2536 1594 2590 Et
1631 2544 1773 2590 erunt
1799 2544 1965 2588 castra

389 2640 507 2705 ejus,
539 2637 614 2689 ita
641 2645 696 2688 ut
720 2634 962 2704 impleant
1010 2631 1324 2685 latitudinem
1366 2630 1581 2699 regionis
1607 2639 1724 2682 tute.
1769 2628 1962 2684 Osten-

388 2727 513 2784 dens
543 2743 650 2780 non
679 2726 911 2779 humana
933 2724 1143 2789 virtute,
1175 2721 1266 2777 sed
1305 2723 1380 2776 ira
1423 2721 1514 2775 Dei
1545 2720 1793 2775 sawiente
1829 2720 1963 2787 haec,

387 2837 497 2889 qua:
540 2819 815 2882 dicuntur,
861 2827 1109 2872 eventura
1151 2830 1298 2879 esse,
1328 2828 1432 2868 non
1485 2813 1629 2866 illum
1663 2822 1719 2866 ut
1760 2811 1966 2865 hostem

390 2915 493 2967 acie
525 2913 786 2966 instructa
807 2909 1078 2974 describit,
1123 2907 1215 2962 sed
1265 2915 1317 2962 ut
1356 2905 1421 2960 ad
1452 2914 1684 2973 paratam
1736 2903 1967 2973 prtedam

390 3006 708 3060 venientem.
740 3003 856 3057 Non
878 3003 1018 3056 enim
1043 3000 1218 3066 stabit,
1250 2999 1436 3068 inquit,
1459 3007 1513 3052 et
1533 2997 1699 3052 aciem
1724 2997 1966 3063 instruet,

392 3097 480 3151 sed
507 3111 792 3165 corporum
827 3092 1155 3147 multitudine
1183 3106 1337 3145 teme
1368 3090 1554 3145 faciem
1583 3089 1813 3159 obteget,
1837 3089 1967 3143 faci-

393 3189 542 3256 leque
571 3187 747 3240 aderit
772 3186 873 3254 (a).
901 3184 980 3237 Ad
1003 3184 1115 3236 hare
1169 3184 1220 3237 in
1269 3183 1346 3236 ira
1389 3181 1546 3236 etiam
1574 3196 1760 3251 magna
1787 3180 1971 3235 obser-

393 3290 543 3334 vatur
567 3278 871 3333 clementia.
901 3276 1078 3346 Neque
1104 3274 1244 3329 enim
1271 3273 1620 3328 comminatur
1647 3288 1706 3328 se
1736 3274 1969 3342 ipsorum

398 3370 584 3425 urbem
624 3369 998 3424 demoliturum
1041 3381 1186 3431 esse,
1228 3365 1322 3421 sed
1377 3364 1731 3434 captivitatem
1781 3378 1968 3433 quam-

406 3461 525 3514 dam
555 3469 606 3516 et
627 3459 993 3514 abductionem
1027 3456 1261 3528 przedicit
1280 3498 1294 3522 ,
1326 3455 1557 3526 reliquos
1580 3455 1763 3510 volens
1792 3470 1854 3510 ex
1882 3469 1971 3508 ca-

409 3556 662 3623 ptivorum
699 3567 856 3622 pmna
897 3551 964 3606 ad
994 3550 1265 3605 meliorem
1285 3549 1487 3619 frugem
1539 3548 1811 3603 reducere.
1840 3546 1969 3600 Nam

407 3648 478 3700 ait
510 3665 521 3698 :
548 3647 744 3716 Auferet
769 3663 801 3699 a
822 3644 1008 3699 Judaza
1037 3644 1283 3697 hominem
1306 3643 1390 3712 qui
1419 3644 1570 3712 possit
1599 3642 1760 3697 levare
1782 3650 1930 3708 caput
1952 3656 1970 3692 :

405 3739 469 3793 de
498 3738 797 3809 proceribus
829 3737 1062 3806 loquitur
1081 3776 1095 3798 ,
1125 3733 1294 3803 deque
1323 3734 1386 3787 iis
1415 3733 1504 3803 qui
1551 3733 1724 3787 omnia
1756 3747 1969 3787 sursum

405 3831 639 3886 deorsum
669 3838 923 3893 versant;
951 3843 1044 3882 eos
1071 3827 1156 3896 qui
1201 3825 1589 3880 multitudinem
1619 3824 1795 3894 populi
1820 3823 1970 3877 labe-

404 3922 676 3984 factabant,
710 3920 951 3989 captivos
977 3932 1264 3986 servosque
1306 3915 1481 3981 faciet,
1515 3915 1585 3969 ita
1613 3924 1669 3968 ut
1694 3913 1972 3969 inferiores

407 4014 596 4083 possint
619 4011 882 4066 tantillum
913 4008 1195 4078 respirare,
1224 4023 1395 4075 exque
1420 4014 1560 4060 metu
1591 4021 1686 4075 per
1704 4004 1973 4059 abductio-

405 4118 513 4158 nem
543 4103 766 4156 aliorum
801 4109 976 4171 parto,
1010 4108 1064 4153 et
1097 4114 1162 4152 ex
1189 4097 1397 4166 pr0pria
1443 4096 1685 4151 libertate
1726 4095 1972 4150 meliores

404 4194 628 4250 evadere.
659 4194 788 4249 Ideo
809 4194 886 4247 ait
915 4209 929 4244 :
957 4192 1057 4257 Qui
1078 4191 1231 4260 possit
1269 4189 1461 4260 aliquid
1488 4190 1758 4259 perﬁcere,
1790 4189 1840 4242 id
1867 4197 1969 4253 est,

397 4287 593 4346 fortem.
618 4284 823 4356 aliquid
849 4282 1065 4356 operari
1090 4281 1372 4346 valentem,
1402 4281 1489 4349 qui
1513 4279 1679 4349 possit
1715 4279 1794 4334 vel
1819 4278 1973 4332 mini-

449 4420 516 4482 la)
549 4423 702 4471 Juxta
737 4422 968 4482 Graecam
993 4414 1280 4482 lectionem,
1305 4417 1563 4482 ﬂaptéd‘t'at,
1596 4417 1857 4478 legendum
1885 4431 1966 4465 es-

388 4476 471 4539 set,
492 4476 734 4547 facileque
753 4481 960 4547 pincet;
988 4479 1076 4525 sed
1089 4476 1591 4547 .maluimus’ﬁrecam
1618 4476 1784 4526 vocem
1811 4481 1966 4527 inter-

381 4538 554 4609 pretari
573 4538 716 4609 quasi
743 4541 954 4609 fuisset,
977 4540 1226 4609 Eapéojret,
1252 4538 1426 4609 aderit,
1446 4552 1669 4609 quaeror
1691 4553 1796 4609 cum
1816 4553 1964 4609 versu

376 4599 601 4669 superius;
633 4608 820 4669 allato,
849 4603 955 4669 c_ol.
984 4599 1066 4658 9t,
1098 4599 1179 4650 ubi
1202 4600 1402 4661 tegitur,
1427 4601 1569 4650 Adest
1593 4600 1719 4652 enim
1746 4600 1963 4663 (πάρεστι

369 4663 489 4734 γάῤ),
518 4668 710 4722 melius
736 4663 993 4731 quadrat.

2053 346 2196 384 mum
2213 329 2334 400 quid
2353 328 2579 384 efﬁcere.
2603 328 2668 384 Et
2688 338 2810 384 ante
2831 328 3217 396 abductionem,
3237 342 3329 399 per
3351 329 3522 399 ipsum
3544 347 3628 386 re-

2056 435 2174 474 rum
2186 428 2478 490 aspectum,
2495 421 2588 484 ait,
2608 421 2714 475 Vos
2731 421 2859 475 satis
2872 430 3074 475 terrore
3093 420 3337 490 percellet
3350 421 3626 486 barbarus,

2054 521 2218 566 totam
2238 522 2429 566 terram
2456 512 2678 582 implens
2690 511 3034 566 barbarorum
3053 512 3383 581 corporibus.
3404 510 3527 565 Ideo
3545 513 3626 564 in-

2055 603 2204 657 tulit:
2230 604 2294 656 Et
2315 612 2460 657 erunt
2479 613 2642 657 castra
2657 604 2784 674 ejus,
2802 604 2873 656 ita
2895 613 2947 655 ut
2966 602 3207 672 impleant
3218 602 3530 656 latitudinem
3550 618 3625 655 re-

2053 696 2216 767 gionis
2245 705 2362 749 ture.
2395 694 2671 748 Nobiscum
2694 694 2850 748 Deus.
2881 694 2933 748 9.
2964 694 3174 762 Scitote,
3191 705 3379 765 gentes,
3398 704 3448 748 et
3477 696 3631 748 vinci-

2055 789 2179 842 mini
2203 805 2219 842 :
2250 789 2474 841 nuntiate
2501 804 2654 857 usque
2673 788 2740 840 ad
2763 797 3038 841 extremum
3068 797 3233 853 teme,
3265 796 3310 842 et
3337 787 3631 858 fortitudine

2055 881 2273 935 valentes
2291 882 2562 934 vincimini.
2592 881 2652 934 Si
2675 882 2806 934 enim
2831 881 3011 934 iterum
3033 881 3393 950 prmvalueritis
3415 922 3430 945 ,
3454 882 3631 936 iterum

2053 974 2337 1028 vincemini.
2362 974 2447 1028 10.
2480 973 2544 1028 Et
2568 975 2911 1044 quodcumque
2933 976 3195 1028 consilium
3221 976 3450 1039 inieritis,
3477 974 3629 1026 dissi-

2056 1069 2189 1138 pabit
2211 1066 2457 1122 Dominus
2481 1084 2498 1121 :
2524 1078 2570 1122 et
2599 1068 2799 1121 verbum
2828 1069 3170 1137 quodcumque
3198 1069 3388 1136 loquuti
3413 1067 3627 1142 fueritis,

2055 1179 2156 1215 non
2197 1162 2409 1215 manebit
2457 1161 2508 1213 in
2539 1161 2707 1226 vobis,
2758 1162 2873 1230 quia
2902 1161 3159 1214 nobiscum
3204 1158 3358 1214 Deus.
3414 1159 3630 1214 Videtur

2055 1254 2184 1310 mihi
2214 1254 2314 1309 hoc
2342 1255 2460 1308 loco
2489 1254 2728 1308 Ezechiae
2748 1255 3026 1308 victoriam
3045 1253 3353 1324 prmdiccre,
3373 1268 3433 1306 ac
3454 1253 3630 1321 splen-

2056 1345 2236 1399 didum
2270 1345 2396 1398 illud
2429 1355 2685 1413 troiiaaum
2728 1360 3047 1414 causamque
3099 1345 3354 1398 victoria.
3411 1343 3630 1398 Etiamsi

2056 1439 2195 1491 enim
2223 1454 2367 1491 arma
2393 1438 2530 1508 apud
2580 1439 2696 1493 illos
2733 1440 2860 1502 sint,
2911 1440 3096 1508 inquit,
3132 1437 3337 1492 etiamsi
3369 1437 3631 1492 exercitus

2057 1528 2319 1593 immensi,
2353 1539 2405 1583 et
2434 1529 2556 1584 belli
2585 1530 2787 1598 peritia,
2821 1529 2912 1584 sed
2943 1530 3193 1583 auxilium
3215 1528 3369 1583 nobis
3395 1529 3630 1583 omnium

2060 1620 2477 1690 potentissimum
2502 1620 2776 1675 nobiscum
2795 1630 2896 1686 est,
2917 1636 3104 1688 nempe
3129 1620 3284 1674 Deus.
3315 1619 3470 1675 Venit
3489 1621 3632 1676 enim

2059 1712 2334 1776 barbarus,
2365 1720 2420 1764 ut
2461 1712 2604 1780 prius
2650 1713 2880 1766 minatus
2909 1712 3115 1781 fuerat,
3164 1721 3218 1766 et
3245 1712 3426 1767 multis
3466 1714 3632 1783 captis

2062 1803 2278 1858 urbibus
2303 1806 2528 1858 accessit
2572 1822 2584 1857 :
2618 1815 2798 1872 postea
2844 1820 2970 1860 vero
3007 1806 3234 1860 admotis
3262 1807 3470 1870 castris,
3503 1823 3633 1862 con-

2062 1895 2220 1949 traria
2249 1908 2433 1963 passus
2459 1905 2558 1948 est.
2587 1895 2709 1949 Haec
2737 1897 2913 1965 itaque
2941 1897 3179 1965 prtedicit
3204 1898 3480 1967 pr0pheta,
3504 1914 3633 1953 cau-

2061 2001 2279 2056 samque
2303 1986 2537 2041 victoria:
2565 1987 2833 2056 praedicat,
2860 1989 3106 2058 ipsosque
3128 1990 3380 2045 barbaros
3408 1991 3634 2061 alloqui-

2065 2087 2166 2132 tur.
2200 2077 2275 2133 Ne
2303 2079 2484 2148 priori,
2515 2079 2704 2149 inquit,
2735 2081 2969 2134 victorim
3014 2080 3185 2136 ﬁdatis
3219 2101 3230 2134 :
3262 2081 3313 2136 in
3347 2082 3444 2136 hac
3493 2085 3634 2139 enim

2065 2171 2356 2239 irruptione
2382 2173 2670 2225 maximum
2690 2171 2842 2226 nobis
2871 2171 3020 2227 adest
3048 2173 3364 2242 przesidium.
3392 2173 3502 2229 lloc
3523 2176 3636 2244 ipso

2065 2266 2222 2336 igitur
2247 2268 2458 2337 cognito
2489 2265 2738 2332 recedite,
2764 2275 2944 2336 utpote
2973 2267 3060 2336 qui
3103 2282 3184 2330 ea,
3227 2283 3344 2336 qua:
3386 2266 3497 2320 ﬁeri
3547 2283 3636 2322 ne-

2066 2369 2285 2430 queunt,
2316 2360 2712 2431 aggrediamini.
2745 2359 2878 2413 llinc
2905 2368 2958 2413 et
2997 2375 3211 2413 causam
3244 2361 3378 2414 illius
3405 2361 3636 2416 victoria:

2065 2452 2359 2518 declarans,
2391 2461 2446 2508 et
2481 2453 2819 2518 annuntians,
2853 2453 3041 2507 famam
3071 2451 3184 2507 haec
3224 2453 3470 2522 praeclara
3491 2465 3636 2523 geSIa

2066 2546 2131 2600 ad
2181 2556 2448 2601 extremos
2485 2560 2650 2614 usque
2697 2556 2850 2599 terra:
2897 2546 3028 2600 fines
3065 2547 3340 2601 allaturam
3372 2563 3493 2603 esse
3527 2549 3637 2605 ait:

2069 2637 2312 2692 Nuntiate
2352 2655 2507 2708 usque
2533 2638 2601 2690 ad
2640 2647 2914 2692 extremum
2965 2648 3128 2692 terrae.
3172 2639 3339 2694 Nemo
3367 2639 3508 2694 enim
3535 2655 3638 2696 non

2069 2731 2266 2785 audivit
2291 2747 2352 2784 ea
2381 2747 2498 2802 qua:
2523 2740 2648 2787 tunc
2672 2731 3015 2804 Jerosolymis
3057 2733 3407 2804 contigerunt.
3442 2733 3641 2789 Idcirco

2069 2825 2143 2877 ait
2172 2842 2185 2879 :
2213 2823 2394 2876 Audite
2433 2833 2586 2893 usque
2608 2824 2675 2876 ad
2706 2833 2979 2878 extremum
3025 2835 3197 2892 terrm,
3243 2835 3289 2878 et
3327 2826 3412 2896 qui
3438 2826 3644 2894 fortitu-

2070 2917 2188 2970 dine
2228 2917 2400 2971 valetis
2450 2917 2722 2970 vincimini.
2749 2917 2987 2988 Magnam
3025 2919 3220 2987 quippe
3251 2918 3473 2987 gloriam
3519 2927 3642 2973 tunc

2071 3009 2326 3064 barbarus
2387 3008 2456 3063 ob
2507 3008 2795 3078 potentiam
2864 3008 3153 3062 obtinebat.
3230 3007 3414 3063 Fortes
3467 3019 3642 3065 autem

2072 3101 2158 3156 hic
2188 3101 2318 3156 dicit
2343 3115 2446 3154 non
2487 3115 2711 3169 corpore
2757 3100 3038 3166 robusms,
3083 3099 3176 3154 sed
3225 3114 3317 3154 eos
3355 3101 3443 3169 qui
3489 3115 3643 3170 pecu-

2071 3193 2274 3246 niarum
2301 3192 2452 3260 copia
2477 3232 2491 3256 ,
2519 3199 2572 3246 et
2598 3191 2779 3258 gloriae
2822 3190 3105 3260 splendore
3154 3191 3426 3259 conspicui
3473 3201 3642 3245 erant.

2073 3283 2132 3337 Si
2158 3284 2287 3337 enim
2317 3283 2494 3337 iterum
2520 3283 2898 3351 pratvalueritis,
2929 3281 3099 3352 inquit
3117 3322 3130 3343 ,
3160 3282 3339 3334 iterum
3361 3283 3644 3336 vincemini.

2075 3377 2140 3431 Et
2169 3379 2516 3447 quodcumque
2534 3377 2797 3430 consilium
2825 3376 3054 3439 inieritis,
3080 3375 3342 3444 dissipabit
3363 3374 3610 3429 Dominus
3627 3395 3645 3431 :

2073 3481 2116 3524 et
2140 3472 2340 3525 verbum
2364 3471 2710 3539 quodcumque
2739 3471 2932 3538 loquutt
2958 3469 3178 3538 fueritis,
3221 3485 3320 3522 non
3347 3468 3561 3522 manebit
3593 3471 3646 3522 in

2071 3563 2226 3627 vobis,
2251 3563 2369 3633 quia
2395 3561 2651 3614 nobiscum
2681 3559 2834 3612 Deus.
2863 3559 2994 3625 Quia
3022 3559 3158 3612 mala
3184 3558 3321 3629 apud
3366 3575 3457 3614 eos
3497 3570 3646 3614 erant

2074 3655 2314 3718 consilia,
2345 3661 2399 3708 et
2419 3654 2702 3721 sperabant
2731 3666 2789 3705 se
2814 3650 2998 3704 urbem
3028 3650 3194 3719 ipsam
3235 3665 3262 3701 a
3291 3648 3646 3704 fundamentis

2075 3746 2418 3799 demolituros
2440 3757 2578 3810 esse,
2611 3752 2662 3795 et
2704 3742 2780 3795 sic
2824 3740 3038 3796 domum
3063 3755 3393 3804 reversuros,
3423 3742 3647 3795 c0nsilia

2075 3853 2258 3892 eorum
2289 3837 2338 3890 in
2365 3835 2596 3890 medium
2622 3833 2834 3888 adducit
2861 3831 3115 3901 propheta
3160 3839 3214 3886 et
3246 3833 3337 3895 ait,
3364 3833 3646 3886 verborum

2077 3939 2232 3984 tenus
2261 3929 2436 3982 omnia
2461 3938 2766 3982 remansura
2791 3940 2929 3980 esse.
2959 3923 3157 3980 Deinde
3181 3925 3301 3994 quia
3332 3939 3418 3980 res
3442 3940 3647 3978 annun-

2075 4022 2240 4078 tiabat
2259 4020 2540 4075 humanam
2569 4029 2807 4074 naturam
2831 4026 3163 4089 superantes,
3197 4027 3254 4073 ut
3299 4018 3402 4072 fide
3430 4019 3646 4088 dignum

2077 4130 2376 4171 sermonem
2402 4113 2665 4177 exhibeat,
2706 4112 2773 4166 ad
2819 4112 3129 4182 dignitatem
3157 4110 3406 4181 pratclare
3427 4125 3646 4180 Operati-

2077 4213 2144 4265 tis
2174 4209 2475 4278 frequenter
2503 4204 2736 4275 confugit
2779 4205 2995 4271 dicens,
3030 4204 3160 4268 Quia
3189 4205 3445 4257 nobiscum
3475 4201 3610 4256 Deus
3631 4245 3646 4270 ,

2077 4313 2130 4358 et
2157 4304 2276 4372 quia
2303 4300 2417 4355 haec
2441 4299 2616 4353 omnia
2637 4297 3059 4352 machinamenta
3083 4295 3360 4365 dissipabit
3383 4296 3477 4366 (α).
3507 4295 3650 4362 Quo-

2077 4399 2214 4453 niam
2248 4395 2348 4466 ipsi
2375 4394 2562 4464 gloria.

2140 4533 2210 4595 (a)
2229 4539 2327 4595 Huc
2343 4530 2521 4595 desinit
2543 4527 2759 4595 Savilius.
2773 4528 3092 4595 etasterisoos
3109 4528 3285 4588 adjicit,
3302 4526 3437 4588 quasi
3458 4525 3648 4574 homilia

2076 4589 2340 4644 sit'mutila.
2368 4592 2436 4638 Ac
2460 4605 2578 4640 vere
2602 4589 2764 4638 mutila
2790 4590 2995 4650 videtur,
3029 4591 3392 4651 ignoraturque,
3418 4599 3648 4651 quorsum

2079 4656 2370 4720 processerit
2387 4653 2762 4715 Chrysostomus.
