3992 6300
425 228 495 285 9‘5
1111 227 1171 283 S.
1209 225 1493 284 J‘OANNIS
1532 222 2021 283 CHRYSOSTOMI
2057 221 2382 279 ARCHIEP.
2418 217 2962 277 CONSTANTINOP.
3576 215 3653 270 96

411 428 3652 469 WWW

1850 863 2228 925 MONITUM

1118 1058 1226 1116 AD
1271 1053 1660 1115 HOMILIAS
1705 1053 1785 1114 1N
1818 1051 2072 1114 OZIAM
2108 1051 2254 1113 SEU
2299 1051 2404 1112 DE
2453 1050 2947 1112 SERAPHlNlS.
3008 1006 3024 1020 ’

483 1288 567 1342 Ad
599 1285 858 1342 Homilias
888 1287 946 1341 in
980 1284 1172 1341 Oziam
1189 1285 1306 1340 haec
1330 1292 1486 1338 notat
1519 1280 1786 1338 Henricus
1819 1281 2073 1349 Savilius,
2108 1279 2281 1336 Τοιηο
2307 1280 2361 1346 8,
2391 1280 2447 1334 in
2483 1280 2626 1335 notis
2653 1280 2753 1335 col.
2788 1280 2895 1334 722
2927 1298 2938 1333 :
2976 1299 2994 1332 ί
3027 1280 3103 1334 Ex
3133 1280 3219 1336 his
3246 1280 3486 1352 quinque
3511 1279 3654 1337 Ora-

423 1404 664 1460 tionibus
707 1405 761 1459 in
800 1401 983 1459 Oziam
1019 1403 1303 1475 Catalogus
1342 1403 1708 1475 Augustanus,
1741 1417 1896 1457 num.
1939 1402 2028 1469 '50,
2065 1402 2154 1467 51,
2192 1401 2280 1467 52,
2317 1401 2404 1466 55,
2431 1399 2671 1469 agnoscit
2693 1408 2942 1470 quatuor,
2985 1399 3087 1454 hoc
3114 1408 3217 1466 est,
3249 1398 3430 1455 demta
3460 1406 3658 1469 quarta

415 1531 638 1577 caeteras
668 1537 874 1576 omnes.
909 1522 976 1576 Et
1002 1520 1357 1592 proculdubio
1385 1534 1574 1574 omnes
1603 1519 1844 1588 γνήσιαι.
1879 1518 2113 1573 Primam
2150 1518 2292 1572 hanc
2319 1517 2403 1572 bis
2425 1517 2626 1572 editam
2659 1515 2845 1572 Romae
2873 1517 3278 1572 emcndavimus
3310 1533 3376 1573 ex
3411 1527 3654 1589 quatuor

414 1631 632 1702 scriptis
659 1633 968 1697 Codicibus,
1015 1647 1249 1702 quorum
1273 1632 1485 1702 primus
1520 1630 1626 1684 fuit
1655 1629 1969 1701 interpretis
1999 1628 2229 1695 Erasmi,
2267 1639 2321 1684 et
2348 1645 2496 1685 nunc
2534 1638 2619 1685 est
2646 1632 2702 1684 in
2727 1630 3059 1687 Bibliotheca
3095 1633 3476 1689 Universitatis
3503 1632 3659 1689 Oxo-

415 1753 622 1807 niensis
658 1771 672 1806 :
705 1752 976 1807 secundus
1004 1766 1068 1805 ex
1097 1750 1432 1805 Bibliotheca
1465 1749 1685 1820 Collegii
1711 1747 1848 1802 Novi
1903 1746 2226 1802 Oxoniensis
2283 1753 2565 1817 promtus:
2602 1747 2793 1801 tertius
2821 1762 2886 1801 ex
2917 1746 3252 1803 Bibliotheca
3271 1747 3661 1805 Universitatis

413 1871 872 1943 Cantabrigiensis
903 1889 916 1924 :
947 1876 1175 1938 quartus
1212 1869 1346 1923 mihi
1377 1885 1407 1922 a
1437 1867 1751 1923 doctissimo
1777 1866 2073 1923 Croshavio
2103 1865 2509 1932 commodatus;
2539 1863 2795 1918 adhibitis
2814 1864 2977 1918 etiam
3005 1863 3069 1930 Ο.
3103 1862 3347 1934 Septimii
3378 1863 3659 1918 Florentia

413 1986 724 2052 Christiani,
764 1985 866 2040 viri
895 1982 1081 2038 multis
1112 1982 1430 2037 nominibus
1452 1981 1572 2037 orbi
1595 1980 1909 2036 Christiano
1945 1980 2083 2045 noti,
2114 1978 2408 2051 ingeniosis
2432 1987 2487 2033 et
2523 1977 2698 2032 doctis
2722 1977 3053 2047 coniecturis
3081 1995 3093 2030 :
3139 1993 3264 2031 nam
3295 1977 3447 2034 libris
3489 1978 3656 2044 Mss.,

416 2117 478 2160 ut
504 2106 740 2169 videtur,
764 2119 985 2175 prorsus
1013 2103 1428 2159 destituebatur.
1455 2101 1622 2157 Porro
1649 2102 1784 2157 sciat
1813 2102 1982 2157 lector
2023 2102 2078 2157 in
2105 2101 2355 2156 omnibus
2384 2100 2498 2157 fere
2536 2099 2920 2157 illustrioribus
2947 2099 3288 2156 bibliothecis
3316 2101 3482 2156 Italiae
3504 2109 3560 2156 et
3592 2099 3656 2154 in

413 2226 576 2298 Regia
608 2225 834 2279 Lutetiae
862 2222 1092 2294 reperi-ri
1123 2222 1260 2276 inter
1287 2221 1655 2292 Chrysostomi
1691 2220 1989 2292 Manuscrip

2097 2220 2295 2276 librum
2340 2220 2687 2291 inscriptum,
2731 2219 3119 2290 Χρυσοστόμου
3157 2218 3495 2303 μαργαρῖταιἱ
3529 2237 3542 2272 :
3574 2233 3657 2288 qu

411 2343 584 2398 codex
611 2344 748 2397 nihil
778 2342 1216 2406 aliud'continet,
1243 2355 1406 2412 quam
1455 2339 1778 2410 συναγωγὴν
1808 2355 1987 2410 quaint

2079 2356 2094 2395 ι
2138 2340 2556 2396 lectissimarum
2588 2339 2671 2408 (ut
2707 2337 2812 2409 ipsi
2857 2339 3160 2407 συναγωγεῖ
3189 2338 3365 2392 visum
3397 2345 3500 2401 est,
3535 2350 3655 2390 non

411 2455 590 2525 magni
615 2454 805 2524 judicii
841 2455 979 2519 viro,
1008 2454 1181 2524 utqui
1219 2454 1474 2523 pleraque
1502 2451 1798 2522 collegerit,
1835 2451 1977 2506 inter
2003 2466 2099 2506 sua
2133 2451 2442 2523 margarita,
2469 2449 2723 2506 subfusca
2752 2465 2819 2505 ac
2854 2451 3098 2520 liventia)
3135 2452 3441 2507 orationum
3479 2451 3660 2523 Chry-

412 2568 640 2623 sostomi.
668 2585 680 2621 :
713 2583 821 2637 quo
849 2567 905 2621 in
935 2581 1164 2620 numero
1196 2575 1322 2621 sunt
1351 2567 1435 2622 ha:
1473 2565 1714 2636 quinque
1749 2563 1807 2617 in
1838 2563 2043 2631 Oziam,
2073 2581 2165 2621 sex
2200 2575 2389 2621 contra
2417 2565 2655 2632 Judaeos,
2686 2573 2740 2620 et
2775 2566 2893 2621 aliae
2932 2566 2999 2621 ad
3044 2566 3131 2633 70,
3157 2566 3242 2623 vel
3282 2569 3351 2623 80
3377 2584 3614 2624 numero
3641 2589 3656 2640 ;

413 2700 547 2756 quas
571 2701 760 2740 omnes
798 2685 910 2740 suis
939 2684 1071 2740 locis
1098 2681 1632 2755 reprzesentabimus.
1667 2677 1823 2746 Quod
1868 2680 2146 2735 monuisse
2175 2696 2354 2752 operae
2379 2680 2613 2752 pretium
2639 2681 2761 2749 fuit,
2802 2697 2871 2736 ne
2899 2682 3020 2753 quis
3051 2682 3108 2736 in
3142 2681 3293 2738 illam
3322 2687 3652 2782 συναγωγὴεξ

413 2799 680 2866 incidens,
710 2799 913 2867 aliquid
940 2800 1069 2854 novi
1093 2813 1150 2853 se
1177 2806 1331 2868 putet
1351 2797 1636 2871 reperisse.
1674 2817 1693 2851 ι

483 2919 755 2976 Hactenus
787 2919 1039 2986 Savilius,
1069 2920 1162 2989 qui
1192 2929 1338 2974 recte
1385 2921 1636 2975 observat
1681 2918 1941 2974 Homilias
1978 2918 2097 2974 illas
2141 2929 2374 2989 quatuor
2413 2919 2469 2973 in
2509 2918 2696 2975 Oziam
2727 2919 2784 2972 in
2832 2917 3087 2990 Catalogo
3118 2919 3452 2988 Augustano,
3484 2934 3656 2990 quem

411 3034 662 3089 dedimus
689 3034 860 3089 Τοιηο
891 3034 944 3096 1,
977 3050 1031 3104 p.
1064 3032 1186 3097 8M,
1224 3041 1572 3098 memoratas,
1597 3048 1718 3087 esse
1747 3032 1999 3102 primam,
2026 3031 2341 3101 secundam,
2377 3032 2592 3088 tertiam
2630 3041 2685 3086 et
2712 3031 2991 3102 quintam;
3019 3032 3163 3088 unde
3193 3034 3459 3104 sequitur.
3483 3050 3657 3104 quar-

412 3160 518 3205 tam
556 3151 611 3204 in
636 3154 778 3223 ejus,
812 3151 902 3221 qui
931 3150 1245 3222 Catalogum
1275 3148 1425 3203 illum
1463 3146 1572 3217 jam
1602 3148 1732 3202 olim
1777 3149 2146 3216 concinnavit,
2189 3149 2486 3220 exemplari
2515 3164 2625 3204 non
2660 3149 2848 3214 fuisse,
2881 3157 2976 3204 aut
3006 3150 3197 3206 saltem
3230 3167 3341 3206 non
3372 3152 3447 3208 ibi
3472 3151 3655 3209 fuisse

411 3265 602 3319 eodem
627 3272 858 3335 posrtam
885 3264 1095 3319 ordine.
1117 3243 1367 3332 Vereque
1390 3243 1730 3333 exploratum
1756 3271 1860 3330 est,
1891 3261 2053 3318 hasce
2071 3262 2323 3319 homilias
2352 3279 2459 3319 non
2485 3277 2604 3318 esse
2632 3279 2824 3318 omnes
2853 3277 2919 3318 eo
2944 3263 3154 3330 ordine,
3183 3280 3291 3336 quo
3312 3267 3511 3322 habitae
3532 3266 3654 3340 [94]

411 3385 560 3443 sunt,
600 3377 824 3448 positas.
865 3375 1048 3430 Prima
1097 3375 1245 3430 enim
1275 3390 1398 3430 cum
1433 3374 1673 3429 secunda
1703 3389 1813 3428 non
1847 3376 2104 3443 cohaeret,
2136 3376 2458 3446 videturque
2488 3376 2631 3432 dicta
2659 3377 2820 3448 longo
2868 3387 2995 3448 post
3024 3380 3320 3435 secundam
3373 3384 3655 3456 temporej;

409 3507 608 3562 nempe
635 3490 872 3562 quando,
908 3491 1194 3561 imperium
1227 3497 1449 3544 tenente
1494 3488 1690 3559 ignavo
1730 3489 1967 3557 quodam
2000 3499 2056 3544 et
2086 3490 2217 3545 boni
2248 3491 2458 3546 consilii
2489 3501 2709 3561 experte
2740 3493 3007 3565 principe,
3056 3497 3272 3552 barbari
3306 3497 3654 3565 invaserunt,

413 3607 683 3665 exercitus
719 3605 1086 3662 Romanorum
1131 3603 1447 3676 profligatus
1507 3613 1611 3668 est,
1667 3602 2000 3659 calamitates
2050 3605 2307 3661 immissa:
2349 3616 2504 3674 sunt;
2560 3623 2680 3678 quae
2708 3611 2892 3665 omnia
2941 3621 3190 3668 recenset
3232 3612 3656 3686 Chrysostomus

412 3730 544 3773 num
574 3719 630 3774 4.
662 3718 786 3774 llaec
817 3735 981 3790 porro
1008 3719 1062 3774 in
1095 3717 1310 3773 Arcadii
1336 3713 1813 3788 imperium,'quod
1842 3716 2008 3787 coepit
2036 3732 2180 3772 anno
2218 3719 2340 3784 395,
2377 3719 2662 3777 referenda
2683 3724 2956 3792 videntur,
2988 3738 3049 3783 ut
3082 3731 3465 3789 animadvertit
3487 3735 3656 3791 etiam

413 3831 498 3886 vir
523 3832 905 3904 sagacissimus
930 3832 1328 3886 Tillemontius.
1361 3832 1442 3887 Ad
1484 3832 1601 3887 haec
1624 3840 1806 3887 autem
1833 3831 2008 3901 prima
2038 3829 2094 3884 in
2145 3831 2328 3887 Oziam
2375 3836 2529 3903 quasi
2561 3839 2844 3895 occasione
2882 3842 3109 3911 quadam
3147 3853 3356 3901 tantum
3387 3848 3445 3903 in
3475 3849 3655 3906 histo-

415 3945 549 4000 riam
581 3946 722 4000 Oziae
752 3955 810 4000 et
837 3945 894 3999 in
927 3945 1354 4014 Seraphinorum
1382 3945 1645 4002 visionem
1673 3946 1862 4002 incidit
1899 3963 1912 3999 :
1948 3945 2022 4000 ita
2049 3955 2110 4000 ut
2135 3949 2371 4004 secunda
2394 3952 2476 4006 vel
2506 3968 2571 4007 ex
2601 3955 2761 4010 modo
2791 3956 3058 4023 ordiendi,
3086 3961 3191 4016 alio
3225 3962 3366 4019 facta
3407 3975 3656 4036 tempore

415 4064 630 4135 aliaque
659 4061 943 4117 occasione
975 4059 1156 4114 statim
1183 4059 1451 4114 videatur.
1480 4057 1640 4114 Certe
1678 4060 1851 4130 prima
1880 4060 1973 4115 diu
1999 4073 2210 4133 postea,
2243 4063 2457 4119 Arcadii
2486 4081 2681 4136 nempe
2716 4076 2980 4140 tempore,
3017 4082 3077 4127 ut
3104 4089 3169 4128 ex
3193 4077 3507 4148 conjectura
3537 4091 3658 4136 sta-

416 4178 606 4243 tuitur,
640 4177 782 4234 dicta
819 4175 1000 4231 fuerit.
1025 4177 1109 4229 An
1137 4191 1266 4230 vero
1293 4173 1616 4240 Antiochiae,
1648 4191 1717 4230 an
1751 4175 2244 4250 Constantinopoli,
2281 4196 2391 4235 non
2419 4181 2491 4236 ita
2515 4181 2667 4238 facile
2703 4196 2788 4240 est
2817 4186 3084 4244 divinare.

482 4296 732 4352 Secunda
759 4292 1064 4348 Antiochiae
1091 4290 1234 4348 haud
1268 4289 1432 4346 dubie
1461 4289 1645 4346 habita
1667 4301 1768 4346 est.
1795 4292 1850 4347 ld
1873 4294 2016 4363 quod
2050 4296 2228 4363 exiis,
2249 4312 2369 4366 qua:
2400 4297 2542 4352 circa
2569 4298 2732 4354 finem
2762 4301 2998 4359 homilia:
3026 4307 3118 4373 ait,
3144 4311 3420 4382 arguitur;
3452 4329 3656 4389 nempe

413 4421 472 4463 se
506 4408 668 4462 citius
690 4405 853 4460 finem
875 4404 1088 4460 dicendi
1117 4403 1317 4469 facere,
1350 4411 1410 4457 ut
1434 4401 1553 4464 loco
1581 4403 1739 4458 cedat
1767 4406 2088 4476 praeceptori
2118 4422 2214 4463 seu
2256 4409 2578 4481 διδασκάλῳ,
2639 4413 2845 4470 scilicet
2889 4417 3146 4476 Flaviano
3186 4423 3487 4484 Antiochiae
3533 4432 3656 4500 epi-

414 4538 602 4593 scopo,
635 4523 779 4593 quod
800 4531 856 4576 et
888 4521 1014 4577 alibi
1045 4523 1246 4592 passim
1280 4521 1481 4577 factum
1516 4522 1998 4593 deprehendimus.
2026 4523 2106 4580 De
2151 4541 2295 4582 anno
2332 4538 2515 4584 autem
2563 4545 2672 4587 non
2722 4533 2796 4589 ita
2829 4535 2984 4593 facile
3023 4550 3107 4597 est
3136 4544 3220 4598 vel
3245 4560 3310 4599 ex
3335 4548 3653 4619 conjectura

409 4640 614 4694 dicere.
646 4639 784 4694 Nam
810 4641 954 4710 quod
987 4640 1366 4697 Tillemontius
1413 4641 1743 4712 suspicatur,
1791 4658 1916 4697 cum
1960 4655 2235 4715 comparat
2259 4645 2676 4720 Chrysostomus
2719 4652 3019 4711 doctrinam
3058 4675 3211 4715 suam
3253 4666 3462 4721 recenti
3500 4667 3652 4735 vino,

412 4753 718 4809 doctrinam
761 4763 942 4808 autem
993 4753 1230 4807 Flaviani
1261 4753 1389 4808 vino
1426 4755 1619 4821 veteri,
1646 4769 1705 4809 se
1739 4754 1855 4810 haec
1883 4754 2039 4810 initio
2065 4758 2351 4813 sacerdotii
2375 4761 2459 4814 sui
2489 4765 2870 4820 concinnatum
2904 4769 3250 4830 subindicare
3285 4795 3298 4831 :
3326 4777 3459 4834 illud
3503 4792 3654 4837 certe

409 4871 495 4926 vel
539 4871 657 4941 ipso
687 4869 1015 4924 Tillemontii
1047 4870 1254 4941 judicio
1285 4871 1617 4925 levissimum
1650 4882 1768 4939 est;
1801 4872 2044 4943 ejusdem
2071 4876 2283 4947 generis
2308 4887 2390 4932 est
2416 4878 2547 4935 illud
2571 4881 2717 4936 aliud
2755 4884 3033 4955 indicium,
3059 4890 3184 4948 inde
3213 4905 3475 4963 sumtum,
3507 4903 3653 4970 quod

408 4988 569 5058 paulo
590 4994 713 5057 post
736 4986 949 5040 initium
975 4985 1103 5040 dicit
1137 5001 1196 5040 se
1220 4986 1441 5058 dignum
1485 4987 1731 5042 habitum
1757 4987 1923 5044 fuisse
1958 4992 2050 5060 qui
2090 4992 2234 5062 apud
2257 4993 2376 5049 illos
2405 4997 2840 5067 concionaretur,
2872 5006 3314 5080 κατηξιώθημεν.
3354 5015 3490 5071 Nam
3517 5019 3650 5089 quid

413 5109 541 5164 inde
584 5109 805 5175 inferas,
843 5125 967 5165 cum
997 5117 1207 5163 certum
1236 5109 1305 5163 sit
1342 5106 1788 5178 Chrysostomum
1814 5125 1922 5164 non
1950 5111 2125 5181 primo
2172 5115 2344 5169 solum
2373 5131 2535 5184 anno,
2564 5119 2658 5174 sed
2698 5121 2858 5175 etiam
2889 5127 3150 5194 secundo,
3181 5133 3360 5197 tertio,
3395 5134 3648 5206 aliisque,

415 5225 608 5280 honori
635 5226 737 5281 sibi
770 5226 916 5281 haud
941 5225 1105 5280 dubie
1127 5224 1344 5280 duxisse
1375 5225 1519 5294 quod
1551 5240 1735 5280 coram
1768 5234 1916 5281 tanta
1957 5230 2134 5299 plebe,
2169 5233 2423 5306 episcopo
2471 5252 2612 5309 saepe
2643 5251 2931 5310 praesente,
2961 5246 3412 5303 condonaretur?
3447 5249 3646 5307 verum

415 5340 646 5410 aliquam
676 5340 938 5411 temporis
963 5349 1170 5408 notam,
1201 5355 1364 5410 quam
1387 5356 1498 5395 non
1525 5337 1907 5398 animadvertit
1931 5345 2329 5416 Tillemontius,
2361 5351 2486 5406 inde
2512 5369 2725 5409 sumere
2757 5355 2904 5423 licet,
2927 5360 3071 5429 quod
3092 5376 3245 5418 num.
3277 5363 3312 5417 2
3343 5376 3398 5421 et
3426 5369 3647 5440 '5,post-

415 5471 577 5526 quam
596 5457 804 5514 dixerat
826 5459 996 5515 Deum
1019 5459 1310 5515 Abrahami
1338 5460 1544 5516 nomini
1573 5461 1841 5519 addidisse
1867 5464 2098 5533 lileram,
2124 5468 2195 5521 ita
2220 5477 2278 5522 ut
2298 5469 2388 5538 qui
2424 5471 2632 5544 Ἀϐράμ
2659 5477 2973 5545 vocabatur,
3001 5479 3252 5554 Ἀϐραάμ
3280 5496 3470 5553 postea
3498 5489 3648 5546 dice-

420 5580 590 5638 retur,
639 5580 698 5627 ut
729 5575 892 5631 unius
917 5575 1086 5634 litera:
1118 5575 1487 5633 additamenta
1530 5575 1742 5647 signum
1779 5577 1996 5652 princip

2071 5597 2115 5638 lS
2147 5581 2249 5655 ipsi
2295 5582 2481 5650 daret;
2533 5597 2718 5658 postea
2772 5591 3164 5664 subjunxerit:
3205 5595 3342 5653 ἀλλὰ
3391 5600 3515 5672 περὶ
3548 5603 3647 5674 μὲν
