3992 6300
220 319 299 379 95‘
955 312 1024 370 ΙΝ
1056 312 1288 379 ILLUD,
1328 309 1466 367 VlDl
1506 310 1821 367 DOMINUM
1856 309 2097 367 HOMIL.
2137 309 2179 365 1.
2208 340 2280 353 —-
2315 309 2664 368 MONITUM.
3352 312 3440 368 οϐ’

222 432 485 505 ὀνομάτων
506 432 564 486 ὲν
592 432 764 504 ἑτέρῳ
794 432 975 505 καιρῷ
996 432 1346 504 διηγήσομαι,
1375 432 1465 485 sed
1486 431 1551 483 de
1570 430 1797 484 nominib

1894 430 1998 483 alio
2030 440 2257 499 tempore
2306 431 2588 495 disseram,
2633 446 2741 501 quo
2769 430 3035 503 signiﬁcat
3072 446 3131 487 se
3163 430 3232 486 de
3258 440 3440 485 muta-
3466 400 3470 405 ’

216 552 354 606 tione
378 550 648 604 nominum
674 561 867 620 postea
895 550 1165 605 dicturum
1199 565 1349 617 esse;
1374 550 1426 605 id
1444 549 1588 619 quod
1604 548 1819 604 abunde
1845 548 2097 619 praestitit
2122 549 2176 602 in
2201 556 2434 618 quatuor
2460 548 2707 605 Homiliis
2721 550 2788 604 de
2812 549 3105 606 Mutatione
3134 550 3438 615 nominum,

216 683 344 739 quas
376 670 533 725 habes
553 667 728 724 Tomo
751 670 807 735 '5,
836 669 928 724 ubi
954 669 1023 725 de
1050 668 1353 723 mutatione
1387 668 1628 722 nominis
1666 666 1941 721 Abraham
1987 667 2188 737 agitur,
2222 683 2279 736 p.
2306 666 2427 731 107,
2458 675 2513 721 et
2543 668 2667 731 “2,
2702 676 2758 723 et
2785 666 3047 724 Sermone
3068 685 3215 724 nono
3242 669 3297 723 in
3331 669 3440 724 Ge-

217 781 515 850 nesim,qui
540 791 664 852 post
684 782 980 837 secundam
1017 781 1305 837 Homiliam
1330 780 1399 837 de
1429 770 1729 838 Mutatione
1755 779 2038 834 nominum
2071 780 2289 834 habitus
2314 790 2418 846 est,
2452 781 2545 835 ubi
2576 781 2738 837 etiam
2769 782 2838 838 de
2869 786 3171 839 mutatione
3206 784 3445 840 nominis

215 898 441 953 Abrahae
462 897 655 968 agitur,
684 914 741 968 p.
771 899 894 954 691.
926 897 1152 954 Certum
1202 898 1385 969 itaque
1414 898 1863 970 exploratumque
1887 898 2086 963 habeo,
2115 897 2255 952 hanc
2286 898 2564 955 homiliam
2613 900 2803 956 eodem
2836 915 2981 954 anno
3011 901 3249 957 habitam
3278 903 3443 957 fuisse

214 1025 322 1080 quo
346 1009 449 1063 illa:
472 1008 863 1065 deMutatione
887 1012 1171 1066 nominum
1199 1012 1356 1067 dicta:
1403 1020 1552 1077 sunt,
1594 1027 1703 1081 quo
1735 1011 1899 1067 etiam
1943 1008 2187 1065 Homilies
2222 1009 2276 1063 in
2317 1008 2572 1065 Genesim
2610 1011 2884 1082 sexaginta
2921 1021 3164 1082 septem;
3196 1012 3443 1071 Homilia:

214 1128 340 1183 item
367 1128 423 1181 in
443 1126 692 1182 Actorum
716 1129 1152 1200 inscriptionem,
1184 1138 1240 1185 et
1275 1130 1393 1185 alia:
1427 1130 1695 1201 quzedam,
1730 1139 1793 1184 ut
1834 1131 2019 1186 videas
2047 1130 2367 1187 Praefatione
2393 1131 2446 1185 in
2474 1140 2727 1201 quartum
2758 1131 3011 1199 Tomnm,
3054 1140 3110 1187 et
3142 1132 3197 1186 in
3230 1132 3442 1188 Monito

210 1243 279 1298 ad
304 1244 558 1300 Homilies
588 1245 641 1298 in
678 1246 1092 1317 inscriptionem
1116 1247 1372 1303 Actorum
1402 1247 1573 1302 Tomo
1605 1249 1658 1302 3.
1689 1246 1823 1313 Quis
1847 1262 1975 1303 vero
1999 1247 2175 1303 sitille
2207 1262 2405 1312 annus,
2452 1247 2693 1302 nondum
2734 1249 2886 1319 potui
2930 1248 3196 1319 probabili
3251 1248 3439 1320 conje-

208 1371 359 1416 ctura
392 1362 637 1432 assequi:
667 1362 784 1418 haec
812 1364 999 1418 omnia
1028 1364 1084 1417 in
1106 1379 1309 1417 annum
1330 1363 1434 1418 588
1467 1360 1659 1431 conjici
1693 1362 1832 1415 forte
1862 1369 2104 1430 possent.

275 1472 504 1528 Homilia
533 1474 691 1528 tertia
730 1474 1011 1543 aliquanto
1040 1483 1282 1544 tempore
1316 1480 1441 1542 post
1486 1470 1783 1527 secundam
1827 1469 2009 1524 habita
2058 1479 2159 1534 est,
2196 1469 2594 1543 Flavianusque
2627 1473 2916 1545 episcopus
2948 1484 3070 1544 post
3115 1475 3443 1545 Chrysosto-

207 1602 356 1641 mum
382 1588 732 1644 concionatus
759 1599 877 1656 est;
908 1590 1005 1645 sed
1033 1589 1120 1644 hic
1148 1589 1216 1644 de
1247 1587 1591 1660 Martyribus,
1620 1586 2039 1656 Chrysostomus
2074 1595 2256 1642 autem
2289 1587 2356 1643 de
2388 1586 2516 1645 Ozia
2543 1597 2598 1645 et
2636 1589 2703 1645 de
2733 1588 3072 1661 Seraphinis,
3126 1590 3236 1646 imo
3263 1590 3446 1663 potius

206 1700 277 1756 de
297 1701 549 1771 superbia
586 1701 733 1760 Ozias
763 1704 925 1776 regis,
950 1720 1070 1774 quae
1098 1703 1277 1774 ipsum
1308 1704 1643 1774 praecipitem
1674 1700 1841 1756 dedit;

280 1823 505 1881 Homilia
536 1837 728 1898 quarta
758 1830 910 1884 nuilo
930 1830 1091 1885 modo
1119 1846 1282 1902 posse
1314 1831 1559 1888 creditur
1585 1832 1652 1887 ad
1692 1832 1892 1903 quintae
1925 1833 2122 1889 seriem
2147 1832 2373 1900 deduci;
2417 1832 2544 1888 licet
2585 1831 2731 1888 enim
2763 1831 2905 1885 circa
2945 1827 3184 1883 medium
3212 1828 3277 1883 de
3316 1825 3445 1882 Ozia

215 1959 423 2019 agatur,
448 1948 581 2002 nihil
627 1959 715 2004 est
741 1950 886 2020 quod
919 1951 1151 2009 suadere
1190 1968 1352 2024 posse
1403 1952 1649 2009 videatur
1676 1953 1819 2009 hanc
1847 1953 2038 2008 eodem
2071 1962 2337 2022 tempore,
2370 1953 2667 2022 eademque
2698 1951 2753 2005 in
2794 1950 2929 2005 urbe
2973 1949 3214 2004 habitam
3255 1946 3444 2001 fuisse.

224 2073 329 2127 bno
368 2086 491 2125 vero
509 2087 617 2125 non
650 2072 851 2127 desunt
881 2089 1003 2143 qua:
1041 2073 1388 2129 subindicent
1418 2075 1560 2129 hanc
1580 2071 2052 2144 ConstantinOpoli
2078 2070 2246 2126 fuisse
2274 2073 2499 2127 dictam.
2534 2070 2898 2137 Quamobrem
2932 2069 3057 2139 jure
3083 2067 3128 2121 is
3159 2067 3248 2137 qui
3285 2065 3445 2120 Cata-

225 2187 393 2257 logum
421 2203 636 2258 operum
663 2184 1035 2259 Chrysostomi
1071 2190 1308 2260 γνησίων
1350 2190 1463 2260 jam
1511 2189 1641 2246 olim
1671 2190 2041 2253 concinnavit,
2095 2190 2241 2244 hanc
2268 2205 2378 2243 non
2422 2189 2476 2243 in
2514 2188 2850 2258 reliquarum
2879 2188 3023 2242 serie
3056 2186 3260 2257 posuit.
3290 2183 3445 2237 Illum

230 2302 341 2358 vide
362 2302 664 2375 Catalcgum
699 2302 855 2361 Tom.
893 2303 946 2367 1,
979 2319 1033 2374 p.
1066 2302 1190 2359 8M.
1220 2300 1336 2358 Hoc
1360 2312 1545 2357 autem
1572 2318 1659 2357 me
1684 2311 1868 2358 movet
1891 2312 1952 2357 ut
1970 2301 2441 2371 Constantinopoli
2465 2301 2666 2356 editam
2699 2300 3021 2369 conjiciam;
3064 2316 3188 2354 nam
3227 2300 3281 2355 id
3304 2299 3450 2370 quod

233 2416 351 2474 dicit
378 2420 667 2490 σύγκλητον
693 2419 810 2490 ἔχει
839 2418 935 2471 καὶ
963 2417 1200 2480 ὑπάτους
1230 2417 1489 2490 ἀριθμεῖν
1522 2416 1739 2488 ἔχομεν,
1765 2417 1942 2471 ὠνίων
1970 2416 2250 2485 ἀφθονίαν,
2289 2415 2489 2481 θέσεως
2514 2416 2953 2489 ἐπιτηδειότητα,
3002 2414 3253 2471 Senatum
3297 2417 3450 2473 liabet

238 2536 432 2605 (nempe
468 2534 636 2603 urbs),
688 2542 738 2588 et
790 2532 1025 2587 consules
1052 2549 1327 2587 numerare
1354 2548 1645 2602 possumus,
1696 2532 1959 2587 venalium
1987 2535 2211 2603 copiam,
2239 2534 2399 2587 situm
2446 2534 2801 2597 commodum,-
2854 2533 2999 2603 quod
3047 2530 3231 2587 Romae
3262 2534 3451 2588 urbem

239 2664 511 2723 comparat;
540 2652 683 2723 quod
717 2666 839 2706 eam
873 2651 1010 2706 dicit
1037 2652 1184 2706 orbis
1205 2652 1581 2722 metropolim;
1614 2653 1731 2708 haec
1763 2653 2024 2708 nimirum
2047 2655 2232 2709 omnia
2261 2669 2370 2708 non
2406 2653 2567 2708 video
2598 2668 2758 2723 posse
2790 2653 2948 2707 alteri
2978 2670 3139 2725 quam
3178 2654 3451 2709 Constan-

243 2765 441 2835 tinopoli
466 2776 776 2837 competere
806 2780 1003 2835 posse;
1035 2765 1139 2819 etsi
1162 2764 1564 2834 Tillcmontius,
1620 2769 2022 2825 subdubitando
2071 2780 2274 2836 tamen,
2312 2770 2430 2824 haec
2472 2769 2539 2824 ad
2578 2769 2922 2824 Antiochiam
2956 2769 3159 2825 referre
3198 2779 3450 2825 conetur.

243 2880 543 2955 Quapropter
566 2885 709 2939 hanc
734 2891 897 2939 extra
929 2883 1134 2938 seriem
1184 2883 1411 2938 aliarum
1454 2900 1797 2954 reponerem,
1846 2885 1891 2939 si
1919 2900 2015 2956 per
2042 2885 2443 2954 manuscriptos
2475 2881 2706 2938 Codices
2746 2884 2955 2947 liceret,
2989 2883 3080 2937 ubi
3109 2883 3197 2937 hic
3230 2883 3365 2937 ordo
3392 2892 3454 2937 ut

245 2997 494 3065 plurimum
520 3002 708 3057 saltem
740 2999 1103 3056 observatur.
1132 2996 1258 3054 Haec
1278 3014 1442 3071 porro
1464 2999 1689 3054 bomilia
1740 3000 1921 3055 habita
1957 3009 2041 3055 est
2072 3016 2197 3055 cum
2230 3007 2398 3054 aestus
2445 3009 2592 3057 esset
2635 2999 2848 3071 ingens,
2876 2999 3103 3065 aestatis,
3141 3008 3202 3053 ut
3231 2999 3453 3055 credere

236 3128 321 3184 est,
350 3130 584 3192 tempore.

284 3237 491 3295 Homilia
513 3240 670 3312 igitur
693 3239 901 3312 quinta
931 3238 1155 3293 tertiam
1191 3236 1383 3292 ordine
1411 3247 1640 3308 sequuta
1666 3248 1772 3306 est,
1797 3255 1920 3295 cum
1957 3239 2154 3309 illaque
2184 3237 2463 3303 convenit,
2489 3252 2601 3291 non
2632 3236 2761 3292 item
2799 3251 2923 3291 cum
2962 3242 3176 3304 quarta,
3204 3248 3325 3302 qua:
3347 3230 3453 3284 alio

217 3357 450 3424 tempore,
480 3354 581 3410 alio
611 3365 669 3410 ut
717 3353 960 3410 videtur
990 3351 1139 3417 loco,
1183 3350 1531 3422 pronuntiata
1576 3349 1696 3404 fuit.
1727 3348 1890 3405 Sexta
1918 3359 2098 3405 autem
2133 3348 2353 3404 bomilia
2381 3347 2627 3419 quintam
2656 3344 2841 3400 nativo
2881 3344 3072 3399 ordine
3104 3342 3370 3412 sequitur,
3399 3350 3456 3396 et

206 3470 491 3527 Antiochia:
521 3471 703 3527 habita
735 3471 875 3527 fuit.
906 3468 1051 3524 Haec
1087 3482 1250 3539 porro
1274 3477 1423 3524 sexta
1447 3467 1668 3522 bomilia
1691 3467 1836 3522 dicta
1882 3467 1984 3523 fuit
2015 3466 2201 3538 paucis
2238 3466 2430 3521 diebus
2477 3472 2603 3519 ante
2640 3460 3137 3531 Quadragesimam,
3185 3456 3314 3513 anni
3341 3458 3453 3511 for-

194 3596 318 3642 tasse
344 3586 448 3643 588
475 3604 489 3640 :
525 3602 629 3657 qua
654 3586 721 3642 de
754 3603 823 3642 re
856 3598 992 3640 non
1035 3582 1262 3637 omnino
1292 3582 1580 3649 constabit,
1612 3582 1785 3638 donec
1816 3581 1942 3652 quid
1974 3580 2159 3636 indicii
2190 3580 2500 3635 accesserit.

239 3704 480 3776 Quinque
502 3705 749 3779 priorum
805 3698 1232 3771 interpretatio
1276 3711 1361 3757 est
1387 3698 1616 3766 Erasmi,
1654 3715 1817 3770 quam
1864 3700 2047 3754 multis
2083 3700 2137 3755 in
2181 3697 2314 3752 locis
2348 3693 2787 3757 cmendavimus;
2835 3699 2998 3747 sextae
3035 3701 3118 3747 est
3163 3691 3455 3752 Frontonis

180 3816 345 3877 Bucari.
