3992 6300
194 313 236 369 97
1144 312 1211 371 IN
1248 312 1493 380 ILLUD,
1531 308 1674 370 VIDI
1708 305 2045 371 DOMINUM,
2082 303 2315 361 HOMIL.
2352 296 2400 357 1.
3327 288 3396 346 98

266 535 3383 576 ______________________________________.

1498 937 2020 1041 HOMILIA

190 1251 238 1298 ιε
270 1252 504 1297 ωπυεκ
550 1253 809 1309 EORUH,
846 1253 957 1308 QUI
1002 1249 1507 1296 COMPARUERUNT
1548 1248 1613 1290 1N
1651 1246 1967 1301 ECCLBSIA,
2029 1245 2297 1298 QUBQUI
2379 1242 2751 1293 MODERATIO
2791 1251 2890 1295 SIT
2966 1252 3291 1299 εειινηω
3339 1256 3406 1302 IN

251 1355 454 1399 mvms
525 1355 871 1399 LAUDIBUS.
941 1355 1096 1398 nam
1166 1353 1225 1395 IN
1288 1351 1498 1406 11.1.00,
1567 1348 1701 1394 vxor
1783 1347 2081 1391 DOMINUM
2150 1348 2487 1394 sensurum
2558 1352 2621 1395 ut
2705 1353 2883 1397 sono
2976 1355 3250 1401 excuso
3321 1340 3408 1423 (α)

256 1439 409 1520 (Isai.
448 1438 511 1499 δ.
559 1440 649 1520 1).

1478 1528 2059 1583 ...θεῖαι-

247 1723 288 1779 1.
309 1720 598 1777 Prcdicatio
618 1737 733 1776 cum
753 1722 1062 1794 agricultura
1081 1729 1418 1792 comparatur.
1441 1720 1729 1793 Chrysosto-

198 1829 285 1866 αις
306 1813 363 1867 de
403 1830 649 1868 concursu
676 1815 969 1867 auditorum
998 1815 1201 1885 gaudet.
1230 1812 1368 1867 Laus
1414 1812 1730 1867 ecclesiastici

196 1904 800 1973 mm.—Conspicio
822 1920 920 1959 vos
944 1906 1108 1959 multo
1132 1904 1304 1960 studio
1333 1903 1649 1969 adnitentes,
1670 1913 1730 1958 ut

194 1999 245 2050 ad
262 1996 483 2051 etfeetum
508 1996 826 2065 perducatis,
854 2012 973 2067 quae
999 1996 1110 2052 beri
1156 2013 1185 2051 a
1228 1996 1380 2051 nobis
1404 1996 1540 2051 dicta
1566 2004 1723 2051 sunt:

196 2101 328 2156 eoque
364 2102 499 2141 nunc
545 2087 684 2141 haud
732 2095 950 2157 gravate
991 2101 1169 2142 semen
1198 2087 1450 2142 doctrina:
1471 2087 1726 2157 iacimus,

195 2178 301 2246 quod
324 2179 435 2234 hinc
463 2180 601 2233 bona
637 2194 761 2250 spes
786 2180 880 2233 alit
923 2181 1155 2234 animum
1183 2190 1441 2235 nostrum.
1496 2180 1626 2234 Nam
1674 2189 1729 2235 et

191 2271 381 2336 agricola
401 2312 413 2330 .
447 2287 566 2325 eum
612 2287 719 2326 non
767 2272 883 2327 sine
908 2272 1086 2327 labore
1106 2272 1315 2340 quidem
1342 2273 1543 2329 semina
1561 2273 1688 2343 jecit
1708 2315 1725 2339 ,

184 2361 263 2413 sed
298 2362 429 2415 videt
459 2372 656 2417 terram
688 2362 918 2417 feracem
955 2371 1288 2432 segetemque
1326 2373 1583 2433 proventu
1629 2379 1726 2418 ex—

184 2452 481 2521 uberautem,
506 2454 842 2522 superiorum
868 2454 1102 2509 laborum
1125 2455 1470 2516 obliviscitur.
1487 2467 1642 2526 atque
1662 2456 1728 2511 ad

184 2544 414 2613 reliquum
463 2560 647 2614 opera:
703 2543 1268 2614 conservationemque
1307 2546 1539 2613 priorum
1596 2546 1727 2604 lucri

178 2638 538 2704 exspectatione
551 2639 835 2692 exciuitur.
860 2636 1053 2690 Verum
1073 2635 1184 2690 hmc
1201 2638 1514 2705 agricultura
1532 2646 1728 2707 quanto

177 2726 377 2783 feracior
416 2739 723 2800 quantoque
766 2727 1025 2782 Iucrosior
1080 2728 1192 2782 est?
1238 2727 1370 2782 Nam
1402 2728 1487 2782 illa
1514 2729 1726 2798 quidem

173 2816 359 2885 frugum
384 2819 713 2872 sensibilium
742 2818 951 2887 cupiam
998 2816 1238 2872 adferens
1260 2859 1277 2883 ,
1307 2819 1617 2889 corporibus
1640 2835 1729 2874 re-

169 2911 304 2976 ponit
350 2911 690 2967 alimoniam:
735 2910 851 2965 hazc
906 2926 1032 2965 vero
1075 2911 1198 2965 dum
1252 2926 1557 2966 sermonum
1601 2912 1731 2981 jacit

168 2999 477 3065 doctrinam,
531 3002 998 3073 spiritualiumque
1041 3001 1298 3056 donorum
1352 3002 1727 3057 abundantiam

164 3092 324 3146 adfert
345 3136 361 3158 ,
402 3096 556 3149 animi
596 3095 814 3151 divitias
850 3094 1126 3159 recondit,
1153 3095 1456 3150 alimoniam
1485 3112 1601 3166 quae
1632 3112 1728 3152 nec

159 3187 409 3249 consumi,
437 3203 535 3242 nec
551 3189 729 3242 vitiari
749 3196 945 3259 potest,
969 3186 1167 3241 reditus
1186 3187 1274 3257 qui
1294 3202 1465 3257 neque
1482 3197 1725 3257 pereunt,

158 3290 324 3345 neque
353 3295 466 3333 :cvo
494 3289 942 3349 corrumpuntur,
972 3279 1063 3334 sed
1088 3295 1278 3334 arcana
1305 3280 1528 3349 quadam
1558 3289 1614 3334 et
1644 3282 1728 3335 in-

153 3366 347 3422 effabili
368 3370 693 3438 providentia
713 3379 1118 3432 conservantur,
1142 3386 1366 3438 quorum
1390 3386 1514 3425 usus
1531 3370 1749 3439 fructus

152 3469 330 3512 mente
354 3461 660 3527 percipitur.
688 3462 779 3517 llic
797 3471 882 3515 est
903 3476 1139 3515 meorum
1161 3461 1401 3516 laborum
1422 3472 1727 3532 proventus,

154 3546 233 3603 ha:
258 3558 391 3604 sunt
411 3566 544 3619 opes
564 3567 687 3619 quas
704 3562 893 3608 vestrae
916 3553 1120 3607 caritati
1139 3553 1489 3609 reeondimus.
1512 3554 1618 3608 llas
1634 3556 1731 3609 ita-

163 3653 250 3707 que
261 3655 390 3694 cum
408 3640 688 3696 considero
709 3643 759 3697 in
782 3642 935 3697 vobis
949 3658 1254 3713 augescere,
1277 3643 1480 3712 gaudeo
1497 3659 1725 3713 semper,

164 3738 211 3781 ut
235 3731 325 3799 qui
351 3746 458 3785 non
481 3731 666 3786 frustra
692 3744 986 3789 sementem
1000 3733 1239 3802 jecerim,
1259 3742 1317 3787 ut
1332 3735 1419 3803 qui
1437 3750 1540 3788 non
1559 3736 1733 3790 incas-

162 3832 264 3873 suln
293 3822 506 3877 labores
525 3824 854 3893 pertulerim,
876 3832 934 3877 ut
952 3825 1039 3892 qui
1066 3825 1116 3879 in
1137 3822 1439 3894 frugiferam
1464 3826 1733 3896 pinguem-

162 3927 255 3980 que
280 3924 499 3980 terram,
523 3925 579 3970 et
599 3916 664 3969 ad
691 3916 1111 3971 fructificandum
1131 3915 1372 3971 idoneam
1396 3932 1575 3971 semen
1596 3920 1735 3987 jece-

164 4005 271 4057 ritu.
296 4006 445 4061 Unde
472 4009 633 4077 igitur
654 4008 758 4063 hoc
781 4010 981 4063 lucrum
1009 4008 1124 4062 fore
1143 4007 1426 4077 conjecto?
1454 4010 1592 4064 unde
1613 4024 1733 4079 per-

166 4097 320 4163 spicio
346 4114 625 4154 sermones
655 4099 721 4155 ad
749 4114 881 4170 Opus
919 4100 1217 4169 proficere?
1256 4100 1510 4155 Nimirum
1539 4116 1602 4155 ex
1633 4101 1733 4155 hoc

168 4202 435 4258 concursu,
481 4208 550 4247 ex
587 4208 658 4248 eo
707 4192 849 4263 quod
899 4193 1177 4248 ecclesiam
1226 4193 1460 4248 omnium
1512 4202 1732 4248 matrem

173 4283 385 4339 studiose
405 4284 706 4354 occupatis,
747 4300 812 4339 ex
841 4284 939 4339 hac
968 4295 1217 4354 pernocte
1247 4297 1599 4356 perpetuaque
1628 4296 1735 4341 sta-

174 4376 328 4443 tione,
371 4394 437 4434 ex
494 4395 561 4432 eo
597 4377 740 4448 quod
784 4378 1138 4448 angelicorum
1179 4378 1421 4433 ordinum
1453 4387 1731 4433 stationem

174 4465 417 4525 imitantes
470 4470 590 4526 sine
648 4473 940 4525 cessatione
984 4470 1166 4524 laudes
1202 4481 1257 4525 et
1282 4472 1508 4542 hymnos
1535 4468 1736 4525 offertis

176 4553 445 4615 (Io-ditari.
470 4561 518 4616 Ο
539 4562 674 4615 mira
699 4560 897 4616 Christi
925 4562 1093 4616 dona!
1121 4563 1173 4616 In
1202 4562 1444 4630 supernis
1473 4564 1737 4616 exercitus

179 4650 459 4716 angelorum
508 4660 708 4707 canunt
758 4652 975 4721 gloriam
1034 4670 1047 4705 :
1104 4653 1156 4706 in
1209 4654 1368 4707 terris
1403 4652 1644 4707 homines
1684 4654 1736 4707 in

182 4738 390 4795 curiosus
416 4743 616 4798 choros
646 4753 863 4814 agentes
893 4743 957 4797 ad
982 4744 1188 4799 illorum
1215 4744 1518 4813 exemplum
1553 4743 1737 4799 eadem

182 4840 359 4884 canunt
399 4835 569 4890 laudis
625 4836 850 4889 cantica.
908 4835 966 4889 ln
1022 4835 1265 4904 supernis
1320 4835 1597 4905 Seraphim
1662 4846 1740 4891 ter

186 4931 400 4977 saneto-ri
440 4926 587 4981 illum
626 4926 883 4999 hymnum
911 4927 1143 4981 clamant
1175 4942 1188 4977 :
1220 4928 1273 4982 in
1302 4929 1457 4982 terris
1488 4928 1740 4983 eumdem

184 5008 433 5070 hauriam
461 5019 657 5085 promit
678 5017 990 5083 multitudo,
1020 5018 1476 5087 comm'initerque
1497 5026 1611 5073 tum
1631 5034 1737 5073 eie-

188 5097 393 5171 kstium,
420 5118 525 5163 tum
552 5110 893 5165 terrestrium
922 5108 1141 5163 festivus
1170 5120 1465 5165 conventus
1504 5125 1733 5179 congre--

190 5205 327 5261 Eatur
346 5216 358 5249 :
380 5216 480 5254 lca
502 5204 793 5272 gratiarum
820 5201 965 5257 actio
984 5242 1002 5267 ,
1030 5216 1130 5255 una|
1150 5202 1460 5267 exsultatio,
1493 5218 1593 5258 una
1615 5219 1741 5272 gau-

189 5283 347 5343 dentis
381 5292 577 5350 chorea!
613 5295 799 5349 statio.
858 5291 1014 5347 Hanc
1062 5292 1202 5346 enim
1231 5293 1505 5348 ineffabilis
1536 5291 1740 5348 Domini

190 5384 297 5429 εεὲε
316 5379 374 5430 Id
399 5397 488 5437 nos
509 5385 848 5441 demittentis
890 5382 1109 5437 bonitas
1135 5384 1434 5448 constituit,
1463 5383 1599 5437 hanc
1626 5383 1742 5453 Spi-

190 5464 306 5521 ﬁ‘lﬁ
341 5477 657 5549 tot-gregum
700 5482 936 5533 unctus
976 5486 992 5522 :
1035 5472 1192 5543 hujus
1233 5489 1424 5530 vocum
1451 5484 1744 5530 concentus

237 5597 289 5666 ξς)
313 5609 388 5657 Ha
408 5607 608 5662 humilia
630 5609 841 5662 collata
865 5610 993 5655 sunt
1012 5616 1122 5653 cum
1150 5602 1401 5657 (Iudicibus
1418 5608 1576 5666 Regiis
1604 5608 1741 5666 1819,

308 5652 607 5733 ἐῇἷέἑὸῖ
1023 5652 1745 5731 1975,35'317et‘636eiuiné

156 5723 253 5793 me
274 5730 400 5799 fw,

1832 1724 2056 1786 paterno
2099 1715 2431 1785 beneplacito
2458 1719 2473 1749 ³
2504 1720 2787 1788 congruit:
2818 1736 2850 1776 e
2871 1723 3016 1778 cazlis
3045 1724 3201 1781 habet
3227 1728 3413 1784 modu-

1830 1807 2005 1862 lorum
2029 1809 2454 1875 consonantiam,
2484 1810 2609 1865 dum
2632 1825 2665 1865 a
2692 1812 2950 1870 Trinitate
2980 1817 3123 1873 velut
3148 1834 3177 1872 a
3207 1820 3412 1889 plectro

1830 1900 2082 1968 quopiam
2130 1909 2393 1965 movetur,
2430 1901 2741 1959 delectabile
2769 1904 2898 1960 illud
2940 1922 3004 1961 ac
3041 1908 3161 1964 felix
3196 1922 3413 1968 resonat

1832 1991 2019 2055 melos,
2040 1989 2180 2045 illam
2208 1993 2499 2061 angelicam
2527 1993 2847 2063 cantionem,
2880 1996 3027 2052 illum
3052 1999 3292 2057 desinere
3318 2021 3408 2059 ne:

1832 2083 1999 2137 scium
2025 2094 2364 2139 concentum.
2402 2082 2496 2139 Hic
2523 2096 2606 2139 est
2635 2086 2792 2140 studii
2839 2092 3117 2156 prmsentis
3147 2092 3292 2158 (litis,
3321 2092 3410 2150 hic

1831 2182 2124 2229 conventus
2150 2175 2315 2229 nostri
2358 2174 2556 2229 fruetus
2592 2194 2605 2229 :
2651 2192 2822 2244 eoque
2861 2180 3068 2249 gaudeo
3094 2184 3248 2237 talem
3275 2199 3407 2241 con-

1832 2265 2061 2334 spiciens
2089 2265 2484 2321 celebritatem:
2505 2268 2708 2335 gaudeo
2728 2268 2853 2322 dum
2883 2270 3179 2326 animorum
3203 2288 3411 2331 vestro-

1832 2372 1949 2409 rum
2002 2356 2235 2410 laetitiam
2289 2358 2603 2423 considero,
2633 2356 2757 2411 dum
2797 2360 3046 2429 gaudium
3095 2366 3407 2433 spiritualc,

1831 2447 1955 2501 dum
1984 2447 2270 2502 secundum
2304 2447 2469 2503 Deum
2490 2449 2913 2505 exatiltationem.
2944 2452 3123 2521 Neque
3145 2458 3283 2510 enim
3304 2460 3409 2513 ulla

1834 2553 1922 2593 res
1953 2528 2153 2592 tantum
2198 2537 2374 2592 adfert
2400 2539 2576 2609 gaudii
2625 2539 2741 2593 vita:
2780 2553 2995 2607 nostrae,
3028 2554 3279 2613 quantum
3308 2550 3411 2605 hoc

1832 2629 1971 2700 quod
2000 2646 2063 2685 ex
2087 2630 2263 2685 animo
2282 2630 2551 2699 gaudeatis
2578 2631 2629 2685 in
2651 2633 2875 2687 ecclesia
2897 2640 3217 2706 congregati.
3246 2638 3298 2693 In
3316 2656 3410 2694 ec-

1831 2721 1990 2776 clesia
2027 2720 2364 2790 gaudentium
2413 2733 2759 2777 conservatur
2786 2726 3054 2794 gaudium,
3090 2715 3410 2785 in'ecclesia

1832 2815 2011 2867 animo
2038 2811 2369 2881 dejectorum
2407 2822 2488 2867 est
2526 2815 2803 2879 recreatio,
2854 2816 2905 2870 in
2960 2818 3183 2874 ecclesia
3220 2821 3414 2876 dolen-

1832 2904 1959 2956 tium
1989 2912 2070 2957 est
2100 2903 2361 2970 voluptas,
2396 2904 2447 2955 in
2475 2903 2698 2959 ecclesia
2738 2904 3143 2977 defatigatornm
3184 2913 3415 2980 respira-

1836 2996 1929 3061 tio,
1960 2995 2012 3048 in
2042 2995 2269 3050 ecclesia
2300 2996 2650 3052 laborantium
2688 3002 2916 3069 requies.
2953 3000 3125 3057 Venite
3143 3006 3306 3065 enim,
3332 3007 3413 3060 in-

1831 3086 1961 3155 quit,
1990 3086 2059 3139 ad
2083 3102 2161 3139 me
2185 3104 2355 3141 omnes
2374 3089 2460 3157 qui
2489 3088 2728 3143 laboratis
2755 3101 2802 3143 et
2830 3095 3023 3148 onerati
3063 3097 3178 3150 estis
3203 3111 3225 3153 :
3249 3108 3295 3151 et
3321 3114 3413 3167 ego

1831 3179 2053 3247 reﬁciam
2084 3181 2209 3249 oos(
2243 3179 2428 3234 Matth.
2478 3182 2562 3236 ll.
2592 3181 2661 3237 28
2700 3182 2741 3254 ).
2790 3184 2925 3252 Quid
2969 3186 3065 3242 hac
3094 3204 3221 3243 voce
3249 3192 3415 3259 possit

1832 3287 1949 3327 esse
1976 3272 2414 3329 desiderabilius?
2457 3276 2581 3346 quid
2621 3277 2717 3331 hac
2748 3278 3061 3335 invitatione
3088 3281 3369 3348 jucundius
3390 3284 3416 3337 ἲ

1833 3365 1912 3419 Ad
1942 3365 2156 3434 epulum
2186 3374 2238 3419 te
2269 3376 2424 3420 vocat
2449 3368 2537 3436 qui
2570 3368 2623 3421 in
2657 3369 2937 3424 ecclesiam
2970 3381 3020 3425 te
3047 3384 3199 3426 vocat
3234 3375 3411 3429 Domi-

1833 3472 1952 3523 nus,
1992 3458 2059 3513 ad
2091 3459 2328 3529 requiem
2376 3474 2472 3528 pro
2502 3462 2771 3515 laboribus
2805 3463 3136 3529 adhortatur,
3166 3465 3230 3519 ad
3279 3468 3417 3520 rela-

1833 3550 2100 3604 xationem
2126 3565 2154 3603 a
2197 3551 2458 3606 molestiis
2509 3552 2777 3617 transfert,
2822 3554 3028 3622 pondus
3077 3568 3412 3623 peccatorum

1834 3640 2087 3705 allevans,
2116 3640 2317 3693 deliciis
2349 3642 2511 3695 animi
2539 3642 2837 3697 molestiam
2862 3686 2875 3704 ,
2910 3646 3101 3714 gaudio
3131 3663 3414 3705 mairorem

1834 3741 2005 3787 sanat.
2052 3733 2097 3787 Ο
2124 3733 2443 3787 ineffabilem
2468 3736 2676 3789 curam!
2701 3752 2735 3789 ο
2768 3738 3095 3794 vocationem
3122 3741 3411 3797 caelestem!

1835 3825 2173 3880 Festinemus
2202 3826 2400 3897 itaque,
2428 3827 2630 3893 dilecti,
2664 3837 2721 3882 ut
2750 3829 2989 3884 eamdem
3017 3846 3278 3885 summam
3307 3834 3417 3887 ala-

1836 3918 2079 3971 critatem
2105 3915 2476 3981 exhibeamus,
2506 3926 2561 3972 et
2602 3932 2722 3972 cum
2752 3920 3086 3974 convenienti
3156 3923 3414 3979 modestia

1835 4008 2361 4079 considerationeque
2386 4008 2606 4063 decente
2628 4009 2762 4065 hanc
2794 4016 3279 4067 consummemus'.
3324 4013 3415 4067 Et-

1838 4101 1978 4154 enim
2021 4100 2088 4155 de
2140 4100 2242 4154 hoc
2297 4100 2447 4155 vobis
2498 4100 2810 4155 hodiernum
2858 4118 3159 4158 sermonem
3202 4120 3415 4160 movere

1838 4206 1977 4255 VOIO,
2010 4192 2061 4244 in
2099 4192 2327 4262 speciem
2356 4192 2573 4260 quidem
2600 4194 2909 4260 molestum,
2931 4204 3181 4249 emterum
3204 4197 3370 4251 levem
3396 4240 3411 4263 ,

1838 4298 2069 4353 vereque
2095 4284 2297 4337 utilem.
2332 4282 2421 4338 Sic
2453 4284 2597 4338 enim
2626 4293 2678 4337 et
2706 4293 2948 4338 amantes
2992 4285 3279 4341 liberorum
3327 4304 3417 4356 pa-

1841 4387 1948 4432 tres
1977 4376 2177 4431 faciunt
2201 4397 2213 4431 :
2246 4391 2348 4430 non
2381 4377 2552 4431 solum
2581 4393 2641 4429 ea
2672 4392 2792 4445 qua:
2819 4376 2883 4429 ad
2920 4376 3080 4432 breve
3102 4388 3307 4446 tempus
3326 4380 3419 4432 de-

1841 4470 2053 4536 lectant,
2076 4486 2259 4524 verum
2286 4469 2443 4523 etiam
2472 4484 2590 4538 qua:
2619 4468 2913 4521 molestiam
2937 4468 3165 4523 atl‘erunt
3186 4469 3305 4522 filiis
3326 4470 3419 4522 ad-

1839 4562 2060 4625 hibent;
2117 4577 2217 4615 nec
2257 4576 2319 4614 ea
2352 4562 2512 4613 modo
2554 4558 2866 4627 pra-cipiunt
2914 4559 3028 4623 eis,
3076 4576 3192 4627 quae
3240 4562 3420 4614 statim

1843 4653 2128 4707 ostendunt
2156 4652 2472 4714 utilitatem,
2507 4650 2599 4704 sed
2635 4665 2981 4719 quacumque
3030 4649 3278 4704 videntur
3304 4652 3421 4719 qui-

1843 4745 1963 4799 dem
1994 4760 2113 4799 esse
2138 4744 2383 4807 molesta,
2406 4742 2657 4795 salutaria
2689 4750 2864 4795 tamen
2890 4748 3037 4807 sunt,
3067 4742 3108 4794 si
3144 4742 3422 4811 perfician-

1846 4846 1947 4899 tur,
1980 4844 2031 4888 et
2060 4834 2173 4888 haec
2203 4833 2365 4887 multa
2396 4848 2520 4885 cura
2556 4832 2768 4896 docent,
2792 4832 3176 4903 diligenterque
3203 4839 3422 4899 exigunt

1844 4927 1912 4981 ab
1932 4927 2007 4980 eis
2034 4936 2089 4978 ut
2129 4933 2427 4979 serventur.
2462 4925 2634 4993 Atque
2665 4923 2802 4977 hunc
2841 4939 3143 4979 sermonem
3170 4922 3421 4993 produci-

1845 5034 1984 5083 mus,
2017 5032 2082 5071 ne
2124 5002 2438 5086 praesentem
2481 5015 2712 5070 laborem
2759 5016 2947 5071 frustra
2980 5017 3325 5078 insumamus,
3355 5026 3421 5068 ne

1910 5175 1927 5206 ί
1963 5174 2101 5237 Edit.,
2149 5172 2350 5237 Spiritus
2391 5173 2698 5235 beneplacito.
2738 5182 2842 5225 Mss.
2882 5175 2989 5224 fere
3020 5188 3188 5223 omnes
3219 5175 3421 5237 habent,

1845 5241 2039 5299 paterno
2061 5235 2349 5299 betteplacito
2374 5274 2387 5296 ,
2412 5246 2467 5299 et
2489 5238 2557 5285 sic
2582 5237 2701 5287 le.it
2744 5243 2976 5291 Erasmus,
3005 5250 3208 5298 eamque
3236 5250 3323 5284 nos
3348 5236 3420 5284 le-

1845 5298 2054 5349 ctionem
2077 5298 2369 5361 adoptamns
2398 5298 2595 5361 Certum
2618 5301 2797 5361 quippe
2825 5301 3013 5347 videtur
3038 5298 3423 5361 Chrysostomum

1846 5370 1950 5427 tres
1987 5372 2217 5427 personas
2249 5360 2488 5408 Trinitatis
2509 5359 2585 5407 hic
2607 5358 2987 5427 coiijmemorare
3023 5358 3249 5427 voluisse,
3281 5365 3332 5406 ut
3356 5372 3421 5427 cit

1846 5421 2184 5483 serie’liquet.
2220 5428 2317 5469 Duo
2361 5427 2466 5469 Mss.
2494 5428 2657 5483 totum
2692 5421 2849 5470 locum
2880 5425 2947 5469 sic
2972 5422 3151 5468 habent
3317 5421 3424 5478 Spi-

1846 5483 1967 5533 ritus
1990 5481 2181 5546 smictns
2216 5481 2556 5546 congregavit;
2576 5482 2700 5546 hunc
2734 5487 3236 5546 vocantconcentum,
3263 5489 3425 5538 pater-

1847 5558 1960 5594 num
1982 5543 2325 5605 benepfacituni
2344 5543 2592 5605 cooplm'it,
2612 5544 2679 5592 ita
2702 5551 2751 5592 ut
2774 5556 2800 5591 e
2817 5544 2947 5605 aclis
2969 5543 3153 5600 habeat,
3184 5551 3277 5592 etc.

1912 5610 1930 5639 ³
1962 5603 2191 5665 Quidam:
2240 5614 2305 5667 Ne
2344 5603 2493 5667 igitur
2528 5618 2616 5667 nos
2653 5606 2853 5661 (cedent,
2889 5604 3070 5667 dilecti,
3103 5606 3312 5665 inopiam
3338 5618 3421 5652 uo-

1848 5674 2015 5736 straoz,
2039 5679 2147 5730 qua:
2170 5665 2380 5736 mtidem'
2403 5665 2620 5736 maxima
2658 5673 2745 5726 est,
2782 5666 3064 5716 modestiam
3094 5673 3139 5717 ct
3163 5678 3425 5729 congruunt

1851 5728 2123 5780 adhibentes
2138 5729 2456 5791 attentionem,
2480 5728 2674 5778 satiare.
