3992 6300
579 313 648 370 99
1306 281 1364 338 S.
1407 274 1682 337 JOANNIS
1718 261 2191 330 CHRYSOSTOMI
2229 259 2545 317 ARCHIEP.
2585 257 3114 329 CONSTANTINOP.

561 419 882 475 sustinentes
908 408 1096 480 vigilite
1124 401 1495 460 necessitatem
1536 394 1794 452 inutiliter
1822 390 1872 445 in
1902 386 2136 459 pugilum

561 507 851 568 certamine
878 477 1175 561 versemur,
1206 511 1273 550 ne
1301 505 1460 547 voces
1484 490 1535 544 in
1555 501 1733 543 aerem
1774 481 2046 538 dissolutae
2073 477 2139 532 ad

563 603 938 659 detrimentum
977 600 1168 649 sonent
1193 588 1370 659 potius
1392 629 1406 653 ,
1435 599 1593 654 quam
1618 579 1684 634 ad
1714 579 1937 632 lucrum.
1960 572 2142 641 Neque

561 698 703 753 enim
725 691 1022 763 negotiator
1058 701 1091 740 e
1120 682 1404 751 longinquo
1452 688 1660 731 merces
1703 671 2016 739 importans,
2045 679 2140 718 ve-

564 788 868 841 hementem
898 788 1179 833 ventorum
1212 774 1483 827 incursum
1512 765 1879 831 undarumque
1899 757 2143 813 exorien-

561 880 693 931 tium
726 870 983 943 procellas
1013 866 1297 925 sustinens,
1327 860 1517 914 frustra
1543 865 1595 911 et
1617 856 1879 909 incassum
1902 848 2142 917 suscipe-

563 977 649 1023 ret
672 942 931 1036 ejusmodi
962 958 1174 1013 labores
1209 976 1221 1011 :
1255 966 1441 1007 verum
1497 949 1614 1003 ideo
1657 946 1826 1000 maria
1854 942 2059 1003 sulcat,
2088 946 2143 993 et

564 1058 744 1115 audax
779 1064 860 1110 est
884 1053 1138 1109 adversus
1162 1046 1413 1118 pericula,
1432 1044 1653 1109 locaque
1679 1036 1810 1091 locis
1828 1039 2141 1093 commutat,

570 1161 813 1218 totasque
852 1154 1034 1200 noctes
1063 1138 1496 1195 ducitinsomnes
1518 1175 1531 1194 ,
1566 1141 1623 1184 ut
1667 1126 2023 1199 negotiatione
2066 1121 2147 1175 di-

574 1217 761 1300 tcscat.
786 1238 937 1306 Quod
964 1238 1009 1293 si
1040 1250 1142 1290 non
1174 1231 1476 1299 contingat,
1505 1225 1598 1280 sed
1628 1238 1747 1278 cum
1791 1222 1940 1275 lucro
1985 1217 2170 1271 etiam-

568 1337 731 1395 sortis
756 1335 1015 1404 iacturam
1060 1327 1251 1389 faciat,
1284 1338 1352 1376 ne
1393 1319 1600 1375 solvere
1641 1313 1854 1385 quidem
1898 1321 2145 1365 ancoram

570 1428 783 1500 poterit,
811 1439 907 1478 nec
940 1422 1027 1475 illa
1054 1420 1199 1473 varia
1228 1416 1466 1485 perferre
1496 1406 1827 1464 discrimina.

634 1522 689 1577 2.
718 1519 769 1573 Μ
776 1516 930 1570 oralis
959 1510 1253 1568 exhortatio.
1273 1503 1617 1572 Quorumdam
1642 1494 1955 1577 incompositi
1982 1500 2149 1563 gestus

570 1616 623 1669 in
651 1610 877 1667 ecclesia.
908 1636 978 1647 -—
1004 1605 1113 1657 Hoc
1159 1602 1335 1669 itaque
1370 1595 1621 1656 scientes,
1653 1571 2021 1644 cum'deccntc
2048 1582 2151 1636 cir-

571 1701 968 1771 cumspectione
995 1697 1099 1750 huc
1123 1691 1458 1752 accedamus,
1487 1700 1555 1739 ne
1580 1698 1676 1753 pro
1706 1687 2043 1751 peccatorum
2067 1688 2152 1729 re-

571 1795 827 1853 missione
854 1790 1012 1844 etiam
1039 1783 1399 1842 accessionem
1438 1775 1669 1849 peccatis
1708 1772 2011 1842 adjunctam
2054 1766 2150 1821 do-

573 1902 722 1943 mum
738 1882 1049 1940 referamus.
1066 1876 1199 1947 Quid
1226 1882 1402 1928 autem
1424 1879 1505 1926 est
1529 1866 1671 1939 quod
1693 1865 1964 1936 quaeritur,
1984 1857 2154 1930 quod-

576 1994 683 2048 que
724 1992 756 2032 a
801 1974 955 2030 nobis
1006 1964 1349 2039 reposcitur?
1399 1962 1465 2019 Ut
1509 1960 1634 2015 dum
1665 1957 1874 2012 divinos
1923 1953 2152 2024 hymnos

577 2043 888 2132 emittimus,
927 2064 1096 2119 multo
1139 2068 1371 2115 tremore
1415 2050 1693 2115 contracti,
1721 2047 1992 2115 multaque
2022 2043 2150 2098 reli-

575 2167 732 2234 gione
760 2158 951 2220 ornati,
984 2157 1057 2209 ita
1101 2153 1316 2207 demum
1359 2160 1451 2203 eos
1501 2143 1806 2199 offeramus.
1859 2137 1991 2192 Nam
2030 2141 2156 2189 sunt

579 2227 792 2327 quidam
820 2253 956 2306 inter
981 2262 1074 2302 eos
1102 2245 1188 2314 qui
1221 2241 1305 2296 hic
1331 2238 1544 2300 adsunt,
1572 2248 1707 2305 quos
1731 2247 1800 2286 ne
1824 2236 2016 2285 vestras
2038 2227 2160 2296 qui—

580 2323 705 2409 dem
737 2339 939 2397 caritati
967 2337 1196 2392 arbitror
1225 2346 1343 2387 esse
1370 2330 1577 2399 ignotos
1601 2367 1616 2388 ,
1642 2323 1729 2394 qui
1756 2327 2158 2377 contemnentes

586 2440 777 2503 Deum,
806 2449 869 2490 ac
906 2432 1134 2503 Spiritus
1173 2424 1383 2496 eloquia
1428 2437 1525 2491 pro
1553 2416 1858 2489 vulgaribus
1895 2428 1957 2468 ac
1983 2410 2160 2482 profa-

582 2535 670 2588 nis
702 2531 974 2594 ducentes,
1002 2521 1380 2592 incompositas
1409 2531 1570 2572 voces
1599 2514 1865 2576 emittunt,
1890 2509 2158 2577 nihiloque

580 2624 774 2680 melius
800 2636 855 2676 se
874 2624 1084 2690 gerunt,
1106 2629 1261 2686 quam
1288 2609 1564 2684 lymphati,
1594 2616 1702 2661 toto
1725 2617 1947 2673 corpore
1968 2598 2161 2654 tumul-

587 2724 798 2772 tuantes
820 2729 883 2768 ac
920 2707 1247 2770 circumacti,
1278 2717 1560 2772 moresque
1601 2716 1713 2770 prae
1762 2713 1822 2754 se
1859 2695 2091 2752 ferentes
2129 2707 2160 2746 a

586 2805 845 2877 spirituali
873 2803 1100 2859 statione
1126 2800 1347 2854 alienos.
1372 2796 1528 2849 Miser
1545 2801 1600 2847 et
1625 2789 1809 2846 infelix
1837 2789 1851 2843 ε
1879 2785 2163 2857 oportebat

587 2909 639 2953 te
664 2913 785 2953 cum
810 2905 1043 2951 tremore
1067 2907 1129 2947 ac
1158 2888 1457 2945 reverentia
1497 2883 1786 2955 angelicam
1824 2878 2164 2950 glorificatio-

589 3004 711 3045 nem
738 2986 1004 3050 emittere,
1036 2995 1263 3048 cumque
1291 2989 1494 3032 terrore
1524 2972 1913 3028 confessionem
1938 2967 2161 3023 reddere

587 3079 883 3144 Conditori,
906 3092 968 3132 ac
994 3090 1087 3146 per
1115 3072 1252 3127 hanc
1276 3070 1591 3125 delictorum
1621 3064 1827 3119 veniam
1858 3061 2157 3132 postulare:

588 3184 647 3229 tu
671 3186 801 3229 vero
830 3171 1111 3224 mimorum
1137 3173 1192 3220 et
1215 3162 1527 3217 saltatorum
1560 3171 1735 3212 mores
1766 3156 1871 3209 huc
1914 3152 2120 3207 inducis
2144 3190 2160 3217 ,

593 3266 720 3318 dum
745 3260 1054 3317 indecenter
1080 3270 1267 3311 manus
1284 3252 1476 3323 jactas,
1507 3248 1730 3319 pedibus
1762 3244 2028 3301 subsultas
2046 3283 2061 3309 ,
2088 3250 2168 3295 to-

589 3366 751 3425 toque
766 3349 1139 3418 circumagcris
1159 3358 1403 3414 corpore.
1431 3341 1497 3396 Et
1515 3339 1603 3410 qui
1624 3338 1699 3402 tit,
1720 3346 1779 3392 ut
1807 3351 1913 3390 non
1937 3344 2164 3399 metuas,

594 3424 767 3515 neque
795 3442 1072 3496 horrescas
1101 3437 1215 3492 haec
1239 3434 1442 3489 audens
1475 3430 1733 3485 adversus
1754 3426 1877 3482 talia
1915 3424 2167 3495 eloquia?

590 3538 705 3593 Non
728 3536 929 3606 cogitas
973 3534 1145 3602 ipsum
1173 3529 1258 3583 hic
1284 3524 1618 3581 invisibiliter
1644 3520 1832 3576 adesse
1862 3519 2165 3584 Dominum,

594 3629 685 3698 qui
736 3624 1151 3695 uniuscujusque
1202 3628 1406 3674 motum
1453 3613 1786 3680 metitur,et
1827 3609 2169 3666 conscientiae

594 3719 862 3774 rationem
887 3714 1085 3769 habet?
1118 3727 1223 3767 non
1253 3709 1455 3780 cogitas
1484 3705 1701 3775 angelos
1729 3702 1853 3758 huic
1896 3699 2172 3770 stupendae

597 3812 847 3865 assistere
875 3821 1114 3871 mensae,
1161 3816 1387 3872 cumque
1429 3797 1725 3855 reverentia
1770 3796 1906 3849 hanc
1947 3795 2176 3849 circum-

600 3899 844 3954 vallare?
875 3897 1075 3951 Verum
1096 3901 1151 3947 tu
1178 3893 1277 3947 ista
1303 3907 1407 3946 non
1430 3890 1652 3960 cogitas,
1684 3888 1931 3958 quoniam
1962 3900 2024 3940 ea
2053 3898 2173 3953 quae

601 3995 655 4046 in
685 3988 907 4046 theatris
951 3986 1270 4049 audiuntur,
1314 3997 1539 4053 quicque
1575 3988 1899 4051 spectantur,
1942 3986 2172 4032 mentem

604 4098 747 4138 tuam
778 4082 1131 4137 obscurarunt
1152 4076 1227 4149 (a)
1256 4090 1271 4126 :
1300 4083 1354 4129 et
1380 4074 1500 4130 ideo
1526 4088 1644 4143 qua:
1682 4073 1788 4127 illic
1827 4079 2085 4141 geruntur
2123 4069 2175 4122 in

608 4171 865 4234 Ecclesiae
880 4171 1014 4225 ritus
1033 4171 1271 4227 inducis:
1304 4165 1427 4221 ideo
1453 4162 1773 4220 clamoribus
1798 4161 1928 4217 nihil
1949 4162 2080 4216 certi
2106 4164 2179 4214 si-

603 4264 973 4338 gnificantibus
1001 4262 1235 4316 animum
1261 4255 1666 4326 incompositum
1686 4254 1921 4324 evulgas.
1949 4253 2182 4322 Quomo-

602 4360 672 4414 do
688 4372 815 4427 ergo
834 4355 1038 4410 veniam
1056 4352 1345 4423 postulabis
1367 4359 1574 4405 tuorum
1595 4346 1931 4402 delictorum?
1946 4347 2178 4412 Quomo—

606 4454 677 4506 do
703 4452 769 4506 ad
800 4445 1218 4503 misericordiam
1258 4444 1540 4499 Dominum
1583 4439 1843 4505 inﬂectes,
1890 4442 1979 4508 qui
2012 4454 2181 4508 usque

610 4546 745 4600 adeo
770 4541 1119 4610 contemptim
1144 4538 1334 4593 otferas
1361 4534 1767 4606 precationem?
1793 4532 2031 4586 Miserere
2060 4531 2177 4596 mei,

608 4634 767 4698 Deus,
801 4632 994 4702 inquis,
1022 4645 1083 4684 ac
1110 4646 1285 4683 mores
1313 4644 1344 4682 a
1386 4625 1754 4682 misericordia
1778 4624 1980 4679 alienos
2009 4622 2186 4677 decla-

610 4743 718 4782 ras.
739 4724 969 4787 Clamas,
1000 4722 1156 4777 Serva
1181 4738 1279 4785 me,
1324 4730 1379 4775 et
1419 4718 1659 4790 corporis
1699 4718 1931 4787 speciem
1961 4731 1990 4769 a
2016 4715 2184 4769 salute

609 4821 841 4876 alienam
871 4815 1144 4886 exprimis.
1173 4814 1311 4883 Quid
1365 4812 1432 4866 ad
1474 4810 1877 4882 supplicandum
1908 4806 2186 4863 conferunt

612 4926 821 4977 manus,
846 4924 965 4979 qua:
989 4922 1201 4976 semper
1227 4906 1279 4959 in
1306 4904 1530 4960 sublime
1547 4904 1831 4971 jactantur,
1859 4908 1913 4954 et
1940 4899 2188 4953 indecore

612 5007 1066 5071 circumaguntur,
1096 4996 1221 5066 quid
1244 4996 1447 5049 clamor
1473 4994 1782 5059 vehemens,
1819 4991 1908 5061 qui
1935 5006 2057 5045 eum
2078 4990 2189 5045 vio-

614 5099 761 5153 lento
782 5094 1001 5165 spiritus
1026 5090 1257 5161 impulsu
1282 5088 1559 5156 strepitum
1589 5086 1746 5140 habet
1773 5084 1905 5138 nihil
1936 5083 2066 5138 certi
2098 5082 2189 5137 dc-

618 5184 953 5244 clarantem?
1004 5184 1196 5239 Annon
1260 5180 1359 5235 ista
1402 5178 1616 5247 quidem
1672 5178 1862 5248 partim
1905 5176 2187 5232 mulierum

616 5281 670 5333 in
718 5278 886 5333 triviis
935 5274 1289 5331 meretriciam
1336 5283 1505 5327 artem
1544 5271 1948 5335 exercentium,
1998 5267 2189 5339 partim

618 5388 745 5429 vero
770 5384 977 5434 eorum,
999 5369 1088 5439 qui
1116 5367 1168 5422 in
1195 5364 1416 5420 theatris
1445 5362 1817 5426 vociferantur,
1830 5370 1953 5415 sunt
1979 5374 2140 5430 opera
2167 5359 2191 5413 ?

618 5462 896 5529 Quomodo
917 5462 1077 5532 igitur
1091 5459 1254 5513 audes
1274 5456 1579 5527 angelorum
1600 5456 1765 5510 Deum
1789 5451 2193 5523 glorificantium

626 5556 834 5627 hymnis
853 5554 1154 5609 daemonum
1181 5550 1475 5605 admiscere
1497 5546 1722 5602 ludicra?
1734 5542 1998 5615 quomodo
2018 5552 2192 5597 autem

687 5645 759 5705 (a)
793 5646 876 5694 ttic
911 5646 1126 5705 exagitat
1149 5656 1235 5692 eos
1257 5643 1340 5706 qui
1363 5641 1551 5706 theatra
1599 5647 1651 5688 et
1691 5636 1878 5688 Circum
1912 5634 2195 5706 frequenta-

629 5703 770 5763 bant;
794 5708 924 5755 bene
947 5703 1081 5755 multi
1106 5703 1288 5754 autem'
1307 5703 1569 5756 Antiochiae
1616 5708 1771 5761 erant,
1805 5710 1925 5762 quos
1959 5703 2196 5759 perpetuo

628 5772 889 5819 insectatur
910 5767 1287 5828 Chrysostomus.

3717 232 3816 285 1η

2247 396 2351 435 non
2381 380 2644 436 revereris
2670 379 2808 434 hanc
2832 392 3035 440 vocem,
3059 389 3217 445 quam
3238 373 3346 429 illic
3370 370 3598 442 profers,
3631 370 3823 426 Smtite

2244 470 2463 526 Domino
2487 472 2539 525 in
2552 472 2743 537 timore,
2774 479 2821 523 et
2858 468 3103 523 exsultate
3128 467 3174 521 ei
3201 482 3314 519 cum
3344 474 3554 519 tremore
3579 462 3822 532 (Psal.?..

2247 562 2306 617 H
2318 562 2364 630 )?
2383 561 2611 617 Hoccine
2626 570 2710 616 est
2734 575 2854 615 eum
2883 568 3113 613 tremore
3135 557 3353 620 servire,
3378 557 3456 610 sic
3479 554 3699 610 dilfundi
3719 553 3828 607 dis-

2246 654 2517 723 tendique,
2541 662 2595 705 ut
2625 667 2722 706 nec
2750 652 2863 721 ipse
2888 650 3043 715 scias,
3066 665 3184 719 qua:
3206 648 3439 718 loquaris
3470 647 3828 716 incomposito

2244 742 2390 797 vocis
2411 743 2608 797 boatu?
2633 741 2777 796 Istud
2806 754 2933 796 vero
2954 746 3290 807 contemptus
3310 747 3411 803 est,
3440 752 3546 791 non
3576 737 3790 790 timoris
3814 751 3828 799 ;

2245 835 2578 905 arrogantiae,
2612 848 2719 887 non
2747 832 3094 897 humilitatis;
3122 829 3261 885 istud
3298 828 3589 884 ludentium
3618 836 3703 881 est
3737 841 3829 894 po-

2247 926 2371 992 tius,
2418 940 2575 995 quam
2605 926 2811 979 divinas
2840 923 3022 978 laudes
3069 922 3470 977 celebrantium.
3512 919 3650 989 Quid
3700 935 3834 985 ergo

2251 1019 2451 1072 servire
2494 1017 2717 1070 Domino
2762 1017 2815 1070 in
2858 1014 3078 1069 timore?
3118 1012 3248 1068 Cum
3299 1027 3457 1067 omne
3500 1021 3833 1082 przeceptum

2247 1109 2644 1180 perfecerimus,
2669 1122 2793 1163 cum
2822 1116 3052 1161 tremore
3093 1114 3148 1159 et
3191 1114 3335 1158 metu
3364 1103 3501 1158 hanc
3528 1103 3837 1157 confessio-

2250 1216 2371 1256 nem
2402 1200 2592 1264 faeere,
2633 1198 2796 1254 corde
2824 1197 3055 1252 contrito
3095 1204 3376 1263 menteque
3412 1193 3676 1248 submissa
3706 1207 3839 1259 pre-

2249 1307 2339 1348 ces
2384 1292 2595 1346 otl'erre.
2646 1290 2755 1345 Nec
2800 1289 2970 1344 solum
3024 1288 3226 1342 servire
3262 1268 3326 1339 lin
3383 1287 3594 1350 timore,
3641 1297 3833 1338 verum

2249 1388 2408 1443 etiam
2449 1386 2721 1440 exsultare
2765 1398 2886 1437 cum
2932 1391 3163 1436 tremore
3203 1380 3432 1448 Spiritus
3471 1386 3690 1431 sanctus
3733 1389 3839 1446 per

2249 1478 2560 1551 prophetam
2586 1477 2756 1546 jubet.
2789 1474 2921 1529 Nam
2952 1473 3201 1543 quoniam
3227 1469 3475 1540 praecepti
3504 1468 3830 1537 exsequutio

2250 1570 2497 1641 gaudium
2524 1569 2743 1638 gignere
2772 1566 2910 1619 solet
2941 1564 2991 1618 in
3019 1563 3197 1617 animo
3221 1561 3467 1615 virtutem
3505 1561 3835 1625 exercentis,

2251 1674 2306 1720 et
2349 1664 2505 1729 hanc,
2554 1660 2743 1731 inquit,
2785 1657 3174 1713 confessionem
3211 1668 3331 1709 cum
3377 1661 3611 1707 tremore
3654 1649 3842 1706 facere

2252 1753 2525 1819 convenit,
2555 1767 2623 1806 ne
2647 1751 2690 1805 si
2717 1749 2962 1817 deposito
3009 1754 3156 1801 metu
3195 1742 3583 1799 confundamur
3610 1757 3676 1796 ac
3717 1741 3840 1796 dis-

2253 1846 2540 1909 solvamur,
2577 1842 2733 1897 simul
2777 1848 2832 1895 et
2883 1839 3122 1893 laborum
3161 1835 3422 1906 jacturam
3463 1832 3745 1897 faciamus,
3784 1840 3849 1886 el.

2256 1938 2421 1993 Deum
2449 1937 2502 1990 in
2526 1950 2625 1990 nos
2653 1945 3023 2004 provocemus.
3051 1929 3157 1985 Sed
3182 1926 3468 1999 quomodo,
3494 1927 3692 1996 inquis,
3722 1925 3848 1978 fieri

2256 2036 2454 2099 potest,
2483 2034 2541 2081 ut
2564 2026 2681 2095 quis
2708 2023 2937 2079 exsultet
2965 2037 3085 2077 cum
3115 2019 3384 2075 tremore?
3423 2017 3553 2072 Nam
3585 2018 3849 2087 impossi-

2257 2121 2362 2174 bile
2389 2126 2471 2173 est
2497 2116 2653 2172 simul
2680 2114 2794 2170 haec
2822 2113 2927 2168 duo
2952 2111 3216 2177 accidere,
3246 2124 3368 2166 cum
3409 2109 3544 2162 inter
3576 2106 3693 2160 haec
3717 2103 3854 2176 plu-

2259 2214 2390 2267 rima
2421 2211 2491 2264 sit
2528 2208 2849 2264 ditfereutia.
2889 2204 3151 2261 Gaudium
3176 2204 3317 2259 enim
3347 2208 3429 2256 est
3472 2212 3684 2265 eorum,
3713 2210 3849 2268 qua

2259 2304 2526 2361 desiderat
2574 2303 2804 2367 animus,
2856 2298 3108 2369 expletio,
3152 2308 3439 2365 rerumque
3480 2291 3853 2363 jucundarum

2260 2397 2459 2462 fruitio,
2500 2409 2563 2450 ac
2588 2395 2933 2449 molestarum
2974 2390 3206 2454 oblivio;
3250 2398 3422 2442 metus
3447 2394 3621 2440 autem
3646 2396 3856 2451 exspe-

2259 2498 2519 2545 ctatorum
2559 2486 2818 2540 malorum
2848 2484 3115 2548 incursus,
3146 2479 3324 2535 oriens
3361 2476 3615 2532 adversus
3639 2472 3856 2529 conde-

2262 2566 2493 2639 mnatam
2536 2579 2940 2636 conscientiam.
2993 2571 3272 2643 Quomodo
3298 2571 3453 2641 igitur
3497 2565 3853 2623 licet'exsul-

2263 2687 2376 2733 tare
2416 2690 2536 2731 cum
2574 2673 2782 2738 timore,
2830 2684 2930 2726 nec
2967 2665 3276 2737 simpliciter
3321 2678 3440 2718 cum
3486 2662 3698 2723 timore,
3746 2658 3855 2712 sed

2263 2769 2421 2823 etiam
2463 2780 2585 2820 cum
2625 2773 2879 2825 tremore,
2910 2760 3002 2830 qui
3046 2768 3131 2814 est
3162 2756 3365 2811 timoris
3393 2750 3761 2818 vehementia,
3797 2759 3860 2804 et

2264 2857 2561 2917 immodica)
2589 2853 2863 2927 cujusdam
2890 2848 3170 2908 anxietatis
3197 2844 3443 2917 signum?

2337 2950 2591 3019 Quantum
2618 2945 2856 3017 gaudium
2898 2939 3083 3009 afferat
3120 2937 3393 3008 Seraphim
3426 2935 3598 3007 [mitia
3638 2932 3865 2987 visionis

2267 3044 2494 3111 Domini,
2522 3051 2569 3096 et
2594 3056 2684 3094 cur
2699 3037 2826 3093 illud
2846 3035 3087 3107 gaudium
3110 3041 3243 3086 metu
3260 3032 3324 3085 ait
3350 3029 3581 3083 mixtum.
3605 3054 3679 3065 --
3697 3024 3861 3093 Quo-

2268 3137 2427 3194 modo
2474 3136 2652 3206 igitur,
2685 3131 2879 3201 inquis,
2913 3128 3016 3182 hoc
3044 3125 3169 3181 fiet?
3208 3124 3324 3195 ipsa
3369 3130 3421 3176 te
3448 3118 3731 3190 Seraphim
3761 3119 3867 3174 do-

2268 3238 2410 3295 cent,
2443 3242 2559 3297 quaa
2587 3240 2647 3281 re
2674 3225 2787 3294 ipsa
2819 3222 2906 3276 tali
2936 3217 3232 3275 ministerio
3258 3215 3565 3285 funguntur.
3600 3211 3733 3266 Nam
3762 3213 3867 3266 ilia

2270 3319 2520 3377 ineﬂ‘abili
2557 3317 2723 3388 gloria
2761 3311 3064 3369 Conditoris
3093 3310 3358 3374 fruuntur,
3386 3306 3512 3361 dum
3540 3305 3867 3374 incompre-

2272 3410 2584 3469 hensibilem
2611 3408 2726 3478 ejus
2754 3401 3201 3477 pulchritudinem
3244 3397 3676 3467 contemplantur
3702 3413 3717 3449 :
3741 3411 3868 3450 non

2271 3505 2391 3561 dico
2429 3502 2573 3557 illam
2605 3511 2664 3555 ut
2689 3508 2771 3554 est
2798 3508 2986 3553 natura
3012 3494 3150 3564 (haec
3174 3491 3316 3547 enim
3356 3487 3710 3559 incogitabilis
3747 3495 3869 3553 est,

2273 3611 2373 3652 nec
2410 3591 2638 3664 spectari
2675 3597 2882 3661 potest,
2916 3601 3014 3642 nec
3044 3585 3212 3656 ﬁgura
3240 3581 3489 3652 exprimi.
3526 3578 3868 3635 absurdum-

2274 3704 2377 3759 que
2402 3694 2486 3743 est
2511 3685 2587 3739 sic
2611 3683 2676 3737 de
2708 3682 2794 3737 illa
2827 3677 3056 3750 opinari)
3082 3694 3098 3744 ;
3137 3676 3231 3732 sed
3258 3683 3513 3745 quantum
3538 3686 3876 3727 concessum

2274 3789 2377 3849 est,
2417 3787 2673 3850 quantum
2718 3790 2783 3830 ex
2833 3773 2927 3828 illo
2971 3770 3258 3841 Splendore
3313 3774 3536 3837 possunt
3568 3764 3873 3820 illustrari.

2275 3870 2537 3938 Quoniam
2577 3866 2720 3921 enim
2761 3862 2974 3918 assidue
3001 3859 3327 3915 famulantur
3367 3858 3421 3911 in
3460 3855 3691 3911 circuitu
3734 3854 3880 3910 solii

2276 3962 2489 4033 regalis,
2538 3958 2592 4012 in
2621 3955 2733 4027 jugi
2777 3952 2969 4025 gaudio
3010 3957 3375 4022 perseverant,
3432 3948 3485 4002 in
3528 3946 3883 4015 sempiterna

2278 4053 2652 4119 delectatione,
2712 4049 2765 4103 in
2816 4045 3175 4103 exsultatione
3227 4042 3388 4098 tinem
3437 4057 3542 4094 non
3587 4038 3882 4105 habitura,

2280 4145 2585 4218 gaudentia,
2629 4139 2899 4204 saltantia,
2939 4138 3071 4193 citra
3108 4136 3275 4191 ullum
3324 4132 3593 4188 silentium
3630 4130 3887 4200 gloriam

2282 4238 2547 4297 canentia.
2574 4234 2707 4291 Nam
2748 4242 2891 4288 stare
2928 4231 2983 4285 in
3022 4236 3314 4299 conspectu
3356 4221 3650 4294 majestatis
3692 4221 3889 4285 illius,

2282 4334 2454 4403 deque
2483 4325 2765 4399 splendore
2792 4322 2941 4378 illinc
2972 4320 3265 4390 refulgente
3291 4314 3596 4377 illuminari,
3626 4312 3738 4366 hoc
3770 4313 3898 4369 illis

2285 4434 2370 4479 est
2408 4421 2679 4493 gaudium,
2708 4416 2811 4471 hoc
2853 4415 2957 4469 illis
3004 4422 3085 4467 est
3131 4409 3429 4472 exsultatio,
3465 4406 3566 4461 hoc
3591 4403 3897 4472 voluptas,

2286 4517 2389 4572 hoc
2414 4514 2643 4583 denique
2685 4509 2873 4580 gloria.
2911 4505 3179 4561 Fortassis
3208 4502 3450 4558 sensiStis
3480 4497 3680 4567 aliquid
3710 4496 3903 4551 volu-

2287 4608 2466 4680 ptatis,
2494 4615 2549 4660 et
2575 4601 2835 4671 cupiditas
2856 4597 3098 4669 quaedam
3119 4596 3264 4650 illius
3292 4593 3475 4664 gloria:
3499 4605 3594 4644 vos
3621 4590 3816 4657 cepit.

2352 4699 2406 4753 5.
2444 4697 2513 4750 At
2539 4694 2585 4749 si
2609 4693 2781 4748 velitis
2805 4689 3174 4745 adhortantem
3205 4684 3409 4750 audire,
3438 4687 3913 4753 praesentemque

2289 4789 2468 4860 glurire
2490 4785 2683 4841 divina:
2717 4780 3132 4837 celebrationem
3170 4776 3418 4847 religiose
3447 4786 3732 4843 peragere,
3778 4788 3911 4828 non

2289 4879 2541 4935 destituet
2563 4890 2659 4931 vos
2687 4870 2990 4942 hujusmodi
3017 4868 3288 4940 gaudium,
3316 4864 3578 4935 siquidem
3623 4862 3761 4932 ipse
3815 4877 3921 4922 est

2291 4970 2381 5025 ille
2408 4969 2686 5031 Dominus,
2712 4966 2803 5035 qui
2833 4972 2888 5018 et
2913 4963 2965 5016 in
2989 4960 3135 5016 cmlis
3164 4967 3218 5014 et
3247 4959 3300 5013 in
3326 4959 3483 5013 terris
3504 4953 3874 5025 gloriﬁcatur
3892 4965 3915 5007 ;

2293 5060 2443 5116 Pleni
2470 5068 2586 5113 sunt
2614 5057 2754 5112 enim
2799 5056 2911 5109 creti
2939 5062 2985 5106 et
3012 5062 3144 5105 terra
3173 5050 3336 5122 gloria
3363 5050 3473 5119 ejus
3509 5045 3664 5117 (lsai.
3701 5046 3774 5101 6.
3820 5050 3918 5117 ὅ).

2293 5149 2570 5219 Quomodo
2596 5149 2654 5202 lit
2699 5147 2882 5216 igitur,
2916 5153 2973 5198 ut
2998 5144 3084 5198 illa
3111 5140 3413 5211 Seraphim,
3445 5152 3564 5193 cum
3602 5138 3925 5208 ejusmodi

2293 5246 2563 5314 voluptate
2586 5241 2847 5307 fruantur,
2878 5239 3016 5293 hanc
3044 5251 3166 5291 cum
3191 5236 3379 5289 timore
3403 5233 3668 5288 misceant
3688 5234 3716 5286 Ἰ
3748 5235 3925 5291 Audi

2294 5338 2420 5410 quid
2447 5337 2583 5394 dicat
2602 5334 2862 5405 propheta
2894 5349 2909 5386 :
2941 5330 3058 5385 Vidi
3079 5329 3352 5384 Dominum
3377 5326 3630 5381 sedentem
3667 5325 3730 5378 in
3764 5330 3931 5381 solio

2297 5430 2490 5485 excelso
2516 5436 2562 5482 et
2584 5426 2793 5481 elevato.
2823 5424 2993 5491 Quam
3018 5421 3088 5477 ob
3114 5434 3327 5475 causam
3362 5433 3482 5474 cum
3511 5416 3759 5473 dixisset
3794 5420 3931 5475 Ex—

2298 5525 2515 5585 celsum,
2548 5519 2762 5589 adjecit,
2794 5494 3107 5573 Elevatum?
3140 5528 3316 5568 annon
3342 5511 3470 5567 satis
3504 5517 3623 5565 erat
3654 5524 3767 5580 per
3793 5514 3937 5568 cel-

2298 5613 2583 5670 situdinem
2607 5626 2723 5666 rem
2750 5618 2915 5664 totam
2941 5606 3259 5678 significare,
3290 5602 3682 5670 declarareque
3714 5598 3942 5673 digni-

2300 5706 2421 5761 tatis
2447 5703 2828 5762 eminentiam?
2870 5714 3035 5772 quare
3064 5712 3193 5770 ergo
3238 5694 3462 5753 addidit,
3481 5686 3827 5745 Elevatum?
3860 5697 3946 5756 Us
