3992 6300
203 370 269 426 ut
1221 374 1287 437 IN
1324 372 1542 446 ILLUD,
1584 374 1718 432 vtnt
1759 374 2085 447 nomnen,
2124 378 2349 437 nontL.
2391 380 2429 437 ι.

198 492 338 546 sedem
371 490 1014 563 incomprehensibilem
1056 495 1465 552 demonstraret.
1512 493 1768 563 Quando-

190 581 353 650 αυίάεω
393 583 547 651 apud
582 601 697 642 nos
742 588 899 659 quod
941 588 1207 645 excelsum
1246 597 1329 644 est
1394 586 1770 657 cogitationem

189 674 416 746 quamdam
448 676 688 746 przebet
729 682 1154 751 comparationis
1196 680 1263 735 ad
1306 695 1368 735 ea
1396 694 1515 750 qua:
1544 678 1770 733 humilia

184 775 270 821 sunt
310 778 367 819 ac
418 767 821 825 submissiora
864 788 879 825 :
922 773 1087 827 veluti
1135 771 1339 828 excelsi
1379 779 1504 826 sunt
1555 778 1768 825 montes

182 860 542 929 campestribus
567 871 624 916 et
682 864 941 934 planitiei
980 866 1265 937 comparati
1295 881 1309 921 :
1339 866 1612 920 excelsum
1640 864 1769 917 item

176 952 318 1006 celum
338 951 404 1005 ab
432 953 725 1011 omnibus
755 958 997 1013 terrenis
1021 958 1296 1013 altitudine
1323 967 1585 1013 remotum
1612 975 1627 1023 ;
1658 971 1769 1011 eteo

178 1052 306 1099 temtn
330 1045 446 1100 haec
477 1046 830 1104 sublimitas
858 1060 914 1105 et
939 1051 1163 1106 altitudo
1184 1050 1351 1105 solius
1378 1058 1463 1105 est
1487 1050 1633 1104 illius
1668 1064 1765 1103 na-

180 1148 277 1192 m
320 1138 973 1209 incomprehensibilis,
1020 1158 1177 1212 quam
1219 1157 1391 1214 neque
1441 1143 1767 1213 cogitatione

184 1230 435 1301 concipere,
468 1247 676 1301 neque
706 1233 905 1289 verbis
949 1234 1125 1303 eloqui
1150 1235 1426 1305 quisquam
1455 1241 1649 1303 potest,
1674 1246 1767 1303 eo-

189 1337 258 1390 que
276 1321 390 1377 dicit
418 1338 435 1377 :
472 1320 612 1376 Vidi
641 1323 943 1378 Dominum
966 1324 1216 1379 sedentem
1252 1325 1305 1378 in
1342 1324 1471 1378 solio
1496 1325 1690 1379 excelso
1718 1333 1765 1379 et

191 1415 351 1467 clerate.
374 1412 487 1469 Sed
518 1414 668 1485 quid
704 1424 977 1486 praeterea
1006 1414 1205 1481 vidisti,
1247 1430 1281 1469 o
1308 1414 1608 1485 propheta?
1637 1414 1764 1485 quid

193 1508 295 1562 circa
333 1507 482 1562 illum
521 1510 848 1578 spectasti?
879 1508 946 1563 Et
986 1508 1255 1579 Seraphim
1299 1507 1517 1574 stabant,
1570 1508 1760 1579 inquit,

194 1599 230 1653 in
255 1600 447 1653 circuitu
478 1600 605 1669 ejus
634 1598 801 1673 (Isai.
851 1600 907 1656 6.
949 1598 1028 1670 2).
1058 1599 1194 1667 Quid
1243 1598 1505 1655 faciebant
1547 1607 1602 1655 et
1637 1599 1762 1668 quid

198 1691 419 1754 dicebant,
447 1707 565 1761 qua
618 1691 824 1747 fiducia
876 1692 1228 1748 fruebantur?
1265 1690 1481 1746 Fiducia
1522 1691 1757 1761 quidem,

199 1784 347 1854 inquit,
372 1783 548 1847 nulla,
582 1799 782 1838 verum
810 1783 1022 1839 timoris
1046 1798 1108 1838 ac
1134 1783 1369 1852 stuporis
1399 1792 1549 1838 erant
1581 1782 1757 1852 plena,

204 1874 287 1941 ipsa
321 1873 481 1927 etiam
528 1872 726 1943 specie
769 1876 981 1928 metum
1038 1872 1358 1928 ineffabilem
1412 1873 1758 1929 declarantia.

207 1964 380 2020 Duabus
404 1966 555 2019 enim
588 1964 695 2020 alis
720 1964 971 2020 velabant
997 1964 1207 2032 faciem,
1235 1964 1397 2020 simul
1426 1966 1760 2023 excludentia

209 2056 377 2111 radium
404 2072 436 2111 e
472 2056 623 2112 solio
648 2057 1032 2126 prodeuntem,
1063 2071 1129 2113 eo
1155 2057 1295 2128 quod
1325 2056 1469 2113 ferre
1497 2073 1603 2113 non
1634 2073 1761 2128 pos-
1810 2098 1815 2103 -

210 2159 299 2203 sent
320 2151 638 2204 immensam
671 2147 815 2203 illius
844 2148 1086 2219 gloriam,
1120 2148 1277 2203 simul
1298 2160 1476 2205 autem
1523 2157 1577 2203 et
1605 2164 1758 2203 suam

210 2241 480 2312 religionem
507 2257 575 2297 ac
606 2242 964 2299 reverentiam
987 2240 1353 2312 signiﬁcantia,
1384 2256 1543 2313 quam
1565 2240 1763 2297 habent

207 2350 304 2405 erga
328 2335 640 2390 Dominum.

261 2426 349 2480 Car
373 2425 652 2495 Seraphim
682 2425 863 2497 [aciem
892 2433 941 2478 et
968 2425 1115 2494 pedes
1142 2424 1319 2480 velent.
1339 2454 1412 2465 -—
1429 2423 1542 2479 Tali
1570 2424 1760 2496 gaudio

200 2520 401 2589 gaudent
428 2520 518 2575 illa
542 2562 559 2585 ,
595 2519 688 2574 tali
734 2518 913 2573 laetitia
948 2519 1245 2585 exsultant,
1274 2534 1373 2575 nec
1400 2520 1571 2574 solum
1598 2519 1760 2576 facies

197 2610 372 2677 velant,
396 2627 583 2666 verum
605 2620 661 2666 et
682 2609 866 2681 pedes.
896 2610 1248 2678 Quamobrem
1276 2609 1377 2665 hoc
1402 2609 1634 2666 faciunt?
1659 2610 1760 2665 Fa-

191 2702 291 2757 cies
326 2702 531 2773 quidem
572 2702 769 2758 merito
803 2704 983 2758 velant
1022 2712 1237 2773 propter
1261 2702 1602 2758 metuendum
1633 2717 1759 2773 spe-

189 2795 463 2861 ctaculum,
502 2793 757 2865 quodque
796 2809 901 2849 non
944 2794 1144 2863 possint
1179 2794 1503 2850 inaccessam
1537 2796 1758 2867 gloriam

184 2885 377 2939 obtueri
407 2902 422 2939 :
458 2898 646 2939 verum
690 2884 853 2954 pedes
890 2900 1053 2956 quare
1081 2886 1234 2941 simul
1262 2886 1476 2941 velant?
1506 2891 1582 2943 Ac
1609 2888 1756 2944 vole-

179 2975 300 3030 bam
323 2977 526 3044 quidem
556 2977 713 3032 vobis
742 2976 844 3031 hoc
869 2976 1188 3048 relinquere,
1216 2985 1275 3032 ut
1302 2978 1401 3049 ipsi
1431 2979 1569 3035 circa
1603 2979 1758 3050 hujus

172 3068 250 3121 rei
268 3069 579 3125 solutionem
599 3068 941 3137 laboraretis,
959 3069 1200 3139 circaque
1215 3068 1563 3138 Spiritualinm
1579 3086 1757 3125 rerum

167 3162 570 3231 vatigationem
598 3161 892 3233 vigilat-etis
922 3179 936 3215 :
964 3171 1218 3217 caeterum
1246 3178 1313 3216 ne
1340 3172 1571 3217 vestram
1608 3164 1755 3233 cogi-

161 3254 425 3309 tationem
469 3255 607 3310 circa
651 3254 814 3323 hujus
857 3254 1251 3324 inquisitionem
1294 3254 1548 3309 intentam
1591 3255 1757 3311 relin-

153 3360 370 3414 quens,
389 3346 444 3400 id
465 3347 690 3402 efﬁciam
709 3357 766 3401 ut
783 3346 1199 3401 admonitionem
1222 3346 1514 3418 negligatis,
1540 3363 1758 3404 necesse

150 3448 243 3490 est
277 3446 337 3493 ut
370 3439 479 3493 hoc
504 3440 671 3493 obiter
696 3438 925 3494 solvam.
958 3436 1132 3506 Quare
1169 3439 1327 3509 igitur
1354 3440 1517 3509 pedes
1546 3440 1757 3495 velant?

149 3526 606 3600 lnexplicabilem
623 3545 744 3599 erga
763 3528 1109 3584 Conditorem
1135 3530 1484 3585 reverentiam
1506 3530 1758 3587 exhibere

148 3624 413 3691 student,
444 3624 760 3692 multamque
783 3623 1107 3679 anxietatem
1137 3632 1244 3678 tum
1271 3625 1385 3694 ipso
1412 3624 1613 3691 habitu,
1646 3635 1755 3679 tum

148 3731 297 3771 voce
322 3758 337 3779 ,
372 3725 489 3770 tum
518 3726 731 3787 aspectu
753 3758 769 3783 ,
801 3717 1031 3787 denique
1060 3717 1172 3784 ipsa
1201 3717 1450 3773 statione.
1497 3719 1758 3786 Quoniam

150 3806 327 3876 gitur
366 3805 425 3863 id
464 3808 605 3878 quod
644 3807 955 3863 desiderant
989 3806 1236 3877 quodque
1274 3809 1621 3865 conveniebat
1650 3824 1759 3867 non

150 3911 545 3969 assequuntur,
572 3900 842 3955 occultant
869 3899 1064 3953 idcirco
1086 3899 1317 3970 undique
1343 3900 1606 3957 defectum
1629 3902 1755 3958 dum

155 4002 216 4045 se
242 3990 667 4062 circumtcgunt.
695 3989 891 4045 Utrum
916 3989 1208 4060 intelligitis
1256 3990 1396 4061 quod
1424 3992 1621 4047 dictum
1651 4003 1755 4060 est,

158 4095 225 4133 an
254 4096 439 4151 opene
467 4082 703 4151 pretium
734 4086 817 4137 est
842 4087 898 4135 ut
932 4079 1070 4135 idem
1099 4079 1275 4135 denuo
1302 4083 1574 4151 repetam?
1604 4084 1715 4154 Age
1738 4125 1754 4151 ,

162 4181 213 4224 ut
245 4174 344 4228 hoc
370 4171 571 4227 faciam
595 4172 879 4228 dilucidius
902 4212 920 4239 ,
948 4186 1014 4227 ex
1038 4187 1217 4227 rerum
1242 4183 1541 4229 nostrarum
1570 4190 1755 4230 exem-

166 4265 265 4333 plis
285 4266 634 4321 manifest
662 4265 840 4319 facere
863 4264 1116 4319 conabor.
1140 4264 1352 4319 Assistit
1374 4264 1564 4336 aliquis
1590 4277 1758 4322 terre-

173 4370 235 4408 no
254 4359 359 4427 regi
386 4357 752 4427 omnibusque
776 4357 948 4411 modis
974 4357 1210 4423 molitur,
1234 4365 1290 4411 ut
1314 4358 1756 4428 quamplurimam

175 4459 288 4513 erga
314 4448 468 4502 illum
500 4448 862 4503 reverentiam
891 4446 1158 4511 exhibeat,
1190 4464 1297 4518 quo
1326 4464 1421 4518 per
1452 4450 1552 4504 hoc
1585 4452 1600 4482 ¹
1636 4467 1753 4506 ma-

178 4534 329 4603 iorem
367 4540 516 4595 illius
553 4555 683 4610 erga
728 4555 786 4595 se
823 4539 1067 4595 conciliet
1102 4540 1545 4597 benevolentiam.
1592 4542 1756 4613 Cujus

180 4631 327 4695 gratia
363 4631 553 4701 Specie
582 4630 773 4699 capitis
794 4670 811 4695 ,
844 4630 953 4700 ipsa
992 4645 1122 4685 voce
1141 4672 1156 4697 ,
1186 4631 1296 4701 ipsa
1326 4648 1576 4688 manuum
1606 4649 1756 4689 com-

184 4723 449 4788 positione,
475 4724 595 4794 ipsa
617 4721 811 4793 pedum
832 4722 1217 4793 conjunctione,
1238 4724 1502 4797 totiusque
1516 4728 1756 4798 corporis

244 4920 261 4950 ⁸
290 4927 405 4983 ιη.
420 4921 559 4986 41852
586 4935 599 4969 :
625 4919 824 4971 Multam
858 4920 1172 4986 reuerentiam
1199 4934 1316 4986 erga
1338 4922 1653 4986 fonditorem
1672 4922 1757 4975 ita-

510 4992 713 5054 stupore
754 4980 1095 5054 percellimur.
1122 4978 1275 5054 .Quos:
1291 4984 1488 5054 affectus
1518 4992 1618 5035 tum
1652 4986 1758 5054 ipso

189 5041 351 5103 “in,
374 5041 629 5116 tangente,
654 5041 764 5116 turri
778 5051 989 5116 aspectu,
1244 5041 1350 5107 ipsa
1372 5047 1569 5116 statione
1582 5041 1757 5116 expri-

190 5116 305 5155 tuere
324 5115 577 5156 emetitur.
603 5108 839 5169 Quoniam
856 5106 1002 5169 igitur
1025 5106 1096 5157 sic
1118 5106 1285 5169 etiam:
1299 5109 1426 5167 quod
1451 5108 1589 5159 decet
1609 5106 1755 5159 attin-

188 5174 291 5224 gere
310 5182 399 5233 mn
436 5174 649 5233 possunt,
681 5181 733 5218 se
768 5166 966 5233 celando
1002 5168 1215 5231 uvidique
1252 5166 1486 5231 defectum
1516 5172 1752 5233 supplent.

198 5233 349 5292 tm
654 5231 784 5292 quod
808 5229 987 5279 dictum
1011 5236 1099 5289 est,
1122 5229 1187 5292 (at
1207 5229 1368 5290 operte
1384 5229 1590 5291 pretium
1608 5229 1680 5282 est
1705 5240 1756 5283 ut

191 5289 307 5341 ide-
328 5294 481 5355 m
516 5289 775 5355 repetam?
794 5291 1017 5355 equidem
1058 5290 1179 5341 milii
1217 5289 1525 5355 repetendum
1546 5293 1752 5344 videtur.

192 5362 277 5423 λετ
306 5353 465 5423 igitur,
494 5360 543 5404 et
575 5353 663 5423 hoc
997 5366 1064 5423 ea;
1103 5353 1279 5423 rerum
1301 5360 1573 5423 nostrarum
1595 5368 1757 5405 exem-

190 5404 275 5469 plis
534 5421 590 5465 Et
634 5422 785 5473 certe,
942 5416 1081 5473 mihi.
1252 5415 1580 5484 regressum,
1604 5404 1756 5468 name

190 5476 442 5527 Wo
459 5485 659 5527 cantatur
693 5476 960 5529 maximam
975 5490 1095 5536 erga
1110 5476 1247 5527 illum
1267 5476 1496 5528 eihibere
1534 5491 1757 5528 reveren-

188 5536 295 5601 tiam
312 5536 338 5587 .’
362 5540 535 5601 Procul
560 5538 739 5600 dubio;
778 5552 951 5601 nempe
989 5546 1042 5589 ut
1071 5539 1302 5601 peritae,
1346 5547 1444 5589 etc.
1469 5546 1521 5588 Et
1545 5540 1625 5601 isic
1650 5539 1755 5590 fere

196 5598 358 5661 Itaque
383 5600 459 5651 hic
478 5615 604 5649 unus
625 5598 811 5661 Codex,
836 5598 903 5652 ita
928 5607 982 5650 ut
1021 5598 1080 5649 si'
1096 5600 1275 5649 vellem
1305 5604 1464 5651 omnia
1487 5600 1663 5650 aﬂerre
1684 5601 1755 5651 le-

197 5660 392 5721 gionum
412 5664 699 5721 discrimina,
744 5660 852 5714 fere
886 5670 989 5713 tota
1031 5661 1225 5712 humilia
1258 5663 1315 5711 ad
1341 5665 1543 5712 verbum
1569 5666 1755 5713 exscri-

199 5715 341 5768 bﬂlh
364 5733 514 5774 esset.
542 5726 582 5773 Α
607 5715 878 5775 Horelliana
912 5734 1080 5773 autem
1125 5724 1336 5773 Editione
1367 5726 1532 5773 verbis
1570 5732 1755 5775 tantum

386 5799 478 5835 non
512 5800 678 5837 sensu.
705 5787 763 5837 In
789 5787 903 5837 aliis
933 5795 1099 5850 autem
1139 5787 1464 5850 ttauuscriptis
1494 5799 1603 5837 cum
1624 5786 1755 5837 Edita

203 5841 369 5895 adlatis
385 5861 631 5912 perpauca:
653 5852 979 5902 observantur
1002 5849 1280 5898 varietates.

3358 399 3461 456 Hi!

1876 494 2237 550 contractione
2282 496 2439 550 talem
2483 497 2832 553 reverentiam
2880 508 3102 558 conatur
3146 502 3449 561 ostendere.

1876 582 1989 640 Hoc
2014 595 2068 640 et
2092 586 2159 639 ab
2182 586 2286 640 illis
2309 587 2635 656 incorporeis
2655 588 2934 645 virtutibus
2963 593 3293 648 observatur.
3316 594 3449 649 Cum

1871 675 2016 730 enim
2036 677 2311 746 plurimam
2334 678 2560 734 habeant
2578 694 2702 750 erga
2717 680 3059 737 Conditorem
3080 687 3451 754 reverentiam,

1872 776 1929 823 et
1959 769 2093 825 hanc
2123 771 2356 842 undique
2383 783 2642 828 conantur
2662 784 2914 844 prmstare
2944 793 2958 829 :
2987 778 3179 834 deinde
3201 781 3451 846 quoniam

1873 874 1979 915 non
2000 864 2507 933 assequunturqnod
2530 875 2802 936 expetunt,
2822 868 2963 937 quod
2985 869 3256 937 cupiditati
3276 870 3446 936 deest,

1871 949 1974 1006 hoc
2002 952 2120 1009 velo
2148 956 2418 1025 obtegunt.
2464 956 2611 1012 Hane
2650 958 2720 1011 ob
2758 974 2973 1013 causam
3007 959 3163 1028 igitur
3188 959 3349 1017 facies
3385 977 3449 1017 ac

1870 1045 2033 1116 pedes
2062 1056 2239 1118 tegere
2266 1050 2531 1105 dicuntur.
2561 1050 2889 1121 Quamquam
2909 1061 2991 1108 est
3009 1063 3061 1108 et
3081 1054 3180 1108 alia
3203 1056 3448 1125 quaedam

1869 1138 2037 1207 magis
2064 1140 2283 1211 mystica
2309 1141 2600 1211 speculatio
2624 1157 2744 1213 qua:
2770 1144 2908 1198 circa
2937 1142 3037 1198 hoc
3058 1146 3443 1214 consideratur,

1868 1240 1975 1283 non
2004 1229 2143 1299 quod
2178 1229 2341 1299 pedes
2366 1247 2428 1285 ac
2456 1231 2618 1288 facies
2658 1233 2883 1289 habeant
2916 1235 3076 1303 (sunt
3100 1237 3239 1291 enim
3269 1238 3446 1293 incor-

1868 1334 2027 1389 porea
2052 1361 2069 1389 ,
2113 1324 2555 1393 quemadmodum
2601 1327 2774 1396 ipsum
2797 1327 3002 1382 Numen
3028 1330 3047 1398 )
3069 1370 3085 1395 ,
3116 1329 3207 1385 sed
3249 1338 3307 1384 ut
3344 1330 3445 1386 hoc

1868 1411 2129 1468 humanus
2151 1430 2330 1470 sermo
2350 1417 2581 1473 declaret
2599 1434 2662 1473 ea
2688 1420 2919 1491 undique
2945 1431 3086 1475 metu
3112 1437 3174 1477 ac
3199 1438 3447 1479 reveren-

1867 1503 1937 1557 tia
1978 1504 2163 1560 all‘ecta
2205 1507 2406 1562 servire
2446 1508 2689 1564 Domino.
2734 1510 2823 1565 Sic
2858 1521 3069 1582 oportet
3110 1528 3206 1567 nos
3235 1529 3445 1584 quoque

1866 1596 2115 1653 assistere
2135 1639 2150 1664 ,
2182 1599 2340 1653 talem
2372 1600 2479 1655 Deo
2506 1601 2945 1671 glorificationem
2976 1606 3259 1662 offerentes
3279 1648 3295 1673 ,
3327 1623 3443 1663 me-

1867 1694 2075 1742 tuentes
2121 1703 2184 1743 ac
2211 1696 2521 1755 trementes,
2551 1708 2613 1746 ac
2634 1700 2901 1760 tamquam
2925 1695 3070 1749 illum
3096 1697 3264 1767 ipsum
3292 1712 3445 1753 men-

1867 1777 1933 1832 tis
1961 1778 2131 1834 oculis
2157 1779 2439 1836 intuentes.
2472 1781 2636 1837 Adest
2661 1783 2801 1839 enim
2829 1784 2914 1839 hic
2940 1787 3157 1842 omnino
3180 1789 3269 1859 qui
3296 1790 3444 1844 nullo

1865 1867 1982 1923 loco
2006 1869 2489 1936 circumscribitur,
2526 1888 2789 1944 vocesque
2815 1885 3023 1931 nostras
3057 1887 3318 1934 recenset.
3352 1878 3442 1935 Sic

1866 1959 2024 2029 igitur
2041 1964 2270 2016 contrito
2288 1971 2343 2017 et
2364 1963 2640 2019 humiliato
2659 1965 2821 2021 corde
2842 1966 3047 2022 laudem
3069 1968 3444 2039 depromentes

1863 2050 2149 2106 reddamus
2173 2067 2289 2106 eam
2310 2063 2605 2123 acceptam,
2628 2066 2683 2109 et
2704 2057 2849 2111 velut
2875 2044 3147 2113 incensum
3170 2060 3291 2115 boni
3312 2061 3442 2117 odo-

1863 2141 1939 2196 ris
1964 2141 2029 2196 ad
2058 2142 2247 2197 caelum
2277 2146 2565 2199 mittamus.
2596 2143 2697 2200 Cor
2733 2148 2876 2201 enim
2896 2189 2911 2213 ,
2942 2148 3145 2219 inquit,
3176 2152 3441 2206 contritum

1863 2242 1911 2286 et
1938 2233 2255 2288 humiliatum
2281 2234 2416 2291 Deus
2440 2253 2539 2291 non
2568 2238 2804 2308 despiciet
2829 2240 2847 2309 (
2875 2238 3018 2295 Psal.
3048 2242 3137 2297 50.
3170 2243 3238 2298 l9
3260 2244 3301 2312 ).
3334 2243 3440 2299 Ve-

1863 2339 1981 2379 rum
2009 2327 2262 2396 pr0pheta
2283 2368 2299 2393 ,
2331 2327 2503 2398 inquis
2524 2370 2540 2395 ,
2569 2329 2879 2385 exhortatur
2908 2341 2966 2387 ut
2988 2348 3108 2388 cum
3132 2333 3300 2403 jubilo
3322 2336 3439 2406 glo-

1863 2415 2214 2472 riﬂcationem
2247 2434 2561 2488 peragamus
2602 2439 2616 2475 :
2658 2421 2919 2490 Jubilale,
2971 2424 3172 2495 inquit,
3196 2425 3439 2492 Domino,

1864 2508 2024 2561 omnis
2050 2517 2183 2563 terra
2206 2514 2223 2578 (
2248 2510 2388 2563 Psat.
2418 2509 2506 2567 65.
2540 2510 2628 2583 1).
2678 2514 2744 2567 At
2773 2529 2945 2584 neque
2975 2530 3073 2569 nos
3102 2517 3261 2572 talem
3297 2517 3438 2588 jubi-

1863 2600 2111 2657 lationem
2145 2603 2488 2673 prohibemus
2512 2646 2527 2669 ,
2570 2604 2664 2660 sed
2706 2621 2889 2661 vocem
2932 2607 3269 2677 prohibemus
3309 2609 3439 2664 nihil

1862 2693 2243 2764 signiﬁcantem
2269 2712 2283 2758 ;
2327 2711 2497 2767 neque
2526 2697 2864 2767 prohibemus
2890 2713 3073 2754 vocem
3104 2700 3275 2756 laudis
3298 2744 3310 2765 ,
3343 2702 3437 2757 sed

1861 2801 2046 2841 vocem
2071 2787 2411 2843 absurditatis
2434 2799 2488 2843 et
2511 2790 2849 2856 inconditam,
2872 2807 2933 2846 ac
2956 2802 3164 2848 mutuas
3186 2796 3325 2849 inter
3344 2810 3440 2849 vos

1861 2880 2262 2945 contentiones,
2289 2895 2476 2935 manus
2506 2881 2770 2936 incassum
2797 2891 3100 2954 temereque
3124 2885 3356 2940 sublatas
3384 2888 3438 2942 in

1861 2985 2057 3035 aerem,
2078 2970 2239 3041 pedes
2255 2972 2683 3041 supplaudentes,
2701 2974 2982 3030 indecoros
3002 2976 3440 3049 elfeniinatosque

1863 3078 2059 3129 mores,
2086 3078 2206 3134 quae
2230 3072 2354 3118 sunt
2373 3080 2579 3133 eorum,
2604 3067 2691 3136 qui
2714 3067 2767 3121 in
2792 3068 3010 3123 theatris
3030 3084 3093 3124 ac
3112 3071 3438 3128 circensibus

1860 3157 2000 3211 ludis
2027 3167 2325 3224 versantur,
2356 3158 2578 3214 ludicra.
2616 3160 2767 3215 Illinc
2793 3162 2943 3216 nobis
2970 3164 3265 3232 perniciosa
3290 3165 3441 3221 inve-

1860 3249 2058 3305 buntur
2083 3251 2345 3322 exempla,
2378 3253 2522 3308 illinc
2546 3253 2855 3324 irreligiosus
2878 3256 3227 3328 vulgaresque
3256 3274 3436 3325 voces,

1862 3342 2007 3397 illinc
2034 3358 2283 3399 manuum
2317 3344 2508 3414 inepta:
2537 3346 2964 3415 gesticulationes
2986 3390 3001 3415 ,
3033 3351 3397 3406 contentiones
3417 3391 3436 3419 ,

1860 3437 2281 3492 concertationes
2300 3479 2315 3503 ,
2343 3452 2404 3493 ac
2430 3452 2607 3494 mores
2634 3438 2987 3508 incompositi.

1930 3528 1983 3582 4.
2027 3527 2329 3597 Spectacula
2370 3529 2573 3597 publica
2608 3529 2833 3601 vitanda,
2871 3548 3045 3599 quare.
3068 3532 3307 3589 ——Nulla
3343 3550 3433 3591 res

1860 3619 2006 3672 enim
2032 3634 2182 3689 teque
2205 3618 2412 3689 eloquia
2436 3620 2528 3673 Dei
2554 3619 2768 3676 adducit
2794 3621 2843 3675 in
2870 3633 3251 3693 contemptum,
3280 3637 3437 3698 atque

1862 3709 2281 3780 Spectaculorum
2312 3726 2430 3778 qua:
2457 3710 2562 3764 illic
2590 3723 2957 3781 proponuntur
2981 3714 3278 3771 admiratio.
3306 3718 3436 3773 Pro-

1862 3801 1985 3856 inde
2012 3800 2316 3870 frequenter
2341 3816 2432 3855 vos
2462 3800 2701 3857 hortatus
2730 3820 2866 3867 sum,
2896 3820 2963 3859 ne
2990 3807 3107 3876 quis
3135 3821 3318 3863 eorum
3342 3812 3432 3879 qui

1862 3893 1965 3948 huc
1994 3893 2314 3957 adveniunt,
2342 3891 2623 3963 divinaque
2651 3894 2889 3950 doctrina
2921 3897 3161 3953 fruuntur
3180 3940 3195 3964 ,
3239 3903 3434 3972 quique

1863 3983 2127 4039 tremendi
2152 3998 2215 4038 ac
2245 3984 2450 4055 mystici
2482 3986 2761 4056 participes
2787 3996 2911 4042 sunt
2937 3992 3178 4045 sacriﬁcii
3199 4034 3214 4057 ,
3241 3994 3306 4048 ad
3344 3995 3432 4051 illa

1861 4076 1963 4131 iret
1990 4075 2289 4145 spectacula
2313 4116 2327 4141 ,
2355 4091 2456 4131 neu
2488 4077 2660 4131 divina
2689 4093 2806 4132 cum
2838 4079 3175 4138 da-moniacis
3206 4087 3430 4139 commi-

1860 4179 2034 4223 sceret
2060 4168 2330 4240 mysteria.
2378 4170 2623 4226 Attamen
2665 4174 2905 4228 nonnulli
2936 4191 3101 4245 usque
3126 4177 3259 4233 adeo
3286 4180 3430 4233 insa—

1860 4259 2031 4324 niunt,
2059 4268 2118 4313 ut
2141 4260 2298 4314 etiam
2326 4275 2444 4314 cum
2473 4263 2702 4331 speciem
2732 4265 3002 4332 gravitatis
3030 4280 3094 4321 ac
3121 4270 3433 4327 reverentiae

1860 4353 2068 4421 plenam
2099 4351 2497 4415 circumferant,
2526 4363 2578 4407 et
2607 4353 2670 4407 ad
2699 4353 3007 4423 profundam
3034 4360 3280 4415 canitiem
3308 4378 3432 4431 per-

1858 4444 2140 4509 venerint,
2170 4444 2335 4498 nihilo
2365 4459 2518 4499 secus
2546 4457 2759 4500 currant
2792 4447 2856 4501 ad
2887 4448 2972 4502 illa
2994 4492 3009 4515 ,
3039 4466 3209 4521 neque
3235 4458 3432 4511 nostris

1858 4536 2192 4591 sermonibus
2237 4536 2591 4590 auscultantes
2619 4578 2633 4599 ,
2680 4552 2850 4608 neque
2900 4543 3164 4611 propriam
3216 4548 3429 4602 reveriti

1859 4628 2109 4699 speciem.
2161 4627 2356 4682 Verum
2385 4628 2591 4697 quoties
2619 4627 2696 4681 eis
2726 4628 2863 4683 hunc
2902 4646 3199 4689 sermonem
3233 4635 3427 4707 ingeri-

1859 4739 2011 4790 mus,
2043 4732 2096 4776 et
2124 4732 2180 4776 ut
2203 4721 2448 4777 canitiem
2478 4721 2892 4792 gravitatemque
2911 4738 3058 4779 suam
3087 4742 3432 4785 revereautur

1859 4815 2205 4870 adhortamur
2232 4855 2246 4877 ,
2279 4828 2437 4882 quam
2476 4813 2692 4867 frivolus
2721 4814 2923 4869 illorum
2949 4858 2964 4882 ,
2995 4835 3150 4886 quam
3178 4822 3433 4877 ridiculus

1861 4907 2069 4962 sermo!
2100 4905 2434 4975 Exemplum,
2466 4903 2740 4974 inquiunt,
2772 4905 3005 4960 victoriae
3033 4925 3149 4979 qua:
3176 4911 3226 4964 in
3254 4912 3434 4966 futuro

1860 5001 2052 5055 sa-culo
2072 5001 2174 5055 erit
2197 5010 2250 5055 et
2275 5014 2590 5053 coronarum
2616 5008 2738 5054 sunt
2764 5001 2848 5055 illa
2879 5002 3259 5072 plurimamque
3285 4994 3427 5059 illinc

1860 5094 2139 5149 utilitatem
2166 5090 2459 5146 referimus.
2491 5091 2625 5158 Quid
2651 5092 2728 5146 ais
2751 5134 2766 5158 ,
2794 5092 2990 5146 homo?
3016 5091 3295 5148 Obsoletus
3333 5095 3431 5149 iste

1859 5198 2037 5239 sermo
2063 5184 2079 5214 ¹
2104 5191 2187 5237 est
2212 5197 2273 5236 ac
2296 5181 2513 5236 fallacia-
2539 5183 2745 5253 plenus.
2778 5180 2925 5237 Unde
2947 5183 3218 5236 utilitatem
3242 5183 3433 5239 isthine

1860 5274 2066 5330 refers?
2095 5291 2161 5329 cx
2186 5274 2474 5328 innumeris
2498 5273 2944 5339 contentionibus,
2968 5289 3030 5328 ex
3053 5282 3254 5328 temere
3281 5275 3433 5331 factis

1856 5368 2172 5436 juramentis
2200 5368 2248 5419 in
2279 5366 2529 5420 damnum
2558 5364 2924 5432 loquentium?
2959 5382 3024 5418 an
3062 5381 3124 5420 ex
3154 5373 3429 5421 contume-

1859 5460 1945 5513 liis
1970 5500 1984 5522 ,
2020 5458 2269 5513 conviciis
2290 5500 2303 5522 ,
2334 5457 2813 5526 scommatibusque
2837 5498 2852 5521 ,
2884 5456 3070 5526 quibus
3110 5465 3433 5525 spectatores

1861 5548 2119 5619 ejusmodi
2146 5564 2318 5603 rerum
2346 5562 2403 5601 se
2424 5559 2607 5601 mutuo
2631 5543 3019 5615 conspergunt?
3043 5543 3233 5601 Verum
3254 5560 3320 5601 ex
3341 5545 3425 5601 his

1862 5641 1990 5696 nihil
2022 5641 2258 5694 utilitatis
2288 5638 2353 5694 ad
2384 5648 2433 5693 te
2462 5639 2599 5693 redit
2632 5655 2644 5690 :
2678 5652 2747 5689 an
2779 5651 2905 5689 vero
2936 5634 3096 5688 ullam
3118 5640 3334 5699 omnino
3352 5658 3419 5698 ex

1925 5849 1941 5879 ί
1978 5846 2130 5902 Alius,
2156 5847 2285 5892 teste
2307 5846 2388 5889 Sav
2398 5838 2496 5897 ilio,
2523 5832 2757 5887 ridiculus
2774 5833 2861 5885 iste
2884 5845 3052 5886 sermo.
