3992 6300
584 403 684 460 105

580 507 947 582 incompositis
971 497 1186 560 vocibus
1210 538 1227 564 ,
1251 503 1307 552 et
1344 492 1480 549 nihil
1521 482 2115 582 signiﬁcante'clatnore
2138 514 2155 539 ,

582 568 719 674 eque
745 568 962 669 pulvere
985 592 1077 664 qui
1103 586 1381 651 emittitur,
1413 592 1523 636 tum
1553 594 1621 633 ex
1650 577 1714 631 iis
1742 574 1830 644 qui
1862 568 2160 674 impellunt,

583 661 672 764 qui
695 661 802 745 vim
825 661 1039 749 faciunt,
1060 681 1149 753 qui
1169 692 1350 734 coram
1371 669 1677 728 mulieribus
1696 664 1915 721 delicias
1936 661 2131 761 faciunt
2145 697 2160 722 ,

590 749 867 840 utilitatem
888 749 1132 845 colligis?
1157 767 1317 837 Atqui
1346 764 1432 820 hic
1454 761 1668 833 quidem
1693 758 1863 827 ipsum
1886 749 2165 845 Dominum

592 872 899 942 angelorum
928 839 1115 921 omnes
1139 859 1409 932 prophetae
1423 854 1776 918 doctoresque
1797 857 1958 913 super
1974 839 2165 896 solium

589 933 860 1024 excelsum
884 970 940 1016 et
962 957 1225 1013 elevatum
1251 947 1555 1009 ostendunt,
1579 942 1748 1011 iisque
1767 936 1858 1009 qui
1879 933 2022 1004 digni
2044 937 2168 986 sunt

592 1058 772 1114 bravia
796 1062 850 1108 et
875 1063 1102 1107 coronas
1123 1042 1545 1101 distribuentem,
1570 1030 1801 1103 indignis
1819 1043 1948 1084 vero
1969 1024 2170 1097 gehen-

593 1166 716 1206 nam
756 1156 811 1203 et
846 1145 1021 1215 ignem
1062 1138 1454 1207 assignantem;
1501 1139 1554 1184 et
1589 1127 1702 1196 ipse
1730 1123 1890 1179 etiam
1917 1117 2170 1215 Dominus

595 1243 698 1297 hoc
726 1207 1023 1295 confirmat.
1071 1226 1334 1299 Numquid
1376 1224 1489 1279 haec
1512 1218 1725 1291 quidem
1753 1211 2051 1271 contemnis
2072 1249 2089 1275 ,
2116 1207 2170 1260 in

591 1335 781 1406 quibus
812 1330 968 1384 etiam
994 1319 1327 1380 conscientiae
1356 1326 1527 1370 terror
1556 1320 1656 1375 est,
1682 1318 1736 1362 et
1764 1307 2019 1361 factorum
2046 1299 2170 1354 red-

595 1398 802 1497 argutia
851 1421 1219 1484 rationumque
1265 1405 1653 1465 reddendarum
1682 1398 2028 1497 anxietastet
2052 1405 2175 1460 sup-

597 1485 812 1586 plicium
837 1505 1141 1566 inevitabile
1168 1520 1181 1556 :
1211 1511 1267 1556 ut
1287 1509 1462 1554 autem
1485 1492 1765 1549 absurdam
1790 1485 2028 1543 invenias
2052 1497 2176 1553 spe-

599 1576 929 1662 ctaculorum
954 1638 969 1663 ,
1010 1595 1201 1666 quibus
1229 1601 1515 1659 suSpensus
1544 1583 1737 1646 inhias,
1757 1576 2173 1637 excusationem,

602 1694 736 1749 dicis
767 1700 819 1747 te
846 1689 1124 1745 utilitatem
1150 1696 1343 1752 capere
1370 1694 1436 1733 ex
1466 1676 1545 1730 his
1565 1715 1581 1741 ,
1609 1689 1672 1729 ex
1700 1670 1893 1741 quibus
1918 1668 2178 1736 jacturam

604 1783 802 1857 pateris
847 1771 1320 1835 inconsolabilem?
1368 1769 1516 1838 Rogo
1558 1765 1716 1821 etiam
1766 1770 1925 1831 atque
1972 1758 2176 1814 etiam:

603 1849 954 1943 obsecroque,
985 1884 1051 1923 ne
1078 1863 1449 1922 excusationes
1476 1870 1790 1913 excusemus
1816 1854 1868 1907 in
1903 1849 2131 1921 peccatis
2161 1866 2175 1903 :

604 1974 892 2039 prmtextus
930 1962 1068 2017 enim
1109 1958 1208 2013 ista
1247 1963 1370 2010 sunt
1406 1968 1468 2006 ac
1502 1950 1743 2018 deceptio
1765 1988 1780 2012 ,
1811 1946 2004 2016 quibus
2030 1942 2182 1997 nobis

608 2033 737 2128 ipsis
766 2056 1015 2111 damnum
1042 2050 1383 2106 accersimus.
1411 2042 1610 2099 Verum
1640 2040 1707 2094 de
1739 2039 1819 2091 his
1849 2035 2062 2107 quidem
2089 2033 2184 2087 ha-

605 2160 792 2206 etenus
822 2165 835 2199 :
869 2154 1078 2212 tempus
1108 2147 1284 2195 autem
1314 2145 1394 2190 est
1420 2142 1478 2187 ut
1499 2132 1609 2201 jam
1647 2128 1713 2183 ad
1743 2128 1973 2199 priorem
2004 2138 2183 2178 recur-

608 2252 786 2295 ramus
821 2211 1234 2289 admonitionem
1257 2267 1271 2291 ,
1299 2234 1459 2295 atque
1501 2230 1559 2277 ut
1587 2221 1766 2290 paucis
1802 2216 1867 2272 de
1896 2231 1959 2272 ea
1984 2211 2186 2284 loquuti

609 2330 845 2386 debitum
882 2322 1103 2381 orationi
1137 2320 1294 2374 linem
1322 2318 1674 2385 imponamus.
1714 2310 1895 2378 Neque
1918 2308 2057 2363 enim
2086 2305 2189 2360 hoc

614 2422 785 2478 solum
814 2425 1080 2488 peccatur,
1108 2408 1248 2482 quod
1273 2422 1389 2478 qua
1417 2405 1502 2459 hic
1528 2404 1658 2457 ﬁunt
1685 2416 1870 2472 parum
1897 2412 1994 2468 pro
2020 2396 2189 2488 digni-

617 2522 723 2568 tate
765 2485 1124 2581 peMgunlur,
1165 2514 1349 2557 verum
1392 2497 1551 2551 etiam
1590 2493 1723 2547 alius
1763 2490 1975 2560 quidam
2012 2485 2189 2557 gravis

620 2577 927 2658 obambulat
968 2597 985 2629 ¹
1030 2593 1267 2650 morbus.
1314 2589 1442 2656 Quis
1482 2585 1694 2640 tandem
1734 2582 1869 2637 iste?
1894 2578 2060 2648 .Quod
2101 2577 2190 2646 qui

620 2697 1005 2764 proposuerunt
1031 2701 1151 2741 cum
1187 2684 1298 2738 Deo
1322 2679 1550 2749 colloqui
1573 2718 1589 2742 ,
1617 2678 1770 2746 eique
1806 2673 2026 2744 gloriam
2054 2669 2190 2724 rel‘e-

621 2760 745 2841 runt
763 2783 808 2847 ³,
847 2795 973 2836 mox
1013 2778 1114 2832 hoc
1143 2773 1339 2830 omisso
1371 2786 1523 2825 suum
1554 2768 1773 2837 quisque
1802 2764 2031 2818 vicinum
2056 2760 2192 2815 arri-

623 2878 809 2948 piunt,
839 2873 1189 2939 ordinauitque
1226 2880 1315 2922 res
1342 2861 1661 2920 domesticas
1683 2901 1699 2924 ,
1726 2871 1950 2928 quaeque
1980 2854 2111 2909 ﬁunt
2140 2853 2194 2907 in

627 2946 768 3033 l'oro,
793 2982 911 3036 qua:
934 2965 985 3018 in
1011 2960 1223 3031 populo,
1246 2972 1364 3028 qua:
1388 2956 1441 3010 in
1463 2952 1701 3016 theatris,
1726 2966 1843 3022 qua:
1864 2950 1915 3004 in
1936 2946 2192 3012 exercitu,

626 3068 680 3115 et
708 3052 973 3129 quomodo
998 3052 1099 3107 alia
1128 3048 1342 3119 quidem
1368 3054 1491 3101 sunt
1518 3043 1879 3098 administrata
1900 3079 1918 3106 ,
1949 3039 2047 3092 alia
2074 3053 2197 3092 rur-

626 3125 999 3218 sus—neglecta,
1027 3150 1083 3198 et
1109 3138 1235 3210 quid
1258 3138 1309 3192 in
1334 3134 1580 3207 gerendis
1607 3132 1763 3187 rebus
1786 3131 1906 3200 plus
1930 3127 2058 3183 satis
2084 3125 2198 3181 fue-

626 3243 733 3306 rit,
764 3217 888 3309 quid
917 3233 1231 3289 diminutum
1264 3247 1277 3283 :
1310 3229 1361 3283 in
1391 3239 1597 3283 summa
1619 3264 1634 3289 ,
1673 3222 1740 3277 de
1769 3220 1928 3275 rebus
1954 3217 2200 3272 omnibus

628 3331 713 3385 vel
753 3326 978 3399 publicis
1001 3364 1016 3389 ,
1046 3322 1133 3378 vel
1171 3319 1424 3391 privatis,
1456 3314 1546 3371 hic
1582 3313 1972 3382 colloquuntur.
2004 3309 2071 3363 Et
2096 3322 2200 3378 qua

629 3421 838 3475 tandem
870 3416 1021 3471 venia
1046 3414 1203 3483 digna
1232 3419 1354 3465 sunt
1375 3406 1511 3464 ista?
1540 3404 1699 3475 Atqui
1735 3405 1778 3457 is
1806 3403 1895 3473 qui
1921 3417 2042 3456 cum
2078 3414 2203 3469 rege

630 3520 843 3565 terreno
866 3505 1205 3575 colloquitur,
1235 3501 1301 3555 de
1327 3499 1408 3552 his
1433 3505 1636 3552 tantum
1662 3494 1823 3548 verba
1850 3492 1973 3547 facit
1996 3490 2063 3545 de
2087 3488 2205 3559 qui-

634 3603 732 3656 bus
758 3600 843 3655 ille
875 3596 1101 3652 voluerit
1132 3593 1314 3647 audire
1336 3631 1353 3657 ,
1384 3598 1438 3645 et
1461 3587 1530 3643 de
1557 3584 1748 3657 quibus
1774 3600 1863 3639 rex
1894 3582 2050 3639 fuerit
2080 3596 2204 3651 per-

634 3702 909 3753 contatus;
954 3685 1099 3757 quod
1143 3685 1188 3739 si
1228 3684 1346 3753 quis
1386 3680 1526 3734 ausit
1565 3676 1762 3748 aliquid
1805 3675 2024 3744 injicere
2053 3687 2205 3728 secus

620 3776 793 3858 quam
819 3785 906 3838 ille
932 3781 1090 3845 velit,
1121 3787 1359 3833 extremo
1384 3772 1641 3844 supplicio
1665 3768 1925 3824 afﬁcietur
1955 3783 1968 3819 :
1998 3775 2054 3820 tu
2082 3780 2207 3819 vero

638 3894 756 3935 cum
798 3877 941 3944 Rege
975 3886 1156 3942 regum
1188 3868 1493 3939 colloquens
1515 3907 1531 3933 ,
1564 3864 1649 3919 cui
1676 3877 1796 3919 cum
1829 3871 2058 3915 tremore
2091 3873 2207 3912 ser—

640 3976 787 4027 viunt
811 3968 1006 4038 angeli,
1027 3965 1225 4020 omisso
1245 3977 1366 4017 cum
1387 3962 1477 4015 illo
1498 3968 1672 4030 coepto
1690 3970 1959 4019 sermone,
1981 3953 2050 4008 de
2074 3952 2207 4015 luto,

640 4063 709 4118 de
743 4061 958 4131 pulvere
976 4097 991 4123 ,
1023 4056 1090 4110 de
1118 4054 1239 4107 telis
1267 4065 1575 4104 aranearum
1603 4046 1872 4118 loqueris?
1901 4044 2037 4100 Nihil
2068 4042 2209 4098 enim

642 4150 785 4207 aliud
811 4155 936 4203 sunt
960 4146 1114 4213 hujus
1140 4143 1258 4197 vita:
1288 4140 1513 4209 negotia.
1547 4139 1610 4191 Et
1634 4135 1898 4207 quomodo
1924 4133 2210 4190 sustinebis

644 4246 795 4298 istius
818 4245 1150 4306 contemptus
1176 4230 1425 4304 pinnam?
1451 4229 1570 4300 quis
1593 4238 1767 4283 autem
1794 4238 1846 4283 te
1870 4227 1938 4282 ab
1968 4228 2067 4281 hac
2090 4226 2209 4279 vin-

641 4335 781 4391 dicta
810 4328 1095 4388 liberabit?

712 4426 1011 4494 Principum
1052 4416 1351 4491 negligentia
1383 4430 1516 4487 πρε
1540 4411 1763 4468 nascitur
1788 4427 1848 4466 ea:
1872 4410 2023 4478 culpa
2049 4424 2213 4478 popa-

642 4519 700 4574 li.
733 4546 805 4557 —
849 4515 1041 4570 Verum
1070 4510 1205 4566 haud
1232 4519 1376 4565 recte
1397 4523 1455 4562 se
1486 4505 1709 4567 habent,
1740 4501 2007 4571 inquiunt,
2036 4501 2213 4566 reipu-

643 4609 798 4665 blicae
823 4605 1028 4675 negotia
1047 4645 1061 4668 ,
1092 4602 1158 4657 de
1184 4601 1266 4654 his
1294 4599 1602 4668 plerumque
1632 4593 1897 4663 loquimur
1915 4630 1931 4655 ,
1958 4598 2012 4644 et
2034 4588 2101 4643 de
2131 4587 2215 4641 bis

643 4699 859 4755 solliciti
902 4696 1149 4765 anxiique
1185 4706 1386 4746 sumus.
1415 4689 1551 4756 Quid
1593 4694 1767 4742 autem
1799 4684 1849 4737 in
1881 4681 2077 4737 causa?
2108 4680 2215 4734 Eo-

646 4807 762 4845 rum
786 4831 800 4853 ,
828 4788 1101 4859 inquiunt,
1123 4785 1210 4855 qui
1233 4784 1592 4852 magistratum
1612 4786 1834 4845 gerunt,
1858 4775 2211 4844 incogitantia.

645 4881 758 4934 Non
795 4884 881 4931 est
909 4873 1289 4945 magistatuum
1314 4867 1664 4940 incogitantia
1686 4907 1701 4933 ,
1734 4866 1827 4922 sed
1857 4874 2033 4920 nostra
2077 4864 2218 4933 inju.

644 4970 811 5036 stitia,
838 4974 893 5024 et
927 4978 1085 5036 pinna
1112 4970 1195 5018 est
1234 4975 1330 5030 pro
1357 4958 1553 5013 nostris
1577 4956 1868 5012 sceleribus
1894 4962 2095 5009 exacta.
2126 4955 2218 5011 llla

646 5069 836 5116 cuncta
862 5070 1070 5113 sursum
1091 5053 1337 5108 deorsum
1360 5048 1605 5115 miscuit,
1628 5046 1715 5100 illa
1745 5045 1998 5116 quidquid
2025 5055 2108 5101 est
2131 5061 2225 5101 ca-

648 5151 940 5207 lamitatum
970 5144 1203 5207 invexit,
1245 5141 1329 5196 illa
1372 5140 1597 5194 armavit
1634 5138 1848 5203 hostes,
1897 5137 1981 5191 illa
2011 5136 2137 5192 fecit
2164 5146 2222 5193 ut

649 5242 772 5297 victi
800 5238 1215 5296 discederemus.
1244 5231 1360 5287 Non
1388 5229 1597 5283 aliunde
1625 5227 1778 5283 nobis
1803 5226 2062 5283 malorum
2091 5242 2218 5282 exa-

648 5350 770 5390 men
800 5327 1105 5392 inundavit,
1129 5339 1285 5395 quam
1307 5338 1373 5378 ex
1395 5319 1494 5375 hac
1516 5334 1692 5374 causa.
1725 5317 1953 5373 Proinde
1979 5317 2219 5388 quamvis

652 5423 913 5479 Abraham
934 5417 1195 5491 quispiam
1215 5421 1355 5470 esset
1375 5412 1463 5483 qui
1486 5412 1770 5480 imperaret
1792 5449 1806 5471 ,
1850 5409 2090 5479 quamvis
2115 5408 2223 5462 Mo-

650 5530 737 5571 ses
755 5557 770 5580 ,
798 5511 1036 5585 quamvis
1067 5505 1259 5569 David,
1284 5503 1526 5575 quamvis
1553 5498 1800 5556 Salomon
1829 5500 1915 5555 ille
1943 5499 2225 5569 sapientis-

651 5610 817 5659 simus
835 5644 850 5669 ,
872 5601 1109 5675 quamvis
1129 5596 1363 5655 omnium
1388 5593 1656 5648 hominum
1672 5590 1996 5661 justissimus
2021 5608 2034 5644 :
2062 5592 2105 5645 si
2129 5606 2223 5646 nos

718 5737 734 5768 ⁸
770 5734 920 5794 Alius,
938 5732 1153 5793 inwluit,
1172 5743 1276 5794 pro,
1300 5723 1589 5797 obambulat.

723 5799 742 5826 '
769 5782 1083 5859 Alius'habet,
1254 5782 1481 5850 servium,
1501 5800 1605 5850 pro,
1622 5784 1758 5850 eique
1774 5782 1978 5849 gloriam
1994 5787 2220 5850 referunt.

1303 382 1365 441 S.
1402 374 1676 437 JOANNIS
1709 359 2179 429 CHRYSOS’IOMI
2216 358 2535 415 ARClllEP.
2574 351 3101 412 CONSTANTINOP.

3759 339 3861 396 104

2267 475 2403 529 male
2440 473 2697 535 vivimus,
2731 470 2862 525 nihil
2893 470 3113 524 interest
3139 465 3311 539 qualis
3340 462 3435 520 ille
3461 462 3561 528 sit,
3596 472 3856 535 quantum

2266 565 2333 620 ad
2359 579 2571 619 causam
2596 563 2876 618 malorum.
2905 559 3007 627 Qui
3034 560 3112 614 sic
3132 601 3147 626 ,
3175 568 3265 613 aut
3288 555 3492 629 quare?
3520 554 3790 622 Quoniam
3816 555 3859 608 si

2271 666 2628 726 transgressor
2649 654 2824 723 legum
2847 652 3007 707 fuerit
3023 693 3039 719 ,
3062 652 3107 706 si
3131 659 3332 705 temere
3356 648 3606 717 nulloque
3630 644 3862 700 consilio

2269 749 2471 805 feratur
2489 789 2504 811 .
2534 757 2715 803 nostra
2743 744 3085 816 incogitantia
3115 752 3403 812 nostraque
3428 740 3705 795 temeritas
3730 737 3863 794 etle-

2270 840 2378 904 cit,
2407 846 2465 892 ut
2491 837 2647 893 talem
2674 836 3038 906 magistratum
3067 833 3387 889 haberemus
3405 872 3422 897 ,
3448 839 3626 886 nostra
3654 829 3864 884 scelera

2272 930 2480 1000 plagam
2499 926 2877 983 accersierunt.
2905 925 3039 980 Nam
3061 922 3203 994 quod
3245 920 3533 978 secundum
3571 918 3736 975 corda
3770 934 3866 973 no-

2274 1034 2383 1078 Stra
2411 1021 2698 1092 accipimus
2726 1019 3062 1090 magistratus
3090 1016 3223 1071 nihil
3250 1015 3393 1070 aliud
3431 1022 3545 1080 est,
3571 1013 3674 1068 nisi
3718 1012 3867 1081 quod

2275 1114 2540 1186 prasterita
2594 1119 2808 1183 peccata
2848 1118 3029 1164 nostra
3073 1108 3230 1164 talem
3261 1106 3415 1161 nobis
3442 1104 3637 1160 dedere
3668 1101 3866 1173 prate-

2275 1217 2420 1263 ctum
2440 1247 2457 1273 ,
2494 1205 2607 1261 sive
2636 1205 2754 1273 quis
2777 1202 2936 1257 fuerit
2963 1217 3030 1256 ex
3056 1199 3243 1255 ordine
3273 1196 3622 1263 sacerdotali,
3653 1196 3783 1251 sive
3814 1208 3875 1248 ex

2277 1315 2461 1355 eorum
2483 1312 2705 1354 numero
2728 1298 2815 1367 qui
2841 1294 3135 1351 mundanas
3158 1292 3528 1348 administrant
3551 1289 3869 1356 dignitates.

2278 1390 2528 1459 Quamvis
2570 1396 2746 1442 autem
2783 1386 2958 1456 justus
3007 1384 3199 1448 fuerit,
3252 1381 3492 1451 adeoque
3540 1380 3766 1449 justus,
3815 1391 3873 1434 ut

2280 1496 2447 1552 usque
2475 1480 2541 1535 ad
2580 1479 2739 1534 Musis
2768 1479 3013 1533 virtutem
3035 1476 3320 1546 pertingat,
3345 1473 3481 1528 haud
3515 1484 3691 1527 tamen
3722 1472 3873 1529 illius

2282 1572 2435 1627 unius
2478 1571 2681 1643 justitia
2727 1571 2984 1639 immensa
3012 1570 3027 1599 ¹
3060 1566 3389 1621 subditorum
3424 1574 3640 1634 peccata
3672 1563 3875 1617 valebit

2282 1666 2571 1735 obtegere:
2617 1664 2776 1734 idque
2802 1662 2998 1733 poterit
3026 1661 3145 1731 quis
3170 1675 3236 1714 ex
3264 1659 3379 1730 ipso
3408 1658 3554 1713 Mose
3592 1667 3756 1713 certo
3786 1671 3875 1711 co—

2282 1774 2559 1829 gnoscere.
2589 1756 2724 1812 Cum
2752 1756 2894 1811 enim
2916 1756 3001 1809 ille
3022 1753 3203 1809 multis
3232 1751 3406 1807 modis
3430 1749 3662 1806 afﬂictus
3682 1748 3878 1805 fuisset

2286 1867 2382 1921 pro
2412 1849 2602 1914 Israel,
2635 1849 2994 1917 instanterque
3031 1844 3170 1916 apud
3199 1844 3366 1899 Deum
3393 1842 3794 1912 supplicasset,
3824 1850 3881 1895 ut

2287 1951 2485 1997 terram
2527 1940 2841 2011 promissam
2887 1939 2941 1992 in
2983 1946 3182 1992 sortem
3225 1935 3330 1990 illis
3374 1935 3641 2000 traderet,
3694 1942 3879 1988 tamen

2286 2033 2533 2104 quoniam
2574 2047 2633 2086 se
2670 2031 2895 2101 populus
2922 2028 3033 2083 suis
3070 2026 3302 2098 peccatis
3330 2024 3631 2080 reddiderat
3655 2022 3734 2079 ab
3787 2024 3881 2078 hac

2289 2123 2619 2193 promissone
2642 2122 2871 2176 alienum
2893 2161 2909 2186 ,
2933 2134 3039 2174 non
3068 2118 3235 2187 potuit
3264 2115 3425 2171 Mosis
3461 2114 3785 2184 deprecatio
3805 2115 3883 2185 ju-

2290 2225 2426 2269 stam
2457 2214 2548 2269 Dei
2579 2213 2892 2267 sententiam
2933 2211 3243 2276 immutare,
3272 2222 3379 2279 quo
3418 2206 3614 2261 factum
3640 2216 3702 2260 ut
3738 2215 3882 2262 totus

2291 2304 2377 2359 ille
2402 2303 2625 2373 p0pulus
2669 2303 2720 2356 in
2746 2302 2959 2357 deserto
2989 2306 3431 2370 prosterneretur.
3462 2297 3712 2351 Attamen
3768 2297 3884 2367 quis

2292 2394 2433 2448 Mose
2459 2394 2675 2462 justior,
2704 2401 2796 2447 aut
2838 2392 2956 2463 quis
2998 2391 3115 2461 plus
3160 2389 3326 2443 valuit
3349 2387 3487 2459 apud
3543 2387 3765 2444 Deum?
3796 2387 3884 2442 Di-

2292 2495 2433 2539 ctum
2461 2495 2540 2539 est
2560 2524 2575 2547 ,
2602 2484 2778 2538 valere
2813 2481 2944 2552 justi
2982 2480 3438 2552 deprecationem,
3466 2478 3556 2533 sed
3599 2478 3882 2534 efﬁcacem

2295 2575 2434 2646 (Jac.
2453 2577 2507 2630 5.
2539 2575 2647 2644 to),
2667 2574 2767 2631 hoc
2792 2584 2893 2641 est,
2916 2573 3221 2643 poenitentia
3247 2570 3704 2641 conversioneque
3728 2570 3884 2639 adju-

2295 2681 2400 2724 tam
2429 2684 2610 2724 eorum
2631 2707 2648 2733 ,
2691 2682 2788 2739 pro
2814 2668 3005 2738 quibus
3048 2664 3300 2720 funditur.
3348 2664 3442 2719 His
3472 2678 3598 2719 vero
3620 2705 3638 2730 ,
3688 2664 3887 2733 quibus

2297 2776 2471 2817 mores
2511 2769 2726 2816 manent
2763 2760 2880 2815 sine
2926 2757 3233 2830 pcenitentia
3264 2756 3498 2825 citraque
3523 2757 3723 2810 bonam
3756 2770 3886 2810 eon-

2296 2854 2592 2909 versionem
2610 2894 2625 2918 ,
2652 2850 2918 2923 quomodo
2942 2850 3105 2921 possit
3124 2848 3364 2904 auxiliari
3384 2847 3508 2919 justi
3526 2848 3851 2917 deprecatio
3870 2888 3885 2911 ,

2298 2960 2418 2999 cum
2449 2944 2524 2998 illi
2554 2943 2651 3013 ipsi
2681 2942 2791 2997 suis
2816 2941 2966 2995 factis
2992 2938 3288 2995 obsistam?

2375 3036 2427 3092 5.
2459 3035 2527 3090 Et
2544 3034 2668 3106 quid
2688 3046 3167 3089 commemoramus
3188 3032 3289 3087 hoc
3306 3029 3559 3087 accidisse
3584 3029 3691 3085 toti
3718 3045 3892 3099 popu-

2302 3125 2353 3180 lo
2380 3125 2647 3195 peccanti,
2692 3139 2813 3178 cum
2854 3132 2908 3178 et
2951 3136 3234 3193 paucorum
3263 3121 3594 3177 subditorum
3626 3130 3890 3191 peccata,

2303 3222 2409 3273 imo
2428 3218 2581 3271 unius
2600 3230 2760 3285 smpe,
2780 3215 2922 3284 juste
2944 3213 3310 3284 imperantium
3331 3211 3571 3265 ﬁduciam
3593 3212 3896 3280 superent?

2305 3314 2476 3381 Atque
2517 3308 2619 3363 hoc
2659 3320 2841 3362 rursus
2880 3320 2946 3361 ex
2988 3305 3178 3361 eodem
3216 3303 3410 3375 populo
3440 3301 3741 3357 Israelitico
3772 3318 3898 3373 pcr-

2305 3402 2493 3471 spicias
2523 3398 2736 3465 licebit;
2783 3396 3048 3469 quomodo
3074 3395 3279 3452 scilicet
3316 3394 3461 3450 Mose
3502 3394 3900 3464 rempublicam

2306 3492 2707 3546 administrante
2727 3531 2740 3554 ,
2770 3504 2890 3544 cum
2919 3488 2972 3543 in
2998 3496 3193 3544 terram
3217 3487 3634 3557 alienigenarum
3666 3486 3902 3557 irrupis«

2308 3595 2457 3652 sent,
2486 3598 2819 3655 pugnamque
2839 3598 2961 3639 cum
2975 3583 3078 3638 illis
3090 3580 3503 3645 commisissent,
3526 3577 3749 3648 quidam
3780 3578 3904 3632 illo-

2309 3694 2427 3733 rum
2472 3677 2795 3732 insanientes
2838 3676 2891 3730 in
2930 3674 3139 3729 illorum
3182 3672 3459 3737 mulieres,
3505 3660 3667 3725 totius
3715 3671 3903 3741 populi

2309 3767 2857 3839 clademexitiumque
2879 3767 3212 3824 iuvexerunt.

2382 3862 2612 3917 Historia
2640 3861 2829 3915 Achar.
2849 3860 2998 3915 Iesus
3013 3859 3161 3915 Nave
3180 3859 3343 3930 ﬁgura
3365 3857 3487 3910 Jesu
3512 3853 3728 3911 Christi.
3760 3856 3909 3909 Ana-

2314 3955 2479 4008 thema
2502 3953 2642 4023 quid.
2670 3950 2833 4007 Unius
2869 3951 3139 4021 aliquando
3164 3958 3418 4021 peccatum
3442 3948 3532 4000 loli
3558 3948 3758 4016 papula
3791 3947 3913 3999 ein-

2314 4047 2500 4100 dictam
2545 4041 3067 4111 accersita—Simile
3095 4040 3362 4111 quidpiam
3408 4039 3460 4093 in
3508 4052 3617 4091 uno
3672 4036 3911 4102 accidit,

2314 4139 2559 4193 videlicet
2602 4136 2796 4199 Achar,
2827 4135 2916 4203 qui
2942 4149 3062 4189 cum
3093 4134 3294 4187 variam
3316 4147 3380 4186 ex
3408 4130 3769 4184 anathemate
3797 4138 3918 4183 sto—

2318 4230 2421 4284 lam
2449 4229 2779 4293 sustulisset,
2814 4228 2975 4281 etiam
3005 4225 3261 4280 adversus
3308 4224 3558 4293 populum
3609 4221 3758 4276 iram
3817 4223 3918 4277 Dei

2317 4319 2588 4377 succendit
2612 4318 2787 4391 (Iosue
2808 4317 2882 4389 7).
2908 4317 3124 4378 Verum.
3144 4325 3199 4370 ut
3213 4315 3457 4385 conjicio,
3477 4312 3762 4369 nonnullis
3782 4329 3924 4384 pra:-

2317 4414 2545 4468 sentium
2576 4413 2751 4482 ignota
2778 4419 2860 4465 est
2883 4408 2997 4464 hazc
3023 4409 3261 4462 historia.
3288 4404 3645 4474 Quamobrem
3673 4419 3928 4459 necesse

2319 4512 2420 4568 est,
2451 4512 2507 4557 ut
2533 4502 2715 4573 paucis
2738 4500 2805 4556 de
2828 4499 2929 4555 hac
2957 4499 3225 4568 loquutus,
3252 4505 3307 4553 et
3330 4497 3560 4553 scientes
3584 4509 3930 4550 commone-

2321 4595 2531 4662 faciam,
2561 4602 2616 4650 et
2642 4594 2939 4650 nescientes
2961 4590 3203 4647 doceam.
3236 4589 3409 4644 Achar
3432 4589 3608 4659 itaque
3632 4587 3747 4642 fuit
3779 4603 3933 4643 unus

2323 4701 2385 4741 ex
2413 4701 2596 4741 eorum
2626 4700 2849 4741 numero
2879 4684 2968 4754 qui
3010 4697 3129 4738 cum
3155 4681 3281 4736 Jesu
3306 4680 3451 4736 Nave
3482 4678 3763 4733 transiere
3802 4678 3934 4733 Jor-

2323 4776 2532 4842 danem,
2556 4781 2648 4849 qui
2666 4780 2825 4835 Jesus
2849 4778 3027 4833 fuerat
3052 4783 3176 4830 ante
3200 4774 3292 4828 Dei
3314 4770 3514 4841 judicio
3534 4769 3799 4825 delectus
3824 4813 3841 4835 ,
3874 4782 3935 4826 ut

2324 4870 2486 4942 Moysi
2513 4867 2837 4932 succederet,
2883 4866 3077 4937 quique
3109 4875 3288 4937 typum
3326 4879 3389 4919 ac
3432 4864 3655 4933 ﬁguram
3681 4865 3937 4933 gerebat

2325 4962 2434 5015 veri
2467 4959 2762 5014 Servatoris
2800 4958 2965 5013 nostri
3006 4957 3131 5013 lesu
3177 4954 3391 5011 Christi.
3437 4954 3937 5024 Quemadmodum

2325 5054 2467 5110 enim
2498 5054 2588 5108 ille
2611 5069 2641 5108 e
2669 5051 2886 5108 deserto
2910 5065 3003 5121 per
3028 5049 3313 5107 Jordanem
3353 5049 3406 5103 in
3436 5055 3635 5102 terram
3675 5049 3938 5117 promis-

2325 5165 2438 5206 sam
2492 5146 2736 5217 perduxit
2776 5146 3053 5218 populum,
3096 5145 3174 5199 sic
3200 5151 3255 5198 et
3299 5141 3551 5199 Servator
3598 5150 3809 5197 noster
3864 5158 3939 5197 ex

2327 5240 2635 5312 ignorantia:
2660 5248 2713 5294 et
2758 5237 3067 5292 idololatriae
3093 5235 3305 5291 deserto
3343 5249 3437 5304 per
3464 5240 3713 5288 sanctum
3740 5248 3819 5289 ac
3848 5250 3940 5289 sa-

2327 5331 2594 5388 lutiferum
2634 5329 2953 5399 baptismum
2981 5328 3034 5382 in
3079 5328 3344 5381 caelestem
3373 5324 3784 5394 Jerosolymarn
3830 5342 3941 5381 nos

2329 5423 2579 5488 traduxit,
2610 5421 2678 5476 ad
2720 5428 2947 5475 matrem
2978 5416 3473 5489 primogenitorum,
3516 5415 3568 5469 in
3614 5430 3727 5486 qua
3774 5429 3943 5473 vera

2327 5516 2520 5587 quietis
2546 5524 2743 5587 parata:
2766 5522 2891 5569 sunt
2910 5511 3233 5575 mansiones,
3257 5508 3346 5563 ubi
3371 5509 3477 5563 vita
3511 5508 3799 5566 tumultus
3832 5528 3945 5568 ne-

2328 5612 2434 5666 scia
2464 5609 2806 5679 paciﬁcaquc.
2838 5607 2933 5661 Iiic
2962 5607 3137 5676 itaque
3161 5617 3281 5658 cum
3303 5601 3421 5673 ejus
3454 5602 3652 5657 virtute
3673 5604 3786 5674 qui
3814 5605 3944 5672 jus-

2395 5788 2411 5817 ι
2450 5792 2575 5834 L'uus
2596 5783 2759 5842 habet,
2783 5786 2962 5839 nostra,
2987 5789 3090 5841 pro,
3113 5771 3362 5825 immensa.
