3992 6300
255 206 342 269 103
1218 198 1286 261 ΙΝ
1318 198 1553 267 ILLUD,
1594 192 1729 259 VIDI
1771 201 1832 256 D(

1940 197 2107 263 NUM,
2146 197 2383 252 HOMIL.
2427 196 2468 249 1.

253 324 447 395 ροῦντα’
509 321 611 376 καὶ
659 320 831 387 αὐτὸς
871 322 929 375 δὲ
970 324 1000 376 6
1048 322 1256 393 Κύριος
1298 322 1454 376 τοῦτο
1492 319 1807 373 διαϐεϐαιοῖ.

253 407 367 464 Εἶτα
382 404 591 461 τούτων
613 405 716 477 μὲν
741 409 1126 479 καταφρονεῖς,
1148 409 1207 460 ἐν
1233 403 1314 470 οἷς
1339 405 1433 459 καὶ
1460 406 1490 457 6
1516 402 1610 457 τοῦ
1632 419 1810 455 συνει-

251 495 378 555 δότος
415 491 602 561 φόϐος,
636 490 735 543 καὶ
754 493 786 543 6
818 491 931 543 τῶν
958 490 1354 561 πεπραγμένων
1377 488 1616 558 ἐλεγχος,
1655 486 1747 539 καὶ
1773 486 1808 556 ἡ

252 578 343 629 τῶν
371 573 612 627 εὐθυνῶν
640 572 877 641 ἀγωνία,
910 574 1003 626 καὶ
1039 574 1100 625 τὸ
1131 573 1231 641 τῆς
1265 572 1538 632 κολάσεως
1576 569 1811 641 ἀπαραί-

255 674 425 729 τητον·
476 656 565 709 ῖνα
593 656 657 708 δὲ
697 656 972 727 πρόφασιν
1006 656 1195 723 ἄλογον
1235 655 1343 707 τῶν
1378 655 1485 707 σῶν
1516 652 1752 724 ἐφεύρης
1784 663 1811 692 ι

256 739 655 815 μετεώρισμῶν,
693 739 1022 808 ὠφελεῖσθαι
1053 739 1247 806 λέγεις,
1276 740 1332 790 ἐν
1370 732 1451 800 οἷς
1470 738 1569 807 τήν
1599 738 1814 803 ἀπαρα-

258 824 475 895 μύθητον
492 822 793 893 ὑπομένεις
806 821 1011 892 ζημίαν
1032 839 1050 886 -;
1079 820 1191 891 Μὴ,
1206 820 1395 891 δέομαι
1417 821 1510 874 καὶ
1526 817 1810 880 ἀντιϐολῶ,

256 908 319 978 μή
351 903 821 978 προφασιςώμεθα
851 904 1151 975 προφάσεις
1186 905 1242 955 ἐν
1262 903 1557 973 ἁμαρτίαις
1576 918 1590 933 ο
1618 901 1816 970 σκῆψις

254 992 348 1061 γὰρ
392 988 591 1049 ταῦτα,
639 989 735 1040 καὶ¹
784 988 972 1055 ἀπάτη
1020 986 1148 1057 ἡμῖν
1196 986 1382 1049 αὐτοῖς
1416 985 1478 1038 τὸ
1529 984 1817 1055 ἐπιζήμιον

256 1073 599 1144 προξενοῦσα.
650 1070 809 1123 Ἀλλά
850 1072 980 1141 περὶ
1017 1069 1206 1122 τούτου
1241 1069 1339 1139 μὲν
1386 1067 1653 1123 τοσαῦτα·
1701 1068 1818 1138 ῶρα

255 1159 303 1211 δὲ
333 1157 516 1209 λοιπὸν
550 1158 631 1219 εἰς
660 1155 759 1225 τήν
789 1148 1060 1224 προτέραν
1101 1153 1432 1224 ἀναδραμεῖν
1475 1151 1816 1221 παραίνεσιν,

259 1241 342 1294 καὶ
364 1240 577 1310 βραχέα
595 1239 724 1308 περὶ
748 1238 952 1305 ταύτης
974 1238 1215 1297 εἰπόντα,
1232 1236 1505 1306 προσῆκον
1525 1233 1676 1295 τέλος
1707 1232 1822 1284 ἐπι-

258 1325 420 1378 θεῖναι
436 1323 515 1392 τῷ
539 1322 706 1391 λόγῳ.
736 1322 845 1373 Kal
861 1322 970 1392 γὰρ
994 1321 1055 1373 ού
1086 1320 1243 1390 μόνον
1270 1318 1341 1370 τά
1366 1317 1464 1386 τῆς
1489 1315 1711 1379 ἀταξίας
1735 1315 1822 1366 ἐν-

259 1407 440 1469 ταῦθα,
472 1405 612 1459 ἀλλά
644 1405 952 1476 καίςέτερόν
984 1421 1035 1457 τι
1076 1401 1305 1474 χαλεπὸν
1338 1402 1647 1472 περινοστεῖ
1675 1399 1703 1437 Ιι
1738 1397 1822 1449 νό-

261 1506 419 1560 σημα.
456 1492 618 1556 Ποῖον
660 1488 724 1559 δὴ
752 1488 949 1553 τοῦτο;
996 1487 1070 1539 Τὸ
1106 1486 1239 1555 πρὸς
1273 1483 1405 1537 Θεὸν
1448 1484 1547 1554 τήν
1592 1482 1822 1545 διάλεξιν

261 1572 521 1625 ποιεῖσθαι
578 1570 971 1641 προθεμένους,
1018 1571 1111 1622 καὶ
1166 1568 1315 1637 αὐτῷ
1366 1566 1463 1636 τὴν
1516 1564 1823 1633 δοξολογίυιν

262 1654 697 1724 ἀναπέμποντας,
713 1650 831 1705 εἶτα
858 1654 1095 1721 ἀφέντας
1115 1652 1323 1713 τοῦτον,
1340 1650 1432 1703 τὸν
1455 1650 1681 1718 πλησίον
1702 1650 1825 1703 έκα⁹

264 1755 375 1800 στος
411 1736 706 1788 ἀπολαϐεῖν
737 1737 829 1788 καὶ
856 1736 924 1789 τά
948 1737 1065 1788 κατ’
1096 1730 1242 1787 οἷκον
1287 1732 1642 1795 διατίθεσθαι,
1671 1733 1738 1785 τὰ
1765 1734 1823 1783 ἐν

263 1822 373 1883 ταῖς
411 1821 658 1890 ἀγοραῖς,
693 1818 760 1870 τὰ
787 1820 845 1870 ἐν
889 1818 967 1887 τῷ
995 1817 1169 1888 δήμῳ,
1209 1818 1278 1870 τά
1318 1819 1376 1869 ἐν
1406 1818 1519 1880 τοῖς
1551 1816 1822 1884 θεάτροις,

264 1907 325 1958 τὰ
349 1907 406 1957 ἐν
434 1904 511 1972 τῷ
544 1902 779 1972 στρατῷ,
808 1902 902 1955 καὶ
932 1901 1048 1964 πῶς
1080 1900 1175 1971 μὲν
1195 1901 1369 1954 ταῦτα
1401 1900 1669 1971 διῳκήθη,
1704 1904 1824 1963 πῶς

267 1989 317 2041 δὲ
344 1990 524 2041 ἐκεῖνα
572 1986 925 2056 παρεωράθη,
954 1983 1048 2037 καὶ
1084 1985 1136 2036 τί
1170 1983 1231 2036 τὸ
1276 1985 1569 2048 πλεονάζον
1611 1986 1670 2036 ἐν
1700 1985 1823 2046 ταῖς

272 2069 685 2142 πραγματείαις,
717 2069 769 2120 τί
807 2067 866 2120 δὲ
900 2067 962 2119 τὸ
1003 2067 1245 2119 ἐλλεῖπον
1269 2084 1283 2098 ο
1325 2069 1419 2120 καὶ
1465 2067 1654 2130 ἁπλῶς
1695 2067 1824 2136 περὶ

272 2156 472 2208 πάντων
507 2152 615 2205 τῶν
646 2150 840 2203 κοινῶν
873 2150 967 2202 καὶ⁵
1011 2150 1153 2203 ἰδίων
1198 2150 1433 2204 ἐνταῦθα
1460 2150 1820 2218 διαλέγονται.

271 2239 369 2292 Καὶ
394 2239 553 2299 ποίας
583 2234 756 2288 ταῦτα
790 2233 1117 2302 συγγνώμης
1150 2232 1306 2299 dena;
1348 2233 1460 2287 Kal
1493 2233 1699 2304 βασιλεῖ
1728 2232 1827 2301 μέν

275 2339 345 2384 τις
380 2319 454 2390 τῷ
499 2316 731 2387 ἐπιγείῳ
781 2316 1178 2385 διαλεγόμενος,
1214 2317 1343 2386 περὶ
1376 2316 1597 2370 ἐκείνων
1653 2315 1827 2386 μόνων

275 2405 488 2456 ποιεῖται
510 2401 603 2453 τον
629 2401 806 2467 λόγον,
831 2401 961 2468 περὶ
988 2392 1062 2450 ὧν
1087 2398 1149 2451 ἂν
1170 2400 1375 2462 ἐκεῖνος
1402 2398 1706 2469 βουληθείη,
1734 2400 1829 2451 καὶ

277 2479 340 2539 ὧν
376 2482 641 2554 προτείνει
676 2492 699 2520 ε
738 2481 837 2543 τὰς
882 2483 1175 2551 ἐρωτήσεις
1200 2498 1212 2509 ·
1258 2483 1307 2534 εί
1336 2482 1393 2534 δὲ
1422 2482 1516 2535 καὶ
1558 2481 1743 2551 ἕτερόν
1768 2498 1823 2532 τι

278 2569 411 2637 παρά
434 2568 534 2637 τήν
564 2565 776 2618 ἐκείνου
809 2564 1034 2634 γνώμην
1072 2564 1360 2617 ὑποϐαλεῖν
1381 2565 1690 2635 τολμήσειε,
1731 2565 1830 2634 τὴν

279 2653 490 2721 ἐσχάτην
508 2648 785 2719 τιμωρίαν
808 2650 1171 2718 ὑποστήσεται
1194 2665 1208 2678 ·
1235 2649 1298 2700 σὺ
1323 2649 1381 2701 δέ
1402 2648 1478 2719 τῷ
1502 2649 1706 2717 βασιλεῖ
1724 2649 1832 2700 τῶν

282 2733 651 2803 βασιλεώντων
675 2730 1042 2801 προσομιλῶν,
1079 2722 1123 2797 ᾧ
1148 2730 1460 2801 φρίττοντες
1490 2730 1831 2800 λειτουργοῦ-

282 2836 352 2870 σιν
383 2814 530 2889 [ΙΟΞ]
574 2814 820 2882 ἄγγελοι,
865 2813 1023 2881 ἀφεὶς
1067 2813 1164 2882 τὴν
1194 2813 1329 2884 πρὸς
1370 2815 1533 2867 αὐτὸν
1576 2814 1831 2879 διάλεξιν,

280 2902 392 2972 περὶ
418 2897 615 2969 πηλοῦ,
644 2899 740 2950 καὶ
758 2895 984 2958 κόνεως,
1006 2897 1099 2948 καὶ
1114 2896 1354 2966 ἀράχνης
1381 2896 1600 2968 διαλέγῃ
1616 2914 1629 2961 ;
1648 2896 1835 2950 Ταῦτα

277 2985 372 3054 γάρ
398 2984 508 3035 ἐστι
543 2980 613 3034 τά
646 2979 895 3049 παρόντα
917 2978 1236 3048 πράγματα.
1266 2980 1375 3032 Καὶ
1409 2978 1522 3041 πῶς
1548 2984 1712 3042 οῐσεις
1738 2981 1834 3049 τὴν

276 3068 363 3137 τῆς
404 3067 865 3136 καταφρονήσεως
900 3060 1095 3130 δίκην;
1124 3063 1206 3124 τίς
1254 3062 1309 3115 δέ
1357 3079 1415 3113 σε
1452 3064 1551 3132 τῆς
1584 3062 1836 3133 τοιαύτης

279 3150 610 3219 ἐξαιρήσεται
640 3144 916 3216 τιμωρίας
932 3161 947 3211 ;

350 3232 502 3285 Ἀλλά
543 3230 757 3293 κακῶς,
800 3228 955 3297 φησὶ,
997 3227 1068 3281 τὰ
1110 3228 1217 3282 τῶν
1245 3228 1603 3299 πραγμάτων,
1638 3230 1729 3281 καὶ
1769 3230 1839 3282 τὰ

273 3314 367 3386 τῆς
393 3315 664 3375 πολιτείας
691 3313 1020 3375 διάκεινται,
1035 3312 1129 3365 καὶ
1155 3311 1320 3374 πολὺς
1347 3314 1475 3382 ήμῖν
1499 3313 1625 3383 περὶ
1649 3314 1837 3367 τούτου

271 3401 300 3451 6
321 3399 493 3465 λόγος,
523 3398 690 3458 πολὺς
722 3397 752 3447 6
779 3392 952 3463 ἀγών.
974 3389 1085 3446 Καὶ
1111 3394 1195 3457 τίς
1222 3395 1257 3464 ή
1286 3395 1464 3461 αίτία,
1493 3397 1557 3447 'H
1582 3396 1687 3448 τῶν
1711 3414 1840 3466 κρα-

272 3482 523 3542 τούντων,
570 3479 758 3551 φησιν,
793 3477 1041 3532 ἀϐουλία.
1091 3478 1203 3549 Οὐχ
1255 3478 1289 3547 ἡ
1336 3477 1443 3530 τῶν
1494 3479 1839 3549 κρατούντων

278 3558 518 3627 ἀϐουλία,
548 3562 679 3616 ἀλλὰ
700 3564 734 3633 ή
766 3564 799 3631 ἡ
810 3560 925 3632 μῶν
948 3561 1209 3632 ἁμαρτία,
1238 3563 1270 3631 ἡ
1306 3561 1413 3613 τῶν
1435 3562 1837 3633 πλημμελημά-

278 3666 387 3702 των
437 3646 735 3716 εῖσπραξις.
784 3645 1004 3716 Ἑκείνη
1052 3644 1120 3698 τὰ
1166 3645 1281 3701 ἄνω
1324 3645 1476 3699 κάτω
1519 3645 1838 3715 πεποίηκεν,

276 3730 458 3800 ἐκείνη
487 3731 653 3783 πάντα
693 3729 765 3783 τά
808 3727 960 3781 δεινὰ
986 3728 1299 3798 είσήγαγεν,
1325 3727 1504 3797 ἐκείνη
1538 3728 1662 3791 τοὺς
1690 3728 1844 3780 πολέ-

280 3833 412 3884 μους
429 3813 456 3851 ἀ
494 3813 814 3877 ὲξώπλισεν,
855 3811 1038 3881 ἐκείνη
1061 3811 1157 3882 τὴν
1176 3808 1346 3882 ἧτταν
1370 3814 1687 3883 ἐνήργησεν.
1731 3813 1843 3864 Οὐκ

273 3897 490 3952 ἄλλοθεν
519 3898 647 3967 ἡμῖν
680 3897 710 3948 6
740 3894 850 3947 τῶν
893 3894 1131 3964 ἀνιαρῶν
1162 3894 1329 3964 ἐσμὸς
1374 3894 1699 3967 ύπερεχέθη,
1728 3896 1842 3948 ἀλλ’

277 3980 309 4049 ῆ
356 3981 421 4033 ἐκ
444 3978 649 4050 ταύτης
678 3979 780 4049 τῆς
808 3978 1007 4040 αίτίας.
1034 3977 1197 4029 Ὥστε
1226 3977 1327 4030 κᾶν
1361 3978 1610 4050 Ἀϐραάμ
1636 3997 1718 4040 τις
1817 3982 1845 4031 6

276 4062 506 4132 κρατῶν,
538 4062 646 4115 κάν
676 4061 941 4130 Μωῦσῆς,
970 4060 1074 4113 κᾶν
1096 4056 1278 4124 Δαυῗδ,
1308 4061 1411 4114 κᾶν
1437 4060 1688 4132 Σολομὼν
1715 4065 1742 4115 6
1766 4080 1846 4114 σο·

276 4145 537 4213 φώτατος,
561 4143 667 4198 κᾶν
683 4145 940 4198 ἁπάντων
960 4143 1297 4215 δικαιότερος
1319 4157 1341 4183 ο
1356 4145 1450 4198 ἀνθ
1460 4145 1676 4216 ρώπων,
1690 4146 1845 4216 ήμῶν

276 4229 451 4292 κακῶς
472 4227 858 4297 διακειμένων,
884 4226 1183 4296 ἀδιάφορον
1204 4227 1318 4296 ἔχει
1342 4227 1438 4297 τήν
1462 4230 1596 4299 πρὸς
1613 4229 1682 4281 τά
1700 4228 1847 4282 κακὰ

276 4313 470 4366 αἰτίαν.
498 4311 630 4374 Πῶς
654 4311 753 4363 καὶ
778 4310 884 4362 τίνι
912 4310 1096 4380 τρόπῳ
1120 4328 1134 4376 ;
1169 4311 1289 4364 ’Ὁτι
1318 4312 1365 4363 εί
1408 4311 1505 4381 μὲν
1536 4312 1644 4363 τῶν
1674 4330 1847 4383 παρα-

279 4396 603 4466 νομωτάτων
632 4396 743 4464 είη,
778 4394 871 4447 xal
898 4393 1007 4445 τῶν
1038 4392 1349 4464 ἀϐουλήτως
1372 4394 1465 4447 καὶ
1479 4395 1729 4458 ἀτάκτως
1752 4414 1847 4465 φε-

280 4478 538 4548 ρομένων,
567 4480 603 4547 ἡ
653 4475 811 4547 ήμῶν
844 4475 1069 4529 ἀϐουλία
1108 4477 1201 4529 καὶ
1241 4476 1439 4542 ἀταξία
1478 4477 1569 4530 τὸν
1610 4478 1847 4532 τοιοῦτον

281 4561 716 4635 ἐκαρποφόρησε,
742 4561 811 4612 τὰ
840 4560 1081 4629 ἡμέτερα
1104 4560 1476 4631 ἁμαρτήματα
1511 4560 1610 4632 τὴν
1637 4562 1847 4633 πληγὴν

282 4647 627 4717 προεξένησε.
667 4643 740 4696 Τὸ
765 4642 872 4713 γάρ
904 4641 1047 4695 κατὰ
1076 4642 1171 4706 τὰς
1200 4643 1426 4715 καρδίας
1452 4645 1608 4715 ήμῶν
1646 4644 1849 4715 λαμϐά-

284 4746 386 4784 νειν
419 4730 693 4801 ἄρχοντας
734 4726 886 4779 οὐδὲν
924 4724 1112 4796 ἔτερόν
1149 4726 1318 4788 ἐστιν,
1355 4726 1469 4780 ἀλλ’
1497 4728 1532 4797 ἢ
1557 4727 1737 4796 τοῦτο,
1768 4730 1850 4781 ὄτι

288 4811 764 4885 πῳημαρτηκότες
778 4807 1019 4863 τοιούτου
1037 4806 1131 4861 τοῦ
1152 4812 1546 4883 προεστηκότος
1564 4812 1847 4884 ἐτύχομεν,

290 4898 379 4950 κάν
397 4916 455 4951 τε
480 4897 592 4950 τῶν
638 4895 948 4964 ἱερωμένων
1038 4909 1142 4955 τις,
1177 4896 1277 4948 κᾶν
1314 4913 1373 4948 τε
1399 4895 1506 4948 τῶν
1534 4897 1630 4960 τὰς
1662 4915 1853 4968 κοσμι-

348 5119 373 5147 ⁸
396 5118 527 5168 l'nus
552 5117 689 5179 ἔχῃς.
706 5116 877 5179 Paulo
898 5120 1013 5175 post
1045 5112 1435 5179 quinquesexve
1461 5128 1575 5163 mss.
1614 5123 1667 5179 ei
1699 5116 1848 5165 Savil.

296 5187 417 5247 ιςεειο
440 5176 628 5247 αομάί
656 5178 817 5247 Εόίιὶο
835 5176 1010 5226 lorel.
1057 5181 1183 5225 male
1206 5177 1422 5237 δεόμεθα,
1445 5182 1501 5225 ιιι
1526 5177 1750 5241 arguitur
1788 5192 1851 5225 ex

297 5241 509 5289 ἀντιϐολῶ
531 5241 782 5300 sequenti.

298 5363 311 5372 _
353 5301 381 5340 δ
404 5300 862 5375 Αίὶηδηκατακρατεῖ.
891 5300 1048 5349 Paulo
1075 5304 1185 5361 post
1215 5301 1339 5348 alius
1369 5301 1449 5348 καὶ
1470 5302 1599 5365 αῦτῷ
1629 5303 1717 5359 τὴν
1744 5304 1852 5350 δου-

358 5482 676 5553 }Legeqdqm
698 5482 897 5553 videtur
918 5482 1188 5553 πολεμίαις.
1213 5483 1311 5534 Sed
1355 5488 1516 5534 omnia
1548 5489 1853 5553 exemplaria

296 5546 515 5608 meum;
548 5547 742 5596 habent.
767 5546 1001 5596 Erasmus
1026 5546 1471 5608 itainterprelams
1494 5554 1592 5608 est,
1614 5563 1669 5598 ac
1699 5546 1739 5598 ὲὶ
1764 5567 1854 5597 πο-

298 5607 476 5666 λεμίους
516 5611 705 5671 legeril.
741 5608 903 5672 Pallio
923 5615 1036 5668 post
1058 5606 1117 5653 ad
1140 5606 1305 5655 vocem
1328 5606 1601 5672 ὑπερεχέθη,
1626 5612 1775 5661 Savil.
1804 5616 1851 5659 in

298 5679 443 5727 marg.
475 5670 599 5718 notat
621 5670 885 5718 ἐπλεόνασε.

338 5790 349 5796 ,
369 5741 391 5797 ξ
412 5734 498 5797 Sex
528 5746 639 5780 mss.
658 5730 1066 5797 apapgwlégepog,
1104 5730 1249 5797 male.
1292 5732 1342 5779 ni
1364 5730 1532 5795 fallor;
1560 5746 1670 5783 nam
1693 5733 1772 5784 hic
1790 5735 1853 5783 de

308 5793 416 5837 viris
436 5796 595 5843 n’nute
627 5793 1030 5855 praecellenLibus
1060 5793 1238 5852 agitur.

573 5897 846 5959 ΡΔτιιοι..
893 5892 1012 5955 Gn.
1062 5892 1218 5954 LVI.

1805 5969 1835 5978 -ι

3381 189 3477 242 1N-

1918 315 2022 378 κάς
2051 314 2343 366 διεπόντων
2372 309 2619 375 ἐξουσίας
2651 310 2692 363 ί.
2728 310 2791 362 Εἰ
2831 306 2885 361 δέ
2918 306 3013 361 καὶ
3045 305 3164 359 λίαν
3190 303 3394 369 δίκαιος
3422 300 3479 381 ᾗ,

1918 400 2013 452 καὶ
2045 397 2188 451 οὕτω
2212 396 2439 458 δίκαιος,
2483 394 2623 448 ὥστε
2661 393 2822 465 μέχρι
2846 395 2945 463 τῆς
2980 391 3255 453 Μωῡσέως
3282 392 3482 461 ἀρετῆς

1913 481 2255 555 ἐληλακέναι,
2281 480 2432 549 ούχή
2464 476 2629 531 αὐτοῦ
2656 477 2815 548 μόνου
2834 476 3145 543 δικαιοσύνη
3176 474 3245 528 τά
3269 474 3483 545 ἄμετρα

1910 565 2019 617 τῶν
2048 563 2302 634 ὑπηκόων
2328 558 2671 629 συγκαλύψαι
2697 559 2984 629 δυνήσεται
3007 558 3343 628 πταίσματα.
3376 558 3486 609 Καὶ

1910 647 2072 702 τοῦτο
2100 645 2159 711 ἐξ
2191 645 2354 699 αὐτοῦ
2389 645 2453 699 ἄν
2481 661 2563 708 τις
2592 644 2834 714 ἀκριϐῶς
2864 642 3169 713 καταμάθοι
3197 642 3290 694 τοῦ
3323 642 3487 695 Maii}-

1916 732 2087 794 σέως,
2143 729 2237 783 τοῦ
2296 728 2465 783 πολλὰ
2526 727 2624 798 μὲν
2676 726 3156 796 κακοπαθήσαντος
3204 725 3345 793 ὑπὲρ
3389 724 3485 777 τοῦ

1927 814 2164 886 Ἰσραὴλ,
2200 812 2399 882 πολλὴν
2420 813 2477 864 δὲ
2506 810 2602 881 τὴν
2633 810 2770 879 ὑπὲρ
2797 809 2961 860 αὑτοῦ
2993 808 3199 861 ἱκεσίαν
3235 807 3369 877 πρὸς
3397 806 3487 859 τὸν

1915 897 2047 950 Θεὸν
2078 896 2506 967 ἐνστησαμένου,
2548 892 2686 945 ὥστε
2725 892 2823 961 τὴν
2871 890 3284 959 ἐπηγγελμένην
3327 888 3489 967 αῦτὸν

1918 965 2464 1051 κατακληρονομῆσαι
2492 977 2597 1046 γῆν
2619 992 2631 1005 ·
2654 975 2767 1028 ἀλλ’
2803 975 2924 1026 ἐπεὶ
2957 973 3104 1038 ξένον
3123 973 3312 1026 ἑαυτὸν
3336 965 3489 1037 οὗτος

1916 1065 2015 1133 τῆς
2060 1061 2443 1131 κατασχέσεως
2486 1062 2605 1124 ταῖς
2648 1059 2871 1121 οίκείαις
2906 1058 3206 1126 κατέστησε
3250 1074 3487 1128 παρανο-

1922 1147 2096 1217 μίαις,
2134 1146 2233 1198 οὐκ
2264 1145 2481 1214 ίσχυσεν
2513 1145 2546 1213 ή
2579 1141 2742 1196 αὐτοῦ
2768 1141 2949 1210 δέησις
2984 1139 3083 1209 τὴν
3106 1138 3199 1192 τοῦ
3234 1138 3368 1191 Θεοῦ
3409 1138 3489 1191 δι-

1920 1229 2083 1282 καίαν
2099 1229 2278 1299 ψῆφον
2297 1226 2662 1299 μεταποιῆσαι
2677 1224 2874 1287 παντὸς
2888 1221 2979 1275 τοῦ
2996 1221 3125 1275 λαοῦ
3147 1222 3205 1273 ἐν
3220 1224 3285 1292 τῇ
3302 1222 3492 1292 ἐρήμῳ

1922 1312 2389 1383 κατεστρωμένον.
2405 1311 2593 1364 Καίτοι
2613 1310 2695 1373 τίς
2711 1308 2801 1361 τοῦ
2824 1308 3100 1369 Μωῦσέως
3124 1306 3489 1376 δικαιότερος;

1922 1397 1954 1467 ἦ
1987 1398 2069 1459 τίς
2113 1392 2720 1468 παρρησιαστικώτερος
2751 1390 2885 1461 πρὸς
2922 1390 3013 1443 τὸν
3042 1389 3215 1455 Θεόν;
3262 1386 3492 1458 ’ἰσχύειν

1927 1481 2025 1548 μέν
2070 1479 2284 1546 λέγεται
2313 1478 2523 1531 δικαίου
2557 1477 2761 1547 δέησις,
2797 1474 2910 1527 ἀλλ’
2959 1472 3343 1544 ἐνεργουμένη,
3371 1486 3495 1524 του-

1923 1564 2105 1626 τέστι,
2152 1561 2489 1632 βοηθουμένη
2529 1562 2595 1629 τῇ
2650 1556 2976 1628 μεταμελείᾳ
3022 1556 3114 1609 καὶ
3167 1557 3491 1624 ἐπιστροφῇ.

1926 1647 2065 1717 ὑπὲρ
2093 1639 2168 1697 ὧν
2202 1642 2613 1698 καταϐάλλεται.
2648 1637 2741 1704 Οἷς
2770 1642 2827 1693 δὲ
2881 1640 3247 1710 άμετανόητος
3278 1638 3372 1692 καὶ
3404 1640 3496 1691 άν-

1926 1729 2249 1801 επίστροφός
2280 1730 2423 1783 ἐστιν
2454 1728 2481 1780 6
2503 1726 2723 1798 τρόπος,
2749 1724 2867 1789 πῶς
2892 1724 2959 1777 ἂν
2980 1723 3257 1793 ἐπαμῦναι
3270 1723 3497 1793 δυνήσε-

1924 1831 2033 1875 ται,
2073 1814 2254 1866 αὐτῶν
2275 1813 2497 1865 ἐκείνων
2526 1814 2638 1873 τοῖς
2672 1810 2851 1879 ἔργοις
2877 1806 3303 1862 ἀντικοπτόντων
3336 1808 3362 1846 ε
3388 1822 3403 1869 ;

1996 1904 2057 1951 ε’.
2072 1896 2244 1949 Καὶτί
2256 1895 2484 1966 λέγομεν
2499 1894 2591 1946 ἐπὶ
2603 1893 2896 1963 ὁλοκλήρου
2912 1890 3041 1945 λαοῦ
3061 1890 3498 1961 παρανομοῦντος

1923 1980 2084 2033 τοῦτο
2130 1978 2467 2049 συμϐαίνειν,
2504 1978 2638 2030 ὅπου
2668 1975 2763 2029 καί⁸
2798 1978 2830 2046 ή
2868 1976 2976 2028 τῶν
3018 1974 3213 2042 ὀλίγων
3243 1972 3500 2044 ὑπηκόων

1926 2062 2189 2133 ἁμαρτία,
2228 2061 2263 2132 ἢ
2293 2060 2548 2122 πολλάκις
2579 2059 2672 2111 καὶ
2711 2058 2805 2110 τοῦ
2835 2058 2975 2123 ἐνὸς,
2997 2058 3095 2127 τὴν
3127 2055 3238 2109 τῶν
3279 2055 3501 2116 δικαίως

1926 2143 2077 2217 1105]
2125 2143 2469 2215 κρατούντων
2514 2142 2936 2212 ύπερακοντίζει
2982 2139 3331 2211 παῤῥησίαν;
3391 2136 3502 2191 Kal

1926 2228 2082 2281 τοῦτο
2119 2229 2280 2281 πάλιν
2298 2226 2359 2292 ἐξ
2382 2225 2543 2280 αὑτοῦ
2566 2227 2630 2280 ἄν
2657 2242 2739 2288 τις
2763 2226 3116 2296 κατανοήσειε
3134 2221 3229 2275 τοῦ
3263 2220 3498 2291 Ἰσραὴλ.

1928 2315 1985 2377 ὃς
2019 2314 2121 2368 ὑπὸ
2154 2313 2431 2375 Μωῦσέως
2463 2309 2979 2382 δημαγωγούμενος,
3024 2309 3189 2381 ἡνίκα
3227 2308 3362 2380 πρὸς
3401 2307 3500 2377 τὴν

1928 2398 2038 2450 τῶν
2082 2396 2391 2464 ἀλλοφύλων
2424 2396 2700 2467 παρέϐαλε
2743 2395 2866 2463 γῆν,
2895 2395 2987 2447 καὶ⁵
3006 2395 3104 2464 τὴν
3136 2393 3273 2464 πρὸς
3304 2392 3500 2451 αὐτοὺς

1932 2485 2129 2554 συνῆρε
2174 2482 2374 2553 μάχην,
2423 2481 2540 2543 πῶς
2583 2498 2727 2545 τινες
2773 2480 2951 2533 αὐτῶν
2992 2479 3247 2550 μανέντες
3280 2479 3361 2540 είς
3404 2476 3503 2537 τὰς

1932 2567 2153 2619 ἐκείνων
2176 2569 2460 2632 γυναῖκας,
2490 2564 2588 2635 τήν
2605 2562 2884 2634 πάνδημον
2914 2562 3129 2631 ἐκείνην
3155 2559 3384 2632 θραῦσιν
3410 2559 3505 2611 καὶ

1932 2651 2023 2702 τὸν
2054 2648 2273 2719 δλεθρον
2297 2650 2745 2719 κατειργάσαντο.

2013 2733 2137 2785 Ἐπὶ
2160 2733 2277 2795 ἐνὸς
2306 2732 2361 2784 δέ
2384 2732 2443 2784 τὸ
2470 2730 2678 2783 τοιοῦτο
2706 2728 3048 2800 συμϐέϐηκεν
3068 2745 3081 2756 ·
3111 2728 3187 2791 ὡς
3207 2728 3298 2780 ἐπὶ
3327 2729 3503 2797 Ἀχαρ

1933 2816 2026 2869 τοῦ
2054 2815 2152 2887 τὴν
2168 2816 2416 2885 ποικίλην
2447 2814 2637 2885 στολὴν
2658 2812 2992 2883 ἀφελομένου
3022 2811 3114 2864 τοῦ
3139 2810 3503 2881 ἀναθήματος,

1934 2900 2028 2952 καὶ
2069 2900 2209 2953 κατά
2237 2899 2331 2955 τοῦ
2361 2898 2488 2950 λαοῦ
2519 2897 2617 2969 τήν
2640 2897 2736 2950 τοῦ
2760 2896 2894 2951 Θεοῦ
2920 2897 3286 2958 ἐκκαύσαντος
3312 2894 3503 2965 ὀργήν.

1949 2982 2090 3034 Ἀλλ’
2124 2981 2250 3044 ἴσως
2277 2982 2421 3043 τινές
2448 2980 2558 3034 τῶν
2582 2981 2861 3050 παρόντων
2886 2981 2953 3033 τά
2980 2980 3080 3049 τῆς
3104 2978 3345 3050 ἱστορίας
3377 2977 3507 3031 ταύ-

1935 3083 2033 3136 της
2060 3065 2331 3132 ἀγνοοῦσι.
2368 3067 2467 3118 Διὰ
2497 3064 2655 3117 τοῦτο
2676 3065 2758 3117 δεῖ
2800 3064 3007 3135 βραχέα
3047 3064 3174 3132 περὶ
3201 3062 3401 3130 ταύτης
3428 3062 3508 3113 εἱ-

1938 3149 2107 3201 πόντα
2142 3148 2166 3186 h
2203 3148 2512 3217 ὑπομνῆσαι
2542 3146 2643 3215 μὲν
2672 3147 2797 3210 τοὺς
2814 3146 3047 3210 είδότας,
3078 3146 3283 3210 διδάξαι
3308 3144 3363 3197 δὲ
3384 3145 3508 3207 τοὺς

1937 3231 2279 3301 ἀγνοοῦντας.
2314 3226 2482 3294 Οὗτος
2512 3232 2690 3284 τοίνυν
2728 3233 2756 3283 6
2787 3233 2964 3302 Ἀχαρ
2990 3225 3068 3293 εἷς
3098 3228 3360 3299 ἐτύγχανε
3403 3227 3510 3280 τῶν

1941 3316 2079 3386 μετά
2125 3314 2298 3382 Ἰησοῦ
2355 3313 2450 3368 τοῦ
2501 3316 2653 3385 Ναυῆ
2701 3314 3002 3367 διαϐάντων
3056 3313 3148 3366 τὸν
3218 3310 3508 3382 Ἰορδάνην,

1952 3398 2125 3471 Ἰησοῦ
2169 3400 2375 3453 ἐκείνου
2421 3398 2515 3451 τοῦ
2562 3399 2729 3469 ψήφῳ
2774 3396 2908 3450 Θεοῦ
2953 3397 3195 3467 διαδόχου
3241 3396 3513 3457 Μωῦσέως

1940 3483 2397 3554 προκεκριμένου,
2437 3482 2530 3535 τοῦ
2563 3482 2747 3534 εἰκόνα
2784 3482 2878 3534 καὶ
2908 3480 3075 3533 τύπον
3108 3480 3389 3549 ἐπέχοντικ
3418 3476 3511 3530 τοῦ

1941 3568 2192 3639 ἀληθινοῦ
2223 3569 2475 3637 Σωτῆρος
2499 3566 2656 3636 ήμῶν
2690 3566 2864 3635 Ἰησοῦ
2888 3566 2932 3616 Χ
2940 3563 3146 3635 ριστοῦ.
3169 3565 3379 3634 Ὥσπερ
3404 3564 3513 3634 γὰρ

1942 3653 2143 3713 ἐκεῖνος
2181 3652 2245 3701 ἐκ
2273 3651 2369 3719 τῆς
2387 3653 2594 3719 ἐρήμου
2634 3648 2721 3701 διὰ
2749 3648 2845 3699 τοῦ
2892 3646 3155 3717 Ἰορδάνου
3182 3649 3259 3709 είς
3286 3648 3385 3716 τήν
3408 3648 3514 3717 γῆν

1941 3734 2038 3802 τῆς
2066 3732 2401 3799 ἐπαγγελίας
2433 3732 2526 3783 τὸν
2551 3730 2680 3783 λαὸν
2707 3729 3034 3791 διεϐίϐασεν,
3060 3728 3199 3782 οὕτω
3228 3730 3321 3783 καὶ
3344 3731 3372 3782 6
3402 3730 3515 3783 Σωο

1942 3815 2045 3887 τήρ
2068 3817 2101 3884 ή
2111 3814 2227 3885 μῶν
2253 3815 2317 3866 ἐκ
2342 3813 2442 3882 τῆς
2464 3813 2673 3883 ἐρήμου
2694 3813 2793 3881 τῆς
2821 3811 3094 3881 ἀγνωσίας
3122 3812 3216 3864 καὶ
3243 3812 3340 3882 τῆς
3359 3812 3514 3865 εἰδω-

1944 3897 2258 3969 λολατρείας
2287 3896 2376 3950 διὰ
2394 3895 2487 3949 τοῦ
2513 3895 2668 3963 ἀγίου
2693 3895 2788 3948 καὶ
2817 3894 3188 3965 σωτηριώδους
3206 3893 3516 3965 βαπτίσμα-

1944 4000 2033 4045 τος
2062 3984 2143 4044 είς
2158 3982 2256 4051 τὴν
2272 3981 2385 4035 ἀνω
2421 3978 2779 4050 Ἰερουσαλὴμ
2809 3979 2953 4049 ἡμᾶς
2976 3979 3330 4048 μετεποίησεν
3358 3981 3402 4044 ί,
3434 3981 3516 4043 είς

1944 4066 2041 4135 τήν
2089 4064 2299 4134 μητέρα
2343 4063 2451 4115 τῶν
2501 4062 2881 4132 πρωτοτόκων,
2928 4063 2985 4113 tv
3112 4062 3209 4132 τῆς
3256 4061 3516 4133 ἀληθινῆς

1946 4147 2343 4210 καταπαύσεως
2372 4145 2812 4217 ηὑτρεπίσθησαν
2838 4146 2893 4198 αί
2922 4146 3103 4213 μοναὶ,
3131 4144 3258 4197 ἔνθα
3286 4146 3320 4215 ή
3348 4146 3519 4198 ἀστα-

1950 4231 2165 4293 σίαστος
2192 4230 2284 4283 καὶ
2317 4229 2563 4300 εἰρηνικὴ
2607 4228 2879 4300 διατριϐή.
2911 4220 3078 4290 Οὗτος
3104 4228 3283 4280 τοίνυν
3324 4229 3392 4298 τῇ
3421 4226 3515 4279 τοῦ

1949 4315 2371 4385 προστάττοντος
2401 4314 2628 4382 δυνάμει
2669 4317 2761 4365 τὸν
2804 4312 2932 4365 λαὸν
2963 4312 3302 4378 διαϐιϐάσας,
3348 4329 3518 4383 προσ-

1952 4398 2112 4452 έϐαλε
2141 4400 2207 4470 τῇ
2249 4396 2478 4468 Ἰεριχὼ,
2516 4398 2609 4449 καὶ
2650 4395 2747 4466 τὴν
2782 4393 2939 4464 ξένην
2971 4394 3182 4465 ἐκείνην
3208 4395 3518 4466 πολιορκίαν

1948 4484 2208 4554 ἐνεργῶν,
2240 4483 2340 4553 ήδη
2357 4483 2464 4535 τῶν
2497 4479 2690 4549 τειχῶν
2717 4480 3079 4532 καταπίπτειν
3111 4479 3428 4549 μελλόντων,
3464 4477 3518 4531 τί

1951 4585 2082 4638 φησι
2110 4567 2246 4637 πρὸς
2266 4566 2356 4618 τὸν
2385 4564 2512 4617 λαόν
2532 4580 2546 4629 ;
2574 4564 2781 4616 Ἔσται
2794 4563 3068 4631 ἀνάθημα
3088 4566 3125 4631 ἡ
3144 4564 3321 4629 πόλις
3340 4563 3515 4628 αὕτη,

1951 4652 2048 4706 καὶ
2078 4653 2273 4705 πάντα
2304 4650 2421 4703 ὅσα
2463 4648 2639 4702 ἐστίν
2682 4649 2752 4702 ὲν
2801 4648 2975 4716 αὐτῇ,
3021 4649 3213 4716 Κυρίῳ
3252 4649 3514 4710 Σαϐαὼθ,

1952 4736 2117 4802 πλὴν
2155 4733 2337 4787 Ῥαὰό
2370 4733 2484 4799 τὴν
2510 4733 2763 4799 πόρνην,
2796 4732 3270 4799 περιεποιήσασθε
3301 4730 3513 4797 αὑτήν.

1952 4817 2310 4879 Φυλάξασθε
2365 4811 2482 4869 οὖν
2523 4816 2641 4869 ἀπὸ
2682 4815 2786 4869 τοῦ
2833 4816 3243 4885 ἀναθήματος,
3287 4817 3519 4885 μήποτε

1952 4902 2381 4969 ἐνθυμηθέντες
2410 4900 2579 4969 ὑμεῖς
2601 4899 2821 4967 λάϐητε
2854 4900 2954 4954 ἀπ’
2983 4902 3188 4963 αὑτοῦ,
3214 4901 3309 4952 καὶ
3333 4898 3519 4966 ἐκτρί-

1952 4990 2110 5054 ginta
2142 4984 2318 5054 ἡμᾶς.
2360 4984 2684 5054 ’Δφιερώθη,
2708 4985 2892 5054 φησὶν,
2916 4985 3128 5038 ᾶπαντα
3153 4986 3220 5037 τά
3250 4986 3305 5035 ἐν
3326 4985 3391 5051 τῇ
3424 4982 3519 5032 πό-

1952 5068 2030 5121 λει
2050 5087 2066 5099 ·
2101 5070 2258 5121 τοῦτο
2286 5067 2393 5137 γὰρ
2422 5068 2483 5119 τὸ
2515 5067 2769 5137 ἀνάθημα
2797 5068 2962 5136 δηλοῖ.
2987 5070 3076 5136 Μή
3104 5084 3187 5129 τις
3217 5062 3309 5118 οὖν
3341 5065 3519 5132 νοσφί-

1957 5170 2111 5222 τηται
2154 5152 2264 5205 τῶν
2302 5152 2665 5205 ἀνατεθέντων
2709 5153 2895 5221 Κυρίῳ
2930 5151 3007 5207 τῶ
3044 5151 3184 5221 Θεῷ,
3219 5151 3312 5203 καὶ
3341 5149 3517 5216 ἐξολο-

2017 5363 2039 5402 ΐ
2066 5365 2202 5427 Unus
2219 5364 2377 5427 ἀρχάς.
2404 5366 2555 5414 Paulo
2577 5371 2687 5427 post
2707 5379 2834 5415 unus
2855 5367 2915 5413 τὰ
2938 5366 3141 5427 ἡμέτερα
3165 5366 3260 5411 τῶν
3279 5365 3517 5421 ὑπηκόων.

2018 5429 2042 5465 8
2084 5426 2191 5475 Duo
2229 5426 2610 5475 ἀντικοτούντων.
2662 5427 2798 5476 Unus
2840 5426 3256 5475 ἀντισκοτούντων’
3290 5438 3401 5486 qua
3440 5440 3523 5486 po-

1954 5491 2134 5536 sterior
2171 5486 2318 5537 lectio
2358 5489 2589 5536 mendum
2633 5501 2745 5536 esse
2788 5490 2989 5537 n‘detur.
3029 5487 3169 5534 Prior
3213 5493 3377 5534 autem
3425 5502 3520 5535 non

1955 5551 2249 5610 spernenda.
2275 5547 2441 5610 Alius,
2466 5556 2596 5598 teste
2621 5549 2823 5610 Savilio,
2860 5549 3277 5609 ἀντιπραττόντων,
3300 5562 3412 5609 quae
3445 5558 3522 5598 est

1956 5624 2047 5671 vox
2070 5623 2353 5671 synonyma.

2014 5670 2046 5710 δ
2071 5672 2207 5723 Unus
2234 5670 2354 5720 ἀλλ’
2382 5672 2506 5726 εἷκός
2537 5689 2662 5727 τινας
2694 5675 2788 5719 τῶν
2830 5671 3069 5718 παρόντων
3099 5672 3158 5721 τὰ
3199 5679 3282 5729 τῆς
3317 5673 3521 5734 ἱστορίας

1956 5736 2126 5791 ταύτης
2145 5735 2380 5794 ἀγνοεῖν...
2406 5738 2509 5795 περὶ
2541 5735 2712 5790 ταύτης
2739 5735 2958 5780 εἰπόντας.

2026 5799 2044 5837 ί
2071 5797 2205 5847 Unus
2226 5800 2347 5853 ἡμᾶς
2372 5797 2691 5843 αετεϐίϐασεν.

3114 5882 3152 5938 7
