4102 6306
495 194 600 253 105

495 309 714 380 ορεύσει
747 320 773 349 ο
803 308 951 380 ἡμᾶς
995 308 1060 362 ἐκ
1091 309 1188 380 τῆς
1220 309 1344 379 γῆς.
1393 309 1756 374 Ἐπικίνδυνος
1783 315 1816 382 η
1852 312 2057 383 ἐντολὴ,

497 394 628 446 πολὺ
651 391 712 444 τὸ
733 391 831 460 τῆς
851 392 1136 459 ἀκριϐείας
1165 393 1257 444 τοῦ
1275 409 1332 444 τε
1360 393 1790 462 προστάσσοντος
1812 394 1944 446 Θεοῦ
1966 397 2060 448 καὶ

491 474 586 526 τοῦ
618 473 1031 544 νομοθετοῦντος
1061 473 1251 545 Ἰησοῦ.
1276 474 1400 538 Πῶς
1419 476 1528 546 γὰρ
1550 477 1647 528 οὐκ
1660 472 1728 546 ἦν
1754 479 1811 530 ἐν
1822 477 2058 546 τοσούτῳ

494 556 688 628 πλήθει
729 557 803 627 μὴ
847 556 1224 628 παραϐαθῆναι
1268 557 1359 610 τὸν
1401 559 1562 628 νόμον
1610 559 1816 626 τοῦτον,
1851 559 2061 613 πολλῶν

491 641 658 694 ὄντων
683 639 792 692 τῶν
821 639 1201 694 συνωθούντων
1225 641 1360 711 πρὸς
1385 640 1574 703 τοῦτο;
1604 643 1674 694 Ἢ
1690 642 1798 713 γάρ
1815 641 1875 694 τὸ
1895 643 2062 696 ἀστά-

492 725 520 776 0
528 741 696 794 μητον
731 724 905 776 καὶτὸ
927 723 1238 794 φιλοκερδὲς
1264 724 1357 776 τοῦ
1383 726 1576 795 δήμου,
1600 725 1632 795 ἣ
1653 726 1713 777 τὸ
1745 727 1818 794 μὴ
1853 726 2058 788 πάντας

491 807 791 877 κατηκόους
830 807 1081 875 γενέσθαι
1115 807 1212 877 τῆς
1249 806 1602 877 προτεθείσης
1642 808 1878 878 ἐντολῆς,
1931 808 1964 879 ἢ
2022 811 2054 878 ἡ

489 890 729 943 ποικιλία
746 889 853 942 τῶν
881 889 1088 942 σκύλων
1111 890 1360 961 καθάπερ
1384 890 1575 962 δέλεαρ
1589 891 1942 962 προκειμένη,
1965 895 2059 946 καὶ

484 975 612 1036 τοὺς
642 975 1046 1045 φιλοκτήμονας
1075 974 1422 1039 δελεάζουσα,
1445 975 1680 1039 εὐκόλως
1712 975 1778 1030 ἂν
1803 976 1937 1046 πρὸς
1959 977 2058 1046 τὴν

489 1057 798 1127 παράϐασιν
831 1055 1202 1127 παρώρμησεν
1230 1058 1280 1112 δ.
1317 1058 1454 1111 Ἀλλ’
1482 1059 1631 1129 ὅμως
1659 1061 1688 1112 0
1719 1058 1880 1128 νόμος
1905 1051 2058 1123 οὗτος

487 1140 667 1210 ἐτέθη,
702 1141 797 1192 καὶ
843 1140 980 1209 ὑπὲρ
1022 1138 1262 1210 κεφαλῆς
1307 1142 1337 1193 0
1365 1141 1462 1212 τῆς
1495 1141 1858 1212 παραϐάσεως
1889 1140 2054 1195 αὐτοῦ

485 1225 728 1285 κίνδυνος
751 1225 1157 1294 ἐπεκρεμάσθη.
1193 1226 1258 1278 Τί
1287 1221 1393 1284 06$
1414 1225 1550 1295 μετὰ
1586 1225 1780 1293 τοῦτο;
1809 1228 2057 1280 Κατέπε-

485 1325 578 1361 σον
601 1307 669 1361 τὰ
689 1307 864 1377 τείχη,
897 1307 992 1360 καὶ
1015 1308 1073 1362 ἐν
1099 1309 1256 1378 χερσὶ
1285 1308 1394 1361 τῶν
1420 1308 1848 1380 πολιορκούντων
1869 1309 1938 1362 τὰ
1957 1309 2056 1378 τῆς

483 1391 691 1453 πόλεως
737 1391 952 1457 ἐγένετο
987 1391 1185 1443 πάντα.
1219 1391 1426 1454 Παντὸς
1461 1392 1638 1445 τοίνυν
1669 1392 1764 1445 τοῦ
1798 1391 1927 1446 λαοῦ
1955 1393 2054 1461 τὴν

481 1472 700 1543 ἐντολὴν
737 1471 939 1542 ταύτην
972 1473 1374 1544 διατηροῦντος,
1404 1476 1436 1544 ἠ
1466 1476 1560 1528 τοῦ
1597 1476 1714 1538 ἐνὸς
1745 1473 2056 1544 παράϐασις

482 1559 562 1620 εἰς
600 1556 747 1609 ἆπαν
787 1555 849 1607 τὸ
911 1555 1114 1624 πλῆθος
1155 1556 1253 1627 τὴν
1291 1557 1384 1610 τοῦ
1437 1558 1572 1610 Θεοῦ
1605 1558 1810 1629 ἀνῆψεν
1861 1559 2050 1628 ὀργήν.

492 1636 1004 1707 Ἐπλημμέλησαν
1042 1637 1171 1706 γὰρ,
1197 1639 1378 1709 φησὶν,
1409 1638 1559 1711 [104]
1583 1642 1636 1693 οί
1664 1641 1780 1694 vlo!
1816 1640 2053 1707 Ἰσραὴλ

479 1721 896 1790 πλημμέλειαν
909 1720 1201 1790 μεγάλην,
1227 1723 1326 1776 καὶ
1346 1723 1772 1792 ἐνοσφίσιιντο,
1799 1723 1896 1776 καὶ
1914 1725 2053 1778 ἕλα-

480 1807 588 1858 6ον
617 1803 736 1858 ἀπὸ
771 1804 872 1856 τοῦ
913 1803 1312 1873 ἀναθήματος,
1346 1804 1443 1858 καὶ
1471 1805 1686 1860 ἐλαϐεν
1715 1808 1892 1875 Ἀχαρ
1921 1807 2052 1872 υίὸς

479 1887 701 1956 Χαρμεῖ
727 1885 847 1941 ἀπὸ
886 1886 992 1939 τοῦ
1023 1887 1421 1957 ἀναθήματος,
1457 1889 1555 1942 καὶ
1593 1887 1858 1958 ἐθυμώθη
1904 1888 2051 1960 ὀργῇ

478 1973 694 2040 Κύριος
711 1982 732 2009 ο
748 1969 872 2036 τοῖς
894 1969 1048 2034 υίοῖς
1076 1970 1332 2040 Ἰσραήλ.
1358 1972 1468 2026 Καὶ
1499 1973 1605 2044 μὴν
1624 1970 1704 2037 εἷς
1729 1968 1797 2044 ἦν
1814 1976 1842 2027 0
1871 1974 2051 2044 πλημ-

481 2056 739 2126 μελήσας.
789 2053 914 2116 Πῶς
957 2049 1050 2107 οὗν
1097 2055 1526 2126 ἐπλημμέλησαν
1567 2057 1617 2108 οἱ
1667 2057 1772 2109 υἱοὶ
1814 2057 2047 2127 Ἰσραὴλ,

478 2140 572 2192 καὶ
601 2137 856 2208 ἐθυμώθη
889 2135 1094 2210 Κύριος
1120 2141 1231 2202 τοῖς
1270 2140 1402 2202 υἱοῖς
1442 2138 1697 2210 Ἰσραήλ;
1739 2140 1898 2210 Ὁρᾷς
1934 2141 2050 2205 πῶς

476 2227 510 2295 ἡ
557 2221 650 2276 τοῦ
699 2221 816 2284 ἐνὸς
863 2221 1106 2292 ἁμαρτία
1145 2222 1308 2275 παντὶ
1360 2221 1438 2292 τῷ
1489 2221 1604 2294 λαῷ
1641 2223 1738 2292 τὴν
1782 2224 2050 2295 τιμωρίαν

477 2306 836 2378 προεξένησε;
875 2304 990 2368 πῶς
1026 2305 1162 2376 πρὸς
1189 2305 1250 2358 τὸ
1281 2305 1482 2376 πλῆθος
1505 2307 1594 2359 τὸν
1626 2307 1757 2360 Θεὸν
1804 2307 2050 2371 ἐξεπολέ-

481 2406 691 2460 μωσεν;
731 2388 884 2440 Ἐπεὶ
913 2383 1004 2441 οῦν
1024 2388 1084 2440 τὸ
1109 2388 1424 2458 παράνομον
1454 2389 1725 2460 ἐπράχθη,
1748 2391 1844 2444 καὶ
1875 2391 2048 2455 οὐδεὶς

474 2469 543 2544 ἦν
576 2474 604 2525 0
631 2469 908 2534 συνειδὼς,
930 2471 1070 2541 πλὴν
1103 2471 1258 2541 μόνον
1292 2471 1385 2524 106
1418 2472 1486 2524 τά
1521 2472 1726 2544 κρύφια
1753 2473 2048 2541 γινώσκον-

471 2575 564 2620 τος
595 2555 754 2621 Θεοῦ,
781 2557 812 2626 ὴ
845 2555 941 2623 μὲν
963 2553 1202 2625 τιμωρία
1225 2553 1467 2624 ἔμελλεν,
1500 2558 1528 2608 0
1550 2555 1607 2609 δὲ
1628 2555 1839 2628 πράξας
1865 2559 2044 2623 τοῦτο,

473 2639 575 2693 κᾶν
601 2639 775 2692 ἐδόκει
812 2637 1114 2701 λανθάνειν,
1145 2638 1262 2690 ἀλλ’
1293 2639 1441 2709 ὅμως
1471 2638 1576 2692 ὐπό
1601 2639 1695 2693 τοῦ
1724 2641 2042 2706 συνειδότος,

472 2725 548 2787 ὡς
601 2724 704 2776 ὐπὸ
753 2722 924 2794 πυρὸς
987 2723 1328 2776 κατεκαίετο.
1364 2718 1533 2776 *Ηλοε
1580 2723 1759 2778 τοίνυν
1807 2725 1903 2778 καὶ
1947 2726 2044 2796 τῆς

470 2807 700 2878 ἀπειλῆς
747 2807 777 2858 0
834 2804 1053 2876 καιρὸς,
1111 2807 1205 2859 καὶ
1261 2803 1356 2858 τοῦ
1414 2805 1648 2877 φανερὸν
1685 2807 1935 2874 γενέσθαι
1983 2809 2046 2862 τὸ

469 2892 790 2961 ἁμάρτημα.
824 2887 1160 2942 Ἀπέστειλε
1188 2888 1316 2958 γὰρ,
1343 2889 1526 2960 φησὶν,
1560 2889 1795 2955 Ἰησοῦς
1821 2890 2046 2959 ἄνδρας

467 2975 587 3030 ἀπὸ
632 2973 847 3042 Ἶεριχὼ
878 2976 964 3039 είς
1015 2973 1147 3026 Γαῖ.
1208 2975 1318 3026 Καὶ
1376 2973 1685 3042 ἀνέϐησαν
1730 2974 1859 3029 ἐκεῖ
1899 2977 2045 3030 ὡσεὶ

465 3059 787 3128 τρισχίλιοι
813 3057 1040 3125 ἄνδρες,
1069 3058 1166 3111 καὶ
1184 3058 1412 3126 ἔφυγον
1431 3057 1550 3111 ἀπὸ
1579 3057 1903 3125 προσώπου
1923 3058 2044 3113 τῶν

465 3142 702 3212 ἀνδρῶν
723 3141 854 3204 Γαῖ,
877 3141 976 3194 καὶ
1005 3141 1368 3194 ἀπέκτειναν
1387 3141 1488 3195 ἀπ’
1505 3139 1705 3194 αὐτῶν
1727 3141 2043 3209 τριάκοντα

464 3226 563 3278 καὶ
593 3226 662 3290 ἓξ
699 3225 944 3292 ἄνδρας,
988 3225 1084 3277 καὶ
1117 3223 1456 3288 ἀπεδίωξαν
1484 3224 1724 3289 αὐτοὺς,
1763 3225 1860 3278 καί
1893 3242 2042 3280 συν-

462 3311 715 3380 έτριψαν
735 3309 976 3374 αὐτοὺς,
1009 3309 1104 3361 καὶ
1133 3307 1395 3376 ἐπτοήθη
1425 3307 1464 3375 ἡ
1487 3308 1701 3377 καρδία
1729 3309 1836 3363 τοῦ
1861 3312 2038 3378 λαοῦ,

462 3395 561 3450 καὶ
589 3393 828 3464 ἐγένετο
858 3391 1059 3460 ὥσπερ
1087 3390 1261 3459 ὕδωρ.

534 3485 609 3544 ς’.
626 3480 767 3550 Ὅρα
788 3479 919 3550 μιᾶς
935 3476 1207 3546 ἁμαρτίας
1223 3474 1526 3546 εἴσπραξιν,
1547 3476 1649 3548 ὅρα
1671 3477 1883 3549 πληγὴν
1899 3478 2040 3532 ἀπα-

463 3563 794 3634 ραμύθητον.
849 3556 945 3624 Εἷς
990 3558 1401 3630 ἐπλημμέλησε,
1443 3559 1538 3612 καὶ
1569 3561 1648 3623 είς
1692 3561 1905 3614 ἅπαντα
1947 3563 2038 3615 τὸν

461 3648 631 3716 δῆμον
662 3648 690 3698 0
720 3645 950 3707 θάνατος
983 3643 1076 3696 καὶ
1121 3645 1153 3714 ἡ
1182 3641 1353 3696 δειλία
1385 3641 1643 3697 ἐπέπεσε.
1691 3643 1755 3694 Τί
1783 3644 1962 3708 τοῦτο,
1992 3638 2038 3698 ῶ

460 3730 726 3798 φιλάγαθε
747 3728 990 3781 Δέσποτα
1012 3745 1026 3792 ;
1061 3727 1132 3778 Σὺ
1161 3721 1212 3777 εί
1235 3725 1395 3796 μόνος
1412 3725 1638 3791 δίκαιος,
1661 3727 1756 3780 καὶ
1786 3726 1962 3789 εὐθεῖς
1979 3729 2036 3781 αἱ

459 3813 666 3885 κρίσεις
696 3828 810 3866 σου.
844 3813 917 3864 Συ
951 3811 1166 3879 ἑκάστῳ
1197 3809 1338 3863 κατά
1369 3808 1440 3861 τά
1471 3811 1646 3862 οἰκεῖα
1678 3810 1814 3881 ἔργα
1843 3812 2036 3865 ἀπονέ-

459 3912 580 3966 μεις
625 3894 722 3964 τὴν
772 3894 974 3964 κρίσιν.
1023 3893 1094 3945 Σὺ
1124 3893 1281 3962 ἔφης,
1333 3891 1706 3964 φιλάνθρωπε,
1743 3895 1801 3947 ἐν
1829 3896 1894 3965 τῇ
1931 3894 2036 3966 ίδίᾳ

455 3979 687 4031 ἕκαστον
713 3974 1097 4029 ἀποθανεῖσθαι
1125 3976 1389 4046 ἁμαρτίᾳ,
1423 3976 1514 4028 καὶ
1551 3977 1626 4047 μὴ
1661 3979 1690 4016 ἀ
1717 3977 1874 4032 ἄλλον
1913 3979 2035 4031 ἀντὶ

453 4062 614 4114 ἄλλου
649 4059 1151 4129 τιμωρηθήσεσθαι.
1182 4058 1288 4120 Τίς
1332 4056 1426 4112 οῦν
1469 4059 1608 4129 αὐτη
1648 4062 1681 4130 ή
1710 4061 1890 4115 δικαία
1938 4081 2031 4117 σου

454 4145 634 4214 ψῆφος
661 4162 676 4209 ;
710 4142 869 4196 Καλά
899 4159 990 4193 σου
1039 4141 1106 4193 τά
1132 4140 1331 4205 πάντα,
1363 4141 1556 4212 Κύριε,
1596 4145 1691 4196 καὶ
1721 4144 1840 4198 λίαν
1867 4146 2028 4210 καλά,

453 4229 548 4282 καὶ
579 4227 713 4299 πρὸς
743 4225 803 4278 τὸ
830 4224 1105 4295 συμφέρον
1124 4225 1255 4294 ἡμῖν
1281 4224 1723 4295 οἰκονομούμενα.
1757 4227 1915 4298 Δύμη
1946 4230 2032 4292 τίς

452 4316 590 4374 ἐστι,
636 4308 820 4379 φησὶν,
853 4309 886 4379 η
925 4307 1206 4378 ἁμαρτίαι
1253 4306 1446 4361 οὐκοῦν
1485 4308 1916 4378 ἐκπομπευέσθω
1941 4311 2030 4365 διὰ

450 4396 551 4465 τῆς
573 4391 846 4463 τιμωρίας
875 4393 954 4452 εἰς
988 4391 1216 4453 πάντας,
1252 4391 1338 4442 ἵνα
1367 4391 1441 4460 μὴ
1471 4392 1596 4454 τούς
1627 4391 1832 4455 πάντας
1864 4410 2031 4446 κατα-

451 4478 782 4548 λυμήνηται,
810 4475 897 4528 ἵνα
917 4472 1134 4541 γνόντες
1154 4473 1329 4543 πόσην
1343 4473 1571 4544 ἀπειλὴν
1603 4473 1702 4545 μία
1721 4473 2030 4544 παράϐασις

451 4562 627 4624 ἔτεκε,
651 4558 869 4626 φύγωσι
895 4557 996 4627 τὴν
1021 4558 1084 4609 ἐκ
1113 4555 1372 4610 πλειόνων
1401 4556 1757 4628 ἀτελεύτητον
1785 4557 2024 4615 κόλασιν.

463 4643 608 4697 Ἰδὼν
633 4637 750 4706 οὖν,
776 4640 959 4711 φησὶν,
981 4641 1009 4692 0
1032 4637 1237 4709 Ἰησοῦς
1259 4639 1354 4710 τὴν
1381 4639 1748 4694 ἀνυπόστατον
1775 4641 1951 4712 φυγὴν
1977 4652 2023 4707 ε,

449 4724 699 4797 διέρρηξε
731 4723 800 4776 τὰ
844 4722 1034 4792 ἱμάτια
1077 4721 1262 4783 αὐτοῦ,
1292 4722 1385 4774 καὶ
1419 4721 1611 4776 έπεσεν
1649 4725 1743 4778 ἐπὶ
1771 4725 1870 4795 τὴν
1899 4727 2023 4795 γῆν,

449 4808 691 4870 ἐκείνους
707 4808 833 4868 τοὺς
859 4805 1088 4875 θρήνους
1109 4805 1424 4875 τραγῳδῶν,
1451 4805 1545 4870 οὓς
1567 4809 1601 4878 ἡ
1622 4806 1742 4860 θεία
1770 4809 2024 4880 σημαίνει

449 4891 659 4964 Γραφή.
684 4889 748 4943 Τί
782 4885 874 4942 οὖν
905 4890 1040 4959 πρὸς
1069 4888 1230 4941 αὐτὸν
1257 4890 1286 4941 0
1316 4889 1632 4959 Δεσπότης;
1673 4891 2020 4960 Ἀνάστηθιο

447 4977 548 5029 ἵνα
587 4974 645 5028 τί
689 4973 840 5027 οὕτω
877 4969 1355 5041 συμπέπτωκαςς
1408 4971 1775 5042 Ἠμάρτηκεν
1811 4978 1845 5028 ό
1871 4975 2022 5041 λαός

445 5077 584 5124 σου,
624 5058 723 5113 καὶ
771 5058 1002 5126 παρέϐη
1047 5055 1163 5123 τὴν
1193 5054 1487 5124 διαθήκην
1517 5073 1657 5125 μου,
1694 5058 1793 5112 καί
1830 5061 1904 5112 οὐ
1933 5058 2020 5127 μὴ

507 5276 532 5304 ι
558 5275 665 5325 Duo
706 5271 1024 5335 εεολοθρεύσῃ.
1071 5267 1198 5318 Infra
1221 5270 1561 5335 παραὸαὓῆναι.
1609 5267 1666 5317 ln
1699 5268 1826 5318 hanc
1850 5283 2018 5321 vocem

443 5345 582 5388 notat
600 5338 746 5385 Savil.
783 5337 832 5384 in
855 5332 1004 5394 marg.
1030 5348 1102 5394 γρ.
1137 5332 1527 5394 παραϐιασθῆναι.

507 5399 535 5440 δ
566 5398 699 5448 Unus
719 5392 985 5460 παράϐασιν
1003 5392 1326 5460 ἐξεκαλέσατο.
1350 5392 1476 5440 Ἀλλ’
1498 5392 1626 5454 ὅμως
1641 5393 1667 5440 0
1687 5392 1828 5454 νόμος
1849 5395 2013 5452 οὕτως.

444 5460 552 5510 Mox
577 5463 762 5521 aliquot
785 5455 898 5505 inss.
924 5455 1274 5521 dunexpepdo-O-q.

416 5532 420 5538 '
505 5525 528 5552 ε
563 5512 696 5570 υιιιὶε
717 5521 832 5582 ὀργὴ
858 5512 1223 5582 Κυρίου,ἀὶςιυθ
1248 5517 1314 5564 ita
1347 5512 1472 5582 legi}
1491 5514 1734 5582 Erasmus,

502 5582 530 5622 d
555 5577 793 5642 Quinqu'e'
816 5577 1638 5642 mssf61).).0v09'qtmwpnO-hoeqoag
1652 5579 1826 5641 ἑτέρου.

503 5648 529 5676 ⁸
546 5637 640 5700 Ἰτήν
660 5637 981 5707 ἀνυπόστατον
1001 5640 1162 5703 φυγήν.
1189 5637 1418 5707 Ετόδιιὶρξ
1436 5637 1778 5707 vertitJugam
1798 5637 1904 5707 sjsli
1920 5653 2015 5707 nan

438 5719 592 5767 posse.
608 5712 669 5752 At
690 5703 899 5767 dubigari
925 5701 1178 5767 potés_l,an
1203 5715 1261 5751 ea
1281 5702 1345 5767 si}
1361 5701 1609 5767 Chrysogt.
1635 5701 1792 5750 maius.
1817 5701 2014 5767 Ἀνυπό-

438 5761 611 5829 στατον
639 5766 787 5827 φυγήν
804 5761 939 5829 ιοτιε
951 5765 1076 5814 verti
1098 5772 1284 5826 posset,
1304 5761 1472 5827 fugam
1491 5761 1629 5829 cujus
1647 5775 1793 5814 causa
1813 5766 1884 5816 vel
1906 5777 2012 5814 ma-

439 5828 559 5883 teria
577 5825 668 5878 nail
693 5825 969 5888 apparebat.

1234 197 1292 255 s.
1327 180 1610 252 JOA‘NNIs
1645 197 2132 256 cnmsoswom
2173 197 2488 256 ARCHIEP.
2527 194 3070 253 CONSTANTINOP.

3635 195 3744 256 106

2167 312 2534 380 δυνήσονται
2567 314 2620 364 οὶ
2659 310 2776 364 υἱοὶ
2820 309 3056 378 Ἰσραὴλ
3097 304 3316 374 στῆναι
3358 304 3510 358 κατὰ
3550 309 3740 374 πρόσ-

2167 413 2330 449 ωπον
2354 396 2472 448 τῶν
2495 393 2721 464 ἐχθρῶν
2741 393 2958 455 αὐτῶν,
2988 392 3099 457 ἕως
3121 392 3197 443 ἂν
3223 389 3474 458 ἐξάρητε
3495 391 3561 444 τὸ
3589 393 3740 445 ἀνά-

2165 483 2320 547 θημιι
2339 479 2408 543 ἐξ
2441 478 2608 548 ὑμῶν
2629 476 2845 531 αὐτῶν.
2895 473 3203 546 Ἐκηρύχθη
3224 474 3400 526 τοίνυν
3427 476 3483 525 ἐν
3517 473 3596 544 τῷ
3627 474 3743 546 λαῷ

2162 562 2340 623 τοῦτο.
2375 563 2466 615 καὶ
2500 561 2760 632 μηνύεται
2783 561 2888 613 ὐπὸ
2919 559 3053 612 Θεοῦ
3075 561 3102 611 0
3130 558 3230 628 τὴν
3260 558 3572 629 παράϐασιν
3595 559 3741 630 πρά-

2164 645 2260 710 ξας
2281 663 2292 674 ·
2321 645 2776 713 συγκατατίθεται
2810 637 2982 706 οὗτος.
3033 641 3327 712 Ἀπεκρίθη
3366 640 3504 710 γάρ,
3538 643 3737 711 φησὶν,

2167 731 2344 800 ’Λχαρ
2396 729 2473 799 τῷ
2534 728 2739 798 Ἰησοῦ,
2786 729 2879 781 καὶ
2923 725 3111 779 εἶπεν·
3163 724 3417 793 Ἀληθῶς
3469 725 3742 795 ἥμαρτον

2160 813 2438 866 ἐναντίον
2464 812 2570 866 τοῦ
2601 813 2817 879 Κυρίου
2841 809 2988 865 Θεοῦ
3028 808 3272 878 Ἰσραήλ
3293 824 3307 838 '
3329 809 3482 862 οὓτω
3510 809 3609 863 καὶ
3633 810 3738 863 οῦ-

2162 912 2265 961 τως
2284 897 2562 963 ἐποίησα.
2588 893 2770 950 Εἶδον
2789 895 2858 948 ἐν
2881 893 2956 962 τῇ
2975 891 3245 962 προνομῇ
3263 891 3500 959 στολὴν
3517 892 3736 961 ψιλὴν,

2161 980 2467 1047 ποικίλην,
2505 980 2648 1033 λίαν
2684 977 2703 1017 ί
2744 977 2965 1047 καλὴν,
3009 977 3107 1031 καὶ
3143 976 3421 1030 διακόσια
3443 975 3740 1047 δίδραχμα

2160 1061 2464 1132 ἀργυρίου.
2490 1063 2588 1116 καὶ
2618 1062 2908 1132 γλῶσσαν
2926 1063 3073 1131 μίαν
3095 1059 3337 1130 χρυσῆν
3360 1059 3738 1126 πεντήκοντα

2159 1144 2514 1214 διδριὶχμων,
2540 1145 2637 1199 καί
2666 1146 3017 1214 ἐνθυμηθείς
3041 1147 3281 1207 ἔλαϐον,
3305 1143 3454 1216 [Ιθῦ]
3483 1145 3581 1196 καί
3605 1144 3736 1198 ὶδοὺ

2159 1229 2342 1282 ταῦτα
2389 1229 2785 1298 ἐγκέκρυπται
2814 1230 2884 1283 ὲν
2914 1229 2989 1297 τῇ
3022 1229 3099 1299 γῇ
3137 1230 3207 1282 ἐν
3233 1228 3307 1296 τῇ
3355 1229 3556 1296 σκηνῇ
3589 1247 3730 1297 μου.

2159 1311 2343 1365 Πάντα
2373 1313 2558 1366 λοιπὸν
2587 1314 2666 1376 είς
2711 1313 2940 1384 φανερὸν
2985 1313 3126 1381 ἄγει,
3167 1311 3353 1380 ἐπειδὴ
3396 1312 3600 1381 ἀψευδῆ
3640 1312 3736 1364 τὸν

2157 1395 2330 1448 ταῦτα
2373 1395 2832 1467 καταμηνύσαντα
2865 1395 3031 1466 ἐώρα,
3081 1395 3309 1466 σφοδρόν
3341 1405 3366 1443 ις
3403 1413 3463 1448 τε
3501 1391 3612 1465 εἶχε
3641 1395 3734 1448 τὸν

2158 1479 2445 1548 ἐλέγχοντα
2477 1480 2748 1551 μάρτυρα.
2776 1480 2917 1552 Ὅρα
2937 1481 2992 1533 δὲ
3016 1480 3106 1532 10v
3127 1479 3486 1542 ἐπονείδιστον
3503 1482 3595 1532 καὶ
3615 1479 3735 1531 όλέ-

2159 1561 2307 1632 θριον
2357 1562 2522 1616 αὐτοῦ
2575 1562 2801 1616 θάνατον
2825 1581 2838 1598 ·
2907 1563 3242 1632 Ἀνήνεγκε,
3299 1563 3497 1632 φησὶν,
3545 1563 3733 1617 αὑτὸν

2171 1645 2409 1712 Ἰησοῦς
2453 1649 2541 1712 είς
2570 1647 2843 1716 φάραγγα
2883 1645 3080 1714 Ἀχὼρ,
3120 1646 3219 1700 καὶ
3257 1648 3400 1713 τοὺς
3423 1646 3592 1713 υίοὺς
3619 1649 3730 1700 αὺ-

2157 1729 2283 1791 τοῦ,
2315 1729 2414 1782 καί
2445 1729 2552 1795 τὰς
2577 1729 2900 1799 θυγατέρας
2921 1729 3129 1794 αὐτοῦ,
3157 1729 3255 1784 καί
3285 1729 3426 1796 τοὺς
3451 1730 3732 1800 μόσχους

2155 1814 2360 1878 αὐτοῦ,
2392 1815 2488 1868 καὶ
2515 1815 2587 1869 τὰ
2605 1814 2887 1884 ὑποζύγια
2906 1813 3115 1880 αὑτοῦ,
3147 1814 3246 1868 καὶ
3272 1813 3468 1868 πάντα
3488 1815 3560 1868 τὰ
3583 1814 3729 1882 πρό-

2156 1898 2303 1950 ϐατα
2333 1898 2542 1963 αὐτοῦ,
2587 1899 2686 1952 καί
2717 1899 2834 1967 τὴν
2873 1897 3120 1966 σκηνὴν
3153 1897 3359 1962 αὐτοῦ,
3401 1898 3501 1952 καὶ
3531 1897 3730 1951 πάντα

2155 1980 2272 2034 ὅσα
2300 1983 2584 2050 ὑπῆρχον
2629 1982 2789 2048 αὐτῷ
2823 1981 2922 2036 καὶ
2955 1982 3394 2050 ἐλιθοϐόλησαν
3419 1981 3570 2036 αὐτὰ
3607 1981 3730 2048 πᾶς

2166 2064 2412 2134 Ἰσραὴλ
2451 2067 2522 2120 ὲν
2553 2066 2765 2134 λίθοις.
2815 2065 2963 2136 Αὕτη
3001 2066 3101 2136 τῆς
3143 2065 3486 2137 παρανομίας
3530 2066 3566 2137 ἡ
3598 2065 3732 2118 ἀντ-

2153 2149 2424 2214 απόδοσις,
2474 2150 2647 2214 οὕτως
2687 2153 2721 2220 ἠ
2761 2149 2856 2204 τοῦ
2907 2147 3042 2202 Θεοῦ
3079 2147 3374 2212 άδέκαστός
3411 2150 3528 2202 ἐστι
3576 2148 3724 2218 δίκη.

2154 2232 2323 2286 Τοῦτο
2341 2234 2520 2287 τοίνυν
2539 2233 2756 2300 εἰδότες,
2783 2233 2996 2287 οἰκείων
3017 2231 3429 2304 ἁμαρτημάτων
3441 2231 3727 2304 εἴσπραξιν

2152 2315 2250 2387 τὴν
2278 2316 2387 2369 τῶν
2417 2317 2655 2387 ἀνιαρῶν
2683 2317 2870 2386 ἔφοδον
2911 2315 3252 2385 λογιζώμεθα
3284 2317 3376 2369 καὶ
3424 2317 3548 2370 καθ’
3591 2315 3725 2370 ἐκά-

2153 2417 2284 2469 στην
2308 2400 2374 2454 τά
2405 2400 2612 2454 ἑαυτῶν
2641 2399 2986 2465 ἐξετάζοντες
3017 2399 3356 2471 ἐγκλήματα,
3392 2399 3468 2471 μὴ
3494 2400 3726 2472 ἑτέροις.

2149 2483 2263 2536 ἀλλ’
2294 2485 2426 2554 ἡμῖν
2452 2485 2636 2546 αὐτοῖς
2656 2483 2752 2555 τὴν
2776 2484 2980 2537 τούτων
3002 2501 3068 2535 πε
3077 2484 3395 2554 ριάπτωμεν
3418 2483 3618 2538 αἰτίαν.
3645 2485 3725 2536 Οὐ

2149 2566 2258 2637 γὰρ
2289 2569 2321 2637 ἠ
2355 2565 2464 2621 τῶν
2491 2566 2767 2640 ἀρχόντων
2803 2567 2962 2638 μόνον
2997 2563 3318 2636 ἀπροσεξία,
3357 2565 3493 2619 ἀλλά
3541 2565 3728 2636 πολλῷ

2153 2649 2352 2719 μᾶλλον
2366 2649 2433 2702 τὰ
2451 2651 2693 2722 ἡμέτερα
2721 2649 3037 2720 πταίσματα
3056 2648 3124 2702 τὰ
3144 2648 3289 2702 κακὰ
3310 2650 3724 2720 συνεισήγαγεν.

2148 2732 2304 2785 Οὐτω
2331 2735 2510 2786 τοίνυν
2543 2733 2771 2786 ἐνταῦθα
2800 2732 3232 2802 παραγινόμενος
3257 2732 3507 2794 ἕκαστος,
3536 2731 3629 2785 καὶ
3653 2731 3726 2784 τὰ

2147 2817 2320 2869 οἰκεῖα
2347 2816 2694 2886 λογιζόμενος
2729 2815 3174 2888 παραπτώματα,
3204 2813 3326 2867 οὐτε
3359 2815 3545 2886 ἕτερον
3578 2812 3723 2886 μέμ-

2144 2899 2320 2969 ψοιτο,
2352 2902 2446 2952 καὶ
2478 2900 2615 2970 μετά
2645 2901 2744 2970 τῆς
2772 2898 3154 2970 προσηκούσης
3183 2898 3436 2964 εὐταξίας
3460 2899 3561 2970 τὴν
3580 2915 3723 2969 παρ-

2145 2983 2312 3037 οῦσαν
2353 2984 2663 3054 ἀναπέμψω.
2684 2985 2712 3024 ὶι
2737 2981 3060 3051 δοξολογίαν.
3081 2982 3237 3035 Ἐστι
3262 2983 3318 3036 δὲ
3351 2984 3385 3054 ὴ
3413 2983 3722 3054 παρ’ήμῶν

2144 3067 2518 3139 ἀπαιτουμένη
2563 3066 2787 3133 εὐταξία
2812 3068 3034 3140 τοιαύτη
3057 3083 3072 3099 ’
3104 3068 3320 3138 πρῶτον
3371 3067 3490 3138 μὲν,
3537 3083 3720 3120 συντε-

2143 3151 2420 3224 τριμμένῃ
2453 3151 2653 3223 καρδία
2689 3151 3088 3222 προσέρχεσθαι
3118 3149 3196 3220 τῷ
3225 3150 3365 3221 Θεῷ,
3399 3150 3589 3204 ἔπειτα
3620 3152 3722 3205 καὶ

2143 3234 2204 3288 τὸ
2239 3237 2338 3306 τῆς
2371 3236 2596 3307 καρδίας
2631 3231 2762 3306 ἦθος
2809 3235 2897 3288 διὰ
2940 3233 3034 3287 τοῦ
3070 3235 3395 3304 φαινομένου
3438 3235 3720 3306 σχήματος

2145 3318 2532 3384 ὑποδεικνύειν,
2565 3319 2651 3373 διὰ
2694 3321 2791 3390 τῆς
2822 3319 3084 3383 στάσεως,
3123 3319 3211 3372 διὰ
3238 3319 3338 3389 τῆς
3375 3318 3485 3372 τῶν
3517 3318 3721 3389 χειρῶν

2141 3401 2414 3470 εὐταξίας,
2436 3403 2523 3456 διὰ
2544 3403 2644 3473 τῆς
2672 3403 2904 3474 πραείας
2922 3401 3016 3456 καὶ
3050 3401 3485 3473 συνεσταλμένης
3509 3402 3715 3472 φωνῆς.

2141 3486 2376 3540 Εὐκολον
2416 3486 2526 3556 γὰρ
2555 3487 2733 3549 τοῦτο,
2777 3485 2871 3540 καὶ
2915 3486 3079 3538 παντὶ
3106 3487 3185 3561 τῷ
3219 3485 3526 3556 βουλομένῳ
3556 3485 3718 3538 δυνα-

2143 3570 2256 3624 τόν.
2297 3571 2422 3634 Πῶς
2463 3566 2556 3624 οῦν
2597 3572 2675 3633 εἰς
2716 3569 2924 3633 πάντας
2965 3569 3472 3640 κατορθωθήσεται;
3520 3567 3716 3639 Θῶμεν

2140 3655 2351 3717 ἑαυτοῖς
2396 3655 2578 3725 νόμον,
2629 3654 2723 3706 καὶ¹
2760 3653 3002 3724 εἴπωμεν
3045 3654 3125 3707 ὃτι
3163 3653 3492 3724 κοινωφελὴς
3525 3654 3715 3725 ἐντολὴ

2139 3739 2468 3810 κατεϐλήθη,
2505 3740 2599 3793 καὶ
2625 3739 2706 3792 δεῖ
2729 3738 2935 3802 πάντας
2961 3739 3108 3809 ἡμᾶς
3134 3737 3391 3808 τοιαύτης
3423 3739 3718 3808 μετασχεῖν

2137 3823 2422 3892 ὠφελείας.
2456 3821 2553 3875 Διὰ
2583 3822 2739 3875 τοῦτο
2766 3823 2860 3875 καὶ
2903 3821 3000 3884 τὰς
3036 3822 3302 3884 ἀτάκτους
3332 3822 3716 3887 κατασιγάσωο

2141 3925 2240 3977 μεν
2266 3906 2469 3975 φωνὰς,
2496 3906 2589 3959 καὶ
2617 3906 2686 3958 τὰ
2707 3906 2815 3959 τῶν
2845 3907 3042 3976 χειρῶν
3065 3906 3506 3976 καταστείλωμεν
3527 3905 3630 3976 ηθη
3666 3910 3712 3970 i,

2136 3991 2428 4060 δεδεμένας
2464 3990 2666 4052 ταύτας
2699 3991 3123 4061 παριστάνοντες
3160 3989 3238 4060 τῷ
3271 3989 3427 4060 Θεῷ,
3483 3991 3578 4042 καὶ
3634 3991 3716 4064 μὴ

2135 4077 2246 4137 τοῖς
2262 4074 2523 4144 ἀκόσμοις
2551 4074 2920 4143 ἐπαιρομένας
2945 4072 3196 4143 νεύμασι.
3231 4074 3397 4126 Μισεῖ
3417 4072 3524 4144 γὰρ
3552 4073 3714 4127 τοῦτο

2135 4159 2230 4212 καὶ
2263 4158 2664 4227 ἀποστρέφεται
2687 4161 2715 4212 0
2747 4158 2902 4219 Θεὸς,
2936 4157 3122 4227 ὥσπερ
3160 4157 3252 4210 τὸν
3283 4156 3712 4228 συνεσταλμένον

2133 4241 2322 4313 ἀγαπᾷ
2359 4243 2453 4294 καὶ
2488 4241 2806 4313 προσίεταιο
2860 4241 2984 4292 Ἐπὶ
3020 4242 3156 4294 τίνα
3187 4239 3316 4312 γάρ,
3354 4242 3540 4310 φησὶν,
3581 4243 3711 4296 ἐπι-

2133 4325 2354 4393 ϐλέψω,
2383 4325 2519 4380 ἀλλ’
2550 4326 2589 4393 ἢ
2627 4325 2726 4377 ἐπὶ
2774 4323 2880 4376 τὸν
2919 4322 3112 4391 πρᾶον
3150 4324 3249 4378 καί
3291 4325 3576 4393 ἡσύχιον,
3607 4326 3710 4381 καὶ

2136 4407 2422 4477 τρέμοντά
2443 4426 2562 4477 μου
2586 4407 2727 4473 τοὺς
2755 4409 2976 4476 λόγους
2998 4422 3016 4469 ;
3041 4407 3300 4477 Είπωμεν
3325 4407 3595 4478 ἀλλήλοις,
3624 4409 3707 4462 ὅτι

2131 4492 2191 4544 οὐ
2238 4491 2479 4561 βούλεται
2509 4491 2657 4562 αὐτῷ
2696 4490 3244 4561 προσδιαλεγομένους
3277 4492 3424 4561 ἡμᾶς
3456 4493 3548 4545 καὶ
3575 4493 3708 4546 ἑαυ-

2128 4578 2242 4638 τοῖς
2271 4575 2638 4646 προσομιλεῖν,
2673 4575 2792 4628 οὐδὲ
2819 4574 3053 4643 ἀφέντας
3079 4575 3178 4642 τὴν
3217 4573 3352 4645 πρὸς
3396 4576 3556 4628 αὐτὸν
3585 4575 3706 4630 διά·-

2128 4659 2292 4724 λεξιν,
2334 4657 2433 4722 τὰς
2464 4659 2572 4712 τῶν
2623 4660 2901 4728 παρόντων
2952 4659 3225 4711 ἀνακινεῖν
3260 4659 3567 4727 συντυχίας,
3610 4661 3706 4712 καὶ

2127 4742 2204 4814 τῷ
2233 4741 2477 4813 βορϐόρῳ
2502 4743 2630 4806 τοὺς
2655 4741 2998 4814 μαργαρίτας
3025 4741 3342 4813 ἀναφύρειν.
3372 4742 3573 4813 ’Ύϐριν
3593 4743 3704 4813 γάρ

2128 4825 2354 4888 οἰκείαν,
2397 4826 2492 4878 καὶ
2528 4825 2588 4878 οὐ
2617 4824 2922 4892 δοξολογίαν
2953 4823 3014 4878 τὸ
3043 4823 3279 4877 τοιοῦτον
3317 4825 3550 4894 ἡγεῖται.
3583 4825 3706 4878 Κᾶν

2126 4925 2210 4971 τις
2233 4906 2518 4978 βουληθείη
2541 4907 2744 4978 ταύτην
2770 4906 3082 4979 παραϐῆναι
3107 4907 3205 4978 τὴν
3234 4905 3470 4978 ἐντολὴν,
3492 4910 3703 4961 ἐπιστο-

2129 4991 2374 5061 μίσωμεν
2406 4991 2453 5054 i,
2500 4990 2576 5055 ὡς
2631 4990 2917 5046 ἐπίϐουλον
2966 4993 3066 5062 τῆς
3107 4990 3383 5062 ἡμετέρας
3427 4991 3701 5062 σωτηρίας

2123 5073 2528 5144 ἀποδιώξωμεν,
2559 5072 2665 5138 ἔξω
2691 5073 2800 5127 τῶν
2833 5073 3134 5144 περιϐόλων
3159 5073 3257 5144 τῆς
3295 5073 3457 5141 ἁγίας
3497 5073 3702 5143 ἐκκλη-

2124 5157 2244 5221 σίας
2263 5157 2599 5227 ἐκϐάλωμεν.
2618 5156 2774 5211 Οῦτω
2794 5157 2903 5228 γὰρ
2926 5156 3225 5221 ποιοῦντες,
3243 5156 3312 5210 τὰ
3339 5157 3437 5226 μὲν
3457 5157 3702 5226 πρότερα

2123 5242 2487 5312 ἁμαρτήματα
2512 5239 2707 5310 ῥᾳδίως
2726 5241 3119 5311 ἀπονιψάμεθα,
3135 5241 3295 5294 αὐτὸν
3309 5240 3365 5294 δὲ
3381 5239 3473 5291 τὸν
3494 5239 3701 5292 Δεσπόο

2189 5392 2207 5430 τ
2236 5395 2456 5456 Προνομῇ
2480 5392 2652 5456 στολὴν
2675 5391 2892 5456 ποικίλην
2915 5392 3017 5439 λίαν
3043 5392 3207 5456 καλήν.
3236 5391 3345 5440 Duo
3375 5386 3459 5438 alii
3480 5394 3696 5456 προνομῇ

2120 5457 2260 5512 ψιλὴν
2281 5451 2498 5510 ποικίλην
2523 5454 2630 5515 μίαν
2653 5453 2816 5511 καλήν.
2832 5452 3061 5503 Erasmus
3071 5455 3282 5516 priorem
3301 5457 3500 5501 secutus
3521 5451 3698 5500 lectio-

2120 5530 2231 5617 ne?
2239 5517 2382 5628 hiis;
2399 5516 2714 5634 ἒζλφὲἶὲθείι.

2180 5594 2205 5617 ο
2245 5594 2379 5628 unus
2399 5594 2604 5639 ασφαλη.

2179 5637 2207 5676 h
2233 5639 2369 5689 Unus
2411 5639 2753 5701 ἀναπέμψοιτο.
2776 5637 2917 5689 Alius
2943 5638 3028 5695 τήν
3049 5640 3318 5701 πρέπουσαν
3343 5636 3698 5698 ἀναπέμψαιτο,

2116 5713 2216 5801 no?
2234 5704 2466 5811 ἳὲίιέκαὶ
2488 5762 2573 5819 τήν
2593 5763 2688 5810 τῶν
2708 5762 2880 5824 χειρῶν
2904 5761 3284 5824 καταστείλωμεν
3305 5760 3566 5810 συνήθειαν.

2184 5825 2200 5876 i
2231 5823 2365 5874 Unus
2384 5825 2590 5885 έντολήν,
2613 5823 2981 5888 ἐπιτιμήσωμεν,
