3992 6300
256 245 350 303 ηδ

255 368 385 413 terat
411 354 684 415 lsraclitas
712 363 1122 433 transmisisset,
1173 364 1598 438 admovissetque
1620 370 1826 425 exerci-

256 460 358 531 tum
399 465 589 507 contra
632 455 899 526 Iericho,
946 474 1134 514 novam
1181 460 1324 515 illam
1378 472 1432 517 et
1465 464 1828 521 admirandam

254 544 574 599 obsidionem
602 548 860 615 moliens,
890 566 1015 605 mox
1036 552 1252 607 ruituris
1280 554 1564 620 moenibus,
1594 555 1719 624 quid
1749 556 1829 612 lo-

254 637 418 705 quitur
462 636 609 705 apud
652 639 943 708 populum?
966 640 1078 693 Erit
1113 642 1378 697 anathema
1412 646 1519 698 haec
1546 645 1755 701 civitas:
1781 656 1830 703 et

254 726 484 797 quidquid
513 737 589 781 est
618 729 675 782 in
700 746 781 793 ea,
815 728 1040 785 Domina
1060 732 1305 799 Sabaoth,
1333 744 1541 805 excepta
1560 736 1705 791 Raab
1733 755 1831 792 me-

256 820 435 881 retrice,
469 818 601 871 hanc
626 821 904 875 servabitis.
932 820 1109 877 Cavete
1135 824 1290 894 igitur
1315 826 1378 878 ab
1406 826 1741 894 anathemate,
1764 844 1829 883 ne

254 908 446 978 quando
472 910 749 979 cogitantes
780 913 993 967 sumatis
1014 930 1078 967 ea:
1104 930 1182 979 eo,
1204 923 1255 967 et
1281 916 1501 984 perdatis
1528 934 1617 972 nos
1646 917 1828 989 (Iosue

256 1005 303 1055 li.
333 1002 413 1056 l7.
440 1002 556 1071 18).
586 1002 916 1058 Consecrata
942 1015 1085 1068 sunt,
1130 1007 1318 1075 inquit,
1351 1009 1529 1063 omnia
1559 1025 1676 1080 qum
1701 1019 1825 1065 sunt

258 1093 307 1146 in
342 1093 590 1148 civitate:
619 1110 742 1147 nam
774 1094 827 1149 id
872 1106 1027 1151 sonat
1062 1097 1363 1153 anathema.
1401 1097 1478 1153 Ne
1503 1100 1621 1170 quis
1666 1100 1826 1169 igitur

262 1184 537 1238 sulfuretur
566 1199 632 1239 ex
661 1186 726 1239 iis
754 1201 873 1256 quae
898 1198 1206 1243 consecrata
1259 1199 1385 1244 sunt
1427 1190 1651 1246 Domino
1691 1192 1820 1256 Deo,

264 1292 451 1347 nosque
477 1278 753 1347 disperdat
793 1294 825 1335 e
872 1291 1030 1335 terra.
1064 1281 1425 1337 Periculosum
1465 1292 1581 1337 erat
1625 1298 1825 1353 pra-ce-

266 1382 417 1440 ptum,
440 1372 605 1425 multa
632 1371 904 1441 diligentia
933 1383 1043 1427 tum
1082 1375 1172 1429 Dei
1201 1375 1583 1443 prmcipientis,
1614 1384 1723 1430 tum
1748 1376 1823 1431 le-

265 1480 373 1533 gem
396 1462 611 1520 ferentis
636 1465 782 1519 Iesu.
815 1466 917 1533 Qui
948 1467 1090 1521 enim
1130 1467 1243 1522 ﬁeri
1281 1468 1471 1537 potuit,
1505 1477 1561 1522 ut
1589 1469 1642 1523 in
1675 1480 1820 1525 tanta

266 1557 585 1613 multitudine
605 1573 714 1612 non
743 1558 1033 1613 violaretur
1060 1559 1172 1614 haec
1204 1559 1315 1625 lex,
1345 1576 1467 1615 cum
1508 1562 1687 1617 multm
1730 1577 1820 1618 res

268 1659 447 1717 essent,
488 1666 607 1720 qua:
637 1650 744 1705 huc
787 1651 1157 1722 impellerent?
1203 1652 1335 1707 Nam
1380 1655 1463 1708 vel
1506 1654 1820 1713 instabilitas

271 1744 375 1810 ejus
399 1744 573 1812 populi
598 1742 839 1810 lucrique
864 1744 1143 1814 cupiditas,
1171 1745 1254 1799 vel
1298 1747 1438 1816 quod
1482 1762 1588 1801 non
1632 1762 1819 1803 omnes

269 1834 567 1889 audivissent
602 1835 736 1888 edici
760 1844 1079 1905 praeceptum
1099 1874 1113 1899 ,
1143 1838 1225 1891 vel
1258 1837 1546 1912 spoliorum
1593 1841 1818 1908 pretium

273 1926 398 1980 velut
422 1941 534 1981 esca
556 1926 782 1997 objecta,
810 1926 1145 1998 habendique
1162 1929 1347 1984 avidos
1373 1930 1633 1997 illectans,
1665 1930 1818 1988 facile

274 2018 331 2070 ad
348 2018 466 2085 legis
492 2018 965 2087 transgressionem
988 2018 1322 2088 perpulisset.
1356 2020 1422 2074 Et
1446 2031 1618 2076 tamen
1640 2037 1702 2076 ea
1730 2022 1816 2077 lex

274 2118 374 2163 erat
397 2110 521 2174 lata,
562 2120 721 2179 atque
750 2125 935 2164 eorum
957 2111 1112 2179 capiti
1141 2114 1577 2182 transgressionis
1608 2115 1817 2183 pericu-

277 2204 370 2257 lum
392 2204 704 2259 imminebat.
734 2204 871 2270 Quid
913 2205 1071 2274 igitur
1116 2215 1233 2274 post
1261 2205 1414 2261 lucc?
1455 2207 1819 2267 Conciderunt

278 2296 465 2362 insania,
485 2305 538 2350 et
567 2295 822 2366 quidquid
866 2307 983 2351 erat
1013 2297 1064 2351 in
1091 2298 1305 2353 civitate
1342 2299 1485 2353 venit
1529 2300 1581 2355 in
1627 2316 1816 2358 manus

276 2387 614 2443 obsidentium.
661 2387 844 2457 Itaque
870 2403 992 2443 cum
1034 2390 1308 2444 universus
1332 2390 1554 2459 populus
1581 2402 1818 2448 servaret

280 2479 364 2535 hoc
397 2488 732 2550 praeceptum,
799 2480 955 2535 unius
1000 2480 1361 2549 praevaricatio
1413 2482 1464 2535 in
1513 2483 1815 2539 universam

279 2573 634 2627 multitudinem
656 2572 943 2627 concitavit
962 2572 1093 2627 iram
1113 2574 1226 2628 Dei.
1246 2572 1605 2639 Peccauerunt,
1624 2576 1813 2644 inquit,

280 2663 359 2729 ﬁlii
381 2662 530 2717 Israel
550 2672 810 2733 peccatum
824 2678 1086 2733 magnum,
1113 2673 1160 2716 et
1187 2662 1425 2729 sulfurati
1444 2676 1583 2727 sunt,
1606 2676 1653 2720 et
1678 2683 1816 2719 sum-

281 2766 451 2823 pserunt
467 2772 531 2810 es:
547 2754 885 2821 anathemate,
899 2765 945 2809 et
962 2756 1173 2824 sumpsit
1193 2756 1363 2809 Achar
1379 2758 1513 2823 ﬁlius
1532 2756 1736 2811 Charmi
1754 2774 1817 2813 ex

278 2853 573 2919 astathemate,
614 2861 663 2906 et
698 2852 968 2923 indignata
1009 2862 1080 2906 est
1127 2852 1207 2905 ira
1247 2851 1452 2905 Domini
1500 2850 1620 2919 ﬁliis
1652 2849 1816 2905 Israel

280 2943 392 3013 (Ias.
410 2944 455 2997 7.
482 2944 558 3015 l).
581 2944 745 3013 Atqui
774 2956 913 2997 unus
933 2953 1048 2997 erat
1067 2943 1155 3011 qui
1183 2950 1508 3012 peccaverat.
1537 2940 1816 3007 Quomodo

280 3038 413 3107 igitur
430 3045 774 3107 peccaverunt
802 3036 895 3091 filii
926 3035 1109 3101 Israel,
1154 3050 1217 3090 ac
1246 3033 1500 3089 Dominus
1540 3033 1703 3087 iratus
1732 3037 1816 3088 est

280 3130 384 3184 liliis
408 3129 580 3184 Israel?
623 3129 788 3184 Vides
806 3127 1073 3199 quomodo
1093 3127 1251 3182 anius
1294 3134 1568 3196 peccatum
1598 3124 1690 3178 toti
1714 3138 1813 3193 po-

278 3220 386 3288 pqu
410 3220 675 3275 vindictam
704 3219 988 3275 accersiit?
1042 3215 1308 3288 quomodo
1356 3216 1519 3272 Deum
1558 3214 1814 3269 adversus

271 3312 623 3368 multitudinem
647 3312 859 3367 hostem
887 3309 1153 3366 reddidit?
1172 3310 1431 3378 Quoniam
1457 3308 1614 3378 igitur
1639 3308 1813 3362 fuerat

266 3415 536 3475 perpetrata
560 3405 693 3475 legis
720 3404 1098 3475 transgressio,
1152 3418 1325 3473 neque
1378 3403 1653 3472 quisquam
1696 3409 1813 3456 erat

262 3498 499 3560 catscius,
526 3506 721 3565 prater
738 3495 914 3551 solum
936 3494 1099 3549 Deum
1123 3495 1212 3564 qui
1239 3494 1387 3548 novit
1409 3493 1636 3557 occulta,
1680 3492 1811 3547 ultio

260 3589 448 3657 quidem
480 3588 861 3644 dill'erebatur:
895 3597 1147 3643 caeterum
1186 3588 1275 3657 qui
1306 3586 1410 3640 hoc
1455 3595 1807 3655 perpetrarat,

259 3681 451 3735 tametsi
491 3681 771 3736 videbatur
814 3682 1002 3747 latere,
1032 3689 1208 3735 tamen
1244 3695 1275 3733 a
1318 3678 1638 3733 conscientia
1666 3677 1810 3733 velut

254 3772 316 3826 ab
339 3774 449 3843 igne
473 3775 747 3828 urebatur.
778 3774 937 3828 Venit
961 3773 1118 3844 igitur
1136 3780 1343 3843 tempus
1362 3787 1469 3842 quo
1487 3772 1639 3826 fieret
1663 3769 1807 3840 quod

249 3866 582 3920 comminatus
607 3866 783 3921 fuerat
807 3865 971 3933 Deus,
993 3879 1203 3936 quoque
1224 3875 1496 3934 peccatum
1522 3863 1728 3918 veniret
1754 3862 1806 3916 in

248 3956 582 4025 pmpatulum.
618 3955 783 4019 Misit,
815 3955 1006 4025 inquit,
1059 3954 1207 4009 Iesus
1241 3955 1371 4009 viros
1406 3953 1468 4007 ab
1502 3952 1708 4007 Iericho
1748 3952 1804 4006 in

246 4045 350 4099 Gai.
377 4047 439 4101 Et
478 4051 812 4101 ascenderunt
837 4047 959 4100 illuc
986 4047 1079 4099 viri
1106 4051 1210 4117 fere
1237 4056 1309 4100 ter
1336 4045 1491 4111 mille,
1534 4044 1801 4115 fugerunt-

241 4154 327 4202 qse
372 4156 401 4190 a
441 4141 570 4209 [acie
608 4140 830 4192 virorum
861 4136 995 4205 Gai,
1026 4146 1071 4190 et
1096 4136 1378 4191 occiderunt
1420 4152 1483 4189 ea:
1527 4136 1629 4190 illis
1670 4136 1802 4189 viros

240 4232 430 4300 triginta
454 4248 563 4296 sex,
592 4240 640 4282 et
668 4230 949 4300 persequuti
974 4240 1090 4283 sunt
1114 4245 1197 4283 eos
1214 4270 1227 4294 ,
1256 4239 1301 4283 et
1324 4228 1643 4282 conciderunt
1662 4226 1799 4294 illos,

239 4329 281 4370 et
314 4323 507 4388 expavit
535 4336 626 4372 cor
656 4319 851 4389 populi,
898 4324 1180 4391 factumque
1220 4329 1290 4372 est
1318 4321 1450 4372 velut
1488 4333 1621 4387 aqua
1663 4316 1797 4389 (Ias.

238 4411 281 4462 7.
302 4411 355 4464 2.
384 4413 439 4466 t.
472 4412 553 4481 5).

294 4502 345 4554 6.
370 4500 508 4555 Vide
526 4502 685 4555 unius
712 4502 912 4571 peccati
941 4515 1171 4570 pinnam,
1198 4500 1319 4555 vide
1337 4500 1544 4570 plagam
1566 4498 1798 4554 acerbis-

238 4592 425 4646 simam.
470 4592 626 4647 Unus
679 4604 941 4661 peccaret,
988 4602 1043 4647 et
1085 4593 1138 4647 in
1188 4592 1438 4661 populum
1493 4588 1795 4643 universum

237 4700 363 4738 mors
386 4701 450 4739 ac
478 4685 766 4754 trepidatio
793 4685 964 4739 irruit.
996 4683 1132 4751 Quid
1158 4684 1280 4749 hoc,
1311 4697 1345 4737 0
1367 4682 1506 4737 bone
1539 4680 1795 4735 Domine?

239 4775 303 4831 To
325 4779 470 4833 solus
496 4779 707 4848 justus,
738 4788 793 4833 et
818 4788 966 4834 recta
997 4777 1191 4847 judicia
1222 4787 1330 4831 tua.
1361 4776 1437 4830 Tu
1475 4774 1665 4843 cuique
1713 4787 1799 4827 se-

240 4871 445 4925 cundum
487 4871 706 4941 propria
731 4870 866 4925 facta
915 4869 1092 4925 reddis
1132 4870 1408 4940 judicium.
1435 4871 1515 4924 Tu
1536 4912 1551 4936 ,
1581 4868 1795 4923 humani

242 4962 428 5028 generis
471 4971 715 5027 amator,
771 4961 983 5015 dixeras
1030 4963 1083 5015 in
1130 4975 1229 5015 suo
1275 4976 1537 5031 quemque
1578 4969 1795 5030 peccato

249 5054 555 5115 moriturum,
581 5068 683 5107 nec
711 5052 872 5107 alium
904 5067 1001 5121 pro
1026 5052 1129 5105 alio
1154 5052 1396 5106 daturum
1420 5066 1619 5120 poenas.
1642 5049 1795 5117 Quod

251 5142 378 5214 titur
413 5148 515 5201 hoc
534 5156 619 5202 est
668 5156 817 5200 tuum
832 5146 1033 5214 justum
1061 5144 1314 5213 judicium
1336 5146 1360 5198 ’ἶ
1386 5145 1529 5199 Bona
1559 5153 1679 5198 sunt
1704 5153 1793 5197 tua

254 5240 416 5305 omnia,
463 5241 707 5303 Domine,
737 5248 794 5293 et
819 5237 976 5291 valde
1000 5238 1139 5291 bona
1158 5278 1173 5302 ,
1215 5246 1270 5292 et
1291 5236 1356 5290 ad
1384 5248 1612 5291 nostram
1644 5234 1790 5289 utili-

256 5338 380 5385 tatem
400 5332 716 5403 dispensata.
737 5331 884 5387 Lues
898 5329 1162 5399 quazdam,
1181 5330 1368 5399 inquit,
1385 5339 1470 5385 est
1482 5339 1753 5399 peccatum
1773 5346 1788 5383 :

260 5433 354 5489 ergo
380 5439 462 5492 per
482 5425 736 5479 ultionem
763 5421 1047 5490 evulgetnr
1073 5434 1135 5475 ac
1172 5420 1474 5475 traducatur
1502 5420 1639 5489 apud
1670 5435 1789 5475 om-

258 5524 339 5579 nes,
354 5529 412 5571 ne
426 5523 733 5588 corrumpat
757 5525 977 5574 omnes,
1008 5520 1067 5564 ut
1088 5510 1176 5565 ubi
1197 5512 1540 5581 cognoverint
1566 5523 1790 5580 quantas

244 5606 375 5666 mittas
400 5626 495 5667 una
522 5606 811 5682 pepererit
834 5603 1190 5671 transgressio
1208 5642 1225 5671 ,
1256 5601 1458 5675 fugiant
1486 5603 1641 5674 longe
1665 5618 1787 5673 gra-

228 5703 385 5764 tiorem
426 5715 815 5774 meritamque
870 5695 1426 5770 vindictam.,\lidens
1473 5696 1650 5769 igitur,
1699 5698 1783 5752 in-

1276 252 1341 309 IN
1375 253 1600 320 ILLUD,
1641 255 1775 311 VIDI
1813 257 2137 328 DOMINUM,
2178 262 2407 321 HOMIL.
2445 266 2489 326 I.

3413 283 3516 339 106

1936 379 2071 447 quit,
2101 378 2256 435 Iesus
2276 381 2452 452 fugam
2476 382 2628 453 cujus
2652 399 2809 441 causa
2857 385 3034 457 ignota
3079 399 3190 445 erat
3241 392 3356 447 sisti
3405 411 3511 453 non

1936 485 2113 540 posse,
2137 472 2352 528 discidit
2400 475 2716 531 vestimenta
2740 494 2946 541 sua,ae
2988 488 3284 550 prostratus
3328 494 3407 539 est
3458 490 3511 543 in

1937 570 2155 627 terram,
2184 578 2246 618 ea
2274 564 2566 633 lugubriter
2594 566 2822 622 lamenta
2854 570 3146 639 proferens,
3186 589 3305 644 quae
3331 589 3513 633 narrat

1934 652 2108 709 divina
2139 653 2431 727 Scriptura.
2459 657 2595 725 Quid
2626 658 2784 728 igitur
2810 660 2884 715 illi
2912 665 3189 732 respondit
3216 667 3511 726 Dominus?

1934 744 2135 816 Surge;
2160 763 2251 801 cur
2275 749 2344 801 ita
2366 758 2644 816 prostratus
2653 751 2796 819 jaces
2815 752 2843 806 Ρ
2868 752 3097 810 Peccavit
3120 759 3336 829 populus
3363 772 3507 829 tuus,

1932 844 2272 907 transgressus
2294 847 2371 893 est
2392 849 2595 909 pactum
2635 858 2818 908 meum,
2860 859 2951 897 nec
2979 856 3211 913 poterunt
3242 858 3379 906 stare
3414 854 3512 920 ﬁlii

1930 925 2096 981 Israel
2118 938 2294 982 contra
2322 931 2499 999 faciem
2525 931 2742 985 hostium
2761 950 2989 1001 suorum,
3016 938 3175 993 donec
3205 943 3510 1001 sustulerilis

1928 1018 2197 1073 anathema
2239 1035 2304 1074 ea:
2329 1019 2466 1075 vobis
2503 1022 2628 1093 ipsis
2655 1020 2787 1093 (Ias.
2820 1024 2869 1077 7.
2897 1025 2984 1080 10.
3017 1027 3127 1099 12).
3180 1029 3511 1088 Prmdicatur

1931 1110 2087 1179 igitur
2128 1110 2229 1164 hoc
2254 1112 2306 1165 in
2334 1113 2546 1182 populo,
2576 1122 2630 1169 et
2655 1128 2683 1167 a
2716 1115 2823 1170 Deo
2850 1116 3109 1185 proditur,
3141 1122 3229 1191 qui
3258 1124 3358 1179 hoc
3381 1141 3505 1195 per-

1930 1209 2160 1269 petrarat
2190 1220 2205 1256 :
2235 1202 2321 1257 ille
2346 1204 2556 1259 fatetur.
2590 1204 2877 1276 ReSpondit
2906 1210 3071 1276 enim,
3113 1211 3301 1284 inquit,
3327 1216 3506 1273 Achar

1926 1292 2051 1347 Iesu
2080 1293 2266 1349 dicens
2304 1313 2316 1349 :
2355 1295 2482 1350 Vere
2508 1302 2707 1367 peccavi
2744 1300 2796 1352 in
2840 1312 3105 1370 conspectu
3153 1302 3359 1361 Domini
3407 1307 3503 1364 Dei

1926 1382 2123 1449 Israel;
2146 1386 2220 1438 sic
2245 1396 2291 1441 et
2317 1387 2389 1441 sic
2413 1388 2529 1457 feci.
2572 1387 2809 1444 Videbam
2834 1393 2887 1445 in
2916 1393 3089 1463 prada
3127 1397 3309 1451 stolam
3335 1400 3502 1454 varie-

1922 1486 2092 1546 gatam
2122 1493 2279 1531 unam
2312 1477 2388 1549 (a)
2414 1480 2676 1546 pulchram
2692 1522 2706 1547 ,
2750 1482 3062 1554 ducentaque
3086 1488 3282 1557 arguti
3320 1490 3503 1545 didra-

1922 1567 2069 1620 chma
2088 1609 2103 1633 ,
2149 1578 2194 1622 et
2220 1569 2447 1639 linguam
2486 1587 2639 1625 unum
2664 1589 2869 1626 auream
2883 1575 3243 1647 quinquaginta
3262 1578 3502 1635 didrach-

1922 1679 2148 1729 morum,
2175 1674 2223 1717 et
2252 1664 2613 1733 concupiscens
2636 1667 2765 1735 cepi,
2800 1677 2847 1719 et
2882 1684 2994 1721 ecce
3015 1670 3123 1721 hmc
3147 1670 3349 1736 defossa
3375 1681 3496 1725 sunt

1922 1754 2068 1808 humi
2088 1756 2142 1807 in
2165 1752 2503 1807 tabernaculo
2526 1772 2637 1809 meo
2661 1754 2822 1825 (Ibid.
2845 1774 2892 1810 v.
2915 1757 3020 1823 ‘20;
3047 1757 3360 1828 21).Omnia
3381 1759 3495 1829 jam

1922 1847 1978 1901 in
2006 1854 2251 1916 apertum
2269 1845 2496 1915 profert,
2528 1854 2877 1917 posteaquam
2902 1850 3178 1920 perspexit
3199 1850 3347 1905 illum
3383 1867 3496 1909 om-

1920 1940 2012 1995 nia
2040 1939 2157 1993 sine
2182 1937 2464 1991 mendacio
2484 1938 2769 2004 indicasse,
2792 1956 2895 1995 nec
2917 1941 3120 1997 dillisus
3140 1951 3225 1997 est
3247 1944 3369 1999 testi
3400 1960 3490 1999 se-

1919 2031 2095 2102 ipsum
2118 2029 2386 2098 prodenti.
2414 2028 2547 2084 Vide
2577 2040 2755 2087 autem
2780 2033 3094 2102 probrosam
3127 2050 3190 2089 ac
3218 2037 3492 2105 pernicio-

1918 2138 2031 2179 sam
2062 2121 2204 2175 illius
2225 2130 2448 2175 mortem
2477 2138 2491 2175 :
2522 2120 2801 2186 Subduxit,
2836 2125 3027 2195 inquit,
3054 2125 3207 2181 Iesus
3230 2128 3405 2182 Achar
3430 2131 3489 2183 in

1919 2210 2195 2263 convallem
2216 2210 2402 2276 Achar,
2432 2222 2478 2264 et
2498 2210 2634 2279 ﬁlios
2674 2220 2721 2265 et
2743 2212 2879 2278 ﬁlias
2916 2213 3044 2283 ejus,
3091 2223 3135 2267 et
3161 2211 3343 2270 vitulos
3362 2217 3493 2288 ejus,

1919 2311 1965 2355 et
1979 2302 2210 2371 jumenta
2239 2304 2365 2372 ejus,
2397 2312 2442 2355 et
2466 2318 2638 2356 omnes
2667 2319 2779 2357 oves
2817 2304 2955 2373 ejus,
2988 2313 3033 2356 et
3062 2306 3324 2360 tentorium
3363 2312 3494 2377 ejus,

1918 2401 1964 2445 et
1988 2393 2156 2445 omnia
2174 2386 2497 2464 quacumque
2526 2394 2809 2463 possidebat
2836 2410 2856 2448 :
2885 2403 2930 2449 et
2949 2395 3200 2464 lapidibus
3226 2398 3392 2452 obruit
3436 2417 3496 2453 ea

1918 2485 2081 2539 omnis
2108 2486 2325 2556 papulas
2350 2484 2521 2540 Israel
2542 2486 2676 2558 (Ias.
2709 2488 2762 2542 7.
2790 2487 2879 2543 24.
2908 2487 3023 2561 25).
3054 2490 3168 2546 Hoc
3196 2500 3494 2562 transgres—

1918 2578 2084 2633 sionis
2110 2579 2405 2648 praemium,
2454 2580 2573 2635 talis
2597 2580 2690 2635 Dei
2719 2580 2945 2637 vindicta
2966 2623 2983 2649 ,
3014 2599 3130 2653 qua:
3158 2585 3344 2640 evitari
3386 2601 3495 2642 non

1918 2677 2111 2738 potest.
2145 2668 2269 2725 Haec
2296 2670 2474 2742 itaque
2514 2672 2779 2738 scientes,
2828 2675 3122 2744 cogitemus
3160 2677 3435 2732 molestias
3462 2694 3492 2734 ο

1918 2762 2114 2815 nostris
2150 2763 2380 2831 peccatis
2430 2763 2646 2832 invehi,
2700 2765 3027 2837 singulisque
3081 2767 3268 2823 diebus
3313 2778 3494 2824 nostra

1916 2851 2279 2907 examinantes
2299 2854 2544 2921 crimina,
2572 2870 2680 2910 non
2709 2855 2827 2911 aliis
2847 2896 2863 2921 ,
2909 2857 3002 2911 sed
3034 2858 3184 2913 nobis
3209 2859 3337 2927 ipsis
3363 2875 3493 2914 cau-

1916 2957 2029 2996 sam
2050 2942 2431 2999 adscrihamus.
2451 2945 2558 3001 Nec
2574 2946 2715 3002 enim
2737 2948 3134 3017 magitmtuum
3152 2950 3311 3004 modo
3330 2952 3496 3019 negli-

1914 3033 2114 3103 gentia,
2145 3034 2236 3088 sed
2278 3034 2447 3091 multo
2472 3036 2642 3107 magis
2672 3047 2851 3091 nostra
2898 3037 3090 3093 delicta
3142 3040 3277 3094 mala
3307 3055 3491 3095 accer-

1916 3125 2141 3180 sierunt.
2170 3123 2260 3181 Sic
2278 3127 2455 3198 itaque
2484 3127 2587 3184 huc
2614 3128 2901 3184 adveniens
2926 3145 3019 3185 sua
3042 3132 3264 3203 quisque
3288 3132 3494 3187 exami-

1916 3224 2007 3271 net
2024 3215 2239 3285 delicta,
2267 3232 2366 3273 nec
2387 3219 2546 3273 alium
2569 3219 2792 3286 incuset,
2818 3228 2872 3275 et
2900 3230 3213 3289 prtescntem
3233 3220 3495 3292 gloriﬁca-

1915 3309 2116 3364 tionem
2143 3324 2263 3365 cum
2292 3311 2396 3366 ritu
2420 3310 2629 3367 decenti
2653 3313 2877 3367 emittat.
2896 3312 3047 3381 Quod
3063 3322 3239 3368 autem
3264 3313 3495 3385 exigitur

1913 3403 1981 3459 ad
2010 3404 2345 3470 modestiam,
2377 3404 2480 3460 hoc
2504 3414 2587 3460 est
2617 3420 2630 3458 :
2664 3406 2913 3476 primum,
2941 3404 3103 3459 corde
3129 3406 3360 3461 contrito
3402 3420 3494 3462 ac-

1912 3496 2104 3553 cedere
2138 3497 2204 3551 ad
2232 3498 2432 3552 Deum:
2459 3496 2650 3551 deinde
2676 3496 2853 3551 cordis
2882 3495 3128 3551 allectum
3159 3498 3272 3566 ipso
3299 3497 3493 3553 Visibili

1914 3590 2095 3646 habitu
2120 3592 2414 3657 declarare,
2447 3590 2571 3645 item
2603 3588 2778 3643 standi
2811 3592 2991 3654 modo,
3020 3604 3267 3643 manuum
3298 3590 3491 3645 detora

1912 3684 2317 3753 compositione,
2340 3682 2546 3753 placida
2572 3681 2907 3750 demissaque
2932 3696 3081 3735 Voce.
3102 3681 3232 3735 Nam
3256 3681 3307 3736 id
3340 3683 3491 3739 facile

1912 3781 2014 3838 est,
2041 3782 2095 3826 et
2123 3781 2300 3842 potest
2320 3771 2559 3841 quisquis
2583 3770 2828 3825 voluerit.
2860 3770 2959 3837 Qui
2987 3770 3079 3823 fiet
3100 3770 3275 3840 igitur,
3298 3782 3352 3825 ut
3377 3787 3495 3826 om-

1912 3878 2007 3918 nes
2032 3878 2129 3918 suo
2145 3861 2431 3932 fungantur
2449 3860 2665 3916 ofﬁcio?
2691 3860 2957 3916 Ponamus
2978 3861 3131 3915 nobis
3157 3862 3286 3932 ipsis
3317 3862 3489 3933 legem

1910 3955 2272 4024 dicamusque,
2299 3953 2355 4007 In
2387 3953 2647 4024 publicam
2690 3953 2969 4008 utilitatem
3018 3951 3101 4007 lex
3130 3955 3338 4022 prodita
3381 3965 3487 4021 est,

1908 4056 1961 4102 et
1986 4045 2141 4115 hujus
2170 4046 2409 4100 utilitatis
2434 4053 2644 4113 oportet
2672 4060 2769 4099 nos
2804 4059 2991 4100 omnes
3029 4058 3146 4099 esse
3176 4046 3482 4115 participes.

1908 4140 2240 4207 Quapropter
2267 4146 2322 4191 et
2350 4136 2628 4191 indecoras
2658 4150 2817 4190 voces
2846 4149 3171 4205 premamus,
3205 4151 3489 4191 manuum-

1906 4245 2010 4300 que
2034 4228 2465 4305 gesticulationes
2494 4228 2841 4297 corripiamus
2860 4269 2874 4293 ,
2908 4226 3004 4282 has
3028 4227 3341 4295 conjunctas
3388 4243 3488 4282 ex-

1907 4322 2150 4376 hibentes
2195 4320 2304 4375 Deo
2326 4360 2341 4385 ,
2372 4335 2471 4374 nec
2500 4318 2861 4388 incompositis
2894 4319 3125 4372 motibus
3154 4318 3485 4373 attolluntur.

1905 4413 2027 4467 Odit
2065 4413 2207 4467 enim
2238 4412 2342 4465 hoc
2366 4411 2505 4464 Deus
2528 4419 2582 4464 et
2606 4418 2898 4474 aversatur,
2930 4408 3068 4462 sicut
3102 4418 3286 4462 contra
3333 4422 3484 4461 com-

1905 4507 2132 4575 positum
2162 4518 2224 4557 ac
2248 4502 2546 4557 modestum
2572 4509 2713 4555 amat
2739 4500 3044 4569 expetitque
3069 4518 3081 4552 :
3110 4502 3187 4553 Ad
3206 4516 3373 4570 quem,
3404 4500 3485 4553 in-

1903 4599 2036 4667 quit,
2067 4596 2353 4665 respiciam,
2377 4594 2473 4648 uisi
2502 4593 2570 4647 ad
2608 4604 2922 4646 mansuetum
2948 4603 2993 4645 et
3021 4594 3261 4661 quietum,
3285 4602 3331 4646 et
3377 4602 3481 4645 tre-

1904 4700 2115 4743 mentem
2139 4689 2288 4742 verba
2334 4704 2445 4740 mea
2475 4684 2626 4758 (Isai.
2654 4685 2743 4740 66.
2769 4683 2862 4756 9)?
2911 4685 3158 4740 Dicamus
3186 4685 3303 4739 aliis
3342 4686 3434 4741 alii
3466 4703 3481 4740 τ

1903 4780 2019 4835 Νοη
2048 4780 2162 4835 vult
2191 4780 2351 4843 Deus,
2379 4787 2438 4831 ut
2464 4777 2619 4832 simul
2643 4791 2762 4832 cum
2794 4776 2909 4845 ipso
2934 4777 3231 4846 loquamur,
3256 4786 3309 4831 et
3341 4778 3482 4832 inter

1904 4891 2004 4931 nos
2032 4875 2349 4938 fabulemur,
2378 4886 2477 4926 nec
2506 4871 2722 4941 patitur,
2752 4880 2808 4925 ut
2851 4870 3024 4939 ipsum
3068 4870 3264 4939 alloqui
3316 4870 3480 4924 inter-

1904 4969 2175 5023 mittentes
2220 4965 2563 5036 praesentium
2610 4962 3065 5017 confabulationes
3118 4962 3477 5028 suscitemus,

1904 5074 2164 5131 caenoque
2208 5057 2517 5127 margaritas
2563 5056 3001 5111 contaminemus.
3053 5053 3324 5123 Siquidem
3378 5055 3480 5109 hoc

1902 5166 2051 5206 suam
2091 5150 2467 5205 contumeliam
2509 5161 2629 5203 esse
2666 5148 2831 5212 ducit,
2863 5162 2967 5201 non
3011 5145 3477 5215 glorificationem.

1903 5244 2051 5311 Quod
2077 5244 2120 5297 si
2165 5244 2285 5312 quis
2314 5242 2540 5297 voluerit
2564 5241 2664 5295 hoc
2690 5248 3008 5309 praeceptum
3042 5238 3342 5307 praeterire,
3383 5236 3481 5290 ob-

1904 5343 2141 5390 turemus
2171 5334 2243 5388 illi
2271 5348 2363 5401 os,
2392 5343 2657 5403 tamquam
2687 5329 2872 5385 salutis
2902 5327 3261 5382 insidiatorem
3291 5326 3480 5396 expel-

1963 5516 2036 5577 (a)
2069 5515 2124 5565 In
2160 5523 2352 5574 Graeco,
2377 5527 2509 5573 στολὴν
2546 5525 2652 5577 ψιλὴν
2686 5523 2858 5577 ςαιιίλην.
2894 5508 2950 5556 In
2986 5509 3113 5555 hunc
3149 5510 3305 5556 locum
3342 5515 3479 5559 notat

1897 5575 2037 5627 Savil’.
2066 5592 2077 5626 :
2113 5596 2135 5623 α
2159 5577 2354 5627 Florens
2375 5579 2560 5625 retinet
2595 5575 2851 5639 lectionem
2867 5577 3125 5639 immanem
3140 5605 3154 5626 ,
3178 5581 3282 5630 qui.
3304 5584 3474 5639 ιομᾳν,

1897 5640 2107 5691 inducto.
2132 5655 2290 5697 «ait,
2314 5640 2558 5699 vertitque
2580 5650 2639 5684 ex
2656 5635 2813 5684 veteri
2832 5632 3089 5691 Clossario,
3114 5628 3250 5682 tenue
3277 5628 3474 5699 Babylo;

1897 5702 2072 5751 nicum.
2098 5718 2119 5747 ι
