3992 6300
463 251 557 307 1.θῖ

455 371 649 434 lanius,
671 377 724 425 et
774 366 1016 424 emlesiic
1068 374 1266 421 sanctae
1294 366 1458 437 septis
1486 364 1781 435 ejiciamus.
1823 362 1935 428 [loc
1983 363 2029 418 si

455 466 760 527 fecerimus,
789 469 968 516 nostra
992 459 1206 530 quidem
1237 470 1452 530 peccata
1480 459 1752 528 superiora
1782 458 1935 514 facile
1956 457 2031 513 di-

457 555 680 620 luemus,
716 555 887 624 ipsum
915 559 1094 607 autem
1126 550 1407 605 Dominum
1436 550 1751 605 habebimus
1779 551 1831 603 in
1853 549 2029 605 medio

454 658 692 703 nostrum
723 661 825 701 una
868 660 989 700 cum
1015 643 1213 699 sanctis
1241 643 1443 713 angelis
1470 643 1665 699 choros
1682 652 1949 715 agentem,
1975 650 2031 698 et

448 740 641 809 cuique
687 736 962 792 modestia:
1006 749 1232 790 coronas
1282 734 1707 790 distribuentem.
1767 734 2028 803 Quoniam

449 830 591 884 enim
641 839 724 883 est
753 828 1017 883 humanus
1044 841 1108 881 ac
1152 826 1453 892 muniﬁcus,
1490 825 1726 896 gaudens
1749 826 1817 882 de
1845 838 2028 882 nostra

450 921 650 985 salute;
681 920 801 974 ideo
828 919 1102 974 oblectans
1121 932 1242 973 sese
1266 917 1421 973 bonis
1444 918 1642 973 nostris
1664 918 1916 973 caelorum
1938 934 2027 974 re-

448 1026 609 1081 gnum
637 1011 899 1082 promisit,
930 1017 985 1064 et
1030 1009 1152 1064 vita:
1204 1007 1619 1079 incorruptibilis
1665 1011 2024 1077 consortium,

448 1102 733 1171 omniaque
764 1102 899 1155 bona
944 1100 1276 1170 preparavit,
1309 1100 1494 1155 volens
1523 1114 1621 1155 nos
1645 1100 1697 1155 in
1726 1100 1809 1155 his
1832 1101 2028 1156 habere

451 1191 789 1247 tabernacula
826 1192 842 1223 ι
875 1209 887 1244 :
915 1206 1033 1260 qua:
1052 1191 1208 1246 nobis
1225 1191 1472 1247 omnibus
1497 1192 1769 1263 contingat
1792 1192 2024 1263 assequi,

448 1284 614 1355 gratia
639 1292 694 1338 et
722 1282 1053 1337 humanitate
1079 1282 1287 1337 Domini
1316 1283 1483 1337 nostri
1512 1282 1638 1338 Jesu
1665 1282 1884 1350 Christi,
1906 1285 2026 1353 qui-

448 1390 567 1430 cum
598 1374 753 1430 decet
772 1374 960 1444 gloria,
990 1374 1293 1445 imperium,
1330 1373 1503 1429 honor
1539 1382 1593 1429 et
1619 1373 1859 1429 adoratio
1883 1374 2025 1430 Patri

446 1475 704 1521 etsancto
732 1465 972 1536 Spiritui,
1006 1481 1149 1521 nunc
1187 1476 1241 1521 et
1273 1481 1507 1536 semper,
1532 1478 1588 1522 et
1623 1467 1678 1521 in
1702 1466 1894 1523 saecula
1921 1482 2026 1523 sae-

447 1558 707 1613 culorum.
744 1559 937 1623 Amen,

820 1711 1163 1793 EIUSDEM
1201 1711 1522 1767 HOMILIA
1562 1712 1648 1767 ΙΙ.

448 1847 504 1901 ln
532 1846 729 1901 dictum
753 1846 881 1902 illud
911 1848 1059 1903 Isaia:
1080 1846 1373 1917 prophetae,
1404 1847 1621 1902 Factum
1642 1858 1713 1903 est
1742 1865 1895 1916 anno,
1924 1868 2023 1922 quo

517 1951 745 1997 mortuus
769 1952 841 1995 est
870 1941 1023 1997 Ozias
1043 1960 1152 2008 rex,
1171 1944 1273 1998 vidi
1298 1943 1570 1999 Dominum
1591 1945 1839 2001 sedentem
1866 1946 1920 2000 in
1944 1964 2027 2001 so-

517 2032 586 2085 lio
615 2033 807 2087 excelso
844 2042 891 2086 et
917 2034 1105 2088 elevato
1148 2033 1298 2106 (lsai.
1344 2033 1506 2108 6.1);
1559 2045 1614 2091 et
1665 2036 1807 2106 quod
1854 2051 2025 2107 neque

520 2135 756 2195 tempus,
785 2140 956 2195 neque
987 2142 1152 2181 unum
1197 2128 1520 2182 elementum
1554 2127 1851 2184 divinarum
1876 2128 2026 2185 Scri-

517 2228 789 2288 pturarum
817 2228 1063 2289 oporteat
1084 2228 1513 2289 prmtercurrere.

517 2354 571 2408 1.
596 2354 717 2409 Suis
746 2354 806 2408 de
825 2353 1029 2408 illorum
1050 2354 1217 2409 studio
1242 2356 1482 2410 audiendi
1505 2356 1702 2412 verbum
1727 2357 1822 2413 Dei
1846 2369 2023 2430 gratu-

447 2447 583 2501 latur
615 2448 1021 2519 Chrysostomus;
1047 2449 1205 2516 ipsius
1232 2450 1476 2503 modestia
1498 2458 1544 2504 et
1575 2467 1694 2522 erga
1712 2468 1828 2507 suos
1856 2470 2019 2507 amor.

445 2572 516 2582 —
534 2540 750 2597 Gaudeo
776 2541 1109 2611 conSpiciens
1142 2556 1237 2597 vos
1262 2543 1328 2596 ad
1354 2542 1615 2598 audienda
1637 2559 1785 2601 sacra
1814 2545 2022 2617 eloquia

445 2645 845 2703 concurrentes,
874 2636 1031 2708 idque
1064 2636 1316 2692 indicium
1357 2653 1476 2694 esse
1521 2640 1808 2695 maximum
1844 2639 2024 2710 judico

445 2727 604 2781 vestri
634 2727 686 2781 in
716 2727 809 2782 Dei
836 2727 979 2782 cultu
999 2742 1063 2783 ac
1088 2727 1284 2798 pietate
1309 2744 1644 2800 progressus.
1670 2732 2025 2800 Quemadmo-

446 2820 570 2874 dum
617 2821 759 2875 enim
804 2821 1106 2891 appetentia
1141 2820 1246 2875 cibi
1282 2821 1520 2893 corporis
1546 2822 1740 2877 bonam
1768 2824 2024 2879 valetudi-

444 2926 565 2966 nem
592 2910 866 2977 declarat,
898 2911 977 2965 sic
1004 2920 1058 2965 ct
1094 2925 1369 2967 sermones
1411 2923 1660 2983 appetere
1696 2913 2018 2982 spirituales,

444 3003 637 3057 animas
676 3004 956 3058 sanitatem
993 3003 1188 3072 arguit.
1222 3002 1441 3058 Gaudeo
1463 3004 1675 3074 quidem
1703 3005 1860 3074 igitur
1897 3020 2022 3075 pro-

441 3101 561 3162 pter
590 3093 727 3146 hoc:
770 3101 1022 3147 ueterum
1055 3107 1245 3147 vereor
1292 3109 1359 3147 ne
1396 3091 1536 3148 forte
1564 3109 1668 3148 non
1702 3095 1898 3164 possim
1927 3095 2024 3149 ali-

440 3185 568 3256 quid
593 3184 803 3240 adl’crre
827 3182 1043 3255 dignum
1069 3184 1171 3239 isto
1191 3193 1369 3240 vestro
1395 3183 1684 3239 desiderio.
1711 3185 1801 3240 Sic
1820 3180 1883 3239 et
1910 3200 2027 3241 ma~

440 3288 524 3332 ter
550 3291 734 3331 amans
761 3276 942 3343 dolet,
971 3277 1182 3347 quoties
1221 3278 1503 3333 lactentem
1548 3278 1748 3334 habens
1772 3295 2017 3350 puerum,

441 3384 545 3423 non
577 3377 750 3437 potest
787 3369 861 3425 illi
903 3369 1120 3439 largiter
1158 3370 1396 3439 praebere
1435 3370 1586 3426 lactis
1616 3370 1855 3427 fontem:
1884 3383 2020 3428 atta-

439 3475 560 3515 men
586 3474 907 3530 quamquam
933 3460 1070 3515 lacte
1096 3469 1559 3527 caret,mammam
1590 3470 1765 3517 tamen
1791 3463 1899 3532 dat,
1932 3464 2021 3520 ille

438 3567 566 3605 vero
602 3562 873 3621 acceptam
903 3553 1063 3607 trahit
1083 3553 1327 3623 sugitque
1346 3594 1362 3618 ,
1389 3562 1443 3607 et
1465 3568 1560 3608 ore
1584 3554 1832 3625 papillam
1861 3555 2017 3610 refri-

435 3653 737 3713 gescentem
764 3643 1099 3711 calefaciens,
1122 3645 1239 3714 plus
1258 3660 1415 3715 quam
1436 3654 1552 3700 erat
1574 3646 1721 3702 elicit
1744 3648 1979 3703 alimenti
2001 3667 2014 3703 :

437 3744 609 3796 mater
659 3752 788 3791 vero
836 3736 980 3793 dolet
1017 3737 1231 3808 quidem
1270 3730 1399 3794 dum
1440 3739 1606 3809 ipsius
1646 3739 2019 3797 distenduntur

437 3828 623 3890 ubera.
650 3844 750 3884 nec
781 3837 954 3883 tamen
996 3831 1210 3901 repellit
1251 3846 1473 3901 puerum
1499 3850 1513 3888 :
1542 3842 1713 3889 mater
1741 3834 1882 3889 enim
1912 3844 2014 3903 est,

434 3927 491 3973 et
526 3919 702 3973 omnia
744 3928 1003 3990 prmoptat
1042 3923 1247 3992 perpeti
1287 3923 1486 3992 potius,
1527 3939 1685 3994 quam
1717 3934 1774 3979 ut
1804 3935 2013 3995 partum

434 4025 587 4064 suum
636 4010 933 4066 contristet.
984 4012 1167 4082 Itaque
1207 4012 1251 4067 si
1293 4025 1492 4070 matres
1528 4031 1650 4086 erga
1684 4016 1846 4072 fmtus
1889 4032 2015 4074 suos

436 4112 639 4156 tantum
682 4100 939 4157 exhibent
983 4117 1243 4167 amorem,
1280 4105 1449 4158 multo
1486 4108 1653 4176 magis
1677 4118 1889 4178 oportet
1919 4122 2016 4163 nos

434 4208 559 4262 erga
599 4201 835 4247 vestram
870 4192 1146 4247 caritatem
1180 4192 1428 4248 similiter
1458 4194 1675 4250 allectos
1710 4212 1848 4253 esse.
1879 4198 2014 4254 Nam

432 4283 653 4354 spiritus
676 4292 859 4354 partus
882 4284 1308 4340 vehementiores
1332 4293 1457 4340 sunt
1484 4301 1641 4356 quam
1665 4297 1885 4343 naturae.
1910 4289 2014 4344 Ita-

430 4391 538 4445 que
567 4376 776 4431 tametsi
802 4376 953 4431 nobis
983 4391 1165 4432 mensa
1193 4376 1411 4432 multam
1442 4378 1601 4434 habet
1626 4381 1919 4449 penuriam,
1946 4397 2013 4437 ne

431 4468 511 4521 sic
552 4466 765 4537 quidem
811 4482 930 4523 cant
969 4467 1382 4537 occultabimus,
1416 4469 1511 4525 sed
1540 4480 1718 4525 nostra
1748 4474 1927 4528 omnia
1957 4474 2010 4531 in

433 4557 665 4613 medium
707 4558 1036 4629 proferentes
1065 4576 1393 4633 apponemus
1422 4563 1591 4619 vobis.
1623 4563 1775 4630 Quod
1804 4566 1849 4621 si
1876 4582 2010 4638 pau-

428 4652 550 4705 cula
596 4650 712 4706 lucc
757 4661 882 4707 sunt
913 4652 1163 4723 viliaque,
1191 4654 1548 4725 pmbeltimus
1572 4664 1770 4713 tamen.
1801 4657 1931 4713 Nam
1957 4668 2012 4715 et

431 4743 520 4796 ille
542 4744 562 4774 ²
592 4742 678 4797 cui
704 4741 960 4798 talentum
1002 4753 1118 4799 erat
1157 4745 1416 4801 creditum
1436 4788 1452 4814 ,
1491 4763 1596 4803 non
1626 4748 1747 4818 quia
1776 4752 2009 4821 quinque

431 4837 625 4892 talenta
657 4852 764 4892 non
790 4838 930 4905 tulit,
961 4838 1031 4892 ob
1055 4837 1107 4893 id
1136 4838 1405 4894 incusatus
1429 4849 1530 4904 cst,
1554 4840 1649 4896 sed
1672 4841 1813 4913 quod
1844 4858 2005 4897 unum

429 4927 556 4983 illud
586 4925 868 4993 deloderit,
895 4928 1039 4998 quod
1064 4940 1360 4999 acceperat,
1389 4931 1539 4987 dedit
1567 4947 1751 5002 pmnas
1776 4931 2003 5005 (Matth.

426 5020 520 5075 95.
546 5018 639 5075 94.
665 5037 773 5092 sqq.
797 5018 839 5091 ).
888 5021 1159 5091 Siquidem
1186 5021 1288 5077 hoc
1306 5033 1389 5077 est
1413 5024 1554 5093 quod
1583 5026 1838 5094 quaeritur
1865 5026 2005 5096 apud

428 5112 596 5166 Deum
617 5123 669 5167 et
689 5112 828 5183 apud
860 5112 1123 5180 homines,
1150 5129 1255 5169 non
1284 5115 1519 5171 multane
1539 5125 1629 5170 aut
1647 5132 1811 5186 pauca
1836 5118 2004 5189 depo-

426 5222 544 5274 nas,
589 5206 683 5261 scd
728 5221 793 5262 ne
831 5206 1154 5263 oblationem
1196 5205 1391 5262 oll‘eras
1428 5206 2003 5266 lacultatibusinl'erio-

428 5313 564 5353 tem.
594 5297 831 5353 Audistis
860 5314 1030 5368 nuper
1056 5314 1177 5354 cum
1206 5299 1360 5354 nobis
1386 5299 1567 5354 datum
1596 5312 1739 5357 esset
1773 5302 1873 5358 hoc
1909 5306 2005 5358 ho-

489 5456 504 5483 ¹
543 5460 669 5501 Unus
691 5454 871 5513 habet,
896 5454 1052 5505 colens
1076 5467 1159 5505 nos
1194 5453 1243 5504 in
1278 5453 1354 5505 Itis
1382 5454 1557 5505 habere
1588 5455 1895 5508 tabernacula
1952 5460 2002 5510 in

691 5612 723 5625 ﬂ
746 5584 913 5645 Nostra
928 5592 1087 5630 0mm“
1106 5577 1157 5645 ῆι
1173 5578 1695 5645 mediumproferentes
1713 5595 2003 5645 apponemus

424 5635 570 5706 saltis,
594 5638 772 5707 exigua
794 5641 1052 5707 quidemet
1280 5635 1436 5705 pretii,
1458 5635 1714 5695 metuentes
1734 5635 2001 5697 damnatio-

425 5699 503 5748 κίε
521 5699 815 5762 periculum,
831 5703 873 5753 si
889 5704 1081 5767 quidem
1102 5714 1148 5757 et
1170 5705 1267 5769 ille,
1280 5699 1385 5757 "etc.

1163 254 1220 311 8.
1259 252 1534 311 JOANNIS
1568 250 2043 309 CHRYSOSTOMI
2081 248 2396 307 ARCHIEP.
2434 249 2959 310 CONSTANTINOP.

3615 261 3718 320 108

2138 366 2306 432 noris,
2336 374 2397 420 ut
2422 366 2561 437 apud
2588 368 2862 424 caritatem
2884 376 3112 425 vestram
3136 375 3543 446 disserere-mus,
3568 380 3716 437 Psal-

2140 472 2284 512 mum
2317 458 2463 512 illum
2494 459 2788 530 legentibus
2814 463 2987 529 nobis,
3016 466 3105 534 qui
3136 478 3468 536 peccatorem
3493 487 3525 527 e
3550 479 3721 532 sacris

2133 552 2299 621 septis
2317 552 2555 621 ejiciens,
2582 554 2798 625 angelos
2822 571 3185 628 supernasque
3211 562 3434 618 virtutes
3465 565 3717 623 hortaba-

2135 648 2222 696 tur
2257 642 2321 695 ad
2350 642 2671 699 laudandum
2712 647 3079 704 universorum
3124 651 3312 708 Deum.
3337 653 3509 712 Vultis
3556 658 3716 728 igitur

2133 742 2187 788 et
2226 732 2385 789 hodie
2427 735 2568 790 idem
2609 738 2907 807 angelicum
2948 740 3117 797 melos
3144 743 3161 775 ¹
3200 744 3501 814 audiamus,
3544 764 3714 819 prape

2133 823 2241 879 illic
2267 824 2459 879 alicubi
2486 829 2764 883 astantes?
2787 829 2911 885 Mihi
2935 842 3079 888 certe
3104 834 3328 891 videtur.
3374 837 3506 894 Nam
3532 841 3577 895 si
3609 840 3711 895 ho-

2132 919 2305 976 mines
2332 920 2576 976 scelerati
2595 922 2722 978 dum
2746 922 2971 981 choreas
2995 935 3155 995 agunt
3182 927 3233 982 in
3261 929 3391 996 foro,
3422 931 3474 986 in
3494 932 3713 1001 profun-

2130 1012 2198 1069 da
2221 1014 2447 1084 caligine
2474 1023 2735 1087 nocteque
2766 1019 3082 1088 intempesta
3122 1023 3447 1079 meretricia
3484 1026 3710 1080 cantile-

2132 1121 2231 1162 nas
2276 1107 2573 1178 mollesque
2624 1119 2877 1166 canentes
2910 1114 3204 1180 eantiones,
3236 1122 3401 1171 totam
3434 1117 3711 1174 civitatem

2130 1199 2284 1254 nobis
2307 1200 2559 1263 excitant,
2593 1210 2647 1255 et
2670 1201 2736 1255 ad
2767 1217 2886 1258 sese
2914 1212 3229 1260 convertunt
3258 1223 3272 1259 :
3299 1222 3395 1262 nos
3416 1210 3709 1265 cmlestium

2132 1290 2443 1359 populorum
2468 1292 2714 1362 supernis
2742 1278 2922 1348 choris
2950 1294 3146 1365 Regem
3173 1299 3407 1353 universi
3431 1300 3711 1355 celebran-

2132 1381 2272 1437 tibus
2299 1397 2401 1438 non
2428 1398 2768 1439 occurremus
2792 1427 2807 1451 ,
2832 1400 2937 1439 non
2977 1387 3253 1442 audiemus
3285 1389 3517 1445 divinam
3562 1390 3711 1448 illam

2132 1486 2196 1526 ac
2221 1473 2427 1528 beatam
2456 1474 2686 1529 vocem?
2711 1474 2775 1529 Et
2794 1492 2912 1544 quae
2942 1479 3101 1530 nobis
3133 1479 3344 1534 dabitur
3377 1483 3526 1535 venia
3547 1482 3573 1535 ?
3601 1483 3711 1537 Sed

2132 1565 2396 1635 quomodo
2415 1608 2429 1630 ,
2464 1568 2667 1637 inquis,
2698 1566 2824 1623 licet
2846 1568 3033 1623 audire
3052 1570 3075 1623 ?
3092 1568 3153 1625 Si
3180 1571 3231 1624 in
3258 1572 3431 1641 ipsum
3451 1572 3713 1628 ascende-

2131 1656 2299 1710 rimus
2325 1656 2546 1725 caelum,
2573 1658 2675 1713 etsi
2701 1674 2807 1714 non
2844 1674 3070 1729 corpore
3094 1702 3109 1728 ,
3140 1672 3321 1718 mente
3362 1674 3537 1720 tamen
3565 1681 3581 1721 τ
3609 1666 3709 1721 etsi

2130 1749 2305 1803 minus
2333 1750 2632 1820 praesentia,
2659 1761 2803 1806 certe
2827 1752 3165 1822 cogitatione.
3192 1753 3325 1808 Nam
3349 1770 3543 1825 corpus
3569 1772 3709 1827 quo-

2131 1840 2273 1895 niam
2307 1850 2556 1911 terrestre
2580 1851 2661 1896 est
2680 1857 2744 1897 ac
2767 1858 2926 1913 grave
2952 1852 3135 1898 natura
3155 1884 3171 1910 ,
3208 1855 3387 1901 manet
3416 1847 3469 1900 in
3503 1849 3666 1904 terris
3688 1868 3706 1903 :

2130 1931 2303 1986 anima
2338 1948 2465 1989 vero
2490 1935 2557 1989 ab
2580 1933 2679 1989 hac
2700 1936 3013 1991 necessitate
3038 1947 3120 1993 est
3144 1937 3333 2005 libera,
3353 1938 3711 2011 facillimeque

2129 2026 2195 2079 ad
2234 2026 2492 2082 altissima
2523 2027 2935 2099 longissimeque
2974 2041 3177 2086 semota
3214 2031 3330 2087 loca
3356 2032 3604 2088 advolat:
3634 2035 3706 2089 ita

2131 2127 2188 2170 ut
2216 2118 2373 2173 etiam
2421 2120 2464 2172 si
2504 2120 2633 2173 velit
2662 2120 2729 2175 ad
2758 2130 3025 2176 extremos
3053 2122 3198 2178 orbis
3228 2125 3484 2180 terminos
3515 2141 3707 2195 perve-

2129 2209 2244 2263 nire
2266 2252 2281 2276 ,
2314 2218 2404 2264 aut
2430 2211 2479 2264 in
2509 2211 2699 2266 cmlum
2726 2213 3016 2268 ascendere
3040 2256 3055 2281 ,
3084 2215 3217 2269 nihil
3245 2218 3313 2270 sit
3346 2217 3489 2286 quod
3516 2227 3659 2272 vetet
3688 2236 3703 2272 :

2128 2301 2262 2356 adeo
2283 2300 2379 2371 ipsi
2406 2302 2548 2357 leves
2567 2304 2942 2374 cogitationum
2968 2305 3081 2361 alas
3103 2306 3251 2362 dedit
3276 2307 3434 2363 Deus.
3457 2308 3566 2364 Nec
3592 2318 3708 2363 tan-

2130 2401 2239 2447 tnm
2280 2396 2391 2449 alas
2428 2395 2570 2451 leves
2615 2396 2779 2462 dedit,
2828 2413 3013 2452 verum
3054 2407 3110 2452 et
3138 2399 3322 2455 oculos
3358 2399 3578 2469 largitus
3598 2410 3703 2463 est,

2128 2484 2295 2539 multo
2326 2501 2484 2555 quam
2520 2488 2757 2556 corporis
2806 2489 3241 2558 perspicaciores.
3278 2489 3409 2543 Nam
3463 2491 3707 2559 corporis

2127 2586 2394 2648 aspectus,
2439 2579 2483 2632 si
2522 2579 2736 2650 quidem
2770 2595 2867 2648 per
2905 2595 3129 2635 vacuum
3168 2596 3347 2636 aerem
3381 2580 3601 2648 feratur,
3635 2582 3706 2637 ad

2129 2668 2342 2737 longum
2374 2670 2708 2725 intervallum
2737 2672 3075 2740 progreditur
3104 2690 3117 2727 :
3142 2672 3285 2743 quod
3312 2674 3354 2725 si
3379 2675 3428 2727 in
3451 2675 3704 2743 exiguum

2127 2774 2320 2829 corpus
2360 2761 2658 2831 impcgerit,
2704 2778 2807 2817 non
2852 2763 3008 2818 aliter
3044 2780 3201 2834 quam
3247 2765 3418 2819 [luxus
3446 2766 3535 2835 qui
3565 2766 3708 2821 lere-

2127 2851 2301 2916 hatur,
2329 2853 2603 2908 obstaculo
2622 2854 2883 2924 repulsus,
2907 2855 3083 2910 denuo
3106 2865 3394 2911 retrorsum
3421 2858 3702 2911 avertitur:

2125 2959 2311 3000 verum
2338 2946 2499 3000 animi
2524 2947 2661 3001 oculi
2711 2948 2915 3002 etiamsi
2945 2949 3175 3018 parietes
3194 2990 3209 3013 ,
3231 2948 3443 3004 etiamsi
3470 2951 3668 3006 muenia
3687 2990 3709 3013 ,λ

2126 3038 2332 3092 etiamsi
2379 3040 2636 3092 montium
2679 3038 2866 3103 moles,
2910 3042 3119 3096 etiamsi
3167 3042 3422 3096 caalorum
3474 3058 3705 3112 corpora

2125 3129 2488 3199 compererint
2528 3130 2811 3194 obstantia,
2843 3134 3018 3187 omnia
3066 3133 3220 3189 facile
3258 3146 3702 3205 prtetercurrunt.

2125 3220 2373 3275 Attamen
2397 3234 2518 3275 cum
2550 3230 2746 3277 tantam
2776 3221 2965 3280 habeat
2986 3226 3318 3281 celeritatem
3342 3235 3397 3281 et
3420 3228 3709 3287 oculorum

2124 3308 2291 3365 aciem
2317 3310 2516 3379 anima,
2539 3326 2643 3366 non
2674 3326 2881 3369 ex-sese
2906 3313 3179 3371 sufﬁciens
3202 3326 3285 3372 est
3307 3318 3373 3372 ad
3401 3319 3704 3390 intelligen-

2124 3401 2250 3455 tiam
2278 3416 2454 3457 rerum
2481 3402 2769 3458 caelestium
2788 3444 2804 3469 ,
2833 3405 2927 3460 sed
2953 3420 3086 3475 opus
3112 3407 3203 3460 illo
3226 3407 3385 3463 habet
3409 3410 3499 3479 qui
3526 3411 3706 3481 ipsam

2123 3507 2283 3547 manu
2321 3494 2568 3548 deducat.
2611 3493 2891 3550 Faciamus
2916 3497 3074 3567 igitur
3097 3499 3236 3568 quod
3266 3500 3317 3553 in
3344 3516 3528 3570 regum
3553 3502 3705 3571 pala-

2122 3588 2210 3641 tiis
2239 3587 2411 3643 facere
2440 3589 2652 3655 solent,
2676 3589 2764 3659 qui
2795 3590 3015 3659 cupiunt
3033 3607 3092 3645 ea
3115 3591 3315 3647 videre.
3343 3593 3478 3661 Quid
3517 3604 3706 3650 autem

2123 3679 2199 3734 illi
2231 3679 2470 3734 faciunt?
2509 3680 2609 3737 Ubi
2638 3682 2946 3752 quzesierint
2974 3698 3095 3738 eum
3120 3685 3204 3739 cui
3234 3684 3411 3740 claves
3437 3687 3701 3741 commis-

2121 3785 2195 3825 sa:
2241 3781 2384 3836 sunt,
2432 3771 2581 3825 illum
2629 3771 2845 3838 adeunt,
2886 3774 3224 3844 alloquuntur
3275 3783 3330 3829 et
3374 3776 3702 3846 supplicant,

2121 3862 2429 3933 frequenter
2453 3873 2506 3917 et
2529 3864 2809 3934 pecuniam
2838 3874 3158 3930 numerant,
3188 3874 3245 3919 ut
3272 3866 3399 3935 ipsis
3426 3865 3703 3936 gratiﬁce-

2120 3964 2225 4008 tur.
2258 3953 2524 4008 Adeamus
2552 3968 2680 4024 ergo
2704 3962 2759 4008 et
2786 3968 2883 4008 nos
2913 3969 3078 4009 unum
3104 3970 3290 4010 eorum
3308 3997 3324 4021 ,
3354 3956 3546 4027 quibus
3583 3972 3705 4011 ca:-

2120 4048 2280 4102 lestes
2305 4056 2475 4117 portas
2509 4046 2811 4101 commissae
2852 4054 2994 4114 sunt,
3036 4046 3383 4117 appellemus,
3423 4048 3703 4118 supplice-

2119 4153 2258 4205 mus,
2302 4151 2399 4205 pro
2432 4137 2653 4204 pecunia
2702 4145 2995 4205 promptam
3032 4137 3355 4192 voluntatem
3393 4138 3704 4193 sincerum-

2118 4248 2221 4302 que
2258 4230 2501 4285 all'ectum
2538 4231 2901 4285 exhibeamns.
2947 4231 3011 4284 Et
3038 4230 3082 4284 si
3112 4231 3205 4286 ille
3228 4231 3527 4287 mercedem
3555 4231 3705 4287 hanc

2117 4324 2401 4391 acceperit,
2452 4336 2609 4375 manu
2650 4331 2830 4375 nostra
2873 4321 3203 4390 apprehensa
3244 4336 3338 4391 per
3375 4323 3553 4377 omnia
3580 4323 3702 4376 cir-

2116 4415 2416 4476 cumducet,
2463 4432 2566 4468 non
2612 4415 2757 4469 illam
2795 4414 3083 4469 ostendens
3113 4416 3333 4486 regiam,
3374 4416 3470 4471 sed
3515 4417 3700 4486 ipsum

2116 4508 2314 4579 Regem
2369 4507 2423 4561 in
2470 4506 2607 4561 solio
2641 4506 2939 4569 sedentem,
2982 4506 3314 4563 adstantibus
3369 4508 3705 4563 exercitibus

2115 4598 2545 4669 exercituumque
2598 4596 2863 4659 ducibus,
2916 4598 3285 4653 assistentibus
3331 4599 3703 4654 innumerabi-

2114 4688 2243 4743 lium
2282 4688 2589 4758 angelorum
2629 4695 2684 4742 ct
2728 4685 3166 4758 archangelorum
3191 4688 3425 4744 millibus
3457 4707 3471 4753 ;
3510 4692 3699 4747 omnia

2115 4781 2399 4853 diligenter
2452 4781 2606 4835 nobis
2654 4780 2931 4845 ostendet,
2990 4793 3250 4851 quatenus
3310 4782 3460 4838 nobis
3507 4783 3703 4840 videre

2113 4876 2256 4929 licet.
2288 4874 2416 4942 Quis
2444 4874 2602 4944 igitur
2638 4882 2721 4927 est
2758 4873 2857 4927 iste
2895 4872 2981 4927 cui
3024 4874 3138 4929 haec
3176 4873 3377 4929 functio
3404 4874 3700 4932 commissa

2111 4976 2213 5031 est,
2244 4981 2406 5037 quam
2449 4974 2735 5034 sequentes
2773 4980 2914 5020 nunc
2953 4966 3193 5021 volumus
3232 4966 3477 5037 ingredi?
3503 4965 3698 5032 Isaias.

2111 5058 2488 5128 prophetarum
2515 5055 2902 5111 vocalissimus.
2925 5056 3065 5126 Ergo
3090 5072 3310 5112 necesse
3337 5067 3439 5124 est,
3461 5067 3519 5111 ut
3547 5055 3699 5114 hunc

2110 5153 2460 5221 alloquamur.

2080 5285 2084 5293 .
2181 5243 2462 5314 Scriptum:
2491 5240 2740 5312 quomodo
2766 5240 3047 5295 audiendis.
3079 5267 3148 5281 --
3174 5241 3349 5311 Agite,
3385 5242 3697 5312 sequamini

2108 5332 2406 5403 composito
2430 5330 2595 5401 gradu
2623 5330 2951 5399 incedentes,
2986 5331 3154 5387 multo
3188 5347 3309 5387 cum
3337 5333 3550 5388 silentio
3575 5352 3589 5387 :
3620 5350 3696 5391 ne

2108 5425 2228 5494 quis
2270 5421 2595 5493 ingrediatur
2639 5421 2782 5475 curis
2833 5429 3055 5476 onustus
3105 5422 3403 5488 mundanis,
3458 5440 3529 5479 ne
3566 5425 3704 5494 quis

2108 5516 2267 5570 animi
2296 5514 2507 5578 dubius,
2549 5527 2615 5567 ne
2652 5512 2767 5583 quis
2797 5514 3051 5569 attonitus
3082 5532 3096 5565 :
3134 5528 3318 5568 verum
3363 5516 3476 5568 haec
3503 5518 3693 5571 omnia

2109 5608 2237 5663 loris
2260 5616 2383 5662 ante
2401 5606 2595 5661 ostium
2619 5604 2944 5675 deponamus
2960 5620 3164 5672 omnes,
3189 5617 3350 5677 atque
3374 5608 3444 5662 ita
3466 5607 3693 5665 demum

2176 5712 2193 5743 ι
2263 5706 2398 5757 Unus
2463 5712 2605 5776 legit,
2627 5714 2877 5777 mysticum
2899 5712 3064 5763 melos.
