3992 6300
262 433 353 491 109
1288 434 1353 490 IN
1390 434 1611 502 lLLUD,
1658 435 1794 491 VIDl
1825 433 2157 498 DOMINUM,
2198 434 2428 491 llOMlL.
2474 436 2533 492 ll.

260 549 626 622 ingrediamur.
657 548 1001 618 lngredimur
1041 550 1180 605 enim
1225 551 1277 604 in
1320 566 1537 621 regnum
1563 544 1836 618 extorum,

260 641 657 698 conscendimus
677 642 734 696 in
760 643 1009 712 regiones
1037 642 1201 697 stellis
1230 640 1570 713 fulgurantes.
1597 642 1729 709 Qum
1758 642 1839 698 in—

264 745 339 789 ttts
360 741 485 786 sunt
517 733 660 787 miro
702 733 923 789 silentio
951 734 1104 805 plena
1147 742 1289 799 sunt,
1333 734 1705 805 mysteriisque
1734 747 1840 790 non

261 822 534 879 efferendis
561 824 784 880 referta.

321 917 375 973 9..
401 916 506 973 Sed
536 918 950 981 animadvertite
976 919 1287 991 diligenter:
1312 935 1433 974 nam
1451 919 1840 990 Seripturarum

262 1007 407 1065 lectio
428 1010 684 1065 e'elorum
712 1019 796 1065 est
832 1011 1109 1067 reseratio.
1150 1008 1219 1064 Et
1247 1014 1435 1080 factum
1460 1023 1532 1065 est
1557 1027 1711 1076 anno,
1741 1026 1841 1081 quo

268 1112 481 1157 mortuus
502 1114 576 1156 est
608 1103 761 1157 Ozias
785 1121 878 1158 rea;
893 1145 909 1171 ,
936 1105 1038 1158 vidi
1065 1103 1338 1158 Dominum
1364 1104 1616 1158 sedentem
1636 1105 1691 1162 in
1713 1104 1841 1158 solio

267 1193 445 1248 excelso
473 1205 522 1248 et
551 1195 683 1248 elato
711 1195 866 1267 (fsai.
892 1196 945 1252 6.
972 1198 1050 1265 1).
1080 1196 1269 1251 Vidisti
1298 1196 1447 1266 probi
1474 1195 1655 1251 famuli
1681 1197 1842 1253 bene-

270 1288 537 1340 volentiam
559 1286 1096 1359 humanitatemque?
1128 1288 1277 1342 lllico
1308 1303 1407 1343 nos
1428 1287 1495 1343 ad
1533 1287 1723 1343 solium
1760 1288 1840 1343 in-

270 1376 406 1431 duxit
428 1378 653 1447 regium,
690 1395 791 1434 nec
826 1380 970 1448 pritts
1010 1380 1319 1451 circumegit
1361 1389 1481 1450 post
1516 1381 1699 1451 longos
1727 1396 1841 1435 am-

276 1469 417 1531 bitus,
444 1469 538 1524 sed
582 1471 737 1525 simul
778 1480 938 1542 atque
964 1481 1145 1541 portas
1182 1471 1409 1540 aperuit,
1451 1487 1482 1527 e
1512 1473 1727 1543 regione
1755 1487 1841 1527 se-

278 1560 470 1615 dentem
510 1561 793 1616 Dominum
841 1563 1073 1619 ostendit
1123 1581 1134 1616 :
1178 1562 1248 1617 Et
1290 1562 1558 1633 Seraphim
1586 1606 1601 1631 ,
1647 1565 1832 1635 inquit,

279 1650 454 1703 stabant
481 1652 531 1704 in
555 1652 769 1706 circuitu
796 1654 944 1724 ejus;
972 1670 1058 1709 sea:
1080 1653 1178 1708 alte
1200 1655 1309 1721 uni,
1336 1664 1383 1708 et
1406 1670 1496 1708 sea:
1519 1653 1618 1708 ala:
1642 1653 1790 1709 alteri
1818 1670 1837 1708 :

284 1758 333 1792 ac
358 1741 541 1796 duabus
566 1744 766 1815 quidem
808 1744 1038 1798 uelabant
1076 1746 1256 1815 faciem
1280 1787 1295 1813 ,
1345 1745 1535 1799 duabus
1577 1747 1746 1816 pedes,
1790 1756 1838 1801 et

288 1832 455 1886 duabus
470 1832 718 1910 volabant,
746 1844 791 1888 et
817 1835 1101 1889 clamabant
1121 1837 1248 1889 alter
1266 1837 1332 1889 ad
1352 1836 1801 1901 alterum,tlicentes
1818 1855 1837 1891 .'

293 1924 500 1992 Sanctus,
532 1938 754 1996 sanctus,
782 1940 1008 1996 sanctus,
1038 1929 1284 1986 Dominus
1326 1930 1572 1986 Sabaoth.
1592 1931 1754 2003 (Ibid.
1786 1948 1832 1985 υ.

292 2015 337 2070 2.
360 2017 431 2084 δ).

352 2107 515 2162 Contra
535 2108 817 2165 Anomaeos.
840 2109 1027 2165 Divina
1046 2121 1227 2167 natura
1250 2114 1441 2185 angelis
1456 2115 1838 2185 incomprehen-

297 2199 443 2253 sibilis.
466 2200 691 2256 —Vere
728 2212 965 2268 sanctus,
1002 2206 1091 2274 qui
1125 2213 1361 2259 nostram
1407 2213 1644 2260 naturam
1678 2209 1836 2262 tantis

297 2304 346 2343 ac
370 2290 540 2346 talibus
578 2294 846 2364 mysteriis
869 2281 1113 2364 dignatus
1141 2305 1251 2361 est,
1280 2294 1367 2366 qui
1408 2310 1507 2350 nos
1543 2296 1722 2351 talium
1753 2311 1838 2352 se-

297 2392 523 2437 cretorum
550 2393 825 2439 consortes
853 2382 1002 2439 fecit.
1030 2385 1230 2440 Horror
1259 2400 1345 2440 me
1366 2401 1427 2440 ac
1459 2395 1657 2441 tremor
1672 2387 1837 2441 corri-

298 2474 387 2540 puit
420 2474 465 2527 in
493 2474 577 2528 tali
601 2476 827 2530 cantico.
860 2475 931 2530 Et
959 2476 1083 2547 quid
1125 2476 1336 2541 mirum,
1382 2478 1427 2533 si
1460 2492 1546 2532 me
1583 2478 1836 2547 corripuit

300 2565 460 2619 luteum
476 2581 534 2621 ac
558 2574 850 2634 terrenum,
876 2583 999 2623 cum
1027 2569 1183 2624 etiam
1223 2570 1366 2640 ipsas
1389 2585 1645 2640 supernas
1670 2572 1836 2625 virtu-

301 2666 359 2710 tes
378 2669 568 2728 semper
586 2660 847 2714 maximus
870 2660 1108 2716 obtineat
1128 2661 1346 2731 stupor?
1371 2660 1665 2730 Eapropter
1682 2677 1833 2716 aver-

300 2758 390 2803 tunt
435 2750 611 2817 facies,
653 2753 871 2823 alasque
922 2754 1037 2809 vice
1081 2769 1350 2809 murorum
1395 2754 1683 2823 objiciunt,
1726 2770 1831 2809 non

298 2841 487 2899 ferentes
509 2846 680 2901 radios
707 2846 851 2902 illinc
879 2846 1295 2916 proﬁciscentes.
1330 2848 1392 2902 Et
1428 2858 1623 2911 tamen,
1663 2848 1826 2913 aiunt,

298 2934 339 2986 lll
358 2937 475 3005 quod
501 2938 785 3007 apparebat
812 2947 1158 3008 attemperata
1189 2940 1413 3009 quadam
1455 2938 1680 3008 imagine
1705 2938 1834 2992 oll‘e-

298 3028 487 3084 rebatur.
510 3031 614 3085 Cur
643 3032 805 3101 igitur
825 3046 930 3087 non
962 3032 1230 3086 tulerunt?
1252 3030 1376 3085 Mihi
1408 3031 1505 3085 ista
1543 3031 1713 3085 dicis?
1737 3032 1832 3088 Dic

299 3118 351 3173 iis
382 3121 454 3189 qui
483 3122 689 3177 curiose
732 3131 1038 3177 scrutantur
1066 3121 1385 3177 ineffabilem
1412 3136 1474 3176 ac
1502 3121 1708 3177 beatam
1738 3137 1832 3177 na-

296 3220 454 3277 turam,
478 3210 537 3269 iis
561 3212 652 3284 qui
677 3213 877 3268 audent
906 3228 1012 3268 non
1043 3213 1303 3268 audenda.
1330 3212 1443 3282 Ipsa
1467 3212 1746 3283 Seraphitn
1763 3229 1831 3269 ne

289 3300 625 3358 demissionem
679 3303 899 3374 quidem
952 3303 1048 3359 Dei
1096 3304 1462 3358 sustinuerunt
1510 3303 1703 3358 intueri
1738 3314 1832 3358 :et

288 3391 422 3447 homo
438 3408 589 3449 ausus
620 3403 703 3449 est
730 3394 933 3462 dicere,
978 3394 1086 3448 imo
1122 3394 1298 3464 potius
1338 3394 1498 3449 homo
1539 3410 1704 3449 ausus
1747 3404 1833 3449 est

283 3481 435 3538 animo
451 3484 745 3554 concipere,
772 3499 833 3540 se
860 3492 1102 3538 naturam
1125 3484 1292 3554 ipsam
1320 3485 1601 3550 sinceram,
1621 3494 1676 3539 et
1694 3486 1832 3541 Che-

284 3575 457 3631 rubinis
482 3579 697 3633 minime
722 3576 1087 3647 conspicuam,
1119 3590 1275 3647 posse
1316 3577 1379 3630 ad
1412 3577 1626 3646 plenum
1661 3578 1831 3633 clare-

279 3682 368 3735 que
401 3667 604 3724 videre?
647 3668 933 3734 Horresce,
982 3668 1168 3723 caelum
1192 3708 1206 3733 ,
1252 3668 1589 3737 obstupesce,
1644 3678 1828 3725 terra:

279 3757 365 3814 hoc
384 3759 568 3817 audere
594 3763 769 3831 majus
797 3768 880 3816 est
897 3760 983 3829 iis,
1005 3776 1125 3831 quae
1148 3762 1259 3815 ausi
1286 3772 1410 3816 sunt
1435 3761 1531 3815 illi.
1555 3761 1684 3815 Nam
1712 3777 1829 3832 qua:

275 3860 369 3904 tum
403 3851 474 3906 illi
503 3867 601 3922 per
638 3853 964 3923 impietatem
1005 3850 1291 3919 audebant,
1330 3851 1516 3907 eadem
1560 3868 1699 3907 nunc
1736 3868 1829 3923 per

272 3940 572 4011 impietatem
600 3942 800 3998 audent
826 3943 934 3998 isti.
972 3942 1106 3997 Nam
1132 3953 1429 3999 creaturam
1468 3944 1715 3999 similiter
1737 3946 1830 3999 ad-

267 4042 405 4088 orant
432 4051 446 4087 :
471 4033 615 4105 quod
644 4043 824 4089 autem
858 4049 1003 4089 nunc
1035 4034 1123 4089 isti
1142 4036 1430 4092 commenti
1467 4044 1618 4103 sunt,
1651 4037 1825 4093 nullus

264 4127 367 4194 ejus
391 4129 558 4182 aetatis
586 4127 863 4183 hominum
891 4143 1066 4199 neque
1092 4127 1286 4193 dicere,
1311 4144 1484 4199 neque
1504 4130 1689 4184 audire
1712 4145 1831 4185 sus-

263 4219 420 4274 tinuit.
449 4219 587 4287 Quid
618 4221 737 4274 ais?
763 4221 1024 4276 Demissio
1041 4230 1155 4275 erat
1174 4219 1313 4290 quod
1334 4221 1647 4276 videbatur?
1677 4221 1825 4287 Erat,

261 4312 343 4366 sed
368 4313 484 4368 Dei.
511 4314 723 4368 Etenim
754 4315 799 4368 si
826 4313 1012 4368 Daniel
1049 4312 1135 4368 cui
1162 4313 1387 4368 multum
1406 4323 1531 4369 erat
1561 4313 1831 4368 familiari-

261 4406 369 4459 tatis
394 4420 460 4461 ac
504 4405 712 4461 fiducia:
746 4405 887 4475 apud
936 4406 1122 4472 Deum,
1155 4420 1260 4459 non
1302 4404 1554 4460 sustinuit
1582 4406 1827 4475 angelum

258 4511 363 4553 sese
390 4498 491 4568 ipsi
541 4498 909 4553 demittentem
953 4497 1158 4562 videre,
1205 4497 1299 4552 sed
1328 4497 1521 4552 cecidit
1560 4498 1829 4567 jacuitque

258 4604 463 4659 pronus,
491 4591 723 4646 vinculis
747 4591 1019 4647 oculorum
1066 4591 1205 4645 illius
1242 4591 1309 4646 ab
1352 4591 1440 4645 illa
1470 4592 1634 4661 gloria
1660 4592 1830 4647 disso-

260 4680 406 4737 lutis:
437 4681 567 4753 quid
613 4683 805 4736 mirum
844 4682 887 4735 si
930 4682 1207 4751 Seraphim
1252 4681 1591 4750 expavefacta
1633 4691 1755 4736 sunt
1785 4683 1826 4748 ί,

259 4787 350 4829 non
374 4773 692 4829 sustinentia
722 4772 1050 4843 majestatem
1072 4771 1217 4826 illam
1238 4772 1427 4827 intueri
1444 4773 1467 4825 ?
1483 4771 1663 4841 Neque
1683 4772 1826 4827 enim

261 4873 444 4921 tantum
487 4865 817 4921 discriminis
860 4874 943 4919 est
982 4865 1122 4919 inter
1166 4864 1435 4918 Danielem
1466 4873 1520 4918 et
1546 4865 1821 4934 Angelutn,

261 4968 494 5025 quanmm
522 4959 665 5015 inter
691 4958 856 5013 Deum
886 4968 941 5013 et
967 4957 1203 5012 Virtutes
1230 4957 1366 5012 illas.
1404 4957 1597 5012 Verum
1626 4973 1693 5013 ne
1734 4975 1828 5013 uos
1860 5002 1867 5005 .

267 5050 364 5116 plus
386 5066 545 5120 quam
590 5058 677 5105 sat
709 5060 791 5105 est
829 5049 915 5104 his
952 5048 1223 5103 miraculis
1252 5052 1596 5105 immorantes
1623 5061 1829 5104 vesuos

268 5140 450 5197 animos
469 5143 522 5197 iu
548 5151 822 5212 stuporem
844 5141 1138 5212 adigatnus,
1158 5156 1253 5212 age
1272 5140 1337 5195 ad
1360 5140 1564 5196 initium
1593 5142 1827 5197 historice

270 5242 655 5299 convertamur,
706 5233 1079 5288 humilioribus
1124 5234 1244 5287 illos
1295 5234 1719 5289 enarrationibus
1762 5234 1828 5289 ad

269 5322 366 5391 ejus
411 5326 815 5396 intelligentiam
853 5324 1201 5379 adducentes.
1250 5320 1318 5377 Et
1360 5324 1550 5392 factum
1588 5335 1661 5378 est
1694 5342 1829 5379 anno

273 5430 354 5479 quo
377 5430 594 5471 mrtuus
621 5428 692 5471 est
720 5417 873 5470 Ozias
906 5434 1016 5471 rex.
1060 5416 1247 5484 Operm
1286 5416 1510 5484 pretium
1538 5425 1621 5470 est
1660 5416 1833 5487 inqui-

276 5522 375 5563 rere
397 5513 637 5579 primum,
671 5526 767 5565 cur
792 5510 1052 5580 propheta
1080 5509 1229 5563 nobis
1257 5516 1467 5577 tempus
1500 5509 1824 5579 designarit;

278 5615 422 5670 neque
446 5605 580 5658 enim
607 5605 710 5659 hoc
733 5602 953 5661 fortuito
981 5611 1246 5657 temereve
1274 5601 1417 5655 facit.
1445 5601 1573 5655 Nam
1595 5600 1821 5671 prophe—

284 5700 427 5746 tarum
450 5710 536 5749 ora
561 5695 650 5750 Dei
680 5704 801 5749 sunt
825 5710 886 5749 os
917 5712 932 5747 :
966 5693 1071 5747 tale
1099 5708 1227 5747 vero
1248 5708 1309 5747 os
1334 5692 1463 5746 nihil
1491 5692 1683 5746 dixerit
1711 5692 1826 5745 ohi-

286 5793 347 5839 ter
373 5798 420 5841 et
442 5803 580 5843 cura
609 5805 740 5844 rem.
770 5788 847 5844 Ne
878 5788 1040 5858 igitur
1069 5802 1166 5842 nos
1192 5786 1363 5841 obiter
1393 5797 1441 5842 et
1471 5786 1829 5859 perfunctorie

339 5924 354 5952 ¹
376 5923 510 5987 tuus,
533 5926 585 5979 Si
602 5928 846 5991 Seraphin:
868 5928 1032 5979 oculos
1058 5939 1164 5978 suos
1192 5923 1360 5976 velant.

3432 444 3530 499 illi

1950 549 2244 605 audiamus.
2276 550 2487 605 Etenim
2518 551 2562 605 si
2595 551 2628 605 ii
2659 552 2749 623 qui
2792 552 2998 609 fodiunt
3024 557 3257 622 metalla,
3287 572 3354 611 ne
3380 561 3536 613 mini-

1947 656 2032 696 ma
2058 640 2272 712 quidem
2302 642 2523 697 frustula
2548 653 2890 714 praetereunt,
2925 661 3110 703 verum
3138 648 3226 703 ubi
3257 651 3394 704 nacti
3425 651 3537 705 fue-

1946 732 2054 787 rint
2076 733 2303 802 aliquam
2346 748 2533 788 venam
2572 735 2709 801 auri,
2750 744 2954 791 meatus
2992 753 3180 795 omnes
3218 752 3403 795 exacte
3432 743 3536 795 cir-

1945 825 2296 895 cumspiciunt
2320 844 2334 880 :
2360 834 2561 896 quanto
2584 827 2753 897 magis
2791 827 2890 884 hoc
2916 827 3092 886 facere
3121 846 3221 887 nos
3250 842 3455 903 oportet
3478 836 3533 887 in

1947 914 2275 985 Scripturis?
2303 916 2371 972 Et
2397 927 2569 973 tamen
2600 917 2651 973 in
2676 919 2907 975 metallis
2926 920 3145 979 difﬁcile
3175 932 3258 979 est
3294 925 3533 981 invenire

1945 1008 2088 1079 quod
2116 1018 2389 1065 venantur.
2432 1010 2645 1066 Etenim
2677 1026 2798 1067 cum
2828 1020 2885 1067 et
2911 1015 3119 1068 metalla
3150 1015 3256 1069 sint
3286 1026 3444 1082 terra,
3479 1028 3535 1071 ct

1944 1116 2133 1157 aurum
2161 1103 2289 1158 nihil
2317 1103 2459 1158 aliud
2488 1104 2557 1159 sit
2575 1119 2733 1175 quam
2761 1114 2924 1171 terra,
2955 1105 3066 1175 ipsa
3094 1123 3303 1177 quoque
3326 1117 3531 1163 natum

1943 1198 2245 1252 communio
2302 1198 2699 1269 similitudoque
2742 1214 2965 1262 eorum,
3016 1215 3135 1269 qua:
3184 1212 3528 1271 qua-runtur,

1944 1291 2125 1345 oculos
2152 1289 2315 1356 fallit;
2344 1299 2575 1346 attamen
2605 1307 2670 1346 ne
2688 1292 2765 1347 sic
2785 1291 2997 1362 quidem
3019 1292 3279 1347 desistunt
3305 1294 3403 1360 illi,
3437 1295 3530 1349 scd

1943 1398 2155 1437 omnem
2178 1382 2434 1438 adhibent
2461 1383 2811 1453 diligentiam,
2838 1384 3045 1439 etiamsi
3074 1393 3414 1455 posteaquam
3449 1387 3531 1440 in-

1943 1478 2232 1547 spexerint,
2259 1477 2429 1532 sciant
2455 1477 2577 1547 quid
2607 1493 2731 1533 vere
2753 1479 2821 1531 sit
2838 1486 3000 1540 terra,
3029 1477 3153 1547 quid
3171 1493 3297 1531 vere
3316 1494 3527 1533 aurum.

1943 1567 2001 1625 lu
2027 1567 2313 1637 Scripturis
2341 1576 2518 1623 autem
2548 1582 2652 1622 non
2679 1578 2760 1622 est
2788 1568 2971 1623 eadem
2995 1569 3150 1623 ratio.
3178 1569 3359 1640 Neque
3384 1571 3525 1625 enim

1943 1661 2258 1732 proponitur
2286 1676 2472 1714 aurum
2503 1668 2659 1715 terra:
2688 1661 3058 1727 commixtum,
3096 1662 3189 1717 sed
3230 1678 3418 1731 pttrum
3448 1667 3526 1716 est

1942 1769 2131 1807 aurum
2164 1771 2177 1805 :
2221 1751 2460 1822 Eloquia,
2490 1752 2678 1822 inquit,
2705 1752 2912 1806 Domini
2938 1763 3095 1820 casta,
3128 1764 3388 1825 argentum
3415 1756 3531 1825 igne

1943 1844 2306 1907 ertttttinatum,
2348 1844 2615 1915 probatum
2657 1854 2803 1898 terra:
2824 1843 2993 1916 (Paul.
3027 1846 3112 1899 ll.
3145 1846 3222 1914 7).
3253 1846 3524 1916 Siquidem

1941 1935 2228 2006 Scriptura:
2254 1950 2359 1990 non
2399 1945 2521 1989 sunt
2548 1936 2762 1990 metalla
2792 1952 2910 2006 qua:
2943 1936 3213 2007 indigeant
3238 1938 3522 2006 operariis,

1942 2026 2037 2081 sed
2086 2026 2392 2081 thesaurum
2443 2028 2682 2096 pneheut
2725 2037 2966 2097 paratum
3017 2029 3118 2093 iis,
3167 2030 3254 2097 qui
3285 2040 3528 2099 qumruut

1942 2134 2071 2187 opes
2115 2118 2166 2172 in
2216 2118 2345 2188 ipsis
2388 2118 2707 2174 reconditas.
2760 2118 2899 2175 Satis
2944 2130 3027 2175 est
3073 2123 3212 2175 enim
3268 2123 3530 2192 introspe-

1942 2213 2106 2279 xisse,
2154 2223 2211 2266 ut
2239 2212 2385 2266 omni
2425 2212 2619 2282 expleti
2670 2212 2843 2267 fructu
2895 2213 3216 2279 discedatis;
3265 2215 3393 2269 satis
3446 2228 3527 2270 est

1942 2312 2143 2357 tantum
2168 2303 2440 2373 aperuisse
2460 2347 2472 2369 ,
2514 2315 2569 2359 ut
2613 2304 2751 2359 illico
2778 2304 2957 2360 videas
2982 2320 3313 2376 gemmarum
3346 2306 3527 2377 Splen-

1940 2396 2143 2451 dorem.

2012 2490 2279 2563 Scriptura
2326 2491 2455 2545 nihil
2496 2490 2642 2545 habet
2680 2508 3056 2563 supervacuum.
3089 2524 3159 2533 —
3186 2492 3311 2549 Hmc
3347 2502 3521 2549 autem

1938 2582 2068 2638 mihi
2110 2598 2214 2639 non
2249 2592 2450 2639 temere
2490 2583 2630 2639 dicta
2666 2594 2789 2638 sunt
2820 2600 2989 2654 neque
3029 2586 3245 2641 fortuito
3292 2590 3520 2658 produxi

1938 2689 2260 2740 sermonem,
2292 2677 2388 2730 sed
2420 2675 2540 2746 quia
2586 2686 2710 2730 suut
2747 2676 2987 2731 homines
3024 2678 3239 2747 quidam
3283 2680 3520 2747 Opilim‘s,

1937 2768 2025 2836 qui
2059 2776 2400 2837 posteaquam
2436 2781 2615 2823 sacros
2645 2767 2835 2823 Libros
2864 2769 2916 2822 in
2961 2785 3149 2824 manus
3176 2772 3519 2839 sumpserint,

1938 2856 2132 2913 deinde
2151 2860 2449 2929 repererint
2468 2860 2549 2915 vel
2571 2875 2829 2914 annorum
2854 2876 3131 2915 numerum
3155 2862 3405 2931 positum,
3438 2864 3520 2915 vel

1940 2951 2212 3005 nominum
2236 2951 2627 3018 recensionem,
2660 2951 2802 3006 illico
2829 2960 3262 3021 prmtereurruut,
3292 2962 3343 3007 et
3369 2954 3519 3005 incu-

1937 3042 2178 3096 santibus
2219 3042 2546 3112 respondent
2590 3061 2604 3097 :
2648 3043 2869 3097 Nomina
2916 3052 3114 3097 tantum
3164 3053 3307 3107 sunt,
3348 3060 3523 3113 neque

1936 3132 2220 3203 quidquam
2252 3132 2452 3188 habent
2487 3134 2745 3188 utilitatis.
2776 3132 2910 3202 Quid
2940 3135 3052 3188 ais?
3082 3134 3222 3188 Deus
3265 3135 3518 3205 loquitur,

1936 3234 1992 3278 et
2025 3233 2080 3279 tu
2108 3224 2272 3279 audes
2316 3225 2515 3291 dicere,
2559 3226 2711 3281 Nulla
2741 3236 2823 3281 cst
2861 3227 3123 3281 dictorum
3151 3227 3389 3281 utilitas?
3432 3228 3522 3281 Et-

1936 3316 2077 3370 cnim
2104 3317 2147 3369 si
2179 3316 2244 3370 ad
2288 3316 2482 3371 nudam
2528 3316 2924 3387 inscriptionem
2974 3320 3246 3388 aspexeris
3292 3327 3517 3380 tantum,

1938 3423 2113 3463 nonne
2141 3416 2191 3461 te
2214 3408 2369 3463 sistes
2395 3421 2515 3463 cum
2560 3409 2755 3474 studio,
2788 3410 3155 3479 repositasquc
3198 3409 3518 3464 scrutaberis

1935 3500 2103 3568 opes?
2133 3498 2241 3554 Sed
2280 3500 2406 3569 qttid
2434 3499 2625 3569 loquor
2660 3500 2727 3554 de
2770 3500 3093 3568 temporibus
3122 3510 3176 3553 et
3217 3501 3517 3555 nominibus

1938 3591 2246 3662 titulisque?
2276 3592 2431 3646 Disce
2474 3602 2730 3662 quantum
2758 3592 2931 3644 valeat
2968 3592 3123 3645 unius
3159 3600 3361 3645 tantum
3406 3592 3520 3646 lite-

1936 3684 2066 3737 rulae
2103 3683 2361 3753 adjectio,
2408 3698 2472 3738 ac
2513 3683 2699 3738 desine
2747 3692 2853 3737 tota
2888 3692 3231 3738 contemnere
3278 3684 3513 3738 nomina.

1936 3773 2241 3828 Patriarcha
2288 3782 2470 3829 noster
2507 3773 2775 3828 Abraham
2807 3773 3011 3844 (noster
3043 3775 3183 3829 enim
3228 3776 3401 3844 potius
3438 3787 3521 3829 est

1936 3881 2094 3936 quam
2119 3865 2424 3921 Judceorum
2453 3864 2561 3937 hic)
2592 3866 2738 3935 prius
2775 3865 2949 3920 dictus
2989 3876 3069 3921 est
3103 3867 3335 3932 Abram;
3376 3867 3518 3937 quod

1937 3959 2339 4029 interpretatum
2364 3968 2517 4014 sonat
2543 3960 2882 4014 transitorem
2919 3967 3077 4029 :post
3117 3959 3230 4015 ha‘c
3270 3975 3397 4015 vero
3424 3976 3519 4013 no-

1935 4049 2080 4103 mine
2104 4058 2426 4105 commutato
2462 4049 2635 4105 dictus
2682 4046 2968 4112 Abraham,
3017 4059 3165 4120 pater
3207 4050 3376 4105 factus
3404 4066 3498 4104 om.

1937 4143 2079 4195 nium
2105 4144 2338 4213 gentium
2364 4159 2379 4209 ;
2410 4152 2462 4198 et
2502 4144 2712 4198 unicum
2738 4144 3057 4199 elementum
3086 4143 3350 4211 adjectum
3405 4153 3520 4199 tan-

1938 4235 2444 4305 tum‘priucipatum
2500 4236 2786 4291 vindicavit
2831 4235 2993 4305 justo.
3055 4236 3515 4303 Quemadmodum

1936 4331 2076 4384 enim
2110 4329 2459 4399 Imperatores
2485 4328 2747 4399 praefectis
2773 4328 2881 4383 suis
2911 4343 3099 4382 aureas
3138 4329 3418 4399 porrigunt
3439 4337 3519 4383 ta-

1938 4422 2124 4490 bellas,
2157 4423 2492 4492 magistratus
2522 4422 2728 4492 signum
2758 4438 2771 4475 :
2819 4420 2897 4476 sic
2922 4430 2975 4476 et
3016 4420 3153 4475 Deus
3185 4420 3330 4490 justo
3358 4420 3431 4474 illi
3463 4420 3516 4474 in

1936 4514 2155 4569 honoris
2176 4515 2383 4584 signum
2404 4512 2551 4568 dedit
2578 4514 2806 4568 literam.

2006 4606 2060 4660 5.
2080 4604 2275 4661 Verum
2302 4605 2371 4661 de
2400 4604 2698 4659 nominibus
2720 4604 2826 4659 alio
2848 4613 3088 4674 tempore
3111 4603 3370 4659 disseram
3394 4604 3470 4673 (a)
3500 4620 3513 4656 :

1936 4710 2167 4769 quantus
2192 4708 2368 4754 autem
2394 4699 2463 4753 sit
2485 4708 2783 4768 temporum
2808 4698 3007 4753 fructus
3029 4699 3072 4752 si
3100 4706 3515 4768 cognoscantur,

1938 4806 2149 4846 rursum
2180 4800 2437 4861 quantum
2466 4790 2719 4843 damnum
2751 4790 2793 4843 si
2817 4789 3145 4859 ignorentur,
3171 4787 3514 4857 aperiendum

1935 4893 2036 4937 est.
2086 4884 2164 4938 Ac
2202 4883 2428 4952 primum
2455 4881 2665 4951 quidem
2701 4882 2751 4935 id
2777 4896 2806 4936 a
2854 4882 3013 4936 rebus
3052 4881 3396 4935 szeeularibus
3422 4879 3516 4932 de-

1938 4974 2264 5029 monstrabo.
2292 4974 2629 5029 Testumenta
2659 4973 2955 5044 tabulaeque
2979 4974 3046 5027 de
3076 4973 3293 5042 nuptiis,
3323 4972 3388 5023 de
3416 4971 3514 5021 du-

1936 5066 2083 5135 bitis,
2114 5067 2288 5138 deque
2306 5066 2527 5136 reliquis
2547 5066 2908 5122 contractibus
2928 5107 2940 5129 ,
2971 5065 3072 5119 nisi
3104 5066 3156 5117 in
3184 5061 3515 5131 frontispicio

1936 5162 2214 5217 consulum
2235 5175 2403 5215 annos
2433 5160 2661 5215 habeant
2686 5159 3043 5228 prrescriptos,
3078 5156 3273 5210 nullam
3302 5170 3365 5209 ex
3394 5167 3514 5208 sese

1936 5258 2043 5310 vim
2073 5255 2290 5311 habent.
2324 5255 2437 5309 Hoc
2465 5264 2547 5309 est
2573 5256 2713 5308 enim
2743 5253 2881 5323 quod
2907 5252 3010 5305 illis
3036 5251 3198 5305 robur
3218 5249 3384 5313 addit,
3414 5248 3514 5302 hoc

1938 5358 2019 5401 est
2058 5345 2203 5416 quod
2243 5345 2631 5401 controversias
2658 5345 2891 5407 dirimit,
2924 5344 3024 5395 hoc
3059 5341 3201 5411 quod
3226 5356 3255 5394 a
3277 5341 3513 5410 judiciali

1940 5439 2058 5492 loro
2098 5439 2318 5503 liberat,
2374 5437 2474 5491 hoc
2533 5435 2672 5505 quod
2724 5452 2786 5488 ex
2839 5434 3062 5487 inimicis
3118 5432 3241 5485 facit
3288 5431 3515 5485 amicos.

1938 5531 2167 5585 Proinde
2191 5532 2279 5599 qui
2308 5530 2428 5583 talia
2454 5530 2780 5593 describunt,
2802 5543 2904 5581 nou
2933 5528 3086 5579 aliter
3114 5541 3269 5595 quam
3298 5525 3513 5579 lucerna

1940 5626 1990 5677 iu
2022 5623 2345 5678 candelabro
2386 5621 2509 5691 poni
2550 5621 2715 5681 solet,
2762 5621 2838 5672 sic
2872 5619 2919 5670 in
2973 5617 3300 5686 frontispicio
3329 5616 3509 5669 litera-

1940 5730 2053 5771 r'tuu
2085 5716 2284 5770 addttnt
2327 5714 2691 5774 consulatum,
2724 5722 2779 5763 ut
2805 5709 3052 5764 ontnihus
3074 5726 3189 5780 qua:
3226 5709 3516 5778 subjiciun-

2000 5856 2072 5908 (τι)
2112 5855 2194 5900 llit‘.
2228 5851 2400 5899 iudicat
2438 5847 2662 5898 tlontilias
2698 5847 2757 5893 de
2798 5844 3045 5894 \tutatioue
3084 5848 3361 5902 nominum,
3398 5853 3515 5903 quas

1944 5919 2177 5967 edidimus
2202 5925 2315 5963 tetu.
2343 5915 2388 5960 5.
