3992 6300
436 404 528 456 ill
1174 402 1232 460 S.
1271 404 1552 461 JOANNIS
1572 405 2050 469 CHRYSOSTOMI
2086 408 2403 473 ARCHIEP.
2442 417 2973 478 CONST'AN'HNOP.

432 530 520 576 tur
547 519 851 590 praeluceat.
886 519 1016 586 Quae
1047 522 1093 575 si
1120 521 1400 577 sustuleris
1422 563 1437 589 ,
1468 523 1647 578 lumen
1692 522 2005 589 sustuleris,

431 612 717 683 omniaque
742 610 976 669 tenebris
1003 611 1274 684 multaque
1301 612 1601 669 turbatione
1635 614 2009 684 compleveris.

430 704 719 775 Propterea
748 719 907 759 omne
936 705 1046 761 dati
1080 707 1391 776 acceptique
1422 708 1688 778 negotium
1709 750 1723 771 ,
1751 709 1864 764 sive
1889 723 2010 764 cum

432 796 644 861 amicis,
669 796 783 851 sive
808 812 928 851 cum
952 795 1200 861 inimicis,
1228 796 1340 852 sive
1359 812 1479 852 cum
1507 797 1736 865 famulis,
1760 800 1871 853 sive
1891 814 2011 853 cum

434 886 871 957 procuratoribus
887 897 941 943 et
959 888 1253 943 teconomis
1267 896 1472 959 agatur,
1491 887 1592 943 hac
1606 898 1729 959 eget
1743 890 2009 956 cautione,

440 987 496 1033 et
548 977 745 1049 ubique
801 992 1051 1047 menses,
1097 994 1266 1033 annos
1325 994 1389 1033 ac
1430 978 1546 1034 dies
1607 979 2009 1036 subscribimus.

432 1068 584 1135 Quod
613 1070 659 1125 si
704 1077 908 1124 tantum
938 1070 1076 1125 valet
1115 1086 1177 1126 ea
1201 1084 1289 1126 res
1317 1070 1370 1125 in
1392 1069 1617 1141 negotiis
1646 1071 2008 1138 saecularibus,

441 1162 498 1217 in
551 1159 918 1231 spiritualibus
987 1162 1157 1219 multo
1216 1161 1447 1232 amplius
1492 1162 1771 1233 profuerit.
1838 1163 2011 1233 Siqui-

439 1256 562 1311 dem
602 1253 705 1309 hoc
740 1253 975 1309 declarat
1017 1254 1321 1326 prophetias
1358 1270 1477 1310 esse
1535 1256 1860 1326 prophetias.
1907 1256 2010 1311 Ne-

435 1367 543 1421 que
566 1348 708 1403 enim
761 1346 905 1403 aliud
934 1347 1217 1418 quidquam
1248 1357 1332 1402 est
1383 1348 1659 1417 prophetia
1687 1389 1701 1411 ,
1729 1363 1885 1419 quam
1929 1365 2011 1404 re-

434 1458 555 1496 rum
574 1440 868 1496 futurarum
891 1441 1180 1495 enarratio.
1212 1439 1442 1495 Proinde
1462 1440 1551 1508 qui
1576 1439 1746 1496 nescit
1772 1450 2010 1511 tempora

432 1548 615 1589 eorum
645 1548 763 1601 quae
785 1532 925 1587 dicta
950 1540 1107 1597 sunt,
1129 1548 1315 1603 quaeve
1351 1542 1683 1599 evenerunt,
1705 1534 1793 1604 qui
1821 1536 2012 1603 poterit

428 1623 634 1678 homini
662 1624 1002 1681 contentiosa
1026 1623 1398 1679 demonstrare
1444 1624 1740 1694 prophetia:
1777 1624 2008 1696 dignita-

430 1717 578 1771 tem?
626 1716 763 1772 Hinc
805 1716 957 1772 nobis
1000 1724 1053 1771 ct
1092 1714 1350 1771 adversus
1393 1726 1579 1786 gentes
1625 1718 1919 1773 certamina
1957 1726 2013 1772 et

429 1808 691 1875 victoriae,
706 1823 833 1863 "cum
858 1817 1037 1862 nostra
1057 1807 1490 1863 demonstramus
1514 1808 1832 1876 antiquiora,
1851 1824 2010 1877 quam

428 1916 549 1971 qua:
587 1898 728 1970 apud
766 1898 893 1971 illos
936 1897 1239 1954 habentur:
1266 1899 1389 1954 hinc
1419 1898 1570 1954 nobis
1615 1900 1871 1955 adversus
1911 1888 2041 1955 Ju-'

428 1991 576 2046 dmos
636 1990 1120 2047 demonstrationes
1163 1990 1231 2046 ad
1296 1991 1644 2046 evincendam
1698 1992 2009 2058 veritatem;

428 2084 685 2139 adversus
703 2083 916 2138 Judazos
940 2124 956 2151 ,
989 2083 1202 2154 inquam
1231 2125 1246 2149 ,
1271 2082 1517 2139 infelices
1541 2099 1605 2139 ac
1630 2083 1858 2140 miseros
1876 2126 1892 2151 ,
1920 2086 2010 2153 qui

431 2174 503 2229 ob
543 2182 841 2244 temporum
883 2175 1234 2244 ignorantiam
1276 2175 1328 2229 in
1358 2175 1727 2245 gravissimum
1772 2191 2013 2232 errorem

428 2267 561 2336 lapsi
588 2275 731 2323 sunt.
760 2266 894 2321 Nam
921 2266 968 2321 si
1011 2267 1284 2322 audissent
1326 2268 1680 2337 patriarcham
1705 2267 1973 2325 dicentem
1991 2311 2007 2338 ,

434 2357 557 2412 Non
583 2358 777 2426 deﬁciet
799 2358 1036 2429 princeps
1063 2375 1128 2413 ea:
1146 2358 1179 2412 J
1186 2358 1316 2426 uda,
1347 2377 1505 2430 neque
1528 2361 1633 2417 diu:
1656 2364 1720 2417 de
1742 2364 2012 2435 femoribus

430 2453 542 2521 ejus
562 2493 579 2518 ,
620 2452 780 2506 donec
806 2453 991 2517 veniat,
1021 2453 1102 2505 cui
1128 2454 1401 2523 repositum
1444 2464 1517 2508 est
1546 2453 1566 2518 l
1590 2454 1717 2511 Gen.
1761 2457 1850 2517 49.
1880 2458 2007 2531 10),

430 2544 584 2613 sique
603 2542 888 2613 diligenter
910 2544 1285 2600 observassent
1314 2546 1571 2602 adventus
1598 2548 1848 2604 dominici
1874 2558 2010 2616 tem-

431 2651 595 2704 pora,
628 2650 960 2706 nequaquam
989 2636 1318 2693 excidissent
1340 2654 1370 2693 a
1400 2638 1617 2698 Christo
1659 2640 1711 2695 in
1741 2642 2009 2697 Antichri-

432 2738 544 2781 tum
571 2727 773 2796 delapsi
806 2746 819 2782 :
851 2729 1299 2799 quemadmodum
1325 2740 1379 2786 et
1406 2732 1519 2802 ipse
1542 2732 1786 2790 Christus
1806 2734 1857 2790 id
1884 2736 2012 2791 sub-

429 2817 672 2879 indicans
700 2819 779 2874 eis
807 2819 1051 2888 prtedixit
1077 2836 1091 2873 :
1114 2819 1225 2892 Ego
1252 2823 1365 2876 veni
1390 2823 1446 2877 in
1467 2825 1666 2879 nomine
1691 2824 1866 2882 Patris
1888 2829 2004 2893 mei,

428 2922 476 2965 et
501 2928 603 2969 non
649 2911 904 2979 recepistis
935 2929 1012 2966 me
1040 2928 1059 2967 :
1083 2915 1128 2967 si
1168 2916 1353 2968 venerit
1395 2917 1527 2970 alius
1570 2918 1623 2971 in
1659 2920 1858 2974 nomine
1881 2937 2005 2988 suo,

427 3004 571 3057 illum
595 3002 1067 3075 recipietisuoan.
1111 3005 1166 3061 5.
1190 3004 1316 3078 45).
1367 3007 1551 3062 Vidisti
1582 3019 1813 3077 quantus
1854 3028 2010 3067 error

430 3094 677 3155 inciderit
699 3111 761 3149 ex
790 3095 999 3150 inscitia
1041 3098 1377 3167 temporum?
1420 3098 1642 3157 Tantam
1677 3101 1833 3171 igitur
1863 3104 2007 3157 utili-

430 3197 593 3243 tatem
624 3202 692 3243 ne
720 3188 973 3259 negligas.
1002 3188 1458 3256 Quemadmodum
1486 3190 1627 3246 enim
1654 3193 1708 3246 in
1733 3195 1874 3263 agris
1898 3205 2005 3249 ter-

427 3279 560 3336 mini
600 3280 965 3351 columna-que
1025 3297 1130 3337 non
1187 3283 1369 3338 sinunt
1409 3298 1535 3340 arva
1594 3284 1876 3353 confundi,
1928 3286 2007 3343 sic

429 3380 670 3442 tempora
697 3387 803 3429 non
847 3372 1030 3427 sinunt
1066 3371 1319 3429 confundi
1363 3389 1451 3431 res
1490 3386 1666 3444 gestas
1691 3416 1706 3439 ,
1733 3376 1829 3431 sed
1880 3377 2005 3432 dum

432 3464 689 3518 dirimunt
721 3462 855 3518 alias
880 3464 949 3519 ab
990 3465 1142 3529 aliis,
1165 3475 1221 3521 et
1247 3466 1303 3529 in
1344 3467 1587 3523 ordinem
1624 3478 2006 3540 congruentem

428 3553 699 3623 digerunt,
730 3555 894 3609 multa
926 3570 1021 3609 nos
1052 3556 1276 3612 liberant
1300 3558 1618 3615 turbatione.
1659 3558 1851 3629 Opera:
1878 3577 2005 3630 pre-

431 3646 561 3700 tium
592 3645 750 3716 igitur
772 3655 855 3702 est
879 3663 1149 3718 exponere
1181 3648 1329 3703 vobis
1375 3650 1494 3719 quis
1533 3650 1693 3706 fuerit
1718 3651 1805 3705 hic
1827 3650 2002 3717 Ocius,

427 3753 536 3808 quo.
563 3748 803 3809 tempore
849 3742 1103 3811 regnarit,
1143 3741 1334 3811 quibus
1374 3743 1667 3813 imperarit,
1709 3753 1764 3799 et
1808 3754 2007 3815 quanto

428 3838 669 3899 tempore
692 3829 897 3886 durarit
918 3832 1057 3889 illius
1078 3833 1423 3903 principatus,
1451 3844 1719 3904 postremo
1739 3838 2006 3907 quomodo

429 3919 594 3977 vitam
625 3917 838 3973 ﬁnierit.
869 3919 980 3980 lino
1005 3923 1178 3992 potius
1213 3923 1321 3993 jam
1345 3924 1610 3981 silendum
1638 3937 1741 3993 est,
1770 3943 1835 3982 eo
1862 3928 2005 3998 quod

429 4025 652 4067 necesse
695 4010 765 4065 sit
810 4012 863 4065 in
894 4012 1213 4075 immensum
1259 4016 1598 4073 historiarum
1640 4020 1858 4090 pelagus
1880 4037 2005 4076 ora-

430 4104 629 4160 tionem
655 4104 965 4161 extendere.
996 4106 1097 4172 Qui
1121 4123 1248 4162 vero
1274 4125 1368 4177 per
1388 4108 1690 4181 hujusmodi
1716 4128 1863 4169 mare
1882 4122 2008 4169 sunt

431 4198 536 4259 iter
561 4197 749 4253 facturi
774 4240 791 4262 ,
822 4214 1046 4255 necesse
1074 4210 1158 4255 est
1196 4215 1302 4255 non
1348 4202 1583 4272 fatigatis
1604 4246 1619 4270 ,
1642 4205 1739 4259 sed
1783 4208 2005 4277 integris

429 4290 718 4361 remigibus
740 4291 879 4347 viam
905 4302 1205 4363 capessant.
1229 4292 1361 4348 Nam
1390 4294 1528 4355 hanc
1548 4296 1618 4351 ob
1642 4311 1854 4352 causam
1886 4315 2006 4369 pas-

427 4381 529 4435 sim
563 4396 657 4449 per
683 4397 830 4449 mare
880 4391 1063 4452 portus
1107 4384 1401 4457 insulaeque
1449 4388 1635 4457 posita:
1681 4398 1841 4457 sunt,
1869 4399 1928 4445 ut
1951 4400 2007 4448 et

427 4471 751 4541 gubernator
794 4480 848 4528 et
872 4483 1028 4530 nauta
1057 4474 1420 4535 refecillentur
1441 4519 1456 4543 ,
1489 4479 1576 4534 hic
1618 4479 1831 4549 quidem
1854 4497 2005 4540 remo

428 4561 676 4630 deposito
697 4603 712 4628 ,
738 4564 831 4620 ille
859 4581 987 4621 vero
1013 4582 1309 4638 exsurgens
1334 4585 1367 4627 a
1408 4570 1584 4627 clavo.
1616 4572 1710 4627 His
1734 4572 1800 4627 de
1828 4576 2004 4633 causis

428 4661 483 4709 et
503 4652 795 4711 diversoria
820 4670 1180 4730 caupouteque
1207 4661 1400 4733 ubique
1430 4679 1526 4733 per
1553 4664 1664 4720 vias
1694 4668 2005 4737 excogitatze

425 4752 582 4810 sunt,
613 4754 673 4803 ut
694 4744 931 4816 jumenta
973 4749 1128 4803 simul
1153 4765 1272 4805 cum
1314 4753 1606 4811 viatoribus
1640 4772 1669 4811 a
1698 4757 1879 4814 labore
1910 4776 2000 4815 re-

428 4846 698 4891 creentur.
724 4836 908 4907 quue
931 4847 987 4894 et
1024 4838 1279 4897 doctrinae
1304 4847 1536 4901 sermoni
1570 4848 1763 4904 silentii
1797 4860 2004 4922 tempus

427 4927 747 4997 praefinitum
774 4939 890 4994 est,
919 4941 977 4985 ut
1000 4948 1170 5002 neque
1197 4949 1295 4990 nos
1322 4935 1465 5006 ipsos
1491 4938 1856 4998 deterreamus
1882 4959 2003 4999 ver-

427 5021 616 5075 borum
664 5021 1036 5091 multitudine,
1084 5040 1255 5095 neque
1302 5042 1398 5083 vos
1435 5030 1788 5089 delassemus.
1829 5036 2005 5104 Atque

426 5111 543 5169 huic
582 5122 822 5184 tempora
850 5116 996 5171 novit
1019 5116 1270 5173 Salomon
1293 5118 1496 5188 dicens,
1531 5121 1748 5194 Tempus
1769 5128 1967 5181 tacendi
1985 5168 2001 5189 ,

423 5215 473 5261 et
521 5215 717 5279 tempus
759 5206 993 5278 loquendi
1028 5209 1046 5280 (
1078 5208 1246 5265 Eccle.
1292 5212 1346 5265 5.
1375 5210 1470 5284 7).
1520 5214 1601 5269 Sit
1646 5217 1804 5287 igitur
1850 5220 2003 5278 nobis

426 5305 636 5367 tempus
668 5299 875 5354 tacendi
901 5340 916 5363 ,
962 5316 1067 5370 quo
1089 5300 1244 5356 detur
1266 5312 1319 5356 et
1346 5308 1657 5374 prmceptori
1684 5318 1891 5380 tempus
1918 5312 2001 5366 lo-

422 5387 618 5455 quendi
649 5387 745 5459 (a).
770 5388 903 5444 Nam
932 5405 1052 5461 qua:
1073 5408 1170 5446 nos
1198 5392 1489 5457 all'crimus,
1515 5398 1706 5452 similia
1734 5412 1855 5455 sunt
1878 5402 2001 5462 vino

421 5478 566 5544 quod
610 5495 798 5534 recens
834 5481 935 5537 sub
980 5484 1229 5539 torculari
1277 5484 1524 5541 haustum
1568 5498 1686 5545 est:
1715 5508 1834 5562 qua:
1873 5510 2000 5550 vero

423 5570 673 5626 dicuntur
695 5573 764 5628 ab
788 5574 896 5640 illo,
923 5577 1118 5631 similia
1144 5589 1269 5633 sunt
1291 5580 1435 5647 vino,
1459 5583 1600 5652 quod
1627 5587 1875 5655 quoniam
1905 5605 1997 5645 ve-

423 5671 671 5720 tustatem
699 5669 1011 5740 seniumque
1030 5672 1278 5745 collegit,
1308 5675 1527 5732 multam
1554 5676 1730 5736 adfert
1757 5689 1865 5737 tum
1892 5683 1998 5738 uti-

483 5818 558 5881 (a)
576 5816 821 5882 Cbrysost.
844 5823 965 5875 dixit
988 5836 1233 5887 prmscnte
1257 5831 1501 5895 episcopo.

3600 428 3708 484 “2

2122 527 2346 599 litatcm,
2374 540 2487 588 tum
2513 535 2618 589 vim
2648 536 2711 591 iis
2725 539 2813 607 qui
2843 553 2977 608 opus
3000 538 3201 596 habent
3228 558 3241 594 :
3274 542 3536 612 nobisque
3562 546 3703 599 acci-

2118 621 2195 678 dit
2236 622 2394 681 hodie
2432 626 2563 682 illud
2609 631 2905 700 evangelii,
2963 640 3081 702 post
3128 634 3366 691 deterius
3412 638 3593 692 vinum
3646 639 3701 694 id

2116 716 2259 785 quod
2284 718 2476 774 melius
2496 730 2580 775 est
2604 722 2830 779 infertur
2884 724 3070 797 (Joan.
3094 726 3148 784 2.
3193 728 3261 786 l0
3285 727 3325 799 ).
3349 730 3414 785 Et
3438 733 3699 800 quemad-

2117 808 2332 865 modum
2365 810 2495 867 illud
2543 813 2724 869 vinum
2770 833 2874 871 non
2924 818 3047 874 vitis
3082 832 3377 890 genuerat,
3407 822 3500 878 sed
3525 825 3698 881 virtus

2115 898 2243 956 Jesu
2266 899 2463 957 Christi
2490 902 2729 960 fecerat:
2754 906 2826 961 ita
2859 915 2915 964 et
2946 909 3105 980 hujus
3134 926 3437 967 sermonem
3459 928 3563 970 non
3592 915 3697 970 huc

2115 1008 2272 1049 mana
2296 994 2570 1064 profundit
2603 1000 2854 1069 cogitatio
2870 1043 2887 1069 ,
2930 1002 3026 1058 sed
3050 1003 3281 1074 Spiritus
3306 1009 3474 1063 sancti
3502 1011 3693 1079 gratia.

2115 1086 2376 1154 Quoniam
2397 1090 2558 1160 igitur
2596 1092 2753 1163 hujus
2773 1094 2993 1165 liquoris
3028 1096 3224 1153 fluenta
3253 1103 3467 1171 copiosa
3490 1112 3612 1159 sunt
3641 1113 3699 1165 et

2114 1180 2407 1249 spiritualia
2424 1221 2441 1244 ,
2472 1182 2710 1242 studiose
2733 1187 3058 1257 excipiamus
3082 1230 3098 1255 ,
3129 1202 3283 1246 caute
3307 1207 3606 1257 servemus.
3640 1205 3700 1251 ut

2114 1273 2329 1328 assidue
2354 1275 2554 1343 irrigati
2587 1278 2954 1347 tempestivum
2975 1279 3276 1337 adferamus
3297 1284 3522 1340 fructum
3562 1286 3695 1349 Dec,

2114 1365 2203 1433 qui
2254 1366 2367 1420 hzec
2408 1366 2627 1438 largitus
2651 1376 2736 1425 est
2784 1387 2800 1426 :
2840 1387 3001 1439 quem
3042 1372 3197 1428 decet
3237 1376 3413 1431 omnis
3448 1376 3616 1446 gloria
3640 1387 3699 1435 et

2117 1455 2289 1511 honor
2307 1472 2427 1511 cum
2459 1460 2731 1531 unigenito
2759 1462 2874 1532 ejus
2903 1463 3039 1518 Filio
3081 1465 3526 1538 sanctissimoque
3566 1469 3696 1539 Spi-

2116 1548 2239 1617 ritu,
2274 1566 2414 1607 nunc
2436 1562 2491 1608 et
2514 1568 2742 1626 semper,
2767 1565 2821 1610 et
2844 1556 2895 1610 in
2920 1557 3114 1612 szecula
3135 1559 3473 1615 saeculorum.
3502 1564 3697 1630 Amen.

2116 1690 2171 1746 ιη
2201 1693 2492 1749 secundum
2515 1695 2703 1751 librum
2732 1697 3174 1769 Paralipomenon
3200 1702 3277 1773 (a)
3298 1746 3313 1769 ,
3344 1703 3429 1758 ubi
3458 1704 3655 1760 dicitur
3677 1748 3699 1777 ,_

2185 1781 2394 1844 Elatum
2426 1796 2499 1840 est
2528 1804 2614 1841 cor
2644 1788 2825 1853 Osiaa;
2852 1790 3024 1861 deque
3052 1791 3377 1860 humilitate;
3409 1806 3519 1850 tum
3549 1798 3701 1866 quod

2187 1874 2455 1931 hominem
2476 1877 2669 1935 virtute
2688 1880 2968 1949 praeditum
2991 1897 3094 1937 non
3120 1892 3365 1953 oporteat
3385 1901 3507 1942 esse
3524 1889 3697 1943 conﬁ-

2186 1964 2438 2036 dentem;
2489 1968 2716 2041 denique
2751 1956 3005 2042 quantum
3044 1976 3241 2031 malum
3282 1978 3349 2041 sit
3392 1982 3699 2052 arrogantia

2185 2059 2273 2133 (2.
2295 2060 2477 2117 Paret.
2505 2062 2595 2120 26.
2621 2064 2723 2131 16;
2749 2073 2797 2122 et
2821 2064 2876 2121 4.
2905 2065 3032 2141 Reg.
3065 2069 3185 2141 15).

2700 2218 2979 2280 llOMILIA
3017 2223 3106 2279 ill.

2189 2347 2238 2401 l.
2264 2347 2580 2413 Benedictus
2608 2351 2769 2420 Deus,
2794 2362 2850 2409 et
2876 2366 3056 2411 nostra
3082 2374 3292 2430 quoque
3320 2371 3450 2417 tetas
3476 2377 3701 2433 proger-e

2112 2438 2279 2494 minat
2307 2451 2586 2513 martyres,
2609 2455 2665 2500 et
2688 2445 2840 2501 nobis
2866 2446 2969 2504 hoc
2998 2448 3214 2507 honoris
3234 2456 3453 2509 contulit
3492 2457 3580 2511 Dei
3605 2457 3697 2511 rli-

2113 2531 2314 2598 gnatio,
2344 2540 2399 2587 ut
2420 2535 2848 2603 conspiceremus
2872 2538 3116 2596 homines
3137 2543 3305 2598 occidi
3336 2560 3431 2614 pro
3454 2544 3693 2615 Christo,

2111 2619 2359 2677 homines
2384 2623 2475 2693 qui
2500 2639 2653 2683 sacro
2680 2628 2936 2699 sanguine
2960 2632 3235 2700 distillant,
3260 2635 3550 2693 Ecclesiam
3573 2640 3696 2695 uni-.-

2113 2725 2321 2768 versam
2345 2714 2597 2785 irrigante
2624 2735 2638 2772 :
2666 2721 2940 2789 sanguine,
2963 2722 3196 2793 inquam,
3226 2727 3558 2795 distillantes,
3579 2730 3697 2786 da:-

2111 2806 2358 2865 monibus
2386 2808 2598 2879 quidem
2628 2812 2888 2880 terriﬁco,
2934 2818 3135 2886 angelis
3161 2835 3287 2874 vero
3316 2821 3651 2879 desiderabili
3674 2867 3697 2897 ,

2112 2896 2265 2961 nobis
2295 2913 2453 2968 porro
2477 2900 2717 2955 salutari.
2747 2902 2954 2975 Largita
2976 2916 3057 2962 est
3084 2908 3236 2964 nobis
3266 2910 3366 2966 hoc
3394 2911 3487 2966 Dei
3506 2896 3698 2984 digna}

2113 2987 2219 3052 tio,
2261 2998 2316 3043 ut
2345 3003 2710 3060 spectaremus
2740 2993 2981 3051 homines
3020 3014 3115 3068 pro
3144 2999 3337 3069 pietate
3373 3001 3695 3075 belligeran-

2113 3089 2213 3147 tes,
2246 3082 2536 3150 vincentes,
2559 3096 2862 3142 corouatos.
2888 3088 3068 3159 Neque
3094 3107 3221 3145 vero
3241 3094 3409 3151 solum
3434 3097 3697 3167 contingit

2111 3170 2230 3228 hzec
2255 3186 2532 3243 spectare,
2573 3179 2918 3235 verumetiam
2949 3182 3061 3251 ipsa
3102 3184 3419 3240 athletarum
3463 3202 3705 3258 corpora

2111 3265 2352 3335 accipere
2374 3283 2389 3321 :
2417 3284 2482 3324 ac
2502 3270 2731 3328 victores
2749 3270 2872 3327 illos
2890 3283 2944 3327 et
2965 3288 3160 3329 corona
3181 3275 3411 3347 insignes
3432 3281 3571 3349 apud
3594 3297 3702 3339 nos

2114 3355 2391 3414 habemus.
2420 3359 2526 3416 Sed
2556 3361 2609 3417 in
2638 3363 3012 3434 prtesentialde
3040 3368 3361 3439 martyribus
3389 3386 3701 3437 sermonem

2110 3462 2449 3505 reservemus
2476 3463 2767 3526 martyrum
2812 3456 3129 3521 aemulatori,
3190 3463 3457 3516 communi
3501 3463 3697 3518 docto-

2111 3540 2154 3594 ri
2180 3541 2253 3612 (b)
2284 3559 2298 3596 :
2322 3541 2420 3613 ipsi
2446 3560 2571 3601 vero
2591 3562 2735 3603 nunc
2761 3548 2829 3605 de
2855 3550 2980 3606 Ozia
3008 3553 3352 3619 disseremus,
3373 3554 3705 3625 jampridem,

2111 3635 2347 3691 debitum
2373 3653 2449 3693 aes
2472 3640 2704 3695 alienum
2734 3642 3156 3718 dinumerantes,
3187 3647 3572 3718 diuturnosque
3591 3665 3695 3704 au-

2110 3725 2288 3782 diendi
2313 3729 2469 3785 nixus
2489 3730 2774 3789 solventes.
2795 3734 2929 3791 Nam
2956 3740 3197 3807 parturit,
3222 3750 3305 3795 sat
3332 3739 3446 3796 scio
3465 3779 3481 3802 ,
3526 3756 3697 3795 unus-

2109 3818 2331 3889 quisque
2377 3830 2611 3877 vestrum
2634 3814 2667 3889 ,”
2694 3826 2913 3895 cupiens
2952 3829 3094 3884 illam
3133 3831 3315 3887 audire
3364 3831 3641 3886 historiam
3677 3850 3693 3885 :

2112 3909 2354 3983 hancque
2379 3915 2780 3983 parturitionem
2806 3935 2904 3974 nos
2934 3919 3143 3975 interim
3168 3925 3549 3992 protraximus,
3580 3939 3695 3981 non

2110 4004 2251 4075 quod
2271 4020 2587 4077 cuperemus
2608 4010 2757 4065 vobis
2784 4011 3059 4069 intendere
3081 4015 3397 4081 cruciatum,
3430 4018 3525 4072 sed
3547 4019 3696 4087 quod

2111 4098 2446 4155 studeremus
2470 4112 2704 4156 vestrum
2730 4104 3022 4160 accendere
3048 4106 3372 4162 desiderium
3394 4149 3407 4174 ,
3457 4119 3513 4163 ut
3538 4110 3697 4165 vobis

2109 4206 2138 4243 a
2172 4208 2256 4246 me
2280 4194 2524 4248 convivio
2550 4197 2781 4263 acceptis
2806 4213 2954 4252 meus
2982 4212 3269 4269 apparatus
3293 4219 3448 4272 quam
3476 4204 3694 4259 suavis-

2112 4283 2280 4337 simus
2326 4283 2616 4341 videretur.
2663 4285 2795 4342 Nam
2839 4290 3101 4359 opulentis
3138 4295 3602 4360 convivatoribus,
3646 4299 3699 4359 si

2110 4376 2359 4431 convivas
2390 4380 2692 4449 acceperint
2734 4390 2944 4436 saturos
2967 4422 2983 4447 ,
3027 4384 3147 4440 licet
3173 4396 3456 4455 apparatus
3486 4388 3695 4445 lautitia

2110 4468 2319 4523 illorum
2371 4476 2724 4541 appetentiam
2767 4476 3049 4572 excitare:
3099 4487 3350 4533 cmterum
3400 4495 3694 4549 pauperum

2110 4576 2349 4617 mensam
2376 4578 2479 4619 non
2507 4566 2605 4619 alia
2636 4583 2722 4622 res
2750 4585 2900 4638 aique
2926 4566 3121 4625 lautam
3148 4572 3393 4638 exhibet,
3423 4589 3583 4642 quam
3619 4576 3695 4642 si,

2109 4652 2197 4722 qui
2228 4653 2293 4708 ad
2327 4654 2469 4709 illam
2497 4658 2787 4713 accubituri
2816 4669 2959 4723 sunt,
2991 4662 3245 4717 esuriant.
3274 4665 3404 4731 Quis
3426 4666 3582 4735 igitur
3607 4677 3698 4721 est

2109 4743 2284 4809 Ozias,
2316 4746 2509 4816 quibus
2536 4761 2684 4804 ortus
2726 4751 3015 4819 majoribus
3035 4794 3049 4817 ,
3094 4770 3317 4824 quorum
3346 4772 3459 4821 rex,
3487 4766 3700 4827 quanto

2111 4845 2349 4906 tempore
2376 4840 2632 4908 regnavit,
2664 4852 2718 4896 et
2740 4844 2864 4911 quid
2894 4859 3016 4898 cum
3046 4844 3205 4901 laude
3228 4849 3413 4917 gessit,
3441 4848 3567 4917 quid
3597 4866 3695 4905 se-

2109 4944 2224 4993 cus,
2256 4938 2523 4998 postremo
2548 4948 2653 5001 quo
2680 4945 2836 5004 pacto
2859 4936 3017 4989 vitam
3058 4938 3321 4993 absolvit?
3354 4939 3433 4994 De
3455 4940 3539 4996 his
3565 4956 3695 5007 om-

2110 5020 2265 5074 nibus
2291 5019 2343 5074 in
2372 5024 2653 5090 prtesentia
2675 5025 2813 5093 apud
2853 5042 2946 5079 vos
2984 5026 3307 5083 disseramus
3329 5071 3344 5094 ,
3379 5031 3484 5086 imo
3511 5034 3697 5102 potius

2108 5119 2360 5181 quanttnn
2391 5112 2568 5178 dicere
2592 5114 2798 5182 licebit,
2848 5119 2926 5172 sic
2954 5128 3011 5173 ut
3038 5122 3376 5177 multitudine
3417 5140 3522 5178 non
3558 5140 3696 5180 con-

2109 5205 2390 5261 fundamus
2431 5220 2658 5264 vestram
2703 5214 3012 5273 memoriam
3045 5232 3059 5268 :
3091 5215 3141 5268 id
3177 5217 3316 5285 quod
3359 5218 3410 5270 in
3456 5217 3697 5279 lucernis

2108 5300 2348 5353 accensis
2390 5299 2629 5356 accidere
2649 5303 2803 5356 solet.
2866 5302 2997 5357 Nam
3027 5304 3070 5358 si
3123 5305 3374 5373 paulatim
3416 5308 3696 5378 ellychnio

2109 5388 2384 5446 instillaris
2409 5391 2607 5458 oleum,
2634 5393 2762 5451 satis
2790 5394 3055 5449 alimonia:
3076 5396 3287 5451 dederis
3317 5398 3423 5468 igni
3448 5417 3461 5454 :
3495 5400 3578 5454 sin
3610 5402 3693 5455 si-

2107 5482 2216 5539 mut
2264 5492 2430 5537 totum
2474 5484 2728 5540 infuderis
2774 5488 2985 5548 oleum.
3027 5490 3185 5544 etiam
3216 5491 3480 5545 ﬂammam
3508 5534 3523 5558 ,
3568 5509 3697 5561 qua;

2179 5610 2256 5673 (a)
2275 5612 2459 5685 anes
2481 5615 2636 5687 ferme.
2659 5616 2769 5687 Mss.
2793 5618 3166 5687 hahe_nt_ei_;_r+,v
3187 5624 3378 5687 πρώτην
3399 5628 3494 5687 τῷν
3522 5630 3696 5687 napa-

2115 5675 2432 5747 λειπομέγφνς
2467 5679 2554 5723 sed
2579 5677 2759 5747 hiecst
2799 5681 2925 5728 haud
2958 5682 3107 5747 dubie
3129 5675 3388 5733 secundus
3428 5675 3692 5747 Paralipo—

2115 5748 2293 5811 menon
2314 5734 2460 5795 liber,
2485 5751 2577 5785 nec
2605 5743 2762 5800 potuit
2782 5755 2993 5803 unquam
3015 5742 3142 5793 Uzize
3163 5747 3362 5794 historia
3385 5748 3442 5795 ad
3467 5734 3691 5811 pl'lm'mlt

2114 5801 2388 5859 pertinere.

2179 5857 2249 5922 ib)
2277 5857 2570 5924 Episcopum
2607 5862 2893 5914 Flavianum
2914 5880 3218 5917 communem
3244 5876 3382 5919 vocat
3403 5870 3685 5933 doctorem.
