  <div class='ocr_page' id='page_1' title='image "/cluster/home/n/w/nwhite01/storage/ocr_20150623/56/mdp.39015028574351/116.png"; bbox 0 0 3992 6300; ppageno 0'>
   <div class='ocr_carea' id='block_1_1' title="bbox 238 403 2483 478">
    <p class='ocr_par' dir='ltr' id='par_1_1' title="bbox 238 403 2483 478">
     <span class='ocr_line' id='line_1_1' title="bbox 238 403 2483 478; baseline 0.001 -10"><span class='ocrx_word' id='word_1_1' title='bbox 238 411 320 472; x_wconf 80' lang='grc'>111</span> <span class='ocrx_word' id='word_1_2' title='bbox 1215 409 1281 465; x_wconf 76' lang='lat' dir='ltr'>IN</span> <span class='ocrx_word' id='word_1_3' title='bbox 1311 406 1536 475; x_wconf 81' lang='lat' dir='ltr'><strong>ILLUD,</strong></span> <span class='ocrx_word' id='word_1_4' title='bbox 1579 406 1714 462; x_wconf 83' lang='lat' dir='ltr'><strong>VIDI</strong></span> <span class='ocrx_word' id='word_1_5' title='bbox 1756 403 2097 478; x_wconf 74' lang='lat' dir='ltr'><strong>DOMINUM,</strong></span> <span class='ocrx_word' id='word_1_6' title='bbox 2132 411 2364 470; x_wconf 70' lang='lat' dir='ltr'>HOMIL.</span> <span class='ocrx_word' id='word_1_7' title='bbox 2394 413 2483 470; x_wconf 90' lang='lat' dir='ltr'>Ill.</span> 
     </span>
    </p>
   </div>
   <div class='ocr_carea' id='block_1_2' title="bbox 237 523 1798 598">
    <p class='ocr_par' dir='ltr' id='par_1_2' title="bbox 237 523 1798 598">
     <span class='ocr_line' id='line_1_2' title="bbox 237 523 1798 598; baseline -0.003 -17"><span class='ocrx_word' id='word_1_8' title='bbox 237 525 558 598; x_wconf 74' lang='grc' dir='ltr'>προτυποῦσι</span> <span class='ocrx_word' id='word_1_9' title='bbox 583 526 698 596; x_wconf 79' lang='grc' dir='ltr'>τὴν</span> <span class='ocrx_word' id='word_1_10' title='bbox 723 527 1000 591; x_wconf 70' lang='grc' dir='ltr'>ὑπατείαν,</span> <span class='ocrx_word' id='word_1_11' title='bbox 1020 527 1109 581; x_wconf 89' lang='grc' dir='ltr'>’ίνα</span> <span class='ocrx_word' id='word_1_12' title='bbox 1134 529 1268 581; x_wconf 81' lang='grc' dir='ltr'>πᾶσι</span> <span class='ocrx_word' id='word_1_13' title='bbox 1295 529 1408 590; x_wconf 83' lang='grc' dir='ltr'>τοῖς</span> <span class='ocrx_word' id='word_1_14' title='bbox 1431 527 1581 580; x_wconf 87' lang='grc' dir='ltr'>κάτω</span> <span class='ocrx_word' id='word_1_15' title='bbox 1611 523 1798 596; x_wconf 81' lang='grc' dir='ltr'>φαίνῃ.</span> 
     </span>
    </p>
   </div>
   <div class='ocr_carea' id='block_1_3' title="bbox 240 609 1802 684">
    <p class='ocr_par' dir='ltr' id='par_1_3' title="bbox 240 609 1802 684">
     <span class='ocr_line' id='line_1_3' title="bbox 240 609 1802 684; baseline -0.003 -19"><span class='ocrx_word' id='word_1_16' title='bbox 240 611 341 665; x_wconf 72' lang='grc' dir='ltr'>Κᾶν</span> <span class='ocrx_word' id='word_1_17' title='bbox 362 609 538 662; x_wconf 86' lang='grc' dir='ltr'>ταῦτα</span> <span class='ocrx_word' id='word_1_18' title='bbox 564 610 791 684; x_wconf 73' lang='grc' dir='ltr'>ἀνέλῃς,</span> <span class='ocrx_word' id='word_1_19' title='bbox 831 611 1037 673; x_wconf 77' lang='grc' dir='ltr'>ἀνεῖλες</span> <span class='ocrx_word' id='word_1_20' title='bbox 1071 611 1131 663; x_wconf 84' lang='grc' dir='ltr'>τὸ</span> <span class='ocrx_word' id='word_1_21' title='bbox 1164 609 1300 679; x_wconf 81' lang='grc' dir='ltr'>φῶς,</span> <span class='ocrx_word' id='word_1_22' title='bbox 1337 612 1431 664; x_wconf 78' lang='grc' dir='ltr'>καὶ</span> <span class='ocrx_word' id='word_1_23' title='bbox 1464 611 1640 665; x_wconf 88' lang='grc' dir='ltr'>πάντα</span> <span class='ocrx_word' id='word_1_24' title='bbox 1673 610 1802 660; x_wconf 88' lang='grc' dir='ltr'>σκό-</span> 
     </span>
    </p>
   </div>
   <div class='ocr_carea' id='block_1_4' title="bbox 240 691 1799 764">
    <p class='ocr_par' dir='ltr' id='par_1_4' title="bbox 240 691 1799 764">
     <span class='ocr_line' id='line_1_4' title="bbox 240 691 1799 764; baseline -0.001 -18"><span class='ocrx_word' id='word_1_25' title='bbox 240 709 349 756; x_wconf 86' lang='grc' dir='ltr'>τους</span> <span class='ocrx_word' id='word_1_26' title='bbox 375 691 470 745; x_wconf 69' lang='grc' dir='ltr'>καὶ</span> <span class='ocrx_word' id='word_1_27' title='bbox 493 692 711 762; x_wconf 83' lang='grc' dir='ltr'>πολλῆς</span> <span class='ocrx_word' id='word_1_28' title='bbox 729 693 1029 764; x_wconf 77' lang='grc' dir='ltr'>ἐνέπλησας</span> <span class='ocrx_word' id='word_1_29' title='bbox 1056 697 1315 764; x_wconf 81' lang='grc' dir='ltr'>ταραχῆς.</span> <span class='ocrx_word' id='word_1_30' title='bbox 1341 693 1438 747; x_wconf 87' lang='grc' dir='ltr'>Διά</span> <span class='ocrx_word' id='word_1_31' title='bbox 1471 693 1625 746; x_wconf 87' lang='grc' dir='ltr'>τοῦτο</span> <span class='ocrx_word' id='word_1_32' title='bbox 1651 693 1799 745; x_wconf 82' lang='grc' dir='ltr'>πᾶσα</span> 
     </span>
    </p>
   </div>
   <div class='ocr_carea' id='block_1_5' title="bbox 243 774 1798 848">
    <p class='ocr_par' dir='ltr' id='par_1_5' title="bbox 243 774 1798 848">
     <span class='ocr_line' id='line_1_5' title="bbox 243 774 1798 848; baseline 0.006 -19"><span class='ocrx_word' id='word_1_33' title='bbox 243 777 366 836; x_wconf 68' lang='grc' dir='ltr'>δόσις</span> <span class='ocrx_word' id='word_1_34' title='bbox 385 776 480 829; x_wconf 80' lang='grc' dir='ltr'>καὶ</span> <span class='ocrx_word' id='word_1_35' title='bbox 517 774 710 844; x_wconf 76' lang='grc' dir='ltr'>λῆψις,</span> <span class='ocrx_word' id='word_1_36' title='bbox 745 776 849 830; x_wconf 82' lang='grc' dir='ltr'>κᾶν</span> <span class='ocrx_word' id='word_1_37' title='bbox 871 778 1007 848; x_wconf 79' lang='grc' dir='ltr'>πρὸς</span> <span class='ocrx_word' id='word_1_38' title='bbox 1034 778 1236 845; x_wconf 84' lang='grc' dir='ltr'>φίλους,</span> <span class='ocrx_word' id='word_1_39' title='bbox 1269 776 1372 830; x_wconf 79' lang='grc' dir='ltr'>κᾶν</span> <span class='ocrx_word' id='word_1_40' title='bbox 1392 776 1527 847; x_wconf 75' lang='grc' dir='ltr'>πρὸς</span> <span class='ocrx_word' id='word_1_41' title='bbox 1552 775 1798 846; x_wconf 73' lang='grc' dir='ltr'>ἐχθροὺς,</span> 
     </span>
    </p>
   </div>
   <div class='ocr_carea' id='block_1_6' title="bbox 246 857 1801 930">
    <p class='ocr_par' dir='ltr' id='par_1_6' title="bbox 246 857 1801 930">
     <span class='ocr_line' id='line_1_6' title="bbox 246 857 1801 930; baseline 0 -20"><span class='ocrx_word' id='word_1_42' title='bbox 246 858 332 915; x_wconf 71' lang='grc' dir='ltr'>κᾶν</span> <span class='ocrx_word' id='word_1_43' title='bbox 356 857 488 928; x_wconf 79' lang='grc' dir='ltr'>πρὸς</span> <span class='ocrx_word' id='word_1_44' title='bbox 520 858 764 923; x_wconf 76' lang='grc' dir='ltr'>οἰκέτας,</span> <span class='ocrx_word' id='word_1_45' title='bbox 794 857 896 912; x_wconf 76' lang='grc' dir='ltr'>κᾶν</span> <span class='ocrx_word' id='word_1_46' title='bbox 929 859 1065 930; x_wconf 84' lang='grc' dir='ltr'>πρὸς</span> <span class='ocrx_word' id='word_1_47' title='bbox 1096 859 1420 928; x_wconf 73' lang='grc' dir='ltr'>ἐπιτρόπους</span> <span class='ocrx_word' id='word_1_48' title='bbox 1457 861 1552 912; x_wconf 79' lang='grc' dir='ltr'>καὶ</span> <span class='ocrx_word' id='word_1_49' title='bbox 1596 859 1801 912; x_wconf 79' lang='grc' dir='ltr'>οἰκονό-</span> 
     </span>
    </p>
   </div>
   <div class='ocr_carea' id='block_1_7' title="bbox 251 941 1801 1013">
    <p class='ocr_par' dir='ltr' id='par_1_7' title="bbox 251 941 1801 1013">
     <span class='ocr_line' id='line_1_7' title="bbox 251 941 1801 1013; baseline 0.001 -18"><span class='ocrx_word' id='word_1_50' title='bbox 251 960 365 1013; x_wconf 85' lang='grc' dir='ltr'>μους</span> <span class='ocrx_word' id='word_1_51' title='bbox 405 941 685 1012; x_wconf 81' lang='grc' dir='ltr'>γίγνηται,</span> <span class='ocrx_word' id='word_1_52' title='bbox 730 941 932 1012; x_wconf 82' lang='grc' dir='ltr'>ταύτης</span> <span class='ocrx_word' id='word_1_53' title='bbox 961 945 1132 996; x_wconf 85' lang='grc' dir='ltr'>δεῖται</span> <span class='ocrx_word' id='word_1_54' title='bbox 1180 943 1281 1012; x_wconf 85' lang='grc' dir='ltr'>τῆς</span> <span class='ocrx_word' id='word_1_55' title='bbox 1329 943 1658 1012; x_wconf 80' lang='grc' dir='ltr'>ἀσφαλείας,</span> <span class='ocrx_word' id='word_1_56' title='bbox 1707 943 1801 996; x_wconf 73' lang='grc' dir='ltr'>καὶ</span> 
     </span>
    </p>
   </div>
   <div class='ocr_carea' id='block_1_8' title="bbox 249 1025 1802 1096">
    <p class='ocr_par' dir='ltr' id='par_1_8' title="bbox 249 1025 1802 1096">
     <span class='ocr_line' id='line_1_8' title="bbox 249 1025 1802 1096; baseline 0.001 -18"><span class='ocrx_word' id='word_1_57' title='bbox 249 1025 502 1094; x_wconf 78' lang='grc' dir='ltr'>πανταχοῦ</span> <span class='ocrx_word' id='word_1_58' title='bbox 531 1025 629 1078; x_wconf 78' lang='grc' dir='ltr'>καὶ</span> <span class='ocrx_word' id='word_1_59' title='bbox 659 1025 837 1095; x_wconf 84' lang='grc' dir='ltr'>μῆνας</span> <span class='ocrx_word' id='word_1_60' title='bbox 862 1026 956 1079; x_wconf 74' lang='grc' dir='ltr'>καὶ</span> <span class='ocrx_word' id='word_1_61' title='bbox 995 1025 1272 1088; x_wconf 86' lang='grc' dir='ltr'>ἐνιαυτοὺς</span> <span class='ocrx_word' id='word_1_62' title='bbox 1307 1025 1402 1078; x_wconf 79' lang='grc' dir='ltr'>καὶ</span> <span class='ocrx_word' id='word_1_63' title='bbox 1451 1027 1664 1096; x_wconf 83' lang='grc' dir='ltr'>ἡμέρας</span> <span class='ocrx_word' id='word_1_64' title='bbox 1703 1026 1802 1079; x_wconf 91' lang='grc' dir='ltr'>κά-</span> 
     </span>
    </p>
   </div>
   <div class='ocr_carea' id='block_1_9' title="bbox 249 1103 1802 1178">
    <p class='ocr_par' dir='ltr' id='par_1_9' title="bbox 249 1103 1802 1178">
     <span class='ocr_line' id='line_1_9' title="bbox 249 1103 1802 1178; baseline 0 -18"><span class='ocrx_word' id='word_1_65' title='bbox 249 1107 400 1160; x_wconf 81' lang='grc' dir='ltr'>τωθεν</span> <span class='ocrx_word' id='word_1_66' title='bbox 427 1109 891 1177; x_wconf 83' lang='grc' dir='ltr'>παραγράφομεν.</span> <span class='ocrx_word' id='word_1_67' title='bbox 923 1108 987 1160; x_wconf 74' lang='grc' dir='ltr'><strong>Εἰ</strong></span> <span class='ocrx_word' id='word_1_68' title='bbox 1011 1103 1104 1160; x_wconf 86' lang='grc' dir='ltr'>οῦν</span> <span class='ocrx_word' id='word_1_69' title='bbox 1146 1107 1239 1161; x_wconf 80' lang='grc' dir='ltr'>ἐπὶ</span> <span class='ocrx_word' id='word_1_70' title='bbox 1276 1107 1388 1160; x_wconf 86' lang='grc' dir='ltr'>τῶν</span> <span class='ocrx_word' id='word_1_71' title='bbox 1417 1107 1683 1178; x_wconf 79' lang='grc' dir='ltr'>βιωτικῶν</span> <span class='ocrx_word' id='word_1_72' title='bbox 1715 1125 1802 1160; x_wconf 87' lang='grc' dir='ltr'>το-</span> 
     </span>
    </p>
   </div>
   <div class='ocr_carea' id='block_1_10' title="bbox 255 1190 1801 1262">
    <p class='ocr_par' dir='ltr' id='par_1_10' title="bbox 255 1190 1801 1262">
     <span class='ocr_line' id='line_1_10' title="bbox 255 1190 1801 1262; baseline 0.001 -19"><span class='ocrx_word' id='word_1_73' title='bbox 255 1191 404 1261; x_wconf 81' lang='grc' dir='ltr'>σαύτη</span> <span class='ocrx_word' id='word_1_74' title='bbox 429 1190 522 1245; x_wconf 88' lang='grc' dir='ltr'>τοῦ</span> <span class='ocrx_word' id='word_1_75' title='bbox 553 1190 880 1260; x_wconf 87' lang='grc' dir='ltr'>πράγματος</span> <span class='ocrx_word' id='word_1_76' title='bbox 909 1191 943 1261; x_wconf 82' lang='grc' dir='ltr'>ἡ</span> <span class='ocrx_word' id='word_1_77' title='bbox 975 1191 1147 1259; x_wconf 71' lang='grc' dir='ltr'>ἰσχὺς,</span> <span class='ocrx_word' id='word_1_78' title='bbox 1169 1191 1263 1243; x_wconf 72' lang='grc' dir='ltr'>ἐπὶ</span> <span class='ocrx_word' id='word_1_79' title='bbox 1280 1191 1388 1244; x_wconf 88' lang='grc' dir='ltr'>τῶν</span> <span class='ocrx_word' id='word_1_80' title='bbox 1415 1191 1801 1262; x_wconf 78' lang='grc' dir='ltr'>πνευματικῶν</span> 
     </span>
    </p>
   </div>
   <div class='ocr_carea' id='block_1_11' title="bbox 253 1273 1798 1346">
    <p class='ocr_par' dir='ltr' id='par_1_11' title="bbox 253 1273 1798 1346">
     <span class='ocr_line' id='line_1_11' title="bbox 253 1273 1798 1346; baseline -0.001 -18"><span class='ocrx_word' id='word_1_81' title='bbox 253 1274 411 1344; x_wconf 71' lang='grc' dir='ltr'>πολλῷ</span> <span class='ocrx_word' id='word_1_82' title='bbox 433 1273 631 1342; x_wconf 79' lang='grc' dir='ltr'>μείζων</span> <span class='ocrx_word' id='word_1_83' title='bbox 660 1273 754 1325; x_wconf 77' lang='grc' dir='ltr'>καὶ</span> <span class='ocrx_word' id='word_1_84' title='bbox 781 1273 1184 1344; x_wconf 84' lang='grc' dir='ltr'>χρησιμωτέρα.</span> <span class='ocrx_word' id='word_1_85' title='bbox 1207 1273 1317 1336; x_wconf 88' lang='grc' dir='ltr'>Τάς</span> <span class='ocrx_word' id='word_1_86' title='bbox 1338 1273 1445 1344; x_wconf 80' lang='grc' dir='ltr'>γάρ</span> <span class='ocrx_word' id='word_1_87' title='bbox 1467 1275 1798 1346; x_wconf 72' lang='grc' dir='ltr'>προφητείας</span> 
     </span>
    </p>
   </div>
   <div class='ocr_carea' id='block_1_12' title="bbox 253 1357 1800 1428">
    <p class='ocr_par' dir='ltr' id='par_1_12' title="bbox 253 1357 1800 1428">
     <span class='ocr_line' id='line_1_12' title="bbox 253 1357 1800 1428; baseline 0 -16"><span class='ocrx_word' id='word_1_88' title='bbox 253 1358 392 1422; x_wconf 82' lang='grc' dir='ltr'>τοῦτο</span> <span class='ocrx_word' id='word_1_89' title='bbox 415 1357 651 1412; x_wconf 83' lang='grc' dir='ltr'>δείκνυσι</span> <span class='ocrx_word' id='word_1_90' title='bbox 693 1357 1053 1428; x_wconf 76' lang='grc' dir='ltr'>προφητείας.</span> <span class='ocrx_word' id='word_1_91' title='bbox 1083 1357 1217 1416; x_wconf 75' lang='grc' dir='ltr'>Οὐδὲ</span> <span class='ocrx_word' id='word_1_92' title='bbox 1257 1360 1363 1428; x_wconf 89' lang='grc' dir='ltr'>γάρ</span> <span class='ocrx_word' id='word_1_93' title='bbox 1407 1357 1536 1411; x_wconf 78' lang='grc' dir='ltr'>ἄλλο</span> <span class='ocrx_word' id='word_1_94' title='bbox 1571 1359 1622 1410; x_wconf 89' lang='grc' dir='ltr'>τί</span> <span class='ocrx_word' id='word_1_95' title='bbox 1669 1358 1800 1412; x_wconf 87' lang='grc' dir='ltr'>ποτέ</span> 
     </span>
    </p>
   </div>
   <div class='ocr_carea' id='block_1_13' title="bbox 256 1434 1798 1512">
    <p class='ocr_par' dir='ltr' id='par_1_13' title="bbox 256 1434 1798 1512">
     <span class='ocr_line' id='line_1_13' title="bbox 256 1434 1798 1512; baseline -0.002 -15"><span class='ocrx_word' id='word_1_96' title='bbox 256 1444 357 1506; x_wconf 80' lang='grc' dir='ltr'>ἐστι</span> <span class='ocrx_word' id='word_1_97' title='bbox 387 1440 710 1511; x_wconf 81' lang='grc' dir='ltr'>προφητεία,</span> <span class='ocrx_word' id='word_1_98' title='bbox 750 1439 863 1491; x_wconf 81' lang='grc' dir='ltr'>ἀλλ’</span> <span class='ocrx_word' id='word_1_99' title='bbox 899 1434 931 1504; x_wconf 84' lang='grc' dir='ltr'>ἢ</span> <span class='ocrx_word' id='word_1_100' title='bbox 965 1439 1073 1492; x_wconf 89' lang='grc' dir='ltr'>τῶν</span> <span class='ocrx_word' id='word_1_101' title='bbox 1114 1439 1416 1509; x_wconf 81' lang='grc' dir='ltr'>μελλόντων</span> <span class='ocrx_word' id='word_1_102' title='bbox 1458 1441 1798 1512; x_wconf 82' lang='grc' dir='ltr'>πραγμάτων</span> 
     </span>
    </p>
   </div>
   <div class='ocr_carea' id='block_1_14' title="bbox 259 1521 1797 1596">
    <p class='ocr_par' dir='ltr' id='par_1_14' title="bbox 259 1521 1797 1596">
     <span class='ocr_line' id='line_1_14' title="bbox 259 1521 1797 1596; baseline -0.001 -18"><span class='ocrx_word' id='word_1_103' title='bbox 259 1522 702 1596; x_wconf 66' lang='grc' dir='ltr'>προαναφώνησις,</span> <span class='ocrx_word' id='word_1_104' title='bbox 742 1522 799 1575; x_wconf 88' lang='grc' dir='ltr'><strong>Ὀ</strong></span> <span class='ocrx_word' id='word_1_105' title='bbox 827 1521 1006 1574; x_wconf 82' lang='grc' dir='ltr'>τοίνυν</span> <span class='ocrx_word' id='word_1_106' title='bbox 1035 1524 1161 1586; x_wconf 77' lang='grc' dir='ltr'>τοὺς</span> <span class='ocrx_word' id='word_1_107' title='bbox 1200 1524 1424 1592; x_wconf 75' lang='grc' dir='ltr'>καιροὺς</span> <span class='ocrx_word' id='word_1_108' title='bbox 1456 1524 1664 1590; x_wconf 82' lang='grc' dir='ltr'>ἀγνοῶν</span> <span class='ocrx_word' id='word_1_109' title='bbox 1687 1522 1797 1576; x_wconf 89' lang='grc' dir='ltr'>τῶν</span> 
     </span>
    </p>
   </div>
   <div class='ocr_carea' id='block_1_15' title="bbox 261 1603 1795 1679">
    <p class='ocr_par' dir='ltr' id='par_1_15' title="bbox 261 1603 1795 1679">
     <span class='ocr_line' id='line_1_15' title="bbox 261 1603 1795 1679; baseline -0.002 -17"><span class='ocrx_word' id='word_1_110' title='bbox 261 1607 536 1679; x_wconf 70' lang='grc' dir='ltr'>εἰρημένων</span> <span class='ocrx_word' id='word_1_111' title='bbox 565 1603 964 1677; x_wconf 87' lang='grc' dir='ltr'>πραγμάτωνῆ</span> <span class='ocrx_word' id='word_1_112' title='bbox 1010 1604 1116 1657; x_wconf 87' lang='grc' dir='ltr'>τῶν</span> <span class='ocrx_word' id='word_1_113' title='bbox 1161 1604 1458 1671; x_wconf 83' lang='grc' dir='ltr'>ἐκϐάντων,</span> <span class='ocrx_word' id='word_1_114' title='bbox 1494 1605 1609 1672; x_wconf 87' lang='grc' dir='ltr'>πῶς</span> <span class='ocrx_word' id='word_1_115' title='bbox 1635 1606 1795 1678; x_wconf 88' lang='grc' dir='ltr'>δυνή-</span> 
     </span>
    </p>
   </div>
   <div class='ocr_carea' id='block_1_16' title="bbox 264 1687 1798 1760">
    <p class='ocr_par' dir='ltr' id='par_1_16' title="bbox 264 1687 1798 1760">
     <span class='ocr_line' id='line_1_16' title="bbox 264 1687 1798 1760; baseline -0.001 -16"><span class='ocrx_word' id='word_1_116' title='bbox 264 1708 391 1744; x_wconf 82' lang='grc' dir='ltr'>σεται</span> <span class='ocrx_word' id='word_1_117' title='bbox 439 1687 601 1752; x_wconf 79' lang='grc' dir='ltr'>δεῖξαι</span> <span class='ocrx_word' id='word_1_118' title='bbox 643 1687 723 1756; x_wconf 83' lang='grc' dir='ltr'>τῷ</span> <span class='ocrx_word' id='word_1_119' title='bbox 771 1687 1163 1756; x_wconf 86' lang='grc' dir='ltr'>φιλονεικοῦντι</span> <span class='ocrx_word' id='word_1_120' title='bbox 1208 1688 1271 1742; x_wconf 82' lang='grc' dir='ltr'>τδ</span> <span class='ocrx_word' id='word_1_121' title='bbox 1311 1691 1413 1759; x_wconf 74' lang='grc' dir='ltr'>τῆς</span> <span class='ocrx_word' id='word_1_122' title='bbox 1462 1691 1798 1760; x_wconf 82' lang='grc' dir='ltr'>προφητείας</span> 
     </span>
    </p>
   </div>
   <div class='ocr_carea' id='block_1_17' title="bbox 263 1770 1797 1844">
    <p class='ocr_par' dir='ltr' id='par_1_17' title="bbox 263 1770 1797 1844">
     <span class='ocr_line' id='line_1_17' title="bbox 263 1770 1797 1844; baseline -0.002 -15"><span class='ocrx_word' id='word_1_123' title='bbox 263 1773 481 1844; x_wconf 76' lang='grc' dir='ltr'>ἁξίωμα;</span> <span class='ocrx_word' id='word_1_124' title='bbox 515 1770 794 1825; x_wconf 74' lang='grc' dir='ltr'>Ἐντεῦθεν</span> <span class='ocrx_word' id='word_1_125' title='bbox 822 1772 956 1841; x_wconf 81' lang='grc' dir='ltr'>ἡμῖν</span> <span class='ocrx_word' id='word_1_126' title='bbox 999 1772 1093 1830; x_wconf 77' lang='grc' dir='ltr'>καὶ</span> <span class='ocrx_word' id='word_1_127' title='bbox 1121 1773 1168 1825; x_wconf 84' lang='grc' dir='ltr'>οἱ</span> <span class='ocrx_word' id='word_1_128' title='bbox 1198 1771 1333 1844; x_wconf 83' lang='grc' dir='ltr'>πρὸς</span> <span class='ocrx_word' id='word_1_129' title='bbox 1358 1771 1623 1843; x_wconf 84' lang='grc' dir='ltr'>Ἕλληνας</span> <span class='ocrx_word' id='word_1_130' title='bbox 1653 1773 1797 1842; x_wconf 87' lang='grc' dir='ltr'>ἀγῶ-</span> 
     </span>
    </p>
   </div>
   <div class='ocr_carea' id='block_1_18' title="bbox 264 1856 1796 1928">
    <p class='ocr_par' dir='ltr' id='par_1_18' title="bbox 264 1856 1796 1928">
     <span class='ocr_line' id='line_1_18' title="bbox 264 1856 1796 1928; baseline -0.001 -15"><span class='ocrx_word' id='word_1_131' title='bbox 264 1876 338 1921; x_wconf 85' lang='grc' dir='ltr'>νες</span> <span class='ocrx_word' id='word_1_132' title='bbox 359 1858 445 1911; x_wconf 75' lang='grc' dir='ltr'>καὶ</span> <span class='ocrx_word' id='word_1_133' title='bbox 481 1859 623 1920; x_wconf 84' lang='grc' dir='ltr'>νῖκαι</span> <span class='ocrx_word' id='word_1_134' title='bbox 649 1869 700 1918; x_wconf 63' lang='grc' dir='ltr'>ι,</span> <span class='ocrx_word' id='word_1_135' title='bbox 729 1857 859 1909; x_wconf 80' lang='grc' dir='ltr'>ὅταν</span> <span class='ocrx_word' id='word_1_136' title='bbox 908 1857 1250 1928; x_wconf 86' lang='grc' dir='ltr'>πρεσϐύτερα</span> <span class='ocrx_word' id='word_1_137' title='bbox 1301 1858 1690 1927; x_wconf 77' lang='grc' dir='ltr'>ἀποφαίνωμεν</span> <span class='ocrx_word' id='word_1_138' title='bbox 1727 1856 1796 1911; x_wconf 73' lang='grc' dir='ltr'>τά</span> 
     </span>
    </p>
   </div>
   <div class='ocr_carea' id='block_1_19' title="bbox 261 1938 1796 2012">
    <p class='ocr_par' dir='ltr' id='par_1_19' title="bbox 261 1938 1796 2012">
     <span class='ocr_line' id='line_1_19' title="bbox 261 1938 1796 2012; baseline 0 -20"><span class='ocrx_word' id='word_1_139' title='bbox 261 1942 476 2012; x_wconf 75' lang='grc' dir='ltr'>ἡμέτερα</span> <span class='ocrx_word' id='word_1_140' title='bbox 499 1941 605 1992; x_wconf 87' lang='grc' dir='ltr'>τῶν</span> <span class='ocrx_word' id='word_1_141' title='bbox 639 1941 770 2009; x_wconf 85' lang='grc' dir='ltr'>παρ’</span> <span class='ocrx_word' id='word_1_142' title='bbox 800 1938 1055 2002; x_wconf 86' lang='grc' dir='ltr'>ἐκείνοις·</span> <span class='ocrx_word' id='word_1_143' title='bbox 1085 1938 1331 1999; x_wconf 81' lang='grc' dir='ltr'>ἐντεῦθεν</span> <span class='ocrx_word' id='word_1_144' title='bbox 1360 1943 1494 2011; x_wconf 87' lang='grc' dir='ltr'>ἡμῖν</span> <span class='ocrx_word' id='word_1_145' title='bbox 1532 1942 1625 1994; x_wconf 83' lang='grc' dir='ltr'>καὶ</span> <span class='ocrx_word' id='word_1_146' title='bbox 1659 1940 1796 2010; x_wconf 87' lang='grc' dir='ltr'>πρὸς</span> 
     </span>
    </p>
   </div>
   <div class='ocr_carea' id='block_1_20' title="bbox 277 2021 1796 2096">
    <p class='ocr_par' dir='ltr' id='par_1_20' title="bbox 277 2021 1796 2096">
     <span class='ocr_line' id='line_1_20' title="bbox 277 2021 1796 2096; baseline 0 -19"><span class='ocrx_word' id='word_1_147' title='bbox 277 2023 524 2086; x_wconf 79' lang='grc' dir='ltr'>Ἰουδαίους</span> <span class='ocrx_word' id='word_1_148' title='bbox 559 2021 863 2087; x_wconf 78' lang='grc' dir='ltr'>ἀποδείξεις</span> <span class='ocrx_word' id='word_1_149' title='bbox 898 2021 1025 2093; x_wconf 79' lang='grc' dir='ltr'>περὶ</span> <span class='ocrx_word' id='word_1_150' title='bbox 1056 2021 1158 2092; x_wconf 86' lang='grc' dir='ltr'>τῆς</span> <span class='ocrx_word' id='word_1_151' title='bbox 1197 2022 1451 2093; x_wconf 86' lang='grc' dir='ltr'>ἀληθείας</span> <span class='ocrx_word' id='word_1_152' title='bbox 1491 2024 1632 2076; x_wconf 81' lang='grc' dir='ltr'>είσί·</span> <span class='ocrx_word' id='word_1_153' title='bbox 1658 2022 1796 2096; x_wconf 80' lang='grc' dir='ltr'>πρὸς</span> 
     </span>
    </p>
   </div>
   <div class='ocr_carea' id='block_1_21' title="bbox 275 2104 1796 2178">
    <p class='ocr_par' dir='ltr' id='par_1_21' title="bbox 275 2104 1796 2178">
     <span class='ocr_line' id='line_1_21' title="bbox 275 2104 1796 2178; baseline 0.001 -18"><span class='ocrx_word' id='word_1_154' title='bbox 275 2107 524 2168; x_wconf 83' lang='grc' dir='ltr'>Ἰουδαίους</span> <span class='ocrx_word' id='word_1_155' title='bbox 551 2106 676 2167; x_wconf 87' lang='grc' dir='ltr'>τοὺς</span> <span class='ocrx_word' id='word_1_156' title='bbox 707 2104 924 2167; x_wconf 82' lang='grc' dir='ltr'>ἀθλίους</span> <span class='ocrx_word' id='word_1_157' title='bbox 954 2105 1048 2158; x_wconf 72' lang='grc' dir='ltr'>καὶ</span> <span class='ocrx_word' id='word_1_158' title='bbox 1075 2105 1472 2177; x_wconf 77' lang='grc' dir='ltr'>ταλαιπώρους,</span> <span class='ocrx_word' id='word_1_159' title='bbox 1497 2107 1550 2160; x_wconf 84' lang='grc' dir='ltr'>οῖ</span> <span class='ocrx_word' id='word_1_160' title='bbox 1578 2106 1665 2161; x_wconf 90' lang='grc' dir='ltr'>διά</span> <span class='ocrx_word' id='word_1_161' title='bbox 1693 2108 1796 2178; x_wconf 82' lang='grc' dir='ltr'>τὴν</span> 
     </span>
    </p>
   </div>
   <div class='ocr_carea' id='block_1_22' title="bbox 266 2187 1792 2260">
    <p class='ocr_par' dir='ltr' id='par_1_22' title="bbox 266 2187 1792 2260">
     <span class='ocr_line' id='line_1_22' title="bbox 266 2187 1792 2260; baseline 0.001 -17"><span class='ocrx_word' id='word_1_162' title='bbox 266 2192 353 2244; x_wconf 83' lang='grc' dir='ltr'>τῶν</span> <span class='ocrx_word' id='word_1_163' title='bbox 371 2189 559 2259; x_wconf 85' lang='grc' dir='ltr'>χρόνων</span> <span class='ocrx_word' id='word_1_164' title='bbox 579 2188 802 2255; x_wconf 79' lang='grc' dir='ltr'>ἄγνοιαν</span> <span class='ocrx_word' id='word_1_165' title='bbox 824 2187 887 2240; x_wconf 83' lang='grc' dir='ltr'>τὸ</span> <span class='ocrx_word' id='word_1_166' title='bbox 917 2187 1171 2258; x_wconf 85' lang='grc' dir='ltr'>μέγιστον</span> <span class='ocrx_word' id='word_1_167' title='bbox 1203 2188 1423 2259; x_wconf 81' lang='grc' dir='ltr'>σφάλμα</span> <span class='ocrx_word' id='word_1_168' title='bbox 1459 2190 1792 2260; x_wconf 81' lang='grc' dir='ltr'>ἐσφάλησαν.</span> 
     </span>
    </p>
   </div>
   <div class='ocr_carea' id='block_1_23' title="bbox 267 2269 1795 2342">
    <p class='ocr_par' dir='ltr' id='par_1_23' title="bbox 267 2269 1795 2342">
     <span class='ocr_line' id='line_1_23' title="bbox 267 2269 1795 2342; baseline 0.001 -16"><span class='ocrx_word' id='word_1_169' title='bbox 267 2274 319 2326; x_wconf 83' lang='grc' dir='ltr'>ΕΙ</span> <span class='ocrx_word' id='word_1_170' title='bbox 360 2273 455 2342; x_wconf 78' lang='grc' dir='ltr'>γὰρ</span> <span class='ocrx_word' id='word_1_171' title='bbox 495 2273 734 2342; x_wconf 89' lang='grc' dir='ltr'>ἡκουσαν</span> <span class='ocrx_word' id='word_1_172' title='bbox 786 2269 884 2322; x_wconf 88' lang='grc' dir='ltr'>τοῦ</span> <span class='ocrx_word' id='word_1_173' title='bbox 943 2270 1278 2341; x_wconf 80' lang='grc' dir='ltr'>πατριάρχου</span> <span class='ocrx_word' id='word_1_174' title='bbox 1337 2271 1583 2340; x_wconf 86' lang='grc' dir='ltr'>λέγοντος</span> <span class='ocrx_word' id='word_1_175' title='bbox 1607 2314 1624 2338; x_wconf 93' lang='grc'>,</span> <span class='ocrx_word' id='word_1_176' title='bbox 1670 2275 1795 2328; x_wconf 77' lang='grc' dir='ltr'>Οὐκ</span> 
     </span>
    </p>
   </div>
   <div class='ocr_carea' id='block_1_24' title="bbox 267 2353 1797 2426">
    <p class='ocr_par' dir='ltr' id='par_1_24' title="bbox 267 2353 1797 2426">
     <span class='ocr_line' id='line_1_24' title="bbox 267 2353 1797 2426; baseline -0.001 -14"><span class='ocrx_word' id='word_1_177' title='bbox 267 2358 492 2424; x_wconf 55' lang='grc' dir='ltr'>ἐκπέψαι</span> <span class='ocrx_word' id='word_1_178' title='bbox 508 2354 706 2423; x_wconf 74' lang='grc' dir='ltr'>ἄρχων</span> <span class='ocrx_word' id='word_1_179' title='bbox 724 2353 795 2422; x_wconf 74' lang='grc' dir='ltr'>ἐξ</span> <span class='ocrx_word' id='word_1_180' title='bbox 823 2354 1037 2417; x_wconf 80' lang='grc' dir='ltr'>Ἰούδα,</span> <span class='ocrx_word' id='word_1_181' title='bbox 1063 2355 1205 2408; x_wconf 79' lang='grc' dir='ltr'>οὐδὲ</span> <span class='ocrx_word' id='word_1_182' title='bbox 1224 2357 1554 2426; x_wconf 79' lang='grc' dir='ltr'>ἡγούμενος</span> <span class='ocrx_word' id='word_1_183' title='bbox 1580 2357 1650 2411; x_wconf 83' lang='grc' dir='ltr'>ἐκ</span> <span class='ocrx_word' id='word_1_184' title='bbox 1676 2357 1797 2413; x_wconf 82' lang='grc' dir='ltr'>τῶν</span> 
     </span>
    </p>
   </div>
   <div class='ocr_carea' id='block_1_25' title="bbox 265 2430 1795 2512">
    <p class='ocr_par' dir='ltr' id='par_1_25' title="bbox 265 2430 1795 2512">
     <span class='ocr_line' id='line_1_25' title="bbox 265 2430 1795 2512; baseline 0.001 -21"><span class='ocrx_word' id='word_1_185' title='bbox 265 2439 432 2512; x_wconf 74' lang='grc' dir='ltr'>μηρῶν</span> <span class='ocrx_word' id='word_1_186' title='bbox 471 2437 675 2500; x_wconf 85' lang='grc' dir='ltr'>αὐτοῦ,</span> <span class='ocrx_word' id='word_1_187' title='bbox 711 2435 824 2502; x_wconf 77' lang='grc' dir='ltr'>ἕως</span> <span class='ocrx_word' id='word_1_188' title='bbox 873 2437 950 2491; x_wconf 75' lang='grc' dir='ltr'>ἂν</span> <span class='ocrx_word' id='word_1_189' title='bbox 991 2437 1139 2506; x_wconf 71' lang='grc' dir='ltr'>ἔλθῃ</span> <span class='ocrx_word' id='word_1_190' title='bbox 1180 2430 1229 2504; x_wconf 83' lang='grc' dir='ltr'><strong><em>ᾧ</em></strong></span> <span class='ocrx_word' id='word_1_191' title='bbox 1260 2439 1588 2504; x_wconf 81' lang='grc' dir='ltr'>ἀπόκειται,</span> <span class='ocrx_word' id='word_1_192' title='bbox 1619 2439 1714 2493; x_wconf 84' lang='grc' dir='ltr'>καὶ</span> <span class='ocrx_word' id='word_1_193' title='bbox 1744 2441 1795 2493; x_wconf 91' lang='grc' dir='ltr'>εί</span> 
     </span>
    </p>
   </div>
   <div class='ocr_carea' id='block_1_26' title="bbox 267 2516 1794 2593">
    <p class='ocr_par' dir='ltr' id='par_1_26' title="bbox 267 2516 1794 2593">
     <span class='ocr_line' id='line_1_26' title="bbox 267 2516 1794 2593; baseline 0.001 -19"><span class='ocrx_word' id='word_1_194' title='bbox 267 2523 609 2592; x_wconf 74' lang='grc' dir='ltr'>παρετήρησαν</span> <span class='ocrx_word' id='word_1_195' title='bbox 636 2516 755 2589; x_wconf 64' lang='grc' dir='ltr'>μετ⁴</span> <span class='ocrx_word' id='word_1_196' title='bbox 776 2519 1060 2590; x_wconf 87' lang='grc' dir='ltr'>ἀκριϐείας</span> <span class='ocrx_word' id='word_1_197' title='bbox 1077 2521 1203 2582; x_wconf 79' lang='grc' dir='ltr'>τοὺς</span> <span class='ocrx_word' id='word_1_198' title='bbox 1229 2521 1329 2591; x_wconf 86' lang='grc' dir='ltr'>τῆς</span> <span class='ocrx_word' id='word_1_199' title='bbox 1351 2523 1652 2593; x_wconf 88' lang='grc' dir='ltr'>παρουσίας</span> <span class='ocrx_word' id='word_1_200' title='bbox 1673 2541 1794 2576; x_wconf 80' lang='grc' dir='ltr'>και-</span> 
     </span>
    </p>
   </div>
   <div class='ocr_carea' id='block_1_27' title="bbox 272 2603 1796 2676">
    <p class='ocr_par' dir='ltr' id='par_1_27' title="bbox 272 2603 1796 2676">
     <span class='ocr_line' id='line_1_27' title="bbox 272 2603 1796 2676; baseline -0.003 -19"><span class='ocrx_word' id='word_1_201' title='bbox 272 2607 390 2675; x_wconf 74' lang='grc' dir='ltr'>ροὺς,</span> <span class='ocrx_word' id='word_1_202' title='bbox 415 2605 506 2658; x_wconf 76' lang='grc' dir='ltr'>οὐκ</span> <span class='ocrx_word' id='word_1_203' title='bbox 533 2603 781 2674; x_wconf 75' lang='grc' dir='ltr'>ἔμελλον,</span> <span class='ocrx_word' id='word_1_204' title='bbox 816 2603 1138 2667; x_wconf 80' lang='grc' dir='ltr'>ἐκπεσόντες</span> <span class='ocrx_word' id='word_1_205' title='bbox 1168 2603 1263 2657; x_wconf 85' lang='grc' dir='ltr'>τοῦ</span> <span class='ocrx_word' id='word_1_206' title='bbox 1292 2605 1549 2675; x_wconf 82' lang='grc' dir='ltr'>Χριστοῦ,</span> <span class='ocrx_word' id='word_1_207' title='bbox 1573 2605 1649 2676; x_wconf 87' lang='grc' dir='ltr'>τῷ</span> <span class='ocrx_word' id='word_1_208' title='bbox 1685 2606 1796 2659; x_wconf 75' lang='grc' dir='ltr'>Ἀν.</span> 
     </span>
    </p>
   </div>
   <div class='ocr_carea' id='block_1_28' title="bbox 267 2683 1795 2760">
    <p class='ocr_par' dir='ltr' id='par_1_28' title="bbox 267 2683 1795 2760">
     <span class='ocr_line' id='line_1_28' title="bbox 267 2683 1795 2760; baseline 0.001 -19"><span class='ocrx_word' id='word_1_209' title='bbox 267 2690 484 2760; x_wconf 80' lang='grc' dir='ltr'>τιχρίστῳ</span> <span class='ocrx_word' id='word_1_210' title='bbox 505 2686 885 2760; x_wconf 71' lang='grc' dir='ltr'>περιπίπτειν·</span> <span class='ocrx_word' id='word_1_211' title='bbox 912 2686 1161 2758; x_wconf 85' lang='grc' dir='ltr'>καθάπερ</span> <span class='ocrx_word' id='word_1_212' title='bbox 1188 2683 1285 2741; x_wconf 85' lang='grc' dir='ltr'>οῦν</span> <span class='ocrx_word' id='word_1_213' title='bbox 1311 2689 1405 2746; x_wconf 81' lang='grc' dir='ltr'>καὶ</span> <span class='ocrx_word' id='word_1_214' title='bbox 1433 2690 1595 2753; x_wconf 85' lang='grc' dir='ltr'>αὐτὸς</span> <span class='ocrx_word' id='word_1_215' title='bbox 1615 2691 1795 2756; x_wconf 81' lang='grc' dir='ltr'>αὐτοῖς</span> 
     </span>
    </p>
   </div>
   <div class='ocr_carea' id='block_1_29' title="bbox 267 2766 1795 2842">
    <p class='ocr_par' dir='ltr' id='par_1_29' title="bbox 267 2766 1795 2842">
     <span class='ocr_line' id='line_1_29' title="bbox 267 2766 1795 2842; baseline 0.001 -17"><span class='ocrx_word' id='word_1_216' title='bbox 267 2773 293 2825; x_wconf 74' lang='grc' dir='ltr'><strong><em>ὁ</em></strong></span> <span class='ocrx_word' id='word_1_217' title='bbox 327 2773 533 2842; x_wconf 69' lang='grc' dir='ltr'>Χριστὸς</span> <span class='ocrx_word' id='word_1_218' title='bbox 589 2769 754 2824; x_wconf 89' lang='grc' dir='ltr'>τοῦτο</span> <span class='ocrx_word' id='word_1_219' title='bbox 813 2770 1186 2839; x_wconf 72' lang='grc' dir='ltr'>αἰνιττόμενος</span> <span class='ocrx_word' id='word_1_220' title='bbox 1236 2766 1386 2824; x_wconf 82' lang='grc' dir='ltr'>εἶπεν</span> <span class='ocrx_word' id='word_1_221' title='bbox 1415 2773 1464 2834; x_wconf 69' lang='grc' dir='ltr'>ιι,</span> <span class='ocrx_word' id='word_1_222' title='bbox 1508 2773 1589 2826; x_wconf 81' lang='grc' dir='ltr'>ὅτι</span> <span class='ocrx_word' id='word_1_223' title='bbox 1649 2775 1795 2842; x_wconf 79' lang='grc' dir='ltr'>Ἐγὼ</span> 
     </span>
    </p>
   </div>
   <div class='ocr_carea' id='block_1_30' title="bbox 267 2851 1794 2924">
    <p class='ocr_par' dir='ltr' id='par_1_30' title="bbox 267 2851 1794 2924">
     <span class='ocr_line' id='line_1_30' title="bbox 267 2851 1794 2924; baseline 0.001 -16"><span class='ocrx_word' id='word_1_224' title='bbox 267 2851 421 2924; x_wconf 74' lang='grc' dir='ltr'>ἦλθον</span> <span class='ocrx_word' id='word_1_225' title='bbox 445 2855 512 2908; x_wconf 80' lang='grc' dir='ltr'>ἐν</span> <span class='ocrx_word' id='word_1_226' title='bbox 548 2851 630 2919; x_wconf 78' lang='grc' dir='ltr'>τῷ</span> <span class='ocrx_word' id='word_1_227' title='bbox 672 2854 918 2923; x_wconf 75' lang='grc' dir='ltr'>ὀνόματι</span> <span class='ocrx_word' id='word_1_228' title='bbox 957 2853 1064 2906; x_wconf 84' lang='grc' dir='ltr'>τοῦ</span> <span class='ocrx_word' id='word_1_229' title='bbox 1101 2855 1330 2922; x_wconf 85' lang='grc' dir='ltr'>Πατρός</span> <span class='ocrx_word' id='word_1_230' title='bbox 1362 2873 1503 2924; x_wconf 86' lang='grc' dir='ltr'>⁶ιιου,</span> <span class='ocrx_word' id='word_1_231' title='bbox 1551 2856 1648 2909; x_wconf 80' lang='grc' dir='ltr'>καὶ</span> <span class='ocrx_word' id='word_1_232' title='bbox 1683 2858 1794 2910; x_wconf 80' lang='grc' dir='ltr'>οὐκ</span> 
     </span>
    </p>
   </div>
   <div class='ocr_carea' id='block_1_31' title="bbox 267 2934 1793 3006">
    <p class='ocr_par' dir='ltr' id='par_1_31' title="bbox 267 2934 1793 3006">
     <span class='ocr_line' id='line_1_31' title="bbox 267 2934 1793 3006; baseline -0.001 -15"><span class='ocrx_word' id='word_1_233' title='bbox 267 2936 509 3000; x_wconf 76' lang='grc' dir='ltr'>ἐδέξασθέ</span> <span class='ocrx_word' id='word_1_234' title='bbox 529 2953 640 3005; x_wconf 80' lang='grc' dir='ltr'>με·</span> <span class='ocrx_word' id='word_1_235' title='bbox 685 2934 795 2989; x_wconf 78' lang='grc' dir='ltr'>ἐὰν</span> <span class='ocrx_word' id='word_1_236' title='bbox 827 2936 1019 3002; x_wconf 64' lang='grc' dir='ltr'>ἄλλος</span> <span class='ocrx_word' id='word_1_237' title='bbox 1041 2937 1186 3004; x_wconf 70' lang='grc' dir='ltr'>ἔλθῃ</span> <span class='ocrx_word' id='word_1_238' title='bbox 1225 2937 1297 2994; x_wconf 73' lang='grc' dir='ltr'>ἐν</span> <span class='ocrx_word' id='word_1_239' title='bbox 1334 2935 1413 3002; x_wconf 85' lang='grc' dir='ltr'>τῷ</span> <span class='ocrx_word' id='word_1_240' title='bbox 1440 2937 1682 3006; x_wconf 73' lang='grc' dir='ltr'>ὀνόματι</span> <span class='ocrx_word' id='word_1_241' title='bbox 1713 2938 1793 3003; x_wconf 82' lang='grc' dir='ltr'>τῷ</span> 
     </span>
    </p>
   </div>
   <div class='ocr_carea' id='block_1_32' title="bbox 268 3017 1792 3091">
    <p class='ocr_par' dir='ltr' id='par_1_32' title="bbox 268 3017 1792 3091">
     <span class='ocr_line' id='line_1_32' title="bbox 268 3017 1792 3091; baseline 0.001 -19"><span class='ocrx_word' id='word_1_242' title='bbox 268 3021 389 3084; x_wconf 67' lang='grc' dir='ltr'>ἰδίῳ,</span> <span class='ocrx_word' id='word_1_243' title='bbox 425 3020 647 3074; x_wconf 75' lang='grc' dir='ltr'>ἐκεῖνον</span> <span class='ocrx_word' id='word_1_244' title='bbox 692 3019 990 3087; x_wconf 69' lang='grc' dir='ltr'>λήψεσθε.</span> <span class='ocrx_word' id='word_1_245' title='bbox 1019 3017 1170 3082; x_wconf 79' lang='grc' dir='ltr'>Εἶδες</span> <span class='ocrx_word' id='word_1_246' title='bbox 1224 3019 1388 3073; x_wconf 82' lang='grc' dir='ltr'>πόσον</span> <span class='ocrx_word' id='word_1_247' title='bbox 1439 3021 1792 3091; x_wconf 84' lang='grc' dir='ltr'>παράπτωμα</span> 
     </span>
    </p>
   </div>
   <div class='ocr_carea' id='block_1_33' title="bbox 266 3102 1793 3174">
    <p class='ocr_par' dir='ltr' id='par_1_33' title="bbox 266 3102 1793 3174">
     <span class='ocr_line' id='line_1_33' title="bbox 266 3102 1793 3174; baseline 0.002 -18"><span class='ocrx_word' id='word_1_248' title='bbox 266 3104 359 3156; x_wconf 77' lang='grc' dir='ltr'>ἀπὸ</span> <span class='ocrx_word' id='word_1_249' title='bbox 391 3103 471 3172; x_wconf 85' lang='grc' dir='ltr'>τῆς</span> <span class='ocrx_word' id='word_1_250' title='bbox 512 3103 621 3156; x_wconf 86' lang='grc' dir='ltr'>τῶν</span> <span class='ocrx_word' id='word_1_251' title='bbox 669 3102 878 3173; x_wconf 88' lang='grc' dir='ltr'>χρόνων</span> <span class='ocrx_word' id='word_1_252' title='bbox 927 3102 1146 3171; x_wconf 86' lang='grc' dir='ltr'>γέγονεν</span> <span class='ocrx_word' id='word_1_253' title='bbox 1193 3102 1447 3170; x_wconf 86' lang='grc' dir='ltr'>άγνοίας;</span> <span class='ocrx_word' id='word_1_254' title='bbox 1499 3105 1589 3174; x_wconf 83' lang='grc' dir='ltr'><strong>Μὴ</strong></span> <span class='ocrx_word' id='word_1_255' title='bbox 1618 3105 1793 3158; x_wconf 90' lang='grc' dir='ltr'>τοίνυν</span> 
     </span>
    </p>
   </div>
   <div class='ocr_carea' id='block_1_34' title="bbox 265 3184 1793 3258">
    <p class='ocr_par' dir='ltr' id='par_1_34' title="bbox 265 3184 1793 3258">
     <span class='ocr_line' id='line_1_34' title="bbox 265 3184 1793 3258; baseline 0.002 -21"><span class='ocrx_word' id='word_1_256' title='bbox 265 3184 501 3258; x_wconf 75' lang='grc' dir='ltr'>ἀμελήσῃς</span> <span class='ocrx_word' id='word_1_257' title='bbox 527 3184 793 3252; x_wconf 81' lang='grc' dir='ltr'>ὠφελείας</span> <span class='ocrx_word' id='word_1_258' title='bbox 819 3184 1104 3254; x_wconf 88' lang='grc' dir='ltr'>τοσαύτης.</span> <span class='ocrx_word' id='word_1_259' title='bbox 1129 3184 1395 3257; x_wconf 83' lang='grc' dir='ltr'>Καθάπερ</span> <span class='ocrx_word' id='word_1_260' title='bbox 1422 3185 1528 3258; x_wconf 91' lang='grc' dir='ltr'>γάρ</span> <span class='ocrx_word' id='word_1_261' title='bbox 1556 3189 1670 3258; x_wconf 80' lang='grc' dir='ltr'>ὅροι</span> <span class='ocrx_word' id='word_1_262' title='bbox 1699 3188 1793 3240; x_wconf 84' lang='grc' dir='ltr'>καὶ</span> 
     </span>
    </p>
   </div>
   <div class='ocr_carea' id='block_1_35' title="bbox 264 3260 1790 3340">
    <p class='ocr_par' dir='ltr' id='par_1_35' title="bbox 264 3260 1790 3340">
     <span class='ocr_line' id='line_1_35' title="bbox 264 3260 1790 3340; baseline 0.001 -19"><span class='ocrx_word' id='word_1_263' title='bbox 264 3269 425 3339; x_wconf 81' lang='grc' dir='ltr'>στῆλαι</span> <span class='ocrx_word' id='word_1_264' title='bbox 448 3260 502 3323; x_wconf 82' lang='grc' dir='ltr'>ἐν</span> <span class='ocrx_word' id='word_1_265' title='bbox 528 3271 640 3332; x_wconf 85' lang='grc' dir='ltr'>τοῖς</span> <span class='ocrx_word' id='word_1_266' title='bbox 664 3269 853 3338; x_wconf 80' lang='grc' dir='ltr'>ἀγροῖς</span> <span class='ocrx_word' id='word_1_267' title='bbox 881 3267 978 3330; x_wconf 71' lang='grc' dir='ltr'>τὰς</span> <span class='ocrx_word' id='word_1_268' title='bbox 1011 3268 1247 3340; x_wconf 81' lang='grc' dir='ltr'>ἀρούρας</span> <span class='ocrx_word' id='word_1_269' title='bbox 1269 3271 1368 3323; x_wconf 80' lang='grc' dir='ltr'>οὐκ</span> <span class='ocrx_word' id='word_1_270' title='bbox 1405 3271 1536 3324; x_wconf 90' lang='grc' dir='ltr'>ἐῶσι</span> <span class='ocrx_word' id='word_1_271' title='bbox 1573 3273 1790 3340; x_wconf 84' lang='grc' dir='ltr'>συγχεῖ-</span> 
     </span>
    </p>
   </div>
   <div class='ocr_carea' id='block_1_36' title="bbox 261 3351 1790 3426">
    <p class='ocr_par' dir='ltr' id='par_1_36' title="bbox 261 3351 1790 3426">
     <span class='ocr_line' id='line_1_36' title="bbox 261 3351 1790 3426; baseline 0.003 -22"><span class='ocrx_word' id='word_1_272' title='bbox 261 3351 382 3418; x_wconf 78' lang='grc' dir='ltr'>σθαι,</span> <span class='ocrx_word' id='word_1_273' title='bbox 407 3351 564 3416; x_wconf 77' lang='grc' dir='ltr'>οὕτως</span> <span class='ocrx_word' id='word_1_274' title='bbox 599 3353 651 3406; x_wconf 68' lang='lat' dir='ltr'>of.</span> <span class='ocrx_word' id='word_1_275' title='bbox 695 3351 875 3422; x_wconf 81' lang='grc' dir='ltr'>χρόνοι</span> <span class='ocrx_word' id='word_1_276' title='bbox 917 3353 1008 3404; x_wconf 89' lang='grc' dir='ltr'>καί</span> <span class='ocrx_word' id='word_1_277' title='bbox 1049 3353 1099 3404; x_wconf 88' lang='grc' dir='ltr'>οί</span> <span class='ocrx_word' id='word_1_278' title='bbox 1153 3355 1334 3423; x_wconf 76' lang='grc' dir='ltr'>καιροὶ</span> <span class='ocrx_word' id='word_1_279' title='bbox 1377 3354 1444 3408; x_wconf 83' lang='grc' dir='ltr'>τὰ</span> <span class='ocrx_word' id='word_1_280' title='bbox 1492 3356 1790 3426; x_wconf 88' lang='grc' dir='ltr'>πράγματα</span> 
     </span>
    </p>
   </div>
   <div class='ocr_carea' id='block_1_37' title="bbox 257 3436 1790 3513">
    <p class='ocr_par' dir='ltr' id='par_1_37' title="bbox 257 3436 1790 3513">
     <span class='ocr_line' id='line_1_37' title="bbox 257 3436 1790 3513; baseline 0.001 -23"><span class='ocrx_word' id='word_1_281' title='bbox 257 3437 340 3490; x_wconf 82' lang='grc' dir='ltr'>οὐκ</span> <span class='ocrx_word' id='word_1_282' title='bbox 379 3437 526 3492; x_wconf 90' lang='grc' dir='ltr'>ἐῶσιν</span> <span class='ocrx_word' id='word_1_283' title='bbox 561 3437 813 3513; x_wconf 82' lang='grc' dir='ltr'>ἀλλήλοις</span> <span class='ocrx_word' id='word_1_284' title='bbox 853 3437 1181 3506; x_wconf 83' lang='grc' dir='ltr'>συμπίπτειν</span> <span class='ocrx_word' id='word_1_285' title='bbox 1204 3447 1253 3501; x_wconf 74' lang='grc' dir='ltr'>ο,</span> <span class='ocrx_word' id='word_1_286' title='bbox 1289 3436 1427 3490; x_wconf 88' lang='grc' dir='ltr'>ἀλλά</span> <span class='ocrx_word' id='word_1_287' title='bbox 1464 3438 1790 3509; x_wconf 84' lang='grc' dir='ltr'>διείργοντες</span> 
     </span>
    </p>
   </div>
   <div class='ocr_carea' id='block_1_38' title="bbox 254 3520 1788 3594">
    <p class='ocr_par' dir='ltr' id='par_1_38' title="bbox 254 3520 1788 3594">
     <span class='ocr_line' id='line_1_38' title="bbox 254 3520 1788 3594; baseline 0.001 -21"><span class='ocrx_word' id='word_1_288' title='bbox 254 3521 334 3574; x_wconf 83' lang='grc' dir='ltr'>ἀπ’</span> <span class='ocrx_word' id='word_1_289' title='bbox 376 3521 608 3592; x_wconf 81' lang='grc' dir='ltr'>ἀλλήλων</span> <span class='ocrx_word' id='word_1_290' title='bbox 666 3520 842 3585; x_wconf 65' lang='grc' dir='ltr'>αὐτὰ,</span> <span class='ocrx_word' id='word_1_291' title='bbox 892 3521 986 3574; x_wconf 78' lang='grc' dir='ltr'>καὶ</span> <span class='ocrx_word' id='word_1_292' title='bbox 1047 3520 1188 3574; x_wconf 88' lang='grc' dir='ltr'>κατά</span> <span class='ocrx_word' id='word_1_293' title='bbox 1249 3521 1346 3592; x_wconf 84' lang='grc' dir='ltr'>τὴν</span> <span class='ocrx_word' id='word_1_294' title='bbox 1409 3527 1788 3594; x_wconf 82' lang='grc' dir='ltr'>προσήκουσαν</span> 
     </span>
    </p>
   </div>
   <div class='ocr_carea' id='block_1_39' title="bbox 254 3604 1789 3675">
    <p class='ocr_par' dir='ltr' id='par_1_39' title="bbox 254 3604 1789 3675">
     <span class='ocr_line' id='line_1_39' title="bbox 254 3604 1789 3675; baseline 0.001 -18"><span class='ocrx_word' id='word_1_295' title='bbox 254 3605 430 3658; x_wconf 80' lang='grc' dir='ltr'>ἕκαστα</span> <span class='ocrx_word' id='word_1_296' title='bbox 477 3604 805 3670; x_wconf 78' lang='grc' dir='ltr'>διατιθέντες</span> <span class='ocrx_word' id='word_1_297' title='bbox 859 3605 1012 3669; x_wconf 82' lang='grc' dir='ltr'>τάξιν</span> <span class='ocrx_word' id='word_1_298' title='bbox 1035 3643 1050 3669; x_wconf 92' lang='grc'>,</span> <span class='ocrx_word' id='word_1_299' title='bbox 1107 3604 1309 3675; x_wconf 81' lang='grc' dir='ltr'>πολλῆς</span> <span class='ocrx_word' id='word_1_300' title='bbox 1363 3605 1789 3660; x_wconf 85' lang='grc' dir='ltr'>ἀπαλλάττουσιν</span> 
     </span>
    </p>
   </div>
   <div class='ocr_carea' id='block_1_40' title="bbox 252 3687 1789 3761">
    <p class='ocr_par' dir='ltr' id='par_1_40' title="bbox 252 3687 1789 3761">
     <span class='ocr_line' id='line_1_40' title="bbox 252 3687 1789 3761; baseline 0.001 -20"><span class='ocrx_word' id='word_1_301' title='bbox 252 3690 376 3758; x_wconf 78' lang='grc' dir='ltr'>ἡμᾶς</span> <span class='ocrx_word' id='word_1_302' title='bbox 404 3689 662 3761; x_wconf 83' lang='grc' dir='ltr'>ταραχῆς.</span> <span class='ocrx_word' id='word_1_303' title='bbox 703 3687 887 3754; x_wconf 82' lang='grc' dir='ltr'>’Δξιον</span> <span class='ocrx_word' id='word_1_304' title='bbox 926 3688 1104 3741; x_wconf 90' lang='grc' dir='ltr'>τοίνυν</span> <span class='ocrx_word' id='word_1_305' title='bbox 1133 3690 1310 3741; x_wconf 82' lang='grc' dir='ltr'>εἰπεῖν</span> <span class='ocrx_word' id='word_1_306' title='bbox 1343 3689 1480 3758; x_wconf 75' lang='grc' dir='ltr'>πρὸς</span> <span class='ocrx_word' id='word_1_307' title='bbox 1515 3691 1676 3759; x_wconf 82' lang='grc' dir='ltr'>ὑμᾶς,</span> <span class='ocrx_word' id='word_1_308' title='bbox 1706 3691 1789 3755; x_wconf 88' lang='grc' dir='ltr'>τίς</span> 
     </span>
    </p>
   </div>
   <div class='ocr_carea' id='block_1_41' title="bbox 249 3764 1788 3840">
    <p class='ocr_par' dir='ltr' id='par_1_41' title="bbox 249 3764 1788 3840">
     <span class='ocr_line' id='line_1_41' title="bbox 249 3764 1788 3840; baseline -0.004 -16"><span class='ocrx_word' id='word_1_309' title='bbox 249 3766 308 3840; x_wconf 77' lang='grc' dir='ltr'>ἦν</span> <span class='ocrx_word' id='word_1_310' title='bbox 339 3764 477 3835; x_wconf 72' lang='grc' dir='ltr'>οὗτος</span> <span class='ocrx_word' id='word_1_311' title='bbox 512 3773 540 3825; x_wconf 84' lang='grc' dir='ltr'>δ</span> <span class='ocrx_word' id='word_1_312' title='bbox 573 3770 776 3836; x_wconf 80' lang='grc' dir='ltr'>Ὀζίας,</span> <span class='ocrx_word' id='word_1_313' title='bbox 807 3769 905 3823; x_wconf 76' lang='grc' dir='ltr'>καὶ</span> <span class='ocrx_word' id='word_1_314' title='bbox 946 3771 1074 3823; x_wconf 86' lang='grc' dir='ltr'>πότε</span> <span class='ocrx_word' id='word_1_315' title='bbox 1110 3771 1422 3831; x_wconf 84' lang='grc' dir='ltr'>ἐϐασίλευσε</span> <span class='ocrx_word' id='word_1_316' title='bbox 1443 3813 1458 3837; x_wconf 95' lang='grc'>,</span> <span class='ocrx_word' id='word_1_317' title='bbox 1496 3775 1590 3826; x_wconf 82' lang='grc' dir='ltr'>καὶ</span> <span class='ocrx_word' id='word_1_318' title='bbox 1629 3773 1788 3825; x_wconf 83' lang='grc' dir='ltr'>τίνων</span> 
     </span>
    </p>
   </div>
   <div class='ocr_carea' id='block_1_42' title="bbox 248 3852 1788 3928">
    <p class='ocr_par' dir='ltr' id='par_1_42' title="bbox 248 3852 1788 3928">
     <span class='ocr_line' id='line_1_42' title="bbox 248 3852 1788 3928; baseline -0.003 -21"><span class='ocrx_word' id='word_1_319' title='bbox 248 3853 378 3928; x_wconf 81' lang='lat' dir='ltr'><strong>[III]</strong></span> <span class='ocrx_word' id='word_1_320' title='bbox 404 3853 740 3919; x_wconf 83' lang='grc' dir='ltr'>ἐϐασίλευσε,</span> <span class='ocrx_word' id='word_1_321' title='bbox 771 3855 866 3907; x_wconf 82' lang='grc' dir='ltr'>καὶ</span> <span class='ocrx_word' id='word_1_322' title='bbox 899 3852 1060 3918; x_wconf 84' lang='grc' dir='ltr'>πόσος</span> <span class='ocrx_word' id='word_1_323' title='bbox 1084 3853 1234 3924; x_wconf 83' lang='grc' dir='ltr'>αὐτῷ</span> <span class='ocrx_word' id='word_1_324' title='bbox 1268 3854 1490 3922; x_wconf 85' lang='grc' dir='ltr'>γέγονεν</span> <span class='ocrx_word' id='word_1_325' title='bbox 1509 3856 1537 3908; x_wconf 83' lang='grc' dir='ltr'>ὁ</span> <span class='ocrx_word' id='word_1_326' title='bbox 1567 3858 1665 3926; x_wconf 86' lang='grc' dir='ltr'>τῆς</span> <span class='ocrx_word' id='word_1_327' title='bbox 1688 3858 1788 3926; x_wconf 74' lang='grc' dir='ltr'>ἀρ-</span> 
     </span>
    </p>
   </div>
   <div class='ocr_carea' id='block_1_43' title="bbox 247 3935 1782 4008">
    <p class='ocr_par' dir='ltr' id='par_1_43' title="bbox 247 3935 1782 4008">
     <span class='ocr_line' id='line_1_43' title="bbox 247 3935 1782 4008; baseline -0.001 -15"><span class='ocrx_word' id='word_1_328' title='bbox 247 3937 332 4006; x_wconf 81' lang='grc' dir='ltr'>χῆς</span> <span class='ocrx_word' id='word_1_329' title='bbox 358 3937 556 4008; x_wconf 80' lang='grc' dir='ltr'>χρόνος,</span> <span class='ocrx_word' id='word_1_330' title='bbox 585 3938 682 3990; x_wconf 76' lang='grc' dir='ltr'>καὶ</span> <span class='ocrx_word' id='word_1_331' title='bbox 723 3935 842 3997; x_wconf 87' lang='grc' dir='ltr'>πῶς</span> <span class='ocrx_word' id='word_1_332' title='bbox 868 3935 960 3987; x_wconf 83' lang='grc' dir='ltr'>τὸν</span> <span class='ocrx_word' id='word_1_333' title='bbox 1002 3935 1114 4005; x_wconf 85' lang='grc' dir='ltr'>βίον</span> <span class='ocrx_word' id='word_1_334' title='bbox 1156 3937 1416 3994; x_wconf 82' lang='grc' dir='ltr'>κατέλυσε</span> <span class='ocrx_word' id='word_1_335' title='bbox 1435 3953 1448 3968; x_wconf 91' lang='grc'>·</span> <span class='ocrx_word' id='word_1_336' title='bbox 1497 3939 1696 4008; x_wconf 77' lang='grc' dir='ltr'>μᾶλλον</span> <span class='ocrx_word' id='word_1_337' title='bbox 1725 3939 1782 3992; x_wconf 86' lang='grc' dir='ltr'>δέ</span> 
     </span>
    </p>
   </div>
   <div class='ocr_carea' id='block_1_44' title="bbox 240 4018 1780 4093">
    <p class='ocr_par' dir='ltr' id='par_1_44' title="bbox 240 4018 1780 4093">
     <span class='ocr_line' id='line_1_44' title="bbox 240 4018 1780 4093; baseline 0.001 -21"><span class='ocrx_word' id='word_1_338' title='bbox 240 4021 372 4086; x_wconf 80' lang='grc' dir='ltr'>ἄξιον</span> <span class='ocrx_word' id='word_1_339' title='bbox 394 4023 613 4091; x_wconf 84' lang='grc' dir='ltr'>σιγῆσαι</span> <span class='ocrx_word' id='word_1_340' title='bbox 662 4018 868 4072; x_wconf 87' lang='grc' dir='ltr'>λοιπόν.</span> <span class='ocrx_word' id='word_1_341' title='bbox 901 4019 1134 4090; x_wconf 82' lang='grc' dir='ltr'>Ἀνάγκη</span> <span class='ocrx_word' id='word_1_342' title='bbox 1170 4022 1278 4092; x_wconf 79' lang='grc' dir='ltr'>γὰρ</span> <span class='ocrx_word' id='word_1_343' title='bbox 1315 4024 1394 4085; x_wconf 87' lang='grc' dir='ltr'>είς</span> <span class='ocrx_word' id='word_1_344' title='bbox 1426 4021 1652 4093; x_wconf 80' lang='grc' dir='ltr'>ἄπειρον</span> <span class='ocrx_word' id='word_1_345' title='bbox 1684 4023 1780 4074; x_wconf 80' lang='grc' dir='ltr'>πέ-</span> 
     </span>
    </p>
   </div>
   <div class='ocr_carea' id='block_1_45' title="bbox 239 4105 1784 4178">
    <p class='ocr_par' dir='ltr' id='par_1_45' title="bbox 239 4105 1784 4178">
     <span class='ocr_line' id='line_1_45' title="bbox 239 4105 1784 4178; baseline 0.002 -20"><span class='ocrx_word' id='word_1_346' title='bbox 239 4105 384 4174; x_wconf 82' lang='grc' dir='ltr'>λαγος</span> <span class='ocrx_word' id='word_1_347' title='bbox 414 4106 663 4178; x_wconf 82' lang='grc' dir='ltr'>ἱστοριῶν</span> <span class='ocrx_word' id='word_1_348' title='bbox 692 4106 911 4174; x_wconf 72' lang='grc' dir='ltr'>ἀφιέναι</span> <span class='ocrx_word' id='word_1_349' title='bbox 940 4107 1030 4157; x_wconf 69' lang='grc' dir='ltr'>τὸν</span> <span class='ocrx_word' id='word_1_350' title='bbox 1067 4105 1242 4174; x_wconf 90' lang='grc' dir='ltr'>λόγον.</span> <span class='ocrx_word' id='word_1_351' title='bbox 1286 4108 1423 4170; x_wconf 82' lang='grc' dir='ltr'>Τοὺς</span> <span class='ocrx_word' id='word_1_352' title='bbox 1451 4107 1508 4160; x_wconf 78' lang='grc' dir='ltr'>δὲ</span> <span class='ocrx_word' id='word_1_353' title='bbox 1543 4107 1784 4161; x_wconf 85' lang='grc' dir='ltr'>τοιοῦτον</span> 
     </span>
    </p>
   </div>
   <div class='ocr_carea' id='block_1_46' title="bbox 241 4189 1782 4260">
    <p class='ocr_par' dir='ltr' id='par_1_46' title="bbox 241 4189 1782 4260">
     <span class='ocr_line' id='line_1_46' title="bbox 241 4189 1782 4260; baseline 0 -16"><span class='ocrx_word' id='word_1_354' title='bbox 241 4191 506 4260; x_wconf 80' lang='grc' dir='ltr'>μέλλοντας</span> <span class='ocrx_word' id='word_1_355' title='bbox 533 4189 860 4260; x_wconf 76' lang='grc' dir='ltr'>πορεύεσθαι</span> <span class='ocrx_word' id='word_1_356' title='bbox 891 4189 1120 4257; x_wconf 84' lang='grc' dir='ltr'>πέλαγος</span> <span class='ocrx_word' id='word_1_357' title='bbox 1145 4229 1160 4248; x_wconf 88' lang='grc'>,</span> <span class='ocrx_word' id='word_1_358' title='bbox 1193 4189 1255 4242; x_wconf 83' lang='grc' dir='ltr'>ού</span> <span class='ocrx_word' id='word_1_359' title='bbox 1288 4190 1642 4260; x_wconf 84' lang='grc' dir='ltr'>κεκμηκότων</span> <span class='ocrx_word' id='word_1_360' title='bbox 1674 4189 1782 4244; x_wconf 86' lang='grc' dir='ltr'>τῶν</span> 
     </span>
    </p>
   </div>
   <div class='ocr_carea' id='block_1_47' title="bbox 235 4271 1778 4345">
    <p class='ocr_par' dir='ltr' id='par_1_47' title="bbox 235 4271 1778 4345">
     <span class='ocr_line' id='line_1_47' title="bbox 235 4271 1778 4345; baseline 0.001 -19"><span class='ocrx_word' id='word_1_361' title='bbox 235 4273 534 4345; x_wconf 74' lang='grc' dir='ltr'>πλωτήρων,</span> <span class='ocrx_word' id='word_1_362' title='bbox 706 4271 1080 4343; x_wconf 69' lang='grc' dir='ltr'>ἀκμαζόντων,</span> <span class='ocrx_word' id='word_1_363' title='bbox 1107 4271 1370 4326; x_wconf 78' lang='grc' dir='ltr'>ἀπτεσθαι</span> <span class='ocrx_word' id='word_1_364' title='bbox 1393 4274 1496 4344; x_wconf 80' lang='grc' dir='ltr'>χρὴ</span> <span class='ocrx_word' id='word_1_365' title='bbox 1523 4275 1619 4345; x_wconf 91' lang='grc' dir='ltr'>τῆς</span> <span class='ocrx_word' id='word_1_366' title='bbox 1637 4275 1778 4328; x_wconf 90' lang='grc' dir='ltr'>ὁδοῦ.</span> 
     </span>
    </p>
   </div>
   <div class='ocr_carea' id='block_1_48' title="bbox 235 4355 1782 4426">
    <p class='ocr_par' dir='ltr' id='par_1_48' title="bbox 235 4355 1782 4426">
     <span class='ocr_line' id='line_1_48' title="bbox 235 4355 1782 4426; baseline 0.001 -19"><span class='ocrx_word' id='word_1_367' title='bbox 235 4356 318 4408; x_wconf 76' lang='grc' dir='ltr'>Διά</span> <span class='ocrx_word' id='word_1_368' title='bbox 343 4357 496 4410; x_wconf 85' lang='grc' dir='ltr'>τοῦτο</span> <span class='ocrx_word' id='word_1_369' title='bbox 543 4355 638 4408; x_wconf 81' lang='grc' dir='ltr'>καὶ</span> <span class='ocrx_word' id='word_1_370' title='bbox 668 4356 882 4426; x_wconf 84' lang='grc' dir='ltr'>λιμένες</span> <span class='ocrx_word' id='word_1_371' title='bbox 934 4357 1028 4408; x_wconf 64' lang='grc' dir='ltr'>καὶ</span> <span class='ocrx_word' id='word_1_372' title='bbox 1061 4355 1210 4424; x_wconf 87' lang='grc' dir='ltr'>νῆσοι</span> <span class='ocrx_word' id='word_1_373' title='bbox 1240 4355 1511 4425; x_wconf 82' lang='grc' dir='ltr'>πανταχοῦ</span> <span class='ocrx_word' id='word_1_374' title='bbox 1552 4357 1649 4426; x_wconf 85' lang='grc' dir='ltr'>τῆς</span> <span class='ocrx_word' id='word_1_375' title='bbox 1683 4356 1782 4409; x_wconf 89' lang='grc' dir='ltr'>θα-</span> 
     </span>
    </p>
   </div>
   <div class='ocr_carea' id='block_1_49' title="bbox 233 4438 1782 4512">
    <p class='ocr_par' dir='ltr' id='par_1_49' title="bbox 233 4438 1782 4512">
     <span class='ocr_line' id='line_1_49' title="bbox 233 4438 1782 4512; baseline 0.001 -20"><span class='ocrx_word' id='word_1_376' title='bbox 233 4438 417 4512; x_wconf 82' lang='grc' dir='ltr'>λάσσης</span> <span class='ocrx_word' id='word_1_377' title='bbox 447 4439 557 4493; x_wconf 77' lang='grc' dir='ltr'>εἰσὶ</span> <span class='ocrx_word' id='word_1_378' title='bbox 586 4439 1018 4508; x_wconf 81' lang='grc' dir='ltr'>πεφυτευμέναι,</span> <span class='ocrx_word' id='word_1_379' title='bbox 1061 4439 1149 4492; x_wconf 81' lang='grc' dir='ltr'>ἵνα</span> <span class='ocrx_word' id='word_1_380' title='bbox 1186 4439 1279 4492; x_wconf 73' lang='grc' dir='ltr'>καὶ</span> <span class='ocrx_word' id='word_1_381' title='bbox 1323 4440 1656 4509; x_wconf 84' lang='grc' dir='ltr'>κυϐερνήτης</span> <span class='ocrx_word' id='word_1_382' title='bbox 1690 4441 1782 4493; x_wconf 82' lang='grc' dir='ltr'>καὶ</span> 
     </span>
    </p>
   </div>
   <div class='ocr_carea' id='block_1_50' title="bbox 233 4520 1778 4594">
    <p class='ocr_par' dir='ltr' id='par_1_50' title="bbox 233 4520 1778 4594">
     <span class='ocr_line' id='line_1_50' title="bbox 233 4520 1778 4594; baseline 0.001 -19"><span class='ocrx_word' id='word_1_383' title='bbox 233 4523 410 4594; x_wconf 83' lang='grc' dir='ltr'>ναύτης</span> <span class='ocrx_word' id='word_1_384' title='bbox 431 4522 850 4593; x_wconf 88' lang='grc' dir='ltr'>διαναπαύηται,</span> <span class='ocrx_word' id='word_1_385' title='bbox 869 4523 898 4574; x_wconf 87' lang='grc' dir='ltr'>ό</span> <span class='ocrx_word' id='word_1_386' title='bbox 929 4522 1026 4591; x_wconf 85' lang='grc' dir='ltr'>μὲν</span> <span class='ocrx_word' id='word_1_387' title='bbox 1046 4522 1141 4592; x_wconf 82' lang='grc' dir='ltr'>τὴν</span> <span class='ocrx_word' id='word_1_388' title='bbox 1164 4520 1354 4592; x_wconf 82' lang='grc' dir='ltr'>κώπην</span> <span class='ocrx_word' id='word_1_389' title='bbox 1372 4522 1591 4574; x_wconf 86' lang='grc' dir='ltr'>ἀποτιθέ</span> <span class='ocrx_word' id='word_1_390' title='bbox 1599 4540 1778 4591; x_wconf 84' lang='grc' dir='ltr'>μενος,</span> 
     </span>
    </p>
   </div>
   <div class='ocr_carea' id='block_1_51' title="bbox 232 4603 1782 4674">
    <p class='ocr_par' dir='ltr' id='par_1_51' title="bbox 232 4603 1782 4674">
     <span class='ocr_line' id='line_1_51' title="bbox 232 4603 1782 4674; baseline 0 -17"><span class='ocrx_word' id='word_1_391' title='bbox 232 4605 257 4657; x_wconf 80' lang='grc' dir='ltr'><strong>ὁ</strong></span> <span class='ocrx_word' id='word_1_392' title='bbox 279 4605 329 4658; x_wconf 78' lang='grc' dir='ltr'>δὲ</span> <span class='ocrx_word' id='word_1_393' title='bbox 352 4606 458 4660; x_wconf 86' lang='grc' dir='ltr'>τῶν</span> <span class='ocrx_word' id='word_1_394' title='bbox 501 4606 705 4659; x_wconf 75' lang='grc' dir='ltr'>οἰάκων</span> <span class='ocrx_word' id='word_1_395' title='bbox 739 4605 1188 4674; x_wconf 82' lang='grc' dir='ltr'>ἐξανιστάμενος·</span> <span class='ocrx_word' id='word_1_396' title='bbox 1219 4603 1306 4656; x_wconf 81' lang='grc' dir='ltr'>διὰ</span> <span class='ocrx_word' id='word_1_397' title='bbox 1337 4604 1491 4656; x_wconf 89' lang='grc' dir='ltr'>τοῦτο</span> <span class='ocrx_word' id='word_1_398' title='bbox 1526 4606 1620 4657; x_wconf 79' lang='grc' dir='ltr'>καὶ</span> <span class='ocrx_word' id='word_1_399' title='bbox 1650 4623 1782 4657; x_wconf 87' lang='grc' dir='ltr'>παν-</span> 
     </span>
    </p>
   </div>
   <div class='ocr_carea' id='block_1_52' title="bbox 233 4685 1782 4756">
    <p class='ocr_par' dir='ltr' id='par_1_52' title="bbox 233 4685 1782 4756">
     <span class='ocr_line' id='line_1_52' title="bbox 233 4685 1782 4756; baseline 0.001 -18"><span class='ocrx_word' id='word_1_400' title='bbox 233 4686 390 4756; x_wconf 72' lang='grc' dir='ltr'>δοκεῖα</span> <span class='ocrx_word' id='word_1_401' title='bbox 438 4689 534 4741; x_wconf 83' lang='grc' dir='ltr'>καὶ</span> <span class='ocrx_word' id='word_1_402' title='bbox 586 4686 904 4754; x_wconf 81' lang='grc' dir='ltr'>καταγώγια</span> <span class='ocrx_word' id='word_1_403' title='bbox 953 4685 1229 4755; x_wconf 87' lang='grc' dir='ltr'>πανταχοῦ</span> <span class='ocrx_word' id='word_1_404' title='bbox 1274 4685 1382 4739; x_wconf 86' lang='grc' dir='ltr'>τῶν</span> <span class='ocrx_word' id='word_1_405' title='bbox 1427 4685 1558 4739; x_wconf 77' lang='grc' dir='ltr'>ὁδῶν</span> <span class='ocrx_word' id='word_1_406' title='bbox 1603 4688 1782 4739; x_wconf 86' lang='grc' dir='ltr'>ἐπινε-</span> 
     </span>
    </p>
   </div>
   <div class='ocr_carea' id='block_1_53' title="bbox 233 4768 1781 4840">
    <p class='ocr_par' dir='ltr' id='par_1_53' title="bbox 233 4768 1781 4840">
     <span class='ocr_line' id='line_1_53' title="bbox 233 4768 1781 4840; baseline -0.001 -16"><span class='ocrx_word' id='word_1_407' title='bbox 233 4772 431 4840; x_wconf 75' lang='grc' dir='ltr'>νόηται,</span> <span class='ocrx_word' id='word_1_408' title='bbox 468 4772 556 4826; x_wconf 78' lang='grc' dir='ltr'>ἵνα</span> <span class='ocrx_word' id='word_1_409' title='bbox 596 4772 690 4823; x_wconf 72' lang='grc' dir='ltr'>καὶ</span> <span class='ocrx_word' id='word_1_410' title='bbox 723 4769 999 4836; x_wconf 77' lang='grc' dir='ltr'>ὑποζύγια</span> <span class='ocrx_word' id='word_1_411' title='bbox 1041 4769 1136 4822; x_wconf 80' lang='grc' dir='ltr'>καὶ</span> <span class='ocrx_word' id='word_1_412' title='bbox 1161 4769 1427 4839; x_wconf 82' lang='grc' dir='ltr'>ὁδοιπόροι</span> <span class='ocrx_word' id='word_1_413' title='bbox 1463 4768 1572 4822; x_wconf 90' lang='grc' dir='ltr'>τῶν</span> <span class='ocrx_word' id='word_1_414' title='bbox 1604 4770 1781 4823; x_wconf 89' lang='grc' dir='ltr'>πόνων</span> 
     </span>
    </p>
   </div>
   <div class='ocr_carea' id='block_1_54' title="bbox 235 4851 1781 4925">
    <p class='ocr_par' dir='ltr' id='par_1_54' title="bbox 235 4851 1781 4925">
     <span class='ocr_line' id='line_1_54' title="bbox 235 4851 1781 4925; baseline 0 -22"><span class='ocrx_word' id='word_1_415' title='bbox 235 4852 436 4925; x_wconf 67' lang='grc' dir='ltr'>λήγωσι.</span> <span class='ocrx_word' id='word_1_416' title='bbox 491 4854 596 4907; x_wconf 89' lang='grc' dir='ltr'>Διά</span> <span class='ocrx_word' id='word_1_417' title='bbox 641 4852 799 4907; x_wconf 87' lang='grc' dir='ltr'>τοῦτο</span> <span class='ocrx_word' id='word_1_418' title='bbox 847 4853 943 4905; x_wconf 77' lang='grc' dir='ltr'>καὶ</span> <span class='ocrx_word' id='word_1_419' title='bbox 985 4851 1064 4922; x_wconf 78' lang='grc' dir='ltr'>τῷ</span> <span class='ocrx_word' id='word_1_420' title='bbox 1106 4852 1248 4922; x_wconf 87' lang='grc' dir='ltr'>λόγῳ</span> <span class='ocrx_word' id='word_1_421' title='bbox 1295 4851 1397 4921; x_wconf 89' lang='grc' dir='ltr'>τῆς</span> <span class='ocrx_word' id='word_1_422' title='bbox 1440 4851 1781 4916; x_wconf 85' lang='grc' dir='ltr'>διδασκαλίας</span> 
     </span>
    </p>
   </div>
   <div class='ocr_carea' id='block_1_55' title="bbox 240 4934 1782 5009">
    <p class='ocr_par' dir='ltr' id='par_1_55' title="bbox 240 4934 1782 5009">
     <span class='ocr_line' id='line_1_55' title="bbox 240 4934 1782 5009; baseline -0.001 -21"><span class='ocrx_word' id='word_1_423' title='bbox 240 4938 398 5006; x_wconf 62' lang='grc' dir='ltr'>καιρὸς</span> <span class='ocrx_word' id='word_1_424' title='bbox 434 4937 649 5007; x_wconf 82' lang='grc' dir='ltr'>σιωπῆς</span> <span class='ocrx_word' id='word_1_425' title='bbox 683 4934 936 5009; x_wconf 81' lang='grc' dir='ltr'>ὥρισται,</span> <span class='ocrx_word' id='word_1_426' title='bbox 974 4935 1060 4988; x_wconf 83' lang='grc' dir='ltr'>ἵνα</span> <span class='ocrx_word' id='word_1_427' title='bbox 1103 4937 1238 5005; x_wconf 88' lang='grc' dir='ltr'>μήτε</span> <span class='ocrx_word' id='word_1_428' title='bbox 1271 4935 1494 4998; x_wconf 76' lang='grc' dir='ltr'>ἑαυτοὺς</span> <span class='ocrx_word' id='word_1_429' title='bbox 1525 4935 1782 5006; x_wconf 81' lang='grc' dir='ltr'>κατατρί-</span> 
     </span>
    </p>
   </div>
   <div class='ocr_carea' id='block_1_56' title="bbox 241 5018 1780 5090">
    <p class='ocr_par' dir='ltr' id='par_1_56' title="bbox 241 5018 1780 5090">
     <span class='ocr_line' id='line_1_56' title="bbox 241 5018 1780 5090; baseline -0.003 -16"><span class='ocrx_word' id='word_1_430' title='bbox 241 5019 390 5087; x_wconf 66' lang='grc' dir='ltr'>ευμεν</span> <span class='ocrx_word' id='word_1_431' title='bbox 419 5019 497 5090; x_wconf 81' lang='grc' dir='ltr'>τῷ</span> <span class='ocrx_word' id='word_1_432' title='bbox 546 5018 745 5090; x_wconf 73' lang='grc' dir='ltr'>πλήθει</span> <span class='ocrx_word' id='word_1_433' title='bbox 780 5018 890 5071; x_wconf 89' lang='grc' dir='ltr'>τῶν</span> <span class='ocrx_word' id='word_1_434' title='bbox 938 5018 1260 5088; x_wconf 83' lang='grc' dir='ltr'>λεγομένων,</span> <span class='ocrx_word' id='word_1_435' title='bbox 1294 5022 1432 5088; x_wconf 85' lang='grc' dir='ltr'>μήτε</span> <span class='ocrx_word' id='word_1_436' title='bbox 1456 5018 1599 5086; x_wconf 82' lang='grc' dir='ltr'>ὑμᾶς</span> <span class='ocrx_word' id='word_1_437' title='bbox 1646 5019 1780 5070; x_wconf 89' lang='grc' dir='ltr'>ἀπο-</span> 
     </span>
    </p>
   </div>
   <div class='ocr_carea' id='block_1_57' title="bbox 243 5097 1780 5173">
    <p class='ocr_par' dir='ltr' id='par_1_57' title="bbox 243 5097 1780 5173">
     <span class='ocr_line' id='line_1_57' title="bbox 243 5097 1780 5173; baseline -0.002 -16"><span class='ocrx_word' id='word_1_438' title='bbox 243 5105 498 5172; x_wconf 77' lang='grc' dir='ltr'>ῑναίωμεν.</span> <span class='ocrx_word' id='word_1_439' title='bbox 544 5105 654 5156; x_wconf 81' lang='grc' dir='ltr'>Καὶ</span> <span class='ocrx_word' id='word_1_440' title='bbox 690 5101 915 5164; x_wconf 85' lang='grc' dir='ltr'>τούτους</span> <span class='ocrx_word' id='word_1_441' title='bbox 947 5097 1054 5155; x_wconf 77' lang='grc' dir='ltr'>οἶδε</span> <span class='ocrx_word' id='word_1_442' title='bbox 1080 5103 1204 5165; x_wconf 80' lang='grc' dir='ltr'>τοὺς</span> <span class='ocrx_word' id='word_1_443' title='bbox 1235 5104 1458 5173; x_wconf 80' lang='grc' dir='ltr'>καιροὺς</span> <span class='ocrx_word' id='word_1_444' title='bbox 1495 5102 1588 5154; x_wconf 79' lang='grc' dir='ltr'>καὶ</span> <span class='ocrx_word' id='word_1_445' title='bbox 1628 5101 1780 5155; x_wconf 87' lang='grc' dir='ltr'>Σολο-</span> 
     </span>
    </p>
   </div>
   <div class='ocr_carea' id='block_1_58' title="bbox 248 5183 1779 5255">
    <p class='ocr_par' dir='ltr' id='par_1_58' title="bbox 248 5183 1779 5255">
     <span class='ocr_line' id='line_1_58' title="bbox 248 5183 1779 5255; baseline -0.001 -18"><span class='ocrx_word' id='word_1_446' title='bbox 248 5201 357 5252; x_wconf 81' lang='grc' dir='ltr'>μων,</span> <span class='ocrx_word' id='word_1_447' title='bbox 382 5187 519 5241; x_wconf 76' lang='grc' dir='ltr'>οὕτω</span> <span class='ocrx_word' id='word_1_448' title='bbox 561 5201 772 5254; x_wconf 78' lang='grc' dir='ltr'>Αεγων·</span> <span class='ocrx_word' id='word_1_449' title='bbox 806 5184 1014 5255; x_wconf 81' lang='grc' dir='ltr'>Καιρὸς</span> <span class='ocrx_word' id='word_1_450' title='bbox 1041 5184 1134 5237; x_wconf 90' lang='grc' dir='ltr'>τοῦ</span> <span class='ocrx_word' id='word_1_451' title='bbox 1179 5185 1420 5254; x_wconf 80' lang='grc' dir='ltr'>σιγῆσαι,</span> <span class='ocrx_word' id='word_1_452' title='bbox 1462 5183 1554 5236; x_wconf 80' lang='grc' dir='ltr'>καὶ</span> <span class='ocrx_word' id='word_1_453' title='bbox 1591 5184 1779 5255; x_wconf 83' lang='grc' dir='ltr'>καιρὸς</span> 
     </span>
    </p>
   </div>
   <div class='ocr_carea' id='block_1_59' title="bbox 246 5263 1775 5339">
    <p class='ocr_par' dir='ltr' id='par_1_59' title="bbox 246 5263 1775 5339">
     <span class='ocr_line' id='line_1_59' title="bbox 246 5263 1775 5339; baseline -0.001 -19"><span class='ocrx_word' id='word_1_454' title='bbox 246 5267 317 5320; x_wconf 76' lang='grc' dir='ltr'>τοῦ</span> <span class='ocrx_word' id='word_1_455' title='bbox 349 5269 588 5339; x_wconf 82' lang='grc' dir='ltr'>λαλῆσαι.</span> <span class='ocrx_word' id='word_1_456' title='bbox 621 5267 867 5321; x_wconf 87' lang='grc' dir='ltr'>Γενέσθω</span> <span class='ocrx_word' id='word_1_457' title='bbox 893 5263 986 5320; x_wconf 79' lang='grc' dir='ltr'>οὖν</span> <span class='ocrx_word' id='word_1_458' title='bbox 1025 5267 1154 5338; x_wconf 87' lang='grc' dir='ltr'>ἡμῖν</span> <span class='ocrx_word' id='word_1_459' title='bbox 1190 5267 1380 5337; x_wconf 89' lang='grc' dir='ltr'>καιρὸς</span> <span class='ocrx_word' id='word_1_460' title='bbox 1404 5266 1497 5319; x_wconf 88' lang='grc' dir='ltr'>τοῦ</span> <span class='ocrx_word' id='word_1_461' title='bbox 1537 5267 1775 5336; x_wconf 83' lang='grc' dir='ltr'>σιγῆσαι,</span> 
     </span>
    </p>
   </div>
   <div class='ocr_carea' id='block_1_60' title="bbox 247 5350 1778 5426">
    <p class='ocr_par' dir='ltr' id='par_1_60' title="bbox 247 5350 1778 5426">
     <span class='ocr_line' id='line_1_60' title="bbox 247 5350 1778 5426; baseline 0 -22"><span class='ocrx_word' id='word_1_462' title='bbox 247 5351 316 5407; x_wconf 74' lang='grc' dir='ltr'>ἵνα</span> <span class='ocrx_word' id='word_1_463' title='bbox 351 5356 561 5426; x_wconf 81' lang='grc' dir='ltr'>γένηται</span> <span class='ocrx_word' id='word_1_464' title='bbox 592 5354 786 5425; x_wconf 86' lang='grc' dir='ltr'>καιρὸς</span> <span class='ocrx_word' id='word_1_465' title='bbox 827 5351 905 5422; x_wconf 79' lang='grc' dir='ltr'>τῷ</span> <span class='ocrx_word' id='word_1_466' title='bbox 943 5350 1242 5421; x_wconf 85' lang='grc' dir='ltr'>διδασκάλῳ</span> <span class='ocrx_word' id='word_1_467' title='bbox 1283 5352 1377 5403; x_wconf 90' lang='grc' dir='ltr'>τοῦ</span> <span class='ocrx_word' id='word_1_468' title='bbox 1423 5351 1666 5422; x_wconf 87' lang='grc' dir='ltr'>λαλῆσαι.</span> <span class='ocrx_word' id='word_1_469' title='bbox 1697 5351 1778 5404; x_wconf 73' lang='grc' dir='ltr'>Τὰ</span> 
     </span>
    </p>
   </div>
   <div class='ocr_carea' id='block_1_61' title="bbox 250 5434 1780 5508">
    <p class='ocr_par' dir='ltr' id='par_1_61' title="bbox 250 5434 1780 5508">
     <span class='ocr_line' id='line_1_61' title="bbox 250 5434 1780 5508; baseline 0.001 -22"><span class='ocrx_word' id='word_1_470' title='bbox 250 5438 326 5504; x_wconf 77' lang='grc' dir='ltr'>μὲν</span> <span class='ocrx_word' id='word_1_471' title='bbox 349 5437 443 5508; x_wconf 82' lang='grc' dir='ltr'>γὰρ</span> <span class='ocrx_word' id='word_1_472' title='bbox 478 5439 721 5508; x_wconf 79' lang='grc' dir='ltr'>ἡμέτερα</span> <span class='ocrx_word' id='word_1_473' title='bbox 767 5435 945 5489; x_wconf 74' lang='grc' dir='ltr'>ἔοικεν</span> <span class='ocrx_word' id='word_1_474' title='bbox 983 5434 1109 5504; x_wconf 76' lang='grc' dir='ltr'>οἴνῳ</span> <span class='ocrx_word' id='word_1_475' title='bbox 1141 5435 1464 5506; x_wconf 83' lang='grc' dir='ltr'>προσφάτως</span> <span class='ocrx_word' id='word_1_476' title='bbox 1510 5435 1616 5487; x_wconf 85' lang='grc' dir='ltr'>τῶν</span> <span class='ocrx_word' id='word_1_477' title='bbox 1646 5435 1780 5487; x_wconf 86' lang='grc' dir='ltr'>ὑπο-</span> 
     </span>
    </p>
   </div>
   <div class='ocr_carea' id='block_1_62' title="bbox 267 5623 1778 5694">
    <p class='ocr_par' dir='ltr' id='par_1_62' title="bbox 267 5623 1778 5694">
     <span class='ocr_line' id='line_1_62' title="bbox 267 5623 1778 5694; baseline -0.002 -16"><span class='ocrx_word' id='word_1_478' title='bbox 267 5687 276 5694; x_wconf 40' lang='grc'>,</span> <span class='ocrx_word' id='word_1_479' title='bbox 297 5629 320 5659; x_wconf 74' lang='grc'><strong>³</strong></span> <span class='ocrx_word' id='word_1_480' title='bbox 336 5629 539 5681; x_wconf 79' lang='lat' dir='ltr'>Erasmus</span> <span class='ocrx_word' id='word_1_481' title='bbox 557 5633 742 5692; x_wconf 80' lang='lat' dir='ltr'>legisse</span> <span class='ocrx_word' id='word_1_482' title='bbox 763 5627 966 5694; x_wconf 38' lang='lat' dir='ltr'>vide-tur</span> <span class='ocrx_word' id='word_1_483' title='bbox 985 5626 1134 5684; x_wconf 86' lang='grc' dir='ltr'>νείκη,</span> <span class='ocrx_word' id='word_1_484' title='bbox 1155 5627 1227 5694; x_wconf 56' lang='grc' dir='ltr'>εἰς</span> <span class='ocrx_word' id='word_1_485' title='bbox 1235 5627 1397 5694; x_wconf 33' lang='grc' dir='ltr'>υλὶἀεω</span> <span class='ocrx_word' id='word_1_486' title='bbox 1422 5637 1479 5671; x_wconf 78' lang='lat' dir='ltr'><strong>ve</strong></span> <span class='ocrx_word' id='word_1_487' title='bbox 1487 5623 1569 5694; x_wconf 49' lang='lat' dir='ltr'>{lit</span> <span class='ocrx_word' id='word_1_488' title='bbox 1587 5633 1778 5694; x_wconf 55' lang='lat' dir='ltr'>qonlen;</span> 
     </span>
    </p>
   </div>
   <div class='ocr_carea' id='block_1_63' title="bbox 249 5687 1777 5756">
    <p class='ocr_par' dir='ltr' id='par_1_63' title="bbox 249 5687 1777 5756">
     <span class='ocr_line' id='line_1_63' title="bbox 249 5687 1777 5756; baseline -0.005 -14"><span class='ocrx_word' id='word_1_489' title='bbox 249 5687 386 5756; x_wconf 57' lang='grc' dir='ltr'>Ιέαιξδε</span> <span class='ocrx_word' id='word_1_490' title='bbox 405 5694 556 5756; x_wconf 67' lang='lat' dir='ltr'>Paulo,</span> <span class='ocrx_word' id='word_1_491' title='bbox 575 5687 688 5756; x_wconf 74' lang='grc' dir='ltr'>ρῦςι</span> <span class='ocrx_word' id='word_1_492' title='bbox 728 5687 956 5753; x_wconf 63' lang='grc' dir='ltr'>αῠίιιιὶιιθ</span> <span class='ocrx_word' id='word_1_493' title='bbox 989 5701 1109 5740; x_wconf 81' lang='lat' dir='ltr'>mss.</span> <span class='ocrx_word' id='word_1_494' title='bbox 1152 5687 1410 5742; x_wconf 81' lang='grc' dir='ltr'>ἀποδείξεις</span> <span class='ocrx_word' id='word_1_495' title='bbox 1441 5689 1611 5735; x_wconf 82' lang='grc' dir='ltr'>πολλαὶ</span> <span class='ocrx_word' id='word_1_496' title='bbox 1651 5688 1777 5751; x_wconf 83' lang='grc' dir='ltr'>περί,</span> 
     </span>
    </p>
   </div>
   <div class='ocr_carea' id='block_1_64' title="bbox 245 5752 746 5817">
    <p class='ocr_par' dir='ltr' id='par_1_64' title="bbox 245 5752 746 5817">
     <span class='ocr_line' id='line_1_64' title="bbox 245 5752 746 5817; baseline 0.006 -20"><span class='ocrx_word' id='word_1_497' title='bbox 245 5752 360 5817; x_wconf 43' lang='grc' dir='ltr'>ιιι-εἰμι</span> <span class='ocrx_word' id='word_1_498' title='bbox 376 5753 486 5817; x_wconf 71' lang='lat' dir='ltr'><strong>legit</strong></span> <span class='ocrx_word' id='word_1_499' title='bbox 504 5752 746 5806; x_wconf 69' lang='lat' dir='ltr'>Erismus.</span> 
     </span>
    </p>
   </div>
   <div class='ocr_carea' id='block_1_65' title="bbox 294 5809 1780 5873">
    <p class='ocr_par' dir='ltr' id='par_1_65' title="bbox 294 5809 1780 5873">
     <span class='ocr_line' id='line_1_65' title="bbox 294 5809 1780 5873; baseline -0.003 -12"><span class='ocrx_word' id='word_1_500' title='bbox 294 5809 493 5865; x_wconf 66' lang='grc' dir='ltr'>δίιωιῖρε</span> <span class='ocrx_word' id='word_1_501' title='bbox 513 5818 614 5866; x_wconf 81' lang='lat' dir='ltr'>fere</span> <span class='ocrx_word' id='word_1_502' title='bbox 638 5829 753 5865; x_wconf 77' lang='lat' dir='ltr'>mss.</span> <span class='ocrx_word' id='word_1_503' title='bbox 783 5814 867 5862; x_wconf 80' lang='grc' dir='ltr'>καὶ</span> <span class='ocrx_word' id='word_1_504' title='bbox 889 5810 1032 5866; x_wconf 74' lang='grc' dir='ltr'>αὐτὸς</span> <span class='ocrx_word' id='word_1_505' title='bbox 1066 5813 1093 5859; x_wconf 84' lang='grc' dir='ltr'><strong>ὁ</strong></span> <span class='ocrx_word' id='word_1_506' title='bbox 1133 5809 1334 5873; x_wconf 84' lang='grc' dir='ltr'>Χριστὸς</span> <span class='ocrx_word' id='word_1_507' title='bbox 1374 5809 1612 5873; x_wconf 73' lang='grc' dir='ltr'>προεῖπενξ</span> <span class='ocrx_word' id='word_1_508' title='bbox 1639 5817 1690 5857; x_wconf 85' lang='lat' dir='ltr'>el</span> <span class='ocrx_word' id='word_1_509' title='bbox 1710 5812 1780 5873; x_wconf 68' lang='lat' dir='ltr'>sic</span> 
     </span>
    </p>
   </div>
   <div class='ocr_carea' id='block_1_66' title="bbox 245 5871 1780 5981">
    <p class='ocr_par' dir='ltr' id='par_1_66' title="bbox 245 5871 1780 5981">
     <span class='ocr_line' id='line_1_66' title="bbox 245 5871 1780 5981; baseline -0.012 -46"><span class='ocrx_word' id='word_1_510' title='bbox 245 5871 343 5981; x_wconf 56' lang='lat' dir='ltr'>{egit</span> <span class='ocrx_word' id='word_1_511' title='bbox 361 5877 583 5948; x_wconf 61' lang='lat' dir='ltr'>Erasngus.</span> <span class='ocrx_word' id='word_1_512' title='bbox 624 5879 678 5928; x_wconf 83' lang='lat' dir='ltr'>In</span> <span class='ocrx_word' id='word_1_513' title='bbox 699 5877 853 5927; x_wconf 72' lang='lat' dir='ltr'>editis</span> <span class='ocrx_word' id='word_1_514' title='bbox 870 5874 1032 5930; x_wconf 79' lang='grc' dir='ltr'>αὐτοῖς</span> <span class='ocrx_word' id='word_1_515' title='bbox 1047 5871 1193 5924; x_wconf 76' lang='grc' dir='ltr'>όοοει</span> <span class='ocrx_word' id='word_1_516' title='bbox 1220 5877 1330 5935; x_wconf 79' lang='lat' dir='ltr'>post</span> <span class='ocrx_word' id='word_1_517' title='bbox 1352 5871 1505 5932; x_wconf 74' lang='grc' dir='ltr'>αὐτὸς,</span> <span class='ocrx_word' id='word_1_518' title='bbox 1540 5873 1627 5920; x_wconf 80' lang='lat' dir='ltr'>scd</span> <span class='ocrx_word' id='word_1_519' title='bbox 1657 5871 1780 5933; x_wconf 71' lang='lat' dir='ltr'>logi-</span> 
     </span>
     <span class='ocr_line' id='line_1_67' title="bbox 260 5948 581 5981; baseline 0 0"><span class='ocrx_word' id='word_1_520' title='bbox 260 5949 304 5981; x_wconf 81' lang='lat' dir='ltr'><strong>llf</strong></span> <span class='ocrx_word' id='word_1_521' title='bbox 325 5948 415 5981; x_wconf 71' lang='lat' dir='ltr'>nml</span> <span class='ocrx_word' id='word_1_522' title='bbox 433 5957 581 5981; x_wconf 71' lang='grc' dir='ltr'>τουτο-</span> 
     </span>
    </p>
   </div>
   <div class='ocr_carea' id='block_1_67' title="bbox 260 5949 581 5986">
    <p class='ocr_par' dir='ltr' id='par_1_67' title="bbox 260 5949 581 5986">
     <span class='ocr_line' id='line_1_68' title="bbox 260 5949 581 5986; baseline 0 0"><span class='ocrx_word' id='word_1_523' title='bbox 260 5949 304 5981; x_wconf 70' lang='lat' dir='ltr'>llr</span> <span class='ocrx_word' id='word_1_524' title='bbox 325 5949 415 5986; x_wconf 71' lang='lat' dir='ltr'>D&#39;M</span> <span class='ocrx_word' id='word_1_525' title='bbox 433 5957 581 5986; x_wconf 84' lang='grc' dir='ltr'>τουτο.</span> 
     </span>
    </p>
   </div>
   <div class='ocr_carea' id='block_1_68' title="bbox 287 5948 987 6066">
    <p class='ocr_par' dir='ltr' id='par_1_68' title="bbox 287 5948 987 6066">
     <span class='ocr_line' id='line_1_69' title="bbox 289 5948 581 5998; baseline -0.003 -11"><span class='ocrx_word' id='word_1_526' title='bbox 289 5949 304 5977; x_wconf 77' lang='grc' dir='ltr'>ι’</span> <span class='ocrx_word' id='word_1_527' title='bbox 325 5948 415 5998; x_wconf 53' lang='grc' dir='ltr'>ροκι</span> <span class='ocrx_word' id='word_1_528' title='bbox 433 5957 581 5989; x_wconf 84' lang='grc' dir='ltr'>τουτο.</span> 
     </span>
     <span class='ocr_line' id='line_1_70' title="bbox 287 5999 987 6066; baseline -0.004 -16"><span class='ocrx_word' id='word_1_529' title='bbox 287 5999 307 6029; x_wconf 62' lang='grc' dir='ltr'><strong>ε</strong></span> <span class='ocrx_word' id='word_1_530' title='bbox 325 5999 439 6053; x_wconf 60' lang='lat' dir='ltr'>Unus</span> <span class='ocrx_word' id='word_1_531' title='bbox 455 6003 666 6066; x_wconf 74' lang='grc' dir='ltr'>ἀλλήλοις</span> <span class='ocrx_word' id='word_1_532' title='bbox 688 6000 987 6066; x_wconf 68' lang='grc' dir='ltr'>συγχεῖσθαι.</span> 
     </span>
    </p>
   </div>
   <div class='ocr_carea' id='block_1_69' title="bbox 3368 417 3472 472">
    <p class='ocr_par' dir='ltr' id='par_1_69' title="bbox 3368 417 3472 472">
     <span class='ocr_line' id='line_1_71' title="bbox 3368 417 3472 472; baseline 0.01 -1"><span class='ocrx_word' id='word_1_533' title='bbox 3368 417 3472 472; x_wconf 63' lang='grc' dir='ltr'>ηε</span> 
     </span>
    </p>
   </div>
   <div class='ocr_carea' id='block_1_70' title="bbox 1906 524 3473 602">
    <p class='ocr_par' dir='ltr' id='par_1_70' title="bbox 1906 524 3473 602">
     <span class='ocr_line' id='line_1_72' title="bbox 1906 524 3473 602; baseline 0.005 -26"><span class='ocrx_word' id='word_1_534' title='bbox 1906 524 2102 595; x_wconf 88' lang='grc' dir='ltr'>ληνίων</span> <span class='ocrx_word' id='word_1_535' title='bbox 2142 527 2536 599; x_wconf 79' lang='grc' dir='ltr'>ἐξαντληθέντι,</span> <span class='ocrx_word' id='word_1_536' title='bbox 2575 528 2645 582; x_wconf 81' lang='grc' dir='ltr'>τά</span> <span class='ocrx_word' id='word_1_537' title='bbox 2671 527 2729 582; x_wconf 74' lang='grc' dir='ltr'>δέ</span> <span class='ocrx_word' id='word_1_538' title='bbox 2752 529 2942 583; x_wconf 90' lang='grc' dir='ltr'>τούτου</span> <span class='ocrx_word' id='word_1_539' title='bbox 2986 529 3304 602; x_wconf 71' lang='grc' dir='ltr'>προσέοικεν</span> <span class='ocrx_word' id='word_1_540' title='bbox 3347 533 3473 602; x_wconf 77' lang='grc' dir='ltr'>οενῳ</span> 
     </span>
    </p>
   </div>
   <div class='ocr_carea' id='block_1_71' title="bbox 1907 609 3470 685">
    <p class='ocr_par' dir='ltr' id='par_1_71' title="bbox 1907 609 3470 685">
     <span class='ocr_line' id='line_1_73' title="bbox 1907 609 3470 685; baseline 0.005 -26"><span class='ocrx_word' id='word_1_541' title='bbox 1907 609 2340 681; x_wconf 83' lang='grc' dir='ltr'>πεπαλαιωμένῳ</span> <span class='ocrx_word' id='word_1_542' title='bbox 2388 611 2482 665; x_wconf 79' lang='grc' dir='ltr'>καὶ</span> <span class='ocrx_word' id='word_1_543' title='bbox 2533 613 2886 683; x_wconf 88' lang='grc' dir='ltr'>γεγηρακότι,</span> <span class='ocrx_word' id='word_1_544' title='bbox 2937 613 3136 684; x_wconf 78' lang='grc' dir='ltr'>πολλὴν</span> <span class='ocrx_word' id='word_1_545' title='bbox 3179 615 3470 685; x_wconf 82' lang='grc' dir='ltr'>παρέχοντι</span> 
     </span>
    </p>
   </div>
   <div class='ocr_carea' id='block_1_72' title="bbox 1843 693 3471 766">
    <p class='ocr_par' dir='ltr' id='par_1_72' title="bbox 1843 693 3471 766">
     <span class='ocr_line' id='line_1_74' title="bbox 1843 693 3471 766; baseline 0.002 -21"><span class='ocrx_word' id='word_1_546' title='bbox 1843 697 1848 700; x_wconf 81' lang='grc'><em>’</em></span> <span class='ocrx_word' id='word_1_547' title='bbox 1887 693 2002 755; x_wconf 52' lang='grc' dir='ltr'>,καὶ</span> <span class='ocrx_word' id='word_1_548' title='bbox 2028 693 2125 763; x_wconf 81' lang='grc' dir='ltr'>τὴν</span> <span class='ocrx_word' id='word_1_549' title='bbox 2155 693 2420 763; x_wconf 85' lang='grc' dir='ltr'>ὠφέλειαν</span> <span class='ocrx_word' id='word_1_550' title='bbox 2457 695 2549 747; x_wconf 82' lang='grc' dir='ltr'>καὶ</span> <span class='ocrx_word' id='word_1_551' title='bbox 2577 694 2674 765; x_wconf 78' lang='grc' dir='ltr'>τὴν</span> <span class='ocrx_word' id='word_1_552' title='bbox 2705 696 2857 765; x_wconf 78' lang='grc' dir='ltr'>ἰσχὺν</span> <span class='ocrx_word' id='word_1_553' title='bbox 2889 699 3001 760; x_wconf 92' lang='grc' dir='ltr'>τοῖς</span> <span class='ocrx_word' id='word_1_554' title='bbox 3034 696 3336 766; x_wconf 82' lang='grc' dir='ltr'>δεομένοις·</span> <span class='ocrx_word' id='word_1_555' title='bbox 3377 698 3471 750; x_wconf 74' lang='grc' dir='ltr'>καὶ</span> 
     </span>
    </p>
   </div>
   <div class='ocr_carea' id='block_1_73' title="bbox 1902 776 3471 851">
    <p class='ocr_par' dir='ltr' id='par_1_73' title="bbox 1902 776 3471 851">
     <span class='ocr_line' id='line_1_75' title="bbox 1902 776 3471 851; baseline 0.004 -23"><span class='ocrx_word' id='word_1_556' title='bbox 1902 777 1964 828; x_wconf 85' lang='grc' dir='ltr'>τὸ</span> <span class='ocrx_word' id='word_1_557' title='bbox 1991 777 2085 830; x_wconf 90' lang='grc' dir='ltr'>τοῦ</span> <span class='ocrx_word' id='word_1_558' title='bbox 2108 776 2440 846; x_wconf 83' lang='grc' dir='ltr'>Εὐαγγελίου</span> <span class='ocrx_word' id='word_1_559' title='bbox 2465 780 2638 831; x_wconf 89' lang='grc' dir='ltr'>ἐκεῖνο</span> <span class='ocrx_word' id='word_1_560' title='bbox 2673 779 2862 847; x_wconf 89' lang='grc' dir='ltr'>γέγονε</span> <span class='ocrx_word' id='word_1_561' title='bbox 2897 781 3134 850; x_wconf 84' lang='grc' dir='ltr'>σήμερον</span> <span class='ocrx_word' id='word_1_562' title='bbox 3153 797 3167 812; x_wconf 91' lang='grc'>·</span> <span class='ocrx_word' id='word_1_563' title='bbox 3199 780 3336 851; x_wconf 83' lang='grc' dir='ltr'>μετὰ</span> <span class='ocrx_word' id='word_1_564' title='bbox 3379 782 3471 834; x_wconf 87' lang='grc' dir='ltr'>τὸν</span> 
     </span>
    </p>
   </div>
   <div class='ocr_carea' id='block_1_74' title="bbox 1903 856 3472 932">
    <p class='ocr_par' dir='ltr' id='par_1_74' title="bbox 1903 856 3472 932">
     <span class='ocr_line' id='line_1_76' title="bbox 1903 856 3472 932; baseline 0.003 -20"><span class='ocrx_word' id='word_1_565' title='bbox 1903 859 2160 913; x_wconf 85' lang='grc' dir='ltr'>ἐλάττονα</span> <span class='ocrx_word' id='word_1_566' title='bbox 2195 860 2303 932; x_wconf 84' lang='grc' dir='ltr'>γὰρ</span> <span class='ocrx_word' id='word_1_567' title='bbox 2328 856 2467 914; x_wconf 82' lang='grc' dir='ltr'>οῐνον</span> <span class='ocrx_word' id='word_1_568' title='bbox 2489 863 2517 915; x_wconf 86' lang='grc' dir='ltr'>ὁ</span> <span class='ocrx_word' id='word_1_569' title='bbox 2543 862 2764 929; x_wconf 79' lang='grc' dir='ltr'>βελτίων</span> <span class='ocrx_word' id='word_1_570' title='bbox 2790 861 3178 932; x_wconf 75' lang='grc' dir='ltr'>είσκομίζεται.</span> <span class='ocrx_word' id='word_1_571' title='bbox 3211 863 3314 916; x_wconf 74' lang='grc' dir='ltr'>Καὶ</span> <span class='ocrx_word' id='word_1_572' title='bbox 3342 862 3472 916; x_wconf 88' lang='grc' dir='ltr'>καθ-</span> 
     </span>
    </p>
   </div>
   <div class='ocr_carea' id='block_1_75' title="bbox 1901 944 3472 1016">
    <p class='ocr_par' dir='ltr' id='par_1_75' title="bbox 1901 944 3472 1016">
     <span class='ocr_line' id='line_1_77' title="bbox 1901 944 3472 1016; baseline 0.001 -18"><span class='ocrx_word' id='word_1_573' title='bbox 1901 945 2047 1015; x_wconf 83' lang='grc' dir='ltr'>άπερ</span> <span class='ocrx_word' id='word_1_574' title='bbox 2088 945 2294 998; x_wconf 85' lang='grc' dir='ltr'>ἐκεῖνον</span> <span class='ocrx_word' id='word_1_575' title='bbox 2347 945 2445 998; x_wconf 81' lang='grc' dir='ltr'>οὐκ</span> <span class='ocrx_word' id='word_1_576' title='bbox 2473 944 2711 1015; x_wconf 76' lang='grc' dir='ltr'>ἄμπελος</span> <span class='ocrx_word' id='word_1_577' title='bbox 2747 944 2898 998; x_wconf 71' lang='grc' dir='ltr'>ἔτεκε</span> <span class='ocrx_word' id='word_1_578' title='bbox 2927 946 3069 1009; x_wconf 86' lang='grc' dir='ltr'>τότε,</span> <span class='ocrx_word' id='word_1_579' title='bbox 3104 946 3217 998; x_wconf 77' lang='grc' dir='ltr'>ἀλλ’</span> <span class='ocrx_word' id='word_1_580' title='bbox 3253 948 3286 1016; x_wconf 80' lang='grc' dir='ltr'>ἡ</span> <span class='ocrx_word' id='word_1_581' title='bbox 3316 946 3472 999; x_wconf 89' lang='grc' dir='ltr'>δύνα-</span> 
     </span>
    </p>
   </div>
   <div class='ocr_carea' id='block_1_76' title="bbox 1905 1027 3472 1100">
    <p class='ocr_par' dir='ltr' id='par_1_76' title="bbox 1905 1027 3472 1100">
     <span class='ocr_line' id='line_1_78' title="bbox 1905 1027 3472 1100; baseline 0.002 -21"><span class='ocrx_word' id='word_1_582' title='bbox 1905 1046 1996 1099; x_wconf 85' lang='grc' dir='ltr'>μις</span> <span class='ocrx_word' id='word_1_583' title='bbox 2016 1029 2239 1099; x_wconf 85' lang='grc' dir='ltr'>ἐποίησε</span> <span class='ocrx_word' id='word_1_584' title='bbox 2265 1028 2360 1082; x_wconf 90' lang='grc' dir='ltr'>τοῦ</span> <span class='ocrx_word' id='word_1_585' title='bbox 2388 1027 2646 1100; x_wconf 84' lang='grc' dir='ltr'>Χριστοῦ,</span> <span class='ocrx_word' id='word_1_586' title='bbox 2673 1027 2816 1082; x_wconf 85' lang='grc' dir='ltr'>οῦτω</span> <span class='ocrx_word' id='word_1_587' title='bbox 2855 1029 2948 1082; x_wconf 72' lang='grc' dir='ltr'>καὶ</span> <span class='ocrx_word' id='word_1_588' title='bbox 2977 1028 3166 1082; x_wconf 83' lang='grc' dir='ltr'>τούτου</span> <span class='ocrx_word' id='word_1_589' title='bbox 3195 1029 3284 1082; x_wconf 78' lang='grc' dir='ltr'>τὸν</span> <span class='ocrx_word' id='word_1_590' title='bbox 3315 1029 3472 1098; x_wconf 87' lang='grc' dir='ltr'>λόγον</span> 
     </span>
    </p>
   </div>
   <div class='ocr_carea' id='block_1_77' title="bbox 1900 1111 3471 1184">
    <p class='ocr_par' dir='ltr' id='par_1_77' title="bbox 1900 1111 3471 1184">
     <span class='ocr_line' id='line_1_79' title="bbox 1900 1111 3471 1184; baseline 0.001 -19"><span class='ocrx_word' id='word_1_591' title='bbox 1900 1113 2000 1165; x_wconf 79' lang='grc' dir='ltr'>οὐκ</span> <span class='ocrx_word' id='word_1_592' title='bbox 2040 1112 2351 1182; x_wconf 83' lang='grc' dir='ltr'>ἀνθρωπίνη</span> <span class='ocrx_word' id='word_1_593' title='bbox 2388 1113 2607 1184; x_wconf 78' lang='grc' dir='ltr'>προχέει</span> <span class='ocrx_word' id='word_1_594' title='bbox 2637 1111 2863 1172; x_wconf 84' lang='grc' dir='ltr'>διάνοια,</span> <span class='ocrx_word' id='word_1_595' title='bbox 2892 1112 3006 1165; x_wconf 79' lang='grc' dir='ltr'>ἀλλ’</span> <span class='ocrx_word' id='word_1_596' title='bbox 3036 1114 3069 1181; x_wconf 91' lang='grc' dir='ltr'>ἡ</span> <span class='ocrx_word' id='word_1_597' title='bbox 3101 1111 3196 1164; x_wconf 91' lang='grc' dir='ltr'>τοῦ</span> <span class='ocrx_word' id='word_1_598' title='bbox 3220 1113 3471 1183; x_wconf 81' lang='grc' dir='ltr'>Πνεῦμα-</span> 
     </span>
    </p>
   </div>
   <div class='ocr_carea' id='block_1_78' title="bbox 1898 1193 3469 1266">
    <p class='ocr_par' dir='ltr' id='par_1_78' title="bbox 1898 1193 3469 1266">
     <span class='ocr_line' id='line_1_80' title="bbox 1898 1193 3469 1266; baseline -0.001 -18"><span class='ocrx_word' id='word_1_599' title='bbox 1898 1211 1991 1258; x_wconf 90' lang='grc' dir='ltr'>τος</span> <span class='ocrx_word' id='word_1_600' title='bbox 2020 1195 2197 1266; x_wconf 84' lang='grc' dir='ltr'>χάρις.</span> <span class='ocrx_word' id='word_1_601' title='bbox 2238 1195 2390 1249; x_wconf 75' lang='grc' dir='ltr'>Ἐπεὶ</span> <span class='ocrx_word' id='word_1_602' title='bbox 2421 1193 2514 1249; x_wconf 82' lang='grc' dir='ltr'>οὖν</span> <span class='ocrx_word' id='word_1_603' title='bbox 2552 1196 2747 1265; x_wconf 76' lang='grc' dir='ltr'>δαψιλῆ</span> <span class='ocrx_word' id='word_1_604' title='bbox 2788 1197 2878 1248; x_wconf 74' lang='grc' dir='ltr'>καὶ</span> <span class='ocrx_word' id='word_1_605' title='bbox 2910 1194 3252 1264; x_wconf 86' lang='grc' dir='ltr'>πνευματικά</span> <span class='ocrx_word' id='word_1_606' title='bbox 3277 1194 3346 1247; x_wconf 85' lang='grc' dir='ltr'>τά</span> <span class='ocrx_word' id='word_1_607' title='bbox 3373 1195 3469 1247; x_wconf 89' lang='grc' dir='ltr'>νά-</span> 
     </span>
    </p>
   </div>
   <div class='ocr_carea' id='block_1_79' title="bbox 1903 1277 3470 1351">
    <p class='ocr_par' dir='ltr' id='par_1_79' title="bbox 1903 1277 3470 1351">
     <span class='ocr_line' id='line_1_81' title="bbox 1903 1277 3470 1351; baseline -0.002 -20"><span class='ocrx_word' id='word_1_608' title='bbox 1903 1295 2064 1349; x_wconf 88' lang='grc' dir='ltr'>ματα,</span> <span class='ocrx_word' id='word_1_609' title='bbox 2118 1278 2256 1349; x_wconf 82' lang='grc' dir='ltr'>μετά</span> <span class='ocrx_word' id='word_1_610' title='bbox 2301 1279 2536 1351; x_wconf 77' lang='grc' dir='ltr'>σπουδῆς</span> <span class='ocrx_word' id='word_1_611' title='bbox 2572 1277 2972 1349; x_wconf 78' lang='grc' dir='ltr'>ὐποδεξώμεθα,</span> <span class='ocrx_word' id='word_1_612' title='bbox 3019 1278 3134 1348; x_wconf 87' lang='grc' dir='ltr'>μετ’</span> <span class='ocrx_word' id='word_1_613' title='bbox 3173 1277 3470 1346; x_wconf 84' lang='grc' dir='ltr'>ἀσφαλείας</span> 
     </span>
    </p>
   </div>
   <div class='ocr_carea' id='block_1_80' title="bbox 1897 1359 3468 1432">
    <p class='ocr_par' dir='ltr' id='par_1_80' title="bbox 1897 1359 3468 1432">
     <span class='ocr_line' id='line_1_82' title="bbox 1897 1359 3468 1432; baseline -0.001 -18"><span class='ocrx_word' id='word_1_614' title='bbox 1897 1363 2248 1432; x_wconf 80' lang='grc' dir='ltr'>τηρήσωμεν,</span> <span class='ocrx_word' id='word_1_615' title='bbox 2272 1363 2359 1415; x_wconf 84' lang='grc' dir='ltr'>ἴνα</span> <span class='ocrx_word' id='word_1_616' title='bbox 2382 1361 2593 1424; x_wconf 84' lang='grc' dir='ltr'>τούτοις</span> <span class='ocrx_word' id='word_1_617' title='bbox 2625 1362 2909 1432; x_wconf 87' lang='grc' dir='ltr'>ἀρδόμενοι</span> <span class='ocrx_word' id='word_1_618' title='bbox 2940 1359 3221 1430; x_wconf 82' lang='grc' dir='ltr'>διηνεκῶς,</span> <span class='ocrx_word' id='word_1_619' title='bbox 3258 1359 3468 1430; x_wconf 84' lang='grc' dir='ltr'>ὦριμον</span> 
     </span>
    </p>
   </div>
   <div class='ocr_carea' id='block_1_81' title="bbox 1899 1436 3469 1517">
    <p class='ocr_par' dir='ltr' id='par_1_81' title="bbox 1899 1436 3469 1517">
     <span class='ocr_line' id='line_1_83' title="bbox 1899 1436 3469 1517; baseline -0.002 -19"><span class='ocrx_word' id='word_1_620' title='bbox 1899 1446 2152 1517; x_wconf 80' lang='grc' dir='ltr'>φέρωμεν</span> <span class='ocrx_word' id='word_1_621' title='bbox 2179 1445 2271 1498; x_wconf 84' lang='grc' dir='ltr'>τὸν</span> <span class='ocrx_word' id='word_1_622' title='bbox 2303 1444 2512 1515; x_wconf 81' lang='grc' dir='ltr'>καρπὸν</span> <span class='ocrx_word' id='word_1_623' title='bbox 2543 1443 2622 1514; x_wconf 84' lang='grc' dir='ltr'>τῷ</span> <span class='ocrx_word' id='word_1_624' title='bbox 2657 1443 2826 1497; x_wconf 88' lang='grc' dir='ltr'>ταῦτα</span> <span class='ocrx_word' id='word_1_625' title='bbox 2859 1443 3207 1514; x_wconf 82' lang='grc' dir='ltr'>χαρισαμένῳ</span> <span class='ocrx_word' id='word_1_626' title='bbox 3241 1442 3392 1512; x_wconf 82' lang='grc' dir='ltr'>Θεῷ·</span> <span class='ocrx_word' id='word_1_627' title='bbox 3422 1436 3469 1508; x_wconf 84' lang='grc' dir='ltr'>ᾧ</span> 
     </span>
    </p>
   </div>
   <div class='ocr_carea' id='block_1_82' title="bbox 1898 1525 3468 1599">
    <p class='ocr_par' dir='ltr' id='par_1_82' title="bbox 1898 1525 3468 1599">
     <span class='ocr_line' id='line_1_84' title="bbox 1898 1525 3468 1599; baseline -0.001 -19"><span class='ocrx_word' id='word_1_628' title='bbox 1898 1529 2096 1599; x_wconf 83' lang='grc' dir='ltr'>πρέπει</span> <span class='ocrx_word' id='word_1_629' title='bbox 2123 1529 2272 1582; x_wconf 77' lang='grc' dir='ltr'>πᾶσα</span> <span class='ocrx_word' id='word_1_630' title='bbox 2295 1527 2422 1595; x_wconf 82' lang='grc' dir='ltr'>δόξα</span> <span class='ocrx_word' id='word_1_631' title='bbox 2461 1529 2555 1582; x_wconf 74' lang='grc' dir='ltr'>καὶ</span> <span class='ocrx_word' id='word_1_632' title='bbox 2584 1527 2716 1599; x_wconf 87' lang='grc' dir='ltr'>τιμὴ</span> <span class='ocrx_word' id='word_1_633' title='bbox 2755 1528 2850 1582; x_wconf 82' lang='grc' dir='ltr'>σὺν</span> <span class='ocrx_word' id='word_1_634' title='bbox 2880 1527 2958 1597; x_wconf 90' lang='grc' dir='ltr'>τῷ</span> <span class='ocrx_word' id='word_1_635' title='bbox 2993 1529 3268 1598; x_wconf 88' lang='grc' dir='ltr'>μονογενεί</span> <span class='ocrx_word' id='word_1_636' title='bbox 3302 1525 3468 1579; x_wconf 85' lang='grc' dir='ltr'>αὑτοῦ</span> 
     </span>
    </p>
   </div>
   <div class='ocr_carea' id='block_1_83' title="bbox 1897 1609 3468 1681">
    <p class='ocr_par' dir='ltr' id='par_1_83' title="bbox 1897 1609 3468 1681">
     <span class='ocr_line' id='line_1_85' title="bbox 1897 1609 3468 1681; baseline -0.003 -17"><span class='ocrx_word' id='word_1_637' title='bbox 1897 1610 2014 1681; x_wconf 84' lang='grc' dir='ltr'>Υίῷ</span> <span class='ocrx_word' id='word_1_638' title='bbox 2041 1612 2136 1665; x_wconf 80' lang='grc' dir='ltr'>καὶ</span> <span class='ocrx_word' id='word_1_639' title='bbox 2156 1610 2234 1681; x_wconf 84' lang='grc' dir='ltr'>τῷ</span> <span class='ocrx_word' id='word_1_640' title='bbox 2267 1611 2517 1681; x_wconf 88' lang='grc' dir='ltr'>παναγίῳ</span> <span class='ocrx_word' id='word_1_641' title='bbox 2555 1610 2848 1679; x_wconf 80' lang='grc' dir='ltr'>Πνεύματι,</span> <span class='ocrx_word' id='word_1_642' title='bbox 2873 1609 2967 1664; x_wconf 86' lang='grc' dir='ltr'>νῦν</span> <span class='ocrx_word' id='word_1_643' title='bbox 2999 1611 3092 1664; x_wconf 80' lang='grc' dir='ltr'>καὶ</span> <span class='ocrx_word' id='word_1_644' title='bbox 3129 1610 3237 1676; x_wconf 76' lang='grc' dir='ltr'>ἀεὶ,</span> <span class='ocrx_word' id='word_1_645' title='bbox 3267 1610 3362 1664; x_wconf 77' lang='grc' dir='ltr'>καὶ</span> <span class='ocrx_word' id='word_1_646' title='bbox 3387 1609 3468 1672; x_wconf 89' lang='grc' dir='ltr'>είς</span> 
     </span>
    </p>
   </div>
   <div class='ocr_carea' id='block_1_84' title="bbox 1896 1695 2870 1766">
    <p class='ocr_par' dir='ltr' id='par_1_84' title="bbox 1896 1695 2870 1766">
     <span class='ocr_line' id='line_1_86' title="bbox 1896 1695 2870 1766; baseline -0.001 -18"><span class='ocrx_word' id='word_1_647' title='bbox 1896 1695 2022 1759; x_wconf 83' lang='grc' dir='ltr'>τοὺς</span> <span class='ocrx_word' id='word_1_648' title='bbox 2049 1695 2250 1760; x_wconf 74' lang='grc' dir='ltr'>αἰῶνας</span> <span class='ocrx_word' id='word_1_649' title='bbox 2281 1696 2388 1750; x_wconf 88' lang='grc' dir='ltr'>τῶν</span> <span class='ocrx_word' id='word_1_650' title='bbox 2415 1696 2645 1750; x_wconf 84' lang='grc' dir='ltr'>αἰώνων.</span> <span class='ocrx_word' id='word_1_651' title='bbox 2681 1695 2870 1766; x_wconf 83' lang='grc' dir='ltr'>Ἀμήν.</span> 
     </span>
    </p>
   </div>
   <div class='ocr_carea' id='block_1_85' title="bbox 1895 1863 3466 1936">
    <p class='ocr_par' dir='ltr' id='par_1_85' title="bbox 1895 1863 3466 1936">
     <span class='ocr_line' id='line_1_87' title="bbox 1895 1863 3466 1936; baseline -0.001 -18"><span class='ocrx_word' id='word_1_652' title='bbox 1895 1865 2001 1931; x_wconf 84' lang='grc' dir='ltr'>Είς</span> <span class='ocrx_word' id='word_1_653' title='bbox 2031 1863 2145 1934; x_wconf 80' lang='grc' dir='ltr'>τὴν</span> <span class='ocrx_word' id='word_1_654' title='bbox 2178 1863 2415 1933; x_wconf 80' lang='grc' dir='ltr'>πρώτην</span> <span class='ocrx_word' id='word_1_655' title='bbox 2446 1864 2506 1936; x_wconf 85' lang='grc' dir='ltr'>(ί.</span> <span class='ocrx_word' id='word_1_656' title='bbox 2539 1864 2841 1936; x_wconf 79' lang='grc' dir='ltr'>δευτέραν)</span> <span class='ocrx_word' id='word_1_657' title='bbox 2882 1864 2999 1919; x_wconf 76' lang='grc' dir='ltr'>τῶν</span> <span class='ocrx_word' id='word_1_658' title='bbox 3029 1865 3466 1934; x_wconf 70' lang='grc' dir='ltr'>Παραλειπομέ-</span> 
     </span>
    </p>
   </div>
   <div class='ocr_carea' id='block_1_86' title="bbox 1969 1954 3466 2027">
    <p class='ocr_par' dir='ltr' id='par_1_86' title="bbox 1969 1954 3466 2027">
     <span class='ocr_line' id='line_1_88' title="bbox 1969 1954 3466 2027; baseline -0.001 -17"><span class='ocrx_word' id='word_1_659' title='bbox 1969 1973 2092 2010; x_wconf 80' lang='grc' dir='ltr'>νων</span> <span class='ocrx_word' id='word_1_660' title='bbox 2126 1955 2241 2024; x_wconf 80' lang='grc' dir='ltr'>τὴν</span> <span class='ocrx_word' id='word_1_661' title='bbox 2264 1957 2586 2026; x_wconf 73' lang='grc' dir='ltr'>λέγουσαν,</span> <span class='ocrx_word' id='word_1_662' title='bbox 2615 1955 2832 2026; x_wconf 77' lang='grc' dir='ltr'>’Υψώθη</span> <span class='ocrx_word' id='word_1_663' title='bbox 2864 1957 2898 2026; x_wconf 88' lang='grc' dir='ltr'>ἡ</span> <span class='ocrx_word' id='word_1_664' title='bbox 2920 1956 3112 2027; x_wconf 89' lang='grc' dir='ltr'>καρδία</span> <span class='ocrx_word' id='word_1_665' title='bbox 3142 1956 3342 2020; x_wconf 79' lang='grc' dir='ltr'>Ὀζίου·</span> <span class='ocrx_word' id='word_1_666' title='bbox 3367 1954 3466 2009; x_wconf 84' lang='grc' dir='ltr'>καὶ</span> 
     </span>
    </p>
   </div>
   <div class='ocr_carea' id='block_1_87' title="bbox 1967 2047 3467 2118">
    <p class='ocr_par' dir='ltr' id='par_1_87' title="bbox 1967 2047 3467 2118">
     <span class='ocr_line' id='line_1_89' title="bbox 1967 2047 3467 2118; baseline -0.001 -17"><span class='ocrx_word' id='word_1_667' title='bbox 1967 2047 2100 2116; x_wconf 79' lang='grc' dir='ltr'>περὶ</span> <span class='ocrx_word' id='word_1_668' title='bbox 2143 2049 2725 2118; x_wconf 73' lang='grc' dir='ltr'>ταπεινοφροσύνης·</span> <span class='ocrx_word' id='word_1_669' title='bbox 2769 2048 2868 2102; x_wconf 78' lang='grc' dir='ltr'>καὶ</span> <span class='ocrx_word' id='word_1_670' title='bbox 2907 2048 2996 2102; x_wconf 84' lang='grc' dir='ltr'>ὅτι</span> <span class='ocrx_word' id='word_1_671' title='bbox 3039 2048 3156 2117; x_wconf 74' lang='grc' dir='ltr'>χρὴ</span> <span class='ocrx_word' id='word_1_672' title='bbox 3197 2048 3284 2118; x_wconf 82' lang='grc' dir='ltr'>μὴ</span> <span class='ocrx_word' id='word_1_673' title='bbox 3329 2048 3467 2114; x_wconf 71' lang='grc' dir='ltr'>θαρ-</span> 
     </span>
    </p>
   </div>
   <div class='ocr_carea' id='block_1_88' title="bbox 1957 2139 3462 2210">
    <p class='ocr_par' dir='ltr' id='par_1_88' title="bbox 1957 2139 3462 2210">
     <span class='ocr_line' id='line_1_90' title="bbox 1957 2139 3462 2210; baseline -0.001 -15"><span class='ocrx_word' id='word_1_674' title='bbox 1957 2140 2092 2210; x_wconf 77' lang='grc' dir='ltr'>ρεῖν</span> <span class='ocrx_word' id='word_1_675' title='bbox 2139 2141 2247 2196; x_wconf 80' lang='grc' dir='ltr'>τὸν</span> <span class='ocrx_word' id='word_1_676' title='bbox 2305 2139 2616 2210; x_wconf 82' lang='grc' dir='ltr'>ἐνάρετον·</span> <span class='ocrx_word' id='word_1_677' title='bbox 2666 2140 2766 2196; x_wconf 77' lang='grc' dir='ltr'>καὶ</span> <span class='ocrx_word' id='word_1_678' title='bbox 2815 2140 2966 2196; x_wconf 79' lang='grc' dir='ltr'>ὅσον</span> <span class='ocrx_word' id='word_1_679' title='bbox 3006 2141 3196 2196; x_wconf 81' lang='grc' dir='ltr'>κακὸν</span> <span class='ocrx_word' id='word_1_680' title='bbox 3231 2140 3270 2210; x_wconf 78' lang='grc' dir='ltr'><strong>ἠ</strong></span> <span class='ocrx_word' id='word_1_681' title='bbox 3315 2139 3462 2194; x_wconf 80' lang='grc' dir='ltr'>ἀπό-</span> 
     </span>
    </p>
   </div>
   <div class='ocr_carea' id='block_1_89' title="bbox 1966 2248 2121 2288">
    <p class='ocr_par' dir='ltr' id='par_1_89' title="bbox 1966 2248 2121 2288">
     <span class='ocr_line' id='line_1_91' title="bbox 1966 2248 2121 2288; baseline -0.006 0"><span class='ocrx_word' id='word_1_682' title='bbox 1966 2248 2121 2288; x_wconf 79' lang='grc' dir='ltr'>νοιιι.</span> 
     </span>
    </p>
   </div>
   <div class='ocr_carea' id='block_1_90' title="bbox 2503 2318 2898 2376">
    <p class='ocr_par' dir='ltr' id='par_1_90' title="bbox 2503 2318 2898 2376">
     <span class='ocr_line' id='line_1_92' title="bbox 2503 2318 2898 2376; baseline 0.003 -2"><span class='ocrx_word' id='word_1_683' title='bbox 2503 2319 2742 2374; x_wconf 79' lang='lat' dir='ltr'><strong>OMIAIA</strong></span> <span class='ocrx_word' id='word_1_684' title='bbox 2780 2318 2853 2376; x_wconf 70' lang='lat' dir='ltr'>I&quot;.</span> <span class='ocrx_word' id='word_1_685' title='bbox 2893 2352 2898 2356; x_wconf 95' lang='lat'><strong><em>-</em></strong></span> 
     </span>
    </p>
   </div>
   <div class='ocr_carea' id='block_1_91' title="bbox 1962 2463 3458 2536">
    <p class='ocr_par' dir='ltr' id='par_1_91' title="bbox 1962 2463 3458 2536">
     <span class='ocr_line' id='line_1_93' title="bbox 1962 2463 3458 2536; baseline 0.002 -20"><span class='ocrx_word' id='word_1_686' title='bbox 1962 2473 2030 2518; x_wconf 80' lang='grc' dir='ltr'>α’.</span> <span class='ocrx_word' id='word_1_687' title='bbox 2054 2463 2356 2535; x_wconf 73' lang='grc' dir='ltr'>Εὐλογητὸς</span> <span class='ocrx_word' id='word_1_688' title='bbox 2381 2467 2408 2518; x_wconf 85' lang='grc' dir='ltr'>δ</span> <span class='ocrx_word' id='word_1_689' title='bbox 2422 2465 2572 2529; x_wconf 83' lang='grc' dir='ltr'>Θεὸς,</span> <span class='ocrx_word' id='word_1_690' title='bbox 2601 2467 2694 2519; x_wconf 74' lang='grc' dir='ltr'>καὶ</span> <span class='ocrx_word' id='word_1_691' title='bbox 2722 2465 2815 2519; x_wconf 73' lang='grc' dir='ltr'>ἐπὶ</span> <span class='ocrx_word' id='word_1_692' title='bbox 2833 2465 2929 2535; x_wconf 84' lang='grc' dir='ltr'>τῆς</span> <span class='ocrx_word' id='word_1_693' title='bbox 2950 2464 2978 2504; x_wconf 76' lang='grc' dir='ltr'><strong><em>ἀ</em></strong></span> <span class='ocrx_word' id='word_1_694' title='bbox 3000 2465 3193 2533; x_wconf 79' lang='grc' dir='ltr'>γενεᾶς</span> <span class='ocrx_word' id='word_1_695' title='bbox 3217 2465 3314 2536; x_wconf 86' lang='grc' dir='ltr'>τῆς</span> <span class='ocrx_word' id='word_1_696' title='bbox 3333 2464 3458 2535; x_wconf 73' lang='grc' dir='ltr'>ἡμιε-</span> 
     </span>
    </p>
   </div>
   <div class='ocr_carea' id='block_1_92' title="bbox 1891 2549 3464 2621">
    <p class='ocr_par' dir='ltr' id='par_1_92' title="bbox 1891 2549 3464 2621">
     <span class='ocr_line' id='line_1_94' title="bbox 1891 2549 3464 2621; baseline 0 -19"><span class='ocrx_word' id='word_1_697' title='bbox 1891 2549 2053 2620; x_wconf 87' lang='grc' dir='ltr'>τέρας</span> <span class='ocrx_word' id='word_1_698' title='bbox 2073 2549 2409 2618; x_wconf 84' lang='grc' dir='ltr'>ἐϐλάστησαν</span> <span class='ocrx_word' id='word_1_699' title='bbox 2435 2552 2726 2621; x_wconf 88' lang='grc' dir='ltr'>μάρτυρες,</span> <span class='ocrx_word' id='word_1_700' title='bbox 2747 2549 3055 2621; x_wconf 81' lang='grc' dir='ltr'>κατηξιώθη</span> <span class='ocrx_word' id='word_1_701' title='bbox 3064 2567 3162 2620; x_wconf 90' lang='grc' dir='ltr'>μεν</span> <span class='ocrx_word' id='word_1_702' title='bbox 3183 2550 3277 2602; x_wconf 78' lang='grc' dir='ltr'>καὶ</span> <span class='ocrx_word' id='word_1_703' title='bbox 3304 2551 3464 2620; x_wconf 80' lang='grc' dir='ltr'>ἡμεῖς</span> 
     </span>
    </p>
   </div>
   <div class='ocr_carea' id='block_1_93' title="bbox 1892 2632 3463 2705">
    <p class='ocr_par' dir='ltr' id='par_1_93' title="bbox 1892 2632 3463 2705">
     <span class='ocr_line' id='line_1_95' title="bbox 1892 2632 3463 2705; baseline -0.001 -18"><span class='ocrx_word' id='word_1_704' title='bbox 1892 2632 2206 2703; x_wconf 82' lang='grc' dir='ltr'>ἀνθρώπους</span> <span class='ocrx_word' id='word_1_705' title='bbox 2255 2634 2380 2687; x_wconf 86' lang='grc' dir='ltr'>ἰδεῖν</span> <span class='ocrx_word' id='word_1_706' title='bbox 2424 2634 2564 2704; x_wconf 81' lang='grc' dir='ltr'>ὑπὲρ</span> <span class='ocrx_word' id='word_1_707' title='bbox 2597 2634 2831 2705; x_wconf 88' lang='grc' dir='ltr'>Χριστοῦ</span> <span class='ocrx_word' id='word_1_708' title='bbox 2881 2633 3316 2703; x_wconf 81' lang='grc' dir='ltr'>σφαττομένους,</span> <span class='ocrx_word' id='word_1_709' title='bbox 3365 2633 3463 2685; x_wconf 90' lang='grc' dir='ltr'>άν-</span> 
     </span>
    </p>
   </div>
   <div class='ocr_carea' id='block_1_94' title="bbox 1893 2713 3464 2788">
    <p class='ocr_par' dir='ltr' id='par_1_94' title="bbox 1893 2713 3464 2788">
     <span class='ocr_line' id='line_1_96' title="bbox 1893 2713 3464 2788; baseline -0.001 -19"><span class='ocrx_word' id='word_1_710' title='bbox 1893 2715 2142 2786; x_wconf 91' lang='grc' dir='ltr'>θρώπους</span> <span class='ocrx_word' id='word_1_711' title='bbox 2181 2729 2204 2756; x_wconf 82' lang='grc' dir='ltr'>ο</span> <span class='ocrx_word' id='word_1_712' title='bbox 2247 2713 2385 2788; x_wconf 75' lang='grc' dir='ltr'>αἷμα</span> <span class='ocrx_word' id='word_1_713' title='bbox 2438 2718 2728 2781; x_wconf 78' lang='grc' dir='ltr'>στάξοντας</span> <span class='ocrx_word' id='word_1_714' title='bbox 2766 2717 2940 2785; x_wconf 71' lang='grc' dir='ltr'>ἅγιον,</span> <span class='ocrx_word' id='word_1_715' title='bbox 2989 2715 3086 2787; x_wconf 85' lang='grc' dir='ltr'>τὴν</span> <span class='ocrx_word' id='word_1_716' title='bbox 3143 2716 3464 2784; x_wconf 85' lang='grc' dir='ltr'>Ἐκκλησίαν</span> 
     </span>
    </p>
   </div>
   <div class='ocr_carea' id='block_1_95' title="bbox 1891 2796 3465 2873">
    <p class='ocr_par' dir='ltr' id='par_1_95' title="bbox 1891 2796 3465 2873">
     <span class='ocr_line' id='line_1_97' title="bbox 1891 2796 3465 2873; baseline -0.003 -18"><span class='ocrx_word' id='word_1_717' title='bbox 1891 2799 2107 2855; x_wconf 78' lang='grc' dir='ltr'>ἃπασαν</span> <span class='ocrx_word' id='word_1_718' title='bbox 2159 2801 2337 2873; x_wconf 84' lang='grc' dir='ltr'>ἀρδον,</span> <span class='ocrx_word' id='word_1_719' title='bbox 2365 2796 2503 2872; x_wconf 81' lang='grc' dir='ltr'>αἷμα</span> <span class='ocrx_word' id='word_1_720' title='bbox 2538 2801 2828 2866; x_wconf 74' lang='grc' dir='ltr'>στάζοντας</span> <span class='ocrx_word' id='word_1_721' title='bbox 2851 2841 2868 2866; x_wconf 91' lang='grc'>,</span> <span class='ocrx_word' id='word_1_722' title='bbox 2909 2800 3125 2870; x_wconf 84' lang='grc' dir='ltr'>δαίμοσι</span> <span class='ocrx_word' id='word_1_723' title='bbox 3172 2801 3272 2872; x_wconf 81' lang='grc' dir='ltr'>μὲν</span> <span class='ocrx_word' id='word_1_724' title='bbox 3312 2799 3465 2870; x_wconf 63' lang='lat' dir='ltr'>906s-</span> 
     </span>
    </p>
   </div>
   <div class='ocr_carea' id='block_1_96' title="bbox 1895 2883 3467 2956">
    <p class='ocr_par' dir='ltr' id='par_1_96' title="bbox 1895 2883 3467 2956">
     <span class='ocr_line' id='line_1_98' title="bbox 1895 2883 3467 2956; baseline -0.001 -19"><span class='ocrx_word' id='word_1_725' title='bbox 1895 2885 2006 2956; x_wconf 86' lang='grc' dir='ltr'>ρὺν,</span> <span class='ocrx_word' id='word_1_726' title='bbox 2054 2886 2304 2954; x_wconf 83' lang='grc' dir='ltr'>ἀγγέλοις</span> <span class='ocrx_word' id='word_1_727' title='bbox 2332 2886 2388 2939; x_wconf 76' lang='grc' dir='ltr'>δὲ</span> <span class='ocrx_word' id='word_1_728' title='bbox 2427 2885 2689 2946; x_wconf 72' lang='grc' dir='ltr'>ποθεινὸν,</span> <span class='ocrx_word' id='word_1_729' title='bbox 2731 2886 2859 2956; x_wconf 84' lang='grc' dir='ltr'>ἡμῖν</span> <span class='ocrx_word' id='word_1_730' title='bbox 2888 2883 2945 2937; x_wconf 79' lang='grc' dir='ltr'>δὲ</span> <span class='ocrx_word' id='word_1_731' title='bbox 2991 2886 3272 2956; x_wconf 83' lang='grc' dir='ltr'>σωτήριον.</span> <span class='ocrx_word' id='word_1_732' title='bbox 3318 2885 3467 2937; x_wconf 66' lang='grc' dir='ltr'>Κατ-</span> 
     </span>
    </p>
   </div>
   <div class='ocr_carea' id='block_1_97' title="bbox 1891 2967 3465 3041">
    <p class='ocr_par' dir='ltr' id='par_1_97' title="bbox 1891 2967 3465 3041">
     <span class='ocr_line' id='line_1_99' title="bbox 1891 2967 3465 3041; baseline -0.002 -19"><span class='ocrx_word' id='word_1_733' title='bbox 1891 2967 2202 3040; x_wconf 80' lang='grc' dir='ltr'>ηξιώθημεν</span> <span class='ocrx_word' id='word_1_734' title='bbox 2269 2970 2394 3022; x_wconf 88' lang='grc' dir='ltr'>ίδεῖν</span> <span class='ocrx_word' id='word_1_735' title='bbox 2457 2968 2774 3040; x_wconf 86' lang='grc' dir='ltr'>ἀνθρώπους</span> <span class='ocrx_word' id='word_1_736' title='bbox 2836 2969 2974 3041; x_wconf 83' lang='grc' dir='ltr'>ὑπὲρ</span> <span class='ocrx_word' id='word_1_737' title='bbox 3019 2968 3294 3032; x_wconf 81' lang='grc' dir='ltr'>εὐσεϐείας</span> <span class='ocrx_word' id='word_1_738' title='bbox 3365 2984 3465 3019; x_wconf 89' lang='grc' dir='ltr'>πο-</span> 
     </span>
    </p>
   </div>
   <div class='ocr_carea' id='block_1_98' title="bbox 1891 3051 3462 3124">
    <p class='ocr_par' dir='ltr' id='par_1_98' title="bbox 1891 3051 3462 3124">
     <span class='ocr_line' id='line_1_100' title="bbox 1891 3051 3462 3124; baseline -0.001 -20"><span class='ocrx_word' id='word_1_739' title='bbox 1891 3052 2188 3122; x_wconf 90' lang='grc' dir='ltr'>λεμοῦντας</span> <span class='ocrx_word' id='word_1_740' title='bbox 2225 3051 2286 3118; x_wconf 73' lang='grc' dir='ltr'>τ,</span> <span class='ocrx_word' id='word_1_741' title='bbox 2356 3051 2536 3124; x_wconf 65' lang='lat' dir='ltr'>[HQ]</span> <span class='ocrx_word' id='word_1_742' title='bbox 2607 3053 2903 3118; x_wconf 88' lang='grc' dir='ltr'>νικῶντας,</span> <span class='ocrx_word' id='word_1_743' title='bbox 2967 3051 3462 3122; x_wconf 77' lang='grc' dir='ltr'>ἐστεφανωμένους.</span> 
     </span>
    </p>
   </div>
   <div class='ocr_carea' id='block_1_99' title="bbox 1891 3132 3461 3206">
    <p class='ocr_par' dir='ltr' id='par_1_99' title="bbox 1891 3132 3461 3206">
     <span class='ocr_line' id='line_1_101' title="bbox 1891 3132 3461 3206; baseline 0 -18"><span class='ocrx_word' id='word_1_744' title='bbox 1891 3132 2006 3188; x_wconf 84' lang='grc' dir='ltr'>Οὐκ</span> <span class='ocrx_word' id='word_1_745' title='bbox 2048 3134 2175 3188; x_wconf 89' lang='grc' dir='ltr'>ίδεῖν</span> <span class='ocrx_word' id='word_1_746' title='bbox 2221 3133 2278 3187; x_wconf 75' lang='grc' dir='ltr'>δὲ</span> <span class='ocrx_word' id='word_1_747' title='bbox 2325 3134 2738 3206; x_wconf 80' lang='grc' dir='ltr'>κατηξιώθημεν</span> <span class='ocrx_word' id='word_1_748' title='bbox 2783 3136 2963 3206; x_wconf 89' lang='grc' dir='ltr'>μόνον,</span> <span class='ocrx_word' id='word_1_749' title='bbox 3009 3135 3146 3190; x_wconf 88' lang='grc' dir='ltr'>ἀλλά</span> <span class='ocrx_word' id='word_1_750' title='bbox 3178 3137 3272 3187; x_wconf 70' lang='grc' dir='ltr'>καὶ</span> <span class='ocrx_word' id='word_1_751' title='bbox 3321 3134 3461 3188; x_wconf 82' lang='grc' dir='ltr'>αὐτὰ</span> 
     </span>
    </p>
   </div>
   <div class='ocr_carea' id='block_1_100' title="bbox 1889 3217 3458 3291">
    <p class='ocr_par' dir='ltr' id='par_1_100' title="bbox 1889 3217 3458 3291">
     <span class='ocr_line' id='line_1_102' title="bbox 1889 3217 3458 3291; baseline -0.001 -20"><span class='ocrx_word' id='word_1_752' title='bbox 1889 3217 1958 3271; x_wconf 86' lang='grc' dir='ltr'>τὰ</span> <span class='ocrx_word' id='word_1_753' title='bbox 2012 3217 2235 3288; x_wconf 87' lang='grc' dir='ltr'>σώματα</span> <span class='ocrx_word' id='word_1_754' title='bbox 2282 3219 2390 3272; x_wconf 86' lang='grc' dir='ltr'>τῶν</span> <span class='ocrx_word' id='word_1_755' title='bbox 2437 3219 2681 3291; x_wconf 83' lang='grc' dir='ltr'>ἀθλητῶν</span> <span class='ocrx_word' id='word_1_756' title='bbox 2717 3219 3002 3285; x_wconf 81' lang='grc' dir='ltr'>δέξασθαι,</span> <span class='ocrx_word' id='word_1_757' title='bbox 3043 3221 3135 3273; x_wconf 80' lang='grc' dir='ltr'>καὶ</span> <span class='ocrx_word' id='word_1_758' title='bbox 3177 3221 3306 3290; x_wconf 81' lang='grc' dir='ltr'>παρ’</span> <span class='ocrx_word' id='word_1_759' title='bbox 3338 3221 3458 3272; x_wconf 66' lang='grc' dir='ltr'>ἐαυ»</span> 
     </span>
    </p>
   </div>
   <div class='ocr_carea' id='block_1_101' title="bbox 1888 3303 3465 3375">
    <p class='ocr_par' dir='ltr' id='par_1_101' title="bbox 1888 3303 3465 3375">
     <span class='ocr_line' id='line_1_103' title="bbox 1888 3303 3465 3375; baseline 0 -19"><span class='ocrx_word' id='word_1_760' title='bbox 1888 3305 2000 3367; x_wconf 90' lang='grc' dir='ltr'>τοῖς</span> <span class='ocrx_word' id='word_1_761' title='bbox 2040 3303 2164 3367; x_wconf 82' lang='grc' dir='ltr'>τοὺς</span> <span class='ocrx_word' id='word_1_762' title='bbox 2220 3303 2538 3373; x_wconf 77' lang='grc' dir='ltr'>στεφανίτας</span> <span class='ocrx_word' id='word_1_763' title='bbox 2601 3307 2794 3375; x_wconf 78' lang='grc' dir='ltr'>ἔχομεν</span> <span class='ocrx_word' id='word_1_764' title='bbox 2830 3305 2946 3359; x_wconf 86' lang='grc' dir='ltr'>νῦν.</span> <span class='ocrx_word' id='word_1_765' title='bbox 3006 3304 3163 3358; x_wconf 81' lang='grc' dir='ltr'>Ἀλλά</span> <span class='ocrx_word' id='word_1_766' title='bbox 3219 3305 3311 3356; x_wconf 80' lang='grc' dir='ltr'>τὸν</span> <span class='ocrx_word' id='word_1_767' title='bbox 3363 3305 3465 3375; x_wconf 79' lang='grc' dir='ltr'>μὲν</span> 
     </span>
    </p>
   </div>
   <div class='ocr_carea' id='block_1_102' title="bbox 1891 3386 3461 3458">
    <p class='ocr_par' dir='ltr' id='par_1_102' title="bbox 1891 3386 3461 3458">
     <span class='ocr_line' id='line_1_104' title="bbox 1891 3386 3461 3458; baseline 0.001 -20"><span class='ocrx_word' id='word_1_768' title='bbox 1891 3386 2016 3457; x_wconf 75' lang='grc' dir='ltr'>περὶ</span> <span class='ocrx_word' id='word_1_769' title='bbox 2056 3386 2164 3439; x_wconf 89' lang='grc' dir='ltr'>τῶν</span> <span class='ocrx_word' id='word_1_770' title='bbox 2216 3386 2507 3457; x_wconf 90' lang='grc' dir='ltr'>μαρτύρων</span> <span class='ocrx_word' id='word_1_771' title='bbox 2555 3387 2710 3458; x_wconf 86' lang='grc' dir='ltr'>λόγον</span> <span class='ocrx_word' id='word_1_772' title='bbox 2769 3389 3048 3458; x_wconf 83' lang='grc' dir='ltr'>ἀφήσομεν</span> <span class='ocrx_word' id='word_1_773' title='bbox 3090 3387 3183 3442; x_wconf 92' lang='grc' dir='ltr'>νῦν</span> <span class='ocrx_word' id='word_1_774' title='bbox 3230 3387 3308 3456; x_wconf 79' lang='grc' dir='ltr'>τῷ</span> <span class='ocrx_word' id='word_1_775' title='bbox 3352 3386 3461 3439; x_wconf 90' lang='grc' dir='ltr'>τῶν</span> 
     </span>
    </p>
   </div>
   <div class='ocr_carea' id='block_1_103' title="bbox 1892 3468 3462 3542">
    <p class='ocr_par' dir='ltr' id='par_1_103' title="bbox 1892 3468 3462 3542">
     <span class='ocr_line' id='line_1_105' title="bbox 1892 3468 3462 3542; baseline 0.003 -20"><span class='ocrx_word' id='word_1_776' title='bbox 1892 3470 2182 3542; x_wconf 82' lang='grc' dir='ltr'>μαρτύρων</span> <span class='ocrx_word' id='word_1_777' title='bbox 2209 3471 2444 3542; x_wconf 81' lang='grc' dir='ltr'>ζηλωτῇ,</span> <span class='ocrx_word' id='word_1_778' title='bbox 2471 3470 2548 3541; x_wconf 85' lang='grc' dir='ltr'>τῷ</span> <span class='ocrx_word' id='word_1_779' title='bbox 2581 3472 2741 3541; x_wconf 85' lang='grc' dir='ltr'>κοινῷ</span> <span class='ocrx_word' id='word_1_780' title='bbox 2768 3471 3098 3542; x_wconf 85' lang='grc' dir='ltr'>διδασκάλῳ·</span> <span class='ocrx_word' id='word_1_781' title='bbox 3131 3470 3283 3524; x_wconf 78' lang='grc' dir='ltr'>αὐτοὶ</span> <span class='ocrx_word' id='word_1_782' title='bbox 3311 3470 3368 3523; x_wconf 84' lang='grc' dir='ltr'>δὲ</span> <span class='ocrx_word' id='word_1_783' title='bbox 3392 3468 3462 3526; x_wconf 80' lang='grc' dir='ltr'>τὰ</span> 
     </span>
    </p>
   </div>
   <div class='ocr_carea' id='block_1_104' title="bbox 1888 3553 3462 3624">
    <p class='ocr_par' dir='ltr' id='par_1_104' title="bbox 1888 3553 3462 3624">
     <span class='ocr_line' id='line_1_106' title="bbox 1888 3553 3462 3624; baseline 0.001 -19"><span class='ocrx_word' id='word_1_784' title='bbox 1888 3554 2029 3607; x_wconf 77' lang='grc' dir='ltr'>κατὰ</span> <span class='ocrx_word' id='word_1_785' title='bbox 2068 3553 2156 3606; x_wconf 85' lang='grc' dir='ltr'>τὸν</span> <span class='ocrx_word' id='word_1_786' title='bbox 2203 3554 2384 3619; x_wconf 80' lang='grc' dir='ltr'>Ὀζίαν</span> <span class='ocrx_word' id='word_1_787' title='bbox 2431 3555 2566 3624; x_wconf 78' lang='grc' dir='ltr'>πρὸς</span> <span class='ocrx_word' id='word_1_788' title='bbox 2613 3555 2756 3624; x_wconf 79' lang='grc' dir='ltr'>ὑμᾶς</span> <span class='ocrx_word' id='word_1_789' title='bbox 2795 3554 3024 3624; x_wconf 82' lang='grc' dir='ltr'>ἐροῦμεν</span> <span class='ocrx_word' id='word_1_790' title='bbox 3074 3553 3190 3618; x_wconf 89' lang='grc' dir='ltr'>νῦν,</span> <span class='ocrx_word' id='word_1_791' title='bbox 3233 3553 3462 3606; x_wconf 72' lang='grc' dir='ltr'>παλαιὸν</span> 
     </span>
    </p>
   </div>
   <div class='ocr_carea' id='block_1_105' title="bbox 1887 3635 3461 3707">
    <p class='ocr_par' dir='ltr' id='par_1_105' title="bbox 1887 3635 3461 3707">
     <span class='ocr_line' id='line_1_107' title="bbox 1887 3635 3461 3707; baseline -0.001 -18"><span class='ocrx_word' id='word_1_792' title='bbox 1887 3635 2310 3700; x_wconf 83' lang='grc' dir='ltr'>καταϐάλλοντες</span> <span class='ocrx_word' id='word_1_793' title='bbox 2348 3637 2538 3707; x_wconf 80' lang='grc' dir='ltr'>χρέος,</span> <span class='ocrx_word' id='word_1_794' title='bbox 2585 3637 2678 3690; x_wconf 75' lang='grc' dir='ltr'>καὶ</span> <span class='ocrx_word' id='word_1_795' title='bbox 2724 3636 2965 3706; x_wconf 86' lang='grc' dir='ltr'>χρονίους</span> <span class='ocrx_word' id='word_1_796' title='bbox 3012 3637 3206 3699; x_wconf 86' lang='grc' dir='ltr'>ὠδῖνας</span> <span class='ocrx_word' id='word_1_797' title='bbox 3256 3635 3461 3707; x_wconf 85' lang='grc' dir='ltr'>ἀκροά-</span> 
     </span>
    </p>
   </div>
   <div class='ocr_carea' id='block_1_106' title="bbox 1888 3715 3457 3790">
    <p class='ocr_par' dir='ltr' id='par_1_106' title="bbox 1888 3715 3457 3790">
     <span class='ocr_line' id='line_1_108' title="bbox 1888 3715 3457 3790; baseline -0.001 -18"><span class='ocrx_word' id='word_1_798' title='bbox 1888 3737 2024 3783; x_wconf 87' lang='grc' dir='ltr'>σεως</span> <span class='ocrx_word' id='word_1_799' title='bbox 2057 3719 2293 3783; x_wconf 87' lang='grc' dir='ltr'>λύοντες.</span> <span class='ocrx_word' id='word_1_800' title='bbox 2329 3720 2516 3772; x_wconf 84' lang='grc' dir='ltr'>Ὠδίνει</span> <span class='ocrx_word' id='word_1_801' title='bbox 2547 3719 2655 3790; x_wconf 80' lang='grc' dir='ltr'>γάρ</span> <span class='ocrx_word' id='word_1_802' title='bbox 2688 3720 2914 3782; x_wconf 74' lang='grc' dir='ltr'>ἕκαστος</span> <span class='ocrx_word' id='word_1_803' title='bbox 2945 3719 3119 3788; x_wconf 87' lang='grc' dir='ltr'>ὑμῶν,</span> <span class='ocrx_word' id='word_1_804' title='bbox 3147 3716 3205 3772; x_wconf 77' lang='grc' dir='ltr'>εὖ</span> <span class='ocrx_word' id='word_1_805' title='bbox 3235 3715 3327 3771; x_wconf 84' lang='grc' dir='ltr'>οἷδ’</span> <span class='ocrx_word' id='word_1_806' title='bbox 3355 3721 3457 3783; x_wconf 80' lang='grc' dir='ltr'>ὅτι,</span> 
     </span>
    </p>
   </div>
   <div class='ocr_carea' id='block_1_107' title="bbox 1886 3801 3452 3874">
    <p class='ocr_par' dir='ltr' id='par_1_107' title="bbox 1886 3801 3452 3874">
     <span class='ocr_line' id='line_1_109' title="bbox 1886 3801 3452 3874; baseline -0.001 -19"><span class='ocrx_word' id='word_1_807' title='bbox 1886 3802 1984 3871; x_wconf 85' lang='grc' dir='ltr'>τῆς</span> <span class='ocrx_word' id='word_1_808' title='bbox 2021 3803 2257 3872; x_wconf 74' lang='grc' dir='ltr'>ἱστορίας</span> <span class='ocrx_word' id='word_1_809' title='bbox 2284 3802 2512 3856; x_wconf 86' lang='grc' dir='ltr'>ἀκοῦσαι</span> <span class='ocrx_word' id='word_1_810' title='bbox 2547 3803 2784 3872; x_wconf 85' lang='grc' dir='ltr'>ἐκείνης·</span> <span class='ocrx_word' id='word_1_811' title='bbox 2817 3803 2910 3855; x_wconf 74' lang='grc' dir='ltr'>καὶ</span> <span class='ocrx_word' id='word_1_812' title='bbox 2937 3801 3033 3874; x_wconf 80' lang='grc' dir='ltr'>τὴν</span> <span class='ocrx_word' id='word_1_813' title='bbox 3065 3801 3228 3854; x_wconf 81' lang='grc' dir='ltr'>ὠδῖνα</span> <span class='ocrx_word' id='word_1_814' title='bbox 3255 3801 3452 3872; x_wconf 67' lang='grc' dir='ltr'>ταύτην</span> 
     </span>
    </p>
   </div>
   <div class='ocr_carea' id='block_1_108' title="bbox 1886 3884 3457 3957">
    <p class='ocr_par' dir='ltr' id='par_1_108' title="bbox 1886 3884 3457 3957">
     <span class='ocr_line' id='line_1_110' title="bbox 1886 3884 3457 3957; baseline -0.001 -20"><span class='ocrx_word' id='word_1_815' title='bbox 1886 3887 2045 3955; x_wconf 81' lang='grc' dir='ltr'>ἡμεῖς</span> <span class='ocrx_word' id='word_1_816' title='bbox 2101 3885 2518 3957; x_wconf 87' lang='grc' dir='ltr'>παρετείναμεν,</span> <span class='ocrx_word' id='word_1_817' title='bbox 2558 3885 2617 3937; x_wconf 82' lang='grc' dir='ltr'>οὐ</span> <span class='ocrx_word' id='word_1_818' title='bbox 2655 3885 2752 3956; x_wconf 82' lang='grc' dir='ltr'>τὴν</span> <span class='ocrx_word' id='word_1_819' title='bbox 2799 3884 2988 3954; x_wconf 80' lang='grc' dir='ltr'>ὀδύνην</span> <span class='ocrx_word' id='word_1_820' title='bbox 3022 3886 3149 3955; x_wconf 85' lang='grc' dir='ltr'>ὑμῖν</span> <span class='ocrx_word' id='word_1_821' title='bbox 3193 3885 3457 3938; x_wconf 87' lang='grc' dir='ltr'>ἐπιτεῖναι</span> 
     </span>
    </p>
   </div>
   <div class='ocr_carea' id='block_1_109' title="bbox 1888 3967 3459 4040">
    <p class='ocr_par' dir='ltr' id='par_1_109' title="bbox 1888 3967 3459 4040">
     <span class='ocr_line' id='line_1_111' title="bbox 1888 3967 3459 4040; baseline 0 -20"><span class='ocrx_word' id='word_1_822' title='bbox 1888 3967 2217 4039; x_wconf 85' lang='grc' dir='ltr'>βουλόμενοι,</span> <span class='ocrx_word' id='word_1_823' title='bbox 2249 3967 2385 4023; x_wconf 77' lang='grc' dir='ltr'>ἀλλὰ</span> <span class='ocrx_word' id='word_1_824' title='bbox 2420 3971 2517 4040; x_wconf 81' lang='grc' dir='ltr'>τὴν</span> <span class='ocrx_word' id='word_1_825' title='bbox 2547 3967 2835 4039; x_wconf 83' lang='grc' dir='ltr'>ἐπιθυμίαν</span> <span class='ocrx_word' id='word_1_826' title='bbox 2865 3968 3094 4038; x_wconf 75' lang='grc' dir='ltr'>αὐξῆσαι</span> <span class='ocrx_word' id='word_1_827' title='bbox 3135 3969 3459 4032; x_wconf 75' lang='grc' dir='ltr'>σπουδάζον-</span> 
     </span>
    </p>
   </div>
   <div class='ocr_carea' id='block_1_110' title="bbox 1883 4051 3457 4124">
    <p class='ocr_par' dir='ltr' id='par_1_110' title="bbox 1883 4051 3457 4124">
     <span class='ocr_line' id='line_1_112' title="bbox 1883 4051 3457 4124; baseline 0 -20"><span class='ocrx_word' id='word_1_828' title='bbox 1883 4069 1995 4116; x_wconf 88' lang='grc' dir='ltr'>τες,</span> <span class='ocrx_word' id='word_1_829' title='bbox 2022 4051 2161 4105; x_wconf 84' lang='grc' dir='ltr'>ὦστε</span> <span class='ocrx_word' id='word_1_830' title='bbox 2189 4053 2410 4124; x_wconf 76' lang='grc' dir='ltr'>ἡδίστην</span> <span class='ocrx_word' id='word_1_831' title='bbox 2441 4054 2566 4124; x_wconf 84' lang='grc' dir='ltr'>ὑμῖν</span> <span class='ocrx_word' id='word_1_832' title='bbox 2593 4053 2824 4122; x_wconf 87' lang='grc' dir='ltr'>φανῆναι</span> <span class='ocrx_word' id='word_1_833' title='bbox 2847 4051 2944 4123; x_wconf 73' lang='grc' dir='ltr'>τὴν</span> <span class='ocrx_word' id='word_1_834' title='bbox 2974 4051 3246 4122; x_wconf 77' lang='grc' dir='ltr'>ἡμετέραν</span> <span class='ocrx_word' id='word_1_835' title='bbox 3277 4053 3457 4104; x_wconf 85' lang='grc' dir='ltr'>ἐστία-</span> 
     </span>
    </p>
   </div>
   <div class='ocr_carea' id='block_1_111' title="bbox 1886 4136 3457 4209">
    <p class='ocr_par' dir='ltr' id='par_1_111' title="bbox 1886 4136 3457 4209">
     <span class='ocr_line' id='line_1_113' title="bbox 1886 4136 3457 4209; baseline 0.001 -20"><span class='ocrx_word' id='word_1_836' title='bbox 1886 4153 1994 4189; x_wconf 89' lang='grc' dir='ltr'>σιν.</span> <span class='ocrx_word' id='word_1_837' title='bbox 2022 4137 2085 4188; x_wconf 86' lang='grc' dir='ltr'><strong>Οῑ</strong></span> <span class='ocrx_word' id='word_1_838' title='bbox 2117 4136 2215 4207; x_wconf 85' lang='grc' dir='ltr'>μὲν</span> <span class='ocrx_word' id='word_1_839' title='bbox 2248 4137 2354 4208; x_wconf 81' lang='grc' dir='ltr'>γὰρ</span> <span class='ocrx_word' id='word_1_840' title='bbox 2388 4136 2607 4209; x_wconf 78' lang='grc' dir='ltr'>εύποροι</span> <span class='ocrx_word' id='word_1_841' title='bbox 2643 4137 2752 4190; x_wconf 87' lang='grc' dir='ltr'>τῶν</span> <span class='ocrx_word' id='word_1_842' title='bbox 2783 4136 3127 4206; x_wconf 82' lang='grc' dir='ltr'>ἑστιατόρων,</span> <span class='ocrx_word' id='word_1_843' title='bbox 3165 4138 3259 4189; x_wconf 76' lang='grc' dir='ltr'>ἐὰν</span> <span class='ocrx_word' id='word_1_844' title='bbox 3287 4140 3457 4206; x_wconf 87' lang='grc' dir='ltr'>ἐμπε-</span> 
     </span>
    </p>
   </div>
   <div class='ocr_carea' id='block_1_112' title="bbox 1885 4218 3454 4291">
    <p class='ocr_par' dir='ltr' id='par_1_112' title="bbox 1885 4218 3454 4291">
     <span class='ocr_line' id='line_1_114' title="bbox 1885 4218 3454 4291; baseline 0 -19"><span class='ocrx_word' id='word_1_845' title='bbox 1885 4218 2227 4289; x_wconf 82' lang='grc' dir='ltr'>πλησμένους</span> <span class='ocrx_word' id='word_1_846' title='bbox 2263 4219 2464 4273; x_wconf 89' lang='grc' dir='ltr'>λάϐωσι</span> <span class='ocrx_word' id='word_1_847' title='bbox 2500 4222 2625 4284; x_wconf 81' lang='grc' dir='ltr'>τοὺς</span> <span class='ocrx_word' id='word_1_848' title='bbox 2665 4220 3009 4288; x_wconf 86' lang='grc' dir='ltr'>δαιτυμόνας,</span> <span class='ocrx_word' id='word_1_849' title='bbox 3039 4218 3267 4273; x_wconf 87' lang='grc' dir='ltr'>δύναιντ’</span> <span class='ocrx_word' id='word_1_850' title='bbox 3290 4219 3356 4273; x_wconf 82' lang='grc' dir='ltr'>ἂν</span> <span class='ocrx_word' id='word_1_851' title='bbox 3389 4224 3454 4291; x_wconf 84' lang='grc' dir='ltr'>τῇ</span> 
     </span>
    </p>
   </div>
   <div class='ocr_carea' id='block_1_113' title="bbox 1885 4301 3456 4374">
    <p class='ocr_par' dir='ltr' id='par_1_113' title="bbox 1885 4301 3456 4374">
     <span class='ocr_line' id='line_1_115' title="bbox 1885 4301 3456 4374; baseline 0 -18"><span class='ocrx_word' id='word_1_852' title='bbox 1885 4303 2197 4374; x_wconf 78' lang='grc' dir='ltr'>πολυτελείᾳ</span> <span class='ocrx_word' id='word_1_853' title='bbox 2253 4305 2362 4356; x_wconf 83' lang='grc' dir='ltr'>τῶν</span> <span class='ocrx_word' id='word_1_854' title='bbox 2427 4303 2984 4373; x_wconf 81' lang='grc' dir='ltr'>παρασκευασθέντων</span> <span class='ocrx_word' id='word_1_855' title='bbox 3043 4301 3305 4373; x_wconf 86' lang='grc' dir='ltr'>διεγεῖραι</span> <span class='ocrx_word' id='word_1_856' title='bbox 3359 4303 3456 4373; x_wconf 86' lang='grc' dir='ltr'>τὴν</span> 
     </span>
    </p>
   </div>
   <div class='ocr_carea' id='block_1_114' title="bbox 1883 4386 3456 4460">
    <p class='ocr_par' dir='ltr' id='par_1_114' title="bbox 1883 4386 3456 4460">
     <span class='ocr_line' id='line_1_116' title="bbox 1883 4386 3456 4460; baseline -0.003 -18"><span class='ocrx_word' id='word_1_857' title='bbox 1883 4388 2174 4459; x_wconf 88' lang='grc' dir='ltr'>ἐπιθυμίαν</span> <span class='ocrx_word' id='word_1_858' title='bbox 2198 4392 2222 4429; x_wconf 69' lang='grc' dir='ltr'><em>ε</em></span> <span class='ocrx_word' id='word_1_859' title='bbox 2262 4390 2476 4453; x_wconf 82' lang='grc' dir='ltr'>αὐτοῖς·</span> <span class='ocrx_word' id='word_1_860' title='bbox 2517 4389 2616 4458; x_wconf 83' lang='grc' dir='ltr'>τὴν</span> <span class='ocrx_word' id='word_1_861' title='bbox 2659 4387 2716 4439; x_wconf 78' lang='grc' dir='ltr'>δὲ</span> <span class='ocrx_word' id='word_1_862' title='bbox 2751 4387 2859 4438; x_wconf 88' lang='grc' dir='ltr'>τῶν</span> <span class='ocrx_word' id='word_1_863' title='bbox 2892 4387 3138 4457; x_wconf 86' lang='grc' dir='ltr'>πενήτων</span> <span class='ocrx_word' id='word_1_864' title='bbox 3181 4386 3456 4460; x_wconf 79' lang='grc' dir='ltr'>τράπεζαν</span> 
     </span>
    </p>
   </div>
   <div class='ocr_carea' id='block_1_115' title="bbox 1881 4470 3455 4541">
    <p class='ocr_par' dir='ltr' id='par_1_115' title="bbox 1881 4470 3455 4541">
     <span class='ocr_line' id='line_1_117' title="bbox 1881 4470 3455 4541; baseline -0.003 -15"><span class='ocrx_word' id='word_1_865' title='bbox 1881 4473 2033 4526; x_wconf 75' lang='grc' dir='ltr'>οὐδὲν</span> <span class='ocrx_word' id='word_1_866' title='bbox 2073 4472 2214 4526; x_wconf 78' lang='grc' dir='ltr'>οὕτω</span> <span class='ocrx_word' id='word_1_867' title='bbox 2261 4476 2404 4526; x_wconf 89' lang='grc' dir='ltr'>ποιεί</span> <span class='ocrx_word' id='word_1_868' title='bbox 2457 4470 2738 4541; x_wconf 82' lang='grc' dir='ltr'>φαίνεσθαι</span> <span class='ocrx_word' id='word_1_869' title='bbox 2788 4470 3066 4541; x_wconf 76' lang='grc' dir='ltr'>λαμπρὰν,</span> <span class='ocrx_word' id='word_1_870' title='bbox 3109 4471 3184 4534; x_wconf 84' lang='grc' dir='ltr'>ὡς</span> <span class='ocrx_word' id='word_1_871' title='bbox 3229 4470 3289 4523; x_wconf 87' lang='grc' dir='ltr'>τὺ</span> <span class='ocrx_word' id='word_1_872' title='bbox 3334 4487 3455 4522; x_wconf 79' lang='grc' dir='ltr'>πει-</span> 
     </span>
    </p>
   </div>
   <div class='ocr_carea' id='block_1_116' title="bbox 1881 4553 3451 4625">
    <p class='ocr_par' dir='ltr' id='par_1_116' title="bbox 1881 4553 3451 4625">
     <span class='ocr_line' id='line_1_118' title="bbox 1881 4553 3451 4625; baseline -0.003 -15"><span class='ocrx_word' id='word_1_873' title='bbox 1881 4555 2086 4619; x_wconf 87' lang='grc' dir='ltr'>νῶντας</span> <span class='ocrx_word' id='word_1_874' title='bbox 2126 4556 2433 4625; x_wconf 85' lang='grc' dir='ltr'>ἀπαντῆσαι</span> <span class='ocrx_word' id='word_1_875' title='bbox 2477 4557 2602 4618; x_wconf 78' lang='grc' dir='ltr'>τοὺς</span> <span class='ocrx_word' id='word_1_876' title='bbox 2641 4553 2930 4623; x_wconf 88' lang='grc' dir='ltr'>μέλλοντας</span> <span class='ocrx_word' id='word_1_877' title='bbox 2975 4553 3221 4623; x_wconf 76' lang='grc' dir='ltr'>μετέχειν</span> <span class='ocrx_word' id='word_1_878' title='bbox 3263 4554 3451 4623; x_wconf 72' lang='grc' dir='ltr'>αὐτῆς.</span> 
     </span>
    </p>
   </div>
   <div class='ocr_carea' id='block_1_117' title="bbox 1883 4634 3452 4704">
    <p class='ocr_par' dir='ltr' id='par_1_117' title="bbox 1883 4634 3452 4704">
     <span class='ocr_line' id='line_1_119' title="bbox 1883 4634 3452 4704; baseline -0.001 -14"><span class='ocrx_word' id='word_1_879' title='bbox 1883 4639 1979 4702; x_wconf 87' lang='grc' dir='ltr'>Τίς</span> <span class='ocrx_word' id='word_1_880' title='bbox 2013 4634 2104 4692; x_wconf 79' lang='grc' dir='ltr'>οὖν</span> <span class='ocrx_word' id='word_1_881' title='bbox 2151 4639 2298 4690; x_wconf 87' lang='grc' dir='ltr'>ἐστιν</span> <span class='ocrx_word' id='word_1_882' title='bbox 2331 4637 2544 4700; x_wconf 75' lang='grc' dir='ltr'>ὐζίας,</span> <span class='ocrx_word' id='word_1_883' title='bbox 2592 4636 2686 4688; x_wconf 71' lang='grc' dir='ltr'>καὶ</span> <span class='ocrx_word' id='word_1_884' title='bbox 2719 4636 2876 4690; x_wconf 87' lang='grc' dir='ltr'>τίνων</span> <span class='ocrx_word' id='word_1_885' title='bbox 2910 4637 3203 4704; x_wconf 85' lang='grc' dir='ltr'>ἀπόγονος,</span> <span class='ocrx_word' id='word_1_886' title='bbox 3245 4639 3337 4690; x_wconf 76' lang='grc' dir='ltr'>καὶ</span> <span class='ocrx_word' id='word_1_887' title='bbox 3369 4637 3452 4689; x_wconf 80' lang='grc' dir='ltr'>τί·</span> 
     </span>
    </p>
   </div>
   <div class='ocr_carea' id='block_1_118' title="bbox 1881 4719 3452 4791">
    <p class='ocr_par' dir='ltr' id='par_1_118' title="bbox 1881 4719 3452 4791">
     <span class='ocr_line' id='line_1_120' title="bbox 1881 4719 3452 4791; baseline -0.001 -17"><span class='ocrx_word' id='word_1_888' title='bbox 1881 4739 1986 4775; x_wconf 90' lang='grc' dir='ltr'>νων</span> <span class='ocrx_word' id='word_1_889' title='bbox 2043 4721 2316 4791; x_wconf 77' lang='grc' dir='ltr'>βασιλεὺς,</span> <span class='ocrx_word' id='word_1_890' title='bbox 2349 4719 2444 4773; x_wconf 75' lang='grc' dir='ltr'>καὶ</span> <span class='ocrx_word' id='word_1_891' title='bbox 2477 4721 2639 4772; x_wconf 78' lang='grc' dir='ltr'>πόσον</span> <span class='ocrx_word' id='word_1_892' title='bbox 2671 4719 2982 4773; x_wconf 85' lang='grc' dir='ltr'>ἐϐασιλεύσε</span> <span class='ocrx_word' id='word_1_893' title='bbox 3029 4723 3234 4790; x_wconf 83' lang='grc' dir='ltr'>χρόνον,</span> <span class='ocrx_word' id='word_1_894' title='bbox 3275 4723 3367 4772; x_wconf 75' lang='grc' dir='ltr'>καὶ</span> <span class='ocrx_word' id='word_1_895' title='bbox 3400 4721 3452 4774; x_wconf 89' lang='grc' dir='ltr'>τί</span> 
     </span>
    </p>
   </div>
   <div class='ocr_carea' id='block_1_119' title="bbox 1885 4803 3451 4877">
    <p class='ocr_par' dir='ltr' id='par_1_119' title="bbox 1885 4803 3451 4877">
     <span class='ocr_line' id='line_1_121' title="bbox 1885 4803 3451 4877; baseline -0.001 -19"><span class='ocrx_word' id='word_1_896' title='bbox 1885 4806 1982 4877; x_wconf 82' lang='grc' dir='ltr'>μὲν</span> <span class='ocrx_word' id='word_1_897' title='bbox 2019 4804 2365 4874; x_wconf 83' lang='grc' dir='ltr'>κατώρθωσε,</span> <span class='ocrx_word' id='word_1_898' title='bbox 2409 4804 2461 4857; x_wconf 88' lang='grc' dir='ltr'>τί</span> <span class='ocrx_word' id='word_1_899' title='bbox 2507 4803 2564 4858; x_wconf 87' lang='grc' dir='ltr'>δὲ</span> <span class='ocrx_word' id='word_1_900' title='bbox 2609 4803 2894 4876; x_wconf 82' lang='grc' dir='ltr'>διήμαρτε,</span> <span class='ocrx_word' id='word_1_901' title='bbox 2943 4805 3060 4868; x_wconf 88' lang='grc' dir='ltr'>πῶς</span> <span class='ocrx_word' id='word_1_902' title='bbox 3106 4804 3162 4857; x_wconf 81' lang='grc' dir='ltr'>δὲ</span> <span class='ocrx_word' id='word_1_903' title='bbox 3206 4804 3297 4856; x_wconf 80' lang='grc' dir='ltr'>τὸν</span> <span class='ocrx_word' id='word_1_904' title='bbox 3337 4803 3451 4874; x_wconf 83' lang='grc' dir='ltr'>βίον</span> 
     </span>
    </p>
   </div>
   <div class='ocr_carea' id='block_1_120' title="bbox 1882 4887 3448 4959">
    <p class='ocr_par' dir='ltr' id='par_1_120' title="bbox 1882 4887 3448 4959">
     <span class='ocr_line' id='line_1_122' title="bbox 1882 4887 3448 4959; baseline -0.003 -17"><span class='ocrx_word' id='word_1_905' title='bbox 1882 4889 2200 4955; x_wconf 83' lang='grc' dir='ltr'>κατέλυσεν;</span> <span class='ocrx_word' id='word_1_906' title='bbox 2229 4889 2476 4942; x_wconf 74' lang='grc' dir='ltr'>Ἂπαντα</span> <span class='ocrx_word' id='word_1_907' title='bbox 2512 4887 2683 4941; x_wconf 88' lang='grc' dir='ltr'>ταῦτα</span> <span class='ocrx_word' id='word_1_908' title='bbox 2725 4888 2859 4959; x_wconf 86' lang='grc' dir='ltr'>πρὸς</span> <span class='ocrx_word' id='word_1_909' title='bbox 2893 4889 3035 4959; x_wconf 82' lang='grc' dir='ltr'>ὑμᾶς</span> <span class='ocrx_word' id='word_1_910' title='bbox 3067 4887 3295 4958; x_wconf 84' lang='grc' dir='ltr'>ἐροῦμεν</span> <span class='ocrx_word' id='word_1_911' title='bbox 3334 4888 3448 4952; x_wconf 88' lang='grc' dir='ltr'>νῦν,</span> 
     </span>
    </p>
   </div>
   <div class='ocr_carea' id='block_1_121' title="bbox 1882 4969 3496 5042">
    <p class='ocr_par' dir='ltr' id='par_1_121' title="bbox 1882 4969 3496 5042">
     <span class='ocr_line' id='line_1_123' title="bbox 1882 4969 3496 5042; baseline -0.002 -17"><span class='ocrx_word' id='word_1_912' title='bbox 1882 4973 2082 5040; x_wconf 80' lang='grc' dir='ltr'>μᾶλλον</span> <span class='ocrx_word' id='word_1_913' title='bbox 2106 4973 2163 5025; x_wconf 82' lang='grc' dir='ltr'>δὲ</span> <span class='ocrx_word' id='word_1_914' title='bbox 2203 4973 2302 5024; x_wconf 84' lang='grc' dir='ltr'>ὅσα</span> <span class='ocrx_word' id='word_1_915' title='bbox 2349 4969 2570 5025; x_wconf 80' lang='grc' dir='ltr'>δυνατὸν</span> <span class='ocrx_word' id='word_1_916' title='bbox 2612 4972 2805 5036; x_wconf 83' lang='grc' dir='ltr'>εἰπεῖν,</span> <span class='ocrx_word' id='word_1_917' title='bbox 2851 4969 2990 5024; x_wconf 85' lang='grc' dir='ltr'>ὥστε</span> <span class='ocrx_word' id='word_1_918' title='bbox 3027 4973 3101 5041; x_wconf 86' lang='grc' dir='ltr'>μὴ</span> <span class='ocrx_word' id='word_1_919' title='bbox 3141 4973 3218 5040; x_wconf 86' lang='grc' dir='ltr'>τῷ</span> <span class='ocrx_word' id='word_1_920' title='bbox 3258 4971 3448 5039; x_wconf 84' lang='grc' dir='ltr'>πλήθει</span> <span class='ocrx_word' id='word_1_921' title='bbox 3489 5034 3496 5042; x_wconf 39' lang='grc'>,</span> 
     </span>
    </p>
   </div>
   <div class='ocr_carea' id='block_1_122' title="bbox 1880 5053 3448 5127">
    <p class='ocr_par' dir='ltr' id='par_1_122' title="bbox 1880 5053 3448 5127">
     <span class='ocr_line' id='line_1_124' title="bbox 1880 5053 3448 5127; baseline -0.002 -18"><span class='ocrx_word' id='word_1_922' title='bbox 1880 5056 2193 5127; x_wconf 86' lang='grc' dir='ltr'>καταχῶσαι</span> <span class='ocrx_word' id='word_1_923' title='bbox 2223 5057 2320 5126; x_wconf 78' lang='grc' dir='ltr'>τὴν</span> <span class='ocrx_word' id='word_1_924' title='bbox 2354 5057 2574 5127; x_wconf 82' lang='grc' dir='ltr'>μνήμην</span> <span class='ocrx_word' id='word_1_925' title='bbox 2601 5055 2754 5126; x_wconf 85' lang='grc' dir='ltr'>ὑμῶν</span> <span class='ocrx_word' id='word_1_926' title='bbox 2772 5071 2788 5086; x_wconf 88' lang='grc'>·</span> <span class='ocrx_word' id='word_1_927' title='bbox 2817 5055 2844 5108; x_wconf 83' lang='grc' dir='ltr'>ὃ</span> <span class='ocrx_word' id='word_1_928' title='bbox 2873 5055 3078 5123; x_wconf 88' lang='grc' dir='ltr'>γίνεται</span> <span class='ocrx_word' id='word_1_929' title='bbox 3108 5055 3201 5106; x_wconf 72' lang='grc' dir='ltr'>καὶ</span> <span class='ocrx_word' id='word_1_930' title='bbox 3232 5054 3324 5106; x_wconf 82' lang='grc' dir='ltr'>ἐπὶ</span> <span class='ocrx_word' id='word_1_931' title='bbox 3352 5053 3448 5106; x_wconf 92' lang='grc' dir='ltr'>τοῦ</span> 
     </span>
    </p>
   </div>
   <div class='ocr_carea' id='block_1_123' title="bbox 1878 5136 3449 5210">
    <p class='ocr_par' dir='ltr' id='par_1_123' title="bbox 1878 5136 3449 5210">
     <span class='ocr_line' id='line_1_125' title="bbox 1878 5136 3449 5210; baseline -0.003 -18"><span class='ocrx_word' id='word_1_932' title='bbox 1878 5139 2148 5208; x_wconf 89' lang='grc' dir='ltr'>λυχνιαίου</span> <span class='ocrx_word' id='word_1_933' title='bbox 2181 5139 2366 5208; x_wconf 86' lang='grc' dir='ltr'>πυρός.</span> <span class='ocrx_word' id='word_1_934' title='bbox 2394 5140 2491 5190; x_wconf 73' lang='lat' dir='ltr'>“Av</span> <span class='ocrx_word' id='word_1_935' title='bbox 2524 5139 2620 5208; x_wconf 84' lang='grc' dir='ltr'>μὲν</span> <span class='ocrx_word' id='word_1_936' title='bbox 2659 5138 2767 5210; x_wconf 82' lang='grc' dir='ltr'>γὰρ</span> <span class='ocrx_word' id='word_1_937' title='bbox 2795 5139 2910 5190; x_wconf 87' lang='grc' dir='ltr'>ἐκεῖ</span> <span class='ocrx_word' id='word_1_938' title='bbox 2937 5138 3075 5192; x_wconf 87' lang='grc' dir='ltr'>κατά</span> <span class='ocrx_word' id='word_1_939' title='bbox 3109 5136 3300 5206; x_wconf 80' lang='grc' dir='ltr'>μικρὸν</span> <span class='ocrx_word' id='word_1_940' title='bbox 3331 5139 3449 5189; x_wconf 65' lang='grc' dir='ltr'>ἐπιο</span> 
     </span>
    </p>
   </div>
   <div class='ocr_carea' id='block_1_124' title="bbox 1881 5220 3447 5295">
    <p class='ocr_par' dir='ltr' id='par_1_124' title="bbox 1881 5220 3447 5295">
     <span class='ocr_line' id='line_1_126' title="bbox 1881 5220 3447 5295; baseline -0.003 -20"><span class='ocrx_word' id='word_1_941' title='bbox 1881 5224 2080 5295; x_wconf 61' lang='lat' dir='ltr'>men;</span> <span class='ocrx_word' id='word_1_942' title='bbox 2121 5225 2187 5295; x_wconf 83' lang='grc' dir='ltr'>τῇ</span> <span class='ocrx_word' id='word_1_943' title='bbox 2233 5222 2508 5293; x_wconf 90' lang='grc' dir='ltr'>θρυαλλίδι</span> <span class='ocrx_word' id='word_1_944' title='bbox 2549 5222 2610 5274; x_wconf 81' lang='grc' dir='ltr'>τὸ</span> <span class='ocrx_word' id='word_1_945' title='bbox 2652 5222 2849 5284; x_wconf 83' lang='grc' dir='ltr'>ἔλαιον,</span> <span class='ocrx_word' id='word_1_946' title='bbox 2901 5221 3084 5291; x_wconf 77' lang='grc' dir='ltr'>ἱκανὴν</span> <span class='ocrx_word' id='word_1_947' title='bbox 3123 5220 3328 5282; x_wconf 76' lang='grc' dir='ltr'>ἔδωκας</span> <span class='ocrx_word' id='word_1_948' title='bbox 3369 5220 3447 5289; x_wconf 78' lang='grc' dir='ltr'>τῷ</span> 
     </span>
    </p>
   </div>
   <div class='ocr_carea' id='block_1_125' title="bbox 1881 5302 3446 5376">
    <p class='ocr_par' dir='ltr' id='par_1_125' title="bbox 1881 5302 3446 5376">
     <span class='ocr_line' id='line_1_127' title="bbox 1881 5302 3446 5376; baseline 0 -19"><span class='ocrx_word' id='word_1_949' title='bbox 1881 5308 2011 5376; x_wconf 78' lang='grc' dir='ltr'>πυρὶ</span> <span class='ocrx_word' id='word_1_950' title='bbox 2045 5306 2141 5375; x_wconf 82' lang='grc' dir='ltr'>τὴν</span> <span class='ocrx_word' id='word_1_951' title='bbox 2171 5307 2376 5376; x_wconf 76' lang='grc' dir='ltr'>τροφήν</span> <span class='ocrx_word' id='word_1_952' title='bbox 2397 5323 2410 5336; x_wconf 95' lang='grc'>·</span> <span class='ocrx_word' id='word_1_953' title='bbox 2443 5305 2510 5358; x_wconf 83' lang='grc' dir='ltr'>ἂν</span> <span class='ocrx_word' id='word_1_954' title='bbox 2555 5304 2611 5357; x_wconf 81' lang='grc' dir='ltr'>δὲ</span> <span class='ocrx_word' id='word_1_955' title='bbox 2645 5305 2840 5375; x_wconf 89' lang='grc' dir='ltr'>ἀθρόον</span> <span class='ocrx_word' id='word_1_956' title='bbox 2887 5305 3174 5373; x_wconf 77' lang='grc' dir='ltr'>καταχέῃς,</span> <span class='ocrx_word' id='word_1_957' title='bbox 3221 5304 3312 5357; x_wconf 73' lang='grc' dir='ltr'>καὶ</span> <span class='ocrx_word' id='word_1_958' title='bbox 3345 5302 3446 5373; x_wconf 73' lang='grc' dir='ltr'>τὴν</span> 
     </span>
    </p>
   </div>
   <div class='ocr_carea' id='block_1_126' title="bbox 1878 5382 3444 5458">
    <p class='ocr_par' dir='ltr' id='par_1_126' title="bbox 1878 5382 3444 5458">
     <span class='ocr_line' id='line_1_128' title="bbox 1878 5382 3444 5458; baseline -0.001 -16"><span class='ocrx_word' id='word_1_959' title='bbox 1878 5387 2040 5443; x_wconf 79' lang='grc' dir='ltr'>οὖσαν</span> <span class='ocrx_word' id='word_1_960' title='bbox 2070 5389 2240 5458; x_wconf 81' lang='grc' dir='ltr'>φλόγα</span> <span class='ocrx_word' id='word_1_961' title='bbox 2266 5388 2620 5450; x_wconf 88' lang='grc' dir='ltr'>κατέσϐεσας.</span> <span class='ocrx_word' id='word_1_962' title='bbox 2647 5382 2813 5450; x_wconf 77' lang='grc' dir='ltr'>Οὗτος</span> <span class='ocrx_word' id='word_1_963' title='bbox 2842 5388 3017 5439; x_wconf 91' lang='grc' dir='ltr'>τοίνυν</span> <span class='ocrx_word' id='word_1_964' title='bbox 3040 5390 3068 5440; x_wconf 86' lang='grc' dir='ltr'>ό</span> <span class='ocrx_word' id='word_1_965' title='bbox 3104 5385 3282 5448; x_wconf 76' lang='grc' dir='ltr'>Ὀζίας</span> <span class='ocrx_word' id='word_1_966' title='bbox 3310 5388 3444 5441; x_wconf 86' lang='grc' dir='ltr'>ἀπό-</span> 
     </span>
    </p>
   </div>
   <div class='ocr_carea' id='block_1_127' title="bbox 1878 5471 3441 5544">
    <p class='ocr_par' dir='ltr' id='par_1_127' title="bbox 1878 5471 3441 5544">
     <span class='ocr_line' id='line_1_129' title="bbox 1878 5471 3441 5544; baseline -0.001 -17"><span class='ocrx_word' id='word_1_967' title='bbox 1878 5492 2030 5543; x_wconf 89' lang='grc' dir='ltr'>γονος</span> <span class='ocrx_word' id='word_1_968' title='bbox 2064 5476 2161 5544; x_wconf 77' lang='grc' dir='ltr'>μὲν</span> <span class='ocrx_word' id='word_1_969' title='bbox 2201 5471 2267 5544; x_wconf 84' lang='grc' dir='ltr'>ἦν</span> <span class='ocrx_word' id='word_1_970' title='bbox 2295 5473 2386 5526; x_wconf 89' lang='grc' dir='ltr'>τοῦ</span> <span class='ocrx_word' id='word_1_971' title='bbox 2421 5472 2602 5537; x_wconf 75' lang='grc' dir='ltr'>Δαυῖδ,</span> <span class='ocrx_word' id='word_1_972' title='bbox 2642 5473 2888 5542; x_wconf 81' lang='grc' dir='ltr'>βασιλεὺς</span> <span class='ocrx_word' id='word_1_973' title='bbox 2916 5472 2972 5524; x_wconf 87' lang='grc' dir='ltr'>δὲ</span> <span class='ocrx_word' id='word_1_974' title='bbox 3005 5472 3112 5523; x_wconf 86' lang='grc' dir='ltr'>τῶν</span> <span class='ocrx_word' id='word_1_975' title='bbox 3146 5471 3441 5526; x_wconf 84' lang='grc' dir='ltr'>Ἰουδαίων·</span> 
     </span>
    </p>
   </div>
   <div class='ocr_carea' id='block_1_128' title="bbox 1878 5554 3446 5628">
    <p class='ocr_par' dir='ltr' id='par_1_128' title="bbox 1878 5554 3446 5628">
     <span class='ocr_line' id='line_1_130' title="bbox 1878 5554 3446 5628; baseline 0.001 -19"><span class='ocrx_word' id='word_1_976' title='bbox 1878 5557 2191 5610; x_wconf 86' lang='grc' dir='ltr'>ἐϐασίλευσε</span> <span class='ocrx_word' id='word_1_977' title='bbox 2211 5557 2266 5609; x_wconf 79' lang='grc' dir='ltr'>δὲ</span> <span class='ocrx_word' id='word_1_978' title='bbox 2289 5557 2382 5609; x_wconf 79' lang='grc' dir='ltr'>δύο</span> <span class='ocrx_word' id='word_1_979' title='bbox 2409 5557 2499 5608; x_wconf 78' lang='grc' dir='ltr'>καὶ</span> <span class='ocrx_word' id='word_1_980' title='bbox 2524 5558 2856 5626; x_wconf 82' lang='grc' dir='ltr'>πεντήκοντα</span> <span class='ocrx_word' id='word_1_981' title='bbox 2883 5554 2977 5624; x_wconf 79' lang='grc' dir='ltr'>ἐτη</span> <span class='ocrx_word' id='word_1_982' title='bbox 2995 5569 3008 5581; x_wconf 80' lang='grc'><strong><em>⁸</em></strong></span> <span class='ocrx_word' id='word_1_983' title='bbox 3045 5554 3138 5607; x_wconf 75' lang='grc' dir='ltr'>καὶ</span> <span class='ocrx_word' id='word_1_984' title='bbox 3162 5556 3229 5609; x_wconf 76' lang='grc' dir='ltr'>τά</span> <span class='ocrx_word' id='word_1_985' title='bbox 3256 5557 3446 5628; x_wconf 88' lang='grc' dir='ltr'>πρῶτα</span> 
     </span>
    </p>
   </div>
   <div class='ocr_carea' id='block_1_129' title="bbox 1946 5743 3260 5808">
    <p class='ocr_par' dir='ltr' id='par_1_129' title="bbox 1946 5743 3260 5808">
     <span class='ocr_line' id='line_1_131' title="bbox 1946 5743 3260 5808; baseline -0.002 -10"><span class='ocrx_word' id='word_1_986' title='bbox 1946 5748 1973 5789; x_wconf 75' lang='grc' dir='ltr'>(ι</span> <span class='ocrx_word' id='word_1_987' title='bbox 1996 5749 2134 5798; x_wconf 89' lang='lat' dir='ltr'>Unus</span> <span class='ocrx_word' id='word_1_988' title='bbox 2154 5749 2224 5796; x_wconf 88' lang='lat' dir='ltr'>sic</span> <span class='ocrx_word' id='word_1_989' title='bbox 2262 5748 2454 5808; x_wconf 80' lang='lat' dir='ltr'>incipit,</span> <span class='ocrx_word' id='word_1_990' title='bbox 2479 5743 2744 5808; x_wconf 78' lang='grc' dir='ltr'>Εὐλογητὸς</span> <span class='ocrx_word' id='word_1_991' title='bbox 2764 5745 2790 5791; x_wconf 91' lang='grc' dir='ltr'>ὁ</span> <span class='ocrx_word' id='word_1_992' title='bbox 2814 5744 2947 5808; x_wconf 81' lang='grc' dir='ltr'>Θεὸς,</span> <span class='ocrx_word' id='word_1_993' title='bbox 2973 5746 3044 5794; x_wconf 83' lang='grc' dir='ltr'>ὅτι</span> <span class='ocrx_word' id='word_1_994' title='bbox 3068 5746 3142 5794; x_wconf 84' lang='grc' dir='ltr'>ἐπὶ</span> <span class='ocrx_word' id='word_1_995' title='bbox 3163 5753 3260 5804; x_wconf 87' lang='grc' dir='ltr'>τῆς.</span> 
     </span>
    </p>
   </div>
   <div class='ocr_carea' id='block_1_130' title="bbox 1946 5806 3447 5875">
    <p class='ocr_par' dir='ltr' id='par_1_130' title="bbox 1946 5806 3447 5875">
     <span class='ocr_line' id='line_1_132' title="bbox 1946 5806 3447 5875; baseline 0 -17"><span class='ocrx_word' id='word_1_996' title='bbox 1946 5826 1968 5850; x_wconf 74' lang='grc' dir='ltr'>υ</span> <span class='ocrx_word' id='word_1_997' title='bbox 1992 5813 2086 5875; x_wconf 67' lang='grc' dir='ltr'>μία</span> <span class='ocrx_word' id='word_1_998' title='bbox 2109 5812 2155 5859; x_wconf 83' lang='lat' dir='ltr'>in</span> <span class='ocrx_word' id='word_1_999' title='bbox 2181 5806 2500 5875; x_wconf 14' lang='lat' dir='ltr'>nliqgotﬁmsfs.</span> <span class='ocrx_word' id='word_1_1000' title='bbox 2543 5807 2810 5875; x_wconf 78' lang='grc' dir='ltr'>ἀνθρώπους</span> <span class='ocrx_word' id='word_1_1001' title='bbox 2836 5806 2996 5868; x_wconf 76' lang='lat' dir='ltr'>deest,</span> <span class='ocrx_word' id='word_1_1002' title='bbox 3043 5815 3094 5857; x_wconf 88' lang='lat' dir='ltr'>el.</span> <span class='ocrx_word' id='word_1_1003' title='bbox 3117 5809 3237 5858; x_wconf 79' lang='lat' dir='ltr'><strong>infra</strong></span> <span class='ocrx_word' id='word_1_1004' title='bbox 3264 5810 3447 5872; x_wconf 75' lang='lat' dir='ltr'>legitur</span> 
     </span>
    </p>
   </div>
   <div class='ocr_carea' id='block_1_131' title="bbox 1880 5870 2838 5931">
    <p class='ocr_par' dir='ltr' id='par_1_131' title="bbox 1880 5870 2838 5931">
     <span class='ocr_line' id='line_1_133' title="bbox 1880 5870 2838 5931; baseline -0.009 -8"><span class='ocrx_word' id='word_1_1005' title='bbox 1880 5873 2092 5931; x_wconf 64' lang='lat' dir='ltr'>apaaaov,</span> <span class='ocrx_word' id='word_1_1006' title='bbox 2118 5875 2202 5919; x_wconf 81' lang='lat' dir='ltr'>sed</span> <span class='ocrx_word' id='word_1_1007' title='bbox 2226 5872 2364 5931; x_wconf 69' lang='grc' dir='ltr'>ἄρδην</span> <span class='ocrx_word' id='word_1_1008' title='bbox 2388 5870 2533 5915; x_wconf 76' lang='lat' dir='ltr'>etiam</span> <span class='ocrx_word' id='word_1_1009' title='bbox 2560 5875 2637 5913; x_wconf 73' lang='lat' dir='ltr'>est.</span> <span class='ocrx_word' id='word_1_1010' title='bbox 2658 5870 2706 5914; x_wconf 81' lang='lat' dir='ltr'><strong>in</strong></span> <span class='ocrx_word' id='word_1_1011' title='bbox 2735 5881 2838 5931; x_wconf 62' lang='lat' dir='ltr'>|_I§u.</span> 
     </span>
    </p>
   </div>
   <div class='ocr_carea' id='block_1_132' title="bbox 1915 5924 3382 5996">
    <p class='ocr_par' dir='ltr' id='par_1_132' title="bbox 1915 5924 3382 5996">
     <span class='ocr_line' id='line_1_134' title="bbox 1915 5924 3382 5996; baseline -0.002 -16"><span class='ocrx_word' id='word_1_1012' title='bbox 1915 5924 1923 5938; x_wconf 58' lang='grc'>⁸</span> <span class='ocrx_word' id='word_1_1013' title='bbox 1949 5937 1961 5970; x_wconf 85' lang='grc' dir='ltr'><strong>ι</strong></span> <span class='ocrx_word' id='word_1_1014' title='bbox 1993 5924 2126 5981; x_wconf 56' lang='lat' dir='ltr'>limis</span> <span class='ocrx_word' id='word_1_1015' title='bbox 2146 5924 2445 5996; x_wconf 74' lang='grc' dir='ltr'>παλαίοντας,</span> <span class='ocrx_word' id='word_1_1016' title='bbox 2473 5931 2712 5996; x_wconf 71' lang='grc' dir='ltr'>νικῶντας..</span> <span class='ocrx_word' id='word_1_1017' title='bbox 2744 5929 2846 5976; x_wconf 62' lang='lat' dir='ltr'>Mm:</span> <span class='ocrx_word' id='word_1_1018' title='bbox 2869 5930 2949 5996; x_wconf 76' lang='lat' dir='ltr'><strong>a_lii</strong></span> <span class='ocrx_word' id='word_1_1019' title='bbox 2974 5948 3382 5996; x_wconf 70' lang='grc' dir='ltr'>στεφανουμενους,</span> 
     </span>
    </p>
   </div>
   <div class='ocr_carea' id='block_1_133' title="bbox 1959 5991 3044 6052">
    <p class='ocr_par' dir='ltr' id='par_1_133' title="bbox 1959 5991 3044 6052">
     <span class='ocr_line' id='line_1_135' title="bbox 1959 5991 3044 6052; baseline -0.024 -6"><span class='ocrx_word' id='word_1_1020' title='bbox 1959 6000 1979 6036; x_wconf 66' lang='grc' dir='ltr'>ε</span> <span class='ocrx_word' id='word_1_1021' title='bbox 2009 5997 2150 6046; x_wconf 71' lang='grc' dir='ltr'>Αίὶυδ</span> <span class='ocrx_word' id='word_1_1022' title='bbox 2178 5997 2257 6048; x_wconf 67' lang='grc' dir='ltr'>τὴν</span> <span class='ocrx_word' id='word_1_1023' title='bbox 2284 5991 2558 6052; x_wconf 51' lang='grc' dir='ltr'>προθυμίαν,</span> <span class='ocrx_word' id='word_1_1024' title='bbox 2589 5998 2849 6052; x_wconf 61' lang='lat' dir='ltr'>utrumque</span> <span class='ocrx_word' id='word_1_1025' title='bbox 2894 5992 3044 6046; x_wconf 42' lang='lat' dir='ltr'>bene.</span> 
     </span>
    </p>
   </div>
  </div>
