4102 6306
507 363 614 420 “3

496 480 777 548 εὐδόκιμος
806 476 903 541 ὢν,
936 477 1159 551 ὕστερον
1181 481 1260 542 είς
1287 476 1561 551 ἁμαρτίαν
1585 492 1611 520 ιι
1638 478 1925 533 κατέπεσε.
1946 477 2071 530 Μεί-

498 562 627 626 ζονα
652 562 758 632 γὰρ
783 562 878 630 τῆς
904 562 1108 624 οἰκείας
1138 564 1413 633 φρονήσας
1444 562 1622 629 ἀξίας,
1661 562 1970 631 ἐπεπήδησε
2000 563 2067 630 τῇ

498 648 594 716 τῆς
629 644 923 716 ἱερωσύνης
956 647 1119 717 ἀρχῇ.

570 727 832 780 Τοσοῦτόν
859 729 976 779 ἐστι
1001 729 1225 781 ἀπόνοια
1250 729 1416 782 κακόν
1436 746 1449 759 ο
1475 730 1568 782 καὶ
1606 728 1711 797 γὰρ
1738 728 1927 781 ἑαυτόν
1951 744 2071 779 τινα

498 808 724 863 ἕκαστον
753 811 962 877 ἀγνοεῖν
995 811 1297 877 ἀναπείθει,
1329 813 1419 865 καὶ
1455 811 1591 882 μετά
1624 812 1850 874 πολλοὺς
1878 811 2071 873 πόνους

500 892 714 946 ἅπαντα
755 896 898 945 κενοί
939 894 1036 960 τῆς
1089 896 1289 965 ἀρετῆς
1323 896 1415 947 τὸν
1480 896 1767 966 Θησαυρόν.
1826 895 1938 948 Καὶ
2005 893 2074 945 τὰ

504 976 603 1045 μὲν
639 975 771 1028 ἄλλα
807 976 948 1029 κακά
984 976 1363 1047 ῥᾳθυμούντων
1392 980 1546 1048 ήμῶν
1576 978 1945 1049 περιγίνεσθαι
1979 976 2062 1028 πέι

503 1075 690 1126 φυκεν,
720 1058 854 1127 αῦτη
887 1059 945 1111 δὲ
978 1060 1329 1128 κατορθοῦσιν
1374 1062 1503 1132 ἡμῖν
1547 1061 1859 1129 ἐπιφύεται.
1909 1059 2073 1112 Οὐδὲν

503 1142 613 1211 γὰρ
662 1141 831 1204 οὕτως
882 1142 1137 1195 ἀπόνοιαν
1182 1143 1384 1195 τίκτειν
1449 1143 1667 1208 εἴωθεν,
1709 1142 1783 1207 ὼς
1839 1142 2075 1205 συνειδὸς

503 1225 725 1294 ἀγαθὸν,
767 1227 861 1277 ἐὰν
904 1228 977 1295 μὴ
1013 1226 1381 1296 προσέχωμεν.
1422 1226 1520 1278 Διά
1562 1227 1719 1279 τοῦτο
1756 1228 1850 1279 καὶ
1878 1226 1907 1277 6
1939 1227 2073 1294 Χρι-

506 1309 630 1371 στος
659 1308 832 1370 εἰδὼς,
859 1309 939 1361 ὅτι
976 1310 1115 1377 μετὰ
1156 1311 1222 1361 τὰ
1257 1309 1652 1379 κατορθώματα
1698 1309 2075 1379 ἐπεισέρχεται

505 1390 660 1443 τοῦτο
693 1391 752 1442 τὸ
789 1390 955 1453 πάθος
1007 1393 1156 1461 ἡμῖν,
1197 1394 1307 1452 τοῖς
1353 1392 1617 1462 μαθηταῖς
1661 1392 1876 1458 ἔλεγεν·
1904 1392 2078 1441 Ὅταν

505 1472 702 1525 πάντα
752 1472 1076 1540 ποιήσητε,
1134 1474 1373 1542 λέγετε,
1429 1475 1518 1526 ὅτι
1574 1474 1812 1542 Ἀχρεῖοι
1869 1472 2077 1525 δοῦλοί

506 1555 711 1623 ἐσμεν.
748 1556 912 1608 Ὅταν
946 1558 1050 1628 γὰρ
1089 1556 1257 1627 μέλλῃ
1296 1557 1587 1609 ἐπεισιέναι
1626 1556 1686 1609 τὸ
1713 1555 1898 1627 θηρίον
1926 1555 2074 1625 ὑμῖν,

510 1640 630 1692 τότε
663 1638 750 1691 διὰ
779 1639 888 1692 τῶν
920 1640 1177 1709 ῥημάτων
1224 1639 1445 1704 τούτων,
1494 1640 1677 1707 φησιν,
1710 1636 2022 1692 ἀποκλείετε
2050 1638 2076 1677 ι’

508 1722 607 1783 τὰς
642 1721 809 1792 θύρας
846 1722 1013 1790 αὐτῷ.
1067 1721 1173 1773 Καὶ
1203 1723 1302 1775 οὐκ
1334 1717 1677 1781 εἴπεν,”οταν
1710 1721 1888 1773 πάντα
1921 1721 2078 1789 ποιή-

512 1820 663 1871 σητε,
699 1803 901 1875 ἀχρεῖοί
933 1806 1075 1869 ἐστε,
1103 1803 1215 1855 ἀλλ’
1253 1803 1436 1872 ἠιεῖς
1461 1803 1685 1870 λέγετε,
1717 1803 1805 1855 ὅτι
1842 1801 2081 1871 Ἀχρεῖοί

509 1885 714 1954 ἐσμεν.
746 1887 897 1948 Εἰπὲ,
930 1885 1003 1955 μὴ
1038 1886 1296 1956 φοϐηθῇς,
1321 1887 1419 1938 οὐκ
1449 1885 1556 1939 ἀπὸ
1588 1886 1685 1955 τῆς
1716 1889 1950 1956 κρίσεως
1982 1884 2080 1954 τῆς

512 1970 613 2040 σῆς
642 1970 790 2040 φέρω
812 1969 909 2039 τὴν
936 1969 1116 2038 ψῆφον
1157 1969 1285 2036 ἐγώ.
1319 1970 1414 2021 Ἂν
1443 1968 1549 2038 γὰρ
1592 1970 1654 2021 σὺ
1693 1970 1885 2022 σαυτὸν
1917 1968 2080 2035 εἴπης

512 2054 750 2124 ἀχρεῖον,
793 2052 903 2120 ἐγώ
948 2069 1006 2104 σε
1051 2051 1126 2115 ὡς
1158 2052 1428 2122 χρήσιμον
1484 2051 1752 2119 στεφανῶ.
1800 2050 1956 2104 υύτω
1991 2051 2082 2104 καὶ

512 2136 744 2207 ἀλλαχοῦ
775 2153 935 2207 φησι,
978 2135 1126 2205 Λέγε
1157 2136 1237 2188 σὺ
1265 2135 1493 2203 πρῶτος
1523 2133 1629 2201 τὰς
1661 2136 1910 2203 ἀνομίας
1942 2149 2080 2199 σου,

512 2220 615 2272 ἵνα
644 2216 791 2289 [115]
821 2217 1158 2286 δικαιωθῇς.
1202 2219 1325 2270 Ἐπὶ
1359 2218 1458 2287 μὲν
1497 2217 1605 2287 γὰρ
1636 2216 1744 2269 τῶν
1774 2217 1970 2281 ἔξωθεν
2006 2215 2085 2268 δι-

513 2302 823 2372 καστηρίων
850 2301 986 2370 μετά
1014 2300 1112 2371 τὴν
1139 2301 1469 2370 κατηγορίαν
1501 2301 1592 2352 καὶ
1624 2300 1946 2369 ὁμολογίανο
1977 2298 2084 2350 τῶν

516 2385 922 2455 ἁμαρτημάτων
949 2383 1203 2445 θάνατος·
1233 2386 1324 2436 ὲτεί
1354 2383 1411 2435 δέ
1443 2382 1534 2435 τοῦ
1566 2382 1707 2435 θείου
1737 2380 2083 2451 δικαστηρίου

518 2468 657 2538 μετά
689 2468 789 2538 τήν
822 2468 1153 2537 κατηγορίαν
1204 2467 1483 2534 στέφανος.
1517 2467 1605 2518 Διὸ
1643 2467 1736 2518 καὶ
1775 2465 1804 2517 ὁ
1836 2464 2085 2534 Σολομῶν

515 2551 667 2617 ἔλεγε
688 2566 701 2579 °
731 2549 825 2617 Μὴ
854 2549 1083 2601 δικαίου
1110 2549 1371 2602 σεαυτὸν
1397 2547 1650 2601 ἐνώπιον
1678 2548 1918 2614 Κυρίου.
1947 2547 2084 2599 Ἀλλ’

514 2632 725 2694 οὐδενὸς
787 2630 990 2685 τούτων
1023 2632 1249 2701 ἤκουσεν
1288 2632 1316 2683 6
1365 2629 1565 2694 Ἠζίας,
1613 2630 1725 2682 ἀλλ’
1771 2629 2087 2699 ἐπεισῆλθεν

516 2718 596 2778 εἰς
630 2714 718 2767 τὸν
751 2717 899 2779 ναὸν,
931 2714 1024 2767 καὶ
1071 2713 1269 2784 θυμιᾷν
1315 2713 1584 2777 ἐϐούλετο,
1628 2716 1721 2766 καὶ
1773 2713 1863 2767 τοῦ
1903 2714 2088 2784 ἱερέως

517 2800 811 2863 κωλύοντος
841 2800 938 2851 οὐκ
982 2799 1245 2868 ἠνείχετο.
1291 2798 1354 2849 Τί
1385 2794 1475 2851 οῦν
1508 2799 1535 2847 ὁ
1571 2798 1735 2863 Θεός;
1776 2798 2088 2867 Ἐπαφῆκεν

517 2884 667 2953 αὐτῷ
719 2884 923 2953 λέπραν
971 2882 1110 2935 κατά
1142 2882 1233 2934 τοῦ
1276 2880 1546 2952 μετώπου,
1592 2882 1690 2951 τὴν
1736 2882 2090 2950 ἀναίσχυντον

520 2966 760 3031 κολάζων
789 2966 931 3035 ὄψιν,
967 2965 1060 3017 καὶ
1098 2964 1366 3017 παιδεύων
1398 2964 1577 3029 αὑτὸν,
1605 2965 1686 3017 ὅτι
1718 2962 1861 3016 θεῖόν
1890 2966 2005 3015 ἐστι
2030 2963 2091 3017 τὸ

517 3049 885 3119 δικαστήριον,
925 3047 1025 3101 καὶ.
1048 3048 1108 3098 οὐ
1141 3047 1275 3117 πρὸς
1317 3046 1634 3117 ἀνθρώπους
1663 3047 1692 3099 6
1724 3046 1957 3117 πόλεμος
1999 3042 2087 3118 ἦν.

520 3134 630 3186 Καὶ
674 3134 743 3185 τὰ
789 3131 889 3201 μὲν
942 3129 1084 3184 κατά
1128 3130 1217 3182 τὸν
1257 3130 1437 3193 ὐζίαν
1486 3127 1679 3182 ταῦτα.
1706 3128 1842 3199 Φέρε
1884 3129 1950 3199 δὴ
2000 3130 2093 3182 καὶ

519 3216 724 3270 ἄνωθεν
745 3215 840 3286 τὴν
865 3214 1100 3286 ἱστορίαν
1123 3213 1287 3284 αὐτήν
1337 3213 1668 3284 ἐπέλθωμεν.
1688 3212 1785 3266 Διά
1806 3211 1913 3283 γὰρ
1938 3212 2094 3266 τοῦτο

521 3307 615 3357 καὶ
651 3304 811 3366 αὐτὸς
849 3300 1132 3373 προλαϐὼν
1162 3303 1219 3353 ἐν
1248 3302 1440 3371 βραχεῖ
1470 3300 1815 3371 διηγησάμην
1849 3300 1979 3370 ὑμῖν
2024 3300 2095 3353 τὰ

522 3384 902 3456 συμϐεϐηκότα
937 3384 1109 3437 πάντα
1130 3425 1144 3448 ,
1192 3384 1255 3435 ἵν’
1285 3384 1410 3435 ὅταν
1460 3381 1693 3453 ἀκούητε
1741 3384 1840 3453 τῆς
1873 3382 2094 3455 Γραφῆς

520 3469 692 3521 ταῦτα
727 3466 1205 3537 ἀπαγγελλούσης,
1252 3465 1696 3535 παρακολουθῆτε
1748 3464 1888 3535 μετά
1936 3467 2094 3536 ἀκρι-

525 3550 675 3613 ϐείας
707 3550 905 3613 αὐτοῖς.
938 3548 1097 3602 Ἀλλὰ
1128 3549 1440 3618 προσέχετε.
1469 3547 1575 3602 Καὶ
1604 3547 1877 3616 ἐποίησε,
1910 3548 2093 3617 φησὶν.

537 3633 717 3699 Ὀζῗας
757 3633 824 3686 τὸ
870 3632 1041 3696 εὐθὲς
1069 3632 1324 3686 ἐνώπιον
1363 3630 1605 3700 Kvptov.
1641 3630 1899 3701 Μεγάλην
1931 3629 2095 3684 αὐτοῦ

524 3715 616 3769 διὰ
652 3715 856 3768 τούτων
886 3714 1266 3787 ἐμαρτύρησεν
1314 3715 1535 3786 ἀρετήν.
1565 3716 1640 3766 Οὐ
1682 3714 1791 3783 γὰρ
1836 3712 1897 3766 τὸ
1944 3712 2099 3776 εὑθὲς

526 3798 698 3852 ἐποίει
726 3798 909 3869 μόνον,
932 3798 1069 3851 ἀλλά
1096 3798 1188 3851 καὶ
1214 3798 1443 3851 ἐνώπιον
1476 3797 1705 3870 Κυρίου,
1732 3797 1793 3850 οὐ
1822 3796 1959 3867 πρὸς
1982 3796 2101 3849 ἐπί-

526 3882 693 3948 δειξιν
720 3882 1041 3954 ἀνθρώπων,
1073 3884 1320 3955 καθάπερ
1346 3886 1542 3936 ἐκεῖνοι
1574 3884 1621 3935 οἱ
1649 3881 1800 3953 παρὰ
1829 3884 1939 3945 τοῖς
1972 3881 2101 3935 Ἰου-

528 3966 705 4028 δαίοις
735 3965 839 4036 πρὸ
868 3966 968 4036 τῆς
1010 3965 1374 4036 ἐλεημοσύνης
1414 3966 1782 4028 σαλπίζοντες,
1811 3966 1861 4017 οἱ
1893 3967 1949 4017 ἐν
1983 3966 2099 4025 ταῖς

528 4050 807 4117 νηστείαις
836 4048 906 4099 τὰ
935 4048 1205 4119 πρόσωπα
1232 4046 1603 4117 ἀφανίζοντες,
1634 4049 1683 4099 οί
1715 4047 1811 4109 τὰς
1843 4046 2006 4118 εὐχάς
2043 4048 2100 4097 ἐν

528 4135 648 4194 ταῖς
669 4131 925 4201 ἀμφόδοις
951 4130 1279 4200 ποιούμενον
1295 4125 1367 4183 ὧν
1379 4130 1430 4181 τί
1454 4130 1647 4196 γένοιτ’
1667 4130 1731 4184 ἂν
1754 4130 2096 4201 ἀθλιώτερον,

528 4217 657 4269 ὃταν
689 4216 814 4277 τοὺς
860 4215 956 4285 μὲν
1004 4215 1198 4277 πόνους
1237 4212 1580 4284 ὑπομένωσι,
1622 4214 1722 4283 τῆς
1764 4213 1821 4264 δὲ
1866 4212 2101 4284 ἀμοιϐῆς

530 4298 937 4369 ἀποστερῶνται
966 4299 1181 4367 ἁπάσης
1200 4316 1215 4364 ;

605 4384 672 4453 β’.
691 4382 757 4434 Τί
773 4384 964 4445 ποιεῖς,
982 4381 1234 4454 ἄνθρωπε
1254 4380 1456 4451 ;1ὲτέρῳ
1478 4377 1688 4450 μέλλεις
1714 4377 1938 4455 εύθύνας
1967 4379 2102 4431 διδό-

532 4484 621 4521 ναι
644 4464 751 4519 τῶν
797 4465 1222 4536 πεπραγμένων,
1255 4463 1348 4518 καὶ
1394 4464 1581 4533 ἕτερον
1628 4462 1877 4533 μάρτυρα
1920 4462 2103 4525 καλεῖς

530 4548 643 4603 τῶν
686 4548 1015 4618 γινομένων;
1062 4547 1246 4618 ἕτερον
1291 4547 1432 4616 ἔχεις
1476 4545 1755 4616 δικαστὴν,
1786 4545 1881 4598 καὶ
1918 4544 2104 4614 ἓτερον

535 4633 775 4695 καθίζεις
803 4630 1028 4700 θεατήν;
1054 4630 1165 4699 Οὐχ
1199 4631 1331 4700 ὁρᾷς
1356 4629 1480 4692 τοὺς
1511 4628 1776 4699 ἡνιόχους,
1802 4628 1851 4681 οἳ
1879 4626 1977 4697 τῆς
2008 4627 2106 4680 πό-

534 4719 670 4779 λεως
716 4714 931 4784 ἀπάσης
972 4714 1084 4769 ἀνω
1130 4713 1443 4783 καθημένης
1492 4714 1550 4767 ἐν
1594 4715 1713 4775 ταῖς
1763 4711 1872 4765 τῶν
1928 4712 2105 4764 ἵππων

535 4799 807 4871 ἁμίλλαις,
833 4797 981 4850 ἅπαν
1005 4795 1098 4850 τοῦ
1127 4796 1343 4849 σταδίου
1370 4796 1806 4867 παρατρέχοντες
1832 4795 1893 4847 τὸ
1919 4794 2104 4865 μέρος,

535 4885 653 4937 ἐκεῖ
680 4880 1035 4951 φιλονεικοῦσι
1066 4880 1136 4934 τά
1163 4879 1271 4934 τῶν
1304 4878 1611 4933 ἀντιπάλων
1633 4876 1660 4915 ἀ
1690 4880 1911 4950 ἅρματα
1942 4894 2104 4930 κατα-

466 5014 467 5017 η
538 4966 811 5036 στρέφειν,
841 4964 967 5018 ἔνθα
996 4963 1061 5016 ἂν
1087 4963 1237 5015 ῐδωσι
1268 4962 1358 5014 τὸν
1386 4961 1608 5031 βασιλέα
1655 4962 1981 5031 καθήμενον,
2012 4960 2106 5012 καὶ

536 5048 801 5104 τοσούτων
822 5047 995 5117 ὁψεων
1016 5047 1111 5099 ἐνα
1131 5044 1434 5117 νομίζουσιν
1459 5044 1893 5115 ἀξιοπιστότερον
1918 5042 2107 5113 ὀφθαλ-

602 5233 628 5262 ¹¹
648 5231 864 5291 Quatuor
886 5243 1000 5279 mss.
1026 5226 1359 5290 εὐδοκιμήσας,
1381 5226 1576 5285 ὕστερον
1598 5227 1713 5290 πρὸς
1735 5226 1984 5289 ἁμαρτίαν.

597 5292 629 5334 δ
642 5290 778 5342 Unus
793 5290 1121 5341 ἀποκλείσατε.

602 5358 627 5387 ο
652 5355 733 5403 Sic
767 5360 873 5403 tres
899 5366 1012 5401 mss.
1056 5358 1111 5399 et.
1148 5351 1220 5399 sic
1236 5350 1361 5407 legit
1384 5348 1627 5397 Erasmus.
1666 5346 1721 5395 In
1759 5349 1905 5398 editis
1926 5352 2005 5397 καὶ
2025 5351 2109 5407 τήν

539 5417 792 5487 ὁμολογίαν
816 5417 1013 5487 deerat.
1037 5414 1213 5487 νθτυξη
1238 5411 1383 5487 Paul?
1398 5418 1528 5487 Ρίξεεε
1555 5408 1711 5487 alii“!
1730 5412 1905 5487 ,ἓτεςο
1928 5412 2111 5487 lea-rith

541 5472 661 5539 μετὰ
683 5472 766 5535 τὴν
789 5476 1071 5539 κατηγορίαν
1096 5476 1336 5539 στέφανος,
1364 5481 1410 5521 et
1439 5474 1535 5539 d_uo
1554 5472 1874 5539 mss._§ddunl
1892 5472 2007 5539 μετά
2024 5476 2110 5531 τήν

539 5533 823 5600 κατηγορίαν
860 5533 981 5585 τῶν’
1004 5533 1354 5600 ἁμαρτημάτων
1391 5535 1634 5596 στέφανος,
1678 5533 1907 5600 Erasmus
1949 5536 2110 5600 locpm

541 5594 761 5661 pieu'iin'i,
784 5608 839 5648 ut
864 5608 997 5657 ante,
1022 5594 1220 5661 repetit,
1242 5596 1329 5653 sic,
1351 5600 1456 5656 post
1488 5594 1843 5661 'accusaiionem
1861 5601 1907 5645 et
1923 5594 2111 5661 confes-

539 5658 724 5709 iionem
750 5668 1051 5720 peccatorum
1082 5658 1233 5707 ’damr
1273 5670 1468 5720 corona,
1491 5670 1634 5717 quam
1678 5658 2109 5720 interpreiiqnem,

539 5724 656 5782 quia
676 5718 791 5769 nihil
818 5722 877 5768 ad
921 5734 1116 5770 sensum
1155 5720 1307 5775 addit,
1348 5719 1632 5780 relinquere
1656 5720 1809 5767 visum
1837 5725 1931 5768 est.
1958 5718 2112 5769 Paulo

540 5789 649 5845 posit
670 5784 696 5829 6
720 5783 937 5845 Σολομῶν
969 5795 1058 5844 pro
1075 5785 1102 5832 6
1120 5783 1405 5845 Σειρακίδης.

604 5841 631 5880 ά
657 5845 762 5891 Τῶν
782 5840 1076 5904 ἀντιτέχνων,
1120 5840 1321 5891 ειείτθε
1353 5855 1465 5891 mss.
1490 5840 1615 5891 Infra
1642 5842 1791 5891 iidem
1816 5841 1895 5889 τὸν
1916 5842 2009 5889 τῶν
2028 5844 2111 5901 ἀγ-

542 5906 691 5977 γέλων
731 5903 965 5965 βασιλέαζ
993 5903 1117 5954 lnlra
1158 5916 1281 5954 unus
1347 5905 1425 5951 καὶ
1467 5904 1709 5961 τοσούτων
1757 5906 1911 5967 ὁψεων
1957 5906 2112 5953 ούοων

542 5982 625 6015 ινα
642 5981 746 6026 νομ.

1178 360 1237 417 S.
1272 359 1553 417 JOANNIS
1584 358 2077 417 οιιιιγωετοιιι
2112 355 2430 414 ARCHIEP.
2470 354 3016 414 CONSTANTINOP.

3636 356 3742 412 114

2182 478 2312 546 μόν;
2346 477 2417 529 Σὺ
2444 475 2500 529 δὲ
2538 474 2699 529 αὐτὸν
2744 475 2836 527 τὸν
2867 472 2976 526 τῶν
3019 469 3264 539 ἀγγέλων
3295 470 3473 525 αὐτῶν
3522 470 3748 541 βασιλέα

2176 572 2285 630 τοῖς
2316 570 2424 630 σοῖς
2448 567 2665 637 δρόμοις
2694 564 3130 633 ἀγωνοθετοῦντα
3160 562 3321 631 ὀρῶν,
3349 564 3558 616 ἐκεῖνον
3589 565 3747 633 ἀφεὶς

2176 652 2268 702 ἐπὶ
2301 650 2396 713 τὰς
2438 650 2547 702 τῶν
2577 648 2877 720 ὁμοδούλων
2910 645 3273 715 καταφεύγεις
3303 646 3489 714 ὁψειςς
3524 648 3623 700 Διά
3664 664 3749 700 τοι

2177 732 2332 785 τοῦτο
2368 734 2503 802 μετά
2536 732 2634 793 τὰς
2678 731 2877 802 μυρίας
2916 729 3091 792 πάλας
3131 730 3506 797 ἀστεφάνωτος
3536 731 3749 800 ἀναχω-

2181 817 2322 883 ρεῖς.
2361 814 2497 882 μετά
2540 815 2667 876 τοὺς
2714 812 2939 874 πολλοὺς
2994 810 3222 882 ἱδρῶτας
3262 811 3428 881 χωρὶς
3484 812 3751 883 βραϐείων

2179 896 2391 966 ἀπέρχῃ
2417 896 2550 966 πρὸς
2574 896 2664 948 τὸν
2691 894 3057 964 ἀγωνοθέτην;
3084 893 3221 946 Ἀλλ’
3241 893 3339 945 ούκ
3375 891 3555 957 Ὀζίας
3578 892 3753 947 τοιοῦ-

2180 994 2269 1040 τος
2294 974 2381 1046 ἦν,
2410 978 2522 1031 ἀλλ’
2549 976 2775 1030 ἐνώπιον
2806 978 3012 1047 Κυρίου
3047 977 3107 1029 τὸ
3137 976 3289 1040 εύθὲς
3315 976 3509 1031 ἐποίει.

2267 1060 2388 1122 Πῶς
2447 1055 2541 1112 οὖν
2600 1059 2740 1112 οὕτω
2806 1059 2943 1130 μετά
3002 1058 3285 1128 ἀκριϐείας
3338 1057 3755 1128 πολιτευόμενος

2183 1142 2540 1213 ύπεσκελίσθη
2587 1144 2680 1195 καὶ
2724 1142 3019 1206 κατέπεσε;
3069 1140 3236 1194 Τοῦτο
3269 1139 3375 1210 γὰρ
3422 1139 3577 1209 κάγὼ
3624 1142 3756 1194 θαυ-

2187 1225 2340 1295 μάζω
2370 1225 2464 1279 καὶ
2494 1225 2759 1296 διαπορῶ,
2794 1225 2990 1295 μᾶλλον
3019 1224 3074 1277 δέ
3106 1225 3204 1277 οὐκ
3234 1223 3298 1276 ἂν
3328 1225 3412 1294 εἴη
3452 1224 3611 1277 τοῦτο
3639 1225 3757 1277 δια-

2184 1310 2467 1378 πορήσεως
2517 1308 2695 1372 ἄξιον*
2743 1309 3027 1379 ἄνθρωπος
3075 1309 3184 1379 γὰρ
3212 1305 3301 1377 ἦν,
3337 1311 3569 1378 πρᾶγμα
3620 1310 3757 1379 πρὸς

2182 1390 2455 1460 ἁμαρτίαν
2480 1391 2769 1457 εύόλισθον,
2797 1392 2891 1444 καὶ
2918 1391 3053 1461 πρὸς
3078 1390 3275 1443 κακίαν
3297 1391 3617 1462 ὀξύρροπον.
3650 1394 3759 1444 Καὶ

2184 1472 2243 1524 οὐ
2278 1472 2434 1525 τοῦτο
2468 1473 2628 1543 μόνον
2674 1474 2792 1526 ἐστὶ
2821 1474 2882 1526 τὸ
2930 1473 3181 1543 χαλεπὸν,
3230 1474 3344 1526 ἀλλ’
3387 1476 3469 1527 ὅτι
3517 1475 3609 1526 καὶ
3640 1474 3763 1525 666v

2187 1554 2375 1626 στενὴν
2397 1556 2490 1609 καὶ
2511 1555 2872 1628 τεθλιμμένην
2896 1556 3097 1609 ὁδεύειν
3121 1556 3359 1626 ἐπετάγη
3370 1574 3465 1624 μεν
3491 1555 3596 1608 ύπὸ
3622 1572 3760 1625 κρη-

2189 1638 2335 1711 μνῶν
2383 1640 2717 1710 ἑκατέρωθεν
2764 1640 3176 1710 ἀπειλημμένην
3208 1651 3253 1694 ο.
3284 1640 3441 1711 [114]
3468 1640 3637 1693 Ὅταν
3665 1636 3760 1693 οὖν

2188 1722 2283 1774 καὶ
2322 1723 2691 1793 προαιρέσεως
2722 1722 2938 1776 εὐκολία
2981 1723 3073 1775 καὶ
3120 1723 3237 1775 ὁδοῦ
3280 1723 3534 1776 δυσκολία
3569 1724 3759 1776 συνέλ-

2189 1804 2352 1857 θωσιν
2382 1806 2461 1866 είς
2488 1803 2701 1867 ταύτὸν,
2738 1805 2811 1873 μὴ
2843 1804 3085 1872 θαύμαζε
3120 1805 3302 1856 λοιπὸν
3343 1806 3483 1875 ὑπὲρ
3515 1806 3620 1857 τῶν
3652 1824 3761 1858 πα-

2191 1887 2587 1958 ραπτωμάτων.
2629 1887 2893 1957 Καθάπερ
2924 1892 3029 1956 γὰρ
3061 1889 3116 1938 ἐν
3148 1890 3257 1950 τοῖς
3287 1887 3530 1958 θεάτροις
3568 1890 3617 1941 οἱ
3660 1889 3761 1959 τὴν

2192 1974 2397 2040 σχοῖνον
2420 1970 2517 2041 τὴν
2546 1969 2789 2023 κάτωθεν
2815 1970 2925 2022 ἀνω
2953 1970 3250 2041 τεταμένην
3280 1970 3298 2009 ί
3333 1971 3639 2025 ἀναϐαίνειν
3666 1975 3763 2024 καὶ

2191 2053 2534 2107 καταϐαίνειν
2570 2052 2897 2124 μελετῶντες
2919 2095 2933 2118 ,
2984 2055 3050 2106 ἂν
3107 2053 3297 2124 μικρὸν
3333 2055 3760 2124 παραϐλέψωσι,

2191 2137 2637 2209 παρατραπέντες
2666 2137 3147 2206 κατενεχθήσονται
3181 2138 3258 2199 είς
3296 2137 3391 2206 τὴν
3427 2139 3760 2208 ὀρχήστραν,

2192 2220 2286 2273 καὶ
2302 2219 2645 2273 ἀπολοῦνται·
2661 2218 2804 2272 οὓτω
2819 2220 2908 2272 καὶ
2925 2220 2973 2271 οί
2994 2219 3088 2289 τὴν
3108 2220 3224 2271 666v
3239 2220 3443 2290 ταύτην
3465 2221 3762 2283 ὁδεύοντες,

2193 2304 2269 2357 ἂν
2296 2303 2488 2374 μικρὸν
2516 2303 2890 2374 ρᾳθυμήσωσι,
2922 2302 3469 2374 κατακρημνίζονται.
3505 2305 3613 2357 Καὶ
3652 2304 3764 2374 γὰρ

2194 2388 2406 2456 ἐκείνης
2429 2386 2754 2461 τῆςισχοίνου
2777 2389 2808 2455 ἡ
2833 2386 2948 2448 ὁδὸς
2969 2386 3108 2456 αῦτη
3140 2386 3230 2439 καὶ
3252 2387 3536 2457 στενοτέρα
3561 2388 3653 2440 καὶ
3671 2388 3767 2459 ὁρ-

2195 2470 2307 2532 θιος
2326 2470 2420 2521 καὶ
2442 2472 2746 2539 προσάντης
2763 2468 2961 2539 μᾶλλόν
2982 2470 3095 2521 ἐστι
3122 2470 3213 2522 καὶ
3229 2468 3531 2539 ὑψηλοτέρα
3550 2470 3729 2539 πολλῷ
3748 2487 3761 2498 ·

2196 2552 2333 2623 πρὸς
2359 2552 2466 2623 γὰρ
2495 2552 2652 2604 αὑτὸν
2681 2553 2791 2605 ἀνω
2826 2550 3048 2622 τελευτᾷ
3074 2554 3096 2590 ε
3127 2551 3219 2603 τὸν
3249 2552 3496 2621 οὐρανὸν,
3523 2555 3614 2605 καὶ
3642 2554 3767 2606 τότε

2194 2637 2328 2705 ἡμῖν
2354 2635 2735 2705 σφαλερώτερα
2764 2633 2915 2686 ἔσται
2941 2635 3010 2686 τὰ
3036 2634 3363 2704 διαϐήματα,
3386 2635 3512 2687 ὅταν
3536 2636 3647 2687 άνω
3671 2637 3768 2688 καὶ

2197 2718 2332 2789 πρὸς
2360 2718 2497 2787 αὐτῇ
2528 2717 2811 2786 γενώμεθα
2836 2718 2901 2786 τῇ
2932 2720 3177 2787 κορυφῇ·
3209 2719 3320 2779 τοῖς
3354 2717 3461 2787 γὰρ
3486 2720 3569 2786 ἐφ’
3596 2716 3768 2786 ὕψους

2198 2802 2392 2854 ἐστῶσι
2430 2801 2591 2865 πολὺς
2618 2803 2645 2853 ὁ
2674 2801 2891 2871 τρόμος,
2922 2802 3013 2852 καὶ
3045 2801 3141 2870 μία
3174 2802 3332 2870 μόνον
3362 2803 3629 2870 ἀσφάλεια
3659 2804 3771 2855 λεί-

2198 2902 2386 2949 πεται,
2430 2884 2491 2937 τὸ
2534 2883 2607 2955 μὴ
2644 2882 2952 2952 κατακύψαι
2982 2884 3151 2948 κάτω,
3187 2884 3320 2954 μηδὲ
3365 2886 3446 2947 είς
3482 2885 3584 2954 γῆν
3616 2886 3768 2938 ἰδεῖν.

2199 2971 2309 3024 Καὶ
2343 2968 2453 3039 γὰρ
2492 2967 2722 3039 χαλεπὸς
2752 2965 3001 3020 ἐντεῦθεν
3025 2969 3052 3019 ὁ
3083 2968 3381 3031 σκοτὸδινος
3408 2968 3632 3037 γίνεται.
3667 2971 3771 3023 Διά

2197 3070 2281 3106 τοι
2309 3051 2468 3105 τοῦτο
2513 3050 2748 3121 συνεχῶς
2782 3052 2915 3119 ἡμῖν
2944 3051 2971 3101 ὁ
3000 3050 3287 3123 Προφήτης
3317 3052 3510 3123 ἐπιϐοᾲ
3556 3054 3732 3120 λέγων
3752 3071 3767 3084 ο

2200 3139 2306 3201 Εἰς
2340 3134 2408 3189 τὸ
2440 3134 2613 3199 τέλος
2651 3132 2737 3201 μὴ
2782 3132 3160 3201 διαφθείρῃς·
3215 3134 3561 3205 ρᾳθυμοῦσαν
3609 3137 3774 3205 ἡμῶν

2200 3219 2297 3289 τὴν
2326 3217 2501 3289 ψυχὴν
2539 3215 2898 3280 ἀναστέλλων,
2927 3216 3020 3268 καὶ
3068 3216 3364 3286 μέλλουσαν
3407 3218 3772 3272 καταπίπτειν

2201 3300 2408 3370 ἀνέχων
2439 3301 2533 3353 καὶ
2563 3298 2887 3369 διακρατῶν.
2922 3299 3010 3351 Ἐν
3044 3300 3183 3369 ἀρχῇ
3219 3300 3316 3367 μὲν
3348 3300 3455 3372 γάρ
3476 3300 3536 3353 οὐ
3569 3301 3773 3371 πολλῆς

2201 3381 2435 3452 δεόμεθα
2497 3382 2596 3451 τῆς
2641 3379 3055 3452 παρακλήσεως.
3098 3382 3163 3434 Τί
3213 3382 3447 3452 ἃήποτε;
3495 3383 3616 3435 ’Ότι
3664 3386 3775 3447 πᾶς

2203 3466 2298 3521 ἀνθ
2308 3481 2504 3535 ρωπος,
2532 3464 2632 3519 κᾶν
2658 3465 2909 3519 ἁπάντων
2935 3464 3265 3528 νωθέστατος
3287 3460 3343 3538 ᾖ,
3375 3464 3580 3535 μέλλων
3606 3467 3777 3520 ἄπτε-

2206 3548 2328 3601 σθαι
2366 3544 2731 3619 πράγματος,’
2763 3547 2962 3619 πολλὴν
2990 3550 3048 3600 ἐν
3092 3550 3201 3608 τοῖς
3231 3548 3534 3618 προοιμίοις
3574 3548 3779 3601 ἐπιδεί-

2204 3646 2394 3683 κνυται
2433 3631 2530 3699 τὴν
2579 3629 2828 3701 σπουδὴν,
2864 3631 2957 3683 καὶ
2992 3631 3089 3700 τῆς
3136 3630 3443 3703 προθυμίας
3488 3631 3779 3700 ἀκμαζού-

2208 3730 2327 3783 σης,
2368 3713 2462 3766 καὶ
2503 3714 2603 3783 τῆς
2640 3715 2917 3785 δυνάμεως
2960 3717 3157 3785 νεαρᾶς
3196 3713 3361 3785 οὔσης
3408 3714 3521 3779 ἐτι,
3576 3715 3776 3786 ῥᾳδίως

2206 3796 2343 3864 πρὸς
2369 3796 2431 3849 τὸ
2457 3796 2814 3867 προκείμενον
2839 3798 3105 3852 ἐπιϐαίνει
3124 3814 3137 3828 ο
3166 3798 3291 3850 ὅταν
3319 3797 3375 3850 δὲ
3406 3798 3467 3851 τὸ
3490 3798 3651 3850 πλέον
3674 3799 3779 3869 τῆς

2205 3878 2326 3932 ὁδοῦ
2373 3879 2741 3950 προέλθωμεν,
2792 3881 2886 3933 καὶ
2936 3880 3184 3951 μαρανθῇ
3227 3879 3297 3932 τά
3338 3880 3438 3949 τῆς
3470 3881 3779 3951 προθυμίας

2208 3965 2359 4034 ἡμῖν,
2389 3968 2457 4017 τὰ
2490 3963 2547 4016 δὲ
2579 3964 2677 4036 τῆς
2715 3964 2998 4036 δυνάμεως
3026 3964 3180 4035 ἡμῶν
3214 3964 3372 4035 λήξῃ,
3409 3964 3692 4035 μέλλωμεν
3718 3969 3780 4021 δὲ

2209 4046 2590 4112 καταπίπτειν,
2631 4048 2752 4100 τότε
2782 4049 2910 4119 ἡμῖν
2948 4051 2976 4101 ὁ
3015 4049 3297 4120 προφήτης
3341 4050 3610 4122 εὐκαίρως
3640 4070 3780 4122 παρο

2214 4132 2465 4196 ίσταται,
2528 4131 2773 4201 καθάπερ
2839 4131 3137 4204 βακτηρίαν
3184 4132 3304 4185 τινὰ
3357 4132 3418 4185 τὸ
3462 4133 3782 4205 ἐπίφθεγμα

2209 4215 2366 4268 τοῦτο
2406 4210 2634 4287 ὀρέγων,
2677 4217 2771 4269 καὶ
2820 4216 3014 4287 λέγων,
3059 4221 3163 4285 Εὶς
3204 4219 3271 4273 τὸ
3315 4220 3491 4287 τέλος
3523 4221 3609 4290 μὴ
3650 4220 3778 4275 δια-

2210 4300 2473 4367 φθείρης-

2282 4381 2391 4433 Καὶ
2425 4381 2533 4451 γὰρ
2560 4379 2589 4431 6
2617 4380 2857 4445 διάϐολος
2889 4384 3011 4436 τότε
3042 4384 3395 4456 σφοδρότερον
3423 4388 3547 4438 πνεῖ
3572 4383 3622 4441 ι.
3668 4388 3784 4442 Καὶ

2212 4464 2462 4535 καθάπερ
2506 4465 2556 4516 οἱ
2601 4464 2700 4534 τὴν
2753 4464 3019 4519 θάλατταν
3055 4466 3305 4530 πλέοντες
3352 4469 3638 4539 πειραταὶ,
3681 4472 3785 4542 οὐχ

2211 4548 2337 4602 ὅταν
2370 4546 2550 4600 ἴδωσιν
2584 4547 2792 4611 ἐξιόντα
2829 4548 2921 4601 τοῦ
2955 4549 3169 4620 λιμένος
3196 4550 3265 4602 τὰ
3303 4550 3480 4615 πλοῖα,
3516 4553 3635 4605 τότε
3663 4554 3786 4607 ἐπι-

2212 4631 2467 4697 τίθενται,
2503 4630 2577 4700 (τί
2606 4631 2715 4702 γὰρ
2745 4632 2926 4694 αὐτοῖς
2953 4631 3143 4701 ὄφελος
3192 4633 3346 4686 κενὸν
3390 4635 3689 4689 καταδῦσαι
3720 4636 3785 4689 τὸ

2215 4713 2473 4783 σκάφος;)
2501 4712 2614 4766 ἀλλ’
2634 4715 2762 4767 ὅταν
2789 4714 2983 4785 ἐπανίῃ
3009 4715 3188 4785 πλήρη
3225 4716 3315 4769 τὸν
3346 4718 3541 4787 φόρτον
3569 4717 3784 4787 ἔχοντα,

2212 4796 2334 4849 τότε
2377 4796 2556 4848 πᾶσαν
2607 4795 2814 4849 κινοῦσι
2850 4798 3123 4867 μηχανήνο
3153 4797 3295 4851 οὓτω
3337 4799 3429 4851 καὶ
3473 4802 3502 4853 ὁ
3547 4801 3788 4871 πονηρὸς

2213 4879 2418 4948 δαίμων
2450 4879 2673 4943 ἐκεῖνος,
2703 4878 2830 4931 ὅταν
2861 4879 2943 4950 ίδῃ
2984 4880 3153 4933 πολλά
3193 4883 3589 4952 συναγηοχότας
3614 4880 3659 4945 ί,
3687 4900 3790 4954 νη-

2217 4962 2417 5026 στείαν,
2452 4960 2634 5030 εὐχὰς,
2667 4960 3058 5033 ἐλεημοσύνην,
3090 4964 3461 5035 σωφροσύνην,
3491 4964 3588 5035 τὴν
3619 4964 3791 5035 ἀλλην

2216 5046 2432 5098 ἃπασαν
2464 5044 2681 5114 ἀρετὴν,
2712 5043 2839 5096 ὅταν
2869 5044 2954 5117 ἴδῃ
2983 5045 3151 5115 γέμον
3179 5046 3333 5116 ἡμῶν
3362 5047 3423 5100 τὸ
3462 5047 3645 5111 πλοῖον
3675 5047 3790 5100 τῶν

2215 5125 2519 5180 πολυτελῶν
2555 5129 2655 5197 τῆς
2690 5126 2967 5192 εὐσεϐείας
3017 5127 3199 5192 λίθων,
3244 5129 3368 5183 τότε
3419 5130 3791 5203 προσϐάλλει,

2218 5216 2482 5271 πάντοθεν
2530 5216 2822 5289 διορύττων
2871 5219 2961 5271 τὸν
3000 5218 3289 5292 θησαυρὸν,
3319 5220 3458 5274 ὥστε
3490 5222 3621 5293 παρ’
3650 5221 3798 5275 αύτά

2216 5301 2309 5355 τοῦ
2334 5301 2548 5372 λιμένος
2579 5303 2648 5355 τά
2688 5303 2929 5371 στόματα
2964 5303 3261 5357 καταδῦσαι
3308 5304 3369 5358 τὸ
3406 5306 3648 5375 σκάφος,
3696 5307 3797 5359 καὶ

2285 5474 2307 5501 θ
2336 5471 2564 5521 Erasmus
2585 5471 2764 5534 legisse
2786 5471 2980 5534 videtur
3009 5474 3291 5532 ἑκατέρωθεν
3324 5470 3658 5532 ἀπειλημένην,
3680 5483 3799 5519 ver-

2221 5534 2276 5581 lil
2297 5536 2461 5597 enim,
2487 5532 2773 5597 ργιεοὶῥίιὶίε
2813 5532 3066 5591 minacem,
3110 5547 3290 5597 nempe
3320 5535 3463 5583 viam.
3501 5535 3603 5582 Sed
3626 5534 3802 5582 nullus

2220 5595 2373 5642 codex
2390 5597 2461 5644 sic
2486 5595 2648 5645 habet;

2284 5656 2304 5693 ί
2336 5656 2468 5704 Unus
2486 5657 2834 5717 ἐπιτεταμένην.

2287 5722 2310 5756 Β
2336 5718 2459 5781 res
2478 5732 2596 5781 m_ss.
2622 5714 2720 5765 ἄνω
2743 5717 3110 5781 τέταται.ᾙηυε
3134 5716 3232 5764 ἄνω
3264 5716 3542 5765 τελειοῦται.
3566 5714 3802 5765 Erasmus

2222 5778 2617 5857 ridetiifsiegisse
2637 5781 2844 5857 τέταται.
2872 5780 2970 5855 S_ed
2984 5780 3060 5826 hae
3078 5791 3248 5857 entin'es
3274 5780 3515 5827 lectiones
3537 5783 3793 5839 quadram.

2224 5843 2331 5891 )lnx
2371 5841 2453 5888 alii
2488 5841 2860 5902 ἐπισφαλέστερα
2894 5842 3025 5889 ἔσται
3052 5842 3110 5887 τά
3136 5841 3338 5902 βήματα.

2287 5902 2313 5969 η
2348 5902 2480 5971 guns
2500 5904 2811 5971 σφοδρότερον
2834 5905 3095 5971 ἐπέρχεται.

2296 5966 2310 6002 ι
2355 5964 2487 6015 [ους
2512 5962 2869 6025 συναγαγόντας.
2894 5965 3041 6013 Sami.
3066 5962 3442 6027 συνηγειοχότας.
