3992 6300
238 400 322 457 ηε

230 537 341 595 erat,
381 526 739 584 exstinxeris.
771 526 871 582 Hic
895 525 1050 597 igitur
1075 522 1231 579 Ozias
1250 539 1281 577 c
1301 524 1441 591 sirpe
1461 519 1626 575 David
1648 518 1798 574 duxit

230 635 399 691 genus,
443 634 537 674 rex
570 629 757 673 autem
806 627 921 673 erat
965 616 1311 677 Judaei-um;
1360 612 1600 683 regnavit
1643 611 1797 666 annis

230 712 589 784 quinquaginta
613 711 865 765 duobus:
897 723 1123 778 cumque
1160 706 1310 760 initio
1342 720 1463 760 cum
1497 703 1651 758 laude
1676 717 1798 773 ges-

232 808 364 860 sisset
403 804 763 875 principatum
784 842 803 867 ,
847 810 965 871 post
1000 801 1049 855 in
1091 807 1361 869 peccatum
1391 797 1665 868 prolapsus
1693 804 1794 850 est.

232 896 340 950 Cum
366 896 511 951 enim
541 895 761 948 altiores
791 894 1011 962 spiritus
1043 890 1347 946 sustulisset
1382 903 1541 959 quam
1586 902 1680 957 pro
1703 901 1795 940 sua

236 989 492 1059 dignitate,
515 988 878 1059 principatum
910 985 1099 1038 invasit
1124 980 1427 1037 sacerdotii.

227 1090 233 1100 '
294 1078 537 1149 Superbia
559 1095 695 1147 saepe
721 1094 784 1132 ea:
803 1077 937 1131 bona
955 1074 1254 1129 conscientia
1281 1073 1459 1127 oritur.
1479 1101 1551 1111 —
1569 1071 1797 1125 Tantum

232 1181 414 1233 malum
439 1182 522 1225 est
550 1171 878 1241 arrogantia,
908 1184 1026 1238 qua:
1058 1166 1356 1237 persuadet,
1391 1175 1446 1219 ut
1465 1166 1686 1233 quisque
1707 1179 1793 1217 se-

233 1270 329 1313 met
348 1264 583 1333 ignoret,
626 1272 852 1332 postque
889 1260 1086 1315 multos
1112 1259 1321 1313 labores
1346 1244 1558 1311 omnem
1589 1256 1796 1311 virtutis

241 1360 528 1409 thesaurum
552 1354 814 1407 exhaurit.
864 1352 942 1405 Ac
979 1360 1169 1406 cmtera
1211 1349 1425 1418 quidem
1468 1348 1607 1401 mala
1645 1348 1797 1400 nobis

242 1444 547 1515 negligenter
574 1444 857 1512 agentibus
885 1441 1057 1495 solent
1094 1440 1383 1495 exuberare
1406 1480 1422 1503 ,
1463 1438 1576 1492 haec
1618 1447 1796 1491 autem

246 1537 357 1606 ipsis
391 1544 533 1591 recte
575 1534 729 1588 factis
756 1535 952 1588 nostris
980 1533 1299 1587 adnascitur.
1332 1531 1471 1587 Nihil
1506 1533 1649 1585 enim
1676 1545 1796 1599 per-

250 1629 354 1682 inde
375 1628 531 1698 gignit
570 1625 877 1696 superbiam
907 1668 921 1692 ,
952 1635 1008 1680 ut
1035 1625 1172 1681 bona
1196 1623 1541 1686 conscientia,
1572 1622 1670 1676 nisi
1698 1621 1795 1675 ad-

252 1722 517 1789 vigilemus.
567 1718 717 1775 Unde
741 1728 796 1775 et
819 1719 1062 1773 Christus
1089 1718 1287 1782 sciens,
1308 1715 1451 1785 quod
1473 1726 1590 1787 post
1629 1717 1795 1770 liene-

258 1815 369 1867 facta
411 1826 503 1865 nos
540 1811 626 1865 hic
672 1810 892 1865 morbus
933 1810 1237 1874 adoriatur,
1282 1809 1489 1863 dicebat
1525 1809 1797 1878 discipulis

258 1906 350 1959 suis
374 1923 385 1957 :
414 1904 530 1959 Cum
556 1905 725 1957 omnia
752 1903 966 1975 feceritis
985 1943 999 1964 ,
1026 1902 1201 1966 dicite,
1231 1901 1373 1955 Servi
1401 1902 1601 1956 inutiles
1624 1919 1796 1955 sumus

263 1995 403 2065 (Luc.
429 1997 509 2050 i7.
542 1995 666 2066 i0).
696 1996 830 2049 Cum
857 1996 1001 2050 enim
1032 1995 1143 2047 lucc
1170 1995 1324 2047 noxia
1354 1994 1520 2049 bestia
1549 2005 1696 2065 parat
1718 1996 1798 2049 in-

266 2089 426 2143 vadere
448 2103 557 2155 vos,
588 2097 731 2152 tunc,
763 2088 950 2157 inquit,
981 2102 1073 2156 per
1103 2086 1216 2141 hzec
1246 2086 1403 2140 verba
1432 2086 1574 2141 fores
1602 2087 1677 2140 illi
1706 2103 1796 2141 oc~

267 2181 446 2235 cludite.
486 2180 662 2249 Neque
690 2180 823 2233 dixit
850 2198 864 2233 :
897 2179 1029 2233 Cum
1070 2178 1246 2233 omnia
1276 2179 1504 2233 feceritis
1526 2222 1542 2247 ,
1581 2180 1795 2234 inutiles

266 2275 369 2328 estis
389 2292 401 2326 :
418 2274 523 2337 sed,
547 2274 649 2327 Vos
669 2273 849 2338 dicite,
865 2273 1084 2330 inutiles
1106 2287 1310 2327 sumus.
1342 2273 1454 2335 Dic,
1479 2288 1547 2327 ne
1566 2281 1794 2339 metuas,

270 2380 351 2417 non
377 2380 433 2420 ex
472 2374 558 2419 tuo
602 2364 802 2431 judicio
846 2363 959 2418 fero
996 2364 1333 2418 sententiam.
1372 2363 1505 2418 Nam
1550 2366 1594 2417 si
1643 2372 1697 2417 tn
1747 2374 1797 2419 te

270 2461 407 2528 ipsum
428 2457 614 2512 dixeris
643 2457 904 2521 inutilem,
928 2473 1027 2526 ego
1057 2465 1107 2511 te
1127 2457 1376 2512 ututilem
1400 2456 1686 2512 coronabo.
1711 2457 1798 2512 Sic

270 2560 313 2603 et
332 2551 441 2603 alias
459 2549 682 2618 loquitur
713 2566 727 2601 :
758 2547 854 2601 Dic
882 2558 935 2600 tu
955 2550 1091 2617 prior
1118 2558 1320 2617 peccata
1342 2558 1447 2611 tua,
1477 2558 1530 2601 ut
1548 2549 1800 2619 justi/ice—

273 2640 484 2709 ris(lsai.
515 2641 596 2695 45.
630 2639 756 2709 26).
796 2640 854 2693 In
894 2640 1174 2693 mundanis
1200 2638 1461 2709 siquidem
1487 2654 1551 2694 ac
1579 2640 1803 2693 forensi-

276 2734 351 2786 bus
366 2733 556 2801 judiciis
576 2743 695 2803 post
714 2733 1109 2788 accusationem
1134 2742 1187 2787 ct
1211 2733 1489 2787 criminum
1513 2731 1803 2787 confessio-

276 2842 369 2879 nem
401 2836 550 2881 restat
586 2842 737 2880 mors
777 2846 790 2880 :
835 2836 1088 2882 cancrum
1121 2825 1257 2895 apud
1299 2825 1533 2880 divinum
1574 2824 1801 2880 tribunal

274 2930 368 2987 post
388 2920 763 2974 accusationem
785 2928 840 2973 et
863 2920 1246 2974 confessionem
1275 2929 1609 2989 peccalorum
1648 2917 1805 2973 datur

275 3026 451 3064 corona.
482 3011 626 3066 Unde
653 3021 708 3064 et
738 3010 992 3064 Salomoo
1019 3010 1147 3064 dicit
1174 3007 1278 3081 (α)
1306 3024 1318 3063 ;
1349 3007 1429 3062 Ne
1443 3008 1804 3079 justiﬁcaverir

274 3103 448 3171 teiprm
463 3105 508 3157 in
527 3115 797 3175 conspectu
826 3102 1026 3156 Domini
1052 3104 1069 3170 (
1093 3102 1245 3156 Eccli.
1272 3104 1325 3157 7.
1347 3100 1438 3173 5
1464 3102 1656 3156 Verum
1676 3100 1804 3155 nihil

274 3193 433 3250 horum
455 3196 641 3250 audivit
668 3195 859 3260 Ozias,
887 3196 978 3250 sed
1012 3195 1163 3249 irruit
1189 3196 1239 3248 in
1269 3195 1523 3263 templum
1545 3236 1558 3256 ,
1610 3202 1669 3248 ut
1710 3194 1802 3247 ad-

269 3289 439 3353 oleret,
470 3305 527 3342 ac
551 3306 617 3344 ne
643 3288 925 3343 sacerdote
950 3288 1159 3357 quidem
1188 3286 1503 3357 prohibente
1532 3287 1804 3343 abstinuit.

267 3379 382 3445 Quid
408 3380 556 3451 igitur
577 3382 762 3437 Deus?
788 3379 1010 3435 immisit
1038 3380 1111 3433 illi
1142 3381 1341 3450 lepram
1382 3380 1435 3434 in
1462 3379 1636 3435 fronte
1656 3420 1672 3445 ,
1703 3379 1805 3435 hoc

264 3473 400 3528 modo
424 3475 777 3545 impudentem
820 3474 1009 3530 faciem
1032 3473 1275 3544 puniens,
1306 3473 1610 3544 decensque
1635 3474 1803 3541 illum,

264 3565 382 3634 quod
404 3566 497 3621 hoc
516 3578 652 3623 esset
686 3568 781 3621 Dei
802 3568 1062 3634 tribunal,
1090 3578 1143 3621 et
1170 3566 1309 3637 quod
1343 3567 1416 3621 illi
1444 3568 1640 3623 bellum
1666 3578 1810 3623 esset

264 3672 352 3710 non
377 3660 619 3714 adversus
648 3658 931 3725 homines,
969 3659 1061 3714 sed
1096 3659 1350 3714 adversus
1388 3659 1576 3713 Deum.
1620 3663 1698 3714 Ac
1742 3660 1810 3715 de

262 3750 369 3803 Ozia
388 3751 587 3817 quidem
609 3749 887 3805 hactenus.
911 3750 1146 3821 Agedum
1168 3751 1279 3821 jam
1317 3750 1384 3806 ab
1416 3751 1621 3822 integro
1642 3751 1809 3805 histo—

258 3843 372 3895 riam
396 3842 526 3899 hanc
553 3859 947 3913 percurramus.
992 3843 1125 3898 Nam
1159 3844 1260 3901 hac
1296 3844 1366 3900 de
1402 3860 1562 3900 causa
1606 3854 1660 3899 et
1698 3845 1811 3913 ipse

254 3951 611 4006 praeoccupans
638 3938 958 4006 compendio
978 3936 1128 3992 vobis
1156 3938 1375 4006 exposui
1406 3954 1525 4009 qua:
1551 3937 1691 3993 Ozias
1717 3954 1811 3993 ac-

253 4027 479 4082 ciderunt
506 4029 686 4083 omnia
719 4046 735 4082 :
765 4038 824 4083 ut
863 4043 985 4083 cum
1023 4029 1295 4085 audieritis
1332 4016 1657 4099 Scrip'turam
1699 4029 1815 4084 haec

252 4119 418 4173 eadem
446 4131 785 4182 narrantem,
818 4135 997 4174 rerum
1022 4121 1213 4175 seriem
1242 4136 1449 4176 summo
1493 4137 1614 4176 cum
1650 4122 1815 4176 animi

252 4213 409 4267 studio
432 4213 832 4277 consectemini.
870 4213 974 4269 Sed
1010 4215 1285 4267 attendite.
1324 4214 1385 4268 Et
1425 4216 1572 4283 fecit,
1608 4217 1812 4283 inquit,

254 4306 392 4360 Ozias
417 4307 551 4379 quod
580 4317 768 4361 rectum
799 4320 869 4361 est
896 4309 946 4361 in
978 4318 1243 4378 conspectu
1284 4308 1482 4362 Domini
1511 4312 1527 4378 (
1544 4309 1598 4361 2.
1634 4308 1813 4363 Paral.

254 4398 335 4453 26.
362 4400 450 4469 4).
475 4399 590 4453 Hoc
610 4399 912 4454 testimonio
944 4400 1343 4469 magnamillius
1368 4404 1612 4459 virtutem
1643 4400 1819 4455 decla-

254 4492 399 4544 ravit.
426 4490 542 4544 Non
570 4491 716 4545 enim
740 4490 903 4545 modo
927 4489 1052 4545 fecit
1080 4491 1220 4561 quod
1247 4501 1450 4546 rectum
1474 4501 1610 4557 erat,
1636 4508 1817 4546 verum

258 4582 401 4635 etiam
428 4582 556 4637 fecit
585 4582 636 4635 in
664 4590 953 4651 conspectu
985 4582 1227 4647 Domini,
1274 4598 1379 4637 non
1402 4583 1541 4653 apud
1576 4583 1820 4639 homines

261 4685 311 4726 se
335 4683 611 4729 ostentans
630 4714 645 4737 ,
691 4673 1136 4742 quemadmodum
1162 4675 1299 4742 apud
1328 4674 1541 4729 Judaeos
1563 4675 1821 4731 faciebant

261 4763 348 4829 illi,
373 4766 462 4835 qui
483 4775 612 4819 ante
639 4765 1036 4835 eleemosynam
1067 4764 1189 4818 tuba
1219 4767 1499 4831 canebant,
1530 4776 1585 4820 et
1614 4769 1663 4819 in
1683 4767 1821 4835 jeju-

266 4857 355 4911 niis
380 4857 540 4913 iacies
576 4872 702 4910 suas
727 4857 1191 4923 exterminabant,
1236 4858 1327 4927 qui
1372 4859 1722 4926 precabantur
1770 4859 1822 4912 in

268 4950 530 5019 compitis;
563 4949 755 5019 quibus
794 4949 956 5003 rebus
1000 4949 1125 5018 quid
1167 4957 1341 5019 potest
1376 4965 1497 5004 esse
1541 4949 1823 5017 miserius,

274 5039 349 5094 ubi
385 5049 504 5111 post
545 5040 802 5095 toleratos
846 5040 1094 5107 labores,
1148 5041 1289 5095 omni
1336 5042 1555 5110 praemio
1601 5040 1825 5097 frustra-

280 5132 483 5190 bantur?
538 5162 541 5163 ν

334 5227 381 5280 2.
399 5228 529 5295 Quid
552 5228 703 5292 facis,
732 5226 927 5282 homo?
952 5226 1041 5281 alii
1074 5227 1371 5282 redditurus
1394 5242 1452 5282 es
1472 5230 1728 5284 rationem
1755 5229 1834 5283 fa-

282 5326 456 5374 ctorum
502 5330 748 5387 tuorum,
777 5330 832 5374 ct
860 5322 1026 5375 alium
1059 5330 1246 5375 testem
1299 5322 1436 5377 citas
1474 5340 1659 5377 eorum
1711 5341 1832 5393 qtne

285 5406 424 5463 facis?
443 5412 595 5465 alium
622 5412 792 5466 habes
814 5411 1075 5481 judicem,
1104 5421 1159 5466 et
1186 5414 1347 5466 alium
1376 5414 1596 5468 adhibes
1618 5425 1831 5482 specta-

288 5490 465 5556 torem?
497 5502 609 5558 Non
647 5504 796 5559 vides
824 5504 1042 5573 aurigas
1088 5504 1179 5573 qui
1221 5504 1469 5559 universa
1516 5506 1730 5560 civitate
1780 5506 1831 5559 in

291 5593 468 5648 sublimi
513 5596 732 5651 sedente
763 5598 815 5651 in
867 5596 1209 5665 equestribus
1248 5596 1425 5663 ludis,
1468 5606 1634 5651 totum
1679 5597 1835 5651 stadii

292 5687 486 5753 spatium
512 5698 887 5759 percurrentes
906 5728 922 5755 ,
958 5688 1032 5743 ibi
1062 5688 1387 5743 contendunt
1410 5699 1835 5745 concertaturum

347 5826 405 5884 (η)
428 5825 522 5874 Non
545 5842 650 5877 raro
672 5829 908 5877 Siracidis
935 5827 1113 5878 librum
1153 5829 1430 5880 Salomonis
1466 5828 1585 5879 dicit
1619 5829 1824 5890 Chryso-

297 5888 464 5949 slumus,
488 5896 541 5939 ut
560 5890 751 5941 monuit
774 5893 1013 5942 Savilius.

1209 406 1275 463 IN
1313 402 1534 470 ILLUD,
1578 399 1711 457 VIDI
1751 401 2084 473 DOMINUM,
2123 404 2355 463 Ηοωι.
2393 405 2482 465 ιιι.

3384 408 3487 465 ω

1903 534 2095 576 currus
2139 523 2470 590 subvertere,
2500 524 2587 578 ubi
2619 524 2999 595 Imperatorem
3034 526 3263 582 viderint
3288 525 3482 581 seden-

1905 620 2015 667 tem
2039 652 2061 679 ,
2088 622 2144 669 et
2171 614 2309 669 inter
2354 623 2433 668 tot
2475 617 2827 686 spectantium
2865 618 3045 672 vultus
3087 634 3249 673 unum
3278 618 3487 671 oculum

1904 718 2091 776 putant
2116 708 2220 763 fide
2239 709 2559 779 digniorem?
2580 710 2651 763 At
2676 718 2729 763 tu
2753 725 2874 765 cum
2903 709 3085 766 videas
3130 711 3301 781 ipsum
3331 724 3485 779 auge:

1901 798 2073 854 lorum
2102 800 2301 870 Regem
2328 809 2417 855 tuo
2440 801 2616 854 cursui
2643 801 3019 871 agonothetam
3040 843 3055 867 ,
3085 802 3187 857 hoc
3207 810 3289 857 est
3311 810 3488 855 certae

1903 893 2063 947 minis
2084 892 2349 962 judiccm,
2381 892 2665 962 praesidere
2694 932 2711 958 ,
2742 908 2809 947 eo
2835 893 3199 963 praetermisso
3253 889 3318 944 ad
3352 905 3483 945 cono

1902 996 2178 1038 servorum
2228 982 2364 1053 fugis
2392 982 2615 1037 oculos?
2642 983 2816 1052 Atque
2855 981 2977 1037 ideo
3017 996 3146 1037 sane
3184 992 3305 1052 post
3329 982 3487 1035 innu-

1900 1088 2077 1128 meras
2116 1073 2286 1128 luctas
2332 1073 2674 1128 incoronatus
2702 1070 2938 1137 recedis,
2963 1081 3084 1141 post
3109 1074 3332 1127 sudores
3362 1073 3479 1142 plu-

1899 1167 2065 1221 rimos
2093 1166 2294 1235 absque
2324 1165 2556 1235 praemiis
2576 1164 2724 1220 venis
2747 1163 2814 1219 ad
2842 1163 3262 1234 agonothctam?
3282 1166 3351 1219 At
3376 1181 3482 1219 non

1902 1257 2024 1311 talis
2064 1266 2179 1311 erat
2227 1257 2417 1320 Ozias,
2461 1256 2554 1311 sed
2602 1255 2653 1309 in
2681 1266 2967 1326 conspectu
2998 1255 3207 1310 Domini
3258 1254 3487 1312 faciebat

1900 1348 2041 1419 quod
2074 1358 2277 1402 rectum
2305 1358 2407 1402 est.

1972 1438 2249 1510 Fragililas
2300 1439 2537 1492 hominis.
2599 1438 2907 1493 Funambuli
2960 1446 3184 1510 tempore
3253 1439 3481 1512 Chryso-

1899 1531 2068 1585 stomi.
2096 1530 2287 1595 -—Qui
2319 1528 2516 1584 factum
2558 1540 2639 1585 est
2687 1530 2864 1601 igitur,
2898 1538 2957 1584 ut
3011 1540 3131 1600 post
3169 1531 3333 1586 vitam
3377 1540 3483 1586 tam

1899 1623 2192 1692 perfectam
2244 1622 2612 1692 supplantatus
2654 1623 2723 1676 sit
2767 1620 3356 1693 concideritqne‘iNam
3383 1622 3485 1678 hoc

1900 1725 1953 1770 et
1996 1716 2107 1784 ipsc
2138 1713 2402 1770 demirans
2432 1714 2649 1781 hzcsito,
2678 1716 2802 1785 quin
2848 1717 3025 1785 potius
3068 1715 3200 1770 nihil
3251 1716 3339 1771 hic
3360 1730 3481 1772 esse

1901 1808 2059 1865 debet
2086 1809 2416 1863 limsitatioue
2432 1808 2671 1878 dignum,
2697 1808 3128 1878 quandoquidem
3151 1806 3315 1863 homo
3340 1818 3479 1875 erat,

1901 1916 1989 1955 res
2013 1900 2078 1953 ad
2105 1901 2429 1969 peccandum
2476 1900 2710 1966 lubrica,
2734 1912 2788 1956 ct
2820 1899 2887 1954 ad
2916 1900 3166 1955 malitiam
3195 1916 3478 1971 propensa.

1900 1993 2087 2065 Neque
2115 1994 2166 2048 id
2188 1994 2362 2049 solum
2392 2002 2474 2048 est
2497 1993 2713 2049 difﬁcile
2733 2036 2747 2059 ,
2770 2009 2957 2047 verum
2982 1994 3141 2047 etiam
3169 1993 3297 2049 illud
3340 1994 3482 2065 quod

1902 2086 2300 2156 incederejussi
2330 2102 2512 2139 sumus
2536 2101 2630 2155 per
2646 2086 2785 2139 viam
2813 2096 3113 2154 angustam,
3146 2093 3201 2139 et
3227 2085 3479 2154 utrinque

1900 2178 2211 2249 prrecipitiis
2235 2177 2590 2232 terminatam.
2623 2175 2856 2230 Proinde
2881 2175 3092 2244 quoties
3114 2185 3169 2230 et
3198 2175 3483 2231 voluntatis

1901 2270 2127 2325 facilitas
2155 2280 2209 2325 et
2245 2268 2340 2323 viae
2384 2268 2669 2324 difficultas
2714 2270 2765 2321 in
2791 2284 2953 2322 unum
2976 2275 3205 2332 coeunt,
3237 2284 3305 2324 ne
3330 2278 3477 2337 post-

1901 2380 1963 2420 ea
2005 2368 2202 2419 mirare
2243 2363 2309 2417 de
2357 2362 2526 2433 lapsu.
2586 2362 3045 2431 Quemadmodum
3084 2364 3226 2418 enim
3267 2364 3321 2417 in
3363 2378 3481 2433 spe-

1902 2458 2123 2513 ctaculis
2167 2456 2257 2524 qui
2310 2472 2402 2524 per
2445 2455 2622 2509 funem
2680 2454 2747 2507 ab
2797 2456 2902 2507 imo
2954 2455 3006 2508 in
3045 2454 3213 2509 altum
3272 2463 3480 2509 tensum

1902 2548 2192 2605 ascendere
2217 2564 2279 2601 ac
2298 2547 2625 2603 descendere
2640 2547 2980 2612 meditantur,
3010 2547 3053 2600 si
3087 2546 3356 2616 paululum
3383 2548 3476 2602 de-

1903 2640 2145 2697 ﬂexerint
2172 2640 2354 2694 oculos
2377 2680 2394 2705 ,
2424 2640 2633 2694 inverso
2674 2654 2900 2711 cerpore
2936 2638 3247 2694 deferuntur
3296 2639 3350 2693 in
3387 2655 3481 2693 or-

1905 2736 2197 2798 chestram,
2228 2744 2553 2804 pereuntque
2584 2754 2599 2789 :
2627 2734 2809 2789 itidem
2840 2736 2929 2805 qui
2958 2750 3051 2804 per
3074 2735 3211 2790 hanc
3234 2733 3485 2788 incedunt

1905 2830 2046 2883 viam
2073 2870 2089 2893 ,
2120 2828 2164 2883 si
2196 2828 2283 2883 vel
2320 2828 2587 2898 paululum
2632 2828 2866 2898 segniter
2890 2828 3115 2897 egerint,
3146 2827 3485 2898 praecipitan-

1909 2929 2014 2975 tur.
2048 2921 2113 2975 Et
2151 2929 2326 2975 tamen
2350 2919 2465 2975 haec
2492 2920 2575 2973 via
2607 2928 2716 2973 tum
2743 2918 3016 2988 angustior
3042 2927 3144 2983 est,
3176 2927 3287 2973 tum
3316 2918 3484 2987 magis

1908 3009 2073 3065 ardua
2096 3052 2110 3073 ,
2142 3011 2413 3079 multoque
2440 3009 2723 3073 excelsior,
2745 3024 2904 3078 quam
2947 3008 3035 3063 illa
3064 3023 3160 3078 per
3190 3009 3399 3074 funem,
3430 3018 3489 3061 ut

1909 3118 2027 3173 qua:
2047 3118 2259 3157 sursum
2286 3102 2351 3155 ad
2385 3103 2554 3171 ipsum
2578 3116 2745 3170 usque
2768 3100 2956 3155 caelum
2986 3110 3235 3171 protensa
3261 3108 3345 3155 est
3374 3116 3389 3153 :
3421 3115 3484 3154 ac

1912 3206 2021 3250 tum
2071 3197 2222 3249 nobis
2266 3199 2469 3263 majore
2497 3210 2618 3248 cum
2649 3194 2887 3263 periculo
2929 3204 3200 3264 ponuntur
3222 3192 3442 3263 vestigia
3468 3232 3484 3258 ,

1910 3305 2032 3345 cum
2060 3290 2125 3343 ad
2149 3304 2413 3343 summum
2444 3297 2498 3343 et
2525 3288 2591 3342 ad
2622 3289 2791 3359 ipsum
2822 3303 2991 3357 usque
3018 3287 3283 3358 fastigium
3310 3300 3493 3342 acces-

1910 3382 2141 3436 serimus
2174 3398 2187 3433 :
2220 3396 2343 3435 nam
2368 3380 2421 3433 in
2451 3379 2662 3433 sublimi
2685 3388 2889 3433 stantes
2916 3378 3112 3433 multus
3132 3386 3357 3448 occupat
3385 3386 3491 3432 tre-

1912 3488 2051 3539 mor,
2078 3480 2237 3542 atque
2262 3486 2364 3525 una
2395 3478 2596 3525 tantum
2617 3470 2862 3525 cautione
2889 3469 2984 3523 tuti
3010 3477 3130 3524 sunt
3159 3484 3187 3521 a
3214 3469 3360 3538 lapsu
3380 3509 3397 3534 ,
3425 3483 3492 3523 ne

1912 3565 2162 3620 deorsum
2192 3564 2483 3633 aspiciant,
2514 3579 2648 3619 neve
2677 3564 2729 3616 in
2752 3572 2949 3617 terram
2984 3562 3265 3617 demittant
3286 3562 3489 3618 oculos.

1912 3658 2044 3713 Nam
2075 3657 2197 3712 inde
2240 3656 2401 3710 multa
2444 3666 2492 3711 et
2540 3656 2721 3725 gravis
2741 3655 2980 3710 exoritur
3018 3653 3350 3709 tenebricosa
3376 3669 3496 3708 vcr-

1916 3749 2044 3816 tigo.
2078 3747 2224 3801 lianc
2244 3746 2458 3815 quidem
2484 3746 2553 3799 ob
2582 3760 2797 3801 causam
2827 3744 3085 3815 propheta
3110 3744 3262 3799 nobis
3285 3745 3495 3800 assidue

1917 3839 2206 3904 inclamat,
2234 3837 2418 3891 dicens
2443 3855 2458 3891 :
2490 3835 2554 3889 In
2583 3837 2737 3904 ﬁnem
2776 3852 2839 3890 ne
2868 3852 3163 3904 corrumpas
3193 3834 3367 3906 (Prol.
3398 3837 3488 3891 56.

1919 3929 1974 4001 1)
2008 3948 2022 3985 ;
2051 3930 2242 3983 animm
2264 3938 2459 3983 nostra:
2484 3928 2783 3983 socordiam
2811 3927 3110 3993 retrahens,
3136 3928 3355 3997 jamque
3380 3929 3491 3982 col-

1919 4025 2188 4093 lapsuram
2230 4020 2539 4076 suifulciens
2566 4035 2630 4075 ac
2660 4020 2916 4075 retinens.
2952 4019 3103 4073 initio
3129 4019 3342 4087 quidem
3388 4035 3494 4071 non

1920 4131 2141 4187 egemus
2191 4117 2356 4170 multa
2396 4115 2785 4171 exhortatione.
2838 4111 2977 4180 Quid
3016 4113 3087 4167 ita
3133 4111 3378 4165 tandem?
3420 4112 3499 4165 Eo

1922 4207 2062 4277 quod
2108 4206 2330 4276 quilibet
2352 4206 2532 4270 homo,
2554 4204 2764 4259 etiamsi
2806 4203 2963 4257 fuerit
3002 4203 3240 4256 omnium
3272 4203 3495 4271 pigerri-

1922 4314 2062 4363 mus,
2088 4310 2432 4367 aggressurus
2475 4296 2744 4366 negotium
2769 4335 2785 4357 ,
2816 4294 3098 4363 plurimam
3145 4295 3194 4346 in
3240 4295 3501 4363 principio

1924 4390 2140 4443 adhibet
2187 4388 2515 4457 diligentiam
2542 4429 2558 4453 ,
2586 4386 2822 4456 dumque
2850 4394 2905 4439 et
2946 4384 3111 4439 animi
3138 4387 3276 4454 viget
3305 4385 3500 4438 alacri-

1925 4492 2039 4547 tas,
2062 4490 2116 4536 et
2142 4481 2284 4537 vires
2333 4481 2547 4550 integrae
2574 4487 2699 4533 sunt
2744 4493 2807 4533 ac
2831 4488 3099 4543 recentes,
3133 4478 3283 4531 facile
3326 4477 3393 4531 ad
3446 4476 3500 4530 id

1925 4574 2065 4645 quod
2114 4574 2441 4643 propositum
2468 4581 2549 4627 est
2592 4570 2845 4641 pertingit
2872 4590 2888 4625 :
2918 4581 3169 4626 caeterum
3202 4571 3290 4625 ubi
3331 4570 3501 4639 major

1927 4670 2026 4722 viae
2050 4683 2170 4737 pars
2197 4667 2350 4721 nobis
2389 4675 2599 4735 peracta
2625 4672 2709 4719 est
2731 4706 2746 4730 ,
2787 4664 3003 4734 jamque
3043 4664 3330 4719 alacritatis
3352 4666 3501 4734 vigor

1928 4759 2205 4823 emarcuit,
2234 4762 2479 4827 viresque
2505 4764 2706 4811 nostra:
2726 4754 3069 4823 defecerunt,
3102 4770 3201 4810 nec
3245 4755 3386 4809 aliud
3411 4770 3505 4807 sus

1928 4861 2108 4918 percst
2146 4864 2303 4918 quam
2357 4856 2416 4902 ut
2466 4846 2810 4902 decidamus:
2842 4855 2968 4901 tunc
3010 4846 3163 4901 nobis
3210 4857 3510 4915 opportune

1931 4941 2081 4993 adest
2102 4939 2382 5008 propheta,
2412 4938 2573 4992 veluti
2603 4953 2699 5007 pro
2729 4938 2919 4993 baculo
2942 4938 3191 5008 quopiam
3219 4938 3506 5005 alloquium

1934 5046 2087 5085 suum
2144 5031 2297 5085 nobis
2338 5031 2613 5101 porrigens
2640 5044 2703 5084 ac
2744 5030 2959 5095 dicens,
2994 5028 3061 5082 In
3099 5028 3250 5096 ﬁnem
3290 5044 3351 5081 ne
3391 5043 3508 5079 cor-

1934 5140 2161 5192 rumpas.

2008 5214 2162 5268 Bonis
2190 5213 2422 5283 aperibus
2455 5214 2720 5268 instructos
2746 5213 2907 5283 magis
2941 5210 3232 5283 aggreditur
3256 5209 3509 5264 diabolus.

1938 5307 2168 5360 —Tuuc
2196 5307 2337 5359 enim
2364 5306 2603 5361 diabolus
2622 5305 2787 5375 spirat
2815 5304 3183 5359 vehementius
3210 5320 3222 5354 :
3251 5310 3306 5356 et
3326 5316 3512 5371 quem-

1938 5399 2220 5452 admodum
2250 5400 2433 5466 pirat:e
2457 5402 2547 5466 qui
2576 5398 2713 5452 male
2735 5397 2955 5466 navigiis
2986 5396 3255 5457 infestant,
3276 5409 3380 5448 non
3408 5407 3516 5448 tum

1940 5492 2029 5547 ubi
2050 5493 2421 5559 conspexerint
2448 5506 2611 5545 naves
2656 5507 2686 5545 e
2730 5501 2882 5560 portu
2912 5499 3202 5555 exeuntes,
3245 5489 3517 5557 invadunt,

1944 5583 2091 5652 (quid
2114 5584 2255 5636 enim
2300 5583 2422 5636 hinc
2448 5582 2650 5637 fructus
2677 5591 2929 5651 caperent
2956 5582 2999 5635 si
3030 5580 3279 5650 scapham
3308 5583 3519 5636 inanem

1942 5675 2374 5745 demergerent?)
2409 5676 2500 5731 sed
2548 5677 2633 5731 ubi
2665 5675 2880 5730 redierit
2908 5685 3095 5730 onusta
3124 5677 3383 5747 plenaque
3412 5694 3520 5731 sar-

1943 5767 2077 5820 cinis
2102 5807 2116 5829 ,
2145 5776 2255 5820 tum
2298 5767 2497 5821 icmum
2542 5782 2727 5821 omnes
2770 5766 3057 5836 expediunt
3099 5778 3276 5822 artes:
3304 5770 3373 5822 ita
3406 5784 3523 5821 scc-

1947 5856 2143 5911 lcratus
2183 5857 2268 5913 ille
2328 5856 2519 5911 lazmon
2563 5856 2717 5911 simul
2768 5868 2923 5928 atque
2952 5858 3095 5915 vidct
3125 5859 3328 5929 aliquos
3352 5858 3517 5910 multa
