3992 6300
459 369 558 422 “5

454 479 733 552 collegisse
753 523 768 548 ,
803 480 1049 538 videlicet
1072 483 1271 554 jejunia
1293 527 1307 551 ,
1338 499 1525 555 preces
1553 523 1570 551 ,
1597 482 1987 550 eleemosynam
2013 515 2027 540 ,

451 573 768 639 castitatem,
795 575 1129 646 reliquasque
1158 577 1382 632 virtutes
1407 592 1625 643 omnes,
1654 574 1742 630 ubi
1772 573 1915 627 videt
1939 585 2035 623 na-

454 664 653 734 vigium
699 675 939 722 nostrum
973 668 1186 737 plenum
1219 668 1466 738 pretiosis
1495 666 1705 739 pietatis
1748 663 2031 734 lapidibus,

456 765 583 810 tunc
628 754 911 826 irrumpit,
939 757 1172 828 undique
1203 758 1510 814 thesaurum
1538 756 1871 829 perfodiens,
1900 763 1957 808 ut
1984 754 2033 807 in

454 846 583 914 ipsis
619 859 804 917 portus
831 848 981 903 ostiis
1004 850 1255 920 scapham
1277 850 1583 920 demerget,
1615 849 1835 919 jamque
1863 844 2034 901 nudos

455 952 554 992 nos
580 938 648 993 ad
693 954 816 994 cum
846 950 1054 1009 portum
1082 941 1259 1011 ejiciat
1291 961 1305 996 :
1333 941 1560 1013 ideoque
1604 939 1863 1011 propheta
1900 952 2034 992 cun-

457 1039 575 1085 ctos
625 1029 876 1084 admonet
915 1031 1099 1086 dicens
1131 1051 1144 1087 :
1176 1031 1243 1088 In
1284 1034 1438 1102 ﬁnem
1474 1049 1538 1087 ne
1582 1045 1894 1101 corrumpas.
1942 1028 2037 1082 Et-

455 1125 599 1180 enim
617 1125 685 1179 ab
708 1125 967 1195 ejusmodi
992 1126 1143 1181 ruina
1166 1143 1270 1182 non
1296 1127 1448 1183 facile
1472 1135 1554 1183 est
1577 1140 1875 1197 resurgere.
1905 1122 2039 1178 Nam

459 1215 561 1281 Qui
585 1217 637 1269 in
677 1217 987 1287 profundum
1020 1219 1270 1272 malorum
1308 1219 1493 1273 venerit
1516 1260 1531 1283 ,
1561 1218 1827 1272 contemnit
1856 1214 2038 1286 (Prov.

461 1309 550 1363 i8.
600 1309 678 1370 5).
732 1310 787 1363 In
829 1309 1088 1380 principio
1134 1311 1348 1380 quidem
1397 1310 1560 1380 lapsis
1604 1309 1812 1367 veniam
1849 1308 2040 1362 damus

456 1414 647 1455 omnes
674 1399 746 1455 ob
772 1401 1121 1470 imperitiam;
1152 1403 1244 1457 sed
1278 1418 1397 1458 eum
1433 1402 1522 1473 qui
1552 1411 1674 1473 post
1700 1401 1897 1457 multos
1921 1415 2041 1455 cur-

464 1508 556 1548 sus
585 1493 901 1559 conciderit,
931 1510 1088 1550 nemo
1119 1494 1269 1551 venia
1314 1494 1528 1565 dignum
1555 1492 1903 1565 judicaverit;
1930 1500 2041 1546 tum

460 1584 604 1639 enim
631 1583 826 1639 cadere
844 1627 859 1651 ,
891 1584 1222 1655 negligentia:
1253 1585 1520 1640 tribuitur.
1542 1584 1653 1639 Nec
1678 1583 1730 1638 id
1755 1583 1926 1638 solum
1955 1580 2043 1635 hic

463 1682 547 1729 est
571 1674 717 1739 mali,
750 1690 933 1729 verum
955 1676 1114 1730 etiam
1141 1675 1282 1746 quod
1325 1675 1625 1747 hujusmodi
1656 1677 1834 1744 lapsus
1862 1672 2044 1728 multis

461 1767 568 1821 sint
590 1766 932 1836 offendicula,
952 1777 1010 1824 ut
1034 1784 1218 1824 rursus
1242 1768 1345 1824 hoc
1372 1785 1583 1841 quoque
1608 1770 1824 1823 nomine
1849 1782 2042 1839 peccas

463 1868 577 1912 tum
625 1859 875 1915 reddatur
901 1860 1288 1917 irremissibile.
1324 1862 1448 1917 llaec
1484 1876 1608 1917 cum
1633 1861 1897 1922 sciamus,
1944 1874 2043 1915 au-

464 1950 754 2005 scultemus
801 1951 1074 2021 prophetae
1098 1993 1113 2016 ,
1142 1961 1196 2008 et
1221 1953 1275 2007 in
1306 1951 1465 2008 ﬁnem
1507 1968 1575 2008 ne
1615 1966 2043 2022 corrumpamus.

463 2043 597 2100 Nam
625 2043 723 2100 hac
745 2045 813 2101 de
831 2062 993 2102 causa
1022 2057 1076 2103 et
1101 2047 1346 2103 Ezechiel
1367 2048 1563 2103 clamat
1582 2048 1766 2103 dicens
1798 2064 1813 2102 :
1847 2046 1909 2102 Si
1935 2046 2047 2117 quis

466 2135 615 2205 fuerit
634 2136 822 2209 justus,
851 2137 1033 2192 deinde
1055 2139 1229 2209 lapsus
1257 2139 1531 2210 peccauerit
1553 2180 1566 2203 ,
1597 2138 1742 2192 nulla
1769 2137 1862 2192 erit
1880 2152 2049 2191 recor,

468 2227 608 2281 datio
646 2228 964 2298 justitiarum
1005 2230 1113 2292 eius
1136 2270 1152 2295 ,
1204 2229 1294 2283 sed
1333 2230 1387 2282 in
1430 2240 1629 2297 peccato
1679 2245 1771 2282 suo
1807 2230 2050 2281 morietur

472 2316 681 2388 (Eucti.
731 2321 786 2375 5.
832 2319 946 2392 20).
977 2320 1109 2374 Nam
1152 2331 1205 2375 et
1244 2320 1330 2375 hic
1374 2321 1564 2375 metuit
1591 2320 1658 2375 de
1696 2320 1823 2375 line.
1865 2317 2048 2388 Neque

474 2410 598 2465 hinc
629 2408 824 2476 modo,
856 2426 1044 2465 verum
1097 2410 1260 2466 etiam
1305 2425 1371 2464 ex
1400 2411 1682 2466 contrariis
1723 2410 1957 2464 declarat
1995 2408 2047 2462 in

472 2499 573 2554 hac
608 2515 670 2557 re
694 2499 985 2570 plurimum
1011 2515 1131 2556 esse
1158 2500 1432 2555 momenti.
1462 2499 1525 2556 Si
1542 2503 1653 2570 quis
1671 2542 1686 2567 ,
1713 2499 1911 2570 inquit,
1940 2503 2053 2570 {ue-

472 2591 538 2644 rit
579 2600 827 2661 peccator,
858 2607 919 2645 ac
960 2603 1133 2662 postea
1173 2600 1394 2647 mutatus
1446 2592 1612 2662 factus
1654 2592 1803 2663 fuerit
1835 2592 2005 2661 justus
2032 2632 2047 2657 ,

472 2682 615 2737 nulla
642 2684 734 2738 erit
754 2685 994 2738 memoria
1021 2685 1385 2756 injustitiarum
1403 2684 1841 2755 illius:injustitia
1865 2701 1957 2738 sua
1972 2684 2051 2737 vi-

472 2788 549 2830 vel
569 2774 779 2847 (Ezech.
799 2777 887 2833 18.
903 2777 1183 2848 21).Vides
1197 2787 1252 2834 et
1273 2778 1357 2834 hic
1371 2776 1684 2849 prophetam
1700 2778 1767 2833 de
1780 2780 1882 2834 fine
1896 2778 2055 2833 vehe-

352 2874 355 2877 ’
438 2950 441 2951 ν
473 2879 682 2927 menter
722 2870 1031 2926 sollicitum.
1057 2870 1331 2942 Siquidem
1372 2881 1431 2926 ut
1474 2886 1648 2941 neque
1679 2871 1900 2941 justitim
1942 2884 2053 2924 sua:

474 2960 748 3017 conlidens
771 2960 976 3031 justus,
998 2961 1065 3016 ad
1103 2962 1402 3017 socordiam
1430 2976 1614 3017 versus
1643 2970 1841 3030 pereat,
1869 2976 1964 3031 per
1988 2961 2052 3014 fi-

474 3070 595 3109 nem
620 3054 809 3110 incutit
837 3054 910 3109 illi
940 3064 1201 3110 terrorem
1232 3072 1245 3107 :
1281 3069 1454 3125 neque
1481 3065 1731 3127 peccator
1764 3055 1833 3109 ob
1861 3054 2054 3110 delicta

472 3145 813 3216 despondens
853 3145 1087 3201 animum
1111 3186 1126 3211 ,
1176 3145 1372 3216 jugiter
1414 3155 1717 3215 perseveret
1764 3147 1816 3200 in
1864 3146 2012 3215 lapsu
2036 3187 2051 3212 ,

473 3238 631 3308 erigit
658 3237 807 3292 illum
850 3253 946 3307 per
976 3237 1303 3308 propositum
1333 3238 1513 3292 finem.
1547 3238 1779 3292 Peccasti
1802 3278 1815 3301 ,
1847 3236 2048 3307 inquit,

474 3331 661 3397 multa,
689 3344 757 3385 ne
781 3329 1032 3400 desperes
1056 3348 1069 3384 :
1093 3340 1176 3386 est
1202 3330 1513 3386 cnim'unde
1540 3346 1804 3402 resurges,
1824 3331 1869 3386 si
1896 3332 2055 3385 tinem

475 3421 626 3475 initio
674 3421 1001 3477 contrarium
1054 3422 1382 3477 exhibueris.
1430 3422 1637 3477 Rursus
1683 3421 1750 3477 ad
1800 3423 2000 3491 justum
2034 3462 2050 3487 ,

475 3513 659 3579 Multa,
692 3514 859 3584 inquit
883 3555 900 3583 ,
932 3521 1078 3569 recte
1107 3513 1277 3569 fecisti
1301 3555 1316 3579 ,
1347 3530 1531 3569 verum
1560 3528 1625 3569 ne
1652 3513 1784 3569 ﬁdas
1809 3532 1821 3568 :
1848 3515 2056 3568 contin-

475 3607 725 3675 gt-tenim
756 3615 813 3662 ut
837 3606 1026 3673 cadas,
1055 3607 1159 3662 nisi
1189 3608 1256 3663 ad
1293 3608 1451 3663 linem
1484 3624 1651 3679 usque
1680 3607 1927 3665 eamdem
1963 3607 2057 3663 ad-

480 3698 664 3754 hibeas
688 3714 891 3754 curam.
924 3699 1083 3756 Vides
1126 3709 1184 3755 ut
1221 3700 1443 3756 alterius
1470 3701 1684 3770 quidem
1712 3701 2010 3757 socordiam
2036 3741 2054 3769 ,

479 3788 696 3844 alterius
724 3804 852 3845 vero
880 3790 1308 3860 desperationem
1330 3792 1627 3847 sustulerit.

551 3880 604 3934 3.
643 3879 786 3936 Nihil
826 3883 1013 3935 horum
1057 3883 1260 3937 audivit
1298 3883 1472 3946 Ozias,
1504 3884 1727 3955 ideoque
1768 3879 2060 3954 per’conli-

482 3971 719 4024 dentiam
744 3971 944 4025 decidit
971 3974 1121 4026 ruina
1148 3974 1444 4041 periculosa
1471 3983 1523 4028 et
1546 3976 1841 4032 insanabili.
1872 3975 2057 4047 Neque

478 4062 628 4115 enim
652 4062 822 4132 quivis
849 4064 1027 4133 lapsus
1051 4079 1229 4133 parem
1256 4065 1425 4119 adfert
1452 4067 1676 4132 ruinam,
1697 4068 1789 4122 sed
1815 4068 2057 4138 qua'dam

482 4162 700 4225 peccata
746 4153 1119 4224 improbatioui
1152 4163 1353 4209 tantum
1383 4158 1610 4212 obnoxia
1638 4169 1780 4227 sunt,
1813 4160 2055 4229 quaedam

478 4245 793 4316 gravissimo
812 4239 1399 4316 supplicio’puniuntur.
1424 4247 1651 4305 Proinde
1672 4250 1865 4304 Paulus
1890 4253 2062 4307 incre-

480 4350 614 4407 pans
641 4350 735 4392 eos
761 4336 851 4407 qui
878 4339 929 4390 in
956 4338 1329 4393 communibus
1356 4340 1525 4394 cmnis
1554 4356 1658 4394 non
1685 4344 2061 4409 exspectabant

482 4429 691 4492 fratres,
713 4429 781 4483 ita
808 4428 1068 4500 loquitur:
1098 4430 1211 4485 Hoc
1225 4432 1527 4487 denuntians
1542 4451 1641 4487 non
1662 4434 1814 4488 laudo
1835 4436 1911 4503 (l.
1937 4435 2054 4489 Cor.

482 4521 570 4575 ii.
603 4520 716 4589 l7).
744 4518 906 4574 Vides
960 4530 1233 4591 peccatum
1276 4522 1415 4579 intra
1456 4526 1926 4595 reprehensionem
1977 4526 2054 4596 (a)

480 4610 795 4676 consistere,
822 4620 877 4667 et
905 4612 1271 4683 objurgatione
1300 4614 1477 4686 plecti.
1502 4618 1572 4671 At
1597 4618 1685 4673 ubi
1713 4617 1780 4673 de
1823 4617 2055 4673 fornica-

482 4702 625 4757 tione
649 4701 899 4772 loquitur,
930 4718 1034 4757 non
1067 4704 1246 4760 itidem
1286 4704 1432 4762 facit.
1480 4708 1584 4764 Sed
1625 4725 1731 4779 quo
1772 4709 1955 4778 pacto?
1997 4710 2059 4765 Si

478 4793 590 4861 quis
620 4796 859 4864 templum
884 4793 982 4849 Dei
1010 4796 1181 4862 violat,
1212 4799 1380 4867 perdet
1403 4800 1537 4854 hunc
1571 4800 1709 4857 Deus
1738 4802 1811 4871 (l.
1839 4800 1957 4857 Cor.
1999 4804 2052 4859 '5.

482 4886 592 4955 i7).
623 4885 736 4941 lloc
764 4901 867 4941 non
894 4895 976 4943 est
1000 4888 1251 4958 probrum
1278 4900 1369 4945 aut
1396 4893 1759 4961 reprehensio,
1782 4894 1875 4949 sed
1901 4910 2059 4964 paena

476 4977 810 5045 gravissima.
833 4974 988 5034 Novit
1012 4990 1066 5035 et
1096 4980 1345 5036 Salomon
1372 4994 1707 5052 peccatorum
1725 4985 2053 5052 discrimina,

479 5069 569 5138 qui
602 5069 795 5125 furtum
822 5085 942 5125 cum
970 5071 1229 5127 adulterio
1254 5074 1532 5128 conferens
1560 5076 1637 5130 sic
1662 5076 1853 5131 alicubi
1887 5076 2057 5146 loqui-

480 5170 598 5217 tur:
626 5160 749 5219 Non
769 5172 843 5217 est
867 5163 1050 5217 mirum
1076 5165 1121 5218 si
1143 5166 1252 5234 quis
1270 5166 1673 5234 deprehendatur
1698 5168 1750 5220 in
1777 5172 1913 5237 furto
1935 5184 1953 5222 :
1974 5172 2061 5239 {u-

477 5265 623 5309 ratur
651 5258 801 5323 enim,
832 5266 889 5310 ut
912 5257 1135 5311 animum
1154 5258 1350 5327 expleat
1374 5259 1668 5312 esurientem
1684 5275 1704 5314 :
1724 5261 1811 5314 sed
1852 5258 2058 5313 adulter

481 5347 543 5399 ob
589 5349 814 5417 inopiam
840 5365 1015 5404 sensus
1040 5349 1249 5403 exitium
1272 5351 1456 5403 anima:
1478 5367 1585 5405 sua:
1609 5352 1841 5405 conciliat
1873 5350 2053 5409 (Prov.

477 5441 530 5495 6.
562 5441 777 5514 30-52).
823 5443 891 5498 Et
916 5442 1019 5499 hoc
1041 5453 1096 5500 et
1120 5444 1271 5510 illud,
1300 5444 1488 5514 inquit,
1520 5453 1793 5515 peccatum
1823 5457 1926 5512 est,
1958 5442 2054 5502 sed

542 5574 615 5637 (a)
649 5575 908 5643 Iucraeco,
933 5593 1033 5643 μιχρι
1052 5595 1311 5642 invertimus;-
1342 5580 1710 5629 Observavimus
1734 5580 1781 5628 in
1806 5580 2051 5631 Athanasii

474 5640 779 5703 On._nnastlco
800 5640 1017 5702 κτάτνυέζῤ
1042 5656 1136 5691 non
1152 5640 1512 5691 damnationem
1533 5655 1730 5703 prorsus
1749 5644 2021 5703 significare
2036 5682 2049 5699 ,

481 5656 779 5687 unnnasuco
800 5656 1017 5702 κτάτνυσιν
1042 5656 1136 5691 non
1158 5656 1512 5691 damnationem
1550 5656 1730 5691 irorsus
1749 5656 2021 5703 signiucare
2036 5682 2049 5699 ,

481 5697 571 5745 sed
596 5706 836 5767 quatenus
867 5709 1049 5751 tantum
1086 5705 1350 5764 damnare,
1391 5656 1629 5767 signilicat
1664 5705 1937 5765 improbare
1973 5705 2051 5755 vel

476 5759 846 5830 reprehendere
889 5775 900 5809 :
931 5767 1255 5830 .quanioliretn
1294 5759 1510 5830 ιιίάγνξσιν
1546 5767 1621 5818 hic
1660 5759 1876 5819 Erasmus
1912 5777 2051 5819 recte

475 5822 645 5881 vertit,
666 5822 1095 5886 repreliensiwtciit.

1196 370 1254 424 S.
1285 366 1562 424 JOANNIS
1597 360 2070 421 CHRYSOSTOMI
2094 357 2409 417 ARCHIEP.
2450 350 2980 412 CONSTANTINOP.

3618 347 3717 403 H6

2141 473 2365 527 alterum
2390 470 2586 535 minus,
2615 468 2841 523 alterum
2874 465 3079 537 majus:
3104 479 3302 535 pauper
3330 463 3474 519 enim
3501 477 3719 518 excusa-

2145 563 2343 617 tionem
2394 562 2553 617 habet
2598 560 2738 631 quod
2786 558 3073 630 praebuerit
3101 557 3434 613 occasionem
3464 557 3721 627 peccandi

2142 655 2382 725 penuria,
2415 654 2567 709 alteri
2609 652 2784 708 omnis
2814 651 3061 721 adempta
3090 660 3173 705 est
3197 649 3483 705 excusatio.
3518 650 3588 702 At
3614 648 3720 714 hic,

2142 747 2306 810 dices,
2331 746 2543 815 pellitur
2563 744 2785 799 naturali
2808 743 3255 813 concupiscentia.
3284 744 3353 797 At
3370 758 3472 796 non
3501 741 3726 812 permit-

2144 840 2206 894 tit
2232 838 2370 896 elabi
2399 854 2535 893 uxor
2558 854 2677 909 qua:
2700 837 2772 892 illi
2794 846 2938 892 sorte
2959 835 3161 905 obtigit,
3186 835 3280 889 sed
3311 835 3470 889 instat
3492 834 3729 905 eripiens

2145 933 2219 988 illi
2251 933 2476 988 veniam.
2509 931 2591 987 0b
2621 931 2672 986 id
2698 931 2839 986 enim
2868 930 3260 986 matrimonium
3287 938 3341 983 et
3367 928 3525 998 hujus
3555 927 3729 998 legiti-

2144 1038 2264 1078 mus
2285 1038 2414 1079 usus
2444 1024 2779 1092 permittitur,
2811 1039 2880 1079 ne
2907 1022 3031 1092 quid
3061 1023 3249 1077 horum
3280 1036 3538 1077 excusare
3559 1020 3732 1090 possit

2146 1116 2390 1171 maritus.
2421 1115 2570 1171 lianc
2592 1117 2662 1172 ob
2682 1131 2895 1171 causam
2917 1116 3039 1170 data
3061 1125 3143 1171 est
3168 1115 3243 1170 illi
3262 1116 3453 1171 mulier
3471 1114 3733 1185 adjutrix,

2146 1218 2203 1262 ut
2231 1208 2665 1264 effervescentem
2697 1219 2937 1263 naturam
2966 1218 3233 1275 coerceat,
3264 1216 3319 1262 ut
3346 1207 3737 1277 concupiscen-

2147 1302 2234 1359 tia:
2260 1302 2449 1358 fluctus
2472 1303 2640 1358 sedet.
2670 1302 2849 1372 itaque
2864 1301 3309 1373 quemadmodum
3334 1301 3657 1372 gubernator
3677 1302 3735 1355 in

2148 1407 2304 1467 portu
2334 1397 2534 1453 faciens
2559 1395 2885 1467 naufragium
2916 1396 3317 1466 haudquaquam
3360 1395 3522 1449 ullam
3559 1395 3735 1463 impe—

2149 1496 2315 1544 traret
2342 1489 2582 1544 veniam:
2608 1489 2685 1544 sic
2714 1503 2813 1543 nec
2837 1488 2883 1543 is
2912 1487 3001 1558 qui
3043 1502 3163 1542 cum
3208 1502 3305 1558 per
3342 1486 3649 1558 eonjugium
3678 1486 3739 1539 in

2149 1590 2262 1636 tuto
2289 1580 2600 1648 collocetur,
2628 1591 2802 1636 tamen
2819 1581 2990 1636 aliena
3015 1578 3618 1651 perfoditmatrimonia,
3643 1587 3744 1631 aut

2150 1688 2537 1749 quamcumque
2563 1673 2814 1729 feminam
2842 1672 3066 1727 curiosis
3088 1670 3278 1741 aspicit
3316 1671 3502 1735 oculis,
3535 1670 3744 1725 habere

2149 1765 2436 1835 quidquam
2466 1765 2633 1835 possit
2675 1765 3029 1819 excusationis
3058 1778 3157 1818 nec
3184 1763 3324 1834 apud
3359 1763 3604 1818 homines
3633 1777 3745 1818 nec

2150 1857 2290 1927 apud
2314 1858 2500 1924 Deum,
2523 1858 2730 1913 etiamsi
2756 1857 2948 1912 millies
2977 1856 3218 1926 allegarit
3248 1865 3450 1910 naturm
3484 1856 3743 1926 volupta-

2153 1957 2281 2002 tem.
2326 1947 2439 2003 lmo
2466 1963 2585 2018 qua:
2616 1947 2781 2017 possit
2820 1947 2929 2001 illic
2958 1961 3078 2003 esse
3105 1946 3367 2017 voluptas,
3402 1947 3486 2001 ubi
3534 1957 3739 2012 metus,

2153 2038 2240 2094 ubi
2266 2038 2529 2105 anxietas,
2560 2039 2652 2097 ubi
2681 2049 2945 2093 tantorum
2975 2039 3239 2093 malorum
3264 2039 3615 2108 exspectatio,
3641 2039 3744 2093 ubi

2154 2129 2453 2194 tribunalia,
2484 2130 2571 2185 ubi
2597 2130 2829 2186 rationes
2852 2129 3157 2198 reddendae,
3186 2130 3273 2185 ubi
3292 2130 3486 2201 judicis
3512 2133 3611 2197 ira,
3647 2131 3745 2186 ubi

2153 2221 2360 2291 gladius
2385 2230 2439 2278 et
2467 2222 2725 2289 carnifex,
2774 2224 2861 2277 ubi
2911 2222 3239 2290 barathrum,
3293 2234 3346 2279 et
3386 2224 3638 2279 abductio
3668 2225 3747 2279 ad

2154 2314 2504 2386 Supplicium?
2529 2315 2720 2370 Onniia
2748 2325 2902 2385 pavet
2928 2314 3219 2386 metuitque
3244 2316 3476 2385 quiltalis
3490 2327 3592 2382 est,
3611 2332 3745 2369 um-

2155 2404 2301 2472 bras,
2332 2406 2581 2475 parietes,
2614 2405 2759 2483 ipsos
2788 2406 3009 2477 lapides,
3056 2415 3320 2476 tamquam
3351 2419 3533 2459 vocem
3577 2406 3749 2459 emit-

2156 2506 2362 2554 tentes:
2386 2514 2573 2555 omnes
2597 2499 2847 2555 observat
2874 2499 3135 2571 habetque
3161 2506 3460 2569 suspectos,
3484 2497 3745 2564 famulos,

2156 2591 2379 2654 vicinos,
2410 2592 2630 2659 amicos,
2676 2593 2877 2655 hostes,
2909 2608 3011 2649 eos~
3039 2592 3128 2665 qui
3158 2600 3354 2649 norunt
3396 2593 3595 2657 omnia,
3644 2609 3749 2647 eos

2157 2685 2249 2754 qui
2275 2683 2407 2739 nihil
2435 2692 2649 2739 norunt.
2681 2684 2819 2752 Quin
2848 2685 3047 2753 potius,
3068 2683 3113 2740 si
3137 2683 3307 2743 voles.
3341 2683 3595 2738 tollantur
3624 2682 3751 2738 haec

2157 2778 2369 2831 omnia:
2404 2792 2662 2847 ponamus
2687 2777 2820 2832 nulli
2858 2784 3047 2831 notum
3072 2790 3192 2832 esse
3230 2775 3489 2847 ﬂagitium
3518 2785 3753 2847 prmter-

2158 2884 2315 2939 quam
2342 2869 2443 2938 ipsi
2469 2869 2579 2936 uni,
2611 2877 2665 2925 et
2693 2869 2905 2925 mulieri
2952 2883 3110 2939 quam
3139 2867 3487 2925 aduheravit:
3516 2883 3753 2939 quomo-

2159 2960 2229 3016 do
2270 2961 2406 3016 feret
2441 2962 2821 3020 conscientiam
2853 2961 3279 3032 redarguentem,
3309 2961 3556 3016 acerbam
3586 2976 3754 3016 accu-

2159 3054 2409 3108 satricem
2440 3053 2584 3107 illam
2612 3054 2807 3124 ubique
2831 3068 3011 3109 secum
3040 3052 3255 3109 ferens?
3280 3052 3751 3127 Quemadmodum

2160 3144 2301 3199 enim
2324 3144 2559 3215 seipsum
2584 3160 2741 3200 nemo
2768 3153 2941 3214 potest
2966 3144 3219 3215 effugere,
3249 3144 3319 3199 ita
3347 3159 3445 3203 nec
3471 3143 3619 3198 illam
3646 3144 3755 3198 hu—

2160 3236 2243 3308 ius
2264 3236 2543 3292 tribunalis
2570 3237 2908 3294 sententiam.
2947 3232 3060 3291 Hoc
3083 3237 3226 3290 enim
3259 3234 3485 3293 tribunal
3516 3251 3621 3289 non
3653 3250 3754 3305 pe-

2159 3330 2314 3385 cunia
2335 3331 2710 3400 corrumpitur,
2735 3345 2842 3385 non
2864 3328 3254 3385 adulationibus
3272 3329 3590 3398 acquiescit;
3616 3344 3750 3383 nam

2160 3421 2396 3476 divinum
2425 3432 2527 3485 est,
2558 3431 2613 3475 et
2635 3436 2664 3474 a
2697 3421 2806 3476 Deo
2832 3421 3026 3477 nostris
3053 3420 3267 3476 insitum
3295 3419 3585 3475 mentibus.
3607 3418 3755 3475 Vere

2161 3513 2373 3568 Adulter
2398 3532 2487 3585 per
2514 3516 2736 3584 inapiam
2760 3531 2935 3569 sensus
2978 3515 3187 3570 exitium
3223 3529 3330 3569 sua:
3366 3512 3527 3585 ipsius
3561 3512 3756 3568 anima:

2162 3607 2399 3661 conciliat
2430 3605 2609 3677 (Prov.
2642 3607 2695 3662 6.
2726 3605 2837 3676 ‘52).
2872 3606 3107 3662 Tametsi
3137 3622 3235 3663 nec
3260 3605 3343 3660 fur
3368 3606 3529 3660 etiam
3553 3605 3756 3658 immu-

2164 3700 2248 3754 nis
2273 3710 2356 3755 est
2382 3714 2410 3752 a
2438 3699 2719 3769 supplicio,
2765 3715 2946 3754 verum
2991 3699 3083 3755 dat
3124 3698 3336 3770 quidem
3368 3713 3601 3768 poenam,
3648 3698 3759 3753 sed

2163 3791 2446 3846 minorem.
2475 3790 2581 3846 Nec
2606 3792 2749 3846 enim
2778 3791 3204 3861 comparationes
3228 3792 3282 3847 in
3301 3790 3571 3846 diversum
3600 3792 3756 3846 ordi-

2164 3898 2287 3938 nem
2308 3882 2595 3938 extrudunt
2619 3897 2679 3938 ea
2703 3898 2821 3954 quae
2844 3892 3237 3954 comparantur,
3260 3884 3352 3939 sed
3378 3884 3759 3953 permittentes

2164 3988 2262 4028 suo
2291 3990 2512 4045 quaeque
2537 3990 2753 4029 manere
2776 3974 2915 4040 loco,
2944 3975 3345 4029 diminutionem
3367 3974 3626 4030 inducunt
3654 3985 3754 4031 aut

2163 4069 2615 4138 exsuperantiam.
2647 4068 2898 4123 Fortasse
2926 4083 3031 4122 non
3057 4068 3350 4138 intelligitis
3377 4067 3516 4138 quod
3542 4068 3749 4123 dictum

2165 4171 2278 4216 est:
2306 4162 2482 4230 itaque
2514 4175 2733 4215 necesse
2758 4168 2843 4215 est
2869 4160 3008 4215 idem
3036 4160 3367 4229 explanatius
3394 4159 3590 4215 dicere.
3636 4160 3752 4215 Bo—

2167 4271 2290 4309 num
2322 4263 2405 4309 est
2447 4252 2771 4324 conjugium,
2810 4252 2902 4307 sed
2952 4252 3143 4307 melior
3182 4262 3265 4307 est
3309 4253 3617 4323 virginitas:
3644 4269 3752 4310 nec

2167 4346 2415 4415 quoniam
2442 4345 2635 4400 melior
2658 4356 2740 4400 est
2764 4344 3055 4415 virginitas,
3089 4344 3208 4400 ideo
3234 4346 3429 4400 malum
3453 4354 3536 4401 est
3560 4347 3754 4417 conju-

2164 4440 2327 4509 ginm,
2365 4438 2458 4494 sed
2505 4438 2630 4493 illud
2678 4438 2892 4509 quidem
2944 4437 3182 4506 inferius,
3226 4438 3423 4508 alioqui
3453 4438 3650 4493 bonum
3696 4448 3754 4494 et

2167 4532 2359 4601 ipsum.
2391 4532 2649 4587 Similiter
2674 4542 2727 4587 et
2752 4532 2868 4587 hic:
2901 4533 3097 4586 malum
3127 4540 3209 4586 est
3232 4530 3447 4595 furtum,
3480 4531 3571 4585 sed
3594 4532 3755 4585 adul-

2166 4624 2301 4677 terio
2340 4623 2535 4689 minus,
2565 4639 2883 4693 quamquam
2914 4631 2966 4677 et
3008 4623 3180 4692 ipsum
3222 4631 3305 4677 est
3334 4622 3551 4675 malum.
3590 4623 3752 4678 Vides

2164 4724 2498 4783 peccatorum
2528 4712 2889 4769 differentias?
2914 4713 3322 4769 Consideremus
3369 4712 3545 4783 itaque
3591 4718 3754 4783 quale

2166 4813 2438 4876 peccatum
2467 4805 2552 4859 hic
2581 4805 2897 4875 peccaverit.
2921 4802 3129 4859 Elatum
3156 4814 3247 4868 est,
3274 4804 3462 4874 inquit,
3499 4819 3587 4856 cor
3608 4803 3753 4858 illius

2166 4897 2241 4969 (Ξ.
2278 4894 2459 4949 Paral.
2488 4894 2576 4950 26.
2605 4895 2716 4964 16).
2749 4894 3107 4949 Periculosum
3131 4895 3357 4950 vulnus:
3386 4903 3469 4948 est
3491 4895 3633 4949 enim
3666 4911 3757 4948 ar-

2165 4986 2422 5058 rogantia,
2448 4986 2747 5056 arrogantia
2770 4986 3005 5055 inquam,
3041 4986 3301 5041 malorum
3340 4986 3578 5039 omnium
3608 4984 3752 5041 fons.

2165 5082 2232 5135 Et
2260 5089 2317 5135 ut
2346 5080 2661 5149 compendio
2705 5079 2880 5134 discas
2923 5080 3094 5135 morbi
3124 5078 3398 5145 malitiam,
3430 5078 3560 5132 illud
3599 5078 3751 5132 audi.

2165 5172 2367 5228 Cietera
2390 5170 2602 5242 quidem
2624 5180 2839 5240 peccata
2864 5172 3005 5225 circa
3028 5179 3263 5225 nostram
3289 5178 3569 5225 versantur
3595 5179 3757 5223 natu-

2162 5280 2297 5328 ram,
2331 5274 2387 5320 at
2410 5264 2653 5334 superbia
2681 5263 2928 5318 virtutem
2970 5263 3334 5333 incorpoream
3355 5276 3386 5316 e
3410 5260 3623 5316 sublimi
3656 5260 3756 5314 de-

2166 5356 2325 5413 traxit
2351 5372 2415 5412 ac
2442 5356 2666 5427 dejecit:
2697 5370 2817 5408 nam
2858 5354 3147 5422 diabolum,
3188 5368 3309 5408 cum
3353 5353 3596 5408 diabolus
3643 5368 3752 5406 non

2165 5462 2329 5519 esset,
2357 5452 2624 5507 diabolum
2651 5450 2825 5505 elfecit
2844 5450 3164 5519 arrogantia.
3195 5446 3348 5514 Quod
3372 5448 3418 5502 si
3445 5455 3638 5501 testem
3657 5446 3758 5500 ad-

2164 5545 2353 5600 ducam
2373 5542 2564 5599 lsaiam
2598 5545 2668 5599 ita
2694 5543 2762 5599 de
2788 5544 2876 5596 illo
2913 5542 3236 5612 loquentem,
3264 5538 3331 5594 In
3359 5541 3540 5595 cretum
3565 5556 3750 5593 ascen-

2164 5638 2302 5701 dam,
2336 5643 2384 5689 ct
2421 5651 2506 5689 ero
2530 5635 2710 5689 similis
2739 5634 2997 5687 Altissimo
3036 5631 3188 5705 (Isai.
3234 5631 3323 5686 14.
3365 5630 3486 5701 ll):
3516 5629 3607 5699 qui
3641 5646 3749 5683 non

2165 5729 2389 5783 libenter
2416 5726 2679 5795 recipiunt
2702 5724 2997 5794 allegorias,
3024 5722 3372 5796 repudiabunt
3403 5729 3645 5775 nostrum
3671 5732 3750 5775 tc-

2170 5818 2504 5876 stimouium:
2534 5816 2613 5873 sin
2646 5831 2766 5873 vero
2808 5815 3027 5871 Paulum
3060 5814 3131 5869 illi
3158 5812 3554 5873 adhibuerimus
3590 5827 3753 5869 acea-
