3992 6300
250 254 336 310 115
1187 253 1252 308 ΙΝ
1284 253 1517 320 ιιιυο,
1555 253 1691 310 VIDI
1733 253 1792 310 1)(

1901 249 2068 317 NUM,
2105 249 2338 306 HOMIL.
2378 248 2467 304 111.

240 369 457 442 γυμνοὺς
504 368 881 439 παραπέμψαι
917 369 1053 440 πρὸς
1102 369 1308 422 ἐκεῖνον
1341 368 1433 420 τὸν
1470 368 1660 438 λιμένα
1692 368 1801 420 λοι-

3372 253 3474 310 1Ιῦ

1906 366 2059 434 φησὶ,
2083 365 2182 436 τὴν
2205 363 2311 417 ἀπὸ
2345 365 2448 432 τῆς
2473 362 2708 433 φυσικῆς
2736 363 3028 435 ἐπιθυμίας
3056 365 3318 436 ἀνάγκην.
3335 366 3476 421 Ἀλλ’

240 458 342 511 MV.
365 454 457 506 Διά
479 453 637 505 τοῦτο
659 453 688 505 6
715 456 1010 524 προφήτης
1036 453 1293 522 παραινεῖ
1319 452 1455 504 πᾶσι
1480 452 1670 520 λέγων,
1696 455 1802 517 Εἰς
1905 458 2006 510 ούκ
2049 457 2273 525 ἀφίησιν
2314 457 2348 524 ἡ
2381 454 2718 526 κληρωθεῖσα
2755 453 2902 527 [116]
2954 457 3119 511 αὑτοῦ
3156 459 3325 527 γυνὴ,
3361 458 3476 512 ἀλλ’

236 541 294 592 τὸ
319 537 484 601 τέλος
510 533 596 603 μὴ
622 535 994 604 διαφθείρῃς.
1022 535 1131 588 Καὶ
1159 535 1267 606 γάρ
1301 535 1439 604 μετά
1481 535 1580 606 τὴν
1610 535 1791 588 τοιαύ-

237 639 321 693 την
346 618 542 673 πτῶσιν
564 617 973 687 δυσανάκλητος
998 618 1164 684 ,πάλιν
1189 619 1222 688 ἡ
1256 617 1567 682 ἀνάστασις.
1606 618 1659 670 '0
1682 617 1792 688 γάρ

234 705 406 760 ἐλθὼν
432 706 516 768 εις
542 701 779 769 1ιβάθος
806 702 1030 764 κακῶν,
1049 701 1418 769 καταφρονεῖ.
1449 703 1558 756 Καὶ
1583 702 1660 774 τῷ
1694 704 1792 772 μὲν

234 790 285 841 ἐν
321 789 459 857 ἀρχῇ
511 785 728 838 πεσόντι
775 784 1216 854 συγγινώσκομεν
1268 784 1506 847 ἆπαντες
1557 785 1644 839 διὰ
1693 788 1791 855 τὴν

236 871 496 940 ἀπειρίαν·
539 869 629 921 τὸν
657 870 713 921 δὲ
749 869 888 938 μετά
919 869 1142 932 πολλοὺς
1193 867 1342 939 [115]
1390 871 1513 932 τοὺς
1559 869 1792 940 δρόμους

235 951 671 1006 ύποσκελισθέντα
725 951 825 1004 ούκ
872 952 939 1005 ἄν
976 969 1058 1013 τις
1112 950 1309 1020 ῥαδίως
1359 951 1610 1018 ἀξιώσειε
1658 969 1791 1020 συγο

235 1035 500 1108 γνώμηςῆ
535 1035 858 1103 ἀπολογίας·
899 1034 1168 1106 ῥᾳθυμίας
1198 1036 1304 1105 γὰρ
1335 1036 1455 1088 τότε
1488 1035 1549 1089 16
1593 1035 1792 1106 πτῶμα

234 1118 358 1174 εἶναι
392 1121 553 1173 δοκεῖ.
599 1119 706 1171 Καὶ
737 1119 797 1170 ού
821 1117 981 1170 τοῦτο
1025 1118 1182 1187 μόνον
1210 1119 1326 1172 ἐστὶ
1356 1119 1417 1172 16
1456 1119 1649 1184 δεινὸν,
1675 1119 1792 1173 ἀλλ’

234 1205 306 1257 ὅτι
328 1205 421 1257 καὶ
447 1201 627 1254 πολλοὶ
663 1202 712 1253 οἱ
749 1198 1218 1271 σκανδαλιζόμενοι
1249 1203 1364 1264 τοῖς
1401 1201 1512 1254 τῶν
1536 1202 1793 1257 τοιούτων

235 1286 507 1356 πτώμασίν
537 1287 692 1346 εἰσιν,
724 1282 865 1336 ῶστε
894 1283 989 1337 καὶ
1015 1282 1184 1354 ταύτῃ
1214 1284 1377 1338 πάλιν
1410 1283 1792 1354 ἀσύγγνωστον

235 1372 290 1426 16
328 1371 622 1442 ἁμάρτημα
669 1369 896 1437 γίνεται.
929 1365 1092 1419 Ταῦτ’
1118 1365 1212 1420 οὖν
1243 1368 1466 1432 εἰδότες,
1499 1369 1790 1440 ἀκούωμεν

237 1453 322 1507 τοῦ
361 1456 661 1523 Προφήτου,
693 1451 785 1503 καὶ
825 1452 907 1506 εἰς
946 1450 1008 1503 τὸ
1051 1449 1200 1512 τέλος
1245 1450 1319 1520 μὴ
1372 1449 1790 1521 διαφθείρωμεν.

240 1536 329 1590 Διά
356 1538 461 1606 γάρ
486 1533 642 1587 τοῦτο
668 1535 765 1586 καὶ
787 1534 816 1586 6
848 1531 1106 1603 Ἰεζεκιὴλ
1137 1533 1265 1586 ἐϐόα
1293 1533 1492 1601 λέγων·
1537 1533 1793 1604 Ἐὰνιγέ-

238 1621 400 1687 rural
440 1636 526 1683 τις
559 1615 810 1681 δίκαιος,
854 1610 982 1669 εἶτα
1019 1616 1372 1684 μεταπεσὼν
1417 1615 1676 1686 ἁμάρτῃ,
1719 1619 1791 1672 οὺ

236 1705 312 1773 μὴ
351 1700 694 1771 μνησθῶσιν
728 1697 887 1763 αὐτῷ
918 1703 978 1753 αἱ
1002 1699 1372 1753 δικαιοσύναι
1404 1701 1613 1764 αὑτοῦ,
1654 1701 1791 1754 ἀλλ’

242 1788 303 1839 ἐν
335 1785 405 1854 τῇ
447 1783 698 1852 ἁμαρτίᾳ
733 1783 922 1836 αὐτοῦ
964 1782 1361 1839 ἀποθανεῖται.
1408 1786 1518 1838 Καὶ
1559 1784 1670 1856 ’γὰρ
1700 1784 1794 1838 καὶ

245 1865 380 1932 οὗτος
407 1868 634 1920 δέδοικεν
681 1867 820 1936 ὑπὲρ
860 1864 955 1918 τοῦ
987 1865 1191 1929 τέλους.
1235 1867 1344 1919 Καὶ
1396 1868 1494 1919 οὐκ
1547 1865 1792 1920 ἐντεῦθεν

251 1954 408 2022 μόνον,
434 1951 564 2004 ἀλλά
603 1949 696 2003 καὶ
727 1949 818 2002 διὰ
848 1950 958 2002 τῶν
1007 1949 1264 2002 ἐναντίων
1313 1949 1564 2003 δείκνυσι.
1593 1951 1792 2022 πολλὴν

251 2038 332 2089 τοῦ
368 2036 676 2105 πράγματος
708 2033 806 2104 τὴν
855 2034 1010 2102 ἰσχὺν
1040 2028 1222 2085 οὖσαν.
1259 2033 1362 2086 Ἂν
1404 2033 1512 2101 γὰρ
1551 2034 1791 2103 γένηταί

254 2137 331 2185 τις
374 2115 736 2188 ἁμαρτωλός,
777 2114 963 2186 φησὶν,
1009 2111 1134 2168 εἶτα
1173 2116 1654 2185 μεταϐαλόμενος
1695 2117 1791 2186 γέ-

256 2219 401 2269 νηται
460 2201 710 2265 δίκαιος,
771 2200 844 2252 οὐ
883 2197 970 2268 μὴ
1011 2197 1366 2266 μνησθῶσιν
1413 2202 1473 2254 αἱ
1519 2201 1792 2271 ἁμαρτίαι

258 2285 412 2338 αὑτοῦ
434 2282 490 2322 δ·
527 2283 596 2336 ἐν
623 2281 699 2349 τῇ
731 2280 1086 2350 δικαιοσύνῃ
1124 2282 1310 2335 αὐτοῦ
1337 2279 1592 2348 ζήσεται.
1631 2284 1792 2355 Ὁρᾷς

259 2370 336 2420 καὶ
368 2366 578 2421 ἐνταῦθα
631 2364 829 2436 πολλὴν
872 2365 968 2418 τοῦ
1015 2365 1198 2429 τέλους
1255 2366 1418 2420 αὑτὸν
1469 2368 1790 2439 ποιούμενον

260 2451 489 2520 πρόνοιαν.
517 2450 632 2503 Ἶνα
659 2448 768 2520 γάρ
797 2448 937 2519 μήτε
964 2450 993 2500 ό
1029 2448 1232 2512 δίκαιος
1258 2451 1323 2521 τῇ
1354 2450 1668 2524 δικαιοσύνῃ
1696 2453 1793 2506 αύ-

259 2533 337 2586 τοῦ
360 2533 576 2604 θαρρῶν,
605 2535 687 2595 είς
729 2531 1002 2604 ρᾳθυμίαν
1045 2533 1337 2597 ἀποκλίνας
1377 2535 1661 2607 ἀπόληται,
1694 2553 1791 2606 φο-

259 2615 332 2668 ϐεῖ
366 2616 442 2669 διὰ
480 2616 572 2670 τοῦ
604 2615 792 2678 τέλους
837 2615 1001 2669 αὐτόν
1023 2633 1036 2647 ο
1086 2619 1220 2688 μήτε
1254 2620 1281 2670 ό
1312 2619 1630 2690 ἁμαρτωλὸς
1659 2621 1793 2674 ἀπο-

256 2701 389 2768 τοὺς
411 2700 497 2753 ἐπὶ
534 2701 646 2762 τοῖς
673 2699 1111 2771 παραπτώμασι,
1149 2702 1282 2774 μένῃ
1311 2703 1601 2767 διαπαντὸς
1628 2706 1685 2758 ἐν
1714 2705 1793 2776 τῷ

255 2784 490 2854 πώματι,
534 2784 787 2854 ἀνίστησι
824 2784 912 2838 διά
950 2784 1043 2838 τοῦ
1081 2785 1266 2850 τέλους
1305 2787 1485 2840 αὐτόν.
1511 2788 1794 2860 Ἥμαρτες

253 2869 425 2931 πολλὰ,
461 2869 638 2939 φησὶν,
677 2868 816 2922 ἀλλά
855 2868 932 2940 μὴ
976 2869 1311 2940 ἀπελπίσῃςο
1345 2870 1458 2923 ἔστι
1489 2871 1597 2942 γάρ
1629 2872 1794 2924 ἐπάν-

253 2952 370 3016 οδος,
392 2955 475 3006 ἐὰν
503 2953 740 3005 ἐναντίον
766 2963 788 2990 ιτ
814 2953 915 3021 τῆς
945 2953 1116 3024 ἀρχῆς
1145 2953 1321 3024 δείξῃς
1345 2954 1404 3006 τὸ
1432 2954 1600 3018 τέλος.
1625 2956 1794 3008 Πάλιν

252 3036 372 3106 πρὶς
408 3035 486 3087 τὸν
515 3036 741 3098 δίκαιον,
769 3033 1148 3104 Κατώρθωσας
1187 3036 1375 3096 πολλὰ,
1425 3038 1607 3106 φησὶν,
1657 3037 1793 3091 ἀλλά

252 3122 320 3189 μὴ
345 3122 599 3192 θαρσήσῃς
619 3135 634 3147 ·
668 3119 956 3188 συμϐαίνει
984 3119 1091 3190 γάρ
1121 3121 1212 3172 καὶ
1241 3123 1448 3180 πεσεῖν,
1478 3121 1546 3174 ἂν
1587 3121 1660 3192 μὴ
1701 3123 1790 3175 διὰ

209 3266 216 3268 _
245 3203 386 3264 τέλικ
408 3204 492 3274 τὴν
523 3205 644 3270 ίσην
667 3203 800 3272 ἔχῃς
831 3202 1084 3273 σπουδήν.
1110 3200 1262 3267 Εἶδες
1293 3205 1410 3267 πῶς
1439 3204 1533 3258 τοῦ
1564 3207 1664 3276 μὲν
1691 3207 1790 3277 τὴν

245 3285 514 3356 ρᾳθυμίαν,
551 3284 642 3338 τοῦ
675 3285 732 3338 δὲ
771 3284 870 3356 τὴν
897 3285 1207 3355 ἀπόγνωσιν
1232 3288 1473 3354 ἀνεῖλενς

305 3375 372 3437 γ’.
390 3369 600 3433 Οὐδενὸς
610 3368 816 3421 τούτων
829 3369 1060 3439 ἡκουσεν
1083 3369 1279 3434 Ὀζίας·
1298 3370 1379 3423 διὸ
1407 3371 1498 3425 καὶ
1515 3370 1793 3444 θαρσήσας

239 3450 485 3504 κατέπεσε
514 3451 714 3522 πτῶμα
738 3451 970 3521 χαλεπὸν
998 3452 1091 3505 καὶ
1118 3453 1353 3508 ἀνίατον.
1383 3453 1516 3505 Οὐδὲ
1544 3454 1652 3525 γάρ
1682 3457 1790 3508 πᾶν

237 3534 423 3603 πτῶμα
453 3535 561 3586 ἴσον
597 3537 732 3605 ἡμῖν
772 3533 1070 3605 ἐργάζεται
1115 3535 1174 3588 16
1217 3535 1456 3605 τραῦμα,
1503 3536 1639 3590 ἀλλά
1686 3539 1791 3590 τῶν

235 3620 500 3688 ἁμαρτιῶν
521 3618 590 3672 τά
625 3620 724 3688 μὲν
751 3619 854 3672 ὑπὸ
884 3619 1225 3688 κατάγνωσιν
1275 3621 1449 3674 κεῖται
1498 3621 1678 3690 μόνον,
1724 3622 1792 3675 τά

232 3704 286 3755 δὲ
327 3703 711 3773 χαλεπωτάτην
751 3702 964 3772 δέχεται
1011 3702 1298 3773 τιμωρίαν.
1348 3703 1470 3766 Τοῖς
1519 3701 1650 3770 γοῦν
1691 3706 1791 3758 οὐκ

230 3787 539 3856 ἀναμένουσι
566 3787 694 3848 τοὺς
736 3785 997 3854 ἀδελφοὺς
1026 3787 1084 3838 ἐν
1124 3788 1236 3850 τοῖς
1268 3789 1466 3850 κοινοῖς
1497 3785 1730 3852 δείπνοις
1762 3789 1791 3840 6

229 3869 431 3933 Παῦλος
469 3867 762 3939 ἐπιτιμῶν,
805 3866 979 3932 οὕτως
1023 3867 1207 3938 ἔλεγε·
1242 3869 1418 3924 Τοῦτο
1461 3869 1530 3922 δὲ
1569 3886 1790 3940 παραγ-

227 3954 453 4022 γέλλων
506 3955 618 4008 οὐκ
663 3951 908 4006 ἐπαινῶ.
967 3953 1128 4024 Ὁρᾷς
1179 3952 1338 4023 μέχρι
1395 3953 1790 4021 καταγνώσεως

229 4036 507 4105 ἱστάμενον
527 4036 588 4089 16
615 4035 834 4106 ἁμάρτῃ
843 4052 940 4105 μα,
964 4035 1058 4088 καὶ
1087 4035 1251 4102 ψόγον
1272 4034 1392 4106 ἐχον
1412 4035 1474 4088 16
1497 4035 1788 4106 ἐπιτίμιον.

237 4118 376 4171 Ἀλλ’
393 4119 488 4188 οὐχ
507 4120 637 4171 ὅταν
664 4119 795 4187 περὶ
822 4118 1076 4188 πορνείας
1103 4118 1436 4187 διαλέγηται,
1457 4118 1598 4172 οῦτω
1627 4122 1790 4173 ποιεῖ.

234 4198 394 4254 Ἀλλά
438 4201 591 4266 πῶς;
636 4201 710 4254 Εἴ
741 4217 831 4264 τις
880 4200 987 4254 τὸν
1025 4201 1174 4253 ναὸν
1205 4201 1308 4255 τοῦ
1355 4200 1502 4255 Θεοῦ
1555 4202 1790 4270 φθερεῖ,

227 4284 426 4352 εςθερεῖ
452 4284 673 4337 τοῦτον
705 4285 739 4336 ὁ
773 4283 932 4348 Θεός.
974 4280 1233 4336 Ἐνταῦθα
1275 4283 1381 4354 γὰρ
1409 4284 1507 4337 οὐκ
1545 4284 1660 4338 ἐστι
1693 4284 1793 4354 ψό-

230 4384 338 4433 γος,
367 4368 486 4420 ούδέ
521 4366 892 4434 κατάγνωσις,
939 4363 1053 4417 ἀλλ’
1083 4365 1117 4435 ἡ
1151 4365 1505 4434 χαλεπωτάτη
1534 4368 1789 4438 τιμωρία.

232 4445 347 4503 Οἷδε
380 4452 472 4503 καὶ
513 4452 542 4502 6
587 4447 840 4518 Σολομῶν
896 4448 1305 4517 ἁμαρτημάτων
1358 4448 1618 4520 διαφοράς
1641 4468 1654 4479 ·
1694 4451 1792 4521 τὴν

234 4532 355 4598 γοῦν
383 4533 587 4604 κλοπὴν
615 4534 681 4602 τῇ
714 4529 928 4601 μοιχεία
959 4530 1279 4598 συγκρίνων,
1315 4532 1512 4585 οὑτωσί
1546 4533 1663 4598 πώς
1691 4552 1794 4603 φη-

240 4630 341 4665 σιν·
368 4616 448 4670 Οὐ
478 4611 849 4683 θαυμαστόν,
881 4611 991 4665 ἐὰν
1030 4610 1156 4676 ἁλῷ
1201 4629 1289 4679 τις
1323 4612 1620 4668 κλέπτων·
1658 4617 1794 4671 κλέ-

242 4712 359 4752 πτει
386 4698 518 4769 τὰρ,
557 4699 661 4750 ἶνα
687 4695 972 4765 ἐμπλήσῃ
1001 4694 1211 4764 ψυχὴν
1236 4695 1422 4750 αὐτοῦ
1455 4697 1757 4754 πεινῶσαν
1776 4718 1790 4731 ·

246 4781 272 4830 ιΞ
291 4779 355 4832 δὲ
371 4779 585 4850 μοιχὸς
613 4779 688 4833 δι’
712 4778 952 4833 ἔνδειαν
979 4775 1211 4846 φρενῶν
1237 4777 1538 4833 ἀπώλειαν
1562 4781 1638 4850 τῇ
1660 4783 1796 4836 ἐαυ-

249 4862 340 4915 τοῦ
375 4861 547 4932 ψυχῇ
583 4861 988 4930 περιποιεῖται.
1027 4860 1352 4931 Ἀμάρτημα
1382 4863 1476 4915 καὶ
1514 4863 1672 4917 τοῦτο
1699 4867 1796 4918 κά-

253 4947 391 5008 κεῖνο,
421 4947 606 5016 φησιν,
648 4944 785 4998 ἀλλά
818 4944 878 4997 16
926 4945 1025 5014 μὲν
1065 4942 1302 5006 ἔλαττον,
1343 4944 1405 4997 16
1430 4945 1487 4997 δὲ
1521 4946 1736 5015 μεῖζον·
1768 4949 1797 5000 6

261 5028 339 5094 μὲν
362 5031 464 5100 γάρ
494 5029 610 5100 ἔχει
637 5027 666 5066 ἀ
697 5027 796 5098 τὴν
830 5026 938 5079 ἀπὸ
964 5027 1062 5096 τῆς
1096 5026 1284 5089 πενίας
1320 5027 1609 5097 πρόφασιν,
1643 5023 1798 5093 οὗτος

261 5109 306 5160 δὲ
328 5113 488 5182 πάσης
511 5108 810 5179 ἀπολογίας
833 5109 1140 5181 ἐπέρηται.
1177 5108 1336 5164 Ἀλλά
1361 5110 1452 5165 καὶ
1479 5104 1631 5176 οὗτος
1662 5114 1794 5184 ἔχει,

314 5295 336 5323 ⁸
358 5297 690 5364 Ουτιιιοτγωεε,
715 5298 942 5346 εἰσελθὼν
955 5297 1044 5364 ές.
1073 5294 1125 5343 In
1149 5292 1457 5364 iisdemjnlra
1481 5297 1585 5364 hac
1608 5301 1796 5364 ῥᾳδίως,

269 5361 312 5402 ιι
329 5371 417 5407 mox
430 5362 717 5422 ἣάπολογίας
739 5364 940 5409 desunt.
954 5358 1059 5406 Hoc
1083 5370 1226 5422 pom
1248 5358 1471 5407 ultimum
1490 5363 1520 5418 ἢ
1545 5358 1799 5422 ἀπολογίας

271 5428 346 5464 non
371 5424 479 5483 legit
511 5421 754 5473 Erasmus.
802 5422 963 5472 Paulo
1001 5429 1116 5469 ante
1136 5421 1288 5470 codex
1310 5433 1388 5481 ap.
1419 5423 1568 5473 Savil.
1595 5421 1801 5472 δυσοινά-

269 5492 456 5538 παμποι-

471 5545 626 5604 αύτοῦ,
645 5545 748 5593 ἀλλ’
774 5544 822 5592 ἐν
841 5548 924 5604 τῇ.

320 5604 338 5631 ε
368 5602 488 5668 Ποιιὶ
517 5602 624 5654 mss;
651 5608 731 5654 ἐὰν
749 5607 816 5668 μὴ
838 5602 1070 5668 ἐναντίον,
1098 5603 1242 5653 male.
1269 5605 1560 5668 Paulqpqsl
1595 5609 1798 5668 συμϐαι-

271 5677 326 5708 va
340 5665 412 5726 γάρ
428 5668 498 5713 καὶ
517 5669 685 5716 πεσεῖν.
715 5665 952 5717 Erasmus
971 5666 1056 5725 qui
1080 5672 1311 5723 verterat,
1330 5665 1637 5716 subindicans
1661 5665 1797 5717 illum

273 5732 470 5792 mrum,
493 5728 674 5789 legerat
694 5728 824 5778 haud
841 5727 1352 5792 ᾀῠῐξὶθ-σημαίνειγὰρ,
1365 5728 1510 5792 male.
1527 5728 1679 5780 Paulo
1691 5738 1797 5792 post

267 5787 380 5852 ηειιιιῇ
397 5801 496 5836 πως.
529 5787 600 5839 διὰ
617 5793 782 5844 τέλους
801 5790 908 5845 τήν.
930 5787 1063 5852 lnfra
1088 5787 1121 5837 ί.
1146 5787 1180 5838 1.
1205 5787 1566 5852 ἁμαρτημάτων.

317 5845 338 5885 δ
353 5851 544 5908 Quatuor
563 5867 674 5902 mss.
697 5854 792 5914 γάρ
815 5849 951 5899 δοκεῖ
978 5848 1116 5910 ἔχειν.

1903 539 2203 608 ἐφέστηκεν
2231 538 2606 609 ἀποστεροῦσα
2651 539 2752 608 τῆς
2792 538 3118 611 συγγνώμης
3163 541 3344 596 αὐτόν.
3379 544 3478 596 Διά

1900 622 2010 694 γὰρ
2043 622 2201 675 τοῦτο
2227 622 2403 692 γάμος
2431 623 2525 676 καὶ
2551 622 2845 686 ἀπόλαυσις
2881 623 3159 694 ἑνθεσμος,
3191 625 3279 678 ἵνα
3313 626 3477 695 μηδὲν

1900 705 1998 776 ἐχῃ
2043 705 2247 758 τούτων
2291 705 2469 772 λέγειν
2515 707 2543 759 ὁ
2586 706 2746 776 ἀνήρ.
2779 704 2877 758 Διά
2918 705 3072 759 τοῦτο
3100 706 3248 777 αὐτῷ
3287 706 3477 778 βοηθὸς

1901 790 2058 861 ἐδόθη
2089 791 2122 858 ἡ
2150 789 2307 860 γυνὴ,
2333 790 2421 842 ἵνα
2453 788 2782 859 μαινομένην
2811 790 3144 862 καταστέλλῃ
3169 791 3269 863 τὴν
3291 790 3474 860 φύσιν,

1901 872 1987 925 ἵνα
2018 873 2245 944 στορέσῃ
2287 873 2386 942 τῆς
2418 871 2710 942 ἐπιθυμίας
2751 873 2820 925 τὰ
2858 874 3098 942 κύματα.
3125 875 3334 946 Ὠσπερ
3382 870 3475 928 οῦν

1901 955 2238 1026 κυϐερνήτης
2269 957 2326 1008 ἐν
2359 954 2538 1024 λιμένι
2577 954 2834 1022 ναυάγιον
2866 956 3228 1025 ἐργαζόμενος
3265 957 3364 1010 οὐκ
3409 956 3476 1010 ἀν

1898 1038 2049 1108 τύχοι
2092 1037 2419 1108 συγγνώμης
2448 1037 2590 1098 τινός
2610 1052 2625 1067 ⁸
2667 1037 2808 1090 οῦτω
2837 1037 2930 1090 κα)¹
2967 1037 2995 1087 6
3025 1038 3306 1108 ἄνθρωπος
3339 1038 3478 1109 μετά

1898 1121 1996 1190 τὴν
2030 1121 2328 1189 ἀσφάλειαν
2358 1120 2460 1190 τὴν
2500 1118 2609 1172 ἀπὺ
2638 1118 2731 1173 τοῦ
2763 1119 2942 1188 γάμου
2983 1121 3110 1182 τοὺς
3151 1120 3335 1192 ἐτέρου
3364 1122 3475 1174 διο-

1901 1204 2106 1274 ρύττων
2157 1204 2398 1272 γάμους,
2445 1203 2478 1272 ἧ
2537 1205 2767 1271 γυναῖκα
2828 1202 3114 1273 ἡντιναοῦν
3166 1204 3475 1273 περιέργως

1898 1286 2060 1357 ὁρῶν,
2089 1287 2189 1340 οὐκ
2217 1285 2283 1340 ἂν
2310 1286 2461 1356 τύχοι
2489 1285 2633 1349 τινος
2661 1285 2974 1354 ἀπολογίας,
2996 1287 3058 1338 οὺ
3088 1286 3238 1356 παρὰ
3267 1286 3476 1357 ἀνθρώ-

1899 1385 2041 1434 ποις,
2075 1371 2136 1422 οὐ
2168 1368 2318 1440 παρὰ
2350 1368 2490 1438 Θεῷ,
2521 1369 2626 1421 κᾶν
2666 1368 2924 1438 μυριάκις
2958 1367 3092 1438 λέγῃ
3121 1369 3218 1438 τὴν
3245 1369 3343 1438 τῆς
3377 1369 3477 1438 φύ-

1902 1469 2037 1516 σεως
2067 1453 2278 1523 ἡδονήν.
2316 1451 2530 1505 Μᾶλλον
2567 1451 2623 1504 δὲ
2657 1451 2785 1504 ποία
2817 1451 3014 1519 γένοιτ’
3043 1451 3109 1503 ἂν
3137 1451 3317 1521 ἡδονὴ,
3341 1452 3474 1503 ὅπου

1900 1535 2062 1605 φόϐος
2116 1537 2209 1589 καὶ
2263 1536 2470 1604 ἀγωνία
2504 1547 2528 1574 ο
2576 1536 2672 1590 καὶ
2725 1535 2965 1598 κίνδυνος
3030 1537 3123 1588 καὶ
3179 1535 3476 1606 προσδοκία

1899 1619 2163 1672 τοσούτων
2199 1619 2406 1681 δεινῶν,
2449 1619 2582 1672 ὅπου
2630 1618 2956 1690 δικαστήρια
2988 1619 3082 1671 καὶ
3112 1617 3350 1681 εὖθῦναι,
3381 1620 3476 1670 καὶ

1899 1701 2150 1755 δικαστοῦ
2178 1701 2368 1772 Θυμδς,
2401 1702 2495 1754 καὶ
2530 1701 2681 1770 ξίφος
2711 1703 2804 1755 καὶ
2841 1701 3050 1772 δήμιος.
3083 1701 3175 1754 καὶ
3206 1700 3476 1772 βάραθρον

1901 1785 1994 1838 καὶ
2033 1785 2304 1856 ἀπαγωγὴ
2338 1784 2355 1822 τ
2376 1801 2390 1848 ;
2425 1785 2608 1838 Πάντα
2647 1784 2839 1855 τρέμει
2871 1786 2963 1838 καὶ
2989 1783 3222 1837 δέδοικεν
3246 1786 3274 1837 6
3303 1783 3476 1837 τοιοῦ-

1899 1884 2010 1931 τος,
2030 1868 2130 1933 τὰς
2155 1869 2333 1932 σκιάς,
2364 1869 2491 1931 τοὺς
2511 1867 2741 1938 τοίχους,
2771 1869 2896 1931 τοὺς
2928 1866 3106 1932 λίθους
3135 1867 3353 1932 αὐτοὺς,
3383 1884 3475 1921 κα-

1901 1952 2078 2022 θάπερ
2116 1951 2298 2022 φωνὴν
2332 1952 2620 2020 ἀφιέντας·
2655 1951 2862 2015 πάντας
2898 1952 3165 2022 ὑφορᾶται
3209 1951 3299 2004 καὶ
3342 1951 3476 2004 6110-

1901 2033 2108 2097 πτεύει,
2153 2036 2279 2097 τοὺς
2308 2035 2558 2098 οἰκέτας,
2599 2033 2726 2098 τοὺς
2771 2035 3048 2102 γείτονας,
3089 2035 3215 2097 τοὺς
3254 2033 3472 2102 φίλους,

1899 2118 2026 2180 τοὺς
2059 2117 2308 2187 ἐχθροὺς,
2336 2119 2464 2181 τοὺς
2511 2118 2686 2171 πάντα
2731 2117 2960 2180 εἰδότας,
2990 2119 3115 2180 τοὺς
3147 2116 3297 2170 οὐδὲν
3341 2117 3477 2170 ειδό-

1899 2216 2016 2262 τας.
2043 2198 2252 2253 Μᾶλλον
2275 2199 2354 2264 δέ,
2377 2203 2425 2252 εί
2455 2199 2653 2268 βούλει,
2684 2201 2776 2254 καὶ
2803 2199 2975 2253 ταῦτα
3001 2199 3350 2270 ἀναιρείσθω,
3379 2201 3476 2253 καὶ

1903 2283 2090 2352 μηδεὶς
2118 2283 2248 2336 ἴστω
2273 2293 2297 2331 ε
2331 2283 2400 2337 τὰ
2425 2283 2832 2354 τετολμημένα,
2870 2283 2983 2337 ἀλλ’
3029 2285 3062 2354 ἢ
3104 2285 3262 2354 μόνος
3313 2283 3475 2346 αὐτὸς

1903 2368 2040 2437 μετά
2074 2367 2172 2437 τῆς
2210 2367 2571 2438 ὑϐριζομένης
2614 2368 2898 2435 γυναικός·
2931 2367 3044 2430 116');
3074 2368 3212 2420 οῑσει
3242 2367 3332 2420 τὸν
3362 2367 3478 2421 ἀπὸ

1899 2451 1994 2522 τῆς
2035 2451 2386 2520 συνειδήσεως
2415 2450 2656 2521 ἔλεγχον,
2689 2451 2882 2522 πικρὸν
2925 2451 3199 2521 πανταχοῦ
3246 2451 3475 2522 περιφέ-

1901 2551 2010 2606 ρων
2031 2535 2362 2605 κατήγορονς
2390 2535 2601 2606 Ὠσπερ
2637 2535 2744 2605 γάρ
2769 2534 2958 2588 ἐαυτὸν
2986 2536 3086 2587 οὐκ
3117 2536 3181 2588 ἀν
3222 2534 3352 2588 ποτέ
3391 2551 3474 2597 τις

1901 2618 2080 2688 φύγοι,
2107 2618 2246 2672 οῦτω
2275 2619 2393 2672 οὐδὲ
2419 2619 2516 2689 τὴν
2544 2620 2652 2674 ἀπὸ
2681 2619 2773 2671 τοῦ
2808 2618 3090 2690 κριτηρίου
3118 2618 3298 2687 ψῆφον
3329 2617 3474 2670 ἐκεί-

1899 2721 2010 2757 νου.
2039 2702 2207 2755 Τοῦτο
2233 2703 2294 2756 16
2332 2703 2677 2774 δικαστήριον
2705 2703 2764 2755 ού
2798 2703 3044 2775 χρήμασι
3083 2701 3473 2772 διαφθείρεται,

1899 2787 1959 2839 οὐ
2008 2786 2317 2848 κολακείαις
2357 2787 2628 2840 ἐνδίδωσι·
2667 2785 2807 2838 θεῖον
2854 2787 2962 2857 γάρ
3013 2787 3164 2848 ἐστι,
3195 2787 3288 2839 καὶ
3324 2785 3475 2855 παρά

1899 2871 2032 2924 Θεοῦ
2061 2874 2179 2933 ταῖς
2219 2871 2513 2942 ἡμετέραις
2554 2869 2894 2941 ἐνιδρυμένον
2923 2870 3141 2941 ψυχαῖς.
3167 2871 3372 2932 Ὄντως
3410 2870 3478 2922 '0

1894 2952 2106 3023 μοιχὸς
2144 2953 2217 3007 δι’
2257 2954 2496 3007 ἔνδειαν
2527 2952 2762 3022 φρενῶν
2797 2952 3104 3007 ἀπώλειαν
3143 2950 3216 3021 τῇ
3255 2952 3476 3006 ἑαυτοῦ

1899 3035 2069 3106 ψυχῇ
2103 3037 2501 3105 περιποιεῖται.
2531 3038 2604 3089 υύ
2643 3037 2746 3106 μὴν
2780 3036 2901 3089 οὑδέ
2928 3039 2956 3090 6
2993 3036 3231 3106 κλέπτης
3257 3036 3284 3075 ξι
3317 3035 3475 3089 κολά-

1901 3137 2037 3184 σεως
2065 3121 2450 3191 ἀπεστέρηται,
2481 3119 2616 3173 ἀλλά
2654 3119 2837 3173 δίδωσι
2874 3119 2974 3190 μὲν
3012 3119 3188 3188 δίκην,
3213 3119 3472 3172 ἐλάττονα

1898 3202 1974 3256 δέ.
2005 3204 2070 3255 Δί
2105 3205 2210 3274 γάρ
2231 3203 2547 3274 συγκρίσεις
2570 3203 2671 3256 οὐκ
2699 3204 2778 3263 είς
2806 3202 2906 3273 τὴν
2939 3202 3184 3255 ἐναντίαν
3216 3200 3476 3266 ἐξωθοῦσι

1897 3285 2047 3350 τάξιν
2081 3287 2149 3340 τὰ
2178 3287 2596 3357 συγκρινόμενα,
2625 3287 2738 3340 ἀλλ’
2762 3287 3012 3356 ἀφιεῖσαι
3051 3286 3228 3356 μένειν
3253 3286 3346 3338 ἐπὶ
3376 3285 3475 3353 τῆς

1899 3369 2102 3432 οἰκείας
2129 3368 2309 3440 χώρας
2338 3370 2498 3430 αὐτὰ,
2527 3370 2820 3423 ἐλάττωσιν
2861 3371 3140 3438 εἰσάγουσι
3182 3370 3274 3424 καὶ
3311 3369 3478 3440 ὑπερ-

1899 3453 2047 3521 οχήν.
2081 3451 2230 3521 Τάχα
2263 3453 2323 3504 ού
2360 3455 2624 3522 συνήκατε
2647 3452 2710 3505 τὸ
2755 3453 2976 3522 λεχθέν·
3026 3450 3218 3503 οὐκοῦν
3262 3451 3476 3522 ἀνάγκη

1901 3536 2231 3606 σαφέστερον
2261 3538 2451 3588 είπεῖν.
2483 3535 2659 3588 Καλὸν
2684 3536 2712 3587 6
2745 3537 2941 3605 γάμος,
2971 3535 3106 3587 ἀλλά
3145 3534 3408 3604 κρείττων
3437 3538 3470 3604 ἡ

1900 3617 2165 3687 παρθενία
2183 3635 2198 3650 ο
2219 3618 2315 3670 οὐκ
2335 3618 2520 3688 ἐπειδὴ
2542 3617 2805 3688 κρείττων
2830 3621 2863 3688 ἡ
2893 3617 3179 3687 παρθενία,
3203 3615 3291 3669 διά
3318 3615 3480 3670 τοῦτο

1899 3701 2066 3753 κακὸν
2100 3702 2128 3753 ὁ
2156 3701 2328 3771 γάμος
2349 3741 2364 3764 ,
2410 3701 2525 3754 ἀλλ’
2567 3701 2782 3753 ἔλαττον
2815 3701 2912 3770 μὲν
2956 3700 3182 3763 ἐκείνου,
3222 3699 3384 3754 καλὸν
3416 3700 3476 3753 δὲ

1900 3783 1995 3834 καὶ
2038 3783 2189 3836 αὐτό.
2233 3782 2390 3838 Οὕτω
2427 3785 2522 3836 καὶ
2566 3783 2830 3836 ἐνταῦθα’
2863 3785 3032 3836 κακὸν
3065 3786 3096 3855 ἡ
3129 3783 3324 3855 κλοπὴ,
3357 3782 3476 3838 ἀλλ’

1900 3864 2118 3918 ἔλαττον
2155 3867 2251 3936 μὲν
2282 3865 2512 3930 ἐκείνου,
2544 3866 2710 3919 κακὸν
2735 3867 2791 3920 δέ
2821 3867 2914 3920 καὶ
2945 3867 3096 3920 αὐτό.
3120 3864 3271 3927 Εἶδες
3298 3867 3476 3938 ἀμαρ-

1900 3950 2157 4018 τημάτων
2205 3950 2498 4021 διαφοράς;
2526 3951 2752 4020 Ἴδωμεν
2788 3946 2882 4003 οὖν
2919 3951 3077 4003 ποίαν
3110 3946 3264 4014 οὗτος
3295 3952 3476 4021 ἀμαρ-

1901 4031 2021 4084 τίαν
2050 4033 2311 4104 ἥμαρτεν.
2352 4035 2596 4102 Ὑψιὶήη,
2625 4035 2806 4104 φησὶν,
2833 4035 2872 4103 ή
2899 4033 3112 4102 καρδία
3137 4032 3344 4088 αὐτοῦ.
3368 4036 3478 4088 Xa-

1901 4113 2062 4168 λεπὸν
2082 4116 2140 4168 τὸ
2168 4116 2388 4188 τραῦμα
2407 4135 2419 4145 ·
2443 4117 2668 4170 ἀπόνοια
2692 4118 2798 4188 γάρ
2819 4117 2987 4181 ἐστιν,
3009 4117 3242 4170 ἀπόνοια
3263 4119 3296 4188 ἡ
3322 4119 3474 4188 πηγὴ

1903 4199 2118 4253 πάντων
2161 4201 2269 4253 τῶν
2316 4201 2519 4254 κακῶν.
2562 4203 2672 4254 Καὶ
2715 4202 2801 4255 ἵνα
2840 4201 3118 4272 συντόμως
3156 4202 3332 4272 μάθῃς
3376 4201 3472 4254 τοῦ

1903 4286 2202 4357 νοσήματος
2229 4285 2324 4357 τὴν
2361 4288 2575 4352 κακίαν,
2605 4289 2779 4341 ἐκεῖνο
2819 4286 3068 4341 ἄκουσον.
3098 4288 3179 4340 Τά
3210 4289 3307 4358 μὲν
3337 4287 3470 4342 ἄλλα

1903 4370 2270 4440 ἁμαρτήματα
2303 4371 2428 4440 περὶ
2467 4371 2563 4441 τὴν
2592 4369 2860 4441 ἡμετέραν
2904 4371 3192 4441 στρέφεται
3225 4368 3404 4439 φύσιν,
3436 4372 3472 4440 ἡ

1901 4454 1957 4507 δὲ
2003 4454 2345 4524 ὑπερηφανία
2388 4454 2614 4522 δύναμιν
2661 4453 2948 4524 ἀσώματον
3000 4455 3330 4515 κατέσπασε,
3376 4453 3472 4507 καὶ

1902 4536 2195 4591 κατέϐαλεν
2221 4537 2444 4591 ἄνωθεν.
2477 4537 2580 4588 Τὸν
2607 4537 2715 4606 γὰρ
2747 4535 3009 4602 διάϐολον,
3050 4537 3149 4588 οὐκ
3178 4536 3306 4589 ὄντα
3334 4537 3467 4607 πρό-

1901 4640 2055 4694 τερον
2087 4623 2349 4683 διάϐολον,
2379 4621 2536 4675 τοῦτο
2569 4621 2718 4694 [11⁸7]
2759 4619 2895 4675 εἶναι
2940 4621 3181 4676 διάϐολον
3224 4623 3467 4692 ἐποίησε.

1903 4707 2014 4761 Κᾶν
2039 4707 2136 4777 μὲν
2150 4707 2242 4760 τὸν
2267 4706 2490 4759 Ἡσαΐαν
2512 4707 2918 4777 παραγάγωμεν
2950 4706 3203 4776 μάρτυρα
3246 4706 3469 4774 λέγοντα

1903 4789 2043 4842 οῦτω
2067 4807 2131 4842 πε
2139 4791 2192 4861 ρὶ
2218 4789 2403 4842 αὐτοῦ’
2424 4791 2528 4854 Είς
2547 4791 2654 4842 τὸν
2676 4788 2933 4855 οὐρανὸν
2952 4788 3346 4856 ἀναϐήσομαι,
3374 4788 3469 4841 κιιὶ

1903 4872 2115 4941 ἔσομαι
2157 4873 2358 4937 ὅμοιος
2384 4871 2462 4936 τῷ
2495 4873 2748 4940 Ὑψίστφ
2766 4886 2781 4901 ⁶
2806 4872 2856 4924 οί
2893 4868 2991 4934 τὰς
3019 4870 3343 4941 ἀλληγορίας
3373 4872 3470 4939 οὐχ

1902 4955 2074 5026 ἡδέως
2138 4955 2446 5026 δεχόμενοι,
2500 4955 2951 5026 παραγράφονται
3003 4955 3102 5026 τὴν
3170 4955 3474 5025 μαρτυρίαν

1904 5039 2089 5109 ἡμῶνο
2127 5039 2192 5092 ἂν
2224 5038 2280 5091 δὲ
2325 5039 2416 5090 τὸν
2455 5039 2662 5092 Παῦλον
2703 5040 3084 5107 ἐπιστήσωμεν
3115 5037 3262 5106 αὐτῷ
3301 5039 3471 5105 κατή-

1903 5137 2082 5190 γορον,
2122 5121 2294 5183 οὐδεὶς
2321 5121 2500 5174 οὐκέτι
2531 5121 2710 5175 λοιπὸν
2735 5123 2966 5190 ἀντερεῖ.
3001 5121 3064 5172 Τί
3093 5117 3185 5172 οὖν
3205 5122 3233 5171 ό
3267 5119 3470 5179 Παῦλος

1905 5205 2151 5276 Τιμοθέῳ
2196 5207 2458 5276 γράφωνς
2503 5207 2623 5259 Ὅτι
2663 5204 2754 5258 τὸν
2806 5207 2929 5275 ἄρτι
2975 5203 3070 5257 τοῦ
3122 5203 3472 5274 κηρύγματος

1906 5289 2181 5360 ἁψάμενον
2219 5292 2280 5343 ού
2308 5291 2386 5342 δεῖ
2420 5289 2555 5360 πρὸς
2588 5289 2649 5342 16
2683 5289 2822 5360 μέγα
2854 5291 2952 5358 τῆς
2977 5288 3280 5356 ἐπισκοπῆς
3319 5288 3472 5355 ἀγειν

1972 5557 1996 5605 εε
2021 5543 2236 5605 Quatuor
2273 5557 2388 5592 mss.
2413 5545 2558 5605 ἀγών.

1976 5601 1996 5640 ί
2032 5599 2283 5666 ’ίΑπαγῳγή
2332 5599 2728 5666 freqliemissimp
2773 5616 2864 5652 usu
2904 5601 3030 5666 apud
3078 5599 3472 5666 Chrygzqstomum

1906 5671 1983 5712 ost
2003 5662 2310 5728 abduclioi'ad
2333 5662 2650 5728 supblicium;
2680 5665 2906 5713 Erasmus
2928 5663 3181 5728 ἀπαγωγήν
3209 5662 3469 5728 Μενέτω-

1909 5733 1977 5774 rat
1996 5725 2399 5787 damnationem;
2414 5725 2523 5788 ᾁιιιε
2543 5741 2632 5775 vox
2654 5728 2867 5775 Graecam
2890 5737 2986 5773 non
3018 5726 3135 5772 satis
3159 5725 3403 5784 exprimit.

1967 5789 1992 5825 δ
2020 5788 2128 5836 Duo
2154 5803 2265 5837 mss.
2295 5791 2452 5849 μηδεὶς
2474 5789 2626 5836 ἰδέτω.

1966 5849 1992 5885 ἰ
2018 5853 2233 5910 Quatuor
2253 5845 2368 5899 niss.
2400 5854 2425 5896 ὸ
2447 5852 2674 5897 κλέπτων.
2706 5847 2826 5898 infra
2846 5847 2994 5896 iidem
3015 5848 3062 5894 αί
3085 5845 3259 5908 κρίσεις
3281 5847 3370 5897 οὐκ
3385 5849 3469 5903 εἰς.
