4102 6306
528 251 631 309 117

524 364 762 434 ἀξίωμα,
789 362 956 418 είπὼν
982 362 1147 416 οὑτω·
1182 363 1279 434 Μὴ
1314 365 1628 431 νεόφυτον,
1660 364 1760 417 ἵνα
1784 362 1869 432 μὴ
1904 380 2095 432 τυφω-

526 450 667 517 θεὶς,
699 452 785 515 είς
813 448 989 517 κρῖμα
1012 448 1244 517 ἐμπέσῃ
1272 450 1368 500 καὶ
1405 448 1625 516 παγίδα
1651 447 1752 501 τοῦ
1781 448 2091 502 διαϐόλουο

528 532 615 586 ἴνα
645 532 717 603 μή
742 532 809 584 τά
830 530 968 584 αὑτά
992 531 1250 603 ἁμαρτὼν
1277 532 1490 601 ἐκείνῳ,
1512 531 1665 602 φησὶ,
1692 531 1759 584 τὰ
1787 530 1925 584 αὑτά
1950 529 2097 600 αὑτῷ

527 615 799 686 πείσηται.

597 764 657 819 6'.
673 765 781 817 Καὶ
794 763 894 817 οὐκ
916 764 1161 817 ἐντεῦθεν
1183 765 1237 817 δὲ
1254 766 1411 835 μόνον
1433 763 1589 833 δῆλόν
1602 765 1768 827 ἐστιν,
1784 763 1919 816 άλλά
1935 763 2100 827 καὶέξ

526 839 601 899 ὧν
625 846 704 916 τῷ
736 846 934 917 πρώτῳ
961 849 1177 901 πάντων
1200 846 1501 916 ἀνθρώπων
1524 847 1797 917 γενομένῳ
1848 847 2101 899 συνεϐού-

526 929 714 982 λευσεν
757 932 786 981 6
817 930 1046 1000 πονηρὸς
1092 929 1297 999 δαίμων
1336 932 1558 992 ἐκεῖνος.
1598 931 1805 1000 Ὥσπερ
1845 930 1952 1000 γὰρ
1990 932 2101 991 τοῖς

526 1010 746 1079 ἀγαθοῖς
774 1012 913 1073 ἔθος,
947 1011 1119 1065 ταῦτα
1154 1015 1265 1075 τοῖς
1296 1020 1321 1047 ⁸
1347 1012 1571 1083 πλησίον
1601 1015 1902 1084 παραινεῖν,
1933 1011 1999 1065 δι’
2027 1005 2101 1064 ῶν

528 1095 681 1148 αὐτοὶ
701 1096 984 1163 γεγόνασιν
1015 1094 1226 1163 ἀγαθοί’
1259 1095 1401 1148 οὑτω
1433 1097 1526 1149 καὶ
1558 1099 1669 1159 ταῖς
1696 1099 1948 1167 πονηροῖς
1984 1096 2101 1159 ἔθος

527 1177 748 1229 τοιαῦτα
774 1177 1108 1247 εἰσηγεῖσθαι
1135 1181 1245 1241 τοῖς
1276 1177 1524 1247 πλησίον,
1548 1178 1615 1231 δι’
1649 1173 1723 1232 ὧν
1759 1179 1912 1231 αὐτοὶ
1943 1180 2101 1246 γεγό-

528 1276 650 1312 νασι
681 1259 890 1327 φαῦλοι.
932 1260 1026 1311 Ἐν
1059 1259 1166 1331 γὰρ
1198 1260 1293 1313 καὶ
1331 1260 1488 1313 τοῦτο
1530 1264 1631 1331 τῆς
1662 1261 1925 1332 πονηρίας
1965 1257 2103 1324 εἶδός

531 1342 665 1403 ἐστι,
692 1343 785 1394 καὶ
816 1342 1165 1411 παραμυθίαν
1191 1343 1446 1412 ἡγοῦνται
1471 1347 1569 1412 τῆς
1601 1345 1805 1407 οἰκείας
1828 1345 2102 1406 κολάσεως

529 1426 626 1495 τὴν
654 1426 853 1495 ἐτέρων
878 1425 1169 1480 ἀπώλειαν.
1197 1427 1261 1479 Τί
1281 1423 1376 1480 σῦν
1405 1428 1433 1479 6
1454 1427 1696 1490 διάϐολος
1721 1427 2102 1480 συνεϐούλευσε

529 1507 608 1577 τῷ
646 1508 840 1577 Ἀδάμ;
872 1510 1105 1573 Μείζονα
1147 1510 1247 1579 τῆς
1288 1510 1493 1573 οἰκείας
1539 1510 1751 1577 φύσεως
1798 1511 1979 1564 λαϐεῖν
2017 1511 2102 1563 ἔν-

531 1608 697 1653 νοιαν,
727 1593 819 1643 καὶ
854 1591 1087 1645 ίσοθεῖαν
1115 1592 1331 1645 ἐλπίσαι
1353 1593 1403 1648 δ.
1435 1594 1496 1645 Εἰ
1529 1593 1635 1663 γάρ
1669 1595 1767 1663 ἐμὲ
1800 1594 1891 1646 τοῦ
1933 1595 2103 1665 ούρα-

531 1673 623 1724 νοῦ
647 1672 821 1735 τοῦτο,
857 1675 1040 1743 φησὶν,
1076 1674 1319 1739 ἐξέϐαλε,
1349 1674 1525 1746 πολλῷ
1565 1675 1761 1746 μᾶλλον
1792 1676 1978 1729 τοῦτον
2007 1676 2101 1729 τοῦ

532 1757 857 1825 παραδείσου
905 1756 964 1809 τὸ
1004 1758 1132 1810 αὑτὸ
1174 1758 1329 1811 τοῦτο
1364 1758 1599 1811 ἐκϐαλεῖ.
1634 1760 1732 1813 Διά
1761 1760 1918 1813 τοῦτο
1950 1762 2042 1814 καὶ
2075 1764 2104 1814 6

533 1839 779 1909 Σολομῶν
822 1839 1076 1907 ἔλεγενο·
1126 1841 1186 1892 '0
1226 1841 1371 1905 Θεὸς
1403 1844 1806 1911 ὑπερηφάνοις
1837 1844 2104 1899 ἀντιτάσ-

529 1938 718 1976 σεται.
750 1925 863 1976 Οὑκ
900 1920 1074 1984 εἶπεν,
1114 1924 1195 1975 δτι
1235 1924 1263 1974 6
1302 1925 1433 1987 Θεὸς
1466 1927 1845 1996 ὑπερηφάνους
1887 1927 2102 1997 ἀφίησι,

530 2006 624 2059 καὶ
648 2007 1130 2077 ἐγκαταλιμπάνει,
1150 2008 1261 2061 καὶ.
1276 2011 1375 2078 τῆς
1398 2010 1601 2072 οἰκείας
1623 2009 1869 2081 βοηθείας
1888 2014 2101 2081 γυμνοῖ,

530 2088 665 2150 ἀλλ’,
702 2090 1121 2152 Ἀντιτάσσεται,
1145 2091 1325 2159 φησίν·
1354 2092 1451 2160 οὐχ
1468 2092 1549 2144 ὅτι
1577 2093 1931 2162 παρατάξεως
1958 2094 2105 2164 αὑτῷ

530 2172 625 2225 καὶ
652 2172 830 2242 μάχης
858 2174 962 2226 ἔδει
995 2174 1129 2245 πρὸς
1165 2174 1254 2227 τὸν
1283 2175 1651 2245 ὑπερήφανον·
1679 2176 1731 2228 τί
1763 2176 1873 2246 γὰρ
1902 2177 2106 2247 ὑπερη-

530 2257 698 2324 φάνου
741 2258 936 2324 γένοιτ’
974 2257 1040 2309 ἂν
1085 2257 1498 2327 ἀσθενέστερον;
1552 2260 1760 2325 ’Ὠσπερ
1800 2259 1910 2329 γάρ
1944 2262 1973 2313 ὁ
2008 2260 2105 2323 τάς

528 2339 678 2407 ὕψεις
702 2339 991 2403 ἀπολέσας,
1025 2340 1194 2393 ἀπασι
1231 2340 1511 2409 πρόκειται
1540 2342 1676 2412 πρὸς
1705 2341 1765 2394 τὸ
1790 2342 1974 2405 κακῶς
2004 2359 2106 2396 πα-

529 2422 661 2481 θεῖν,
718 2422 888 2485 οὑτως
941 2425 970 2476 6
1010 2423 1373 2493 ὑπερήφανος,
1411 2424 1440 2475 6
1487 2422 1563 2494 μὴ
1588 2422 1744 2486 εἰδὼς
1779 2424 1871 2477 τὸν
1902 2424 2104 2495 Κύριον

532 2504 736 2575 (Ἀρχὴ
782 2506 908 2575 γὰρ,
957 2506 1139 2574 φησὶν,
1187 2507 1615 2574 ὑπερηφανίας.
1661 2508 1727 2561 τὸ
1765 2507 1851 2575 μὴ
1885 2506 2105 2560 εἰδέναι

528 2586 637 2639 τὸν
661 2588 923 2658 Κύριον),
957 2588 1050 2640 καὶ
1079 2587 1383 2657 ἀνθρώποις
1415 2588 1680 2652 εὑάλωτός
1704 2590 1838 2653 ἐστι,
1870 2589 1965 2642 τοῦ
1989 2608 2103 2659 φωο

527 2668 618 2731 τὸς
664 2668 910 2722 ἐκπεσὼν
952 2670 1179 2724 ἐκείνου.
1208 2667 1269 2721 Εἰ
1302 2668 1361 2721 δὲ
1401 2672 1493 2723 καὶ
1532 2672 1747 2742 ἰσχυρὸς
1771 2673 1876 2743 εἴη,
1903 2674 2002 2726 οὐκ
2038 2673 2103 2727 ἂν

529 2750 888 2821 παρατάξεως
933 2752 1117 2823 ἐδέησε
1159 2752 1236 2822 τῷ
1277 2751 1397 2823 Θεῷ
1439 2754 1575 2824 πρὸς
1619 2755 1800 2807 αὐτόν’
1836 2748 1881 2822 ᾧ
1920 2756 2028 2827 γὰρ
2069 2760 2101 2828 ή

531 2836 784 2906 βούλησις
821 2836 1019 2906 ἤρκεσε
1052 2836 1185 2906 πρὸς
1223 2836 1283 2888 16
1325 2837 1500 2889 πάντα
1534 2842 1892 2909 παραγαγεῖν,
1925 2840 2103 2911 πολλῷ

533 2918 730 2989 μᾶλλον
763 2920 857 2972 καὶ
893 2920 1027 2989 πρὸς
1062 2920 1160 2989 τὴν
1200 2918 1475 2990 ἀναίρεσιν
1514 2920 1692 2973 αὐτῶν
1731 2923 1907 2991 ἀρκεῖ.
1949 2922 2103 2985 Τίνος

529 2999 622 3056 οὖν
647 3004 850 3065 ἔνεκεν,
883 3004 1065 3071 φησὶν,
1094 3002 1498 3069 ἀντιτάσσεται;
1529 3004 1643 3056 Ἵνα
1669 3004 1729 3056 16
1757 3004 1983 3075 σφοδρὸν
2008 3006 2105 3075 τῆς

528 3088 821 3158 ἀπεχθείας
847 3087 1143 3157 ἐνδείξηται
1171 3087 1268 3155 τῆς
1291 3086 1425 3158 πρὸς
1452 3087 1542 3141 τὸν
1581 3089 1945 3160 ὑπερήφανον.
1984 3090 2103 3143 Ὅτι

532 3173 631 3243 μὶν
653 3169 745 3226 οὖν
773 3171 1007 3242 χαλεπὸν
1033 3170 1095 3223 τὸ
1120 3171 1339 3241 τραῦμα
1372 3174 1433 3223 16
1458 3175 1557 3243 τῆς
1585 3173 1978 3243 ὑπερηφανίας,
2010 3173 2105 3226 καὶ

527 3257 595 3308 ἐκ
619 3255 830 3316 τούτου,
868 3253 960 3307 καὶ
990 3253 1280 3315 ἀλλαχόθεν
1315 3253 1489 3323 δῆλον.
1530 3255 1591 3307 Εἰ
1623 3254 1680 3306 δέ
1707 3254 1981 3324 βούλεσθε,
2011 3255 2104 3309 καὶ

526 3338 817 3407 ἀλλαχόθεν
853 3336 951 3404 τὴν
982 3335 1159 3388 αἰτίαν
1194 3335 1356 3387 αὐτοῦ
1398 3336 1677 3412 μάθωμεν,
1708 3337 1801 3406 ἀφ’
1838 3333 1907 3408 ἦς
1936 3340 1994 3392 16
2027 3339 2105 3391 ἔλ-

530 3439 623 3484 κος
648 3421 882 3489 ἐγένετο.
924 3420 1031 3472 Καὶ
1059 3419 1166 3488 γὰρ
1194 3418 1313 3480 ἔθος
1334 3422 1399 3489 τῇ
1428 3420 1640 3490 Γραφῇ,
1682 3421 1897 3473 ἐπειδὰν
1932 3422 2101 3492 μέλλῃ

528 3505 671 3567 τινὸς
704 3506 1051 3575 κατηγορεῖν,
1086 3503 1159 3573 μὴ
1186 3502 1282 3573 τὴν
1305 3503 1576 3572 ἁμαρτίαν
1610 3504 1771 3555 αὑτοῦ
1800 3504 1975 3573 λέγειν
2008 3506 2104 3574 μό-

528 3605 637 3647 νον,
682 3587 816 3639 ἀλλά
858 3587 950 3639 καὶ
990 3587 1164 3638 αἰτίαν
1198 3587 1294 3655 τῆς
1326 3585 1596 3656 ἁμαρτίας
1625 3585 1895 3639 διδάσκειν
1935 3590 2100 3659 ἡμᾶς·

530 3674 671 3724 ποιεῖ
695 3670 751 3722 δέ
773 3669 947 3731 τοῦτο,
972 3670 1097 3731 τοὺς
1116 3670 1454 3737 ὑγιαίνοντας
1479 3668 1911 3739 ἀσφαλεστέρους
1940 3689 2104 3724 κατα-

530 3754 867 3815 σκευάζουσα
895 3754 1028 3823 1:96;
1048 3753 1109 3805 16
1136 3752 1211 3823 μὴ
1235 3754 1348 3814 τοῖς
1373 3752 1557 3815 αὐτοῖς
1582 3755 1914 3822 περιπεσεῖν.
1948 3753 2103 3807 Οὕτω

528 3838 623 3891 καὶ
645 3837 839 3907 ’ἰατροὶ
872 3836 1007 3905 πρὸς
1058 3836 1183 3897 τοὺς
1221 3835 1526 3905 κάμνοντας
1563 3834 1838 3895 εἰσιόντες,
1870 3836 1963 3888 καὶ
1997 3837 2103 3906 πρὸ

528 3920 637 3972 τῶν
664 3919 982 3989 νοσημάτων
1012 3918 1349 3987 ἀνιχνεύουσι
1377 3918 1473 3980 τὰς
1504 3917 1706 3986 πηγὰς,
1730 3917 1869 3970 ὥστε
1896 3919 2102 3973 ἀνωθεν

528 4002 833 4055 ἀναστεῖλαι
871 4001 931 4053 16
962 4001 1145 4053 κακόνο
1180 4003 1208 4052 6
1232 4003 1361 4072 γὰρ,
1400 4002 1499 4071 τῆς
1536 4002 1689 4071 ῥίζης
1718 4002 2001 4071 μενούσης,
2034 4003 2103 4056 τὰ

533 4086 887 4154 βλαστήματα
913 4082 1064 4152 [118]
1097 4082 1373 4151 ἐκτέμνων
1424 4083 1607 4152 μόνον,
1642 4085 1791 4137 οὐδὲν
1832 4087 2035 4155 ἕτερον,
2066 4087 2099 4155 ἢ

533 4169 901 4238 ματαιοπονεῖ.
930 4166 1036 4218 Ποῦ
1065 4161 1156 4219 οὖν
1179 4168 1210 4235 ή
1240 4166 1427 4235 Γραφὴ
1466 4167 1559 4218 καὶ
1587 4165 1686 4235 τὴν
1714 4168 1986 4239 ἁμαρτίαν
2012 4170 2103 4221 καὶ

529 4251 629 4320 τὴν
673 4251 850 4304 αἰτίαν
883 4251 979 4320 τῆς
1022 4250 1293 4320 ἁμαρτίας
1324 4245 1478 4313 εἷπε;
1513 4250 1821 4319 Κατηγορεῖ
1852 4252 1958 4304 τῶν
1998 4253 2103 4322 πρὸ

528 4333 622 4388 τοῦ
669 4332 1053 4403 κατακλυσμοῦ
1089 4331 1391 4402 γενομένων
1431 4332 1520 4384 ἐπὶ
1557 4335 1675 4394 ταῖς
1707 4333 1767 4384 οὑ
1800 4335 2105 4404 προσηκού-

531 4436 652 4481 σαις
682 4416 978 4487 ἐπιμιξίαις
999 4414 1050 4454 ιι·
1077 4416 1171 4467 καὶ
1195 4414 1422 4468 ἄκουσον
1452 4413 1566 4478 πῶς
1588 4414 1765 4484 τίθησι
1786 4415 1881 4487 τὴν
1903 4418 2098 4471 αἰτίανο

542 4504 761 4565 ’ἰδόντες
790 4503 838 4554 οί
867 4501 969 4554 υἱοὶ
1000 4500 1093 4553 τοῦ
1128 4500 1259 4553 Θεοῦ
1290 4500 1389 4562 τάς
1416 4500 1719 4570 θυγατέρας
1753 4500 1859 4553 τῶν
1891 4501 2101 4569 ἀνθρώ-

532 4605 666 4643 πων.
703 4586 782 4638 ὅτι
811 4584 971 4637 καλαί
1001 4586 1153 4647 εἰσιν,
1181 4582 1369 4636 ἔλαϐον
1399 4584 1565 4643 αὑτὰς
1591 4584 1801 4646 ἑαυτοῖς
1823 4586 1901 4647 εἰς
1926 4590 2103 4652 γυναῖ-

530 4687 651 4730 κας.
682 4668 745 4719 Τί
782 4664 894 4731 οῦν,
928 4668 989 4719 τὸ
1023 4668 1214 4729 κάλλος
1243 4667 1343 4736 τῆς
1368 4667 1641 4738 ἁμαρτίας
1667 4667 1867 4731 αῖτιον;
1896 4668 1984 4737 Μὴ
2012 4669 2100 4736 γέ-

528 4768 689 4806 νοιτο·
714 4751 811 4821 τῆς
842 4751 947 4823 γάρ
974 4751 1109 4803 Θεοῦ
1138 4751 1327 4819 σοφίας
1350 4749 1510 4821 ἔργον
1536 4751 1670 4803 ἐστί·
1700 4750 1835 4803 Θεοῦ
1866 4750 1921 4803 δὲ
1944 4751 2101 4821 ἔργον

528 4836 627 4888 οὑκ
657 4834 722 4887 ἄν
745 4851 873 4887 ποτε
897 4834 1106 4901 γένοιτο
1136 4833 1396 4905 πονηρίας
1421 4835 1609 4887 αἴτιον.
1658 4833 1816 4886 ’Λλλά
1847 4835 1905 4887 τὸ
1938 4835 2097 4903 ἰδείν;

529 4920 664 4972 Οὐδὲ
716 4917 891 4970 τοῦτο’
938 4919 1032 4970 καὶ
1088 4916 1196 4986 γάρ
1246 4917 1339 4970 καὶ
1375 4916 1532 4970 τοῦτο
1564 4918 1659 4987 τῆς
1694 4917 1907 4985 φύσεως
1942 4917 2101 4988 ἔργον

531 5002 698 5056 ἐστίν.
741 5001 895 5053 Ἀλλά
921 5000 1007 5064 τίς
1040 5000 1111 5052 T6
1136 4999 1318 5063 κακῶς
1350 5000 1496 5053 ἰδεῖν·
1524 5000 1679 5053 τοῦτο
1708 5001 1812 5071 γάρ
1843 5000 2101 5071 προαιρέ-

532 5103 667 5148 σεως
705 5085 1100 5155 διεφθαρμένης
1133 5094 1155 5122 ο
1191 5084 1327 5137 ἐστί.
1374 5083 1471 5136 Διά
1499 5082 1660 5136 τοῦτο
1694 5084 1784 5136 καί
1818 5102 1901 5147 τις
1940 5084 2099 5152 σοφὸς

530 5173 785 5241 παραινεί
824 5169 1017 5237 λέγων,
1056 5167 1145 5238 Μὴ
1171 5167 1551 5235 καταμάνθανε
1582 5167 1773 5231 κάλλος
1802 5168 2095 5239 ἀλλότριον.

531 5255 643 5305 Οὐκ
671 5249 810 5317 εἷπε,
828 5252 919 5323 Μὴ
944 5252 1075 5324 ἴδῃς·
1104 5251 1389 5320 συμϐαίνει
1418 5250 1523 5321 γάρ
1554 5253 1646 5304 καὶ
1665 5252 1683 5289 ί
1710 5252 1814 5304 61:6
1838 5252 1928 5305 τοῦ
1946 5253 2099 5306 αὑτο-

591 5480 620 5505 ⁴¹
643 5475 778 5533 Ἴωος
796 5475 990 5525 τοιαῦτα
1010 5476 1125 5535 τοῖς,
1150 5477 1219 5524 sic
1249 5475 1442 5537 quidam
1466 5490 1580 5525 mss.
1626 5476 1748 5527 Infra
1775 5479 1919 5529 iidem
1950 5497 2093 5538 πονηο

561 5538 630 5584 (ac
650 5538 801 5584 αὐτῶν
828 5539 961 5584 εἶδος.
1454 5554 1457 5557 ·

531 5553 631 5599 ριας
650 5555 801 5585 αυτων
828 5555 961 5593 ειοος.

594 5599 619 5634 Ι)
647 5598 778 5663 [Snus
796 5600 995 5656 ἰσοθείας
1022 5602 1349 5663 φαντασθῆναι.

595 5664 618 5726 ς
643 5661 857 5726 Quatuor
878 5674 990 5708 mss.
1018 5661 1097 5726 καὶ
1132 5665 1157 5711 ὁ
1182 5665 1323 5726 Σιρὰχ
1344 5664 1512 5726 ἔλεγε»,-

592 5720 619 5759 ιΙ
643 5719 780 5789 ynus
798 5723 1147 5789 προμυκούσαις
1168 5719 1574 5789 ἐπίμυρίαιςβὶρ).

597 5796 621 5845 ε
643 5780 775 5845 unus
794 5780 1171 5845 mmmam.

594 5840 617 5879 ί
646 5842 779 5891 Unus
801 5843 892 5891 ἀπὸ
926 5840 1238 5906 ταῦτομάτου.

1236 246 1293 303 S.
1334 246 1617 303 JOANNIS
1653 246 2129 304 CIIRYSOSTOMl
2174 246 2489 307 ARCIIIEP.
2529 252 3071 308 CONSTANTINOP.

3675 248 3777 303 118

2203 364 2373 433 μάτου
2424 366 2579 421 τοῦτο
2620 368 2887 436 γενέσθαι·
2938 369 3093 433 ἀλλά,
3125 367 3215 439 Μὴ
3239 364 3640 436 καταμάνθανε,
3672 382 3780 437 φη·

2204 447 2275 511 στὶ,
2312 449 2407 521 τὴν
2439 452 2501 503 ἐκ
2531 451 2758 521 μελέτης
2797 451 3141 521 κατανόησιν,
3176 451 3272 521 τὴν
3309 450 3597 518 περίεργον
3634 446 3778 516 ὄψιν,

2198 530 2295 602 τὴν
2326 533 2462 601 μετά
2491 534 2769 604 διατριϐῆς
2804 533 3042 603 πονηρὰν
3069 533 3319 601 θεωρίαν,
3356 532 3453 601 τὴν
3477 530 3583 583 ἀπὸ
3601 530 3782 601 ψυχῆς

2195 613 2593 687 διεφθαρμένης
2627 618 2718 669 καὶ
2747 616 3115 686 ἐπιθυμούσης
3144 615 3398 684 ἀναιρῶν.
3427 615 3534 666 Καὶ
3568 613 3641 677 τί,
3672 629 3781 682 φη-

2199 697 2301 759 σὶν,
2329 699 2393 751 ἐκ
2420 698 2606 752 τούτου
2640 698 2834 768 γένοιτ’
2869 699 2932 751 ἂν
2975 698 3199 768 βλάϐοςς
3244 698 3336 749 Ἐκ
3373 696 3587 758 τούτου,
3619 697 3777 766 φησὶν

2200 779 2346 847 φιλία
2380 780 2454 843 ὡς
2496 782 2606 852 πῦρ
2639 782 2956 834 ἀνακαίεται
2997 784 3041 831 ε.
3096 780 3359 847 Καθάπερ
3402 779 3508 848 γὰρ
3548 777 3608 830 16
3642 778 3778 848 πῦρ,

2199 864 2414 917 ἐπειδάν
2444 866 2634 935 χόρτου
2658 866 2799 928 τινὸς
2822 865 2853 935 ἢ
2885 864 3134 933 καλάμης
3164 862 3504 930 ἐπιλάϐηται,
3532 863 3630 915 οὑκ
3652 864 3782 916 ἀνα-

2203 948 2352 1015 μένει
2381 949 2568 1019 χρόνον
2596 950 2737 1013 τινὰ,
2770 949 2882 1002 ἀλλ’
2907 947 3047 1017 ὁμοῦ
3084 965 3140 1000 τε
3166 948 3340 1016 ἥψατο
3371 945 3468 1015 τῆς
3501 944 3653 1013 ὕλης,
3684 947 3781 999 καὶ

2200 1030 2453 1103 λαμπρὰν
2496 1032 2667 1102 ἀνῆψε
2710 1033 2739 1071 h
2771 1033 2868 1102 τήν
2899 1032 3089 1100 φλόγα·
3137 1029 3278 1082 οὑτω
3313 1028 3406 1080 καὶ
3431 1028 3492 1081 16
3534 1028 3645 1099 πῦρ
3678 1029 3782 1098 τῆς

2201 1113 2497 1184 ἐπιθυμίας
2527 1116 2625 1185 τῆς
2657 1117 2714 1167 ἐν
2748 1117 2900 1185 ἡμῖν,
2931 1113 3149 1166 ἐπειδὰν
3182 1112 3268 1165 διὰ
3305 1111 3403 1180 τῆς
3434 1111 3542 1163 τῶν
3574 1111 3778 1179 ὀφθαλ-

2205 1197 2318 1266 μῶν
2360 1198 2533 1267 ϐψεως
2589 1198 2824 1261 εὐειδοῦς
2866 1200 2959 1250 καὶ
3001 1196 3253 1268 λαμπροῦ
3292 1195 3519 1257 κάλλους
3551 1194 3776 1264 ἅψηται,

2201 1279 2399 1343 εὐθέως
2443 1281 2749 1352 ἐμπίπρησι
2779 1281 2876 1351 τὴν
2921 1280 3120 1350 ψυχήν.
3164 1279 3252 1349 Μὴ
3285 1277 3461 1331 τοίνυν
3495 1276 3591 1347 τήν
3618 1278 3781 1345 πρόσ-

2201 1379 2391 1433 καιρον
2434 1362 2548 1433 ἴδῃς
2586 1364 2798 1433 ἡδονὴν,
2826 1364 2926 1434 τὴν
2957 1364 3064 1417 61:6
3102 1362 3201 1429 τῆς
3230 1361 3481 1432 θεωρίας,
3516 1360 3650 1413 ἀλλά
3680 1361 3780 1431 τήν

2201 1444 2417 1514 διηνεκῆ
2450 1446 2721 1515 σκόπησον
2744 1445 2955 1513 ὀδύνην,
2984 1446 3082 1516 τὴν
3106 1446 3212 1497 ἀπὸ
3234 1445 3331 1514 τῆς
3362 1444 3675 1513 ἐπιθυμίας.
3713 1444 3779 1495 Ἦ

2207 1526 2306 1595 μὲν
2331 1528 2439 1598 γάρ
2473 1528 2532 1580 16
2560 1528 2777 1598 τραῦμα
2806 1528 3019 1581 ἐνθεῖσα
3056 1528 3373 1598 ἀπεπήδησε
3412 1526 3691 1587 πολλάκις
3717 1527 3781 1577 16

2202 1609 2257 1662 δέ
2303 1610 2522 1681 τραῦμα
2561 1613 2660 1664 οὐκ
2692 1613 2967 1683 ἀποπηδᾷ,
3012 1612 3146 1664 ἀλλά
3198 1612 3344 1682 μένει
3387 1610 3645 1672 πολλάκις
3684 1610 3781 1662 καὶ

2204 1694 2481 1748 ἀπόλλυσι.
2533 1698 2641 1749 Καὶ
2685 1696 2936 1766 καθάπερ
2975 1695 3170 1764 ἔλαφος
3227 1694 3489 1763 δεξαμένη
3523 1692 3672 1762 βέλος
3718 1694 3780 1745 ἐν

2204 1778 2402 1849 καιρίῳ
2433 1778 2526 1831 τοῦ
2568 1778 2835 1849 σώματος,
2868 1779 2969 1832 κᾶν
3006 1779 3218 1850 ἐκφύγῃ
3258 1778 3365 1829 τῶν
3398 1776 3647 1847 θηρατῶν
3679 1776 3778 1839 τὰς

2203 1864 2410 1931 χεῖρας,
2438 1861 2587 1913 οὐδὲν
2614 1861 2882 1933 κερδαίνει
2909 1862 3112 1915 λοιπόν·
3144 1861 3284 1913 οὓτω
3317 1861 3413 1913 καὶ
3454 1859 3599 1929 ψυχὴ
3622 1859 3777 1925 δεξα-

2207 1944 2341 2013 μένη
2385 1943 2537 2013 βέλος
2578 1944 2872 2015 ἐπιθυμίας
2914 1944 2972 2009 ἐξ
3015 1944 3311 1999 ἀκολάστου
3353 1943 3445 1996 καὶ
3484 1942 3775 2011 περιέργου

2205 2026 2453 2097 θεωρίας,
2481 2027 2583 2080 κᾶν
2610 2028 2669 2080 16
2700 2028 2852 2098 βέλος
2881 2029 3077 2097 ἀφεῖσα
3110 2026 3338 2096 ἀπέλθῃ,
3366 2026 3505 2095 αὑτὴ
3534 2024 3779 2093 διαφθεί-

2206 2127 2357 2180 ρεται
2404 2111 2499 2163 καὶ
2527 2111 2839 2173 ἀπόλλυται,
2878 2110 3149 2180 πανταχοῦ
3190 2110 3279 2163 16v
3312 2110 3565 2176 πολέμιον
3594 2110 3777 2177 ὁρῶσα

2203 2193 2295 2245 καὶ
2337 2194 2598 2264 ἑπόμενον
2637 2194 2853 2265 ἔχουσα.
2906 2195 3043 2247 Ἀλλ’
3070 2196 3205 2265 ὅπερ
3236 2194 3418 2263 ἔλεγον
3458 2194 3539 2259 (οὑ
3560 2193 3669 2263 γάρ
3696 2194 3781 2245 δεῖ

2206 2277 2420 2347 μακρὰς
2444 2281 2742 2347 συγχωρεῖν
2762 2278 2855 2330 τοῦ
2877 2278 3034 2345 λόγου
3058 2277 3319 2331 ποιεῖσθαι
3343 2277 3440 2339 τὰς
3460 2276 3776 2346 ἐκτροπάς),

2202 2358 2348 2428 ὄτιή
2374 2358 2561 2430 Γραφὴ
2593 2361 2685 2412 καὶ
2710 2361 2776 2412 16
2806 2361 3175 2432 ἁμαρτήματα
3212 2362 3306 2414 καὶ
3340 2360 3439 2422 τὰς
3474 2360 3656 2421 αἰτίας
3681 2360 3779 2411 αὑ-

2202 2442 2309 2495 τῶν
2348 2442 2525 2509 λέγειν
2564 2444 2771 2505 εἴωθεν,
2811 2446 2975 2498 ἄκουε
3009 2444 3136 2511 γοῦν
3168 2446 3263 2497 καί¹
3294 2443 3528 2498 ἐνταῦθα
3560 2443 3612 2495 τί
3642 2458 3778 2512 φησι

2203 2526 2331 2595 περὶ
2370 2525 2463 2579 τοῦ
2496 2525 2663 2590 Ὀζία.
2692 2528 2767 2579 Οὐ
2805 2528 2913 2597 γὰρ
2941 2530 3023 2581 ὅτι
3058 2526 3244 2599 ὑψώθη
3294 2529 3327 2599 ή
3361 2526 3555 2598 καρδία
3588 2524 3777 2592 αὑτοῦ,

2202 2607 2361 2661 τοῦτο
2393 2610 2549 2679 μόνον
2582 2611 2728 2679 ἡμᾶς
2774 2610 3032 2674 ἐδίδαξεν,
3069 2611 3203 2665 ἀλλά
3243 2611 3337 2663 καὶ
3382 2611 3546 2663 πόθεν
3586 2609 3777 2680 ὑψώθη

2203 2692 2526 2761 προσέθηκε.
2566 2692 2734 2745 Πόθεν
2780 2689 2871 2745 οῦν
2904 2694 3126 2764 ὑψώθης
3168 2695 3367 2748 Ὴνίκα
3400 2695 3641 2763 ῖσχυσε,
3676 2711 3777 2765 φη-

2205 2775 2308 2839 σὶν,
2339 2774 2546 2843 ὑψώθη
2578 2775 2616 2841 ἡ
2651 2775 2860 2844 καρδιά
2890 2776 3096 2831 αὑτοῦ.
3129 2778 3241 2830 Οὑκ
3265 2778 3463 2849 ἤνεγκε
3487 2777 3584 2848 τῆς
3612 2778 3779 2830 δυνα-

2204 2859 2385 2921 στείας
2419 2859 2480 2911 16
2515 2859 2760 2930 μέγεθος,
2789 2860 2902 2913 ἀλλ’
2934 2860 3119 2933 ὥσπερ
3150 2861 3207 2928 ἐξ
3227 2861 3532 2931 ἀδηφαγίας
3562 2860 3659 2931 μὲν
3688 2861 3781 2929 γί-

2202 2958 2349 2995 νεται
2388 2942 2683 3013 φλεγμονὴ,
2730 2945 2794 2996 ἐκ
2825 2944 3127 3015 φλεγμονῆς
3162 2944 3218 2997 δὲ
3257 2944 3495 2997 τίκτεται
3520 2943 3777 3014 πυρετὸς,

2203 3022 2319 3078 εἶτα
2347 3027 2551 3078 ἐκεῖθεν
2583 3027 2809 3089 θάνατος
2833 3028 3109 3089 πολλάκις
3137 3026 3277 3080 οὕτω
3299 3028 3391 3079 καὶ
3418 3026 3647 3079 ἐνταῦθα
3669 3027 3781 3079 ἀπὸ

2201 3106 2302 3176 τῆς
2330 3106 2527 3177 πολλῆς
2563 3110 2574 3148 i
2615 3109 2723 3160 τῶν
2757 3110 3096 3180 πραγμάτων
3126 3109 3416 3180 περιϐολῆς
3438 3109 3664 3163 ἀπόνοια
3684 3109 3778 3177 γι-

2202 3206 2374 3257 γονεν.
2410 3190 2587 3261 Ὅπερ
2611 3191 2716 3262 γάρ
2754 3192 2845 3244 ἐπὶ
2872 3194 2980 3245 τῶν
3009 3194 3273 3262 σωμάτων
3300 3192 3596 3262 φλεγμονὴ,
3619 3192 3781 3247 τοῦτο

2203 3272 2296 3324 ἐπὶ
2327 3272 2434 3325 τῶν
2470 3273 2657 3343 ψυχῶν
2689 3275 2933 3328 ἀπόνοια.
2974 3271 3105 3328 Εἶτα
3142 3274 3200 3338 ἐξ
3233 3275 3488 3339 ἀπονοίας
3512 3274 3778 3347 ἐπιθυμία

2200 3354 2309 3408 τῶν
2330 3355 2391 3407 οὑ
2424 3358 2810 3427 προσηκόντων
2840 3358 2987 3428 αὑτῷ
3012 3358 3366 3429 πραγμάτων.

2272 3537 2332 3584 ε’.
2357 3530 2537 3584 Ταῦτα
2563 3531 2660 3602 οὑχ
2684 3532 2865 3596 ἁπλῶς
2901 3533 3229 3604 μηκύνομεν,
3252 3532 3365 3586 ἀλλ’
3395 3533 3483 3586 ἵνα
3508 3530 3778 3602 μηδέποτε

2204 3612 2478 3681 ζηλωτοὺς
2529 3609 2665 3666 εἶναι
2709 3616 2981 3685 νομίζητε,
3016 3617 3147 3687 μηδὲ
3191 3615 3529 3687 μακαρίζητε
3558 3632 3686 3677 το.ς
3720 3617 3778 3667 ἐν

2206 3695 2250 3767 [1
2268 3696 2352 3768 19]
2379 3698 2713 3761 δυναστείαις
2743 3698 2921 3761 ὄντας,
2951 3700 3147 3762 εἰδότες
3172 3701 3294 3752 ὅσον
3322 3700 3415 3752 τοῦ
3455 3698 3777 3771 πράγματος

2201 3780 2261 3831 16
2292 3780 2600 3848 ἐπισφαλές·
2643 3782 2729 3833 ἵνα
2760 3782 3026 3852 μηδέποτε
3056 3784 3180 3846 τοὺς
3208 3785 3263 3834 ἐν
3298 3782 3455 3851 πενία
3487 3782 3578 3833 καὶ
3597 3781 3778 3834 ταλαι-

2202 3864 2383 3935 πωρίᾳ
2408 3864 2626 3927 ἀθλίους
2661 3864 2675 3914 i
2715 3865 2939 3935 ἡγῆσθε,
2976 3867 3173 3928 εἰδότες
3194 3867 3275 3918 ὅτι
3301 3865 3497 3917 πλείων
3527 3864 3775 3917 ἐντεῦθεν

2202 3949 2236 4016 ἡ
2266 3947 2548 4015 ἀσφάλεια.
2578 3948 2656 3999 Δι’
2690 3946 2717 3999 δ
2747 3950 2888 4001 καὶὸ
2921 3950 3204 4019 Προφήτης
3230 3949 3359 4002 ἐϐόα
3388 3949 3579 4015 λέγων·
3618 3950 3778 4016 Ἀτα-

2202 4030 2309 4080 (Mr
2321 4048 2437 4097 μοι.
2461 4030 2651 4094 Κύριε.
2683 4030 2769 4082 ὅτι
2801 4031 3201 4097 ἐταπείνωσάς
3219 4049 3313 4099 με.
3332 4034 3471 4101 Ὅρα
3500 4031 3631 4097 γοῦν
3652 4033 3778 4084 ὅσον

2202 4112 2265 4163 ἐκ
2312 4112 2405 4164 τοῦ
2446 4111 2612 4180 ὕψους
2648 4113 2838 4180 γέγονε
2884 4113 2941 4165 16
2992 4115 3177 4166 κακόν.
3221 4114 3442 4183 Ὑψώθη
3483 4116 3523 4183 ἡ
3564 4114 3776 4181 καρδιά

2201 4196 2385 4247 αὐτοῦ
2430 4194 2539 4259 ἕως
2583 4195 2689 4248 τοῦ
2739 4195 3085 4264 διαφθεῖραι,
3134 4198 3286 4266 φησί.
3317 4197 3381 4248 Τί
3429 4199 3595 4261 ἐστιν,
3622 4198 3774 4261 Ἕως

2200 4280 2306 4333 τοῦ
2337 4279 2703 4347 διαφθεῲαω
2735 4280 2853 4331 Τῶν
2883 4280 3132 4351 πονηρῶν
3150 4281 3421 4351 λογισμῶν
3446 4282 3493 4333 οἱ
3529 4282 3628 4351 μὲν
3654 4280 3777 4333 οὐδὲ

2200 4362 2334 4424 ὅλως
2368 4363 2521 4432 ήμῶν
2566 4363 2897 4416 ἐπιϐαίνουσι
2945 4366 3009 4434 τῇ
3048 4365 3191 4435 ψυχῇ
3215 4362 3263 4430 ἱ,
3304 4364 3370 4417 ἂν
3406 4365 3571 4434 πολλῇ
3615 4380 3775 4433 περι-

2204 4446 2496 4517 φράξωμεν
2553 4448 2776 4510 ἐαυτοὺς
2826 4447 3109 4519 ἀσφαλείᾳ·
3160 4450 3209 4500 οἰ
3254 4448 3311 4501 δέ
3353 4448 3624 4501 τίκτονται
3677 4447 3775 4517 μὲν

2202 4530 2379 4594 ἔνδον,
2426 4530 2853 4600 ῥᾳθυμησάντων
2905 4531 2959 4583 δὲ
3002 4532 3189 4601 ήμῶν.
3232 4531 3326 4584 καὶ
3366 4531 3772 4600 βλαστάνουσιν*

2202 4612 2267 4664 ἂν
2298 4612 2352 4664 δὲ
2378 4613 2756 4683 προληφθῶσιν
2783 4611 2826 4677 ι,
2854 4614 3239 4681 ἀποπνίγονται
3265 4614 3472 4682 ταχέως
3494 4614 3586 4665 καὶ
3608 4628 3775 4664 κατα-

2202 4693 2519 4765 χὼννυνται.
2548 4697 2727 4749 Ἀλλοι
2756 4698 2849 4749 καλ⁸
2877 4698 3291 4767 τίκτονται,-καὶ
3312 4696 3654 4762 αὑξάνονται,
3678 4696 3775 4747 καὶ

2201 4777 2336 4848 πρὸς
2376 4778 2473 4841 τάς
2519 4779 2758 4848 πονηράς
2812 4778 3118 4832 ἐκϐαίνουσι
3165 4779 3410 4848 πράξεις,
3453 4780 3548 4831 καὶ
3592 4780 3775 4831 πᾶσαν

2197 4862 2356 4931 ἡμῶν
2392 4864 2487 4931 τῆς
2511 4863 2686 4932 ψυχῆς
2722 4863 2821 4932 τὴν
2858 4863 3045 4929 ὑγείαν
3080 4863 3499 4934 διαφθείρουσιν,
3555 4865 3684 4915 ὅταν
3716 4864 3776 4914 ἐν

2201 4944 2366 5015 πολλῇ
2417 4945 2700 5013 γενώμεθα
2751 4944 3005 5016 ῥαθυμίᾳ.
3060 4945 3228 4998 Τοῦτο
3299 4941 3393 4998 οῦν
3451 4962 3634 5015 φησιν,
3691 4945 3774 4997 ὅτι
3830 4946 3842 5005 ἰ

2213 5026 2439 5095 ’Υψώθη
2474 5030 2512 5095 ἠ
2556 5027 2767 5093 καρδία
2810 5028 3013 5081 αὑτοῦ·
3064 5028 3157 5081 καὶ
3191 5029 3290 5080 οὑκ
3322 5028 3533 5098 ἔμεινεν
3560 5027 3708 5080 ἔνδον
3736 5030 3772 5097 ἡ

2200 5113 2445 5176 ἀπόνοια,
2480 5112 2598 5165 οὑδέ
2624 5111 2981 5181 κατεσϐέσθη,
3011 5112 3124 5166 ἀλλ’
3153 5112 3465 5183 ἐξεπήδησε,
3506 5112 3599 5165 καὶ
3632 5112 3771 5182 πρὸς

2261 5356 2286 5417 β
2311 5354 2447 5417 Alius
2470 5352 2562 5417 πῦρ
2582 5355 2849 5417 ἁνάπτεται.

2256 5415 2286 5453 δ
2310 5416 2417 5465 Duo
2437 5415 2550 5465 mss;
2573 5417 2788 5479 λαμπράν
2811 5416 2923 5479 ἧψε,
2948 5428 3011 5465 ex
3040 5419 3340 5479 repetitione
3361 5416 3447 5466 τοῦ
3485 5435 3542 5465 αν
3563 5417 3775 5465 detrun-

2195 5485 2297 5551 ςοιίι
2322 5480 2473 5551 prim?
2496 5477 2787 5549 p931eri0ris
2802 5477 2935 5527 vobis
2954 5477 3154 5539 syllaba.
3182 5478 3308 5528 Intra
3342 5493 3466 5527 unus
3484 5480 3653 5527 εὐθέων
3671 5481 3773 5528 τῶν

2195 5542 2410 5601 ὁρώντων
2435 5539 2711 5601 ἐμπίπρησι.

2264 5612 2275 5669 ξ
2310 5602 2496 5670 [πολλῆς
2516 5601 2726 5670 deestip
2754 5599 2907 5670 tribus
2938 5614 3053 5670 tpss.
3138 5662 3147 5670 ι
3492 5667 3500 5670 Α
3558 5660 3569 5670 ο

2262 5662 2277 5711 i
2310 5661 2434 5709 Tres
2459 5662 2730 5726 [366.6966
2765 5662 2846 5726 καὶ
2888 5662 3181 5726 ταλαιπωρίᾳ
3214 5663 3414 5726 ἀθλίους,
3436 5667 3508 5726 ει
3530 5661 3603 5711 sic
3643 5661 3773 5726 legit

2194 5725 2437 5789 Ετασιηοε.
2464 5721 2740 5789 Edi_li_verb
2758 5724 2804 5771 ἐν
2827 5725 2960 5789 πενίᾳ
2992 5725 3070 5772 καὶ
3104 5721 3311 5789 εὐτελείᾳ
3342 5723 3539 5779 ἀθλίους.

2256 5785 2281 5847 ξ
2307 5784 2441 5847 Alius
2461 5784 2751 5831 ἐπιϐαίνουσι
2770 5791 2851 5842 τῆς
2866 5784 3030 5847 ψυχῆς.

2261 5844 2283 5888 ι
2309 5844 2406 5896 Alii
2432 5847 2806 5908 καταληφθῶειν.
