3992 6300
218 218 293 273 117
1116 222 1181 278 ΙΝ
1218 223 1443 287 ILLUD,
1487 222 1621 278 VIDI
1663 222 1990 293 DOMINUM,
2035 228 2266 289 llOMlL.
2307 234 2393 291 lll.

212 342 424 396 saturem,
449 345 617 388 nemo
634 334 1064 390 contradicturus
1084 344 1186 390 est.
1210 334 1348 401 Quid
1368 335 1524 405 igitur
1542 335 1616 389 ait
1635 334 1771 390 Pau-

218 422 559 479 lusTimotbeo
584 426 874 481 scribens?
906 426 1005 493 Qui
1034 441 1203 497 nuper
1239 428 1666 496 praedicationem
1694 437 1775 481 at-

218 518 325 587 tigit,
347 530 465 569 eum
494 532 605 570 non
632 529 890 586 oportere
910 518 974 572 ad
995 534 1256 573 summam
1287 519 1518 587 episc0pi
1546 519 1774 588 dignita-

217 620 297 663 tem
322 609 486 673 evehi,
518 608 605 662 his
646 626 845 680 nempe
870 610 1077 665 verbis:
1106 609 1225 665 Non
1255 612 1583 681 neophytum,
1630 627 1693 665 ne
1720 612 1772 665 in

215 700 462 768 superbiam
478 700 665 765 elatus,
690 703 743 754 in
757 702 1008 772 judicium
1024 702 1230 767 incidat,
1254 712 1301 756 et
1326 703 1379 756 in
1406 702 1640 774 laqueum
1660 704 1775 755 dia-

218 794 295 848 boli
322 793 387 861 (1.
420 793 553 847 Tim.
585 795 641 849 ’5.
666 794 754 864 6);
802 810 869 849 ne
913 795 1123 863 eadem,
1162 796 1348 867 inquit,
1396 812 1623 868 peccans
1646 812 1769 853 cum

218 893 305 959 illo,
330 891 508 947 eadem
540 907 661 947 eum
694 893 787 947 illo
812 894 1061 962 patiatur.

271 985 315 1040 1.
342 982 567 1039 Alienum
595 984 965 1056 improbitatem
989 983 1165 1040 solatio
1190 998 1295 1037 esse
1322 981 1772 1052 improbis—Hoc

221 1093 323 1133 vero
349 1093 447 1131 non
478 1077 605 1131 hinc
630 1078 801 1132 solum
830 1087 910 1133 est
939 1077 1298 1148 perspicuum,
1320 1091 1501 1132 verum
1521 1074 1679 1131 etiam
1704 1089 1770 1131 ex

224 1176 387 1243 iisqua:
404 1173 660 1228 scelestus
678 1173 767 1227 ille
791 1173 1000 1228 dromon
1027 1173 1195 1243 primo
1218 1172 1416 1226 homini
1444 1172 1633 1225 suasit.
1658 1170 1771 1225 Sic-

225 1273 270 1319 ut
302 1264 428 1318 enim
467 1264 620 1319 bouis
663 1263 749 1317 hic
777 1278 894 1317 mos
923 1275 1037 1328 cst,
1092 1278 1187 1333 per
1225 1278 1343 1333 qua:
1374 1262 1470 1331 ipsi
1499 1263 1617 1316 facti
1647 1268 1771 1315 sunt

228 1358 326 1412 boui
344 1400 358 1424 ,
384 1356 446 1410 ad
470 1356 656 1411 eadem
680 1356 956 1411 exhortari
987 1357 1256 1426 proximos
1280 1373 1299 1408 :
1329 1356 1397 1409 ita
1423 1364 1478 1410 et
1502 1354 1655 1409 malis
1685 1354 1771 1409 hic

230 1459 292 1505 est
326 1463 466 1514 mos,
510 1465 606 1519 per
649 1463 766 1517 qua:
796 1449 895 1519 ipsi
923 1459 1045 1503 sunt
1076 1448 1335 1519 improbi,
1367 1448 1553 1502 eadem
1580 1446 1771 1501 vicinis

228 1542 461 1598 invehere.
488 1542 621 1597 Nam
652 1557 754 1596 una
784 1541 900 1596 haec
931 1551 1014 1596 est
1041 1542 1250 1596 illorum
1284 1540 1498 1594 malitia:
1528 1541 1732 1610 species
1752 1581 1766 1603 ,

229 1646 275 1689 ut
309 1635 517 1690 aliorum
567 1633 855 1703 perniciem
903 1634 1149 1687 solatium
1190 1633 1271 1688 sui
1315 1632 1557 1701 supplicii
1596 1631 1771 1686 existi-

230 1737 366 1783 ment.
407 1726 541 1794 Quid
583 1727 740 1797 igitur
765 1726 1010 1780 diabolus
1037 1727 1201 1780 suasit
1232 1726 1476 1780 Adamo?
1502 1724 1572 1779 Ut
1599 1725 1771 1779 conci-

232 1828 354 1887 peret
374 1818 738 1887 cogitationem
761 1832 855 1873 sua
883 1826 1067 1871 natura
1098 1817 1349 1885 majorem
1374 1858 1392 1885 ,
1420 1816 1622 1885 sibique
1647 1831 1768 1870 cum

238 1913 323 1966 Deo
348 1921 576 1981 speraret
602 1910 956 1981 aequalitatem
984 1910 1135 1981 (Gen.
1168 1912 1245 1980 '5).
1276 1910 1329 1964 Si
1359 1911 1500 1963 enim
1521 1952 1533 1967 .
1568 1910 1769 1979 inquit,

234 2005 325 2058 hrec
349 2019 428 2058 res
450 2018 533 2058 me
553 2004 620 2058 de
639 2003 776 2058 erelo
790 2004 989 2073 expulit
1006 2044 1022 2068 ,
1046 2002 1212 2055 multo
1232 2001 1397 2070 magis
1420 2002 1604 2055 eadem
1632 2001 1773 2055 hunc

225 2095 378 2169 lgejiciet
416 2110 446 2149 e
488 2094 753 2165 paradiso.
798 2095 1134 2164 Quapropter
1173 2105 1223 2148 et
1258 2094 1510 2149 Salomon
1549 2093 1681 2148 dixit
1712 2095 1725 2125 ³
1756 2112 1769 2149 :

223 2186 565 2255 fDrussuperbis
584 2188 769 2241 resistit
790 2186 967 2257 (Prov.
992 2189 1042 2240 5.
1064 2187 1148 2240 54.
1177 2184 1347 2239 1.Ρει.
1368 2187 1420 2241 5.
1449 2186 1502 2239 5.
1526 2194 1572 2238 et
1590 2184 1771 2238 Jacob.

224 2282 276 2333 ³4.
308 2279 372 2348 6).
398 2280 504 2333 Νοη
535 2279 670 2334 dixit
702 2298 714 2332 :
746 2280 884 2333 Deus
912 2278 1171 2348 superbos
1200 2278 1455 2344 dimittit,
1484 2286 1537 2332 et
1564 2278 1616 2331 in
1647 2292 1773 2347 pec-

236 2373 342 2425 mzis
377 2372 596 2439 deserit,
643 2386 846 2441 suoque
889 2374 1053 2426 nudat
1096 2370 1486 2434 auxiliozsed,
1534 2369 1773 2436 Resistit,

236 2464 415 2532 inquit:
442 2478 543 2517 non
582 2463 725 2533 quod
766 2464 1021 2517 instructa
1062 2463 1175 2517 acie
1217 2471 1308 2516 aut
1352 2478 1525 2533 pugna
1563 2462 1673 2516 Deo
1708 2462 1777 2517 sit

232 2571 341 2620 opus
365 2555 609 2609 adversus
644 2555 935 2623 superbum
961 2571 976 2617 ;
1019 2554 1141 2624 quid
1182 2555 1324 2609 enim
1350 2569 1467 2609 esse
1492 2554 1659 2625 possit
1684 2568 1777 2607 su-

234 2648 369 2713 perbo
395 2644 693 2700 inﬁrmius?
720 2646 853 2699 Nam
880 2657 935 2698 ut
957 2647 1045 2716 qui
1069 2645 1284 2700 orbatus
1308 2653 1391 2699 est
1416 2645 1585 2699 oculis
1605 2686 1621 2711 ,
1653 2658 1775 2699 om-

232 2740 353 2791 nium
378 2740 642 2807 expositus
669 2748 751 2793 est
779 2738 986 2807 injuriae
1008 2780 1023 2802 ,
1055 2739 1123 2791 ita
1152 2748 1207 2792 et
1233 2738 1527 2806 superbus,
1552 2736 1642 2807 qui
1670 2750 1777 2790 non

232 2832 352 2884 videt
391 2832 665 2885 Dominum
716 2830 861 2903 (nam
914 2828 1127 2883 Initium
1175 2829 1451 2898 superbire,
1500 2835 1558 2882 ut
1608 2828 1779 2897 inquit

230 2926 497 2994 Scriptura,
530 2934 600 2979 est
641 2942 742 2978 non
785 2940 930 2978 nosse
974 2922 1247 2976 Dominum
1285 2920 1472 2995 [Eccli.
1502 2923 1587 2977 10.
1619 2919 1775 2994 14]),

231 3019 370 3070 etiam
392 3018 452 3071 ab
474 3016 775 3071 hominibus
799 3015 952 3070 facile
978 3023 1284 3083 superatur,
1315 3022 1656 3083 posteaquam
1686 3028 1782 3067 ex-

228 3108 341 3162 ridit
360 3109 423 3163 ab
447 3110 530 3162 illa
558 3110 700 3164 luce.
731 3107 884 3175 Quod
912 3107 957 3162 si
987 3108 1143 3162 etiam
1168 3105 1372 3159 validus
1394 3120 1455 3158 ac
1485 3113 1671 3173 potens
1696 3119 1781 3157 es-

224 3212 297 3253 set
327 3202 600 3270 superbus,
643 3199 935 3269 nihilopus
962 3206 1103 3253 esset
1128 3197 1237 3251 Deo
1261 3197 1496 3251 exercitu
1524 3196 1780 3250 adversus

227 3294 355 3347 illum
402 3314 417 3350 :
460 3296 543 3349 cui
586 3295 731 3348 enim
777 3294 1023 3347 voluntas
1061 3290 1187 3345 satis
1231 3289 1329 3344 fuit
1352 3289 1416 3343 ad
1444 3287 1780 3357 producenda

223 3386 382 3438 omnia
397 3428 411 3449 ,
436 3386 596 3438 multo
621 3385 788 3454 magis
810 3382 1083 3437 sufﬁceret
1102 3382 1166 3436 ad
1187 3397 1249 3436 ea
1274 3380 1528 3436 tollenda.
1556 3380 1663 3435 Cur
1683 3380 1780 3448 igi-

224 3487 322 3543 tur,
355 3479 555 3547 inquies
578 3520 591 3540 ,
641 3476 883 3532 resistit?
910 3475 1061 3541 Quod
1086 3476 1372 3529 vehemens
1394 3474 1572 3527 odium
1603 3474 1781 3528 decla-

221 3580 293 3622 ret
317 3586 431 3639 erga
459 3559 768 3639 superbum.
800 3569 978 3638 Itaque
1004 3567 1301 3637 superbiam
1328 3582 1446 3621 esse
1470 3567 1661 3620 vulnus
1688 3582 1783 3635 pe-

223 3662 525 3729 riculosum,
569 3673 683 3716 tum
726 3677 791 3715 ex
832 3660 915 3714 his
952 3675 1071 3730 quae
1105 3658 1373 3725 diximus,
1412 3667 1523 3712 tum
1562 3672 1627 3711 ex
1666 3657 1783 3711 aliis

224 3755 541 3823 perspicuum
562 3763 661 3808 est.
692 3752 846 3819 Quod
870 3752 916 3806 si
936 3752 1094 3805 vultis
1113 3792 1128 3816 ,
1159 3751 1318 3805 etiam
1346 3764 1559 3804 causam
1588 3748 1775 3818 ipsum,

221 3846 349 3900 unde
374 3847 560 3901 vulnus
580 3847 684 3900 hoc
708 3845 938 3911 accidit,
964 3843 1173 3898 aliunde
1198 3843 1483 3897 discamus.
1509 3840 1782 3911 Siquidem

222 3937 297 3993 hic
341 3937 625 4008 Scriptura:
664 3952 784 3991 mos
828 3946 947 4001 est,
995 3936 1040 3989 si
1082 3935 1295 4006 quando
1340 3942 1491 4003 parat
1532 3948 1784 3987 accusare

220 4032 505 4100 quempiam
530 4074 544 4095 ,
595 4044 701 4082 non
750 4028 911 4082 modo
951 4036 1226 4096 peccatum
1258 4026 1397 4079 illius
1426 4040 1675 4088 narrare,
1704 4038 1789 4076 ve-

222 4140 327 4178 rum
347 4128 503 4179 etiam
525 4124 722 4177 docere
744 4136 842 4176 nos
864 4136 984 4191 qum
1008 4120 1160 4173 fuerit
1182 4118 1379 4188 peccati
1401 4132 1559 4171 causa
1586 4134 1600 4171 :
1626 4115 1675 4170 id
1700 4131 1787 4170 au-

223 4226 314 4270 tem
341 4217 465 4270 facit
489 4259 505 4280 ,
533 4224 593 4269 ut
622 4229 715 4269 eos
744 4213 833 4283 qui
854 4212 969 4267 sani
993 4221 1115 4266 sunt
1140 4210 1327 4266 reddat
1348 4210 1567 4264 tutiores
1587 4208 1789 4263 cautio-

222 4324 429 4377 resque,
458 4322 529 4360 ne
556 4307 613 4359 in
640 4305 826 4359 eadem
856 4301 1091 4357 incidant
1117 4302 1276 4355 mala.
1304 4300 1560 4356 Similiter
1585 4309 1642 4354 et
1670 4314 1787 4352 me-

225 4398 314 4453 dici
351 4398 417 4452 ad
454 4405 778 4466 :egrotantes
816 4393 1076 4464 ingressi,
1116 4392 1275 4447 etiam
1316 4400 1438 4445 ante
1466 4390 1680 4444 morbos
1707 4389 1785 4460 (a)

230 4491 379 4546 ﬁnitas
424 4490 742 4559 explorant,
788 4498 847 4540 ut
870 4486 1064 4557 praavia
1088 4500 1213 4539 cura
1239 4492 1520 4539 coerceant
1547 4484 1743 4538 malum
1772 4501 1786 4538 :

233 4583 403 4635 ctenim
427 4582 516 4652 qui
542 4622 557 4645 ,
590 4587 842 4633 manente
870 4576 1048 4631 radice
1070 4616 1086 4637 ,
1111 4591 1287 4630 ramos
1314 4584 1515 4629 tantum
1538 4583 1790 4641 exsecat,

237 4675 346 4727 nihil
381 4673 521 4727 aliud
562 4686 721 4742 quam
767 4670 980 4723 inanem
1024 4667 1186 4721 sumit
1228 4681 1465 4736 operam.
1507 4666 1605 4721 Ubi
1633 4667 1792 4736 igitur

240 4765 478 4836 Scriptura
521 4775 576 4820 et
616 4771 891 4834 peccatum
930 4770 985 4817 et
1012 4758 1214 4831 peccati
1240 4774 1455 4813 causam
1484 4758 1791 4828 eloquitur?

245 4855 574 4926 Reprehendit
611 4870 703 4910 eos
740 4855 829 4925 qui
860 4860 1246 4923 praecesserunt
1268 4851 1522 4905 diluvium
1548 4891 1563 4917 ,
1593 4850 1661 4904 ob
1683 4850 1792 4905 jlli-

251 4948 357 5000 citos
377 4961 691 5017 congressus
715 4962 728 4997 :
753 4952 913 5012 atque
940 4941 1062 4996 audi
1090 4940 1358 5011 quomodo
1379 4956 1593 4995 causam
1618 4939 1796 5009 expri-

256 5049 342 5091 mat
361 5057 372 5091 :
393 5040 510 5092 Cum
535 5037 769 5091 uidissent
798 5034 893 5104 ﬁlii
914 5032 1011 5086 Dei
1033 5033 1169 5100 ﬁlias
1189 5032 1442 5085 hominum
1468 5047 1573 5083 esse
1603 5034 1794 5099 formo-

258 5146 350 5196 ω,
381 5139 662 5201 acceperunt
704 5129 822 5183 illas
857 5127 952 5181 sibi
995 5126 1051 5178 in
1078 5140 1259 5179 uxores
1292 5123 1443 5195 (Gen.
1469 5126 1521 5176 ti.
1552 5123 1633 5192 2).
1659 5119 1794 5188 Quid

313 5266 327 5295 ‘
353 5273 535 5323 Quatuor
572 5272 713 5321 3155.,
750 5267 796 5312 et
834 5259 970 5323 Sirae
1008 5256 1330 5323 diemJAtqui
1355 5256 1461 5323 haec
1494 5256 1645 5323 verba
1683 5262 1796 5323 sunt

264 5317 477 5377 saltationis
498 5332 544 5377 in
567 5317 836 5376 Proverbiis
856 5360 872 5383 ,
907 5322 1025 5372 licet
1061 5317 1218 5383 simile
1252 5317 1493 5381 (quidpiam
1520 5321 1565 5366 in
1589 5319 1795 5366 siracide

265 5391 381 5436 aiam
398 5389 600 5452 legatur,
629 5391 684 5440 10
700 5424 715 5447 ,
738 5380 943 5452 14._ti’on
976 5394 1090 5432 raro
1112 5380 1796 5452 Chrysohstomusﬁalomouem

266 5459 374 5507 pomt
392 5440 469 5512 ριιὸ
480 5440 677 5502 sit-aeide
698 5440 713 5511 ξ
738 5449 830 5499 sed
853 5456 1096 5509 nusquam
1117 5440 1302 5491 adverti
1324 5442 1449 5504 apud
1474 5440 1608 5489 illum
1632 5443 1797 5490 Simoi-

265 5516 358 5557 dem
377 5516 467 5573 mni
497 5527 577 5575 pro
596 5513 863 5562 salomone.

316 5572 473 5642 (tt)?
498 5572 576 5627 δισὶ
619 5582 707 5642 πρὸ
745 5582 843 5627 τῶν
883 5573 1373 5642 ν-οσηιέιάτωνζΗθῐὶο.
1401 5572 1777 5642 similitudinem

265 5633 381 5685 affert
396 5633 752 5702 Chrysostomus,
787 5633 1151 5704 utrsignilieet,
1178 5637 1337 5704 Deum
1354 5636 1781 5704 justosexemplls

270 5696 719 5766 cautiores'reddere,
740 5696 815 5753 'ne
848 5703 903 5750 iu
930 5696 1132 5748 inorbos
1153 5698 1300 5747 animi
1326 5696 1560 5746 incidant.

227 5790 247 5823 3

3359 251 3459 309 118

1880 342 2080 411 igitur?
2127 362 2252 402 num
2299 351 2643 419 pulchritudo
2682 369 2841 411 causa
2886 368 2964 414 est
2995 362 3240 431 peccati?
3264 364 3411 421 Absit
3441 384 3456 427 :

1874 443 1958 488 est
2002 438 2146 492 enim
2191 439 2384 496 divina:
2431 444 2710 516 sapientiae
2747 463 2915 519 opus;
2964 467 3098 522 opus
3144 464 3320 511 autem
3367 458 3459 514 Dei

1874 541 2163 598 numquam
2190 534 2358 600 possit
2380 550 2503 592 esse
2523 553 2682 593 causa
2705 544 2929 611 peccati.
2960 545 3067 600 Sed
3094 558 3344 617 aspectus
3364 552 3459 607 fuit

1875 631 2033 672 causa
2083 624 2324 689 peccati?
2362 624 2439 680 Ne
2478 627 2531 681 id
2571 630 2785 697 quidem
2830 651 2844 687 :
2885 650 3006 690 nam
3049 638 3232 693 ethoc
3259 652 3462 695 natura:

1874 722 2009 777 opus
2034 721 2134 766 est.
2163 712 2265 768 Sed
2287 716 2411 785 quid
2438 719 2647 774 tandem
2668 722 2692 775 Τ
2711 722 2844 779 Male
2864 726 3046 783 videre
3070 746 3083 782 :
3109 746 3229 786 nam
3257 732 3358 789 hoc
3381 742 3464 789 est

1874 799 2180 893 depravata:
2202 808 2507 864 voluntatis.
2534 810 2657 867 Ideo
2695 816 2906 885 sapiens
2931 819 3146 887 quidam
3182 823 3459 893 admonet,

1873 891 2057 988 dicens
2085 937 2101 961 ,
2125 896 2219 988 iNe
2261 901 2543 956 consideres
2568 905 2996 973 pulchritudinem
3023 912 3241 967 alienam
3273 891 3459 988 (Eucti.

1874 983 1926 1039 9.
1969 987 2045 1056 8).
2089 987 2204 1043 Νοη
2245 991 2377 1045 dixit
2401 1034 2418 1055 ,
2458 994 2536 1050 Ne
2562 996 2783 1054 videas:
2812 999 2861 1055 id
2892 1002 3033 1057 enim
3062 983 3457 1078 nonnumquam

1873 1090 1999 1132 casu
2026 1080 2084 1133 tit
2106 1122 2122 1147 ,
2152 1081 2244 1137 sed
2267 1123 2283 1149 ,
2315 1082 2399 1137 Ne
2421 1087 2705 1144 consideres
2726 1132 2741 1156 ,
2770 1091 2975 1162 inquit,
3009 1095 3140 1150 illud
3170 1099 3365 1155 tollens
3389 1117 3460 1157 ne

1873 1170 2047 1226 studio
2090 1173 2609 1244 animadvertamus,
2657 1196 2723 1237 ne
2759 1183 2972 1240 curiose
3014 1186 3359 1258 intueamur,
3391 1207 3461 1246 ne

1874 1263 2076 1318 vitiosa:
2114 1269 2553 1336 contemplationi
2599 1272 2981 1342 immoremur,
3021 1293 3139 1348 qum
3178 1280 3246 1334 ab
3281 1283 3460 1335 animo

1874 1364 2127 1424 corrupto
2153 1366 2207 1410 et
2234 1361 2630 1429 concupiscenti
2666 1365 3036 1432 proﬁciscitur.
3066 1368 3171 1422 Sed
3199 1370 3355 1439 quid,
3381 1373 3462 1425 in-

1872 1445 2019 1513 quiet
2044 1446 2258 1516 aliquis,
2283 1448 2411 1504 hine
2429 1451 2609 1505 damni
2639 1455 2803 1521 possit
2828 1458 3000 1510 oriri?
3023 1458 3104 1511 Ea:
3123 1460 3235 1527 hoc,
3263 1462 3455 1532 inquit,

1873 1556 2015 1593 amor
2055 1542 2183 1594 velut
2207 1543 2338 1612 ignis
2362 1545 2605 1597 excitatur
2637 1544 2797 1615 (Ibid.
2828 1567 2875 1602 υ.
2900 1550 2977 1620 9).
3008 1550 3076 1605 Ut
3106 1553 3247 1606 enim
3282 1555 3415 1623 ignis
3439 1594 3456 1619 ,

1874 1630 1961 1684 ubi
2007 1630 2207 1686 [uanum
2250 1644 2341 1687 aut
2386 1636 2634 1703 stipulam
2663 1639 2980 1707 arripuerit,
3012 1642 3141 1696 nihil
3172 1652 3410 1697 moratur
3435 1685 3451 1708 ,

1872 1721 1966 1776 sed
1996 1724 2152 1777 simul
2180 1712 2430 1796 ut'attigit
2452 1729 2727 1781 materiam
2750 1771 2763 1791 ,
2797 1730 3023 1784 lucidam
3046 1734 3284 1787 accendit
3307 1734 3456 1788 ﬂam-

1874 1830 2015 1867 mam
2046 1832 2060 1869 :
2095 1814 2275 1869 itidem
2300 1828 2354 1870 et
2382 1817 2518 1887 ignis
2544 1822 2987 1888 concupiscentia:
3014 1838 3131 1891 qua:
3159 1833 3241 1877 est
3271 1825 3322 1878 in
3355 1842 3455 1877 no-

1873 1906 1985 1971 bis,
2010 1907 2166 1961 simul
2192 1917 2351 1977 atque
2380 1924 2474 1978 per
2499 1910 2775 1964 oculorum
2807 1913 3049 1966 intuitum
3078 1914 3371 1983 elegantem
3393 1930 3459 1969 ao

1873 2007 2150 2052 venustam
2176 2000 2409 2070 attigerit
2436 2000 2661 2055 formam
2682 2043 2698 2067 ,
2733 2004 2974 2072 protinus
3002 2007 3175 2059 exurit
3198 2006 3456 2061 animum.

1875 2090 2105 2146 Proinde
2132 2107 2197 2145 ne
2225 2102 2435 2162 spectes
2461 2096 2835 2163 temporariam
2865 2096 3005 2151 illam
3027 2137 3044 2163 ,
3067 2113 3185 2167 quae
3205 2114 3271 2152 ex
3297 2113 3451 2167 aspe-

1875 2194 1962 2238 ctu
2005 2186 2391 2255 proﬁciscitur,
2434 2188 2755 2257 voluptatem
2776 2229 2791 2253 ,
2840 2190 2936 2244 sed
2963 2200 3273 2259 perpetuum
3301 2191 3461 2245 dolo-

1877 2291 1989 2330 rem
2030 2277 2306 2332 considera
2327 2320 2342 2344 ,
2387 2279 2476 2349 qui
2502 2280 2735 2336 nascitur
2761 2297 2825 2334 ex
2850 2283 3300 2352 concupiscentia.
3327 2283 3461 2340 Nam

1878 2368 1990 2430 illa,
2018 2366 2221 2423 inﬂicto
2247 2370 2495 2436 vulnere,
2542 2372 2854 2442 plerumque
2881 2374 3134 2429 celeriter
3158 2376 3333 2429 avolat
3358 2393 3372 2441 ;
3400 2388 3456 2431 at

1877 2460 2068 2514 vulnus
2088 2474 2195 2514 non
2222 2461 2433 2525 avolat,
2456 2462 2552 2518 sed
2573 2464 2883 2534 plerumque
2908 2476 3086 2521 manet
3106 2476 3160 2521 et
3182 2467 3452 2524 interﬁcit.

1879 2550 1947 2606 Et
1985 2552 2429 2623 quemadmodum
2466 2570 2622 2610 cerva
2649 2558 2859 2611 conﬁxa
2880 2559 3058 2626 jaculo
3086 2561 3137 2614 in
3170 2561 3309 2615 letali
3336 2576 3461 2615 cor-

1880 2644 2023 2713 poris
2050 2653 2222 2713 parte,
2251 2645 2458 2701 etiamsi
2487 2658 2800 2703 venatorum
2832 2649 3045 2719 eﬂ‘ugiat
3072 2667 3259 2706 manus
3278 2694 3292 2718 ,
3327 2654 3459 2709 nihil

1882 2734 2002 2789 inde
2040 2736 2141 2790 fert
2178 2737 2310 2791 lucri
2342 2754 2355 2790 :
2384 2736 2461 2789 sie
2480 2738 2989 2810 ctanima,accepto
3013 2742 3459 2811 concupiscentia:

1875 2826 2052 2895 jaculo
2087 2842 2117 2882 e
2153 2828 2350 2883 lascivo
2378 2828 2695 2900 curiosoque
2719 2841 2933 2899 aspectu
2954 2872 2970 2898 ,
3000 2834 3207 2888 etiamsi
3239 2833 3461 2889 dimisso

1875 2917 2053 2985 jaculo
2081 2919 2414 2986 permittatur
2441 2921 2588 2977 abire
2611 2962 2627 2986 ,
2661 2932 2835 2976 tamen
2863 2922 2974 2990 ipsa
3005 2936 3099 2991 per
3130 2938 3188 2977 se
3216 2938 3463 2979 corrum-

1883 3011 2022 3079 pitur
2049 3027 2111 3066 ac
2133 3013 2268 3081 perit
2290 3054 2305 3079 ,
2327 3014 2517 3085 ubique
2537 3015 2723 3070 videns
2756 3015 2990 3077 hostem,
3012 3024 3066 3067 et
3093 3014 3458 3085 insequentem

1883 3103 2103 3158 habens.
2126 3105 2227 3160 Sed
2259 3108 2397 3176 quod
2437 3108 2615 3163 dicere
2639 3125 2903 3179 coeperam
2934 3107 3125 3178 (neque
3149 3108 3291 3162 enim
3311 3124 3462 3163 eom-

1882 3197 2199 3251 mittendttm
2228 3209 2312 3253 est
2336 3210 2391 3253 ut
2434 3200 2485 3253 in
2508 3200 2607 3255 hoc
2634 3210 2739 3255 tam
2761 3203 2944 3271 longas
2969 3200 3232 3256 sermonis
3251 3199 3458 3268 digres—

1883 3290 2060 3344 siones
2103 3290 2417 3360 faciamus),
2462 3290 2733 3362 Scriptura
2776 3309 2897 3347 cum
2943 3298 3173 3363 peccatis
3209 3294 3370 3347 simul
3413 3298 3467 3343 et

1885 3390 2221 3448 peccatorum
2259 3397 2448 3437 causas
2488 3384 2625 3437 solet
2649 3399 3072 3438 commemorare
3101 3401 3115 3437 :
3143 3385 3265 3438 audi
3293 3395 3348 3439 et
3378 3381 3467 3437 hic

1884 3475 2009 3546 quid
2047 3475 2184 3530 dicat
2224 3476 2292 3531 de
2332 3476 2478 3531 Ozia.
2509 3476 2689 3546 Neque
2715 3479 2854 3531 enim
2885 3477 2987 3532 hoc
3013 3485 3216 3531 tantum
3243 3492 3340 3531 nos
3365 3477 3465 3531 do-

1884 3569 2026 3635 cuit,
2054 3570 2252 3623 elatum
2281 3569 2449 3624 fuisse
2476 3586 2568 3623 cor
2596 3570 2711 3639 ejus
2731 3612 2746 3634 ,
2776 3586 2959 3623 verum
2984 3569 3183 3623 addidit
3211 3570 3349 3624 unde
3371 3569 3471 3623 fuit

1886 3662 2104 3717 elatum.
2137 3660 2290 3716 Unde
2316 3677 2442 3730 ergo
2472 3661 2669 3714 elatum
2699 3660 2835 3714 fuit?
2861 3659 2988 3715 Cum
3014 3669 3187 3730 potens
3214 3671 3359 3724 esset,
3383 3662 3467 3714 in-

1886 3754 2032 3823 quit,
2061 3753 2246 3807 elatum
2271 3760 2343 3805 est
2368 3768 2454 3805 cor
2479 3754 2605 3823 ejus.
2628 3751 2743 3806 Non
2772 3752 2889 3805 tulit
2916 3752 3239 3821 principatus
3265 3753 3470 3821 magni-

1888 3847 2124 3901 tudinem
2149 3887 2164 3911 ,
2210 3844 2306 3901 sed
2344 3846 2481 3899 sicut
2505 3860 2571 3899 ex
2597 3845 2856 3900 edacitate
2883 3845 3117 3899 nascitur
3144 3847 3294 3914 ignea
3318 3842 3470 3898 inﬂa-

1890 3940 1998 4006 tio,
2030 3954 2092 3993 ex
2118 3936 2387 3992 inﬂatione
2411 3938 2637 4007 gignitur
2663 3936 2853 4004 febris,
2884 3932 3077 3991 deinde
3103 3952 3168 3990 ex
3199 3935 3329 3991 febri
3354 3936 3471 4005 ple-

1890 4044 2113 4098 rumque
2155 4043 2301 4082 mors
2347 4047 2360 4082 :
2411 4028 2588 4082 itidem
2635 4038 2688 4082 et
2730 4028 2815 4082 hic
2842 4043 2908 4082 ex
2942 4043 3120 4082 rerum
3146 4026 3469 4081 abundantia

1891 4130 2011 4176 nata
2052 4130 2134 4175 est
2170 4119 2432 4188 superbia.
2461 4119 2589 4173 Nam
2621 4118 2758 4189 quod
2786 4119 2837 4173 in
2865 4119 3175 4187 corporibus
3203 4128 3285 4172 est
3314 4118 3469 4171 inﬂa-

1894 4215 1965 4267 tio
1986 4256 2000 4277 ,
2029 4213 2129 4267 hoc
2156 4213 2205 4266 in
2228 4212 2418 4265 animis
2438 4220 2518 4266 est
2545 4212 2811 4281 superbia.
2844 4210 2962 4265 Mox
2989 4225 3055 4264 ex
3082 4208 3329 4279 superbia
3352 4218 3471 4263 nata

1892 4316 1974 4363 est
2006 4306 2303 4376 appetentia
2328 4321 2505 4360 rerum
2532 4304 2631 4375 ipsi
2660 4319 2765 4357 non
2796 4304 3220 4372 congruentium.

1964 4399 2017 4453 5.
2059 4397 2185 4453 lltec
2211 4412 2314 4451 non
2344 4398 2459 4451 sine
2484 4411 2643 4449 causa
2671 4395 2759 4449 ditt
2784 4404 3102 4459 tractamus,
3130 4392 3223 4446 sed
3252 4407 3318 4445 ne
3355 4405 3472 4443 um-

1895 4507 2054 4562 quam
2092 4490 2406 4545 existimetis
2445 4503 2565 4542 esse
2609 4484 2974 4554 suspieiendos
2998 4524 3013 4548 ,
3065 4497 3236 4551 neque
3292 4481 3475 4536 felices

1894 4584 2082 4636 dicatis
2122 4596 2215 4635 eos
2261 4580 2351 4650 qui
2404 4578 2756 4647 principatum
2796 4582 3025 4645 gerunt,
3078 4588 3200 4627 cum
3288 4573 3474 4627 sciatis

1895 4689 2050 4742 quam
2082 4671 2284 4725 lubrico
2319 4670 2369 4722 in
2398 4677 2537 4721 statu
2576 4676 2891 4726 versentur;
2938 4678 3035 4718 nec
3066 4676 3315 4731 umquam
3357 4659 3477 4714 illos

1892 4764 2139 4834 jndicetis
2167 4765 2412 4822 miseros,
2444 4760 2531 4829 qui
2561 4758 2611 4811 in
2644 4765 2878 4827 egestate
2902 4763 2956 4809 et
2987 4753 3367 4807 afﬂictionibus
3395 4752 3477 4803 vi-

1897 4865 2043 4919 vunt,
2077 4854 2308 4909 scientes
2340 4850 2475 4904 hanc
2500 4850 2664 4903 vitam
2690 4862 2809 4903 esse
2828 4848 2998 4902 multo
3028 4846 3291 4899 tutiorem.
3327 4843 3479 4900 Unde

1897 4956 1950 5001 et
1979 4944 2234 5015 propheta
2256 4942 2452 4996 clamat
2486 4940 2668 4994 dicens
2698 4937 2931 4992 :Bonum
2959 4946 3029 4990 est
3051 4936 3192 4999 mihi,
3227 4933 3442 4986 Domine
3462 4971 3478 4998 ,

1898 5039 2013 5109 quia
2043 5034 2321 5089 humiliasti
2340 5050 2418 5087 me
2443 5031 2462 5103 (
2485 5030 2631 5085 Psal.
2662 5029 2782 5084 118.
2810 5030 2873 5082 ’11
2900 5030 2941 5097 ).
2968 5026 3099 5082 Vide
3127 5025 3285 5095 igitur
3306 5039 3477 5092 quan-

1899 5140 2008 5184 tum
2031 5144 2095 5183 ex
2116 5127 2401 5182 eminentia
2419 5132 2598 5178 natum
2620 5123 2690 5177 sit
2708 5122 2925 5176 malum.
2947 5118 3154 5173 Elatum
3174 5125 3263 5180 est,
3287 5114 3477 5183 inquit,

1890 5235 1981 5272 cor
2003 5222 2112 5291 ejus
2133 5234 2289 5288 usque
2307 5217 2374 5270 ad
2402 5216 2771 5287 corruptionem
2791 5213 2865 5283 (2.
2898 5210 3070 5265 Paral.
3096 5206 3184 5262 26.
3211 5208 3320 5276 16).
3341 5204 3477 5270 Quid

1900 5323 2011 5379 est,
2041 5312 2206 5382 Usque
2245 5312 2313 5364 ad
2343 5308 2749 5377 corruptionem?
2771 5306 2947 5375 Usque
2972 5304 3037 5357 ad
3067 5315 3252 5372 pravas
3276 5298 3482 5367 cogita-

1902 5406 2068 5458 tiones
2096 5445 2111 5467 ,
2163 5418 2279 5473 qua:
2309 5415 2526 5471 prorsus
2556 5414 2659 5453 non
2686 5397 2977 5452 ascendunt
3018 5396 3068 5447 in
3097 5393 3330 5445 animum
3373 5403 3474 5443 no-

1901 5506 2089 5558 strum,
2116 5494 2159 5547 si
2186 5508 2283 5547 nos
2312 5495 2454 5561 ipsos
2483 5492 2647 5545 multa
2676 5490 2921 5545 cautione
2959 5483 3427 5550 circumsepiamus
3458 5499 3475 5539 :

1902 5588 1994 5643 sed
2026 5588 2067 5640 si
2099 5586 2421 5656 negligenter
2449 5584 2712 5654 egerimus
2737 5624 2750 5647 ,
2784 5588 3069 5635 nascuntur
3099 5579 3147 5630 in
3178 5575 3326 5630 nobis
3351 5590 3473 5646 ger-

1906 5680 2208 5747 minantque
2238 5693 2250 5729 :
2281 5677 2362 5731 sin
2395 5682 2779 5745 prmvertantur
2804 5713 2819 5738 ,
2852 5670 3089 5740 protinus
3121 5668 3474 5738 pnefoeautur
