3992 6300
569 216 674 275 119

566 346 619 392 et
647 331 962 387 obruuntur.
990 327 1122 383 Aliae
1147 325 1436 395 gignuntur
1458 362 1473 384 ,
1498 330 1552 377 et
1577 328 1864 391 augentur,
1901 326 2059 386 atque
2083 314 2152 369 ad

575 437 771 498 pravas
794 422 1035 477 actiones
1056 417 1372 487 procedunt,
1394 426 1713 481 omnemque
1739 409 1933 464 mentis
1960 415 2157 461 nostrae

569 519 848 573 sanitatem
863 520 1235 583 corrumpunt,
1251 511 1296 564 si
1315 523 1505 579 magna
1523 508 1575 561 in
1598 504 1842 561 socordia
1859 517 2154 558 versemur.

570 610 681 665 lloc
713 607 891 677 itaque
915 605 1080 669 dicit,
1111 601 1321 657 Elatum
1349 610 1421 655 est
1452 615 1539 653 cor
1567 599 1676 668 ejus
1695 639 1709 661 ,
1738 610 1909 667 neque
1933 610 1991 650 se
2017 596 2156 651 intus

567 699 829 755 continuit
853 695 1177 767 arrogantia,
1206 707 1378 763 neque
1404 692 1662 746 exstincta
1686 696 1769 743 est
1791 729 1805 753 ,
1832 686 1926 743 sed
1948 695 2006 741 ut
2028 702 2156 757 pro-

571 791 745 859 rupit,
778 789 845 844 ad
871 803 1007 858 opus
1034 801 1200 855 usque
1228 798 1449 856 pravum
1479 795 1760 853 progressa
1780 822 1795 849 ,
1826 789 1988 835 totam
2018 779 2157 833 illius

571 884 822 937 virtutem
856 880 1113 949 corrupit.
1148 876 1428 933 Beatitudo
1457 884 1540 930 est
1569 875 1756 945 igitur,
1784 873 2157 945 cogitationem

571 975 867 1043 improbam
898 986 1114 1043 prorsus
1137 984 1239 1024 non
1266 969 1569 1032 admittere,
1593 966 1734 1037 quod
1757 974 1813 1021 et
1837 981 1867 1020 a
1897 964 2157 1035 propheta

570 1068 769 1122 dictum
794 1076 904 1127 est,
936 1064 1179 1126 Domine,
1208 1078 1308 1116 non
1338 1072 1409 1115 est
1447 1060 1637 1113 elatum
1660 1075 1746 1112 cor
1779 1073 1942 1110 meum
1964 1058 1982 1126 (
2006 1055 2155 1110 Psal.

573 1160 694 1215 450.
729 1161 749 1213 l
777 1159 820 1229 ).
844 1156 959 1212 Non
985 1155 1137 1219 dixit,
1169 1154 1380 1208 Elatum
1406 1150 1621 1222 quidem
1651 1156 1755 1217 est,
1784 1148 1878 1204 sed
1905 1146 2037 1203 illud
2059 1160 2156 1202 co-

572 1252 720 1308 hibui
753 1269 767 1305 :
797 1263 983 1305 verum
1007 1288 1023 1314 ,
1069 1246 1187 1301 Non
1234 1254 1316 1299 est
1345 1244 1562 1298 omnino
1609 1243 1806 1298 elatum
1840 1259 1854 1296 :
1889 1240 1991 1295 hoc
2031 1247 2115 1295 est
2140 1278 2156 1304 ,

571 1342 777 1412 Jugiter
819 1339 1025 1396 servavi
1068 1338 1298 1391 animam
1342 1351 1517 1391 meam
1562 1335 1886 1389 inaccessam
1922 1332 2156 1388 malitiae.

574 1434 687 1490 Hoc
713 1433 871 1503 igitur
889 1439 973 1486 est
1002 1428 1345 1486 beatitudinis
1372 1446 1385 1481 :
1416 1426 1542 1481 huic
1571 1427 1871 1496 proximum
1900 1424 2027 1479 illud
2055 1431 2156 1488 est,

578 1525 749 1580 malas
785 1523 1134 1593 cogitationes
1158 1521 1266 1591 jam
1294 1521 1563 1590 ingressas
1591 1518 1841 1573 celeriter
1865 1516 2156 1587 repellere,

576 1633 751 1688 neque
770 1617 966 1682 sinere,
994 1625 1051 1669 ut
1071 1614 1177 1669 illic
1200 1614 1399 1668 diutius
1428 1613 1798 1676 immorentur,
1823 1626 1891 1665 ne
1921 1610 1974 1665 in
2006 1609 2161 1665 nobis

575 1710 803 1781 pessime
828 1714 1156 1778 grassentur.
1200 1704 1351 1773 Quod
1383 1704 1427 1759 si
1452 1719 1519 1759 eo
1558 1719 1723 1775 usque
1762 1702 2020 1758 socordiae
2040 1716 2165 1773 pro-

575 1802 903 1858 cesserimus
924 1841 937 1862 ,
966 1807 1050 1854 est
1082 1814 1176 1867 per
1203 1797 1295 1851 Dei
1326 1796 1617 1852 bonitatem
1641 1804 1694 1849 et
1722 1794 1876 1863 hujus
1902 1792 2163 1848 socordiae

575 1895 845 1958 solatium,
867 1893 1135 1962 multaque
1154 1890 1225 1945 ab
1245 1892 1334 1945 illa
1360 1905 1565 1946 summa
1583 1898 1636 1945 et
1656 1888 1905 1944 ineffabili
1928 1888 2164 1944 bonitate

574 1989 767 2043 talibus
792 1986 1099 2041 vulneribus
1125 1992 1307 2056 parata
1337 1992 1462 2039 sunt
1488 1983 1745 2039 remedia.
1777 1982 1884 2038 Sed
1911 1999 2009 2053 age
2049 1997 2165 2038 ser-

572 2098 787 2138 monem
817 2081 956 2133 lmuc
983 2080 1206 2133 missum
1231 2078 1501 2143 faciamus,
1532 2091 1605 2132 ne
1635 2075 1780 2146 quod
1807 2076 1860 2131 in
1890 2074 2043 2130 initio
2069 2089 2163 2130 ve-

574 2177 841 2239 rebamur.
867 2192 1007 2231 uuuc
1026 2174 1231 2231 accidat
1255 2174 1428 2241 nobis,
1450 2187 1737 2244 rerumque
1761 2172 1913 2227 turba
1934 2180 2164 2227 vestram

574 2272 764 2325 obruat
789 2271 1119 2325 memoriam.
1152 2270 1487 2339 Quapropter
1530 2281 1811 2322 necessum
1841 2274 1923 2320 est
1961 2274 2018 2320 ut
2047 2280 2166 2336 quae

574 2361 715 2415 dicta
735 2371 876 2427 sunt,
901 2362 1208 2415 summatim
1234 2360 1418 2430 paucis
1436 2368 1742 2429 repetamus
1766 2374 1779 2410 :
1804 2358 1882 2412 sic
1900 2366 1956 2412 et
1971 2367 2167 2411 matres

577 2454 753 2507 facere
778 2454 953 2508 solent
976 2468 1096 2507 cum
1125 2466 1303 2521 poma,
1335 2459 1427 2505 attt
1448 2450 1688 2514 bellaria,
1715 2458 1807 2503 aut
1828 2449 1972 2504 aliud
1992 2448 2168 2504 simile

580 2544 851 2615 quidpiam
883 2545 932 2598 in
961 2546 1219 2615 puerilem
1249 2544 1540 2598 immittunt
1564 2529 1740 2597 sinum
1768 2559 1782 2597 :
1813 2556 1882 2598 ne
1909 2556 2006 2613 per
2033 2555 2167 2612 pue-

582 2647 768 2689 rorum
808 2636 1183 2706 negligentiam
1213 2635 1424 2691 excidat
1452 2634 1653 2705 aliquid
1683 2649 1870 2691 eorum
1900 2651 2020 2704 quae
2044 2634 2167 2689 data

579 2737 706 2784 sunt
730 2770 743 2792 ,
771 2738 1097 2784 contractam
1138 2730 1371 2800 undique
1410 2730 1696 2785 tuniculam
1721 2771 1737 2795 ,
1763 2730 1975 2800 cingulo
2000 2728 2169 2799 subji-

578 2823 745 2888 ciunt,
777 2837 883 2891 quo
903 2822 1009 2876 sint
1038 2823 1091 2876 in
1113 2831 1245 2876 tuto.
1277 2822 1418 2877 Idem
1447 2837 1545 2877 uos
1570 2819 1847 2888 faciamus,
1870 2821 2169 2876 orationem

582 2914 635 2968 in
669 2914 880 2985 longum
912 2923 1210 2984 porrectam
1242 2913 1647 2978 contrahamus,
1672 2913 2050 2983 memoriaeque
2077 2927 2172 2966 ett-

581 3006 770 3059 stodia:
796 3004 1144 3075 deponamus.
1176 3004 1415 3060 Audistis
1454 3004 1722 3075 quomodo
1746 3004 1877 3058 nihil
1905 3003 2169 3075 agendum

582 3098 653 3151 sit
673 3096 737 3151 ad
756 3097 1189 3161 ostentationem,
1214 3106 1576 3167 quantumque
1595 3098 1663 3150 sit
1686 3096 1883 3151 malum
1904 3096 2169 3162 socordia,

584 3198 643 3243 ut
660 3187 819 3243 etiam
846 3188 899 3243 in
921 3186 1154 3259 perfecta
1176 3189 1282 3243 vita
1305 3197 1605 3244 versantem
1628 3187 1782 3244 facile
1800 3189 2169 3259 supplautarit.

589 3282 860 3337 Didicistis
881 3291 1077 3352 quanta
1108 3282 1263 3338 nobis
1290 3281 1510 3352 epussit
1536 3296 1686 3347 cura,
1714 3281 2048 3352 potissimum
2072 3283 2174 3338 sub

584 3374 707 3425 vitae
731 3372 915 3438 linem,
933 3379 1210 3441 utquencc
1223 3373 1620 3444 desperandum
1637 3371 1764 3427 sitei
1781 3370 2011 3443 quicum
2042 3372 2175 3429 inci-

584 3464 754 3519 disset
801 3462 856 3517 in
889 3470 1107 3533 peccata
1147 3471 1380 3516 mutatus
1415 3470 1500 3517 est
1522 3503 1535 3527 ,
1568 3476 1740 3533 neque
1769 3472 2013 3534 oporteat
2049 3478 2173 3519 eum

587 3558 673 3627 qui
706 3560 757 3612 in
782 3558 1029 3613 socordia
1059 3558 1209 3622 vivit,
1232 3556 1299 3612 de
1319 3566 1467 3614 recte
1493 3555 1645 3611 factis
1674 3556 1965 3613 confidere.
1999 3558 2176 3613 Disse-

589 3652 791 3706 ruimus
830 3652 982 3707 vobis
1023 3650 1094 3708 de
1136 3650 1436 3707 dill'ereutia
1473 3659 1815 3721 peccatorum
1840 3692 1857 3718 ,
1897 3666 1964 3707 ne
2009 3652 2175 3708 simus

593 3743 939 3799 vehementer
989 3742 1179 3799 intenti
1222 3742 1290 3798 ad
1331 3742 1555 3799 eximias
1600 3757 1885 3813 corporum
1933 3743 2174 3798 formas:

588 3844 950 3905 quantumque
970 3835 1094 3890 hinc
1120 3835 1323 3891 oriatur
1348 3836 1492 3900 mali,
1516 3836 2022 3891 demonstravimus.
2045 3835 2175 3904 Quae

589 3926 658 3981 de
702 3927 951 3996 superbia
989 3926 1145 3981 vobis
1182 3927 1414 3982 diximus
1452 3928 1773 3983 meministis
1798 3970 1813 3995 ,
1843 3943 2073 3999 quaeque
2109 3928 2177 3982 de

594 4017 771 4086 pravis
811 4016 1247 4086 cogitationibus.
1277 4017 1402 4072 Haec
1442 4029 1717 4074 servantes
1762 4019 2044 4075 redeamus
2076 4018 2177 4074 do-

594 4124 779 4175 mum;
826 4110 953 4181 quin
981 4111 1157 4179 potius
1186 4112 1301 4164 haec
1328 4121 1602 4165 servantes
1641 4112 1966 4182 excipiamus
2004 4112 2179 4184 perfe-

591 4203 815 4258 ctiorem
856 4202 1038 4258 eximii
1066 4202 1303 4257 doctoris
1337 4203 1786 4259 exhortationem.
1836 4206 1967 4260 Nam
1997 4218 2177 4261 nostra

591 4293 828 4364 quidem,
847 4293 1251 4364 qualiacumque
1273 4302 1414 4357 sunt,
1442 4294 1636 4349 habent
1650 4295 1943 4365 juventutis
1964 4296 2176 4352 indicia:

597 4387 759 4457 hujus
780 4398 995 4451 autem,
1024 4386 1434 4457 qualiacumque
1485 4386 1723 4452 fuerint,
1768 4402 1899 4442 cana
1950 4387 2175 4458 quadam

594 4477 871 4548 prudentia
895 4486 1019 4533 sunt
1042 4489 1247 4533 ornata.
1272 4480 1350 4533 Ac
1374 4487 1553 4533 nostra
1582 4478 1797 4549 quidem
1837 4479 2030 4534 similia
2057 4488 2180 4533 sunt

594 4578 814 4624 torrenti
833 4610 849 4635 ,
879 4569 967 4640 qui
995 4585 1117 4624 cum
1146 4569 1372 4640 strepitu
1402 4568 1605 4637 fertur;
1642 4569 1783 4624 illius
1809 4579 1982 4625 autem
2010 4570 2180 4625 oratio

593 4662 783 4717 similis
802 4671 883 4716 est
897 4661 1026 4716 fonti
1048 4676 1235 4733 magna
1259 4662 1639 4733 tranquillitate
1659 4660 1849 4716 lluvios
1864 4661 2176 4728 eundenti,

594 4755 684 4825 qui
715 4754 817 4809 olei
848 4754 1017 4826 magis
1045 4770 1204 4825 quam
1230 4770 1486 4825 aquarum
1506 4771 1719 4811 cursum
1746 4755 1999 4811 imitetur.
2024 4756 2183 4811 Exci-

596 4848 805 4917 piamus
830 4846 989 4918 igitur
1012 4861 1075 4902 ea
1104 4847 1333 4915 lluenta,
1361 4856 1421 4902 ut
1459 4848 1587 4902 flant
1614 4848 1668 4902 in
1695 4847 1848 4903 nobis
1882 4847 2001 4903 fons
2029 4863 2181 4919 aqua:

595 4938 834 4993 salientis
859 4938 911 4993 in
936 4937 1096 4992 vitam
1121 4947 1371 4993 :eternam
1394 4937 1583 5010 (Joan.
1604 4939 1658 4994 4.
1683 4940 1749 4994 14
1769 4942 1787 5009 )
1811 4956 1824 4993 :
1848 4954 2006 5011 quam
2027 4940 2181 4995 nobis

596 5030 844 5086 omnibus
869 5029 1142 5100 contingat
1170 5031 1379 5100 assequi
1403 5072 1417 5093 ,
1453 5031 1620 5100 gratia
1652 5040 1707 5085 et
1730 5029 2051 5101 benignitate
2078 5030 2181 5084 Do-

599 5124 728 5177 mini
760 5123 927 5177 nostri
952 5121 1080 5177 Iesu
1120 5120 1314 5176 Christi
1356 5120 1430 5194 (a)
1455 5163 1469 5188 ,
1499 5138 1618 5176 cum
1668 5137 1774 5193 quo
1813 5122 1997 5191 Patri,
2025 5122 2178 5177 simul

596 5229 716 5267 cum
741 5223 925 5269 sancto
944 5222 997 5269 et
1018 5213 1160 5269 bono
1179 5213 1379 5285 Spiritu
1408 5214 1596 5279 honor,
1620 5214 1785 5283 gloria
1806 5223 1859 5269 et
1879 5214 2179 5286 imperium,

598 5320 741 5362 nunc
764 5314 819 5362 et
846 5320 1077 5377 semper,
1103 5316 1157 5361 et
1184 5306 1236 5361 in
1267 5305 1459 5362 szecula
1481 5304 1816 5361 saeculorum.
1848 5307 2037 5362 Amen.

665 5464 738 5523 ()
771 5470 883 5526 Quae
917 5464 1139 5526 sequitur
1173 5460 1418 5512 conclusio
1440 5463 1511 5511 sic
1542 5460 1749 5526 habetur
1768 5462 1815 5508 in
1842 5472 1953 5526 u_no_
1974 5459 2146 5513 Codice
2167 5496 2182 5519 ,

602 5521 749 5587 atque
773 5531 837 5573 ita
861 5521 1053 5587 legerat
1076 5532 1311 5587 Erasmus.
1336 5532 1630 5587 Quamquam
1638 5522 1728 5587 hie
1743 5521 2106 5587 conclusiones,
2131 5532 2186 5574 ut

600 5582 697 5646 gain
728 5587 850 5657 alibi
887 5582 1115 5649 diximus,
1157 5586 1218 5638 ad
1257 5585 1562 5636 librariorum
1602 5582 1791 5635 libitum
1829 5594 1885 5635 ut
1925 5584 2182 5647 plurimum

923 5660 1050 5700 sunt.

1381 204 1440 261 S.
1479 202 1756 262 JOANNIS
1791 196 2259 258 CHRYSOSTOMI
2300 195 2615 254 ARCHIEP.
2654 193 3187 259 CONSTANTINOP.
3712 207 3801 265 [gn

2265 312 2518 384 Ejusdem
2546 313 2598 367 in
2625 313 2827 369 dictum
2858 313 2985 369 illud
3014 314 3179 376 Isaiae,
3211 314 3419 371 Factum
3445 329 3513 372 est
3534 332 3687 387 anno,
3715 340 3800 379 atto

2337 419 2571 463 mortuus
2610 419 2682 463 est
2721 408 2874 476 Ozias
2910 424 3021 472 rex,
3067 411 3166 462 vidi
3208 410 3473 464 Dominum
3508 413 3742 469 sedentem
3758 417 3802 470 in

2334 502 2463 556 solio
2492 502 2688 557 excelso
2725 512 2772 557 et
2799 502 2930 557 elato
2957 501 2977 575 (
3001 501 3124 556 Isai.
3151 503 3203 557 6.
3228 503 3254 557 1
3281 502 3336 572 )
3380 513 3432 557 et
3458 504 3571 558 laus
3603 506 3804 563 civitatis

2335 597 2634 653 Antiochiae
2660 613 2676 662 ;
2723 605 2780 652 et
2807 596 3062 651 adversus
3092 612 3183 652 eos
3209 596 3295 668 qui
3327 596 3599 667 prohibent
3622 600 3806 670 nuptias

2334 689 2718 748 demonstratio
2743 688 2946 744 divina.

2843 800 3126 857 HOMILIA
3165 799 3255 857 .

2338 919 2391 975 1.
2448 916 2807 989 Frequentiam
2871 915 3162 970 auditorum
3238 916 3332 970 sibi
3398 916 3608 989 ipsisque
3657 927 3810 988 grani.

2267 1009 2442 1077 tatur;
2488 1010 2665 1063 Romae
2730 1012 2937 1080 prefer!
2991 1025 3135 1063 suam
3195 1008 3461 1062 civitatem.
3610 1008 3811 1065 Prtecla-

2266 1120 2385 1160 rum
2438 1102 2592 1158 nobis
2630 1101 2787 1156 hodie
2839 1100 3105 1157 theatrum
3158 1102 3340 1167 adest,
3392 1100 3685 1172 magnificus
3722 1105 3813 1156 ala-

2265 1196 2476 1266 crisque
2539 1204 2728 1248 coetus.
2781 1192 2920 1261 Quid
2978 1191 3186 1247 tandem
3245 1200 3329 1247 est
3388 1193 3440 1247 in
3498 1194 3683 1250 causa?
3728 1194 3811 1249 Sc-

2267 1287 2461 1341 mentis
2512 1284 2625 1341 heri
2676 1283 2827 1338 factm
2869 1281 3102 1347 fructus,
3146 1283 3305 1338 hodie
3342 1283 3529 1338 messis
3571 1292 3663 1339 est.
3708 1284 3811 1340 lleri

2267 1376 2639 1447 plantavimus,
2666 1374 2823 1429 hodie
2855 1374 3128 1428 metimus.
3153 1373 3270 1428 Non
3297 1374 3439 1428 enim
3467 1382 3651 1429 terram
3673 1375 3814 1429 inani-

2268 1483 2409 1521 mam
2432 1466 2677 1533 colimus,
2700 1474 2757 1519 ut
2788 1464 2940 1518 tarde
2968 1463 3268 1530 fructificet,
3294 1463 3389 1519 sed
3414 1464 3612 1520 animas
3639 1465 3814 1522 ratione

2270 1558 2538 1629 prmditas.
2572 1558 2686 1613 Non
2714 1565 2797 1613 est
2836 1566 3043 1622 natura,
3073 1571 3193 1626 quae
3221 1564 3516 1623 cunctatur,
3540 1554 3629 1612 sed
3652 1558 3813 1629 gratia,

2269 1667 2387 1723 quae
2413 1652 2697 1707 accelerat.
2731 1651 2897 1706 Recte
2936 1650 3266 1719 compositus
3305 1649 3460 1704 nobis
3482 1651 3711 1720 populus,
3736 1665 3815 1705 au-

2270 1743 2447 1800 diendi
2477 1743 2715 1798 studiosa
2748 1742 2896 1812 plebs
2925 1752 3029 1797 est.
3058 1741 3183 1796 Heri
3212 1742 3383 1795 vocati
3410 1750 3551 1807 sunt,
3570 1741 3716 1797 hodie
3738 1758 3813 1797 co-

2270 1847 2548 1893 ronantur.
2574 1836 2968 1893 Admonitionis
3001 1835 3271 1892 hesternae
3311 1834 3510 1890 fructus
3536 1835 3814 1891 hodiernum

2270 1938 2354 1985 est
2389 1929 2726 2001 obsequium.
2775 1928 2930 1985 Unde
2981 1943 3081 1982 nos
3124 1942 3340 2000 quoque
3381 1927 3599 1982 libenter
3643 1927 3814 1982 sentina

2267 2021 2515 2092 jacimus,
2548 2022 2670 2092 quia
2717 2037 2908 2093 purum
2956 2020 3198 2077 videmus
3245 2036 3464 2087 arvum,
3493 2035 3594 2075 non
3640 2021 3816 2090 spinam

2272 2128 2390 2184 qua:
2418 2113 2676 2181 suffocat,
2710 2129 2885 2185 neque
2911 2113 3051 2169 viam
3098 2128 3220 2185 quae
3267 2113 3518 2175 calcatur,
3561 2128 3719 2183 neque
3738 2128 3816 2182 pe-

2276 2217 2410 2261 tram
2442 2206 2704 2273 sterilem,
2737 2206 2832 2262 sed
2881 2205 3203 2277 profundum
3244 2222 3308 2261 ac
3355 2207 3593 2277 pinguem
3633 2220 3815 2276 agrum,

2273 2299 2362 2369 qui
2388 2299 2546 2354 simul
2570 2308 2625 2354 et
2648 2314 2831 2354 semen
2857 2298 3047 2368 recipit
3067 2338 3084 2363 ,
3115 2307 3171 2353 et
3197 2298 3399 2368 spicam
3439 2298 3585 2353 nobis
3610 2296 3815 2353 exhibet.

2274 2391 2402 2448 Hice
2427 2407 2639 2462 semper
2667 2391 2876 2462 loquor,
2908 2406 3009 2448 nec
3032 2390 3175 2462 loqui
3202 2390 3442 2447 desinam
3471 2406 3487 2446 :
3519 2390 3626 2445 haec
3651 2398 3817 2444 nostra:

2274 2486 2505 2541 civitatis
2551 2484 2668 2540 laus
2720 2492 2838 2551 est,
2868 2499 2974 2538 non
3026 2483 3171 2555 quod
3228 2493 3470 2540 senatum
3511 2484 3703 2545 habeat.
3731 2496 3816 2536 nou

2274 2580 2414 2649 quod
2438 2578 2686 2634 consules
2716 2592 3002 2633 numerare
3033 2577 3325 2648 possimus,
3362 2592 3529 2647 neque
3565 2575 3695 2647 quod
3728 2586 3818 2630 sta.

2278 2680 2397 2725 tuas
2417 2668 2745 2739 complures,
2777 2684 2952 2739 neque
2978 2668 3117 2740 quod
3150 2669 3416 2723 mercium
3438 2667 3655 2739 copiam,
3678 2681 3822 2735 neque

2275 2759 2416 2830 quod
2443 2761 2604 2815 situm
2644 2758 2839 2814 habeat
2862 2759 3206 2815 commodum
3251 2777 3265 2813 :
3299 2757 3393 2815 sed
3438 2757 3573 2829 quod
3606 2756 3820 2829 pepulum

2278 2851 2470 2906 habeat
2493 2851 2742 2907 audiendi
2786 2850 3107 2915 studiosum,
3136 2850 3287 2921 quod
3314 2852 3504 2921 templa
3532 2848 3620 2905 Dei
3662 2849 3821 2919 plena,

2278 2943 2417 3013 quod
2446 2943 2699 2998 Ecclesia:
2721 2942 2927 2997 delicia:
2954 2942 3124 3013 magis
3151 2950 3411 2998 crescunt
3436 2942 3483 2997 iu
3510 2942 3649 3009 dies,
3677 2940 3820 3012 quod-

2278 3048 2383 3105 que
2428 3049 2734 3089 sermonem
2782 3032 2975 3089 habeat
3013 3033 3372 3104 prouentem
3394 3076 3409 3101 ,
3439 3033 3823 3101 desideriumque

2281 3139 2571 3195 numquam
2598 3126 2904 3181 satiantem.
2951 3123 3223 3195 Siquidem
3252 3125 3438 3181 civitas
3474 3140 3574 3181 non
3602 3124 3663 3178 ab
3687 3123 3824 3179 aedili-

2279 3216 2395 3281 ciis,
2421 3215 2515 3271 sed
2546 3216 2613 3271 ab
2640 3215 3061 3271 inhabitantibus
3086 3216 3407 3272 admiranda
3435 3217 3666 3274 redditur
3694 3217 3728 3271 .
3758 3214 3823 3269 Nc

2280 3307 2412 3363 mihi
2440 3324 2628 3364 narres
2654 3308 3019 3364 Romanorum
3043 3308 3229 3363 urbem
3280 3309 3627 3381 magnitudine
3652 3308 3820 3379 spatio-

2280 3416 2395 3457 sazn
2426 3416 2576 3467 esse;
2603 3401 2698 3457 sed
2720 3402 2944 3457 ostende
2965 3401 3093 3457 mihi
3125 3401 3233 3457 illic
3265 3404 3516 3474 populum
3541 3417 3679 3473 aeque
3698 3400 3823 3469 cupi-

2281 3493 2406 3548 dum
2454 3493 2727 3548 audiendi.
2756 3493 2889 3548 Nam
2926 3492 3156 3549 Sodoma
3203 3502 3386 3550 turres
3426 3493 3698 3559 habebant,
3724 3504 3823 3547 cunt

2283 3586 2550 3642 Abraham
2594 3587 2646 3641 in
2682 3586 2891 3657 tugurio
2938 3596 3241 3642 moraretur
3273 3604 3289 3641 :
3318 3595 3545 3643 attamen
3591 3585 3824 3641 venientes

2281 3678 2455 3748 angeli
2484 3677 2718 3733 Sodoma
2747 3678 3116 3748 praeteribant,
3145 3687 3198 3732 et
3238 3677 3311 3732 ad
3350 3678 3602 3749 tugurium
3628 3676 3825 3731 diverte-

2285 3771 2411 3827 baut
2433 3769 2582 3843 (Gen.
2610 3767 2719 3843 18).
2889 3770 3032 3826 enim
3060 3769 3256 3825 :edium
3288 3771 3618 3841 splendorem
3642 3782 3823 3840 quiera-

2282 3862 2431 3929 baut,
2451 3863 2544 3917 sed
2566 3863 2757 3918 animae
2779 3862 3028 3918 virtutem
3057 3871 3112 3918 et
3132 3862 3578 3931 pulchritudinem
3608 3875 3822 3932 quazren-

2285 3965 2363 4011 tes
2413 3956 2781 4012 circumibant.
2827 3956 2905 4012 Ita
2947 3970 3078 4014 sane
3123 3957 3259 4011 alias
3312 3958 3575 4013 desertum
3632 3953 3827 4010 habebat

2282 4048 2562 4115 Joannem,
2587 4048 2777 4105 civitas
2806 4049 3069 4105 Herodem
3099 4065 3114 4103 :
3143 4064 3321 4121 eoque
3346 4050 3609 4107 desertum
3631 4047 3827 4104 nobilius

2284 4152 2400 4197 erat
2424 4140 2657 4197 civitate.
2687 4141 2793 4197 Cur
2819 4141 2891 4195 ita
2919 4139 3174 4196 tandem?
3195 4141 3458 4209 Quoniam
3500 4156 3601 4196 non
3638 4139 3685 4193 in
3708 4148 3828 4193 strn-

2283 4235 2449 4290 cturis
2488 4234 2588 4290 sita
2615 4242 2698 4289 est
2727 4232 3024 4305 prophetia.
3198 4233 3343 4303 dico,
3372 4233 3642 4306 nequando
3666 4231 3827 4288 civita-

2287 4335 2395 4382 tem
2443 4326 2822 4397 praedicemus,
2855 4341 2974 4396 qua}
3019 4325 3261 4381 moribus
3299 4327 3555 4384 dissoluta
3581 4335 3675 4382 est.
3713 4322 3828 4391 Quid

2285 4418 2417 4473 mihi
2443 4433 2630 4474 narras
2658 4418 2882 4474 aedilicia
2903 4459 2918 4485 ,
2945 4418 3071 4488 quid
3104 4419 3431 4476 columnas?
3459 4420 3578 4475 Haec
3613 4432 3706 4473 una
3726 4429 3829 4470 cum

2286 4511 2536 4580 praesenti
2590 4510 2696 4564 vita
2749 4509 3055 4565 diruuntur.
3112 4508 3409 4567 Ecclesiam
3469 4509 3834 4581 ingredere,ut

2285 4600 2515 4657 civitatis
2541 4601 2722 4657 videas
2748 4600 3099 4656 nobilitatem.
3128 4600 3435 4672 Ingredere,
3468 4603 3689 4674 inquam,
3722 4596 3829 4651 vide

2288 4709 2546 4764 pauperes
2575 4709 2605 4749 a
2650 4694 2828 4750 medio
2851 4695 3025 4750 noctis
3055 4709 3223 4764 usque
3262 4695 3332 4750 ad
3385 4697 3556 4751 lucem
3602 4706 3832 4765 persevc-

2285 4798 2465 4844 rantes
2485 4830 2499 4855 ,
2530 4788 2650 4843 vide
2679 4803 2829 4843 sacra
2858 4787 3131 4859 pervigilia
3165 4787 3311 4844 diem
3342 4804 3462 4846 eum
3508 4797 3656 4844 nocte
3690 4799 3835 4854 copu-

2287 4881 2449 4937 lantia
2497 4898 2513 4936 :
2553 4880 2676 4937 vide
2714 4896 2807 4937 eos
2862 4895 3037 4950 neque
3090 4881 3321 4936 interdiu
3362 4897 3534 4953 neque
3575 4888 3725 4935 noctu
3764 4874 3837 4929 vel

2284 4973 2459 5028 somni
2491 4972 2825 5044 tyrannidem
2856 4987 2921 5027 ac
2948 4970 3254 5028 violentiam
3305 4984 3633 5035 metuentes,
3665 4969 3740 5023 vel
3769 4966 3838 5020 in-

2285 5066 2423 5137 opia:
2445 5066 2817 5121 necessitatem
2846 5066 3209 5123 formidantes.
3237 5067 3421 5138 Magna
3449 5080 3628 5123 revera
3652 5060 3837 5118 civitaS.

2288 5178 2351 5218 ac
2378 5164 2537 5217 totius
2559 5161 2704 5217 orbis
2732 5163 3067 5246 metropolis.
3095 5162 3235 5230 Quot
3260 5149 3516 5233 episcopi,
3538 5166 3661 5229 quot
3685 5155 3841 5209 docto-

2288 5273 2377 5313 res
2418 5256 2522 5312 huc
2566 5267 2867 5322 venerunt,
2896 5266 2952 5313 et
2992 5272 3019 5310 a
3066 5256 3265 5328 populo
3292 5255 3435 5310 docti
3461 5249 3763 5308 discedunt,
3789 5256 3841 5293 ac

2291 5350 2461 5422 legem
2513 5350 2656 5404 illam
2702 5350 2915 5405 insitam
2956 5349 3009 5404 in
3057 5364 3117 5405 se
3162 5348 3560 5418 transplantare
3583 5334 3842 5397 curant?

2407 5460 2548 5512 savii.
2570 5496 2586 5521 ,
2608 5463 2679 5512 sic
2700 5461 2967 5511 habet......
3003 5459 3090 5512 sed
3122 5460 3181 5510 ab
3213 5455 3582 5510 inhabitantibus
3618 5446 3842 5521 denit!-

2409 5510 2483 5585 Sic
2500 5510 2673 5582 savii;
2688 5523 2852 5573 Morel.
2879 5531 2931 5573 et
2953 5510 3251 5585 Manuscripti
3270 5559 3283 5579 ,
3309 5534 3406 5571 uno
3431 5510 3751 5585 exceptoaqlli

2292 5587 2398 5639 bet.
2412 5570 2864 5648 ,
2889 5570 2941 5633 in
2954 5570 3014 5635 se
3027 5570 3393 5648 -
3415 5570 3604 5641 curant,
3630 5584 3679 5626 et
3693 5570 3764 5623 sic
3790 5570 3851 5618 le-

2298 5656 2440 5711 gerat
2462 5655 2697 5705 Erasmus.
2721 5645 2805 5713 qui
2828 5648 2994 5705 vertit,
3018 5645 3095 5697 hic
3119 5646 3325 5697 discunt.
