3992 6300
263 344 331 398 l3|
1190 342 1253 398 IN
1292 341 1512 403 lLLUD.
1555 337 1687 393 \‘lDl
1729 334 2068 405 DUMINUM,
2108 338 2342 397 llOMlL.
2384 340 2474 398 IV.

259 462 385 532 Quod
432 461 479 516 si
526 460 662 531 mihi
694 474 887 514 narres
914 460 1200 531 dignitates
1240 470 1296 514 et
1340 474 1499 527 opum
1544 454 1821 510 abundan-

257 568 382 619 tiam,
407 569 435 606 a
467 550 610 607 foliis
634 595 651 611 ,
676 568 785 605 neu
815 569 843 605 a
869 554 1156 617 fructibus,
1182 552 1427 605 arborem
1448 550 1650 603 laudas.
1697 548 1822 601 llaec

253 656 409 699 autem
457 644 651 713 loquor
694 661 800 698 non
857 652 1142 705 assentans
1191 644 1397 697 caritati
1457 654 1672 708 vestrae,
1726 642 1821 695 sed

254 738 487 794 virtutem
544 746 783 792 vestram
837 738 1159 807 prmdieans.
1213 735 1412 790 Beatus
1452 751 1553 805 ego
1604 743 1822 804 propter

250 842 336 881 vos
354 870 371 893 ,
396 828 533 883 beati
563 844 661 883 vos
687 839 905 897 propter
929 844 1025 882 vos
1053 829 1194 897 ipsos
1221 844 1234 882 :
1268 826 1453 881 Beatus
1480 828 1566 897 qui
1598 827 1819 897 loquitur

249 921 310 974 ad
344 938 498 975 aures
546 922 859 975 audientium
887 920 1078 990 (Eccle.
1106 920 1194 975 25.
1229 919 1320 987 12)
1346 938 1361 974 :
1390 919 1468 973 sic
1491 933 1591 988 ego
1636 918 1821 972 beatus

250 1012 409 1068 factus
461 1029 602 1067 sum.
656 1012 797 1067 Beati
846 1013 934 1082 qui
985 1012 1211 1066 esuriant
1257 1020 1302 1065 et
1346 1011 1522 1065 sitiunt
1563 1009 1820 1080 justitiam

252 1104 449 1175 (lauti.
486 1105 539 1159 5.
576 1104 653 1173 6).
689 1103 850 1158 Vides
874 1102 1142 1172 quomodo
1170 1115 1264 1155 vos
1300 1097 1443 1156 beati
1483 1110 1697 1170 pr0pter
1724 1114 1820 1153 vos

252 1199 387 1267 ipsos
432 1196 561 1251 estis
614 1195 776 1250 facti?
806 1196 998 1250 Beatus
1036 1203 1117 1249 est
1167 1194 1249 1248 vir
1288 1207 1474 1246 amans
1512 1206 1818 1246 sermonum

251 1288 616 1358 spiritualium.
654 1286 766 1341 Hoc
791 1302 891 1340 nos
921 1285 1194 1355 distinguit
1222 1300 1252 1338 a
1294 1284 1482 1337 brutis.
1514 1282 1630 1337 Non
1676 1283 1818 1337 enim

256 1398 345 1436 nos
375 1382 439 1436 ab
464 1383 565 1436 illis
594 1390 805 1448 separat
825 1380 1068 1447 corporis
1089 1380 1433 1447 ratio,ncque
1459 1376 1599 1446 quod
1628 1376 1821 1429 alimur

257 1482 341 1527 aut
363 1472 609 1535 bibimus,
633 1455 805 1539 neque
831 1469 970 1539 quod
1004 1470 1266 1537 poscimur
1291 1478 1381 1521 aut
1407 1467 1630 1521 vivimus
1656 1486 1669 1522 :
1704 1466 1820 1521 hrec

263 1564 388 1617 enim
415 1563 589 1617 omnia
631 1562 782 1615 nobis
826 1576 951 1615 cum
991 1559 1158 1615 brutis
1197 1570 1317 1613 sunt
1355 1559 1677 1613 communia.
1714 1557 1818 1613 Sed

266 1671 353 1722 qna
379 1669 433 1707 re
456 1652 791 1720 distinguitur
817 1668 847 1706 a
892 1652 1059 1706 brutis
1099 1650 1299 1705 homo?
1333 1649 1592 1705 Sermone
1627 1667 1640 1702 :
1671 1660 1723 1704 et
1750 1649 1821 1704 ob

272 1749 315 1801 id
334 1748 507 1801 animal
533 1746 725 1800 dicitur
748 1754 960 1813 λογικόνε
982 1746 1082 1799 hoc
1113 1753 1212 1809 est,
1242 1745 1505 1797 sermonis
1535 1742 1816 1812 particeps.

276 1840 335 1894 lit
360 1840 486 1893 enim
507 1840 717 1893 aluntur
738 1851 963 1907 corpora
983 1879 998 1900 ,
1030 1838 1107 1891 sic
1135 1837 1349 1891 aluntur
1374 1846 1429 1889 et
1456 1837 1645 1888 anima:
1678 1852 1691 1888 :
1724 1830 1818 1888 sed

277 1944 442 1999 corpus
489 1945 663 1999 pane,
714 1929 889 1983 anima
950 1943 1216 1982 sermone.
1271 1927 1499 1982 Proinde
1545 1926 1589 1981 si
1641 1927 1820 1981 videas

281 2020 512 2074 hominem
548 2029 852 2074 vescentem
903 2018 1096 2088 lapide,
1128 2034 1253 2072 num
1285 2017 1433 2072 illum
1467 2017 1666 2072 dixeris
1700 2031 1819 2071 esse

282 2111 557 2166 hominem?
593 2110 781 2165 Itidem
834 2111 879 2164 si
932 2126 1087 2180 quem
1114 2110 1309 2165 videris
1360 2110 1447 2180 qui
1501 2124 1605 2163 non
1649 2108 1819 2163 alatur

280 2218 489 2256 sermone
510 2244 524 2269 ,
553 2201 647 2256 sed
676 2202 940 2256 sermonis
970 2216 1031 2256 ac
1058 2202 1275 2257 rationis
1306 2201 1503 2270 inepia,
1532 2200 1696 2263 dices,
1724 2199 1819 2253 llic

279 2306 319 2351 et
341 2296 545 2351 hominis
572 2305 814 2351 naturam
844 2295 1058 2359 amisit,
1086 2294 1348 2365 siquidem
1376 2294 1619 2348 educatio
1640 2293 1819 2348 decla-

240 2400 343 2442 -r.1t
381 2389 593 2443 hominis
643 2387 996 2442 nobilitatem.
1044 2386 1300 2454 Quoniam
1350 2386 1507 2456 igitur
1552 2386 1815 2440 theatrum

280 2480 405 2535 nobis
430 2480 634 2549 plenum
662 2488 765 2544 est,
801 2480 1032 2549 itemque
1054 2494 1198 2532 mare
1225 2478 1429 2548 pridem
1461 2488 1689 2532 mstnans
1707 2479 1816 2545 jam

281 2574 609 2645 tranquillum,
648 2588 712 2628 ac
764 2588 974 2627 rursum
1017 2571 1231 2641 pelagus
1273 2571 1452 2625 sedata
1504 2579 1819 2637 tempestate

278 2667 476 2733 quietum
504 2681 567 2720 ac
610 2664 873 2735 placidum
900 2681 913 2717 :
942 2680 1037 2735 age
1072 2662 1182 2733 jam
1214 2677 1401 2716 navem
1451 2660 1815 2725 detrahamus,

276 2757 359 2809 veli
384 2756 489 2810 loco
513 2753 877 2824 expandentes
910 2754 1158 2825 linguam,
1190 2769 1287 2824 pro
1316 2752 1548 2823 zephyro
1588 2750 1817 2822 Spiritus

270 2848 465 2915 gratiam
494 2847 824 2910 invocantes,
849 2860 947 2915 pro
973 2855 1185 2900 temone
1227 2847 1483 2916 clavoque
1528 2860 1687 2899 cruce
1717 2860 1816 2914 gu-

269 2938 542 2992 bernatrice
568 2947 799 2992 utentes.
832 2935 964 2989 Nam
1004 2952 1149 2991 mare
1184 2935 1398 3006 quidem
1443 2935 1601 2989 habet
1627 2951 1816 3004 aquam

266 3029 473 3093 salsam,
496 3027 581 3082 bic
614 3039 796 3082 autem
828 3036 911 3081 est
937 3042 1071 3096 aqua
1099 3027 1233 3080 viva.
1264 3027 1377 3082 Illic
1404 3035 1529 3080 sunt
1568 3026 1815 3079 animalia

263 3123 466 3177 rationis
491 3122 733 3191 expertia
755 3161 772 3186 ,
801 3120 887 3176 hic
924 3134 1052 3175 vero
1096 3119 1287 3173 anima:
1335 3120 1618 3174 ratioiiales
1648 3136 1661 3172 :
1709 3120 1820 3175 illic

258 3214 345 3282 qui
372 3213 601 3284 navigant
629 3230 659 3268 e
689 3214 822 3267 mari
855 3214 906 3266 in
939 3220 1156 3274 terram,
1187 3210 1273 3264 hic
1299 3226 1425 3265 vero
1454 3212 1543 3281 qui
1572 3212 1818 3281 navigant

255 3323 285 3360 e
313 3316 442 3360 terra
471 3310 519 3360 in
546 3306 736 3361 caelum
764 3304 1038 3374 appellunt
1069 3321 1083 3358 :
1111 3304 1219 3358 illic
1246 3303 1471 3373 navigia,
1496 3303 1581 3357 hic
1608 3305 1817 3373 eloquia

252 3401 528 3470 spiritualia
561 3418 574 3453 :
606 3401 715 3455 illic
740 3400 793 3453 in
832 3400 949 3452 navi
982 3398 1171 3453 tabul:e
1198 3438 1213 3461 ,
1239 3398 1325 3451 hic
1349 3413 1654 3452 sermonum
1685 3413 1815 3451 cou-

254 3501 431 3546 ventus
457 3511 469 3544 :
500 3492 610 3546 illic
642 3492 843 3553 velum,
879 3490 963 3545 hic
1000 3492 1172 3559 lingua
1199 3506 1211 3543 :
1244 3489 1353 3544 illic
1385 3488 1601 3559 zephyri
1637 3487 1815 3554 flatus,

253 3584 336 3636 hic
386 3584 598 3653 spiritus
645 3584 926 3653 praesentia
960 3601 972 3635 :
1008 3582 1112 3637 illic
1158 3581 1319 3636 homo
1350 3582 1689 3652 gubernator,
1733 3580 1818 3635 hic

253 3690 376 3729 vero
390 3676 712 3747 gubernator
738 3675 999 3730 Christus.
1042 3674 1241 3729 Idcirco
1282 3689 1410 3729 sane
1437 3676 1667 3743 jactatnr
1696 3675 1816 3741 qui-

251 3766 368 3819 dem
395 3769 539 3822 navis
562 3810 577 3835 ,
610 3776 666 3821 at
693 3783 801 3821 non
843 3767 1119 3836 mergitur.
1168 3765 1386 3821 Poterat
1429 3766 1642 3835 quidem
1674 3775 1725 3819 et
1762 3766 1813 3819 in

248 3861 522 3929 tranquillo
552 3862 826 3931 navigare,
852 3875 1037 3914 verum
1068 3874 1169 3912 non
1202 3873 1387 3928 passus
1425 3868 1505 3913 est
1553 3858 1817 3925 guberna-

248 3958 348 4014 tor,
368 3967 467 4020 qno
493 3952 655 4005 simul
685 3960 741 4006 et
760 3949 1118 4019 navigantium
1146 3949 1436 4019 perspicias
1458 3948 1813 4014 tolerantiam,

246 4052 295 4097 et
331 4045 693 4113 gubernatoris
724 4043 1057 4114 prudentiam
1090 4042 1296 4112 plenius
1325 4058 1633 4112 cognoscas.

310 4137 361 4191 2.
389 4137 613 4191 Ecclesia
640 4138 831 4192 Christi
855 4137 1060 4190 invicta.
1088 4135 1314 4189 Facilius
1342 4145 1414 4189 est
1438 4136 1592 4189 solem
1621 4139 1815 4189 exstin-

243 4232 344 4301 συί,
374 4249 521 4297 quam
550 4231 834 4285 Ecclesium
859 4228 1106 4283 deleri.-
1124 4228 1351 4283 Audiam
1380 4239 1583 4295 gentes,
1601 4228 1816 4281 audiant

243 4322 399 4376 λυόκὶ
450 4323 729 4377 benefacta
787 4330 987 4384 nostra,
1019 4319 1234 4373 audiant
1273 4333 1515 4389 magnam
1564 4317 1815 4372 Ecclesiae

245 4416 710 4483 praaeminentiam.
739 4416 777 4469 Δ
809 4431 963 4484 quam
993 4415 1170 4468 multis
1199 4424 1496 4483 Oppugnata
1525 4421 1607 4466 est
1640 4413 1815 4467 Eccle-

242 4509 332 4571 sia,
348 4525 440 4563 nec
458 4525 711 4579 umquam
732 4519 906 4561 tamen
921 4508 1217 4577 victa?quot
1235 4508 1437 4578 tyranni
1452 4507 1609 4576 τίμιοι
1629 4508 1811 4573 tlllt'CS,

246 4612 359 4667 quot
376 4601 766 4670 Imperatores?
781 4599 1333 4668 Augustus,Tiberius,
1348 4597 1525 4661 Caius,
1540 4598 1811 4662 Claudius,

248 4693 402 4761 Nero,
448 4695 703 4747 homines
754 4692 921 4745 literis
971 4691 1172 4752 ornati,
1203 4700 1475 4759 potentes,
1523 4700 1600 4743 tot
1645 4690 1814 4741 modis

251 4795 607 4856 oppugnarunt
636 4794 906 4838 recentem
936 4797 998 4837 ac
1028 4792 1288 4846 teneram,
1314 4791 1367 4834 at
1415 4797 1518 4834 non
1565 4780 1815 4834 radicitus

254 4876 598 4936 sustulerunt;
630 4874 759 4943 quin
790 4873 959 4941 potius
999 4873 1032 4925 ii
1065 4873 1152 4941 qui
1183 4880 1551 4941 oppugnarunt
1593 4872 1816 4926 silentur

256 4962 485 5017 oblivioni
512 4963 717 5028 traditi,
743 4963 831 5016 illa
852 4978 980 5017 vero
1004 4971 1301 5031 Oppugnata
1330 4962 1517 5015 caelum
1547 4972 1813 5016 transeun-

261 5055 338 5105 dit.
366 5056 541 5125 Seque
566 5057 716 5109 enim
759 5054 891 5108 illud
918 5056 1048 5109 mihi
1096 5066 1355 5122 spectato,
1387 5056 1526 5123 quod
1567 5054 1617 5107 in
1658 5054 1814 5107 terris

262 5146 343 5197 sit:
380 5150 445 5202 sit
494 5149 755 5214 Ecclesia,
804 5149 896 5202 sed
924 5148 1064 5218 quod
1104 5148 1159 5202 in
1199 5150 1330 5203 uelo
1359 5158 1619 5204 versetur.
1660 5147 1813 5203 Unde

268 5234 351 5290 hoc
375 5240 653 5295 dilucidum
684 5242 809 5297 est?
837 5241 1096 5296 Nimirum
1127 5242 1254 5311 ipsa:
1298 5258 1384 5296 res
1423 5242 1809 5295 demonstrant.

270 5326 530 5400 Oppugnati
560 5344 685 5389 sunt
717 5334 961 5389 undecim
990 5334 1269 5403 discipuli,
1304 5343 1443 5387 totus
1470 5335 1614 5388 orbis
1641 5348 1816 5402 Oppii-

272 5421 435 5483 [nabat
478 5440 491 5475 :
533 5441 716 5479 verum
770 5426 857 5495 qui
917 5425 1356 5493 oppugnabantur
1403 5424 1675 5486 vicerunt,
1724 5421 1811 5491 qtti

273 5517 603 5582 Owlgnabant
629 5518 814 5573 sublati
834 5528 960 5573 sunt
988 5535 1001 5571 :
1032 5533 1157 5572 oves
1173 5518 1415 5571 devicere
1437 5517 1805 5586 lnpos.V'idisti

277 5614 504 5665 pastorem
522 5623 646 5662 oves
664 5612 712 5664 in
734 5611 971 5666 medium
989 5608 1232 5679 luporum
1250 5610 1577 5663 emittentem
1596 5610 1612 5677 l
1628 5608 1807 5661 llattli.

280 5691 350 5745 ὶυ.
379 5696 473 5765 l6),
502 5708 553 5754 ut
578 5717 642 5756 ne
668 5702 782 5773 fuga
809 5700 1040 5773 quidem
1069 5701 1287 5756 salutem
1316 5703 1809 5770 consequerentur?

277 5786 385 5849 Quis
405 5802 564 5858 pastor
606 5795 699 5853 hoc
727 5795 896 5854 fecit?
937 5794 1183 5851 Christus
1234 5795 1333 5850 hoc
1380 5793 1525 5861 fecit,
1567 5811 1672 5860 quo
1715 5796 1801 5847 tibi

3412 344 3510 399 1‘29.

1930 452 2320 511 demonstraret
2340 475 2457 524 qua.-
2485 468 2627 512 recte
2644 470 2899 527 geruntur
2922 474 3024 513 non
3054 458 3292 515 accidere
3319 475 3510 516 secun-

1928 545 2052 598 dum
2101 562 2277 600 rerum
2313 549 2509 601 seriem
2532 590 2547 611 ,
2586 550 2680 603 sed
2715 562 2909 619 pra-ter
2941 563 3183 605 naturam
3216 564 3512 620 pra'terque

1930 654 2106 692 rerum
2150 640 2365 719 seriem.
2404 640 2534 694 Nam
2580 641 2819 697 Ecclesia
2866 642 3188 699 firmioribus
3220 662 3377 716 quam
3408 662 3514 700 cae-

1929 731 2037 785 lum
2062 732 2231 801 ipsum
2261 735 2527 788 radicibus
2556 733 2741 790 hacret.
2772 735 2966 791 Verum
2998 737 3239 793 fortassis
3265 738 3515 794 ethnicus

1928 827 2245 896 arrogantiae
2268 844 2352 883 me
2372 828 2699 883 condemnat
2732 848 2746 885 :
2778 828 2872 883 sed
2897 840 3109 884 maneat
3128 836 3297 886 donec
3324 832 3509 886 harum

1927 932 2107 972 rerum
2136 920 2497 988 probationem
2520 921 2777 981 attulere,
2809 920 3083 989 discatque
3112 923 3220 976 vim
3249 924 3508 990 veritatis,

1926 1010 2193 1078 quomodo
2222 1010 2429 1065 facilius
2469 1022 2551 1066 est
2598 1011 2766 1066 solem
2810 1013 3094 1077 exstingui,
3128 1030 3283 1078 quam
3328 1014 3512 1069 Eccle-

1926 1103 2058 1157 siam
2088 1103 2277 1159 deleri.
2305 1104 2463 1172 Quis,
2499 1104 2666 1174 inquit
2690 1146 2704 1165 ,
2738 1105 2833 1158 ista
2861 1105 3111 1173 pra-dicat
3132 1106 3156 1155 ?
3184 1106 3232 1159 ls
3259 1107 3346 1174 qui
3391 1122 3508 1160 eam

1925 1194 2163 1250 fundavit
2194 1213 2207 1249 :
2236 1194 2427 1251 Cwlum
2472 1205 2518 1249 et
2560 1206 2693 1250 terra
2738 1197 3163 1259 transibunt,sed
3204 1198 3350 1249 verba
3399 1215 3510 1251 mea

1925 1308 2025 1343 non
2053 1289 2337 1343 transibunt
2368 1289 2578 1362 (Matth.
2600 1290 2689 1345 24.
2717 1290 2829 1359 55).
2862 1291 2986 1345 llarc
3011 1305 3116 1345 non
3151 1290 3311 1345 modo
3338 1292 3464 1345 dixit
3491 1333 3505 1354 ,

1924 1380 2017 1433 sed
2055 1391 2109 1434 ct
2146 1380 2433 1449 complevit
2463 1396 2477 1433 :
2506 1394 2605 1434 cur
2652 1381 2796 1435 enim
2852 1379 2995 1434 illam
3055 1383 3224 1450 magis
3269 1380 3509 1435 fundavit

1922 1488 2079 1539 quam
2107 1471 2338 1526 caulam?
2367 1470 2639 1540 Siquidem
2670 1479 2752 1524 est
2780 1471 2911 1523 ezelo
2936 1472 3219 1539 pretiosior
3239 1470 3495 1526 Ecclesia.

1922 1564 2098 1631 Quare
2135 1565 2406 1619 conditum
2432 1573 2513 1618 est
2531 1564 2718 1617 etelum
2742 1565 2765 1616 ?
2793 1563 3013 1632 Propter
3040 1563 3331 1617 Ecclesiam
3354 1605 3368 1627 ,
3400 1579 3504 1617 non

1926 1654 2159 1709 Ecclesia
2201 1663 2429 1725 propter
2458 1655 2666 1709 caelum.
2696 1656 2897 1709 Caelum
2929 1655 3202 1709 eunditum
3249 1665 3330 1708 est
3379 1672 3501 1723 pro-

1923 1757 2040 1817 pter
2070 1748 2337 1802 hominem
2356 1790 2372 1813 ,
2402 1762 2506 1801 non
2540 1747 2700 1801 homo
2727 1756 2947 1817 propter
2965 1747 3175 1800 cadum.
3213 1745 3266 1801 ld
3299 1749 3504 1815 perspi-

1921 1854 2078 1893 cuum
2100 1848 2182 1893 est
2211 1855 2274 1892 ex
2303 1838 2366 1892 iis
2392 1854 2509 1908 qua:
2536 1838 2659 1893 fecit
2681 1838 2946 1893 Christus.
2976 1836 3092 1891 Non
3124 1839 3265 1891 enim
3292 1838 3504 1891 ca-leste

1922 1944 2119 2001 corpus
2140 1932 2446 2000 asSumpsit.
2478 1930 2671 1985 Verum
2708 1929 2842 1984 nein
2863 1931 3078 2003 longum
3097 1933 3360 2003 producto
3384 1945 3500 1983 ser-

1922 2038 2117 2086 mone,
2176 2038 2363 2077 rursus
2422 2020 2579 2077 hodie
2628 2022 2781 2077 vobis
2832 2022 3103 2078 debitores
3165 2023 3503 2077 discedamus

1926 2114 2093 2183 (scitis
2115 2116 2255 2171 enim
2286 2130 2443 2185 quam
2470 2114 2635 2169 multa
2660 2116 2831 2169 simus
2855 2114 2969 2169 heri
2999 2114 3263 2187 polliciti),
3296 2117 3500 2183 persol-

1922 2224 2045 2262 vere
2077 2210 2243 2277 parati
2273 2224 2474 2263 sumus.
2505 2207 2636 2263 Nam
2668 2216 2883 2278 propter
2902 2223 2996 2264 eos
3022 2209 3112 2278 qui
3145 2225 3249 2263 non
3282 2210 3504 2263 aderant

1921 2298 2255 2353 distuleram.
2289 2298 2549 2365 Quoniam
2594 2298 2753 2369 igitur
2775 2299 2867 2369 qui
2910 2299 3216 2365 abfuerant,
3256 2316 3351 2355 suo
3381 2311 3503 2353 sunt

1920 2388 2097 2444 officio
2135 2388 2435 2459 perfuncti,
2476 2404 2678 2459 suaque
2727 2389 3010 2458 praesentia
3060 2389 3214 2443 nobis
3262 2404 3500 2443 mensam

1919 2481 2271 2537 exhibuerunt
2292 2490 2677 2550 sumptuosam,
2704 2496 2804 2553 age
2826 2523 2841 2545 ,
2871 2495 3200 2551 apponamus
3234 2480 3452 2537 obsonia
3482 2524 3499 2545 ,

1919 2572 2137 2627 obsonia
2158 2572 2370 2641 quidem
2393 2571 2531 2626 haud
2552 2572 2725 2641 putria
2750 2592 2765 2629 :
2793 2572 2893 2627 etsi
2926 2570 3069 2625 enim
3101 2574 3346 2627 hesterna
3373 2573 3497 2635 sint,

1923 2665 2034 2719 haec
2066 2664 2285 2719 obsonia
2329 2679 2436 2718 non
2485 2671 2811 2733 putrescunt.
2844 2664 3202 2732 Quamobrem
3244 2666 3501 2720 tandem?

1920 2756 2031 2811 Non
2059 2766 2182 2811 sunt
2205 2772 2395 2813 carnes
2424 2765 2481 2811 ut
2510 2757 2780 2826 corrumpi
2820 2766 3017 2827 queant
3039 2799 3053 2820 ,
3087 2760 3178 2812 sed
3219 2760 3497 2813 sententia:

1920 2854 2131 2919 semper
2154 2849 2424 2904 ﬂorentes.
2453 2849 2658 2905 Carnes
2678 2849 2843 2915 enim,
2867 2850 3115 2919 quoniam
3137 2864 3331 2920 corpus
3350 2864 3495 2913 sum,

1919 2949 2334 3011 corrumpuntur
2362 2959 2375 2994 :
2420 2952 2603 2996 contra
2629 2942 2910 2995 sententia:
2934 2983 2948 3003 ,
2979 2942 3022 2996 si
3071 2950 3349 3005 maneant,
3383 2943 3498 2995 red-

1919 3035 2118 3089 duntur
2169 3034 2569 3103 fragrantiores.
2623 3034 2758 3101 Quid
2806 3033 2965 3104 igitur
3014 3045 3129 3090 erat
3190 3034 3329 3099 quod
3388 3035 3499 3089 lteri

1920 3125 2199 3179 diximus?
2227 3123 2499 3195 Siquidem
2527 3137 2581 3179 et
2616 3127 2684 3179 ita
2714 3142 2811 3180 nos
2844 3126 2956 3180 heri
2987 3127 3270 3195 participes
3299 3142 3498 3180 menSa:

1920 3219 2223 3281 fuimus,ut
2270 3219 2358 3287 qui
2403 3233 2509 3271 non
2564 3217 2865 3281 adfuerunt,
2901 3218 3027 3271 nihil
3054 3218 3357 3273 detrimenti
3394 3220 3500 3272 sint

1921 3310 2083 3378 passi.
2115 3308 2179 3362 Et
2208 3312 2395 3379 factum
2415 3319 2484 3363 est
2506 3309 2557 3361 iu
2584 3326 2717 3363 anno
2743 3326 2841 3379 quo
2860 3322 3092 3363 inartqu
3112 3319 3183 3363 est
3208 3310 3359 3364 Ozias
3385 3328 3494 3372 res,

1919 3403 2021 3455 vidi
2046 3400 2319 3454 Domitium
2356 3402 2607 3455 sedentem
2641 3402 2695 3454 in
2731 3402 2858 3453 solio
2897 3401 3088 3454 excelso
3114 3411 3161 3455 et
3191 3403 3322 3453 eluta
3343 3400 3495 3470 (lsai.

1918 3494 1970 3547 6.
2003 3494 2074 3563 l).
2107 3494 2236 3562 Quis
2272 3493 2384 3545 lure
2419 3493 2685 3562 loquitur?
2716 3492 2875 3546 Isaias
2912 3493 3001 3546 ille
3027 3501 3296 3561 spectator
3337 3493 3491 3546 ca'le-

1919 3589 2082 3641 stium
2136 3587 2461 3655 Seraphint,
2499 3587 2586 3654 qtti
2638 3585 2905 3639 connubio
2950 3584 3161 3653 junctus
3217 3582 3351 3646 fuit,
3401 3600 3498 3639 nec

1920 3689 2095 3733 tamen
2139 3680 2396 3734 exstinxit
2441 3679 2685 3753 gratiam.
2729 3676 3045 3730 Attendistis
3086 3676 3397 3744 prepbetzc,
3444 3690 3497 3731 et

1918 3770 2142 3825 audistis
2179 3772 2492 3838 prophetam
2522 3768 2680 3823 hodie
2701 3811 2716 3833 ,
2746 3769 2867 3833 Exi,
2893 3779 2945 3821 tu
2974 3779 3018 3820 et
3043 3768 3205 3821 Jasub
3227 3770 3363 3838 ﬁlius
3384 3779 3497 3823 tim:

1919 3861 2142 3928 (lsai.7.
2174 3863 2251 3927 '5).
2287 3861 2392 3914 Nec
2423 3862 2516 3913 ista
2547 3868 2758 3931 oportet
2778 3868 3199 3928 przntercurrere.
3224 3859 3338 3925 Exi,
3365 3870 3419 3914 tu
3442 3872 3495 3913 et

1920 3957 2057 4009 filius
2088 3964 2227 4007 tuus.
2262 3954 2405 4007 Itane
2436 3951 2599 4006 lilium
2637 3952 2864 4006 habebat
2895 3951 3189 4019 propheta?
3216 3950 3271 4007 Si
3330 3955 3494 4007 lilium

1920 4046 2176 4111 habebat,
2207 4044 2435 4099 habebat
2472 4054 2525 4097 et
2552 4058 2810 4106 uxorem,
2845 4054 2899 4096 ut
2945 4044 3206 4113 intelligas
3236 4058 3339 4097 non
3377 4060 3496 4098 esse

1920 4138 2087 4192 malas
2133 4138 2363 4206 nuptias,
2392 4137 2483 4192 sed
2528 4138 2717 4189 malam
2768 4152 2885 4192 es~e
2935 4138 3332 4189 scortationem.
3388 4139 3493 4190 Sed

1918 4234 2166 4300 quoniam
2212 4246 2331 4284 cum
2380 4229 2694 4299 quibusdam
2744 4230 3056 4282 disserimus
3095 4227 3354 4292 dicentes,
3388 4228 3496 4283 Cor

1920 4336 2022 4374 non
2082 4330 2226 4375 recte
2280 4320 2451 4374 vivis?
2500 4321 2840 4389 quamobrem
2891 4336 2993 4373 non
3061 4329 3279 4388 [)l'IltslﬂS
3329 4322 3485 4373 vitam

1921 4412 2181 4481 probam?
2210 4414 2307 4481 Qui
2362 4428 2573 4482 possunt
2600 4454 2615 4477 ,
2660 4413 2939 4480 inquiunt,
2982 4412 3081 4465 nisi
3126 4412 3383 4466 divi-riam
3427 4413 3495 4465 ab

1919 4522 2117 4572 uxore,
2164 4508 2261 4561 nisi
2292 4508 2407 4560 vale
2450 4506 2633 4561 dixero
2677 4506 2886 4569 liberis,
2920 4506 3016 4558 nisi
3064 4505 3243 4560 valere
3284 4507 3494 4573 jussero

1920 4600 2169 4669 negotia?
2206 4598 2604 4663 Quamobrem?
2650 4613 2773 4650 nmn
2825 4596 3002 4650 obstat
3055 4597 3497 4650 matrimonium?

1922 4690 2163 4759 Adjntrix
2191 4692 2281 4743 tibi
2312 4692 2431 4743 data
2474 4698 2558 4743 est
2593 4704 2757 4742 uxor.
2789 4704 2891 4743 non
2935 4689 3253 4742 insidiatrix.
3301 4691 3491 4741 Annon

1920 4784 2147 4837 habebat
2198 4797 2420 4835 uxorem
2470 4781 2767 4851 propheta?
2803 4781 2985 4849 Neque
3040 4792 3213 4834 tamen
3264 4780 3494 4847 Spiritus

1918 4878 2098 4940 gratia'
2121 4874 2362 4928 obstabat
2385 4873 2686 4943 coniugium
2706 4874 2825 4927 :sed
2852 4889 2970 4926 cum
2998 4888 3164 4926 uxore
3190 4873 3489 4925 ('Otn'it‘lttm

1922 4966 2178 5029 habt-hat,
2251 4975 2303 5017 et
2359 4972 2473 5017 erat
2543 4962 2886 5016 nihilominus
2945 4962 3221 5032 prepheta.
3285 4962 3492 5031 Moyses

1920 5074 2095 5111 nonne
2125 5071 2343 5109 uxorem
2373 5055 2635 5109 habebat?
2666 5054 2733 5107 Et
2760 5062 2935 5108 tamen
2969 5056 3014 5108 is
3038 5064 3239 5123 petram
3267 5053 3488 5121 dirupit,

1916 5164 2095 5203 aerem
2147 5147 2603 5207 immutavit,cum
2656 5146 2765 5200 Deo
2808 5145 3229 5212 colloquebatur,
3257 5144 3489 5196 divinam

1920 5241 2047 5293 iram
2076 5239 2334 5295 cohibuit.
2373 5238 2639 5292 Abraham
2672 5253 2847 5292 nonne
2878 5236 3105 5291 habebat
3135 5251 3351 5289 uxorem
3374 5238 3395 5288 ?
3422 5235 3490 5289 Et

1919 5344 2091 5385 tamen
2122 5343 2273 5400 pater
2305 5330 2473 5384 lactus
2503 5339 2585 5385 est
2609 5332 2841 5400 gentium
2869 5340 2923 5384 et
2958 5329 3237 5382 lieclesize:
3274 5329 3489 5381 sustulit

1918 5424 2080 5476 lilium
2132 5422 2293 5482 Isaac.
2322 5433 2377 5475 et
2423 5423 2507 5476 hic
2553 5421 2626 5475 illi
2671 5421 2768 5474 fuit
2810 5422 3139 5489 egregiorum
3193 5416 3484 5470 facinorum

1919 5515 2160 5567 materia.
2205 5514 2389 5568 Nonne
2440 5514 2631 5567 obtulit
2696 5514 2892 5574 lilium,
2945 5510 3173 5578 eonjugii
3221 5509 3488 5563 fructum?

1918 5622 2093 5660 nonne
2138 5606 2305 5662 laetus
2339 5618 2421 5661 est
2458 5615 2625 5676 pater.
2656 5617 2708 5658 et
2752 5606 2841 5658 Dei
2873 5603 3095 5656 amans?
3121 5618 3295 5656 annon
3342 5604 3490 5658 licuit

1919 5701 2094 5754 videre
2148 5701 2474 5755 sacerdotem
2520 5716 2551 5754 e
2592 5699 2703 5752 suis
2741 5697 3034 5749 visceribus
3091 5696 3243 5749 lii-ri?
3282 5701 3485 5749 saeriti-

1924 5812 2071 5859 ’-utn,
2127 5796 2372 5865 inquam,
2411 5793 2565 5848 simul
2622 5802 2671 5844 et
2738 5790 2978 5858 patrem?
3013 5792 3144 5843 vinci
3200 5802 3481 5851 naturain,
