3992 6300
465 376 569 430 19.5

458 491 678 546 vincere
720 486 1244 560 pietatem?viscera
1292 483 1622 546 conculcari,
1654 483 1846 553 piaque
1896 480 2031 535 facta

452 584 757 656 superare?
785 589 987 651 patrem
1025 579 1183 648 dejici
1212 619 1227 643 ,
1273 577 1365 632 Dei
1417 585 1684 631 amantem
1744 571 2036 629 coronari?

451 694 632 733 annon
653 675 827 730 vidisti
850 682 1040 734 totum,
1060 682 1115 726 et
1142 671 1234 725 ﬁlii
1260 678 1527 725 amantem
1550 677 1604 724 et
1629 668 1759 722 Dei?
1781 664 2049 735 numquid

453 771 541 826 hic
566 768 736 823 obfuit
760 764 1163 821 matrimonimn
1186 761 1367 829 ?Quid
1403 769 1585 815 autem
1614 758 2033 814 Maccabzeorum

454 858 671 914 mater?
695 873 874 913 nonne
901 872 1036 911 uxor
1066 855 1207 909 fuit?
1232 868 1410 908 nonne
1432 860 1641 922 septem
1670 851 1805 905 ﬁlios
1831 846 2038 902 addidit

449 962 759 1007 sanctorum
784 949 1002 1005 choro?
1033 961 1211 1003 nonne
1249 945 1380 1001 vidit
1421 945 1543 1001 illos
1584 942 1841 1014 martyrio
1881 955 2038 995 coro-

449 1043 644 1098 natos?
684 1058 865 1098 nonne
914 1041 1207 1113 spectatrix
1254 1038 1533 1105 adstabat,
1560 1045 1832 1108 tamquam
1879 1049 2037 1091 mons

451 1137 671 1208 quidam
719 1136 1007 1192 immobilis
1044 1134 1277 1190 ?nonne
1321 1130 1569 1187 adstabat
1606 1130 1659 1186 in
1706 1141 2036 1199 unoquoque

449 1229 667 1285 illorum
721 1228 1036 1301 martyrium
1090 1225 1332 1297 patiens,
1383 1232 1438 1280 et
1486 1230 1659 1279 mater
1704 1232 2029 1294 martyrum,

450 1322 649 1389 septies
680 1320 792 1390 ipsa
838 1318 1150 1389 martyrium
1188 1317 1349 1372 tulit?
1381 1317 1512 1371 Dum
1541 1315 1685 1371 enim
1718 1314 1790 1369 illi
1819 1324 2035 1384 torque-

450 1412 687 1478 bantur,
733 1413 821 1467 illa
879 1414 1083 1482 pingant
1132 1410 1445 1480 accipiebat.
1500 1407 1684 1481 Neque
1729 1408 1872 1463 enim
1919 1407 2034 1462 sine

450 1507 638 1563 dolore
671 1506 786 1561 haec
808 1506 1107 1575 excipiebat
1140 1522 1154 1559 :
1185 1513 1357 1558 mater
1382 1512 1517 1567 erat,
1547 1512 1602 1557 et
1650 1512 1856 1557 naturte
1886 1500 2033 1555 illata

448 1602 533 1657 vis
562 1601 830 1671 propriam
855 1601 1104 1654 virtutem
1132 1598 1471 1661 declarabat;
1503 1606 1559 1653 at
1595 1597 1685 1652 illa
1715 1612 1822 1651 non
1849 1596 2034 1650 vince-

450 1694 626 1748 batur.
658 1692 802 1747 Mare
828 1691 1041 1763 quidem
1068 1699 1185 1746 erat
1229 1701 1283 1743 et
1329 1689 1562 1744 ﬂuctus:
1595 1697 1848 1744 caeterum
1896 1688 2033 1765 sicut

451 1802 621 1852 mare,
646 1800 768 1838 cum
802 1784 1019 1849 insanit,
1049 1783 1265 1837 sedatur
1292 1799 1307 1836 :
1342 1782 1412 1836 ita
1441 1792 1497 1835 et
1525 1790 1718 1836 natura
1738 1789 2029 1845 commota,

452 1888 597 1933 metu
644 1878 737 1932 Dei
778 1876 1169 1931 refrenabatur.
1210 1873 1492 1941 Quomodo
1521 1888 1617 1929 eos
1658 1872 1854 1928 unxit?
1895 1888 2031 1943 quo-

452 1971 615 2025 tundo
642 1984 736 2025 eos
765 1969 937 2024 aluit?
975 1967 1245 2039 quomodo
1271 1976 1475 2037 septem
1508 1966 1706 2037 templa
1737 1965 1849 2021 Deo
1878 1964 2033 2020 exhi-

453 2063 588 2128 buit,
618 2071 825 2117 statuas
855 2076 1048 2115 aureas
1069 2103 1084 2125 ,
1118 2059 1227 2114 imo
1269 2060 1448 2130 potius
1475 2073 1607 2113 auro
1636 2057 1987 2129 pretiosiores
2012 2057 2034 2110 ?

520 2158 573 2210 5.
608 2156 677 2211 Ut
719 2156 861 2210 enim
905 2154 1041 2209 scias
1079 2170 1182 2207 non
1212 2153 1318 2206 tale
1345 2167 1465 2207 esse
1499 2165 1709 2218 aurum,
1734 2150 1913 2222 qualis
1945 2162 2030 2206 est

451 2250 626 2302 anima
656 2255 950 2317 martyrum
975 2286 990 2310 ,
1019 2244 1253 2299 attende.
1284 2242 1471 2298 Stabat
1490 2252 1766 2315 tyrannus,
1786 2250 1946 2313 atque
1968 2241 2037 2297 ab

453 2356 555 2392 una
600 2338 820 2394 muliere
848 2346 1131 2407 superatus
1166 2335 1491 2391 discedebat.
1528 2335 1621 2390 ille
1660 2336 1824 2391 armis
1861 2351 2034 2407 oppu-

453 2431 670 2499 gnabat,
700 2430 811 2484 haec
834 2429 995 2483 animi
1024 2428 1072 2482 vi
1090 2426 1411 2497 supembat;
1441 2426 1529 2481 ille
1554 2426 1823 2482 fornacem
1848 2426 2035 2482 incen-

450 2520 635 2586 debat,
659 2520 774 2574 hzec
795 2522 1045 2574 virtutem
1062 2519 1280 2589 spiritus
1303 2536 1319 2584 ;
1346 2518 1431 2572 ille
1448 2518 1738 2573 exercitum
1756 2518 2029 2586 movebat,

453 2614 569 2668 haec
599 2612 665 2666 ad
693 2612 912 2683 angelos
940 2610 1244 2683 applicabat
1276 2611 1511 2665 animum
1546 2628 1560 2664 :
1594 2609 1805 2665 videbat
1830 2609 2035 2665 inferne

452 2716 757 2778 tyrannum,
785 2713 839 2758 et
886 2704 938 2759 in
984 2703 1163 2758 animo
1196 2702 1441 2758 versabat
1486 2702 1633 2758 illum
1686 2703 1739 2758 in
1791 2703 2035 2774 supernis

452 2806 763 2867 regnantem
788 2814 802 2862 ;
838 2796 1048 2852 videbat
1076 2794 1210 2851 infra
1241 2812 1301 2851 se
1332 2803 1616 2859 tormenta,
1638 2804 1691 2849 at
1721 2795 2036 2850 numerabat

451 2904 683 2960 superna
731 2888 950 2955 bravia;
999 2888 1215 2943 videbat
1263 2897 1580 2958 praesentem
1624 2888 1939 2952 cruciatum,
1981 2898 2036 2943 ct

451 2982 716 3051 cogitabat
766 2978 995 3034 futuram
1057 2979 1530 3033 immortalitatem.
1588 2980 1923 3050 Quapropter
1982 2990 2035 3035 et

453 3076 651 3132 Paulus
672 3076 905 3139 dicebat,
942 3072 1061 3128 Non
1089 3073 1539 3144 contemplantibus
1565 3073 1706 3127 nobis
1724 3090 1838 3144 qua:
1861 3074 2035 3128 viden-

455 3179 537 3221 tur
561 3210 574 3230 .
606 3167 694 3222 sed
718 3182 777 3221 ea
800 3181 915 3237 qua:
953 3182 1053 3219 non
1080 3165 1312 3219 videntur
1337 3163 1429 3237 (2.
1475 3162 1594 3220 Cor.
1645 3166 1697 3220 4.
1730 3166 1850 3237 l8).
1897 3165 2033 3220 Nunt

453 3263 581 3332 quid
615 3261 874 3316 obstaculi
904 3259 1180 3315 adferebat
1214 3259 1654 3315 matrimonium?
1691 3260 1828 3328 Quid
1855 3273 2032 3315 autem

456 3354 665 3419 Petrus,
696 3353 841 3409 basis
864 3352 1137 3418 Ecclesiae,
1170 3350 1260 3405 ille
1286 3350 1573 3407 vehemens
1596 3363 1803 3407 amator
1816 3352 2033 3416 Christi,

458 3448 544 3501 ille
568 3460 818 3501 sermone
845 3444 1107 3511 indoctus,
1136 3452 1191 3500 et
1212 3444 1487 3499 rhetorum
1522 3445 1723 3513 victor,
1754 3446 1840 3502 ille
1865 3448 2036 3517 impc-

459 3540 614 3605 ritus,
662 3539 752 3609 qui
799 3548 975 3593 tamen
1017 3537 1349 3609 philosophis
1377 3538 1661 3599 .obturavit
1697 3556 1794 3607 os,
1825 3539 1913 3596 ille
1950 3543 2037 3611 qui

458 3630 820 3686 Grzecanicam
842 3630 1158 3700 sapientiam
1188 3631 1205 3661 ¹
1236 3631 1385 3700 quasi
1404 3645 1722 3687 aranearum
1750 3635 1909 3688 telam
1932 3633 2039 3688 dis-

460 3722 658 3790 solvit,
682 3721 773 3792 qni
796 3731 1058 3777 terrarum
1108 3721 1290 3776 orbem
1323 3726 1642 3793 peragravit,
1670 3725 1759 3795 qui
1789 3739 2038 3795 sagenam

461 3815 606 3869 misit
636 3817 687 3868 in
706 3828 852 3871 mare
877 3821 932 3869 et
958 3814 1191 3883 piscatus
1215 3823 1299 3869 est
1316 3815 1524 3883 orbem,
1548 3830 1725 3871 annon
1749 3817 1931 3873 habuit
1959 3817 2045 3873 hic

462 3920 673 3976 quoque
700 3905 957 3965 uxorem?
982 3906 1142 3973 Sane,
1164 3905 1365 3961 habuit.
1388 3906 1539 3975 Quod
1566 3919 1746 3965 autem
1778 3908 2043 3977 habuerit,

465 3998 586 4050 audi
617 3996 994 4065 evangelistam
1015 4006 1322 4051 testantem.
1346 3997 1483 4065 Quid
1509 4009 1685 4056 autem
1707 4002 1816 4056 ait?
1834 4001 2044 4074 Ingres-

467 4103 555 4140 sns
575 4096 647 4140 est
671 4085 819 4139 Iesus
845 4085 914 4138 ad
938 4102 1137 4139 socrum
1168 4083 1311 4140 Petri
1337 4088 1697 4159 febricitantem
1724 4090 1744 4163 (
1770 4090 1937 4147 Marc.
1992 4094 2043 4149 l.

467 4176 592 4247 50).
636 4176 733 4232 Ubi
763 4191 967 4241 socrus,
1001 4176 1071 4230 ibi
1099 4184 1153 4231 et
1182 4192 1346 4243 uxor;
1379 4176 1467 4233 ubi
1496 4195 1650 4247 uxor,
1680 4182 1751 4237 ibi
1782 4192 1837 4237 et
1860 4184 2047 4253 conju-

467 4270 631 4339 gium.
663 4267 797 4336 Quid
823 4277 999 4322 autem
1027 4267 1343 4337 Philippus?
1372 4283 1552 4327 nonne
1575 4281 1801 4342 quatuor
1820 4274 2052 4330 habebat

470 4360 606 4415 ﬁlias
636 4361 788 4430 (Act.
818 4359 909 4413 21.
942 4358 1063 4430 9)?
1108 4359 1209 4417 Ubi
1250 4375 1380 4415 vero
1406 4372 1635 4431 quatuor
1666 4363 1826 4430 tilias,
1856 4366 1966 4421 illic
1998 4376 2055 4422 et

470 4470 623 4516 uxor,
652 4462 705 4507 et
733 4452 1149 4509 matrimonium.
1174 4452 1311 4521 Quid
1338 4454 1499 4524 igitur
1520 4454 1812 4511 Christus?
1844 4456 1916 4511 Ex
1944 4459 2053 4512 vir-

470 4544 593 4613 gine
632 4543 845 4613 quidem
886 4553 1039 4599 natus
1065 4552 1148 4601 est
1178 4562 1193 4600 :
1224 4560 1408 4601 verum
1437 4545 1503 4600 ad
1536 4546 1749 4616 nuptias
1790 4549 2051 4616 accessit,

470 4651 536 4691 ac
564 4634 762 4690 donum
789 4637 965 4691 attulit
992 4654 1006 4691 :
1040 4636 1163 4692 Non
1190 4638 1372 4694 habent
1395 4680 1411 4707 ,
1449 4640 1637 4710 inquit,
1663 4640 1831 4695 vinum
1853 4641 1873 4713 (
1893 4641 2052 4699 Joan.

473 4727 525 4780 2.
560 4728 630 4797 5)
666 4744 679 4781 :
705 4735 758 4781 et
785 4742 975 4797 aquam
1002 4728 1161 4784 vertit
1186 4729 1242 4784 in
1268 4729 1447 4785 vinum
1474 4773 1488 4795 ,
1521 4732 1822 4802 virginitate
1844 4735 2057 4804 nuptias

474 4819 745 4875 honorans
768 4861 784 4886 ,
813 4820 955 4873 dono
994 4835 1109 4874 rem
1132 4821 1512 4877 commendans
1544 4840 1558 4877 :
1592 4832 1649 4878 ut
1678 4839 1745 4878 ne
1784 4824 2058 4880 abomine-

475 4912 549 4967 ris
591 4911 840 4982 nuptias,
869 4910 964 4967 sed
1006 4911 1187 4968 oderis
1233 4915 1633 4969 scortationcm.
1682 4914 1803 4971 Meo
1840 4915 2058 4987 quidem

432 5084 447 5097 ἡ
476 5005 716 5074 periculo
756 5020 855 5077 ego
892 5004 1132 5076 spondeo
1163 5004 1258 5060 tibi
1300 5006 1528 5062 salutem
1557 5049 1573 5077 ,
1600 5008 1808 5064 etiamsi
1838 5024 2058 5066 uxorem

440 5105 452 5148 l
481 5097 757 5153 habueris.
1588 5166 1591 5171 g

552 5186 697 5245 Uxor
729 5189 865 5243 mala
885 5188 1182 5261 corrigenda
1212 5199 1301 5245 aut
1330 5194 1559 5262 ferenda.
1587 5222 1659 5233 —
1685 5194 1937 5266 Prospice
1966 5197 2060 5253 tibi

477 5282 599 5351 ipsi.
643 5280 836 5337 Mulier
879 5281 923 5336 si
954 5283 1118 5352 proba
1158 5281 1338 5349 fuerit,
1381 5284 1610 5354 adjutrix
1636 5286 1730 5342 tibi
1782 5297 1883 5343 est.
1926 5288 2063 5357 Quid

484 5372 648 5443 igitur
673 5370 718 5427 si
748 5386 853 5427 nou
880 5370 1041 5427 fuerit
1059 5373 1379 5429 commoda?
1405 5374 1511 5430 Fac
1530 5375 1673 5431 illam
1700 5378 2058 5434 commodam.

480 5466 672 5518 Annon
686 5464 899 5521 fuerunt
914 5481 1105 5521 uxores
1121 5466 1272 5522 bona:
1288 5482 1350 5523 ac
1366 5468 1518 5524 malae
1529 5508 1546 5535 ,
1562 5481 1633 5521 ne
1657 5471 1883 5527 haberes
1896 5484 2064 5525 excu-

483 5558 790 5613 sationem?
808 5557 1126 5624 Qualiserat
1142 5557 1230 5613 illa
1248 5554 1385 5611 Job?
1419 5555 1527 5613 Sed
1568 5561 1726 5617 Sarra
1756 5573 1870 5617 erat
1900 5564 2059 5619 bona.

541 5656 559 5687 ¹
569 5655 686 5723 Alii,
699 5657 1024 5723 armenith
1033 5655 1417 5723 superstitionem
1434 5660 1450 5722 (
1464 5658 1740 5723 Ἑλληνικὴν
1759 5660 2048 5723 θρησκείαν).

488 5717 609 5787 Quae
633 5717 1113 5787 lectio_prteferenda
1148 5728 1286 5787 certe
1313 5717 1565 5787 videretur
1585 5722 1677 5770 hoc
1708 5717 1834 5787 loco.
1864 5717 2051 5787 Verum

492 5780 745 5846 lorellus.
771 5780 1002 5846 Saviiius,
1033 5788 1087 5831 et
1114 5783 1327 5846 maxima
1360 5796 1471 5846 pars
1494 5782 1932 5846 manuscriptqrum
1977 5784 2052 5831 le-

490 5845 617 5906 gunt
635 5876 648 5900 ,
672 5840 996 5893 Gra'canicant
1019 5843 1329 5908 sapientiam,
1362 5840 1518 5908 atque
1552 5844 1619 5897 ita
1647 5840 1773 5909 legit
1801 5843 2049 5897 Erasmus.

1208 366 1265 423 S.
1307 364 1584 421 JOANNlS
1619 356 2090 420 CllRYSOSTOﬁI
2130 356 2442 413 ARCIIIEP.
2485 352 3021 412 CONSTANTINOP.

3632 352 3731 406 σει

2152 496 2438 553 Ostendam
2476 495 2568 550 tibi
2597 494 2874 549 mulierem
2895 503 2950 547 et
2975 488 3171 546 malam.
3197 498 3253 545 et
3273 490 3594 561 improbam.
3613 490 3731 545 Non

2146 587 2323 641 nocuit
2347 587 2462 641 viro
2482 600 2615 640 uxor
2640 584 2742 639 Job
2773 600 2787 637 :
2814 597 2975 653 prava
3002 590 3121 637 erat
3147 590 3202 635 et
3231 581 3469 650 improba
3495 621 3512 647 ,
3541 583 3726 635 consi-

2143 680 2272 735 lium
2294 678 2453 733 dabat
2482 678 2553 733 illi
2582 686 2639 732 ut
2665 674 3021 746 blasphemias
3048 672 3334 746 proferret.
3362 671 3498 739 Quid
3530 672 3733 741 igitur?

2142 774 2479 830 labefactavit
2522 770 2751 827 turrim?
2794 769 2991 839 dejeeit
3029 766 3407 823 adamantem?
3454 765 3733 837 superavit

2140 866 2384 938 petram?
2407 864 2610 937 depulit
2636 862 2905 919 militem?
2932 859 3247 916 comminuit
3269 856 3525 928 scapham
3541 858 3568 912 ?
3594 872 3720 912 era-

2140 957 2336 1013 dicavit
2382 955 2672 1011 arborem?
2696 953 2839 1010 Nihil
2884 952 3077 1008 horum
3112 968 3127 1006 :
3154 950 3251 1006 sed
3280 950 3367 1005 illa
3397 948 3730 1019 impellebat.

2138 1057 2194 1103 et
2217 1046 2376 1101 arbor
2400 1044 2723 1101 reddebatur
2759 1043 3003 1101 stabilior
3030 1060 3044 1097 :
3074 1041 3163 1097 illa
3206 1040 3399 1096 ﬂuctus
3421 1039 3727 1105 excitabat,

2138 1148 2192 1194 at
2224 1139 2371 1194 navis
2396 1153 2503 1193 non
2548 1137 3010 1208 submergebatur,
3060 1133 3155 1189 sed
3185 1131 3422 1190 secundo
3448 1130 3732 1203 navigabat

2139 1238 2328 1296 vento;
2372 1228 2574 1285 fructus
2602 1228 2717 1297 ejus
2739 1225 3127 1298 decerpebatur
3146 1265 3162 1291 ,
3185 1233 3243 1281 et
3266 1223 3428 1279 arbor
3454 1231 3729 1279 commota

2138 1338 2245 1377 non
2273 1331 2391 1379 est:
2424 1321 2546 1377 folia
2594 1318 2929 1383 deciderunt,
2973 1326 3027 1374 et
3062 1316 3214 1373 radix
3240 1315 3440 1371 mansit
3478 1316 3724 1370 immota.

2139 1416 2263 1472 Hcce
2290 1417 2496 1486 loquor,
2530 1430 2598 1470 ne
2623 1413 2741 1486 quis
2766 1411 3059 1484 prmtendat
3087 1410 3269 1465 uxoris
3296 1407 3724 1479 improbitatem.

2138 1508 2269 1563 Mala
2295 1507 2415 1562 est?
2444 1506 2663 1576 Corrige
2692 1520 2831 1559 eam.
2857 1502 2962 1560 Sed
2986 1502 3084 1565 ais,
3106 1498 3149 1555 Ε
3174 1500 3420 1571 paradiso
3443 1515 3531 1555 me
3559 1514 3729 1569 expu-

2142 1600 2221 1653 lit.
2249 1598 2445 1654 Verum
2477 1597 2662 1653 eadem
2694 1596 2818 1651 tein
2846 1594 3005 1650 eteius
3033 1593 3258 1648 induxit.
3284 1592 3484 1647 Eadem
3504 1591 3726 1661 quidem

2140 1704 2350 1753 natura,
2384 1704 2537 1745 mens
2560 1698 2739 1744 tamen
2767 1687 2998 1741 diversa.
3027 1685 3131 1741 Sed
3163 1685 3252 1739 illa
3275 1683 3377 1761 Job
3402 1692 3519 1739 erat
3548 1683 3728 1737 mala?

2140 1784 2337 1839 Verum
2372 1783 2615 1838 Susanna
2654 1782 2815 1836 bona.
2853 1778 2958 1834 Sed
3000 1777 3084 1832 illa
3116 1775 3364 1849 Egyptia
3404 1783 3521 1830 erat
3549 1774 3726 1844 impu-

2139 1876 2294 1931 dica?
2325 1873 2517 1928 Verum
2542 1872 2700 1927 Sarra
2732 1879 2849 1926 erat
2871 1868 3131 1924 modesta.
3165 1866 3350 1922 Vidisti
3379 1865 3566 1920 illam?
3596 1865 3631 1917 ν
3643 1865 3730 1919 ide

2140 1977 2190 2023 et
2234 1968 2404 2031 hanc;
2436 1962 2861 2036 quandoquidem
2904 1961 3067 2016 etiam
3093 1960 3231 2014 inter
3258 1959 3402 2013 viros
3426 1957 3477 2011 hi
3507 1957 3727 2026 quidem

2142 2059 2264 2113 mali
2294 2066 2439 2119 sunt,
2469 2056 2542 2111 illi
2571 2070 2700 2111 vero
2730 2053 2877 2109 boni.
2911 2054 3092 2107 Bonus
3122 2060 3238 2106 erat
3266 2049 3463 2119 .loscph
3492 2091 3507 2112 ,
3539 2049 3724 2103 senio-

2142 2167 2228 2208 res
2254 2160 2433 2206 autem
2463 2148 2738 2221 impudici.
2772 2146 2963 2202 Vidisti
2992 2143 3241 2201 omnibus
3268 2144 3319 2198 in
3341 2142 3502 2198 rebus
3531 2141 3722 2195 vitium

2140 2261 2204 2300 ac
2227 2245 2477 2299 virtutem
2509 2258 2615 2298 non
2650 2249 2841 2297 natura
2868 2238 3171 2308 dijudicari,
3202 2235 3298 2292 sed
3322 2235 3501 2291 animo
3529 2234 3727 2288 distin-

2139 2338 2251 2408 gui.
2282 2336 2360 2391 Ne
2403 2334 2533 2390 mihi
2564 2342 2827 2405 prtetexas
2852 2331 3245 2388 excusationes.
3279 2328 3383 2385 Sed
3407 2328 3475 2383 ad
3507 2342 3726 2391 eorum,

2140 2404 2259 2500 qua
2287 2404 2905 2492 debemus,solutionem
2931 2435 3300 2494 properemus.
3332 2419 3400 2475 Et
3425 2423 3617 2493 factum
3651 2429 3731 2472 at
3806 2404 3821 2423 ⁸

2139 2538 2274 2575 anno
2304 2536 2404 2592 quo
2447 2529 2679 2574 mortuus
2704 2526 2779 2572 est
2810 2515 2963 2571 Ozias
3001 2531 3112 2570 rex.
3145 2515 3392 2570 Dicturus
3416 2526 3534 2577 sunt
3563 2529 3727 2581 quam

2139 2614 2211 2670 ob
2235 2627 2449 2668 causam
2479 2611 2592 2682 ipse
2620 2608 2876 2679 propheta
2900 2608 3143 2678 designet
3171 2615 3383 2677 tempus
3412 2622 3428 2661 :
3455 2604 3727 2676 siquidem

2140 2704 2508 2777 qumrebamus
2532 2702 2667 2768 heri,
2699 2716 2856 2772 quam
2880 2701 3093 2755 tandem
3118 2698 3189 2754 ob
3212 2713 3430 2754 causam
3456 2714 3575 2752 cum
3606 2714 3734 2750 om-

2140 2812 2237 2853 nes
2283 2795 2591 2868 prophetce,
2642 2805 2801 2864 atque
2842 2792 2925 2847 hic
2972 2806 3221 2862 quoque,
3277 2800 3487 2860 tempus
3538 2805 3731 2859 regum

2141 2906 2392 2949 enarrare
2414 2890 2620 2945 soleant
2647 2902 2753 2959 quo
2780 2886 3012 2941 vixerint
3034 2926 3049 2952 ,
3082 2886 3184 2939 hoc
3226 2884 3345 2939 loco
3390 2898 3453 2938 ea
3492 2897 3731 2937 consue-

2144 2986 2272 3041 tudo
2320 2983 2680 3055 prtetermissa
2712 2982 2781 3035 sit
2830 3000 2845 3036 :
2898 2995 2996 3035 nec
3048 2981 3190 3035 enim
3232 2978 3380 3044 dicit,
3430 2977 3484 3032 In
3535 2977 3734 3031 dielms

2142 3079 2283 3135 Oziaa
2316 3096 2329 3133 :
2357 3075 2452 3131 sed
2473 3117 2489 3144 ,
2521 3075 2578 3130 In
2609 3086 2782 3129 morte
2809 3074 2970 3129 Ozim.
3016 3073 3163 3127 llanc
3191 3072 3535 3142 quzestionem
3566 3071 3734 3126 hodie

2143 3171 2353 3225 solvere
2374 3169 2515 3222 volo.
2550 3166 2880 3238 Quamquam
2910 3166 3052 3220 enim
3084 3166 3270 3235 ingens
3299 3172 3383 3219 est
3409 3178 3571 3218 aestus
3592 3205 3607 3229 ,
3644 3175 3730 3216 ta-

2144 3278 2265 3318 men
2289 3259 2457 3329 major
2482 3267 2567 3315 est
2594 3259 2860 3314 sermonis
2889 3256 3219 3328 refrigeratio
3252 3274 3267 3311 :
3297 3272 3618 3327 quamquam
3650 3258 3735 3311 vis

2148 3356 2203 3408 ﬁt
2227 3353 2437 3425 corpori
2464 3351 2746 3412 fatiscenti,
2777 3362 2952 3405 tamen
2985 3348 3159 3403 anima
3191 3349 3374 3418 vigens
3410 3350 3736 3403 delectatur.

2146 3450 2221 3505 Ne
2247 3450 2373 3503 mihi
2404 3462 2587 3502 narres
2611 3455 2799 3501 aestum
2824 3459 2887 3500 ac
2916 3443 3187 3499 sudorem.
3218 3444 3272 3498 Si
3296 3442 3573 3497 sudaveris
3601 3460 3731 3495 cor-

2146 3558 2297 3614 pore,
2336 3539 2597 3610 abstergis
2641 3540 2874 3593 animam
2918 3545 3087 3590 tuam.
3140 3534 3271 3590 Tres
3320 3533 3396 3590 illi
3445 3534 3591 3604 pueri
3640 3534 3739 3603 qni

2147 3642 2301 3690 erant
2326 3634 2377 3687 in
2409 3632 2644 3696 fornace,
2673 3629 2802 3685 nihil
2827 3629 3133 3684 detrimenti
3163 3628 3399 3698 perpessi
3430 3637 3553 3683 sunt
3578 3669 3592 3693 ,
3627 3628 3732 3681 sed

2151 3725 2338 3780 fornax
2366 3723 2471 3778 illis
2498 3722 2597 3777 fuit
2624 3721 2918 3791 refrigerio.
2950 3719 3084 3775 Cum
3112 3720 3311 3789 cogitas
3339 3719 3609 3777 sudorem.
3644 3734 3745 3774 co-

2150 3820 2256 3889 gita
2285 3817 2442 3872 simul
2466 3823 2522 3870 et
2545 3814 2846 3870 mercedem
2892 3822 2948 3869 et
2972 3813 3271 3883 prtemium.
3304 3811 3513 3865 Etenim
3554 3812 3743 3864 urina-

2153 3920 2236 3965 tor
2276 3909 2473 3964 nullam
2515 3904 2673 3961 aliam
2713 3905 2783 3960 ob
2808 3919 3020 3959 causam
3049 3903 3212 3958 audet
3254 3904 3487 3972 seipsnm
3522 3904 3571 3955 in
3605 3916 3745 3969 pro-

2155 4003 2374 4059 fundum
2395 4015 2651 4072 aquarum
2679 3998 2965 4055 demittere
2985 4039 3001 4065 ,
3029 4013 3186 4068 quam
3218 4005 3437 4069 propter
3468 3996 3743 4065 margari-

2155 4107 2269 4164 tas,
2324 4095 2585 4151 bellorum
2633 4106 2869 4147 causam.
2912 4090 3247 4160 Quamquam
3297 4104 3402 4144 non
3452 4086 3744 4143 materiam

2156 4187 2488 4259 reprehendo
2510 4227 2526 4253 ,
2558 4185 2651 4241 sed
2699 4193 2934 4240 mentem
2965 4184 3429 4253 intemperantem.
3473 4183 3538 4237 Et
3562 4192 3616 4236 tu
3637 4224 3655 4247 ,
3683 4192 3753 4237 ut

2155 4282 2399 4352 accipias,
2425 4279 2732 4335 thesaurum
2758 4277 2990 4332 deﬁcere
3017 4281 3254 4331 nescium
3276 4316 3292 4342 ,
3323 4274 3635 4345 piantesque
3656 4274 3749 4327 vi-

2156 4382 2265 4427 tem
2303 4376 2354 4427 in
2384 4371 2560 4425 anima
2587 4378 2675 4425 tua
2696 4410 2712 4434 ,
2736 4382 2844 4423 non
2874 4368 3107 4422 sustines
3144 4376 3331 4421 mstum
3373 4382 3545 4436 neque
3574 4365 3751 4420 sudo-

2157 4465 2309 4520 rem?
2333 4464 2447 4519 Non
2476 4464 2625 4517 vides
2655 4462 2784 4517 istos
2810 4462 2898 4531 qui
2920 4461 3104 4516 sedent
3134 4461 3184 4516 in
3214 4461 3439 4526 theatro,
3470 4459 3754 4531 quomodo

2158 4556 2393 4622 sudent,
2445 4554 2696 4624 nudoque
2751 4553 2925 4622 capite
2986 4555 3114 4608 solis
3167 4552 3371 4607 radium
3429 4551 3753 4621 excipiant,

2158 4664 2266 4719 quo
2314 4647 2442 4701 ﬁant
2488 4646 2681 4715 captivi
2726 4647 2913 4702 mortis
2935 4687 2950 4711 ,
2980 4661 3086 4717 quo
3122 4657 3285 4699 scorti
3327 4645 3587 4715 mancipia
3612 4644 3637 4698 ἲ
3660 4645 3751 4699 Act

2160 4740 2377 4797 exitium
2410 4738 2482 4793 illi
2514 4738 2793 4804 laborant,
2823 4746 2879 4793 et
2900 4745 2953 4792 tu
2981 4737 3046 4791 ad
3094 4738 3323 4791 salutem
3350 4738 3528 4807 segnis
3552 4752 3615 4791 ac
3652 4752 3751 4790 re-

2160 4834 2357 4887 missus
2379 4845 2438 4885 es
2462 4832 2486 4881 't
2515 4829 2726 4884 Athleta
2755 4844 2813 4885 es
2830 4870 2846 4896 ,
2872 4827 3027 4883 miles
3052 4843 3111 4883 es
3139 4829 3177 4880 '.
3203 4828 3333 4895 Quis
3355 4827 3516 4899 igitur
3540 4836 3627 4883 est
3654 4829 3761 4885 ille

2161 4922 2337 4989 Ozias,
2368 4930 2423 4977 et
2444 4937 2600 4993 quam
2623 4921 2692 4975 ob
2711 4936 2923 4976 causam
2949 4932 3174 4975 mortem
3204 4920 3339 4976 hanc
3361 4920 3502 4977 illius
3525 4936 3761 4992 expres-

2163 5015 2234 5069 sit
2254 5011 2547 5085 propheta?
2576 5012 2672 5067 llic
2697 5010 2853 5067 Ozias
2882 5028 2976 5067 rex
2996 5021 3112 5067 erat
3130 5055 3146 5080 ,
3179 5028 3242 5069 ac
3270 5014 3353 5070 vir
3378 5014 3576 5085 justus,
3608 5016 3762 5071 mul-

2166 5106 2235 5161 tis
2273 5104 2470 5160 ﬁorens
2515 5103 2739 5175 egregiis
2798 5103 2949 5160 factis
2996 5123 3011 5158 :
3060 5120 3243 5160 vermn
3303 5114 3482 5176 postea
3532 5106 3763 5162 tandem

2164 5195 2232 5251 ad
2266 5195 2571 5267 superbiam
2601 5195 2782 5261 venit,
2819 5194 2887 5249 ad
2918 5196 3223 5265 superbiam
3247 5236 3263 5261 ,
3298 5197 3545 5266 inquam,
3576 5199 3764 5252 malo-

2165 5301 2285 5342 rum
2335 5294 2580 5352 matrem,
2630 5286 2699 5341 ad
2749 5288 3107 5357 arrogantiam
3154 5288 3465 5344 tumultibus
3514 5290 3763 5358 plenam,

2168 5380 2238 5437 ad
2274 5380 2582 5444 elationem,
2629 5395 2732 5450 qua
2768 5380 3011 5437 diabolus
3064 5382 3117 5435 in
3163 5383 3383 5437 exitium
3438 5383 3562 5437 ruit.
3596 5383 3767 5439 «ΝιιιῐΙ

2233 5516 2270 5584 1__
2287 5516 2369 5564 Hic
2390 5513 2551 5584 adjicit
2585 5519 2806 5584 erasmus
2825 5513 2888 5584 in
2924 5514 3331 5584 interpretatione
3354 5518 3514 5584 Latina
3532 5551 3548 5574 ,
3569 5530 3687 5584 qua:
3711 5522 3769 5571 in

2170 5576 2315 5645 nullo
2326 5574 2799 5645 exemplaria-tem,
2821 5574 3076 5645 tumedito
3099 5584 3200 5627 tum
3223 5580 3544 5645 manuscripto
3567 5574 3770 5630 Haben-

2172 5644 2271 5701 tur,
2296 5644 2361 5687 Ne
2378 5634 2529 5701 igitur
2554 5634 2790 5687 laboribus
2812 5638 3093 5701 defatigert's
3111 5672 3125 5696 ,
3149 5640 3234 5688 sed
3268 5638 3386 5689 bello
3418 5634 3579 5689 arn‘nto
3603 5652 3772 5691 certa-

2173 5700 2306 5749 mina
2322 5698 2489 5748 tolera.
2509 5700 2676 5747 Nescio
2698 5709 2859 5748 utrum
2882 5698 2986 5749 haec
3009 5699 3093 5750 ille
3118 5703 3166 5748 in
3188 5700 3460 5762 exemplari
3484 5715 3575 5750 suo
3595 5710 3772 5753 Gram

2178 5764 2377 5831 tegerit,
2392 5773 2460 5831 an
2480 5774 2598 5831 vero
2621 5762 2724 5822 ipse
2744 5762 2979 5821 adiecerit
2994 5762 3377 5825 interpretando.
3407 5770 3462 5813 Ut
3481 5772 3535 5814 ut
3558 5779 3642 5816 res
3662 5774 3769 5827 est,

2178 5822 2283 5873 haec
2304 5822 2456 5873 serici
2479 5830 2591 5873 sunt
2614 5836 2840 5874 consona.
