4102 6306
531 383 634 439 1'23

525 508 683 563 τοῦτο
709 504 1168 577 κατηναλώσαμεν
1193 505 1341 575 χθὲς,
1371 506 1470 579 τὴν
1495 508 1755 565 ἀπόνοιαν
1779 508 2098 580 καθαιροῦν-

526 611 636 658 τες.
666 594 759 647 καὶ
794 588 1286 661 ταπεινοφροσύνην
1315 590 1672 656 διδάσκοντες.

596 676 637 731 δ’
673 675 826 729 Εῐπω
848 691 950 737 σοι,
970 673 1135 727 πόσον
1163 673 1367 744 ἀγαθὸν
1386 674 1876 747 ταπεινοφροσύνη,
1896 676 1989 730 καὶ
2005 676 2103 729 πό-

529 779 621 816 σον
647 760 813 815 κακὺν
847 759 1113 825 ἀπόνοια;
1152 757 1504 830 Ἀμαρτωλὸς
1534 758 1742 812 δίκαιον
1779 760 2049 829 ἐνίκησεν,
2074 760 2104 812 6

524 845 762 916 τελώνης
786 843 878 896 τὸν
896 844 1210 914 Φαρισαῖον,
1244 844 1338 895 καὶ
1378 843 1599 913 ῥήματα
1629 842 1805 912 ἔργων
1850 843 2101 913 περιεγέ-

524 948 696 983 νοντο.
733 929 855 992 Πῶς
901 928 1149 999 ῥήματας
1195 927 1253 979 Ὀ
1292 924 1530 996 τελώνης
1572 926 1719 993 λέγει
1773 942 1789 957 ⁸
1812 925 1885 983 ηὈ
1917 926 2061 992 Θεὸς
2084 969 2100 993 ,

526 1012 801 1077 ἱλάσθητί
836 1029 939 1079 μοι
974 1010 1055 1075 τῷ
1099 1006 1440 1077 ἁμαρτωλῷ.
1494 1008 1551 1062 '0
1596 1011 1886 1078 Φαρισαῖος
1914 1008 2098 1078 λέγει·

528 1098 649 1149 Οὐκ
678 1095 793 1164 εἰμί
821 1095 902 1159 ὡς
938 1095 993 1146 οἱ
1029 1092 1228 1147 λοιποί
1268 1090 1384 1144 τῶν
1408 1089 1731 1159 ἀνθρώπων
1756 1133 1771 1156 ,
1797 1092 1995 1158 ἅρπαξ
2019 1133 2034 1155 ,
2060 1092 2100 1160 ἢ

525 1179 910 1245 πλεονέκτης.
950 1176 1109 1230 Ἀλλά
1140 1177 1230 1242 τίς
1262 1176 1548 1242 Νηστεύω
1587 1175 1682 1241 δὶς
1710 1175 1821 1243 τῆς
1859 1176 2102 1246 ἑϐδομά-

524 1264 629 1328 δος
654 1275 682 1303 ι
703 1303 716 1328 ,
740 1260 1082 1317 ἁποδεκατῶ
1101 1278 1221 1330 μου
1240 1260 1313 1313 τὰ
1335 1258 1701 1329 ὑπάρχοντα.
1741 1261 1796 1313 '0
1814 1262 2101 1330 Φαρισαῖος

526 1348 662 1418 ἔργα
694 1346 859 1413 ἔδειξε
888 1346 1232 1414 δικαιοσύνης
1257 1363 1271 1376 ·
1299 1346 1327 1397 6
1345 1343 1580 1415 τελώνης
1604 1345 1824 1415 ῥήματα
1857 1341 1976 1397 εἷπε
2002 1362 2102 1397 τα-

527 1430 976 1504 πεινοφροσύνης,
1014 1428 1107 1482 κειὶ¹
1146 1429 1294 1497 λόγοι
1325 1427 1502 1498 ἔργων
1548 1429 1960 1498 περιεγένοντο,
2007 1430 2102 1482 καὶ

524 1518 553 1568 6
604 1514 857 1579 τοσοῦτος
913 1513 1185 1584 θησαυρὸς
1234 1510 1570 1582 ἐξεφυσήθη,
1622 1511 1718 1564 καὶ
1764 1513 1797 1582 ή
1864 1512 2097 1580 τοσαύτη

526 1599 684 1653 πενία
738 1599 820 1661 εἱς
857 1598 1085 1650 πλοῦτον
1149 1596 1471 1667 μετεϐλήθη.
1524 1590 1728 1649 Ἦλθον
1787 1593 1881 1648 δύο
1940 1594 2101 1646 πλοῖα

524 1689 715 1755 ἔχοντα
763 1683 961 1751 γόμον*
1004 1681 1250 1750 εἱσῆλθον
1296 1681 1581 1751 ἀμφότερα
1624 1681 1705 1743 είς
1738 1679 1829 1733 τὸν
1866 1678 2056 1750 λιμένα
2082 1694 2095 1707 ·

524 1770 639 1825 ἀλλ’
664 1772 693 1824 6
719 1767 957 1837 τελώνης
987 1765 1167 1828 καλῶς
1200 1764 1278 1834 τῷ
1305 1764 1485 1835 λιμένι
1523 1764 1913 1837 προσωρμίσθη
1934 1807 1949 1829 ,
1989 1765 2019 1818 6
2042 1762 2100 1816 δὲ

523 1856 814 1926 Φαρισαῖος
840 1852 1094 1919 ναυάγιον
1127 1848 1417 1919 ὑπέμεινεν
1437 1888 1453 1912 ,
1481 1848 1568 1902 ἵνα
1598 1848 1774 1920 μάθῃς
1799 1849 1966 1901 πόσον
2002 1866 2102 1903 κα-

524 1919 676 2009 κὸνΪή
709 1938 955 1991 ἀπόνοια.
995 1937 1213 1996 Δίκαιος
1229 1930 1312 1998 εἷς
1334 1933 1426 2005 Μὴ
1460 1919 1801 2003 ταπεινώσῃς
1831 1932 1922 1986 τὸν
1943 1933 2100 1987 ἀδελ-

524 2022 625 2087 φόν
656 2038 772 2075 σου.
804 2019 996 2091 Κομᾷς
1016 2015 1435 2088 κατορθώμασι;
1462 2015 1555 2086 Μή
1583 2015 1848 2087 όνειδίσῃς
1866 2014 1944 2084 τῷ
1963 2016 2101 2085 πλη-

526 2105 661 2164 σίον,
684 2104 777 2158 καὶ
804 2102 1081 2174 ὑποτέμῃς
1110 2117 1204 2154 σου
1230 2101 1292 2153 τὸ
1310 2096 1601 2169 ἐγκώμιον.
1637 2099 1801 2151 Ὅσον
1834 2096 2005 2167 μέγας
2028 2094 2096 2161 εἴ,

522 2188 777 2242 τοσοῦτον
809 2185 1066 2241 ταπείνου
1104 2183 1321 2237 σαυτόν.
1362 2182 1472 2235 Kal
1520 2181 1753 2252 πρόσεχε
1802 2180 1917 2251 μετ’
1943 2182 2099 2251 ἀκρι-

522 2265 678 2334 ϐἓίας
705 2270 785 2341 τῷ
811 2270 976 2339 λόγῳ,
1021 2264 1295 2336 ἀγαπητέ.
1337 2262 1553 2318 Μᾶλλον
1594 2264 1623 2316 6
1654 2264 1855 2327 δίκαιος
1897 2264 2098 2333 ὀφείλει

524 2353 811 2423 φοϐεῖσθαι
850 2353 949 2423 τὴν
979 2350 1264 2416 ἀπόνοιαν,
1303 2347 1336 2418 ἢ
1369 2350 1399 2402 6
1439 2348 1758 2420 ἁμαρτωλός
1776 2364 1789 2377 ·
1818 2346 1977 2401 τοῦτο
2006 2348 2099 2401 καὶ

523 2437 650 2508 χθὲς
679 2434 833 2488 εἶπον
852 2474 867 2497 ,
895 2435 988 2487 καὶ
1015 2433 1256 2502 τήμερον
1289 2430 1431 2498 λέγω
1460 2430 1548 2484 διά
1586 2432 1711 2493 τοὺς
1738 2430 1863 2499 χθὲς
1885 2429 2098 2483 ἀπολει-

524 2521 758 2589 φθέντας
777 2536 791 2549 '
816 2519 948 2572 διότι
974 2521 1001 2571 6
1022 2515 1343 2587 ἁμαρτωλὸς
1366 2515 1480 2585 ἔχει
1502 2515 1565 2568 τὸ
1583 2515 1818 2579 συνειδὸς
1840 2514 2053 2585 ἀνάγκη
2069 2515 2097 2554 b

523 2603 815 2666 ταπεινὸν,
872 2604 902 2655 6
956 2601 1014 2654 δὲ
1061 2599 1269 2662 δίκαιος
1322 2598 1603 2669 ἐπαίρεται
1660 2596 2093 2668 κατορθώμασιν.

522 2687 737 2759 Ὠσπερ
779 2682 873 2740 οὗν
925 2687 1018 2739 ἐπὶ
1060 2684 1170 2738 τῶν
1198 2683 1432 2749 πλοίων,
1472 2684 1522 2735 οἱ
1560 2680 1658 2752 μὲν
1690 2680 1903 2751 ἔχοντες
1943 2680 2099 2735 κενὸν

524 2775 730 2835 πλοῖον,
757 2772 820 2825 οὐ
850 2770 1119 2825 δεδοίκασι
1152 2767 1427 2838 πειρατῶν
1461 2766 1714 2837 σύστημα
1735 2784 1748 2796 ·
1774 2766 1836 2819 οὐ
1870 2766 1978 2838 γάρ
2006 2767 2097 2837 ἔρ-

522 2874 708 2929 χονται
736 2856 1022 2928 διατρῆσαι
1051 2853 1112 2906 τὸ
1139 2853 1323 2907 πλοῖον
1351 2850 1415 2905 τὸ
1447 2850 1612 2922 μηδὲν
1640 2849 1793 2922 ἔχον·
1814 2851 1865 2904 οἱ
1888 2850 1945 2906 δὲ
1975 2851 2100 2921 φόρ-

521 2958 617 2994 του
631 2940 800 3011 γέμον
824 2941 1038 3009 ἔχοντες
1066 2936 1269 3002 πλοῖον,
1300 2933 1570 2989 δεδοίκασι
1606 2932 1870 3005 πειρατὰς
1887 2949 1902 2965 ο
1927 2934 1956 2987 6
1988 2932 2098 3003 γάρ

522 3023 791 3093 πειρατὴς
835 3023 955 3075 ἐκεῖ
980 3021 1312 3092 ἀπέρχεται,
1346 3019 1479 3073 ὅπου
1506 3016 1737 3089 χρυσὸς,
1769 3016 1902 3070 ὅπου
1930 3016 2099 3087 ἀργυ-

524 3126 639 3180 ρος,
668 3108 801 3161 ὅπου
840 3104 978 3159 λίθοι
1008 3105 1177 3176 τίμιοι
1198 3120 1214 3134 ο
1252 3102 1397 3157 οὕτω
1426 3101 1521 3155 καὶ
1550 3103 1579 3155 6
1601 3099 1841 3164 διάϐολος
1876 3100 1977 3154 οὐκ
2008 3100 2099 3153 εὐ-

522 3191 697 3256 κόλως
737 3189 1031 3261 ἐπηρεάζει
1073 3188 1153 3260 τῷ
1191 3185 1527 3259 ἁμαρτωλῷ,
1574 3184 1710 3239 ἀλλά
1750 3184 1829 3255 τῷ
1871 3183 2095 3254 δικαίῳ,

521 3277 658 3329 ὅπου
690 3273 919 3336 πλοῦτος
941 3272 1127 3337 πολύς.
1179 3271 1396 3341 Ἐπειδὴ
1432 3269 1690 3331 πολλάκις
1720 3269 1753 3338 ή
1784 3266 2012 3321 ἀπόνοια
2038 3266 2099 3331 ἐξ

521 3356 817 3427 ἐπιϐουλῆς
835 3356 929 3409 τοῦ
945 3354 1412 3425 διαϐόλου,νήφειν
1432 3354 1727 3420 ἀναγκαῖον
1740 3361 1789 3404 ο.
1814 3351 1977 3405 Ὅσον
1996 3350 2065 3421 μέ
2077 3378 2097 3391 ο

521 3459 627 3510 7a;
651 3436 703 3495 εἷ
722 3481 739 3507 ,
765 3442 1017 3495 τοσοῦτον
1057 3438 1314 3494 ταπείνου
1344 3438 1558 3492 σαυτόν.
1592 3437 1758 3490 Ὅταν
1789 3434 1993 3505 ἀναθῇς
2019 3437 2098 3500 εἰς

520 3526 586 3580 τὸ
620 3525 785 3595 ὕψος,
812 3522 1209 3596 ἀσφαλισθῆναι
1247 3522 1436 3594 χρείαν
1466 3521 1609 3591 ἔχεις
1628 3559 1644 3585 ,
1674 3520 1762 3573 ἵνα
1796 3518 1870 3589 μὴ
1905 3519 2095 3593 πέσῃς.

521 3609 617 3665 Διὸ
653 3610 749 3663 καὶ
789 3609 819 3661 6
856 3607 1061 3679 Κύριος
1097 3607 1255 3679 ήμῶν
1286 3606 1432 3674 λέγει
1455 3620 1470 3636 ο
1523 3604 1692 3657 Ὅταν
1735 3602 1911 3656 πάντα
1941 3602 2098 3672 ποιή-

523 3711 686 3766 σητε,
715 3693 925 3761 λέγετε,
962 3690 1300 3763 ὃτιἈχρεῖοι
1338 3688 1516 3744 δοῦλοί
1565 3689 1751 3759 ἐσμεν.
1795 3685 1861 3739 Τί
1884 3685 1914 3723 ἀ
1958 3685 2100 3755 μέγα

522 3778 761 3848 φρονεῖς,
790 3775 1072 3845 ἄνθρωπος
1099 3772 1195 3839 ὣν,
1222 3773 1321 3844 τῆς
1361 3772 1468 3845 γῆς
1506 3771 1792 3841 συγγενὴς,
1820 3769 2099 3840 ὁμοούσιος

521 3863 591 3931 τῇ
619 3860 816 3932 τέφρα,
854 3858 911 3911 ἔν
934 3875 995 3911 τε
1022 3859 1090 3927 τῇ
1136 3856 1328 3926 φύσει,
1362 3856 1419 3910 ἔν
1459 3873 1519 3909 τε
1548 3858 1615 3927 τῇ
1646 3853 1840 3925 γνώμῃ
1858 3895 1873 3918 ,
1913 3853 2006 3906 καὶ
2032 3855 2099 3924 τῇ

524 3942 841 4013 προαιρέσει
868 3940 977 3993 τῶν
1015 3939 1390 4010 πραγμάτων;
1426 3939 1675 4009 Σήμερον
1703 3938 1973 4001 πλούσιος,
2001 3935 2101 3989 a6-

528 4044 642 4099 ριον
666 4025 837 4095 πένης
856 4041 871 4055 ·
900 4024 1139 4093 σήμερον
1172 4021 1451 4090 ὑγιαίνων,
1476 4020 1663 4093 αὕριον
1693 4021 1863 4074 νοσῶν
1882 4041 1896 4053 ν
1932 4022 2104 4092 σήμε-

527 4127 621 4180 ρον
653 4106 805 4182 [127]
844 4106 1049 4177 χαίρων
1074 4145 1088 4169 ,
1128 4104 1318 4177 αύριον
1357 4104 1719 4174 λυπούμενος·
1772 4107 2011 4177 σήμερον
2045 4106 2103 4157 ἐν

524 4192 688 4266 δόξῃ,
718 4190 904 4262 αὔριον
935 4192 995 4242 ἐν
1034 4188 1254 4259 ἀτιμίᾳ·
1296 4189 1533 4259 σήμερον
1560 4190 1617 4241 ἐν
1648 4190 1887 4259 νεότητι,
1917 4188 2103 4260 αύριον

524 4280 586 4331 ἐν
602 4279 772 4348 γήρᾳ.
804 4274 894 4345 Μὴ
928 4274 1144 4329 ἵσταταί
1165 4290 1218 4327 τι
1245 4272 1354 4326 τῶν
1378 4272 1749 4344 ἀνθρωπίνων,
1772 4274 1887 4327 ἀλλ’
1917 4274 2104 4344 ὥσπερ

523 4347 643 4414 τῶν
661 4347 943 4428 ποταμίων
969 4356 1255 4429 ῥευμάτων
1280 4357 1527 4427 μιμεῖται
1558 4355 1650 4409 τὸν
1679 4356 1904 4426 δρόμον;
1938 4356 2103 4427 Ὁμοῦ

524 4461 585 4499 τε
617 4442 727 4514 γάρ
762 4442 967 4512 ἐφάνη,
998 4441 1094 4495 καὶ
1114 4442 1275 4505 σκιᾶς
1300 4439 1596 4511 ταχύτερον
1628 4451 1651 4480 ο
1670 4441 1816 4512 ἡμᾶς
1840 4441 2105 4511 καταλιμ-

523 4526 707 4581 πάνει.
746 4524 814 4579 Τί
846 4521 940 4578 οὖν
969 4524 1112 4595 μέγα
1148 4527 1384 4595 φρονεῖς,
1413 4523 1699 4594 ἄνθρωπε,
1736 4524 1765 4576 6
1797 4524 2004 4587 καπνὸς
2027 4564 2041 4587 ,
2071 4526 2105 4593 ή

527 4607 863 4678 ματαιότηςς
919 4606 1237 4678 Ἀνθρωπος
1289 4606 1398 4678 γάρ
1461 4607 1783 4678 ματαιότητι
1829 4603 2102 4676 ὡμοιώθη.

536 4692 681 4745 Ὥσεὶ
724 4690 913 4763 χόρτος
943 4691 1000 4746 αἱ
1024 4692 1227 4761 ἡμέραι
1252 4688 1438 4745 αὐτοῦ.
1478 4690 1777 4762 Ἐξηράνθη
1815 4692 1844 4743 ό
1880 4689 2103 4761 χόρτος,

525 4773 703 4831 καὶτὸ
728 4773 889 4837 ἄνθος
916 4772 1081 4827 αὐτοῦ
1107 4773 1351 4840 ἐξέπεσε.

594 4858 781 4913 Ταῦτα
804 4857 969 4927 λέγω,
990 4857 1091 4928 οὐχ
1121 4857 1197 4921 ὡς
1221 4858 1318 4927 τὴν
1342 4855 1529 4910 οὐσίαν
1560 4854 1908 4924 ἐξευτελίζων
1931 4895 1947 4919 ,
1970 4854 2108 4908 ἀλλά

521 4945 622 5017 τήν
661 4942 923 4998 ἀπόνοιαν
956 4940 1209 5013 χαλινῶν.
1239 4942 1350 4994 Kal
1364 4940 1473 5009 γὰρ
1503 4940 1644 5011 μέγα
1676 4939 1981 5010 ἄνθρωπος,
2012 4940 2107 4992 καὶ

520 5037 702 5106 τίμιον
718 5032 857 5106 ἀνὴρ
873 5031 1140 5101 ἐλεήμων.
1158 5029 1295 5082 Ἀλλ’
1315 5029 1345 5082 6
1375 5027 1555 5091 Ὀζίας
1571 5021 1726 5090 οὗτος
1748 5025 1998 5095 βασιλεὺς
2010 5025 2107 5106 ων,

520 5104 617 5173 καὶ
670 5116 733 5170 τὸ
781 5104 1017 5184 διάδημα
1071 5112 1470 5183 περικείμενος.
1524 5110 1712 5181 ἐπειδὴ
1753 5108 1961 5171 δίκαιος
2016 5104 2106 5178 ἦν,

470 5206 473 5207 ⁷
521 5198 792 5272 ἐφρόνησέ
834 5214 966 5251 ποτε
998 5194 1158 5268 μέγα,
1191 5195 1286 5248 καὶ
1316 5194 1589 5265 φρονήσας
1620 5194 1761 5264 μέγα
1799 5194 1894 5247 xal
1922 5194 2106 5262 μεῖζον

522 5286 624 5355 τῆς
643 5283 826 5350 ἀξίας,
844 5280 1094 5352 εἰσῆλθεν
1118 5281 1198 5345 είς
1223 5279 1284 5333 τὸ
1312 5278 1476 5351 ἱερόν.
1498 5277 1608 5332 Καὶ
1628 5277 1680 5331 τί
1698 5293 1893 5349 φησιν;
1918 5276 2109 5342 Εἰσῆλ-

579 5511 609 5539 ³
633 5508 772 5558 Unus
792 5512 861 5566 δὶς
880 5507 967 5558 τοῦ
993 5508 1251 5557 σαϐϐάτου.

581 5570 613 5609 ιι
635 5570 761 5619 Tres
786 5564 904 5621 mss.
928 5571 1109 5632 ἀνάγκη
1130 5566 1569 5676 ταπειωφὲοσύνης.
1598 5566 1752 5621 Unus,
1780 5571 1907 5614 Iesle
1934 5564 2106 5624 Savil.,

582 5633 730 5676 νιιδὸε
750 5633 1041 5676 ιατηνόοοιη
1063 5630 1228 5676 αὑτοῦ.
1256 5630 1336 5676 καὶ
1389 5629 1535 5676 vanu
1558 5626 1997 5676 ταπεινοεοοσύνης.

519 5633 730 5703 συξειδὸς
1063 5626 1228 5703 αὐτοῦ,
1256 5626 1535 5703 καῖ-ἀνάγκη
1558 5626 1997 5703 ταπεινοφροσύνης.

584 5692 608 5723 ⁸
634 5692 767 5742 Unus
806 5689 965 5752 ἐπεὶδῆ
988 5694 1035 5748 ἐξ
1055 5691 1278 5747 ἀπονοίας
1309 5690 1370 5739 τὰ
1401 5689 1717 5754 ἁμαρτήματα
1748 5689 1973 5747 τίκτεται,
2030 5689 2107 5738 διὰ

514 5754 661 5817 τούτο
853 5755 1125 5817 ἀναγκαῖον.

580 5814 610 5856 δ
628 5816 686 5866 Τί
707 5814 853 5866 deest
871 5816 923 5866 in
945 5814 1101 5867 (ribus
1126 5827 1241 5863 mss.

582 5881 757 5931 οτι-α
798 5892 914 5930 mss.
950 5880 1032 5927 καὶ
1064 5882 1201 5932 σκιᾶς
1236 5876 1569 5939 εὐκολώτερον.
1619 5874 1743 5924 Infra
1792 5875 1940 5924 iidem
1984 5876 2099 5939 ὡσεὶ

516 5944 690 5998 καπνὸς
710 5946 759 5989 αἱ
781 5946 866 6001 ἠμ.
894 5949 948 5991 et
987 5938 1059 5991 sic
1083 5941 1273 6002 legerat
1319 5936 1561 6000 Erasmus,
1604 5940 1687 6002 qui
1717 5945 1951 5999 verterat,
1974 5936 2099 5989 velut

512 6006 673 6065 [mnus
696 6003 800 6054 dics
823 6016 944 6066 ejus.

1244 385 1302 441 S.
1342 383 1631 444 JOANNIS
1667 387 2160 449 CIIRYSOSTOIII
2202 393 2519 455 ARCIIIEP.
2553 399 3095 463 CONSTANTINOP.

3679 408 3779 462 126

2203 510 2297 565 θεν
2323 515 2403 580 είς
2437 518 2505 571 τὰ
2535 520 2665 589 ἀγια
2693 522 2802 575 τῶν
2824 523 3014 591 ἀγίων,
3046 523 3140 578 καὶ
3183 523 3352 590 λέγει,
3394 521 3654 594 βούλομαι
3678 520 3780 576 θυ-

2207 598 2418 665 μιᾶσαι.
2448 601 2706 669 Βασιλεὺς
2735 604 2810 659 ὣν
2848 606 3145 676 ἱερωσύνης
3166 608 3339 678 ἀρχὴν
3374 606 3626 679 ἁρπάζει.
3644 607 3782 660 Βού-

2203 684 2385 753 λομαι,
2431 690 2584 759 φησὶ,
2624 689 2906 760 θυμιᾶσαι,
2954 690 3141 762 ἐπειδὴ
3191 691 3400 755 δίκαιός
3438 694 3574 763 εἱμι.
3617 692 3782 748 Ἀλλά

2204 770 2329 839 μένε
2358 770 2465 826 ἔσω
2498 772 2609 826 τῶν
2652 773 2867 829 οἰκείων
2904 774 3083 845 ὅρωνο
3136 775 3287 830 ἄλλοι
3310 777 3425 847 ὅροι
3468 776 3779 845 βασιλείας,

2201 854 2295 906 καὶ
2309 853 2458 907 ἀλλοι
2482 855 2596 925 ὅροι
2628 856 2927 929 ἱερωσύνης
2951 873 2965 888 ο
2996 856 3111 911 ἀλλ’
3145 858 3283 930 αὕτη
3310 860 3511 929 μείζων
3540 860 3779 929 ἐκείνης.

2201 936 2277 990 06
2338 936 2447 1007 γὰρ
2502 938 2610 992 ἀπὸ
2658 941 2768 994 τῶν
2814 942 3150 1012 φαινομένων
3195 942 3444 1011 φαίνεται
3493 942 3780 1013 βασιλεὺς,

2200 1021 2321 1074 οὐδὲ
2380 1022 2487 1075 ἀπὸ
2532 1022 2640 1076 τῶν
2687 1026 3057 1096 πεπηγμένων
3117 1025 3266 1096 αύτῷ
3324 1026 3505 1091 λίθων,
3548 1028 3643 1080 καὶ
3705 1020 3782 1079 ὧν

2200 1104 2505 1175 περίκειται
2556 1107 2813 1177 χρυσίων,
2859 1109 3061 1177 ὀφείλει
3114 1109 3393 1178 κρίνεσθαι
3428 1112 3456 1162 6
3505 1108 3777 1179 βασιλεύς.

2200 1182 2366 1251 Οὗτος
2401 1189 2501 1259 μὲν
2536 1191 2645 1260 γὰρ
2676 1191 2742 1244 τά
2780 1191 2873 1245 ἐπὶ
2898 1193 2996 1263 τῆς
3021 1192 3125 1263 γῆς
3166 1192 3356 1263 ἔλαχεν
3379 1195 3680 1265 οἰκονομεῖν
3704 1210 3718 1223 ·
3751 1194 3781 1246 6

2198 1270 2255 1324 δὲ
2286 1270 2386 1341 τῆς
2426 1272 2723 1343 ἱερωσύνης
2755 1273 2954 1344 θεσμὸς
2982 1274 3095 1328 ἀνω
3126 1275 3383 1345 κάθηται.
3414 1276 3556 1330 Ὅσα
3591 1276 3655 1329 ἂν
3689 1275 3782 1345 δή-

2200 1370 2332 1424 σητε
2380 1354 2471 1406 ἐπὶ
2495 1357 2593 1426 τῆς
2620 1356 2755 1425 γῆς,
2790 1356 2941 1411 ἔσται
2969 1358 3225 1428 δεδεμένα
3248 1360 3305 1412 ἐν
3334 1358 3411 1428 τῷ
3443 1358 3673 1430 οὐρανῷ.
3719 1359 3781 1412 Ὀ

2202 1436 2452 1505 βασιλεὺς
2480 1438 2548 1491 τὰ
2583 1440 2816 1493 ἐνταῦθα
2852 1440 3209 1495 πεπίστευται
3230 1482 3245 1506 ,
3271 1441 3382 1511 ἐγὼ
3414 1441 3484 1495 τὰ
3512 1444 3739 1513 οὐράνια
3762 1456 3777 1469 ’

2154 1542 2173 1597 χ
2200 1518 2308 1585 ἐγὼ
2348 1521 2475 1573 ὅταν
2524 1520 2683 1588 εἴπω,
2724 1524 2813 1576 τὸν
2861 1524 3010 1595 ἱερέα
3055 1524 3218 1593 λέγω.
3271 1526 3364 1597 Μὴ
3404 1521 3519 1590 οὖν,
3565 1525 3631 1578 ἂν
3663 1524 3781 1594 ίδῃς

2202 1602 2350 1673 ἱερέα
2395 1604 2611 1669 ἀνάξιον
2635 1646 2649 1670 ,
2690 1607 2788 1677 τὴν
2835 1607 3133 1680 ἱερωσύνην
3185 1608 3439 1662 διάϐαλε’
3479 1608 3540 1661 οὐ
3578 1606 3687 1678 γάρ
3718 1608 3781 1660 τὸ

2200 1687 2433 1757 πρᾶγμα
2464 1687 2734 1743 διαϐαλεῖν
2761 1691 2869 1756 δεῖ,
2892 1690 3028 1746 ἀλλά
3069 1690 3160 1745 τὸν
3188 1692 3375 1755 κακῶς
3397 1692 3476 1762 τῷ
3502 1690 3654 1761 καλῷ
3684 1708 3779 1744 κε-

2200 1764 2470 1835 χρημένον
2490 1783 2508 1799 σ
2535 1768 2658 1820 ἐπεὶ
2681 1771 2776 1822 καὶ
2800 1770 2831 1822 6
2870 1770 3068 1834 Ἰούδας
3096 1772 3362 1841 προδότης
3388 1771 3625 1838 ἐγένετο,
3661 1769 3777 1822 ἀλλ’

2199 1849 2261 1901 οὐ
2294 1849 2595 1921 κατηγορία
2616 1851 2715 1919 τῆς
2739 1852 3048 1923 ἀποστολῆς
3067 1854 3243 1917 τοῦτο,
3270 1854 3405 1908 ἀλλά
3438 1853 3537 1923 τῆς
3566 1853 3777 1906 ἐκείνου

2198 1931 2425 2004 γνώμης
2443 1951 2455 1963 ·
2483 1935 2545 1988 οὐ
2575 1936 2637 1990 τὸ
2658 1936 2906 2011 ἔγκλημα
2928 1939 3026 2010 τῆς
3055 1937 3352 2012 ἱερωσύνης
3371 1976 3386 2003 ,
3416 1936 3553 1993 ἀλλά
3585 1937 3648 1991 τὸ
3674 1954 3778 1991 κα-

2201 2015 2296 2069 κὸν
2323 2018 2421 2087 τῆς
2445 2020 2690 2090 γνώμης.

2269 2105 2330 2154 ε’.
2360 2102 2469 2155 Καὶ
2504 2103 2567 2155 σὺ
2600 2103 2779 2157 τοίνυν
2815 2104 2889 2176 μὴ
2920 2102 3017 2175 τὴν
3046 2102 3343 2175 ἱερωσύνην
3366 2102 3605 2169 διάϐαλε,
3643 2102 3780 2157 ἀλλά

2197 2186 2290 2239 τὸν
2347 2186 2495 2257 ἱερέα
2540 2187 2631 2241 τὸν
2680 2187 2865 2252 κακῶς
2891 2188 2970 2260 τῷ
3012 2187 3164 2259 καλῷ
3206 2189 3559 2259 κεχρημένον.
3625 2188 3779 2242 Ἐπεὶ

2198 2269 2326 2323 ὅταν
2380 2270 2463 2323 σοί
2508 2288 2592 2336 τις
2636 2271 2974 2341 διαλέγηται,
3016 2273 3113 2327 καὶ
3143 2272 3296 2343 λέγῃ,
3317 2269 3467 2335 Εἶδες
3502 2271 3650 2324 τόνδε
3687 2271 3779 2325 τδν

2199 2353 2521 2425 Χριστιανόν
2547 2370 2561 2419 ;
2592 2355 2733 2419 εἱπὲ,
2764 2354 2900 2409 Ἀλλ’
2917 2356 3027 2426 ἐγώ
3041 2358 3102 2410 οὐ
3134 2355 3263 2426 περὶ⁵
3284 2353 3611 2425 προσώπων,
3644 2354 3780 2409 ἀλλά

2198 2437 2326 2509 περὶ
2351 2438 2685 2509 πραγμάτων
2716 2455 2799 2491 σοι
2834 2438 3174 2510 διαλέγομαι.
3221 2438 3373 2492 Ἐπεὶ
3406 2438 3558 2492 πόσοι
3604 2438 3779 2507 ἱατροὶ

2197 2520 2381 2591 δήμιοι
2414 2521 2682 2589 ἐγένοντο,
2726 2523 2819 2576 καὶ
2850 2521 3148 2593 δηλητήρια
3173 2521 3467 2576 δεδώκασιν
3488 2520 3609 2575 ἀντὶ
3642 2538 3781 2589 φαρ-

2202 2605 2391 2671 μάκων
2413 2620 2429 2667 ;
2472 2604 2609 2657 Ἀλλ’
2633 2606 2692 2658 06
2718 2604 2818 2677 τὴν
2840 2606 3035 2677 τέχνην
3064 2605 3352 2666 διαϐάλλω,
3386 2604 3523 2658 ἀλλά
3560 2605 3651 2659 τὸν
3676 2622 3777 2659 xa-

2199 2688 2312 2751 κῶς
2349 2689 2416 2759 τῇ
2456 2688 2620 2760 τέχνῃ
2663 2689 3027 2759 χρησάμενον.
3073 2690 3235 2743 Πόσοι
3271 2688 3467 2743 ναῦται
3512 2688 3781 2743 κατεπόν-

2197 2789 2354 2827 τισαν
2407 2771 2598 2837 πλοῖα;
2648 2772 2785 2825 Ἀλλ’
2835 2775 2935 2843 οὺχ
2981 2774 3016 2843 ή
3068 2773 3334 2839 ναυτιλία,
3388 2773 3504 2827 ἀλλ’
3553 2776 3587 2843 ή
3632 2773 3783 2842 κακὴ

2196 2855 2388 2927 γνώμη
2423 2857 2666 2909 ἐκείνων.
2709 2855 2825 2909 Κᾶν
2930 2857 3253 2927 Χριστιανὸς
3301 2856 3525 2927 φαῦλος,
3573 2856 3649 2926 μὴ
3681 2855 3779 2908 τοῦ

2197 2940 2466 3011 δόγματος
2510 2940 2804 3010 κατηγόρει
2846 2940 2940 2993 καὶ
2993 2940 3094 3011 τῆς
3143 2939 3462 3011 ἱερωσύνης,
3510 2939 3646 2994 ἀλλὰ
3687 2938 3782 2991 τὸν

2198 3024 2382 3088 κακῶς
2416 3023 2495 3093 τῷ
2536 3024 2685 3095 καλῷ
2725 3024 3083 3095 κεχρημένον.
3153 3026 3211 3079 ’0
3261 3024 3511 3094 βασιλεὺς
3552 3023 3783 3093 σώματα

2200 3106 2606 3177 ἐμπιστεύεται,
2633 3110 2661 3162 6
2683 3108 2739 3161 δέ
2773 3110 2950 3180 ἱερεὺς
2976 3108 3154 3179 ψυχάς
3175 3124 3191 3140 ·
3244 3111 3273 3163 6
3306 3108 3555 3179 βασιλεὺς
3582 3106 3782 3160 λοιπά-

2196 3192 2292 3254 δας
2313 3191 2609 3263 χρημάτων
2636 3190 2877 3261 ἀφίησιν,
2905 3192 2932 3243 6
2954 3192 3009 3244 δὲ
3041 3192 3220 3263 ἱερεὺς
3245 3191 3503 3253 λοιπάδας
3526 3191 3785 3262 ἁμαρτη-

2201 3275 2384 3346 μάτων
2402 3291 2416 3305 ⁶
2445 3276 2650 3338 ἐκεῖνος
2675 3274 2993 3343 ἀναγκάζει,
3020 3267 3177 3338 οὗτος
3199 3275 3543 3345 παρακαλεῖ·
3575 3276 3784 3337 ἐκεῖνος

2196 3357 2432 3429 ἀνάγκη,
2480 3349 2634 3422 οὗτος
2667 3356 2892 3431 γνώμῃο
2943 3360 3149 3422 ἐκεῖνος
3177 3358 3315 3411 ὅπλα
3364 3357 3476 3428 ἔχει
3522 3356 3781 3425 αἱσθητά,

2196 3435 2349 3507 οὗτος
2360 3440 2501 3496 ὅπλα
2530 3441 2872 3511 πνευματικά
2889 3458 2904 3472 ·
2935 3441 3139 3504 ἐκεῖνος
3166 3441 3394 3512 πολεμεῖ
3416 3439 3553 3512 πρὸς
3583 3440 3791 3509 βαρϐά-

2199 3544 2348 3599 ρους,
2385 3527 2510 3596 ἐμοὶ
2551 3525 2783 3596 πόλεμος
2810 3524 2946 3595 πρὸς
2987 3524 3526 3595 δαίμονας.ηΜείζων
3562 3525 3596 3593 ή
3640 3524 3787 3593 ἀρχὴ

2199 3609 2337 3679 αὕτη
2361 3627 2375 3641 ’
2418 3608 2507 3662 διά
2529 3607 2688 3662 τοῦτο
2714 3609 2743 3661 6
2769 3606 3019 3677 βασιλεὺς
3044 3608 3145 3678 τὴν
3181 3607 3420 3677 κεφαλὴν
3453 3605 3556 3659 ὑπὸ
3596 3608 3789 3677 χεῖρας

2198 3692 2293 3746 τοῦ
2327 3692 2514 3763 ἱερέως
2538 3692 2681 3760 ἄγει,
2728 3691 2824 3745 καὶ
2848 3690 3123 3762 πανταχοῦ
3160 3693 3218 3745 ἐν
3250 3694 3318 3762 τῇ
3364 3690 3581 3761 Παλαιᾷ
3618 3691 3788 3761 ἱερεῖς

2203 3776 2453 3848 βασιλέας
2494 3775 2695 3846 ἔχριον.
2756 3774 2895 3828 Ἀλλ’
2939 3776 2968 3828 6
3016 3773 3267 3844 βασιλεὺς
3311 3776 3519 3837 ἐκεῖνος
3551 3772 3620 3826 τά
3676 3771 3788 3826 ίδια

2203 3861 2501 3932 σκάμματα
2539 3857 2804 3930 ὑπερϐὰς,
2853 3858 2944 3911 καὶ
2990 3858 3051 3911 τὸ
3106 3858 3303 3929 μέτρον
3353 3858 3451 3929 τῆς
3504 3856 3786 3926 βασιλείας

2201 3945 2558 4015 διαπηδήσας,
2578 3941 2726 4016 [128]
2745 3942 3054 4013 προσθεῖναι
3070 3942 3411 4013 ἐπεχείρησε,
3430 3940 3523 3994 καὶ
3538 3939 3791 4009 εἰσῆλθεν

2202 4029 2284 4091 εἱς
2306 4028 2367 4082 τὸ
2391 4027 2536 4099 ἱερὸν
2568 4028 2708 4098 μετά
2737 4026 3040 4091 αὐθεντίας,
3069 4026 3333 4095 θυμιᾶσαι
3357 4022 3547 4078 θέλων.
3585 4023 3653 4076 Τί
3692 4020 3791 4076 οὖν

2202 4113 2233 4165 6
2280 4110 2495 4180 ἱερεύς;
2553 4110 2667 4162 υὺκ
2718 4108 2893 4174 ἔξεστί
2940 4126 3042 4176 σοι,
3087 4109 3257 4173 Ὀζία,
3309 4108 3591 4179 θυμιᾶσαι.
3643 4107 3789 4177 Ὅρα

2205 4194 2535 4265 παρρησίαν,
2579 4192 2831 4263 φρόνημα
2879 4192 3198 4256 ἀδούλωτον,
3256 4191 3507 4261 γλῶσσαν
3552 4191 3787 4263 οὐρανοῦ

2205 4278 2538 4348 ἁπτομένην,
2600 4276 2912 4346 ἐλευθερίαν
2975 4277 3311 4347 ἀχείρωτον,
3374 4272 3665 4340 ἀνθρώπου
3725 4274 3792 4326 τὸ

2206 4362 2385 4431 σῶμα,
2420 4360 2513 4412 καὶ
2545 4359 2776 4427 ἀγγέλου
2820 4359 2881 4412 τὸ
2931 4358 3204 4430 φρόνημα.
3250 4358 3423 4428 χαμαὶ⁸
3481 4356 3788 4426 βαδίζοντα,

2206 4446 2298 4498 καὶ
2326 4445 2384 4497 ἐν
2417 4441 2630 4513 οὐρανῷ
2661 4442 3091 4513 πολιτευόμενον.
3125 4437 3246 4494 Εἷδε
3279 4440 3372 4494 τὸν
3402 4440 3647 4510 βασιλέα,
3694 4442 3792 4494 καὶ

2204 4531 2306 4582 οὐκ
2336 4525 2443 4581 εῐδε
2467 4527 2565 4597 τὴν
2602 4526 2913 4599 πορφύραν”
2974 4522 3081 4578 εἱδε
3126 4523 3219 4578 τὸν
3256 4524 3499 4594 βασιλέα,
3548 4523 3644 4576 καὶ
3686 4525 3792 4577 οὐκ

2206 4606 2311 4663 εἶδε
2344 4610 2406 4663 τὸ
2432 4609 2689 4679 διάδημα.
2734 4610 2825 4679 Μή
2880 4626 2968 4679 μοι
2996 4608 3121 4675 λέγε
3159 4606 3258 4677 τὴν
3308 4605 3604 4677 βασιλείαν,
3648 4606 3791 4659 ὅπου

2206 4693 2539 4764 παρανομία.
2598 4695 2720 4747 Οὐκ
2766 4692 2971 4756 ἔξεστί
3016 4707 3135 4753 σοι,
3174 4690 3462 4755 βασιλεῦ,
3501 4689 3793 4757 θυμιᾶσαι

2206 4780 2294 4843 εἱς
2322 4778 2394 4832 τὰ
2422 4778 2557 4847 ἅγια
2583 4778 2701 4830 τῶν
2728 4777 2910 4846 ἁγίων
2928 4794 2942 4807 ·
2966 4775 3313 4847 ὑπερϐαίνεις
3352 4775 3421 4827 τὰ
3463 4775 3790 4844 σκάμματα,

2208 4863 2275 4917 τά
2300 4864 2373 4934 μὴ
2400 4861 2655 4931 δεδομένα
2682 4861 2864 4927 ζητεῖς
2888 4876 2903 4890 ⁶
2942 4859 3031 4913 διά
3052 4859 3208 4912 τοῦτο
3238 4858 3331 4911 καὶ
3358 4858 3394 4912 ἃ
3426 4857 3616 4919 ἔλαϐες
3649 4858 3791 4911 ἀπο-

2207 4948 2337 5011 λεῖς.
2388 4946 2502 4999 Οὐκ
2543 4942 2720 5010 ἔξεστί
2771 4960 2851 4996 σοι
2881 4942 3164 5013 θυμιᾶσαι,
3200 4940 3335 4995 ἀλλά
3372 4943 3487 5005 τοῖς
3528 4940 3791 5011 ἱερεῦσιν.

2209 5045 2323 5098 Οὐκ
2348 5042 2463 5094 ἔστι
2497 5040 2587 5094 σὺν
2620 5040 2800 5099 τοῦτο,
2830 5038 2943 5091 ἀλλ’
2979 5036 3130 5108 ἐμόν.
3167 5036 3259 5107 Μὴ
3283 5034 3510 5108 ἥρπασά
3542 5051 3638 5087 σου
3686 5033 3796 5105 τὴν

2210 5123 2543 5196 πορφυρίδα;
2600 5120 2693 5192 Μὴ
2728 5120 2979 5192 ἀρπάσῃς
3022 5137 3124 5190 μου
3151 5120 3250 5189 τὴν
3284 5118 3603 5190 ἱερωσύνην.
3661 5119 3795 5170 οὐκ

2210 5208 2414 5273 ἔξεστί
2455 5222 2555 5260 σοι
2602 5203 2906 5273 θυμιᾶσαι,
2946 5204 3082 5258 ἀλλ’
3107 5202 3147 5269 ἧ
3190 5201 3316 5268 τοῖς
3349 5202 3571 5269 ἱερεῦσι
3607 5201 3628 5239 ί
3662 5201 3800 5267 τοῖς

2209 5292 2361 5359 υἱοῖς
2399 5288 2631 5357 Ἀαρών.
2672 5287 2827 5341 Μετά
2862 5286 3029 5340 πολὺν
3056 5286 3266 5355 χρόνον,
3305 5285 3441 5355 μετά
3474 5286 3572 5352 τὴν
3597 5283 3798 5336 τελευ-

2209 5378 2306 5447 τὴν
2350 5373 2560 5445 ’Δαρὼν
2579 5371 2736 5426 τοῦτο
2776 5370 3008 5438 ἐγένετο.
3039 5371 3147 5423 Kal
3171 5369 3258 5423 διὰ
3288 5369 3340 5422 τί
3366 5371 3465 5422 οὐκ
3492 5364 3635 5431 εἷπε,
3662 5368 3800 5430 Τοῖς

2213 5459 2435 5529 ἱερεῦσι,
2470 5455 2649 5526 μόνον,
2717 5454 2830 5507 ἀλλ’
2862 5453 3230 5523 ἐμνημόνευσε
3284 5452 3377 5504 καὶ
3416 5451 3510 5504 τοῦ
3546 5448 3799 5520 πατρόςς

2210 5544 2413 5614 Συνέϐη
2464 5542 2523 5594 ὲν
2565 5540 2759 5610 ἐκείνῳ
2792 5537 2870 5609 τῷ
2910 5539 3085 5610 χρόνῳ
3123 5537 3359 5591 τοιοῦτόν
3407 5554 3459 5589 τι
3511 5534 3798 5603 γενέσθαι.

2209 5626 2387 5681 Δαθάν
2418 5624 2527 5693 γάρ
2552 5624 2646 5678 καὶ
2684 5621 2945 5693 Ἀϐειρὼν
2974 5622 3070 5675 καὶ
3090 5622 3234 5690 Κορὲ
3262 5618 3750 5685 κατεπανέστησαν
3772 5619 3805 5659 ε

2206 5708 2299 5764 τοῦ
2353 5707 2559 5779 Ἀαρών
2583 5726 2596 5737 ·
2647 5705 2869 5776 ἠνοίχθη
2904 5706 2938 5774 ή
2968 5705 3061 5773 γῆ,
3117 5704 3211 5756 καὶ
3239 5702 3497 5756 κατέπιεν
3535 5698 3741 5761 αὐτούς
3780 5718 3799 5733 ο

2272 5812 2437 5864 tHec.
2461 5812 2557 5865 τοῖς
2579 5809 2773 5867 ἱερεῦσι,
2812 5809 3020 5856 deerant
3053 5808 3101 5855 in
3135 5805 3331 5861 1101121.,
3352 5804 3440 5853 sed
3472 5803 3718 5853 habentur
3742 5801 3802 5867 in

2204 5875 2351 5925 Savil.
2396 5878 2447 5923 iu
2488 5866 2813 5933 omnibusque
2853 5868 3249 5931 exemplaribus,
3297 5869 3524 5929 lectaque
3562 5872 3677 5916 sum
3726 5866 3801 5917 ab

2202 5938 2418 5989 Erasmo.

2266 6001 2293 6041 8
2316 6000 2426 6050 Duo
2446 6010 2560 6048 mss.
2586 5994 2984 6060 ὓπερανέστησαν.
