3992 6300
267 362 359 413 125

264 494 393 533 enim
421 474 725 545 arrogantia
753 473 940 544 pejus:
966 472 1085 528 ideo
1114 481 1282 527 totum
1309 485 1613 526 sermonem
1642 469 1695 523 in
1731 469 1834 525 hoc

266 568 367 622 heri
394 565 848 636 consumpsimus,
866 564 1165 636 superbiam
1194 563 1549 627 eliminantes,
1578 571 1633 616 et
1656 559 1835 615 humi-

265 642 455 711 litatem
493 655 775 712 docentes.

325 750 378 806 ι.
422 748 703 803 Humilitas
725 759 969 819 quantum
993 748 1198 803 bonum.
1222 745 1286 802 In
1306 758 1456 818 portu
1485 746 1831 819 naufragium.

269 839 347 895 Vis
363 840 454 893 tibi
476 839 651 894 dicam
673 850 930 909 quantum
951 840 1149 894 bonum
1175 839 1245 895 sit
1271 838 1562 905 humilitas,
1585 848 1640 894 et
1660 854 1833 909 quan-

265 942 367 987 tum
394 933 594 988 malum
622 932 967 1002 arrogantia?
1013 931 1269 987 Peccator
1310 931 1511 1000 justum
1541 930 1832 1000 superavit,

267 1026 568 1095 publicanus
579 1023 927 1087 Pharisacnm,
945 1032 1001 1078 et
1018 1023 1181 1077 verba
1197 1021 1347 1078 factis
1368 1020 1518 1077 fuere
1537 1022 1832 1090 superiora.

268 1116 534 1186 Quomodo
551 1115 712 1171 verba
731 1116 754 1169 ?
780 1114 1104 1171 Publicanus
1118 1113 1251 1172 dicit
1269 1133 1284 1170 :
1302 1114 1462 1179 Deus,
1473 1113 1721 1185 propitius
1731 1122 1836 1167 esto

276 1213 384 1265 mihi
411 1210 677 1283 peecatori.
709 1207 1011 1264 Pharisaeus
1035 1206 1165 1262 dicit
1189 1224 1203 1260 :
1228 1205 1349 1259 Non
1376 1222 1489 1261 sum
1507 1206 1636 1262 sicut
1661 1206 1833 1260 ceteri

280 1304 503 1368 homines,
535 1311 737 1371 raptor,
769 1308 862 1353 aut
900 1313 1112 1353 avarus.
1143 1296 1248 1353 Sed
1275 1297 1401 1368 quid
1424 1297 1446 1351 ἲ
1473 1295 1661 1366 Jejuno
1686 1295 1761 1350 bis
1779 1296 1835 1349 in

280 1401 483 1465 sabbato,
510 1397 728 1451 decimas
757 1396 822 1449 do
842 1395 903 1448 de
930 1392 1254 1463 facultatibus
1282 1395 1404 1446 meis
1436 1390 1590 1461 (Luc.
1622 1390 1715 1445 18.
1742 1390 1829 1445 15.

291 1497 360 1549 ll.
381 1493 497 1559 η).
527 1490 824 1546 Pharisoeus
852 1503 1014 1557 opem
1043 1485 1256 1553 iustitiae
1278 1483 1565 1554 praestabat
1594 1501 1608 1537 :
1645 1481 1822 1552 publi-

290 1601 431 1639 canus
456 1583 608 1638 verba
635 1581 844 1636 dicebat
861 1578 1200 1643 humilitatis,
1230 1585 1283 1631 et
1310 1574 1472 1629 verba
1497 1574 1614 1643 plus
1646 1581 1834 1644 potue-

295 1689 396 1733 runt
412 1690 558 1745 quam
585 1674 744 1737 facta,
777 1682 1058 1740 tantusque
1089 1669 1369 1724 thesaurus
1387 1664 1700 1720 exsufﬂatus
1721 1672 1825 1729 est,

295 1782 339 1825 ct
361 1780 482 1823 tanta
512 1768 683 1837 inapia
706 1766 759 1819 in
787 1764 999 1820 divitias
1021 1770 1369 1818 commutata.
1401 1759 1675 1814 Venerunt
1714 1756 1834 1813 dum

297 1878 435 1916 naves
456 1860 703 1914 habentes
724 1871 894 1920 onus;
924 1855 1096 1909 amba:
1146 1863 1356 1923 portum
1394 1852 1644 1921 ingressa
1669 1858 1831 1912 sunt;

294 1954 371 2010 sed
411 1952 706 2023 publicanus
745 1947 966 2019 pulchre
1010 1948 1064 2001 in
1109 1955 1318 2016 portum
1363 1943 1607 2013 appulit,
1640 1941 1828 1997 Phari-

296 2060 411 2099 sa-us
442 2054 614 2098 autem
642 2040 975 2109 naufragium
1002 2051 1286 2108 perpessus
1327 2044 1447 2101 est,
1494 2044 1550 2088 ut
1573 2032 1829 2096 disceres,

295 2148 514 2205 quintum
559 2133 681 2187 mali
711 2134 780 2187 sit
798 2131 962 2185 animi
993 2139 1187 2184 tumor.
1214 2127 1397 2183 Justus
1423 2141 1484 2180 es
1504 2124 1528 2179 ?
1549 2123 1626 2180 Ne
1651 2123 1832 2193 depri-

296 2245 389 2282 tnas
413 2229 616 2281 fratrem
667 2235 838 2279 tuum.
886 2223 1071 2279 Flores
1099 2233 1243 2277 recte
1276 2218 1471 2274 factis?
1517 2218 1595 2273 Ne
1637 2216 1831 2287 probra

291 2320 427 2389 iacias
479 2320 527 2374 in
590 2317 891 2387 proximum
917 2356 932 2380 ,
988 2324 1207 2383 tuasque
1272 2310 1457 2366 laudes
1515 2309 1827 2377 comprime.

294 2414 471 2480 Quanto
496 2410 665 2479 major
690 2425 768 2474 es,
799 2417 947 2463 tanto
987 2406 1154 2476 magis
1178 2404 1419 2474 deprime
1460 2402 1710 2473 teipsum.
1736 2402 1832 2457 At-

293 2505 421 2560 tende
439 2504 573 2571 quod
602 2502 798 2557 dicitur
818 2542 836 2568 ,
867 2499 1163 2555 carissime.
1207 2496 1565 2567 Magisjustus
1592 2501 1831 2549 metuere

291 2599 421 2653 debet
457 2595 811 2666 arrogantiam
862 2608 1022 2663 quam
1062 2599 1310 2660 peccator
1354 2589 1500 2643 :hoc
1540 2586 1656 2643 heri
1683 2585 1828 2641 dice-

289 2690 407 2754 bam,
440 2697 491 2744 et
523 2687 683 2743 hodie
705 2686 827 2742 dico
854 2693 1071 2755 propter
1092 2697 1188 2738 eos
1214 2682 1303 2752 qui
1334 2679 1450 2737 heri
1478 2680 1723 2744 aberant,
1758 2692 1826 2732 eo

288 2780 406 2851 quod
448 2788 689 2849 peccator
729 2776 924 2831 habeat
968 2773 1349 2829 conscientiam
1398 2786 1465 2827 ex
1512 2770 1831 2824 necessitate

288 2873 509 2927 humilem
550 2889 565 2926 :
611 2871 788 2940 justus
834 2878 1012 2923 autem
1066 2865 1138 2921 ob
1192 2862 1469 2920 benefacta
1519 2861 1827 2918 extollatur.

283 2961 709 3030 Quemadmodum
742 2959 903 3031 igitur
930 2958 991 3013 ﬁt
1013 2956 1065 3012 in
1078 2954 1323 3027 navigiis,
1348 2952 1440 3022 qui
1461 2967 1685 3009 vacuam
1713 2951 1812 3005 ha-

284 3057 393 3110 bent
408 3070 585 3111 navem
608 3095 624 3121 ,
664 3066 769 3107 non
800 3056 1044 3106 metuunt
1071 3046 1362 3117 piratarum
1388 3043 1642 3098 insultum
1671 3059 1685 3096 :
1716 3056 1827 3096 non

280 3148 408 3202 enim
437 3146 649 3201 veniunt
694 3151 755 3199 ut
793 3148 1075 3196 conteram
1100 3151 1289 3192 navem
1339 3134 1470 3190 nihil
1498 3132 1781 3189 vehentem
1811 3148 1825 3185 :

277 3249 327 3293 at
354 3240 383 3293 ii
419 3238 501 3307 qui
527 3250 720 3291 navem
744 3233 944 3288 habent
971 3238 1219 3285 onustam
1248 3269 1263 3294 ,
1293 3234 1538 3282 metuunt
1567 3225 1767 3296 piratas
1804 3241 1819 3279 :

275 3347 386 3386 nam
413 3331 571 3400 pirata
598 3329 723 3383 illuc
746 3331 1022 3398 properat,
1051 3321 1139 3377 ubi
1167 3335 1378 3385 aurum,
1400 3319 1488 3374 tibi
1510 3325 1817 3388 argentum,

279 3424 359 3477 ubi
390 3422 582 3493 lapides
610 3418 828 3490 pretiosi
856 3434 871 3472 :
900 3417 980 3471 sic
1018 3425 1074 3470 et
1100 3411 1345 3483 diabolus
1374 3425 1481 3465 non
1525 3408 1680 3464 facile
1704 3422 1829 3479 pec-

273 3526 487 3571 catorcm
524 3513 847 3586 aggreditur,
895 3508 991 3564 sed
1030 3507 1233 3577 justum
1274 3503 1470 3576 potius,
1516 3501 1606 3557 ubi
1647 3500 1829 3555 multa:

277 3617 384 3661 sunt
408 3621 553 3675 opes.
594 3604 856 3672 Quoniam
886 3614 1030 3668 saepe
1053 3594 1355 3667 arrogantia
1376 3610 1440 3649 ex
1470 3592 1681 3648 insidiis
1709 3592 1827 3647 dia—

276 3698 367 3751 boli
389 3698 574 3761 oritur,
594 3691 917 3764 vigilandum
945 3700 1028 3745 est
1056 3688 1095 3742 ¹.
1125 3687 1335 3757 Quanto
1364 3684 1534 3752 major
1564 3697 1645 3751 es,
1680 3692 1827 3737 tanto

274 3790 423 3859 magis
460 3786 701 3857 deprime
740 3782 990 3852 teipsum.
1020 3778 1152 3835 Cum
1186 3775 1492 3831 ascenderis
1533 3773 1586 3828 in
1626 3773 1827 3837 altum,

270 3896 390 3948 opus
413 3891 492 3934 εει
518 3887 578 3933 ut
616 3876 708 3931 tibi
735 3872 1029 3946 prospicias
1069 3884 1136 3925 ne
1177 3867 1358 3924 cadas.
1384 3866 1742 3934 Quamobrem
1771 3874 1827 3920 et

274 3973 507 4026 Dominus
539 3978 725 4024 noster
773 3965 906 4021 dicit
954 3981 969 4018 :
1006 3961 1133 4019 Cum
1173 3961 1341 4014 omnia
1368 3958 1605 4031 feceritis,
1629 3958 1778 4011 dicite
1810 3972 1828 4009 :

270 4064 469 4118 limttlcs
518 4061 649 4116 serui
694 4075 867 4114 sanius
926 4055 1076 4128 (Luc.
1127 4055 1215 4109 17.
1261 4052 1385 4123 10).
1435 4050 1571 4119 Quid
1621 4050 1829 4105 eﬂ‘erris

269 4157 430 4212 animo
456 4170 579 4210 cum
617 4153 695 4208 sis
720 4152 903 4216 homo,
930 4157 1186 4220 cognatus
1213 4157 1406 4213 terrm,
1436 4145 1675 4215 ejusdem
1703 4143 1830 4198 sub-

268 4247 461 4302 stantiae
498 4260 623 4300 cum
651 4243 854 4306 cinere,
903 4249 1014 4294 tum
1065 4248 1272 4299 natura,
1310 4245 1420 4291 tum
1465 4234 1667 4300 animo,
1715 4244 1827 4288 tum

270 4340 519 4393 actionum
566 4334 819 4391 delectu?
861 4330 1032 4387 Hodie
1060 4328 1228 4395 dives,
1256 4343 1374 4383 cras
1405 4342 1635 4397 pauper;
1668 4325 1829 4380 hodie

270 4448 434 4497 sanus,
464 4445 588 4485 cras
612 4435 882 4498 aegrotus;
915 4422 1074 4478 hodie
1100 4420 1323 4492 gaudes,
1354 4435 1476 4474 cras
1501 4417 1655 4472 doles
1680 4433 1696 4482 ;
1730 4416 1827 4470 ho-

270 4524 343 4577 die
370 4525 421 4577 in
448 4520 639 4591 gloria,
671 4531 794 4571 cras
820 4516 875 4569 in
896 4512 1187 4584 ignominia
1211 4527 1226 4574 ;
1261 4506 1674 4579 hodiejuvcnis,
1702 4520 1822 4560 cras

272 4628 435 4669 senex.
462 4611 600 4666 Num
644 4604 844 4677 aliquid
889 4605 941 4658 in
986 4602 1149 4659 rebus
1174 4601 1421 4656 humanis
1467 4597 1831 4658 consistit,ac

274 4722 360 4761 mm
383 4706 559 4776 potius
596 4700 834 4756 amnium
866 4693 1343 4766 przeterlluentium
1369 4705 1586 4746 cursum
1618 4688 1830 4743 imitan-

277 4811 344 4852 tur
369 4795 589 4852 omnia?
615 4792 749 4848 Nam
776 4788 934 4845 simul
955 4796 1116 4857 atque
1134 4790 1515 4855 apparuerunt,
1544 4780 1702 4836 citius
1728 4792 1829 4833 nos

278 4908 413 4957 quam
456 4888 650 4945 umbra
695 4884 1027 4952 relinquunt.
1082 4878 1220 4945 Quid
1262 4877 1420 4947 igitur
1459 4875 1627 4930 altum
1665 4871 1829 4939 sapis,

282 4983 431 5048 homo,
480 4982 658 5036 fumus
687 4986 743 5034 et
766 4972 1020 5031 vanitas?
1049 4970 1214 5025 Homo
1238 4970 1378 5024 enim
1404 4967 1613 5022 vanitati
1654 4964 1832 5019 similis

290 5079 421 5143 {nctus
464 5084 540 5128 est
585 5070 758 5143 (Psal.
800 5067 927 5123 145.
985 5065 1077 5131 4).
1136 5061 1302 5116 Veluti
1331 5065 1517 5132 {tenam
1569 5059 1674 5113 dies
1724 5058 1833 5121 eius

288 5164 423 5229 (Ptol.
454 5164 574 5220 102.
605 5162 715 5230 15).
747 5157 964 5217 Εεαηιὶι
992 5170 1220 5226 gramen,
1263 5163 1310 5207 et
1350 5153 1445 5222 ﬂos
1497 5152 1605 5219 ejus
1650 5149 1835 5202 decidit

289 5258 434 5324 (lsai.
465 5258 550 5314 to.
582 5254 679 5326 8).

346 5350 438 5404 Rex
479 5348 747 5404 sacerdotis
792 5360 897 5399 non
943 5354 1190 5409 usurpare
1235 5337 1375 5390 debet
1408 5334 1721 5406 dignitatem.
1764 5361 1836 5373 —

296 5438 393 5494 llzec
416 5441 525 5496 dico
550 5456 651 5495 non
678 5450 735 5492 ut
763 5432 1123 5492 substantiam
1140 5428 1457 5499 deprimam,
1480 5424 1573 5480 sed
1601 5434 1658 5478 ut
1686 5438 1834 5477 arro-

298 5533 487 5598 gantiam
513 5532 795 5588 refrenem.
825 5524 1042 5595 Alioqui
1073 5532 1127 5576 et
1146 5535 1333 5591 magna
1360 5534 1445 5573 res
1465 5528 1542 5572 est
1575 5517 1755 5578 homo,
1782 5523 1837 5568 et

303 5625 487 5688 pretiosa
526 5641 607 5681 res
646 5626 726 5679 vir
770 5619 1107 5677 misericors.
1153 5615 1350 5670 Verum
1394 5611 1479 5666 hic
1509 5611 1662 5665 Ozias
1713 5624 1833 5662 cum

349 5757 361 5786 ¹
390 5764 498 5807 Unus
517 5758 582 5808 sic
600 5759 787 5807 habet:
826 5750 1065 5808 (maniam
1101 5760 1167 5797 ea:
1203 5744 1483 5811 arrogantia
1518 5749 1716 5796 peccata
1754 5755 1836 5793 ttu-

302 5828 473 5883 tcuntar,
498 5833 735 5883 propterea
758 5813 1072 5881 vigilandum
1095 5818 1185 5862 est.

1259 356 1320 411 IN
1363 355 1583 421 lLLUD,
1628 354 1765 409 VIDI
1809 353 2133 423 DOMINUM,
2178 356 2403 412 ηυλιιιι..
2448 356 2533 412 l‘v'.

3423 354 3448 406 ί
3459 356 3523 403 2b

1943 482 2085 526 esset
2110 486 2205 527 rex
2229 471 2527 528 diademate
2554 474 2831 528 redimitus
2858 514 2873 538 ,
2902 474 3152 544 quioniam
3174 484 3289 529 erat
3323 475 3513 543 justus,

1941 562 2111 618 elatus
2144 571 2227 617 est
2263 564 2464 629 animo,
2494 572 2550 621 et
2586 564 2791 634 majore
2842 566 3028 635 spiritu
3057 573 3316 634 concepto
3357 583 3517 636 quam

1941 668 2038 723 pro
2066 654 2319 725 dignitate
2342 697 2357 720 ,
2388 655 2661 725 ingressus
2698 666 2781 711 est
2807 657 3083 726 templum.
3130 657 3196 714 Et
3239 658 3366 729 quid
3391 659 3523 714 dicit

1939 744 2249 814 Scriptura?
2294 744 2560 816 Ingressus
2601 754 2676 801 est
2722 756 2897 800 sancta
2937 759 3258 814 sanctorum,
3313 748 3547 831 aitque”

1949 834 2077 891 Volo
2102 836 2304 891 adolere
2328 838 2587 893 incensum
2621 837 2715 908 (2.
2752 837 2933 894 Paral.
2965 839 3055 894 26.
3090 841 3222 911 16).
3255 840 3366 901 Rex
3395 838 3543 895 cum‘

1938 928 2030 992 sit,
2057 927 2339 983 sacerdotii
2370 928 2721 999 principatum
2760 938 3001 1001 usurpat.
3032 928 3177 995 Volo,
3206 931 3379 1001 inquit
3420 933 3519 984 ad-

1939 1020 2075 1074 olere
2101 1021 2381 1088 incensum,
2407 1023 2529 1092 quia
2544 1021 2720 1091 justus
2742 1036 2889 1077 sum.
2910 1021 3018 1079 Sed
3047 1039 3202 1079 mane
3232 1024 3369 1079 intra
3401 1032 3521 1079 tuos

1940 1111 2235 1168 terminos:
2264 1112 2354 1167 alii
2393 1122 2518 1167 sunt
2545 1113 2755 1168 termini
2778 1114 2949 1184 regni,
2976 1112 3067 1168 alii
3100 1114 3311 1170 termini
3337 1130 3518 1171 sacer-

1938 1202 2071 1258 dotii
2114 1222 2129 1259 :
2161 1219 2346 1260 verum
2375 1204 2478 1259 hoc
2516 1204 2606 1259 illo
2630 1206 2805 1275 majus
2830 1214 2931 1261 est.
2962 1204 3143 1277 Neque
3165 1206 3310 1263 enim
3340 1223 3408 1262 ex
3433 1206 3519 1263 his

1937 1310 2056 1366 quat
2099 1295 2343 1351 videntur
2386 1295 2472 1351 hic
2517 1296 2817 1351 declaratur
2858 1312 2950 1351 rex
2979 1338 2994 1362 ,
3020 1312 3195 1368 neque
3235 1312 3267 1353 e
3291 1302 3516 1369 gemmis

1939 1385 2014 1439 illi
2039 1386 2236 1454 afﬁxis,
2258 1402 2430 1457 neque
2449 1403 2516 1442 ex
2538 1403 2669 1442 auro
2688 1404 2795 1458 quo
2822 1391 3049 1444 amictus
3068 1397 3174 1457 est,
3201 1388 3360 1445 debet
3384 1393 3520 1445 testi—

1940 1477 2070 1531 mari
2102 1492 2219 1532 rex.
2252 1476 2347 1533 Ille
2390 1479 2606 1549 quidem
2644 1493 2711 1534 ea
2736 1495 2855 1550 qua:
2882 1489 3007 1535 sunt
3033 1480 3086 1533 in
3118 1482 3276 1536 terris
3300 1482 3520 1536 sortitus

1938 1578 2022 1624 est
2064 1568 2484 1624 administranda
2518 1587 2531 1625 :
2558 1582 2812 1626 cmterum
2834 1571 3117 1626 sacerdotii
3144 1572 3230 1639 jus
3270 1587 3301 1627 e
3331 1587 3518 1641 supcr-

1941 1677 2023 1715 ms
2072 1661 2348 1717 descendit
2378 1681 2392 1717 :
2429 1662 2769 1730 Quantumque
2787 1664 2922 1717 enim
2942 1664 3211 1735 ligaveritis
3230 1680 3381 1733 super
3407 1675 3510 1717 ter-

1938 1768 2076 1816 ram,
2106 1762 2249 1805 erunt
2278 1754 2435 1823 ligata
2463 1764 2508 1809 et
2531 1756 2583 1808 in
2606 1755 2730 1809 carlo
2757 1755 2777 1825 (
2804 1753 2992 1810 Matth.
3020 1756 3107 1812 16.
3141 1756 3250 1827 19).
3286 1757 3415 1827 Regi
3441 1773 3503 1813 ea

1938 1856 2057 1912 quae
2098 1840 2185 1899 hic
2220 1855 2365 1911 sunt,
2406 1845 2691 1901 commissa
2720 1854 2866 1912 sunt,
2893 1845 3024 1901 mihi
3076 1848 3309 1904 cmlestia
3341 1867 3353 1901 :
3384 1849 3513 1902 mihi

1938 1948 2057 1987 cum
2087 1933 2240 1999 dico,
2269 1936 2603 1991 sacerdotem
2646 1937 2904 2009 intelligo.
2940 1938 3123 2011 Itaque
3150 1956 3273 1998 cum
3315 1941 3515 1996 videris

1937 2024 2269 2081 sacerdotem
2320 2026 2629 2098 indignum,
2671 2044 2741 2084 ne
2790 2030 3037 2086 traducas
3092 2032 3450 2087 sacerdotium
3500 2051 3513 2085 :

1938 2132 2043 2171 non
2086 2119 2230 2173 enim
2280 2130 2490 2188 oportet
2543 2120 2800 2177 damnare
2854 2138 2980 2189 res,
3029 2122 3122 2178 sed
3157 2139 3279 2181 eum
3320 2126 3409 2195 qui
3459 2142 3517 2179 re

1937 2207 2075 2262 bona
2129 2210 2268 2265 male
2324 2211 2521 2279 utitur;
2565 2213 2995 2283 quandoquidem
3040 2224 3094 2269 et
3130 2214 3295 2271 ludas
3338 2217 3517 2286 prodi-

1938 2308 2020 2353 tor
2049 2297 2167 2365 fuit,
2190 2315 2377 2355 verum
2405 2318 2510 2357 non
2537 2302 2606 2357 ob
2639 2304 2688 2357 id
2714 2316 2997 2359 accusatur
3012 2305 3144 2361 ordo
3164 2307 3512 2375 apostolicus,

1935 2392 2029 2447 sed
2058 2394 2197 2448 illius
2220 2395 2431 2451 animus
2462 2411 2591 2453 :nec
2612 2397 2817 2453 crimen
2836 2407 2917 2452 est
2945 2398 3251 2465 sacerdotii,
3282 2400 3375 2455 sed
3403 2416 3515 2457 ma-

1936 2483 2042 2538 lum
2070 2486 2252 2541 animi.

2003 2576 2057 2631 5.
2088 2576 2383 2631 Sacerdotes
2407 2578 2530 2632 mali
2548 2579 2884 2648 vituperandi,
2906 2595 3006 2633 non
3032 2580 3387 2638 sacerdotium.
3416 2581 3516 2635 Sa-

1932 2666 2190 2721 cerdotum
2240 2670 2405 2740 major
2450 2670 2669 2740 dignitas
2704 2687 2858 2741 quant
2902 2672 3049 2740 regis.
3100 2670 3329 2725 Historia
3378 2674 3510 2743 regis

1937 2754 2076 2811 Ozia:
2098 2758 2375 2830 peragitur.
2396 2790 2466 2800 —
2489 2760 2554 2815 Et
2582 2769 2635 2815 tu
2657 2761 2815 2831 igitur
2841 2777 2907 2817 ne
2928 2762 3281 2820 sacerdotium
3309 2763 3512 2831 vitupe-

1933 2864 2040 2915 res,
2082 2847 2177 2903 sed
2204 2849 2536 2906 sacerdotem
2573 2852 2714 2907 male
2758 2867 2818 2908 rc
2844 2853 2981 2907 bona
3014 2862 3269 2908 utentem.
3301 2853 3511 2909 Etenim

1932 2943 1976 2997 si
2005 2943 2124 3013 quis
2153 2951 2326 2998 tecum
2353 2943 2604 3014 disputet,
2632 2945 2877 3015 dicatque
2908 2964 2922 2998 :
2958 2946 3146 3002 Vidisti
3175 2945 3325 3001 illum
3355 2945 3509 3001 Chri-

1931 3036 2199 3089 stianum?
2224 3038 2544 3106 respondeto
2569 3054 2585 3093 :
2615 3039 2683 3092 At
2700 3053 2799 3107 ego
2822 3054 2927 3093 non
2946 3038 3014 3094 de
3036 3039 3297 3108 personis,
3320 3038 3414 3093 sed
3444 3038 3511 3093 de

1932 3125 2093 3182 rebus
2120 3127 2212 3201 tibi
2237 3127 2444 3197 loquor.
2473 3129 2682 3198 Alioqui
2707 3139 2835 3200 quot
2863 3129 3054 3185 medici
3084 3128 3207 3184 facti
3240 3138 3362 3183 sunt
3388 3147 3508 3184 car-

1933 3217 2134 3285 nilices,
2168 3232 2231 3274 ac
2254 3234 2456 3274 venena
2486 3236 2581 3289 pro
2618 3220 2915 3291 pharmacis
2940 3219 3237 3276 dederunt?
3273 3220 3389 3276 Non
3431 3230 3512 3274 ta-

1932 3326 2053 3366 men
2084 3318 2252 3366 artem
2299 3311 2562 3382 vitupero,
2607 3311 2700 3366 sed
2739 3312 2877 3367 male
2922 3323 3158 3368 utentem
3196 3321 3333 3367 arte.
3375 3312 3514 3378 Quot

1932 3414 2107 3459 nauta:
2148 3402 2288 3459 male
2332 3403 2704 3458 demerserunt
2745 3404 2989 3473 navigia?
3020 3403 3215 3459 Verum
3264 3418 3369 3458 non
3422 3417 3513 3456 ars

1932 3494 2210 3565 navigandi
2257 3494 2397 3549 mala
2436 3503 2536 3560 est,
2582 3494 2676 3548 sed
2723 3494 2893 3549 malus
2931 3492 3141 3548 illorum
3182 3494 3409 3549 animus.
3456 3493 3510 3548 Si

1930 3584 2259 3641 Christianus
2296 3584 2456 3640 fuerit
2471 3585 2767 3654 improbus,
2783 3601 2853 3641 ne
2868 3583 3085 3637 incuses
3095 3582 3286 3654 dogma
3304 3598 3405 3637 nec
3423 3597 3479 3635 sa
3494 3612 3510 3620 -

1930 3675 2249 3740 cerdotium,
2280 3676 2374 3731 sed
2392 3689 2448 3729 re
2472 3672 2613 3727 bona
2638 3679 2880 3727 utentem
2911 3667 3068 3722 male.
3112 3665 3242 3736 Regi
3285 3680 3508 3735 corpora

1930 3766 2214 3822 commissa
2241 3772 2384 3829 sunt,
2416 3759 2676 3816 sacerdoti
2703 3762 2929 3825 animat;
2963 3774 3058 3813 rex
3087 3758 3298 3813 residua
3345 3774 3505 3827 pecu-

1932 3858 2138 3912 niarum
2165 3854 2404 3917 remittit,
2427 3851 2679 3907 sacerdos
2698 3859 2875 3906 autem
2898 3849 3107 3905 residua
3136 3858 3468 3921 peccatorum
3492 3869 3504 3903 :

1932 3950 2019 4004 ille
2056 3946 2217 4018 cogit,
2259 3945 2346 4000 hic
2369 3942 2722 4000 exhortatur:
2750 3943 2840 3999 ille
2866 3943 3205 4006 necessitate,
3247 3941 3333 3995 hic
3376 3958 3509 3994 con-

1930 4040 2052 4095 silio
2076 4056 2089 4093 :
2123 4039 2211 4094 ille
2232 4037 2392 4092 habet
2416 4051 2561 4092 arma
2583 4034 2876 4102 sensibilis,
2904 4033 2989 4089 hic
3008 4049 3154 4089 arma
3176 4033 3466 4104 spiritualia
3494 4053 3505 4085 :

1933 4135 2021 4189 ille
2046 4131 2244 4188 bellum
2279 4132 2415 4200 gerit
2442 4145 2565 4185 cum
2601 4128 2858 4194 barbaris,
2892 4126 3021 4182 mihi
3069 4126 3264 4181 bellum
3304 4137 3385 4181 est
3412 4126 3509 4179 ad—

1934 4240 2117 4281 versus
2157 4223 2445 4279 daemones.
2488 4221 2655 4291 Major
2694 4219 2779 4275 hic
2822 4219 3184 4288 principatus;
3230 4226 3511 4287 propterea

1934 4335 2028 4373 rex
2056 4325 2215 4387 caput
2257 4315 2520 4370 submittit
2562 4314 2739 4367 manui
2781 4310 3095 4376 sacerdotis,
3131 4318 3185 4364 et
3224 4308 3419 4379 ubique
3458 4309 3511 4363 in

1930 4410 2104 4465 Veteri
2121 4407 2396 4477 Scriptura
2426 4404 2733 4461 sacerdotes
2763 4402 3085 4472 inungebant
3113 4416 3286 4469 reges.
3314 4399 3511 4454 Verum

1934 4517 2027 4556 rex
2052 4498 2140 4555 ille
2164 4512 2258 4552 sua
2288 4496 2588 4551 transiliens
2618 4502 2787 4564 septa,
2812 4492 3131 4562 modumque
3162 4491 3311 4561 regni
3335 4499 3511 4545 trans-

1932 4608 2172 4667 gressus,
2207 4602 2428 4647 conatus
2470 4598 2554 4645 est
2589 4589 2785 4658 aliquid
2815 4587 3028 4651 addere,
3059 4596 3217 4655 atque
3245 4586 3515 4654 ingressus

1932 4697 2016 4743 est
2035 4685 2289 4754 templum
2309 4698 2429 4737 cum
2450 4678 3053 4741 auctoritate,incensum
3072 4678 3291 4732 adolere
3307 4676 3512 4731 volens.

1934 4776 2069 4846 Quid
2097 4776 2255 4847 igitur
2278 4772 2563 4828 sacerdos?
2588 4770 2703 4825 Non
2733 4769 2856 4824 licet
2882 4767 2995 4835 tibi,
3018 4767 3168 4834 Ozia,
3198 4766 3413 4821 adolere
3438 4766 3517 4818 in-

1934 4883 2173 4925 censum.
2210 4865 2345 4920 Vide
2375 4865 2693 4927 libertatem,
2736 4860 2856 4915 vide
2896 4868 3129 4914 mentem
3170 4858 3375 4912 servire
3420 4874 3516 4909 nc-

1936 4960 2121 5023 sciam,
2171 4957 2291 5011 vide
2338 4955 2567 5025 linguam
2596 4952 2756 5008 czclos
2797 4952 3174 5021 attingentem,
3220 4947 3517 5001 libertatem

1937 5053 2207 5117 invictam,
2256 5049 2375 5104 vide
2426 5047 2655 5102 hominis
2682 5060 2895 5115 corpus,
2928 5054 2981 5099 et
3022 5040 3199 5109 angeli
3244 5049 3514 5092 mentem:

1936 5147 2055 5202 vide
2081 5144 2225 5200 humi
2254 5140 2660 5213 ingredientem,
2692 5148 2747 5194 et
2776 5138 2829 5191 in
2868 5137 2999 5192 caelo
3026 5141 3346 5190 versantem.
3378 5129 3522 5185 Vidit

1938 5256 2142 5313 regem,
2184 5254 2289 5293 non
2339 5236 2470 5290 vidit
2506 5247 2789 5304 purpuram
2828 5248 2842 5284 :
2875 5229 3008 5283 vidit
3036 5242 3237 5297 regem,
3264 5240 3363 5278 nec
3387 5222 3528 5277 vidit

1938 5332 2199 5387 diadema.
2230 5328 2308 5384 Nc
2333 5327 2458 5381 mihi
2484 5326 2683 5381 dixeris
2708 5338 2827 5379 esse
2856 5318 3213 5389 regnum,,uhi
3240 5324 3320 5370 est
3343 5315 3517 5383 legum

1942 5420 2309 5490 transgressio.
2344 5418 2466 5473 Non
2497 5419 2608 5471 licet
2637 5415 2743 5476 tibi,
2774 5429 2885 5478 rex,
2913 5411 3114 5467 adolere
3148 5408 3413 5468 incensum
3436 5402 3514 5453 in-

1940 5524 2018 5567 tra
2044 5522 2217 5566 sancta
2255 5522 2541 5564 sanctorum
2574 5507 2649 5578 (9..
2683 5505 2862 5558 Paral.
2904 5501 2997 5554 26.
3032 5500 3159 5567 18);
3190 5496 3527 5552 transcendis

1942 5614 2111 5675 septa,
2140 5603 2335 5672 quzcris
2365 5601 2458 5655 tibi
2501 5615 2604 5653 non
2636 5609 2888 5650 concessa
2919 5611 2930 5644 :
2965 5591 3084 5644 idco
3113 5606 3230 5659 quin
3265 5588 3520 5655 accepisti

1943 5699 2152 5766 perdes.
2182 5692 2304 5746 Non
2333 5693 2445 5746 licet
2475 5691 2563 5743 tibi
2586 5687 2788 5744 adolere
2816 5685 3071 5737 incensum
3089 5724 3102 5744 ,
3135 5681 3222 5733 sed
3250 5680 3522 5734 sacerdoti-

1942 5792 2031 5847 bus
2055 5790 2187 5843 istud
2225 5788 2398 5839 datum
2439 5793 2526 5838 cst.
2558 5780 2674 5834 Non
2714 5788 2858 5831 tuum
2900 5783 2983 5829 est
3020 5772 3140 5839 hoc,
3182 5770 3277 5827 scd
3320 5784 3517 5826 meum.
