3992 6300
175 381 261 439 129

191 786 345 836 tiossm
369 792 505 846 tunc,
536 799 643 837 non
673 795 789 838 erat
813 804 974 840 sermo
1000 788 1280 842 vatirinans
1307 789 1379 859 (1.
1410 787 1539 861 Reg.
1568 791 1621 845 3.
1652 790 1706 860 1)
1739 807 1753 844 :

192 875 274 927 hoc
298 883 393 936 est,
440 889 545 926 non
588 874 967 945 alloquebatur
992 877 1110 932 illos
1136 893 1231 947 per
1271 880 1554 948 prephetas
1593 882 1753 947 Dens,

191 981 272 1019 nec
299 966 587 1037 inspirabat
611 968 665 1021 in
698 983 793 1022 eos
821 968 1050 1037 Spiritus
1072 985 1167 1039 per
1190 986 1346 1042 quem
1374 972 1751 1043 loquebantur,

190 1060 293 1127 quia
317 1059 645 1114 immundum
673 1076 843 1130 penes
868 1077 927 1117 se
951 1062 1215 1118 habebant
1246 1082 1258 1116 :
1289 1080 1461 1135 neque
1498 1066 1640 1121 enim
1666 1083 1753 1121 so-

191 1152 252 1204 let
278 1152 571 1206 immundos
598 1151 783 1209 afﬂare
822 1153 1051 1223 Spiritus
1078 1156 1267 1225 gratia.
1313 1156 1601 1228 Propterea
1646 1174 1749 1212 non

191 1244 374 1305 aderat,
394 1258 500 1296 non
521 1244 816 1312 apparebat
840 1244 1138 1315 prophetis,
1164 1245 1256 1301 sed
1277 1247 1398 1302 silet
1423 1259 1473 1302 et
1498 1249 1746 1303 occultat.

192 1332 251 1387 lit
294 1346 462 1388 autem
516 1334 659 1403 quod
717 1335 838 1389 dico
895 1335 1235 1390 manifestum
1290 1337 1561 1401 reddatur,
1617 1338 1748 1393 illud

190 1426 414 1494 exemplo
432 1426 737 1481 declarabo.
761 1426 989 1481 Perinde
1008 1429 1157 1497 quasi
1187 1429 1446 1499 quispiam
1469 1446 1590 1500 erga
1617 1431 1750 1485 alte-

192 1535 293 1571 rum
326 1517 458 1571 bene
495 1516 737 1582 aﬂ'ectus,
776 1518 846 1573 ab
881 1534 948 1574 eo
984 1519 1182 1576 furiose
1228 1521 1385 1575 fuerit
1424 1522 1657 1577 oﬁ'ensus
1692 1523 1746 1578 in

194 1624 244 1661 re
266 1608 449 1676 aliqua,
484 1617 539 1663 et
559 1608 703 1662 dicat
722 1608 796 1663 illi
822 1626 835 1661 :
860 1608 975 1664 Non
997 1611 1226 1679 amplius
1252 1627 1337 1667 me
1366 1612 1572 1668 videbis
1600 1632 1614 1667 :
1639 1630 1744 1669 non

189 1699 355 1767 104nm
391 1708 563 1753 tecum
615 1717 629 1752 :
669 1700 748 1754 sic
792 1710 903 1754 tum
947 1702 1054 1771 egit
1100 1703 1261 1757 Deus.
1305 1703 1743 1775 Quandoquidem

194 1790 317 1842 enim
357 1804 456 1843 non
482 1791 753 1859 ejicientes
782 1792 963 1847 Oziam
994 1794 1138 1848 illum
1172 1795 1456 1861 irritarant,
1487 1796 1603 1852 Non
1632 1812 1746 1852 am-

192 1880 330 1949 plius,
355 1880 541 1949 inquit,
572 1880 843 1951 prophetis
882 1885 1071 1939 vestris
1107 1884 1319 1955 loquor,
1366 1903 1475 1941 non
1516 1889 1743 1959 amplius

191 1971 393 2041 Spiritus
418 1973 640 2041 gratiam
686 1975 858 2028 mitto.
905 1974 1037 2031 Vide
1075 1976 1388 2047 supplicium
1420 1978 1742 2051 benignitate

194 2064 440 2118 refertum.
468 2064 581 2119 Non
613 2066 754 2121 enim
786 2067 1005 2123 fulmina
1034 2069 1273 2136 immisit,
1302 2086 1477 2142 neque
1506 2072 1741 2129 funditus

195 2155 352 2210 urbem
377 2159 678 2224 concussit;
706 2159 799 2213 sed
830 2159 987 2230 quid?
1024 2159 1140 2216 Non
1180 2163 1338 2218 vultis
1379 2179 1466 2219 me
1511 2166 1738 2223 ulcisci?

196 2245 368 2315 inquit;
399 2263 502 2301 non
529 2249 803 2318 colloquor
833 2252 1126 2307 vobiscum.
1168 2254 1359 2309 Annon
1400 2256 1541 2310 enim
1585 2265 1735 2326 pote-

195 2352 285 2391 nun
309 2339 448 2393 illum
474 2339 709 2410 ejicere?
736 2341 935 2397 Verum
961 2344 1100 2414 quod
1143 2347 1397 2410 restabat,
1427 2349 1578 2403 vobis
1606 2350 1737 2405 reli-

194 2442 308 2483 ctum
341 2447 457 2487 esse
507 2433 672 2487 volui.
713 2434 829 2489 Non
870 2437 1061 2492 vultis?
1101 2436 1285 2508 Neque
1326 2454 1426 2509 ego
1460 2441 1739 2511 colloquor

195 2523 453 2587 rubiscum,
502 2539 677 2594 neque
706 2526 884 2581 excito
915 2528 1287 2598 prophetarum
1316 2531 1572 2586 animum.
1617 2533 1734 2587 Non

191 2615 347 2681 agebat
372 2614 421 2667 in
443 2614 523 2669 eis
554 2614 783 2685 Spiritus
817 2618 1006 2687 gratia,
1035 2619 1302 2675 silentium
1327 2630 1462 2688 erat,
1490 2623 1735 2678 simultas

188 2702 305 2757 inter
325 2705 481 2759 Deum
523 2715 581 2761 et
621 2706 889 2763 homines.
930 2707 1062 2765 Cum
1108 2711 1265 2781 igitur
1304 2713 1393 2768 ille
1433 2725 1551 2784 post
1593 2724 1735 2771 esset

187 2807 415 2864 mortuus,
446 2799 653 2854 sublata
682 2810 765 2856 est
793 2810 847 2857 et
876 2802 1201 2873 impurorum
1222 2806 1453 2860 occasio.
1485 2806 1623 2877 Ergo
1644 2807 1733 2863 ubi

186 2893 409 2960 propheta
440 2894 609 2949 multo
638 2903 878 2966 tempore
917 2897 1161 2953 desiisset
1191 2900 1502 2969 praedicere,
1534 2902 1732 2971 illeque

182 2982 369 3036 silentio
394 2984 560 3038 soluta
589 2985 776 3041 fuisset
813 2988 891 3042 ira
921 2988 1034 3053 Dei,
1080 2990 1237 3045 rediit
1270 2992 1563 3062 prophetia.
1596 2993 1732 3049 l'linc

181 3081 409 3144 propheta
439 3080 743 3134 necessario
768 3080 1013 3151 designat
1036 3084 1220 3138 mortis
1247 3096 1471 3155 tempus,
1503 3086 1683 3141 dicens
1713 3106 1727 3142 :

179 3166 235 3219 Et
258 3169 436 3236 factum
463 3182 535 3225 est
574 3188 732 3239 anno,
762 3189 861 3243 quo
891 3184 1119 3229 mortuus
1159 3185 1232 3229 est
1282 3175 1433 3231 Ozias
1474 3195 1585 3243 rex,
1628 3180 1731 3233 vidi

178 3256 427 3313 Dominum
454 3263 704 3316 sedatum
731 3264 787 3317 in
808 3266 937 3319 solio
963 3267 1160 3321 excelso
1180 3276 1226 3321 et
1252 3269 1457 3324 elevato.
1487 3271 1620 3325 Cum
1640 3274 1729 3327 ille

175 3360 389 3405 mortuus
412 3362 577 3419 esset,
608 3363 718 3408 tum
745 3355 850 3410 vidi
890 3355 1191 3413 Dominum.
1217 3357 1351 3414 Nam
1380 3369 1531 3415 antea
1561 3363 1726 3418 Deum

176 3457 265 3494 non
304 3442 541 3499 videbam
586 3448 742 3502 nobis
784 3449 997 3503 iratum.
1041 3450 1197 3506 Venit
1236 3467 1381 3507 mors
1422 3453 1634 3525 impuri,
1675 3466 1730 3512 et

175 3533 310 3586 solut
352 3535 504 3589 iram.
554 3537 705 3592 Hanc
745 3540 817 3595 ob
858 3557 1106 3610 causam,
1152 3559 1273 3598 cum
1316 3546 1507 3616 ubique
1545 3564 1728 3619 regum

174 3626 315 3679 vitam
344 3639 749 3694 commemoret,
774 3631 861 3686 hic
888 3643 1111 3688 mortem
1140 3635 1271 3690 dixit
1296 3634 1439 3692 Otia:
1468 3656 1481 3693 :
1511 3637 1728 3694 Factum

174 3728 233 3769 est
256 3718 302 3772 in
326 3736 475 3785 anno,
504 3738 605 3788 quo
629 3732 857 3778 mortuus
895 3736 969 3780 est
1012 3725 1162 3783 Ozias
1186 3746 1296 3795 rex,
1328 3730 1430 3784 vidi
1455 3729 1727 3786 Dominum

166 3811 393 3866 scdmtem
433 3813 487 3867 in
524 3814 656 3869 solio
702 3817 897 3873 excelso
939 3828 985 3873 et
1027 3821 1232 3877 elevato.
1285 3825 1363 3878 Ac
1408 3808 1611 3880 rursus
1640 3825 1728 3881 hic

171 3908 506 3977 rontemplare
534 3909 631 3964 Dei
659 3910 972 3966 bonitatem.
997 3912 1230 3970 Mortuus
1271 3925 1353 3971 est
1377 3917 1636 3986 impurus,
1672 3928 1728 3974 et

172 3994 289 4052 Deus
327 4000 709 4057 reconciliatus
755 4010 837 4057 est
889 4002 1205 4061 hominibus.
1236 4006 1592 4073 Quamobrem
1625 4009 1727 4064 hoc

171 4089 336 4143 factum
364 4102 470 4157 est,
495 4107 620 4147 cum
647 4092 777 4147 nihil
806 4102 950 4149 esset
977 4104 1121 4151 recte
1164 4094 1441 4164 factorum,
1481 4099 1574 4154 sed
1606 4109 1723 4153 tan-

170 4195 257 4236 tum
284 4184 372 4239 ille
403 4196 652 4239 mortuus
686 4185 873 4241 esset?
908 4186 1170 4254 Quoniam
1213 4187 1472 4244 humanus
1512 4200 1593 4246 est
1622 4190 1726 4245 Do-

171 4274 334 4341 minus,
363 4290 466 4331 nec
506 4276 562 4329 in
604 4276 796 4333 talibus
836 4279 945 4348 agit
984 4277 1220 4333 severius
1259 4297 1279 4333 :
1323 4296 1484 4334 unum
1518 4289 1724 4335 tantum

172 4369 416 4433 quaerebat
456 4368 731 4423 beneﬁcus
778 4369 937 4435 Deus,
985 4379 1042 4423 ut
1082 4371 1252 4425 exiret
1294 4371 1551 4441 impurus.
1600 4373 1725 4427 Haec

176 4458 316 4527 itaque
352 4474 475 4515 cum
519 4461 777 4525 sciamus,
807 4462 1160 4529 arrogantiam
1186 4461 1519 4531 abjiciamus,
1547 4463 1724 4518 humi-

176 4548 338 4605 litatem
363 4553 774 4623 amplectamur,
818 4554 1028 4607 solitam
1069 4555 1288 4625 gloriam
1317 4557 1600 4613 offeramus
1622 4558 1720 4612 Pa-

181 4643 227 4693 tri
249 4653 296 4697 et
315 4644 450 4698 Filio
473 4653 530 4699 et
556 4644 777 4714 Spiritui
818 4654 1027 4711 sancto,
1069 4662 1208 4702 nunc
1239 4657 1291 4703 et
1329 4663 1560 4719 semper,
1588 4658 1643 4704 et
1670 4648 1723 4705 in

182 4734 335 4790 secula
360 4736 710 4791 saeculorum.
739 4735 933 4791 Amen.

187 4903 228 4961 la
246 4908 422 4964 dictum
452 4908 587 4965 illud
619 4907 773 4963 Isaia:
798 4907 1080 4978 propheta:
1107 4928 1119 4963 :
1146 4907 1359 4963 Factum
1382 4919 1454 4963 est
1489 4910 1542 4963 in
1566 4928 1721 4969 anno,

240 5017 314 5066 quo
338 5014 565 5056 mortuus
594 5011 671 5055 est
700 4999 854 5054 Ozias
878 5017 970 5055 rex
992 5042 1007 5063 ,
1036 5001 1138 5053 vidi
1168 5000 1434 5055 Dominum
1474 5001 1492 5071 (
1509 5001 1634 5055 Isai.
1667 5002 1721 5057 6.

246 5094 263 5145 l
288 5094 334 5162 )z
354 5104 405 5148 et
429 5092 822 5149 demonstratio
842 5092 983 5161 quod
1009 5092 1163 5147 Ozias
1183 5093 1300 5161 jure
1326 5093 1484 5147 fuerit
1507 5094 1724 5148 allectus

247 5184 396 5252 lepra,
424 5184 569 5255 quod
611 5193 808 5253 praeter
834 5183 1145 5253 dignitatem
1196 5184 1468 5238 incensum
1499 5184 1725 5238 obtulis-

247 5285 346 5340 set,
371 5276 419 5331 id
447 5275 591 5347 quod
633 5291 742 5330 non
773 5273 899 5330 licet
926 5275 1142 5344 regibus
1162 5315 1178 5342 ,
1210 5276 1304 5331 sed
1338 5275 1721 5331 sacerdotibus.

746 5432 1031 5490 HOMILIA
1072 5432 1135 5487 V.

254 5564 295 5616 l.
329 5566 427 5637 Age
463 5567 780 5639 expositioni
828 5566 898 5622 de
946 5565 1075 5620 Ozia
1125 5575 1315 5635 empta:
1361 5567 1518 5621 hodie
1567 5567 1725 5621 ﬁnem

195 5649 516 5726 imponamus,
565 5658 831 5730 fastigium
883 5656 1117 5712 sermoni
1158 5656 1267 5727 jam
1316 5657 1609 5723 addamus,
1661 5674 1729 5713 ne

201 5751 374 5813 quando
391 5768 479 5807 nus
492 5770 695 5825 quoque
706 5753 1070 5831 derideamur,
1101 5751 1546 5821 quemadmodum
1567 5770 1729 5807 evan-

204 5837 588 5914 gelicusillc,qui
612 5856 900 5916 aggressus
935 5844 1199 5903 aediﬁcare
1228 5848 1435 5915 tuirim,
1469 5851 1725 5920 perlicere

1234 400 1302 456 IN
1335 401 1553 466 ILLUD,
1598 402 1731 457 VlDl
1772 403 2100 478 DOlllNUM,
2144 412 2373 471 llOlllL.
2406 416 2473 475 ν.

172 504 431 576 interrupit
456 508 818 579 prephetizn;
854 528 915 569 ac
942 514 1129 570 merito
1164 532 1309 571 sane.
1351 517 1479 571 Nam
1510 518 1759 578 quioniam

178 598 331 669 legem
357 597 524 667 ipsius
569 601 881 671 violarant,
914 613 967 660 et
1000 606 1191 675 ejicere
1217 607 1546 662 immundum
1572 607 1761 662 timue-

187 696 304 751 rant,
328 688 717 759 pmpheticum
749 694 897 750 sistit
923 695 1115 750 donum
1146 715 1159 750 :
1188 696 1259 750 Et
1287 700 1488 753 verbum
1513 709 1619 753 erat
1645 716 1759 770 pre-

3350 433 3449 485 He

1868 536 1972 576 non
1998 530 2164 593 potuit
2194 547 2207 584 :
2237 548 2302 586 ne
2328 533 2447 603 quis
2476 533 2763 607 aliquando
2791 550 3223 612 prmtereuntium
3253 551 3319 606 de
3351 571 3445 607 n0~

1866 613 1948 713 bis
1970 634 2182 689 quoque
2206 622 2348 713 dicat
2380 642 2395 680 :
2439 625 2541 680 Hic
2567 631 2718 685 homo
2749 636 2896 703 ccpit
2927 637 3202 707 wdiﬁcare,
3235 660 3322 697 nec
3354 664 3444 713 po-

1864 707 1957 759 tuit
1982 711 2221 779 perﬁcere
2250 712 2400 785 (Luc.
2434 718 2521 773 Η.
2562 719 2674 792 30).
2712 723 2905 780 Verum
2934 745 3037 795 quo
3065 732 3214 787 vobis
3255 707 3445 790 diluci-

1861 797 2010 853 diora
2043 803 2171 859 ﬁant
2198 821 2314 875 qua:
2335 808 2597 878 dicentur,
2623 829 2687 867 ex
2720 814 2782 869 iis
2808 834 2925 884 qum
2942 821 3080 875 dicta
3106 835 3230 877 sunt
3252 841 3443 894 nuper,

1860 903 2038 958 Operm
2064 896 2289 961 pretium
2319 900 2422 953 erit
2452 916 2614 970 pauca
2639 916 2911 974 repetere,
2944 926 3009 964 ne
3038 915 3209 982 capite
3232 926 3441 972 trunca-

1861 988 1945 1034 tus
1971 996 2151 1037 sermo
2177 997 2360 1043 noster
2386 991 2608 1059 prodeat
2638 995 2688 1049 in
2721 997 2995 1065 spirituale
3026 1003 3316 1071 theatrum,
3346 1009 3438 1062 scil

1857 1084 2166 1143 recuperata
2234 1079 2368 1136 facie
2414 1097 2508 1137 sua
2557 1083 2709 1141 facile
2760 1103 2791 1142 a
2833 1094 3221 1159 spectatoribus
3272 1102 3439 1167 possit

1856 1166 2092 1231 agnosci.
2149 1167 2202 1222 Id
2247 1172 2389 1225 enim
2423 1176 2621 1243 pariter
2648 1186 2703 1231 et
2732 1178 2794 1232 iis
2820 1182 2907 1249 qui
2960 1166 3283 1253 audierunt,
3337 1194 3440 1247 erit

1856 1257 2128 1312 memoriae
2164 1265 2471 1331 renovatio,
2502 1276 2555 1321 et
2606 1268 2670 1323 iis
2695 1271 2783 1340 qui
2827 1288 2931 1327 non
2973 1275 3291 1347 audierunt,
3339 1283 3434 1335 do-

1853 1346 2040 1399 etrina.
2058 1346 2236 1419 Nuper
2262 1352 2418 1422 igitur
2442 1356 2670 1413 diximus
2691 1376 2847 1431 quam
2871 1364 3024 1419 fuerit
3050 1368 3167 1436 pius
3186 1346 3360 1436 Ozias,
3383 1384 3436 1429 et

1852 1438 2120 1503 quomodo
2149 1445 2384 1498 evaserit
2413 1445 2684 1516 improbus
2703 1493 2717 1516 ,
2750 1461 2804 1507 et
2834 1455 2973 1509 unde
3002 1472 3186 1521 orsus,
3218 1477 3322 1531 quo
3346 1479 3435 1517 su-

1851 1527 2374 1621 perbiaeprolapsus
2422 1538 2541 1593 sit:
2588 1541 2746 1599 hodie
2792 1559 2921 1601 vero
2965 1527 3250 1605 dicendum
3296 1557 3430 1621 erit,

1849 1620 2117 1686 quomodo
2169 1627 2424 1695 templum
2456 1630 2724 1699 ingressus
2752 1635 2851 1699 sit,
2896 1640 3161 1706 quomodo
3216 1620 3433 1699 tentarit

1848 1709 2064 1765 adolere
2103 1712 2410 1779 incensum.
2458 1723 2726 1788 quomodo
2771 1726 3099 1793 prohibuerit
3147 1732 3293 1788 illum
3338 1750 3429 1789 sa-

1847 1800 2059 1868 cerdos,
2078 1807 2343 1872 quomodo
2365 1808 2453 1864 ille
2470 1825 2576 1865 non
2598 1816 2840 1880 cesserit,
2858 1820 3125 1888 quomodo
3150 1824 3199 1876 in
3223 1840 3281 1879 se
3305 1842 3429 1893 pro-

1848 1895 2115 1950 vocaverit
2154 1896 2284 1951 iram
2315 1899 2443 1967 Dei,
2473 1906 2741 1972 quomodo
2783 1906 2944 1977 lcpne
2973 1911 3233 1968 obnoxius
3264 1917 3425 1970 vitam

1847 1984 2076 2053 ﬁnierit,
2107 1997 2161 2043 et
2202 2006 2359 2061 quam
2389 1993 2459 2048 ob
2483 2010 2697 2051 causam
2745 2001 3001 2069 propheta
3052 2010 3425 2072 pra-tenuissis'

1845 2077 1967 2132 vita:
2013 2080 2151 2135 illius
2177 2082 2363 2140 diebus
2386 2126 2401 2149 ,
2430 2090 2618 2143 mortis
2662 2089 2847 2146 fecerit
2889 2096 3214 2151 mentionem
3243 2099 3310 2151 ita
3339 2100 3421 2153 lu-

1842 2184 2013 2239 quens
2041 2189 2056 2227 :
2088 2172 2268 2241 Anno,
2298 2192 2397 2245 quo
2420 2189 2646 2233 mortuus
2673 2191 2749 2233 est
2779 2181 2932 2237 Ozias
2956 2201 3045 2239 rea:
3073 2186 3225 2257 (lsai.
3256 2188 3306 2243 6.
3342 2191 3420 2259 l).

1844 2260 1967 2315 llaec
1994 2264 2134 2318 enim
2178 2280 2334 2320 causa
2366 2267 2464 2323 fuit
2492 2284 2588 2324 cur
2611 2278 2775 2327 totam
2806 2273 2873 2327 ab
2893 2276 3113 2332 exordio
3139 2277 3418 2336 historiam

1841 2360 2226 2423 tractaremns;
2255 2358 2349 2413 sed
2373 2361 2668 2418 auscultate
2693 2364 2995 2435 diligenter.

1912 2445 2065 2517 Regis
2120 2450 2463 2505 sacerdotium
2507 2453 2787 2509 invadentis
2833 2456 3065 2511 audacia.
3126 2459 3418 2517 Sacerdotis

1838 2547 2026 2606 quarm
2060 2549 2296 2607 potestas.
2315 2571 2388 2582 —-
2408 2542 2476 2597 Et
2496 2548 2686 2614 factum
2727 2557 2837 2612 est,
2866 2549 3035 2620 inquit
3058 2591 3075 2615 ,
3120 2568 3234 2607 cum
3274 2556 3417 2609 inva-

1839 2626 2010 2680 luisset
2038 2626 2191 2683 Ozias
2217 2647 2308 2685 ra:
2324 2672 2341 2698 ,
2367 2633 2552 2686 elatum
2574 2645 2645 2688 est
2671 2652 2759 2689 cor
2776 2638 2887 2708 ejus
2904 2680 2919 2705 ,
2946 2656 3099 2709 usque
3137 2643 3207 2696 ad
3238 2661 3413 2698 corru-

1839 2722 2076 2789 ptionem,
2098 2731 2147 2776 et
2166 2724 2406 2794 injuriam
2428 2729 2544 2796 fecit
2568 2729 2622 2781 in
2649 2728 2863 2785 Domino
2887 2730 2996 2787 Deo
3022 2750 3113 2788 suo
3135 2735 3212 2804 (2.
3234 2735 3411 2791 Paral.

1834 2812 1924 2866 26.
1950 2812 2062 2884 16).
2086 2815 2215 2884 Quis
2242 2817 2449 2886 injuria:
2474 2820 2705 2876 modus?
2726 2821 2994 2894 Ingressus
3017 2836 3117 2892 est,
3141 2828 3329 2898 inquit,
3361 2834 3413 2885 in

1836 2906 2078 2974 templum
2104 2907 2328 2976 Domini,
2352 2920 2405 2963 at
2424 2911 2649 2966 adoleret
2674 2915 2930 2969 incensam
2950 2933 3102 2986 super
3119 2920 3280 2974 altare
3302 2922 3415 2991 thy-

1833 2997 2104 3051 miamatis.
2147 2998 2192 3054 Ο
2241 3000 2550 3057 audaciam!
2592 3018 2629 3057 ο
2679 3005 3090 3073 impudentiam!
3146 3010 3414 3068 Adversus

1834 3088 1944 3156 ipsa
1975 3104 2125 3143 sacra
2151 3090 2307 3161 adyta
2332 3107 2490 3147 ausus
2510 3134 2526 3159 ,
2552 3094 2604 3148 in
2644 3104 2827 3150 saneta
2857 3111 3157 3153 sanctorum
3191 3101 3369 3171 irriqu
3390 3145 3410 3170 ,

1832 3194 1919 3250 qui
1948 3180 2094 3235 locus
2118 3182 2364 3237 omnibus
2388 3183 2852 3251 eratinaccessus,
2883 3198 3233 3260 praeterquam
3264 3209 3407 3246 sum-

1830 3286 1921 3326 mo
1944 3272 2243 3338 sacerdoti,
2288 3272 2429 3329 hunc
2467 3274 2748 3344 profanare
2771 3288 2994 3333 conatus
3019 3288 3119 3334 est.
3164 3280 3305 3335 Talis
3329 3292 3412 3338 e-t

1830 3365 2005 3417 anima
2034 3365 2088 3419 in
2113 3367 2468 3436 arrogantiam
2498 3368 2724 3422 sublata.
2754 3368 2933 3425 Semel
2958 3373 3099 3427 enim
3130 3373 3409 3444 desperata

1830 3456 2002 3510 salute
2029 3471 2361 3527 nequaquam
2378 3457 2571 3513 desinit
2588 3458 2785 3524 furere,
2804 3475 2987 3515 verum
3011 3461 3243 3518 habenas
3265 3464 3410 3519 salu-

1833 3548 1897 3601 tis
1916 3563 2027 3603 sum
2044 3549 2229 3604 laxans
2245 3550 2698 3607 irrationabilibus
2718 3552 3096 3621 cupiditatibus
3112 3557 3302 3625 quovis
3320 3574 3407 3610 m-

1831 3640 1995 3711 pitur,
2017 3655 2114 3694 nec
2131 3640 2286 3696 aliter
2301 3656 2459 3711 quam
2476 3657 2643 3712 equus
2660 3643 2940 3710 ferociens,
2962 3645 3050 3699 ubi
3070 3645 3274 3701 frenum
3290 3663 3404 3714 ore,

1828 3746 2094 3795 sessorem
2120 3740 2267 3801 tergo
2287 3732 2542 3797 excussit,
2570 3732 2738 3789 fertur
2754 3736 2941 3805 quovis
2968 3746 3127 3791 vento
3152 3740 3404 3803 velocius,

1829 3821 2077 3876 omnibus
2116 3821 2288 3877 obviis
2328 3822 2694 3889 intolerabilis,
2740 3824 3136 3896 dill‘ugientibus
3174 3831 3399 3887 cunctis.

1828 3931 2001 3984 neque
2026 3928 2291 3984 quoquam
2319 3913 2550 3970 audente
2589 3914 2845 3971 cohibere
2871 3933 2886 3971 :
2917 3916 2996 3973 sic
3019 3926 3075 3973 et
3097 3917 3272 3973 anima
3317 3920 3406 3975 ubi

1830 4008 1925 4063 Dei
1957 4008 2203 4062 timorem
2248 4008 2414 4077 ipsam
2446 4008 2803 4063 refrenantem
2843 4010 3107 4076 excussit,
3142 4020 3198 4066 et
3237 4012 3402 4065 ratio-

1828 4119 1950 4158 nem
1976 4102 2210 4159 habenas
2240 4100 2605 4157 moderantem
2634 4103 2789 4172 rjecit
2810 4143 2824 4166 ,
2865 4102 2932 4157 ad
2959 4103 3159 4174 quaavis
3188 4105 3405 4157 malitia:

1830 4195 1942 4248 loca
1966 4194 2233 4261 decurrit,
2255 4194 2426 4250 donec
2451 4194 2505 4249 in
2530 4176 2675 4248 exitii
2701 4193 3007 4249 barathrum
3032 4193 3204 4250 delata
3222 4237 3235 4259 ,
3265 4210 3403 4264 pra:-

1827 4284 2059 4355 eipitarit
2084 4300 2233 4341 suam
2264 4287 2431 4356 ipsius
2451 4287 2696 4341 salutem.
2722 4287 3058 4355 Quapropter
3082 4294 3294 4356 oportet
3320 4302 3404 4339 as—

1829 4378 1977 4432 sidue
2004 4378 2145 4431 illam
2177 4378 2483 4445 refrenare,
2520 4392 2581 4430 ac
2617 4376 2828 4445 pietatis
2858 4376 3064 4432 ratione
3104 4393 3202 4431 ceu
3252 4378 3403 4430 freno

1826 4469 2054 4537 quodam
2083 4468 2496 4523 irrationabilem
2524 4468 2663 4522 illius
2692 4468 2944 4535 imletum
2969 4468 3239 4522 inhibere:
3263 4470 3401 4537 quod

1830 4578 1932 4615 non
1961 4561 2086 4617 fecit
2111 4562 2264 4615 Ozias
2287 4602 2301 4625 ,
2326 4560 2423 4616 sed
2451 4560 2704 4615 adversus
2730 4561 2898 4629 ipsum
2938 4560 3176 4613 omnium
3212 4573 3400 4628 supre-

1829 4671 1973 4710 mum
2012 4654 2363 4725 principatum
2407 4653 2576 4722 legem
2607 4662 2966 4722 transgressus
2996 4661 3098 4708 est.
3132 4652 3401 4721 Siquidem

1827 4748 2181 4802 sacerdotium
2212 4745 2541 4816 principatus
2567 4752 2649 4799 est
2671 4786 2687 4811 ,
2716 4745 2831 4815 ipso
2856 4745 3015 4799 etiam
3050 4761 3216 4814 regno
3240 4761 3403 4801 vene-

1827 4838 2045 4893 rabilius
2078 4852 2141 4891 ac
2171 4837 2362 4907 majus.
2404 4835 2483 4891 Ne
2507 4836 2636 4890 mihi
2662 4851 2847 4891 narres
2882 4851 3201 4905 purpuram,
3234 4852 3405 4904 neque

1828 4929 2068 4985 diadema
2088 4970 2103 4994 ,
2151 4943 2324 4998 neque
2352 4938 2529 4983 vestes
2568 4943 2775 4982 aureas.
2806 4927 3022 4983 Umbrae
3066 4936 3190 4981 sunt
3221 4926 3404 4980 isthmc

1829 5020 2007 5077 omnia
2029 5060 2045 5088 ,
2073 5020 2361 5089 veritisque
2389 5019 2624 5073 ﬂosculis
2653 5020 2867 5073 leviora.
2909 5019 3086 5072 Omnis
3114 5019 3256 5072 enim
3277 5059 3293 5083 ,
3325 5020 3406 5070 in-

1828 5114 1975 5183 quit,
2004 5112 2221 5167 hominis
2246 5112 2409 5181 gloria
2422 5111 2551 5164 sicut
2576 5112 2673 5181 flos
2694 5110 2812 5180 [teni
2839 5109 2991 5179 (lsai.
3016 5109 3107 5162 40.
3129 5107 3216 5177 6),
3245 5110 3406 5163 etiam

1785 5228 1795 5239 -
1830 5207 1874 5260 si
1902 5206 2069 5274 ipsam
2096 5204 2319 5274 gloriam
2346 5204 2578 5272 regalem
2608 5202 2828 5257 dixeris.
2859 5202 2967 5267 Ne,
3001 5202 3238 5270 inquam,
3276 5200 3407 5253 mihi

1830 5313 2015 5353 narres
2035 5297 2168 5361 ista;
2203 5295 2296 5350 sed
2326 5295 2368 5349 si
2397 5295 2480 5349 vis
2504 5294 2687 5350 videre
2713 5294 2998 5348 discrimen
3041 5300 3297 5360 quantum
3341 5292 3410 5343 sit

1830 5403 2009 5457 regem
2039 5388 2176 5441 inter
2212 5394 2267 5442 et
2309 5384 2641 5440 sacerdotem
2664 5426 2679 5451 ,
2715 5382 2959 5453 expende
2989 5380 3206 5435 modum
3257 5392 3407 5449 pote-

1832 5481 1983 5535 statis
2012 5480 2219 5548 utrique
2241 5478 2469 5538 traditae,
2497 5477 2699 5531 videbis
2726 5475 3056 5530 Sacerdotem
3087 5472 3254 5525 multo
3283 5472 3410 5525 sub-

1834 5573 2012 5627 limius
2054 5585 2182 5642 rege
2222 5570 2517 5625 sedentem.
2549 5573 2879 5639 Quamquam
2928 5567 3068 5620 enim
3120 5567 3272 5618 nobis
3318 5582 3406 5619 ve—

1836 5662 2127 5717 nerandum
2184 5661 2394 5715 videtur
2449 5661 2637 5714 solium
2691 5658 2896 5724 regium
2951 5656 3019 5709 ob
3069 5670 3308 5724 gemmas
3358 5656 3448 5747 ei.

1835 5752 2056 5817 afﬁxas,
2113 5759 2168 5806 et
2213 5766 2400 5805 aurum
2455 5764 2560 5818 quo
2585 5749 2815 5800 cinctum
2844 5756 2925 5798 est
2966 5761 2980 5796 :
3015 5756 3189 5797 tamen
3231 5760 3407 5797 rerum

1839 5861 2169 5903 terrenarum
2200 5842 2711 5899 administrationem
2756 5841 2971 5893 sortitus
3016 5854 3107 5893 rex
3149 5850 3266 5891 est.
3310 5852 3402 5890 nec
