3992 6300
542 364 639 421 151

535 474 671 528 ultra
703 477 1019 542 potestatem
1064 464 1202 521 hanc
1228 466 1514 537 quidquam
1542 465 1702 520 habet
1739 463 2068 519 auctoritatis
2100 480 2115 516 :

535 577 726 619 verum
748 558 1031 615 sacerdotii
1072 558 1265 614 solium
1305 558 1359 612 in
1388 557 1534 612 cazlis
1561 556 1878 611 collocatum
1918 563 2031 618 est,
2063 564 2120 610 et

534 650 768 706 caelestia
792 648 1200 706 administrandi
1230 648 1392 704 habet
1418 648 1811 702 auctoritatem.
1841 645 1972 712 Quis
2003 645 2120 701 haec

537 740 704 795 dicit?
723 739 842 812 Ipse
863 740 1116 796 caelorum
1145 740 1279 796 Rex.
1315 739 1655 809 Quintumque
1674 738 1816 793 enim
1846 737 2119 808 ligaveritis

531 848 683 903 super
720 842 936 899 terram,
963 841 1110 886 erant
1144 831 1302 903 ligata
1328 836 1376 885 et
1405 832 1459 884 in
1496 830 1633 884 cretis
1660 844 1681 884 :
1716 839 1767 884 et
1792 845 2119 899 quiscumque

530 926 775 981 solreritis
798 942 949 997 super
975 934 1195 991 terram,
1229 936 1371 977 erunt
1393 924 1557 977 soluta
1583 932 1632 977 et
1655 923 1709 977 in
1734 923 1871 977 cwlis
1902 921 2114 995 (Matth.

536 1022 624 1075 16,
668 1020 779 1089 l9).
811 1019 949 1086 Quid
988 1033 1109 1074 cum
1163 1014 1263 1071 hoc
1317 1017 1520 1072 honore
1561 1014 1793 1071 conferri
1840 1015 2043 1086 possit?
2073 1018 2116 1071 A

534 1110 959 1182 terrajudicandi
979 1110 1322 1180 principalem
1340 1108 1712 1163 auctoritatem
1733 1111 2113 1165 suniitemluin.

533 1205 661 1258 Nam
686 1203 845 1273 iudex
877 1202 1026 1258 sedet
1049 1203 1102 1256 in
1134 1213 1296 1269 terra,
1323 1202 1578 1256 Dominus
1609 1205 1850 1273 sequitur
1874 1219 2110 1273 servum,

535 1307 591 1350 et
616 1294 872 1368 quidquid
912 1293 999 1349 hic
1028 1296 1080 1349 in
1110 1294 1450 1350 inferioribus
1481 1294 1766 1365 judicarit,
1796 1296 1899 1353 hoc
1926 1298 2016 1353 ille
2060 1299 2116 1353 in

532 1389 779 1458 supernis
801 1389 1132 1458 comprobat.
1158 1388 1341 1458 Itaque
1367 1387 1575 1442 medius
1591 1396 1695 1443 stat
1713 1389 1962 1445 sacerdos
1979 1390 2119 1445 inter

536 1484 699 1537 lleum
722 1490 776 1537 et
799 1491 1041 1536 naturam
1071 1480 1379 1545 humanam,
1410 1481 1557 1535 illinc
1575 1481 1839 1539 venientia
1861 1483 2117 1540 beneficia

532 1573 597 1625 :id
631 1587 727 1627 nos
751 1571 1019 1639 deferens,
1048 1585 1103 1626 et
1132 1580 1341 1626 nostras
1366 1572 1645 1642 petitiones
1672 1573 1797 1628 illuc
1823 1574 2114 1643 perferens,

536 1663 817 1717 hominum
846 1662 1034 1717 iratum
1068 1662 1419 1717 reconcilians
1442 1665 1713 1719 communi
1745 1674 1948 1720 naturae
1972 1707 1989 1732 ,
2018 1681 2116 1721 nos

530 1757 621 1823 qui
665 1756 986 1813 offendimus
1023 1758 1257 1828 eripiens
1291 1776 1357 1814 ex
1402 1760 1544 1814 illius
1596 1762 1857 1816 manibus.
1912 1761 2117 1818 Idcirco

536 1849 673 1905 lleus
700 1850 872 1919 ipsum
895 1852 1071 1921 regale
1097 1860 1258 1923 caput
1279 1854 1573 1907 sacerdotis
1594 1854 1838 1909 inanibus
1862 1855 2111 1924 subjecit,

532 1956 630 1994 nos
656 1942 883 2009 docens,
923 1942 1066 1999 hunc
1106 1944 1402 2019 principem
1431 1961 1551 2000 esse
1579 1946 1671 2001 illo
1709 1948 1964 2017 majorem
1998 1950 2115 2005 :si-

528 2032 741 2101 quidem
770 2032 820 2089 id
851 2035 993 2105 quod
1026 2036 1201 2091 minus
1230 2046 1346 2103 est,
1378 2038 1805 2094 benedictionem
1830 2041 2023 2110 accipit
2048 2041 2115 2096 ab

529 2142 597 2180 co
661 2126 805 2195 quod
869 2129 1211 2197 praestantius
1265 2137 1367 2183 est.
1429 2129 1628 2185 Verum
1686 2131 1755 2187 de
1812 2132 2115 2188 sacerdotio

528 2226 831 2289 quantaque
858 2220 930 2275 sit
973 2220 1114 2275 illius
1159 2220 1423 2290 dignitas,
1451 2222 1558 2277 alio
1602 2232 1844 2292 tempore
1871 2224 2113 2281 declara-

530 2308 702 2364 bimus
737 2326 751 2362 :
787 2310 999 2365 interim
1050 2312 1454 2368 consideremus
1498 2324 1692 2383 quanta
1741 2318 1810 2369 sit
1849 2317 1990 2386 regis
2029 2318 2114 2373 vel

532 2404 742 2471 tyranni
792 2405 966 2473 potius
996 2405 1268 2476 iniquitas.
1321 2405 1598 2475 Ingressus
1636 2419 1719 2463 est
1760 2409 1812 2463 in
1855 2412 2111 2480 templum

532 2493 739 2548 bouiini
758 2535 774 2562 ,
806 2495 1077 2563 ingressus
1105 2507 1188 2552 est
1214 2507 1269 2553 et
1296 2498 1513 2553 Azarias
1538 2500 1791 2556 sacerdos
1816 2511 1939 2573 post
1966 2515 2116 2556 cum.

531 2589 613 2639 An
637 2597 836 2641 temere
864 2587 1105 2644 dicebam
1137 2590 1472 2646 sacerdotem
1502 2606 1627 2661 rege
1657 2592 1915 2662 majorem
1956 2596 2111 2652 esse?

529 2677 713 2747 Neque
729 2680 871 2733 enim
898 2690 953 2733 nt
974 2695 1150 2751 regem
1168 2681 1455 2751 ejecturus,
1474 2683 1566 2737 sed
1586 2693 1642 2737 ut
1660 2682 1938 2754 profugum
1958 2693 2012 2739 et
2030 2687 2115 2739 iii-

526 2781 735 2840 gratuni
757 2771 1014 2827 famulum
1031 2774 1371 2844 expulsurus,
1394 2791 1514 2830 cum
1542 2775 1877 2832 vehementia
1909 2778 2113 2849 ingres-

527 2880 619 2921 sus
644 2876 757 2930 est,
786 2882 891 2921 non
920 2868 1079 2923 aliter
1105 2883 1265 2938 quam
1294 2884 1591 2939 generosus
1616 2871 1765 2925 canis
1794 2871 2017 2927 incurrit
2042 2872 2110 2928 ad

530 2957 789 3027 impuram
812 2958 1057 3020 bestiam,
1079 2968 1138 3013 ut
1165 2958 1307 3014 illam
1326 2959 1500 3028 exigat
1518 2960 1585 3014 :ib
1608 2961 1811 3015 aedibus
1834 2961 2108 3018 lierilibits.

595 3050 650 3103 2.
682 3050 897 3105 Fiducia
921 3051 1192 3105 sacerdotis
1211 3053 1296 3119 qui
1329 3050 1506 3105 Osirim
1544 3054 1808 3122 repressit,
1837 3054 2111 3119 laudatur;

525 3144 703 3198 timida
748 3145 1020 3214 impietas;
1065 3143 1299 3198 sacerdos
1345 3145 1595 3214 quomodo
1640 3145 1816 3201 debeat
1861 3148 2113 3217 corripere

526 3236 820 3306 principem.
851 3264 924 3277 â€”
953 3235 1138 3291 Vidisti
1157 3236 1449 3292 sacerdotis
1473 3239 1707 3293 animum
1732 3220 1897 3295 multa
1922 3240 2111 3304 fiducia

526 3327 762 3394 plenum,
787 3326 1091 3396 excelsique
1112 3326 1367 3396 spiritus?
1393 3326 1507 3382 Non
1528 3329 1820 3399 aspiciebat
1848 3332 2114 3401 principa-

525 3428 608 3471 tus
637 3416 859 3484 fastum,
883 3431 992 3471 non
1014 3418 1347 3487 expendebat
1370 3430 1566 3488 quanta
1594 3434 1680 3475 res
1706 3432 1847 3475 esset
1873 3424 2109 3477 animum

523 3506 811 3576 cupiditate
838 3508 1188 3563 temulentum
1231 3509 1520 3574 cohibere;
1570 3526 1674 3565 non
1704 3510 1951 3567 audiebat
1980 3514 2111 3569 illud

522 3600 818 3657 Salomonis
840 3618 854 3654 :
879 3599 1040 3656 Minor
1059 3602 1191 3672 regis
1210 3602 1337 3656 sicut
1357 3602 1437 3655 ira
1456 3603 1615 3657 leonis
1635 3604 1653 3674 (
1675 3602 1832 3658 Prov.
1859 3606 1944 3660 l9.
1971 3606 2037 3660 12
2057 3610 2074 3676 )
2095 3623 2110 3673 ;

522 3694 614 3747 sed
659 3695 878 3750 sublatis
902 3696 1072 3751 oculis
1098 3695 1166 3751 ad
1197 3712 1379 3750 verum
1412 3695 1610 3765 Regem
1639 3698 1924 3763 caelorum,
1954 3708 2114 3769 atque

525 3784 651 3837 illud
685 3787 946 3854 tribunal,
975 3802 1173 3858 easque
1205 3803 1389 3857 pinnas
1418 3790 1796 3859 considerans,
1827 3802 1882 3847 et
1911 3792 1995 3848 his
2024 3808 2115 3849 eo-

521 3876 866 3943 gilaliOltibuS
893 3892 1013 3934 sese
1055 3879 1301 3934 muniens
1322 3920 1338 3944 ,
1391 3878 1646 3949 impetum
1678 3880 1804 3938 fecit
1847 3883 1900 3938 in
1932 3893 2113 3956 tyran-

521 3981 672 4020 vnuni.
703 3966 934 4022 Noverat
959 3968 1103 4024 enim
1123 4010 1139 4035 ,
1172 3980 1426 4037 noverat,
1468 3970 1680 4043 inquam
1702 4015 1716 4040 ,
1753 3985 1903 4030 certe
1946 3977 2116 4031 minas

524 4058 666 4126 regis
688 4057 890 4112 similes
926 4072 1046 4115 esse
1074 4059 1166 4114 ira:
1193 4060 1365 4116 leonis
1404 4060 1677 4119 dumtaxat
1715 4064 1779 4119 iis
1804 4066 1891 4135 qui
1921 4076 2114 4122 terrain

526 4160 866 4217 spectarent:
910 4166 1096 4206 verum
1137 4150 1333 4207 homini
1375 4154 1466 4224 qui
1508 4156 1698 4212 cielum
1736 4157 1965 4215 habebat
2008 4176 2116 4229 prie

526 4244 727 4309 oculis,
753 4246 949 4315 quique
975 4245 1055 4301 sic
1080 4244 1365 4301 induxerat
1391 4248 1625 4303 animum
1643 4288 1660 4316 ,
1688 4258 1747 4305 ut
1772 4254 1930 4306 vitam
1960 4253 2117 4309 citius

532 4336 583 4389 in
616 4335 742 4411 ipsis
765 4335 938 4407 adytis
964 4335 1295 4407 deponeret,
1327 4353 1485 4408 quain
1513 4353 1694 4395 sacras
1732 4341 1876 4413 leges
1917 4344 2118 4399 sineret

530 4426 754 4493 violari,
776 4427 964 4494 quovis
982 4442 1116 4483 cane
1140 4429 1294 4483 vilior
1317 4440 1435 4485 erat
1461 4429 1574 4486 ille.
1598 4431 1739 4488 Nihil
1761 4434 1902 4489 enim
1927 4451 1994 4492 eo
2020 4436 2120 4490 im-

532 4516 772 4572 becillius
788 4558 806 4583 ,
834 4518 923 4587 qui
948 4517 1154 4574 divinas
1172 4520 1454 4577 concaleat
1476 4522 1620 4592 leges
1643 4563 1661 4589 ,
1692 4532 1749 4579 ut
1774 4536 1958 4579 contra
1985 4526 2117 4582 nihil

534 4608 799 4676 potentius
823 4624 888 4664 eo
914 4609 1005 4677 qui
1026 4610 1173 4681 leges
1195 4609 1406 4668 divinas
1430 4611 1690 4669 defendit.
1719 4614 1849 4669 Nam
1880 4616 1979 4683 Qui
2002 4634 2118 4687 pec-

532 4710 698 4753 catum
734 4702 1033 4770 committit,
1082 4720 1253 4759 servits
1293 4715 1368 4760 est
1406 4709 1596 4777 peccati
1635 4708 1654 4778 (
1672 4707 1830 4764 Joan.
1862 4712 1915 4766 8.
1946 4712 2034 4768 54.
2060 4713 2116 4783 ),

531 4793 739 4848 i-iiainsi
784 4792 968 4849 decem
1010 4795 1173 4851 millia
1219 4813 1541 4855 coronarum
1588 4801 1783 4858 habeat
1820 4803 1873 4858 in
1902 4805 2116 4873 capite:

529 4895 715 4940 contra
760 4886 807 4940 si
844 4887 966 4956 quis
1000 4887 1259 4957 justitiam
1289 4902 1573 4961 cperatur,
1602 4894 1719 4966 ipso
1748 4910 1872 4966 rege
1897 4898 2121 4967 regalior

530 4988 613 5031 est
632 5018 649 5043 ,
680 4978 889 5034 etiamsi
921 4978 1081 5035 fuerit
1107 4983 1343 5039 omnium
1372 4986 1602 5041 infimus.
1636 4987 1762 5043 Haec
1788 4990 1876 5046 ille
1903 4992 2120 5059 pra-cla-

532 5090 622 5128 rus
648 5072 788 5145 apud
818 5086 941 5129 sese
975 5072 1416 5147 philosophatus,
1443 5078 1660 5135 adortus
1687 5090 1771 5138 est
1805 5097 2005 5153 regem.
2032 5083 2120 5139 lii-

529 5162 837 5233 grcdismur
863 5172 919 5219 et
946 5178 1079 5229 nos,
1109 5166 1156 5220 si
1184 5166 1427 5235 videtur,
1458 5185 1581 5224 eum
1611 5171 1731 5238 illo,
1765 5182 1824 5227 iit
1848 5174 2123 5232 videamus

530 5254 657 5319 quid
683 5255 929 5324 loquatur
949 5255 1080 5326 regi.
1112 5255 1261 5311 Licet
1282 5259 1424 5313 enim
1450 5277 1464 5314 :
1496 5276 1667 5331 neque
1692 5263 2010 5319 mediocrem
2032 5266 2124 5319 ad-

535 5349 668 5403 foret
696 5347 980 5403 utilitatem
1000 5388 1016 5413 ,
1037 5358 1284 5419 spectare
1304 5365 1485 5421 regem
1505 5368 1535 5407 a
1555 5354 1833 5425 sacerdote
1855 5357 2122 5429 redargui.

533 5438 670 5503 Quid
699 5438 855 5509 igitur
879 5438 1007 5494 dicit
1036 5440 1326 5495 sacerdos?
1356 5442 1475 5497 Non
1512 5443 1626 5498 licet
1651 5447 1770 5513 tibi,
1819 5447 1976 5514 Ozia,
2028 5450 2127 5503 ad-

537 5530 672 5584 olere
697 5531 955 5585 incensum
984 5530 1200 5586 Domino
1221 5532 1309 5603 (2.
1344 5534 1519 5591 Paral.
1543 5536 1613 5593 26
1632 5539 1675 5608 ).
1704 5538 1817 5594 Non
1844 5541 2129 5610 appellavit

535 5638 657 5673 cum
688 5638 903 5693 regem,
951 5640 1123 5694 neque
1166 5625 1371 5695 imperii
1406 5628 1610 5683 titulum
1643 5630 1819 5695 dedit,
1850 5633 1972 5701 quia
2012 5634 2129 5702 ipse

540 5715 869 5781 praeveniens
904 5731 1022 5770 sese
1054 5716 1307 5787 dignitate
1347 5720 1632 5789 ilcjccerat.
1666 5723 1850 5778 Vidisti
1883 5724 2127 5781 fiduciam

538 5804 869 5862 sacerdotis?
897 5806 1123 5865 Proinde
1173 5808 1324 5867 disce
1375 5825 1429 5869 et
1472 5818 1959 5874 mansuetudinem.
2012 5819 2124 5875 Non

1281 350 1340 408 S.
1361 348 1641 408 JOANNIS
1679 347 2152 410 CHRYSOSTOMI
2188 348 2507 410 ARCHIEP.
2536 348 3070 409 CONSTANTINOP.

3720 358 3823 414 I32

2226 462 2375 517 enim
2399 461 2587 518 fiducia
2611 461 2763 518 nobis
2783 471 2987 517 tantum
3012 476 3153 534 opus
3171 472 3253 519 est
3269 463 3321 518 in
3347 462 3821 533 reprehendendo.

2225 571 2408 611 verum
2437 557 2605 611 multo
2643 557 2811 627 magis
2854 572 2989 628 opus
3017 565 3099 613 est
3126 546 3531 613 mansuetudine
3572 576 3733 630 quam
3765 563 3816 617 fi-

2224 646 2401 704 ducia.
2431 648 2563 717 Quia
2598 650 2740 704 enim
2769 651 3038 706 neminem
3067 649 3371 705 mortalium
3400 655 3478 707 sic
3506 665 3829 710 aversantur

2223 739 2555 810 aderuntque
2580 740 2617 795 ii
2644 741 2735 811 qui
2762 750 3017 812 peccant,
3045 750 3103 796 ut
3127 756 3250 797 eum
3275 742 3366 812 qui
3393 742 3829 814 reprehensuros

2224 839 2339 896 est,
2370 831 2698 902 cupiuntque
2724 832 3063 888 occasionem
3092 831 3364 902 arripere,
3407 841 3465 888 ut
3499 834 3787 890 elabuntur
3807 875 3825 901 ,

2223 928 2277 974 et
2299 919 2553 991 effugiant
2576 914 3050 991 reprehensionem
3074 939 3090 982 :
3123 936 3344 978 necesse
3367 933 3451 978 est
3476 932 3534 978 ut
3550 939 3647 980 eos
3675 941 3803 980 man

2222 1014 2501 1068 suetudine
2524 1014 2956 1085 humanitateque
2970 1015 3315 1069 retineamus.
3331 1015 3649 1087 Objurgator
3670 1018 3824 1071 enim

2224 1119 2330 1158 non
2379 1104 2551 1159 solum
2598 1120 2721 1160 cum
2769 1120 2956 1161 vocem
2984 1106 3212 1176 promit,
3255 1116 3439 1161 Verum
3481 1108 3643 1162 etiam
3694 1123 3822 1163 cuin

2225 1195 2431 1251 videtur
2449 1238 2465 1262 ,
2494 1196 2668 1267 gravis
2692 1205 2775 1253 est
2801 1198 3177 1267 peccantibus:
3210 1197 3389 1253 Gravis
3418 1198 3548 1253 enim
3566 1241 3582 1265 ,
3613 1200 3816 1269 inquit,

2221 1287 2363 1341 nobis
2392 1298 2463 1341 est
2488 1289 2638 1342 etiam
2665 1298 2871 1360 aspectu
2915 1288 3088 1360 (Î´á½·á¿³.
3115 1288 3172 1343 2.
3206 1289 3310 1361 15)
3339 1308 3351 1344 :
3383 1288 3503 1345 ideo
3529 1291 3819 1361 plurimam

2220 1374 2678 1434 mansuetudinem
2715 1391 2968 1451 priestare
3009 1392 3239 1453 oportet.
3272 1382 3396 1438 [deo
3439 1383 3593 1437 nobis
3635 1400 3822 1438 sermo

2220 1470 2563 1541 prOpIieticus
2590 1472 2659 1527 ob
2683 1472 2865 1527 oculos
2893 1474 3066 1542 posuit
3090 1482 3144 1527 et
3171 1488 3293 1528 eum
3342 1474 3428 1543 qui
3464 1475 3733 1542 peccavit,
3762 1486 3825 1529 et

2218 1579 2341 1619 eum
2368 1565 2456 1635 qui
2496 1566 2666 1635 ipsum
2708 1566 2979 1637 corrigere
3021 1567 3256 1635 parabat.
3301 1565 3512 1620 Etenim
3543 1567 3820 1636 sapientes

2220 1654 2409 1708 medici
2440 1671 2563 1711 cum
2592 1655 2829 1710 membra
2874 1659 3161 1725 putrefacta
3194 1657 3388 1710 secturi
3420 1667 3576 1721 sunt,
3608 1667 3703 1711 aut
3732 1657 3813 1711 la-

2222 1746 2370 1815 pides
2397 1746 2448 1800 in
2472 1747 2730 1803 meatibus
2752 1747 2943 1802 aflixos
2970 1747 3290 1811 extracturi,
3318 1758 3409 1802 aut
3434 1749 3576 1802 aliud
3605 1759 3821 1804 natura:

2220 1838 2402 1891 vitium
2433 1839 2724 1893 correctori
2745 1881 2762 1905 ,
2808 1853 2915 1893 non
2947 1838 2998 1893 id
3029 1838 3259 1904 faciunt,
3288 1853 3356 1893 eo
3392 1840 3482 1908 qui
3523 1839 3732 1894 laborat
3759 1842 3820 1894 iii

2218 1932 2466 2001 angulum
2507 1930 2763 1997 abducto,
2796 1930 2892 1985 sed
2928 1946 2993 1986 eo
3030 1931 3083 1985 in
3126 1930 3314 1986 mediis
3356 1928 3486 1985 foris
3527 1929 3816 2001 deposito,

2219 2032 2497 2090 postquam
2525 2036 2623 2076 ceu
2647 2024 2912 2076 theatrum
2941 2023 3374 2089 praetereuntium
3402 2022 3499 2077 sibi
3522 2036 3774 2093 pararunt
3800 2066 3816 2088 ,

2217 2111 2288 2166 ita
2319 2112 2529 2166 demum
2568 2112 2854 2167 admovent
2895 2112 3206 2167 sectionem.
3247 2111 3359 2167 Hoc
3395 2112 3569 2167 autem
3611 2112 3822 2167 faciunt

2216 2222 2322 2259 non
2351 2207 2491 2275 quod
2525 2205 2687 2261 velint
2717 2206 2976 2260 humanas
3006 2205 3283 2261 traducere
3312 2205 3639 2260 calamitates
3662 2248 3677 2270 ,
3714 2207 3819 2260 Sed

2216 2311 2273 2355 ut
2313 2300 2593 2370 unicuique
2633 2300 2861 2371 prepria:
2908 2299 3152 2355 sanitatis
3190 2299 3566 2355 commendent
3599 2316 3814 2356 curaui.

2215 2392 2400 2448 Itidem
2431 2403 2484 2449 et
2512 2394 2785 2464 Scriptura
2822 2392 2982 2448 facit:
3016 2393 3101 2447 ubi
3131 2408 3287 2464 quem
3318 2393 3540 2464 arripuit
3577 2410 3820 2464 peccau-

2216 2486 2381 2551 tium,
2413 2486 2517 2539 alta
2544 2500 2673 2541 voce
2700 2485 2844 2539 illum
2867 2484 3158 2540 curandum
3185 2485 3459 2555 preponit,
3485 2501 3590 2540 non
3614 2487 3667 2540 in
3692 2503 3817 2541 nicâ€”

2213 2576 2316 2631 diis
2345 2577 2471 2630 foris
2492 2615 2510 2643 ,
2540 2575 2637 2633 sed
2666 2576 2719 2631 in
2751 2576 2924 2631 media
2956 2587 3095 2631 terra
3125 2593 3137 2629 :
3170 2586 3225 2631 et
3270 2586 3613 2647 posteaquam
3645 2578 3820 2631 totius
3988 2618 3992 2650 á¼²

2214 2669 2359 2724 orbis
2388 2656 2796 2723 circumsteterit
2826 2667 3089 2722 theatrum
3111 2708 3127 2734 ,
3161 2678 3272 2721 tum
3295 2666 3623 2722 curationem
3653 2667 3821 2721 adlii-
3989 2702 3992 2733 Î¹

2213 2759 2339 2828 bet,
2370 2758 2622 2815 erudiens
2662 2774 2788 2827 nos,
2821 2769 2879 2814 ut
2915 2759 3057 2814 circa
3097 2759 3365 2830 propriam
3408 2741 3634 2814 salutem
3674 2774 3814 2812 cau-
3990 2794 3992 2819 Î¹

2213 2854 2377 2909 tiores
2395 2854 2580 2909 sinitis.
2608 2853 2891 2909 Videamus
2918 2853 3076 2924 igitur
3094 2868 3202 2923 quo
3230 2861 3384 2922 pacto
3406 2851 3658 2907 sacerdos
3683 2863 3819 2907 tunc

2213 2946 2360 3001 illum
2392 2946 2658 3016 corrigere
2683 2946 2752 3000 sit
2794 2959 3099 3015 aggressus.
3126 2943 3239 2999 Non
3270 2938 3438 3010 dixit,
3466 2942 3510 2997 ÎŸ
3540 2943 3701 3013 impie
3727 2984 3745 3009 ,
3778 2958 3817 2997 Î¿

2213 3038 2659 3094 sceleratissime:
2702 3039 2878 3093 omnia
2925 3037 3227 3094 subvertisti
3270 3036 3699 3107 confudistique,
3740 3038 3816 3091 ad

2213 3143 2505 3187 extremam
2554 3131 2877 3201 impietatem
2918 3130 3246 3201 prorupisti:
3289 3145 3461 3199 neque
3501 3144 3815 3183 sermonem

2212 3225 2565 3280 accusationis
2592 3225 2645 3279 in
2674 3224 2885 3295 longum
2915 3222 3163 3293 produxit
3188 3242 3202 3289 ;
3231 3221 3325 3276 sed
3353 3220 3817 3291 quemadmodum

2214 3318 2248 3372 ii
2276 3318 2363 3387 qui
2393 3324 2610 3384 secant,
2639 3302 2741 3373 hoc
2766 3315 2997 3371 breviter
3024 3313 3198 3370 facere
3239 3313 3488 3380 student,
3529 3314 3819 3368 celeritate

2213 3411 2464 3466 sectionis
2511 3410 2776 3464 cruciatus
2819 3422 3033 3462 sensum
3082 3396 3361 3461 fallentes:
3396 3404 3575 3460 itidem
3620 3418 3677 3460 et
3724 3406 3819 3458 im:

2214 3503 2555 3573 asperitatem
2584 3501 2964 3572 objurgationis
3004 3499 3186 3570 paucis
3207 3498 3381 3554 verbis
3398 3498 3774 3567 constringens-
3800 3541 3815 3559 ,

2216 3597 2356 3663 regis
2384 3594 2708 3649 iracundiam
2733 3592 2987 3647 cohibuit.
3028 3589 3181 3659 Quod
3214 3590 3355 3646 enim
3396 3599 3477 3645 est
3516 3590 3567 3643 in
3611 3589 3678 3643 iis
3718 3595 3817 3659 qni

2216 3689 2457 3743 laborant
2479 3687 2645 3741 sectio
2668 3687 2684 3716 á½·
2705 3725 2721 3752 ,
2746 3684 2845 3740 hoc
2865 3693 2948 3740 est
2968 3686 3019 3739 in
3044 3685 3110 3739 iis
3130 3683 3216 3754 qui
3240 3694 3460 3754 peccant
3481 3682 3815 3752 redargiitio.

2218 3783 2454 3853 Denique
2502 3792 2694 3851 praeter
2736 3780 2839 3834 alia
2877 3781 3035 3834 etiam
3085 3778 3195 3847 ipsa
3245 3777 3498 3831 brevitate
3537 3776 3821 3831 sirinonis

2217 3873 2639 3929 moderationem
2666 3871 2820 3928 nobis
2840 3870 3074 3926 exhibet.
3102 3869 3252 3938 Quod
3278 3869 3321 3923 si
3348 3869 3496 3937 cupis
3516 3884 3598 3921 vei
3615 3868 3816 3922 borum

2216 3980 2428 4035 quoque
2467 3965 2757 4018 sectionem
2797 3962 2981 4016 videre
3017 3970 3071 4015 et
3108 3954 3193 4013 ubi
3238 3960 3435 4014 ferrum
3483 3958 3773 4013 occultarit
3798 4000 3817 4025 ,

2216 4056 2361 4110 aitdi.
2391 4042 2512 4110 Non
2537 4057 2685 4119 licet,
2713 4053 2881 4125 inquit
2899 4096 2914 4123 ,
2943 4055 3029 4107 tibi
3055 4054 3257 4106 adolere
3278 4054 3533 4105 incensum
3560 4048 3817 4115 Domino,

2216 4148 2305 4203 sed
2330 4148 2449 4202 solis
2475 4146 2814 4201 sacerdotibus
2831 4187 2846 4213 ,
2876 4146 2996 4213 ï¬liis
3018 4145 3187 4199 Aaron
3206 4184 3223 4212 ,
3255 4144 3569 4198 consecratis.
3601 4142 3698 4198 Hic
3727 4145 3788 4198 iii
3814 4176 3821 4180 -

2219 4239 2351 4293 llixit
2389 4238 2603 4293 vulnus.
2643 4235 2955 4303 Quomodo?
2992 4236 3101 4307 Ego
3137 4234 3331 4290 dicam.
3370 4235 3478 4289 Cur
3512 4234 3654 4289 enim
3699 4250 3823 4289 non

2218 4330 2530 4400 simpliciter
2564 4328 2699 4384 dixit
2720 4369 2738 4397 ,
2770 4327 3127 4384 Sacerdotibus
3147 4368 3163 4393 ,
3204 4326 3297 4381 sed
3328 4324 3561 4390 addidit,
3593 4324 3776 4379 Aaron
3797 4329 3828 4379 Î¶)

2218 4423 2269 4480 ls
2307 4424 2507 4494 prinins
2534 4422 2634 4478 fuit
2662 4423 2924 4492 pontifex,
2953 4419 3228 4490 siuiileqiie
3270 4419 3469 4473 facinus
3496 4417 3633 4472 illius
3665 4426 3825 4471 teni-

2220 4518 2436 4589 poribus
2472 4515 2686 4586 quidam
2723 4514 2841 4570 ausi
2878 4524 3036 4581 sunt,
3081 4512 3283 4566 Dathan
3319 4511 3461 4566 enim
3499 4519 3551 4565 et
3589 4510 3732 4564 Core
3761 4522 3833 4567 cl.

2220 4612 2420 4667 Abiron
2441 4651 2455 4674 ,
2477 4609 2739 4678 conjurati
2776 4608 3031 4663 adversus
3072 4606 3216 4659 illuni
3246 4621 3365 4659 cuin
3404 4603 3523 4659 aliis
3562 4603 3779 4674 aliquot
3807 4647 3828 4672 ,

2221 4706 2503 4760 voluerunt
2531 4714 2586 4758 et
2615 4702 2713 4772 ipsi
2736 4700 3091 4781 sacerdotium
3118 4699 3266 4754 obire
3296 4690 3493 4769 (Num.
3524 4694 3611 4752 16.
3639 4708 3688 4751 et
3716 4696 3829 4754 Ps.

2222 4797 2346 4853 Â£05.
2376 4796 2466 4850 17.
2507 4794 2651 4863 18)Í¾
2682 4792 2774 4847 sed
2802 4791 2934 4846 alios
2960 4791 3173 4860 quidem
3202 4801 3268 4845 tei
3284 4805 3343 4844 ra
3379 4782 3661 4845 dehiscens
3711 4788 3837 4843 ab-

2222 4888 2456 4952 sorbuit,
2486 4887 2619 4941 alios
2645 4901 2772 4941 vero
2797 4882 2866 4940 de
2888 4884 3023 4940 caelo
3046 4884 3275 4939 emissus
3305 4883 3439 4953 ignis
3460 4881 3683 4936 exussit.
3712 4880 3840 4936 llu-

2218 4979 2305 5050 jus
2332 4993 2460 5048 ergo
2488 4977 2721 5033 historia:
2746 4977 2929 5032 volens
2952 4974 3098 5030 illum
3128 4972 3589 5029 commonefacere
3608 5013 3623 5034 ,
3652 4987 3839 5028 men-

2226 5073 2426 5127 tionem
2465 5069 2587 5125 fecit
2614 5070 2840 5124 Aaronis
2862 5109 2878 5135 ,
2911 5069 2999 5137 qui
3040 5076 3164 5122 tunc
3202 5067 3297 5122 fuit
3339 5065 3525 5136 injuria
3553 5064 3792 5122 allectus
3816 5110 3837 5135 ,

2227 5174 2285 5218 iit
2304 5160 2371 5218 ad
2395 5161 2748 5217 calamitatem
2774 5174 2958 5216 eorum
2979 5159 3072 5231 qui
3098 5158 3337 5215 fecerant
3357 5158 3629 5227 injuriam,
3656 5156 3847 5228 hujus

2225 5256 2601 5326 cogitationem
2639 5253 3038 5308 transmitteret.
3077 5251 3343 5308 Cmterum
3382 5250 3513 5306 nihil
3542 5252 3657 5305 hinc
3687 5266 3844 5321 pro.

2228 5349 2395 5415 fuere,
2421 5365 2524 5403 non
2552 5358 2768 5419 propter
2786 5345 3140 5411 sacerdotem,
3163 5345 3258 5401 sed
3284 5345 3352 5400 ob
3376 5344 3513 5415 regis
3536 5344 3845 5401 ferociam.

2229 5440 2360 5495 Cum
2381 5439 2522 5495 enim
2544 5438 2812 5493 debuisset
2832 5436 3048 5491 laudare
3072 5434 3400 5492 sacertimeni
3417 5477 3432 5499 .
3464 5451 3671 5505 proque
3690 5452 3851 5493 eun-

2295 5580 2311 5609 á½·
2349 5579 2767 5642 Maniiscriptorum
2791 5575 2868 5642 alii
2892 5575 3109 5642 habent:
3135 5574 3268 5634 Quod
3289 5573 3417 5642 enim
3436 5580 3507 5623 est
3540 5574 3593 5642 in
3610 5575 3854 5642 vulnera-

2230 5638 2317 5689 bus
2338 5639 2512 5696 sectio;
2537 5636 2617 5687 alii
2643 5653 2654 5687 :
2683 5639 2813 5697 Quod
2844 5637 2970 5686 enim
3004 5644 3072 5686 est
3093 5637 3143 5686 in
3165 5636 3439 5697 corporibus
3461 5636 3624 5685 sei-tio.
3655 5638 3858 5691 Melius

2232 5710 2395 5750 tamen
2421 5701 2620 5759 logiiur',
2647 5704 2776 5759 Quod
2803 5699 2930 5748 enim
2950 5707 3018 5749 est
3042 5698 3092 5747 in
3116 5697 3174 5747 iis
3204 5697 3287 5760 qui
3333 5697 3551 5746 laborant
3575 5700 3756 5760 urctio,
3782 5714 3853 5752 Î¹Î¹Î¹

2234 5764 2357 5823 legit
2378 5769 2613 5819 Erasinus,
2649 5775 2757 5823 quin
2783 5761 2926 5808 li-ctio
2956 5762 3107 5822 probe
3121 5759 3324 5823 quadrat
3344 5760 3404 5809 ad
3428 5769 3715 5823 sequentia,
3733 5759 3862 5814 hoc

2233 5838 2303 5879 est
2326 5824 2373 5877 iu
2399 5827 2458 5876 iis
2476 5825 2556 5885 qui
2584 5832 2775 5887 peccant
2804 5826 3093 5888 rodurgatto.
