3992 6300
564 314 680 381 ,935

576 444 674 510 οὑχ
717 440 747 492 6
795 437 955 493 Δαυῖδ
984 435 1192 503 οὕτως*
1228 438 1363 494 ἀλλά
1407 439 1559 505 πῶς;
1592 439 1750 493 Μετά
1787 436 1887 509 τὴν
1920 435 2026 489 ὑπὸ
2051 432 2146 487 τοῦ

576 522 764 576 Ναθάν
790 522 1088 591 γενομένην
1130 521 1463 595 κατηγορίαν
1478 523 1592 593 οτὴν
1631 523 1724 576 ἐπὶ
1744 523 1813 591 τῇ
1844 516 2144 591 Βηρσαϐεὲ,

587 604 926 675 Ἠμὰρτηκα
954 604 1105 679 [155]
1125 605 1205 672 τῷ
1233 606 1445 675 Κυρίῳ,
1467 604 1651 675 φησίν.

626 738 699 796 γ’.
721 726 873 792 Εἶδες
889 727 1322 799 συτετριμμένην
1342 726 1600 798 καρδίαν;
1645 720 1783 788 εἶδες
1816 740 2150 778 τεταπεινω-

576 810 745 881 μένην
770 810 949 880 ψυχήν
972 828 987 876 ;
1021 805 1158 874 εἶδες
1184 809 1300 873 πῶς
1326 812 1419 864 καὶ
1444 810 1513 865 τά
1541 809 1809 881 πτώματα
1841 810 1950 863 τῶν
1979 809 2149 877 ἁγίων

572 891 830 963 λαμπρά;
861 892 1124 963 Καθάπερ
1151 892 1259 963 γὰρ
1285 892 1354 946 τὰ
1392 892 1617 964 λαμπρά
1632 891 1740 947 τῶν
1764 893 2030 963 σωμάτων
2054 891 2150 946 καὶ

572 977 667 1030 ἐπὶ
701 977 799 1047 τῆς
826 977 1134 1049 ἀρρωστίας
1166 977 1335 1031 πολλά
1363 979 1461 1049 τῆς
1483 977 1784 1048 εὐμορφίας
1812 978 1946 1047 ήμῖν
1984 975 2150 1030 ἐνδεί-

572 1076 761 1112 κνυται
784 1059 851 1111 τὰ
883 1060 1003 1131 ἴχνη
1022 1078 1037 1092 ο
1066 1060 1208 1115 οὕτω
1235 1062 1329 1115 καὶ
1356 1062 1464 1114 τῶν
1485 1062 1655 1130 ἁγίων
1681 1062 1739 1114 αἰ
1766 1060 1937 1132 ψυχαί⁹
1970 1061 2064 1114 καὶ
2090 1061 2149 1115 ἐν

571 1142 755 1205 αὐτοῖς
807 1145 920 1206 τοῖς
962 1144 1369 1214 παραπτώμασι
1400 1153 1419 1175 ⁸
1452 1145 1555 1214 τῆς
1590 1144 1795 1208 οἰκείας
1842 1144 2041 1216 ἀρετῆς
2079 1142 2148 1196 τά

571 1225 815 1296 σύμϐολα
857 1227 1099 1297 φέρουσι.
1148 1228 1340 1280 Καίτοι
1386 1244 1451 1295 γε
1489 1229 1695 1291 ἐκεῖνος
1736 1227 1833 1298 μὲν
1868 1228 1927 1280 ἐν
1961 1226 2147 1298 μέσοις

567 1312 680 1371 τοῖς
738 1308 1027 1377 βασιλείοις
1085 1312 1441 1381 κατηγορεῖτο
1478 1311 1631 1380 παρά
1679 1310 1774 1363 τοῦ
1824 1312 2144 1381 προφήτου,

570 1391 852 1463 παρόντων
883 1392 1090 1445 πολλῶν
1110 1410 1123 1424 ·
1149 1385 1304 1454 οὗτος
1326 1393 1382 1445 δὲ
1408 1391 1553 1447 ἔνδον
1580 1394 1637 1446 ἐν
1665 1396 1774 1457 τοῖς
1796 1392 2029 1460 ἀδύτοις,
2053 1393 2147 1446 καὶ

575 1475 894 1547 ἀμάρτυρον
924 1472 1035 1547 εἶχε
1069 1476 1161 1529 τὸν
1182 1476 1428 1547 ἔλεγχονο
1462 1477 1578 1531 ἀλλ’
1605 1477 1726 1530 οὐδὲ
1754 1477 1925 1542 οὕτως
1945 1479 2144 1549 ἤνεγκε

566 1558 665 1630 τὴν
699 1560 1030 1629 ἐπιτίμησιν.
1076 1561 1141 1613 Τί
1185 1557 1311 1624 οῦν;
1354 1561 1572 1625 ἀνίατος
1591 1561 1821 1633 ἔμενεν;
1856 1563 2144 1635 Οὐδαμῶς.

566 1641 653 1695 διὰ
674 1642 772 1713 τὴν
798 1643 890 1695 τοῦ
921 1642 1054 1696 Θεοῦ
1087 1643 1492 1717 φιλανθρωπίαν
1510 1662 1529 1676 ⁸
1550 1644 1663 1699 ἀλλ’
1686 1645 1874 1717 ὥσπερ
1918 1647 2012 1700 ἐπὶ
2048 1646 2144 1700 τοῦ

569 1724 1035 1796 σεληνιαζομένου,
1085 1728 1194 1780 τῶν
1238 1728 1491 1800 μαθητῶν
1536 1729 1637 1783 οὐκ
1688 1732 2018 1801 ἰσχυσάντων
2055 1733 2145 1786 τὸν

565 1807 791 1878 δαίμονα
820 1809 1087 1872 ἐκϐαλεῖν,
1107 1811 1134 1862 6
1151 1811 1381 1881 Χριστός
1412 1829 1569 1883 φησι,
1589 1810 1801 1880 Φέρετέ
1836 1831 1939 1882 μοι
1960 1815 2145 1868 αὑτὸν

563 1888 712 1947 ὧδε·
739 1892 884 1946 οὕτω
926 1895 1020 1946 καὶ
1060 1894 1313 1959 ἐνταῦθα,
1352 1894 1446 1948 τοῦ
1493 1896 1681 1969 ἱερέως
1714 1897 1791 1969 μὴ
1826 1898 2145 1969 δυνηθέντος

566 1976 764 2040 παντὸς
782 1977 1034 2047 δαίμονος
1053 1978 1431 2049 χαλεπώτερον
1463 1980 1694 2051 νόσημα,
1722 1980 1820 2053 τὴν
1870 1981 2145 2053 ἁμαρτίαν

564 2059 833 2125 ἐκϐαλεῖν,
868 2061 1026 2123 αὐτὸς
1047 2060 1230 2115 λοιπὸν
1252 2064 1280 2115 6
1304 2062 1435 2125 Θεὸς
1456 2063 1546 2117 τὸν
1579 2064 1855 2133 κάμνοντα
1887 2082 2145 2136 μεταχει-

567 2143 792 2215 ρίζεται.
834 2146 944 2198 Kal
963 2146 1016 2198 τί
1043 2148 1216 2211 ποιεῖς
1248 2145 1473 2216 Δέπραν
1514 2147 1813 2218 ἐπαφίησιν
1858 2147 2023 2201 αὑτοῦ
2065 2147 2145 2219 τῷ

564 2228 823 2301 μετώπῳ.
872 2229 1140 2300 Ἐγένετο
1175 2229 1304 2298 γάρ,
1346 2230 1532 2300 φησὶν.
1578 2231 1650 2283 ἐν
1690 2228 1772 2295 τῷ
1815 2230 2145 2299 ἀπειλῆσαι

562 2314 750 2369 αὑτὸν
779 2314 859 2380 τῷ
880 2314 1037 2384 ἱερεῖ,
1057 2317 1251 2382 λέπρα
1273 2314 1581 2368 ἀνέτειλεν
1602 2314 1703 2367 ἐπὶ
1725 2315 1830 2370 τοῦ
1869 2316 2144 2384 μετώπου

561 2397 769 2461 αὐτοῦ,
791 2398 885 2451 καὶ
907 2398 1052 2470 ἐξῄει
1080 2396 1290 2460 λοιπὸν,
1313 2398 1566 2470 καθάπερ
1590 2400 1640 2452 οἰ
1670 2398 1771 2469 τήν
1795 2399 1889 2452 ἐπὶ
1917 2398 2144 2455 θάνατον

563 2481 920 2552 ἀπαγόμενοι,
954 2482 1212 2556 σπαρτίον
1238 2480 1331 2535 ἐπὶ
1370 2480 1464 2535 τοῦ
1493 2482 1757 2554 στόματος
1786 2484 2019 2554 ἔχοντες,
2046 2484 2145 2554 τῆς

563 2565 1029 2637 καταδικαζούσης
1081 2566 1349 2638 σύμϐολον
1393 2566 1610 2638 ψήφου,
1659 2566 1802 2621 οὓτω
1849 2567 1944 2620 καὶ
1981 2567 2144 2632 αὐτὸς

562 2648 661 2719 τῆς
697 2650 922 2721 ἀτιμίας
960 2651 1021 2704 τὸ
1059 2650 1327 2723 σύμϐολον
1362 2653 1454 2706 ἐπὶ
1497 2651 1591 2704 τοῦ
1642 2650 1896 2722 μετώπου
1937 2651 2141 2722 φέρων,

561 2734 623 2787 06
650 2733 859 2807 δημίων
901 2736 1064 2790 αὑτὸν
1090 2736 1374 2801 ἑλκόντων,
1419 2736 1554 2790 ἀλλά
1586 2737 1755 2806 αὑτῆς
1792 2735 1891 2805 τῆς
1936 2735 2143 2807 λέπρας

559 2820 680 2873 ἀντί⁸
712 2819 920 2890 δημίων
948 2820 1041 2874 ἐπὶ
1071 2820 1311 2894 κεφαλὴν
1332 2821 1361 2861 b
1386 2820 1654 2892 ώθούσης.
1687 2820 1948 2891 Εἰσῆλθεν
1988 2821 2143 2892 ἰερω-

562 2900 729 2971 σύνην
766 2901 984 2965 λαϐεῖν,
1028 2906 1059 2957 6
1098 2903 1155 2958 δέ
1209 2905 1306 2959 καὶ
1354 2906 1455 2976 τὴν
1511 2904 1792 2975 βασιλείαν
1824 2902 2138 2957 ἀπώλεσεν·

559 2985 777 3057 εἰσῆλθε
795 2987 1047 3056 γενέσθαι
1064 2988 1406 3061 σεμνότερος,
1420 2988 1515 3042 καὶ
1530 2989 1752 3057 γέγονεν
1766 2987 2140 3059 ἐναγέστερος.

561 3069 672 3123 Kal
699 3069 807 3141 γὰρ
833 3069 1039 3124 ἰδιώτου
1072 3070 1274 3134 παντὸς
1324 3070 1509 3125 λοιπὸν
1539 3071 1865 3143 ἀτιμότερος
1908 3067 1977 3142 ἦν
2007 3072 2145 3125 ἀκά-

560 3152 757 3223 θαρτος
787 3153 882 3209 ὢν.
917 3152 1179 3209 Τοσοῦτόν
1212 3156 1329 3208 ἐστι
1355 3154 1524 3209 κακὸν
1560 3154 1619 3208 τὸ
1656 3155 1731 3228 μὴ
1765 3156 1949 3227 μένειν
1996 3155 2143 3211 ἔνδον

560 3236 653 3289 ἐπὶ
680 3235 790 3291 τῶν
816 3236 1077 3291 δοθέντων
1096 3238 1227 3309 ἡμῖν
1256 3238 1407 3309 παρά
1427 3237 1522 3292 τοῦ
1548 3238 1683 3292 Θεοῦ
1720 3239 1955 3312 μέτρων,
1983 3240 2051 3294 ἀν
2082 3257 2143 3293 τε

560 3319 653 3372 ἐπὶ
698 3321 883 3393 τιμῆς,
926 3320 993 3375 ἀν
1018 3339 1092 3389 ,τε
1137 3321 1230 3375 ἐπὶ
1270 3321 1522 3391 γνώσεως
1552 3322 1712 3376 τοῦτο
1795 3334 1841 3378 ο.
1874 3324 1987 3394 Οὐχ
2012 3325 2143 3396 ὁρᾷς

558 3402 765 3475 ταύτην
784 3406 885 3475 τήν
911 3404 1197 3469 θάλατταν,
1229 3406 1345 3469 πῶς
1372 3407 1489 3459 ἐστι
1514 3410 1634 3471 ταῖς
1669 3407 1811 3477 βίαις
1849 3407 2141 3479 ἀφόρητος,

560 3488 748 3553 πόσοις
780 3488 1108 3561 κορυφοῦται
1145 3492 1260 3553 τοῖς
1306 3488 1580 3560 κύμασιν;
1640 3490 1780 3544 Ἀλλ’
1813 3491 1963 3561 ὅμως
2005 3492 2143 3563 πρὸς

563 3569 695 3641 ὕψος
718 3572 1107 3644 διανισταμένη
1146 3573 1308 3644 μέγα,
1344 3572 1438 3626 καὶ
1486 3573 1626 3644 μετὰ
1658 3572 1852 3627 πολλοῦ
1881 3573 2146 3643 προϊοῦσα

560 3655 655 3709 τοῦ
700 3655 893 3726 θυμοῦ,
926 3656 1144 3710 ἐπειδὰν
1186 3655 1315 3728 ἔλθῃ
1363 3656 1500 3728 πρὸς
1546 3654 1608 3709 τὸ
1649 3655 1802 3710 τεθὲν
1826 3658 1972 3729 ὃριον
2006 3658 2143 3729 αὐτῇ

562 3740 714 3813 παρά
737 3742 831 3794 τοῦ
857 3741 1011 3808 Θεοῦ,
1038 3741 1107 3795 τά
1127 3740 1344 3812 κύματα
1360 3742 1439 3805 εἰς
1470 3740 1643 3813 ἀφρὸν
1671 3740 1991 3806 διαλύσασα,
2009 3740 2146 3812 πρὸς

560 3824 758 3896 ἑαυτήν
806 3826 1071 3880 ἐπάνεισι.
1122 3825 1311 3879 Καίτοι
1349 3842 1413 3894 γε
1463 3825 1518 3879 τί
1566 3825 1794 3896 ψάμμου
1836 3824 2029 3893 γένοιτ’
2079 3823 2146 3877 ἂν

564 3909 987 3980 ἀσθενέστερον;
1026 3909 1164 3962 Ἀλλ’
1192 3911 1292 3963 οὐκ
1319 3909 1499 3963 ἐκεῖνό
1536 3909 1654 3962 ἐστι
1680 3909 1743 3962 τὸ
1770 3907 1998 3972 κωλύον,
2032 3907 2145 3961 ἀλλ’

562 3994 592 4045 6
620 3992 714 4044 τοῦ
760 3992 941 4055 θέντος
966 3992 1151 4062 φόϐος.
1190 3994 1254 4046 Εἰ
1291 3993 1347 4047 δὲ
1368 3994 1428 4047 06
1456 3990 1777 4064 σωφρονίζει
1814 4010 1873 4046 σε
1899 3993 2059 4046 τοῦτο
2086 3992 2149 4045 τὸ

565 4075 917 4146 παράδειγμα
942 4117 958 4142 ,
1008 4077 1077 4130 τὰ
1110 4076 1252 4131 κατά
1279 4076 1371 4131 τὸν
1410 4076 1594 4141 Ὀζίαν
1632 4093 1695 4130 σε
1725 4077 2046 4141 παιδευέτω,
2078 4077 2148 4130 τά

564 4159 658 4213 νῦν
691 4162 820 4231 ήμῖν
844 4159 1127 4232 εἰρημένα.

648 4277 788 4331 Ἀλλ’
820 4278 1007 4349 ἐπειδή
1033 4277 1134 4350 τήν
1179 4276 1351 4349 ὀργὴν
1376 4276 1591 4347 εἴδομεν
1616 4276 1714 4330 τοῦ
1748 4277 1883 4331 Θεοῦ
1922 4278 2019 4332 καὶ
2050 4278 2151 4347 τὴν

565 4363 722 4429 ἀξίαν
746 4363 1115 4426 ἀνταπόδοσιν,
1151 4364 1283 4434 φέρε
1310 4363 1403 4416 καὶ⁵
1429 4363 1529 4435 τὴν
1548 4360 1957 4433 φιλανθρωπίαν
1982 4362 2149 4416 αὐτοῦ

567 4447 662 4501 καὶ
706 4447 807 4517 τὴν
862 4447 1062 4518 πολλὴν
1117 4446 1418 4499 ἐπιείκειαν
1479 4444 1858 4515 ἐπιδείξωμεν.
1917 4446 1991 4499 Οὐ
2043 4445 2151 4517 γάρ

569 4532 761 4603 μόνους
784 4530 811 4569 ἀ
833 4530 959 4594 τοὺς
980 4531 1109 4602 περὶ
1133 4530 1233 4600 τῆς
1261 4530 1431 4600 ὀργῆς
1459 4529 1541 4583 δεῖ
1574 4531 1741 4581 κινεῖν
1770 4528 1978 4597 λόγους,
2016 4529 2152 4583 ἀλλά

568 4614 820 4677 καὶτοὺς
863 4616 992 4682 περὶ
1023 4614 1124 4684 τῆς
1170 4614 1555 4686 χρηστότητος,
1597 4613 1685 4666 ἵνα
1717 4613 1853 4683 μήτε
1895 4613 1973 4674 εἰς
2014 4612 2153 4665 ἀπό-

567 4715 768 4768 γνωσιν
810 4698 1133 4767 ἐμϐάλωμεν
1162 4698 1288 4760 τοὺς
1322 4696 1642 4760 ἀκούοντας,
1693 4695 1829 4766 μήτε
1860 4695 1940 4758 εἰς
1982 4694 2150 4765 ρᾳθυ-

572 4784 890 4854 μίαν.οὖτω
909 4784 1002 4837 καὶ
1033 4781 1242 4841 Παῦλος
1262 4784 1421 4848 ποιεῖ,
1452 4782 1546 4836 καὶ
1577 4780 1785 4844 τούτοις
1822 4780 2153 4853 ἀμφοτέροις

568 4870 731 4938 κιρνᾴ
761 4869 861 4938 τὴν
891 4868 1234 4938 παραίνεσιν,
1259 4866 1459 4919 οὑτωσὶ
1494 4865 1669 4933 λέγων
1687 4882 1701 4895 ο
1744 4865 1861 4919 ’Ῑδὲ
1897 4860 2010 4919 οὖν
2039 4864 2155 4931 τὴν

567 4954 951 5021 χρηστότητα
971 4950 1070 5003 καὶ
1101 4949 1438 5018 ἀποτομίαν
1468 4949 1637 5011 Θεοῦ,
1671 4948 1760 5003 ἴνα
1784 4951 1877 5001 καὶ
1904 4948 1981 5019 τῷ
2007 4947 2155 5017 φόϐῳ

568 5038 663 5092 καὶ
682 5039 803 5101 ταῖς
831 5037 1093 5109 χρησταῖς
1121 5034 1332 5087 ἐλπίσιν
1360 5034 1640 5104 ἀναστήσῃ
1672 5032 1765 5086 τὸν
1794 5032 2143 5086 πεπτωκότα.

568 5117 722 5184 Εἶδες
755 5119 1059 5190 ἀποτομίαν
1110 5116 1283 5181 Θεοῦ;
1326 5116 1425 5169 ’1δέ
1455 5118 1549 5169 καὶ
1586 5115 1951 5188 χρηστότητα.
2000 5112 2151 5187 [156]

568 5205 692 5270 Πῶς
707 5201 801 5259 οῦν
825 5203 1065 5275 ὀψόμεθα
1086 5203 1187 5272 τὴν
1202 5201 1548 5273 χρηστότητα
1566 5219 1581 5263 ;
1604 5201 1702 5253 ’Δν
1728 5198 1988 5272 μάθωμεν
2010 5199 2157 5262 τίνος

627 5395 654 5421 ⁸
678 5392 883 5453 Aliquot
912 5403 1031 5441 mss.
1054 5390 1152 5446 τοῖς
1174 5388 1417 5453 πτώμασι.

627 5453 656 5493 b
701 5448 827 5503 Ἀντὶ
868 5455 1049 5516 δημίων
1086 5453 1161 5500 ἐπὶ
1179 5448 1402 5516 κεφαλῆς,
1436 5451 1521 5516 Δεἰς
1542 5449 1737 5516 quidam
1760 5461 1906 5516 nggsx;
1932 5448 2161 5516 Erasmus

563 5518 763 5565 videtur
791 5508 978 5578 legisée
999 5517 1101 5578 ἀν·τί
1135 5508 1344 5578 δημίου,Δ
1364 5513 1447 5578 (ιιιί
1474 5508 1913 5578 νει-ιίιηεανηὶβεῖε
1935 5510 2058 5578 ἰοσο.
2084 5512 2161 5578 ἰη-

566 5582 634 5625 l‘ra
661 5592 805 5635 unus,
825 5572 955 5628 ιέειο
980 5572 1393 5639 εινῖιίυίπαντὸς
1420 5575 1583 5623 λοιπὸν
1617 5574 1919 5635 εὐαγέστερος
1953 5572 2012 5631 ἧν
2037 5574 2160 5621 ἀκά-

906 5700 1231 5771 εείρδιδριιι
1267 5698 1434 5771 caeleri
1476 5696 1674 5771 ςορίοεξ
1716 5701 1896 5771 Fies?
1925 5696 2158 5771 ερίέίιῑεπε

563 5760 811 5825 (ἴτοεὶιινῖί
856 5765 1031 5820 ηοω-ἰ,
1068 5766 1155 5825 qui
1196 5775 1285 5824 pro
1310 5762 1384 5810 his
1410 5760 1573 5825 verbis
1600 5758 1874 5825 substituit,
1913 5758 2017 5805 ἀλλ’
2055 5761 2156 5825 ᾀντ⁹

567 5824 886 5893 ἐπιτιμήσεως
920 5825 999 5872 διὰ
1020 5820 1105 5883 τῆς
1146 5820 1317 5887 λέπρας
1356 5823 1454 5879 τοῖς
1497 5828 1642 5870 πᾶσιν
1682 5820 1974 5881 ἐπίγνωστον
2015 5821 2157 5869 αὑτὸν

565 5900 719 5996 “3‘13
730 5903 820 5995 aus
838 5945 996 6009 μόνον.
1023 5946 1175 5999 Paulo
1198 5954 1308 6013 ροει
1332 5962 1458 5999 unus
1485 5948 1549 6004 εἰς
1566 5946 1835 6007 ἀπόγνωσιν
1859 5943 2150 6005 ἐκϐάλωμεν-

1211 319 1271 375 S.
1318 317 1601 377 JOANNIS
1637 313 2127 375 CIIRYSOSTOMI
2166 312 2487 371 ARCIIIEP.
2528 312 3079 372 CONSTANTINOP.
3737 304 3825 356 ιτιι

2253 431 2401 497 ἄξιος
2456 428 2524 504 ἦν
2576 434 2605 486 6
2644 432 2846 497 Ὀζίας.
2876 432 3052 485 Τίνων
3100 423 3193 483 οῦν
3235 427 3385 493 ἄξιος
3424 422 3522 500 ἦνς
3554 424 3706 495 Ἀμα
3731 417 3829 472 τῶν

2254 516 2541 588 προθύρων
2571 515 2766 577 ἐπιϐάς
2784 514 2893 569 τῶν
2920 512 3082 585 ἱερῶν
3112 510 3248 582 μετά
3264 510 3534 581 τοσαύτης
3552 509 3828 577 ἀναισχυν-

2255 600 2396 664 τίας,
2439 600 2649 671 μυρίων
2688 598 2982 669 σκηπτῶν,
3024 597 3119 651 καλ⁸
3158 596 3258 667 τῆς
3292 596 3525 665 ἐσχάτης
3565 592 3829 655 κολάσεως

2255 685 2352 738 καὶ
2392 685 2683 756 τιμωρίας.
2716 686 2781 739 Εἰ
2813 684 2921 755 γὰρ
2953 684 3001 735 οἰ
3040 681 3249 753 πρῶτοι
3274 680 3445 734 ταῦτα
3472 678 3830 749 τολμήσαντες

2253 767 2459 838 ταύτην
2487 768 2674 822 ἔδοσαν
2704 769 2806 839 τὴν
2835 767 3012 837 δίκην,
3042 767 3089 818 οἰ
3117 766 3246 835 περὶ
3268 763 3444 817 Δαθάν
3461 763 3555 816 καὶ
3572 760 3717 831 Κορὲ
3745 762 3831 813 καὶ

2268 850 2550 923 Ἀϐειρὼν,
2570 850 2748 922 πολλῷ
2774 850 2973 921 μᾶλλον
2989 847 3178 902 τοῦτον
3196 847 3340 900 οὕτω
3360 844 3688 908 κολάζεσθαι
3712 842 3827 900 ἔδει.

2255 934 2347 988 τὸν
2390 935 2525 1005 μηδὲ
2566 937 2688 998 ταῖς
2744 934 2971 993 ἐκείνων
3022 929 3457 1004 σωφρονισθέντα
3507 928 3828 999 συμφοραῖς.

2268 1017 2407 1070 Ἀλλ’
2434 1018 2534 1071 οὐκ
2569 1018 2793 1088 ἐποίησε
2817 1017 2974 1070 τοῦτο
2992 1017 3020 1069 6
3053 1016 3205 1079 Θεὸς,
3229 1013 3365 1068 ἀλλά
3396 1011 3661 1083 πρότερον
3691 1007 3833 1077 αὐτῷ

2254 1107 2447 1177 λόγους
2493 1111 2818 1180 προσήγαγε
2852 1120 2877 1148 ο
2914 1093 3116 1178 πολλῆς
3138 1105 3439 1167 ἐπιεικείας
3459 1103 3727 1174 γέμοντας
3752 1098 3835 1151 διά

2251 1191 2346 1245 τοῦ
2371 1192 2578 1263 ἱερέως.
2596 1193 2705 1247 Kal
2725 1191 2869 1262 ἀπερ
2892 1192 2921 1243 6
2942 1190 3177 1262 Χριστὸς
3198 1191 3503 1260 παρῄνεσεν
3531 1183 3835 1254 ἀνθρώποις

2253 1269 2449 1339 ποιεῖν’,
2480 1276 2607 1330 ὅταν
2642 1276 2722 1338 εἰς
2749 1274 3010 1345 ἀλλήλους
3036 1273 3389 1345 ἁμαρτάνωσι
3416 1270 3437 1308 ί
3448 1311 3463 1335 ,
3482 1268 3643 1322 τοῦτο
3662 1269 3691 1319 6
3708 1266 3835 1328 Θεὸς

2253 1358 2391 1428 πρὸς
2432 1358 2524 1411 τὸν
2572 1357 2857 1431 ἄνθρωπον
2901 1358 3176 1428 ἐποίησεν.
3216 1357 3403 1409 Ὅταν
3446 1354 3591 1424 γάρ,
3642 1350 3835 1423 φησὶν,

2251 1441 2482 1510 ἁμάρτῃ
2503 1443 2591 1506 είς
2616 1441 2693 1494 σὲ
2717 1443 2750 1495 ό
2764 1440 3029 1510 ἀδελφός
3057 1456 3195 1505 σου,
3212 1439 3426 1509 ὕπαγε,
3448 1435 3704 1506 ἔλεγξον
3731 1436 3836 1487 αὐ-

2250 1525 2359 1577 τὸν
2394 1524 2624 1593 μεταξὺ
2652 1523 2768 1578 σοῦ
2808 1524 2908 1577 καὶ
2939 1522 3127 1577 αὑτοῦ
3165 1523 3380 1593 μόνου.
3427 1520 3585 1575 Οὕτω
3626 1518 3836 1572 καὶτὸν

2253 1605 2475 1676 βασιλέα
2505 1607 2690 1660 τοῦτον
2723 1605 2949 1677 ἤλεγξεν
2991 1605 3020 1658 6
3058 1604 3208 1668 Θεός.
3247 1605 3358 1659 Kal
3398 1606 3427 1658 6
3477 1604 3575 1675 μὲν
3608 1601 3838 1673 Χριστός

2251 1707 2414 1760 φησιν
2428 1707 2443 1721 θ
2475 1688 2705 1759 Ἐὰν-μὴ
2721 1690 2957 1758 ἀκούσῃ
2977 1678 3115 1751 σου,
3145 1689 3301 1741 ἔστω
3324 1702 3423 1741 σοι
3438 1688 3520 1750 ὡς
3541 1688 3575 1738 ό
3601 1682 3841 1749 ἐθνικὸς

2251 1773 2351 1826 καὶ
2380 1776 2413 1827 ό
2433 1772 2725 1841 τελώνης’
2751 1773 2779 1824 6
2806 1772 2864 1827 δέ
2887 1772 3020 1836 Θεὸς
3049 1770 3433 1842 φιλανθρωπίᾳ
3455 1770 3583 1833 τοὺς
3602 1768 3839 1830 οἰκείους

2252 1857 2592 1930 ὑπερϐαίνων
2622 1858 2843 1929 νόμους,
2877 1856 2996 1910 οὑδέ
3021 1856 3194 1920 οὕτως
3213 1854 3375 1909 αὐτὸν
3406 1853 3681 1921 ἐξέκοψεν.
3703 1852 3840 1905 ἀλλά

2250 1942 2677 2013 παρακούσαντα
2724 1943 2823 1995 καὶ
2864 1941 3320 2012 ἀγανακτήσαντα
3363 1938 3465 1991 οὐκ
3510 1936 3838 2009 ἀπέρριψεν,

2251 2028 2387 2081 ἀλλά
2422 2026 2586 2082 πάλιν
2610 2026 2916 2098 προσίεται,
2942 2026 3037 2079 καὶ
3065 2023 3311 2079 παιδεύει
3333 2022 3521 2093 τρόπῳ
3548 2021 3842 2091 διόρθωσιν

2251 2110 2427 2182 ἔχοντι
2453 2109 2655 2182 μᾶλλον
2681 2109 3025 2182 ήτιμωρίαν.
3057 2108 3193 2162 οὑδὲ
3213 2107 3322 2179 γάρ
3360 2105 3602 2176 σκηπτὸν
3625 2104 3845 2174 ἀφῆκεν

2249 2195 2454 2250 ἀνωθεν
2475 2234 2491 2258 ,
2534 2194 2658 2248 οὐδὲ
2696 2191 2995 2263 κατέφλεξε
3028 2191 3127 2263 τήν
3170 2191 3523 2261 ἀναίσχυντον
3555 2188 3803 2261 κεφαλήν
3822 2228 3841 2251 ,

2249 2280 2386 2334 ἀλλά
2412 2280 2478 2349 τῇ
2505 2276 2680 2349 λέπρᾳ
2712 2277 2871 2348 μόνον
2916 2276 3225 2330 ἐπαίδευσε.
3277 2276 3387 2329 Kal
3428 2274 3497 2327 τά
3538 2274 3640 2344 μὲν
3692 2272 3842 2327 κατά

2249 2362 2341 2415 τὸν
2390 2360 2568 2425 Ὀζίαν
2608 2359 2859 2413 τοιαῦταο
2897 2357 3009 2428 ἐγὼ
3046 2359 3103 2412 δέ
3138 2358 3197 2411 ἐν
3236 2357 3317 2410 ἔτι
3370 2356 3530 2428 μόνον
3579 2355 3845 2427 προσθεὶς

2249 2443 2590 2498 καταπαύσω
2620 2442 2711 2496 τὸν
2734 2442 2911 2512 λόγον.
2953 2442 3019 2495 Τί
3058 2441 3115 2495 δὲ
3144 2440 3302 2494 τοῦτό
3342 2442 3525 2505 ἐστιν;
3571 2441 3639 2492 '0
3670 2439 3844 2492 πάλαι

2251 2527 2343 2580 καὶ
2366 2526 2425 2591 ἐξ
2450 2527 2625 2599 ἀρχῆς
2656 2526 3001 2598 ἐζητήσαμεν
3020 2542 3035 2555 ο
3076 2523 3221 2588 τίνος
3264 2525 3451 2577 ἔνεκεν
3500 2524 3559 2576 ἐν
3583 2526 3695 2586 τοῖς
3733 2522 3847 2588 ἔξω

2250 2610 2560 2680 πράγμασι,
2590 2610 2685 2662 καὶ
2712 2610 2770 2663 ἐν
2795 2611 2916 2672 ταῖς
2936 2606 3317 2679 προφητείαις,
3351 2607 3606 2661 ἀπάντων
3649 2605 3851 2659 εἰωθό-

2249 2712 2358 2748 των
2388 2695 2490 2765 τῆς
2517 2694 2664 2765 ζωῆς
2685 2693 2795 2746 τῶν
2824 2691 3084 2763 βασιλέων
3117 2692 3247 2754 τοὺς
3278 2692 3505 2761 χρόνους
3538 2688 3846 2761 ἐπισημαί-

2250 2776 2458 2841 νεσθαι,
2490 2766 2646 2841 οὗτος
2677 2775 2834 2830 τοῦτο
2877 2776 3057 2845 ἀφεὶς,
3095 2773 3188 2828 τοῦ
3218 2774 3412 2845 χρόνου
3448 2774 3547 2845 τῆς
3576 2772 3849 2843 τελευτῆς

2253 2860 2525 2931 μέμνηται
2550 2859 2645 2913 τοῦ
2671 2859 2868 2924 Ὀζίου,
2897 2858 3095 2913 οὑτωσὶ
3110 2858 3284 2927 λέγων
3301 2875 3314 2889 ο
3344 2858 3454 2912 Καὶ
3474 2856 3711 2926 ἐγένετο
3732 2859 3849 2911 τοῦ

2248 2944 2548 3007 ἐνιαυτοῦ,
2578 2939 2651 3000 οὗ
2677 2943 2979 2999 ἀπέθανεν
3021 2940 3202 3009 Ὀζίας
3228 2945 3262 2999 ό
3288 2942 3607 3007 βασιλεύς.
3640 2941 3850 2995 Καίτοι

2250 3044 2316 3098 γε
2353 3028 2481 3098 ἐνῆν
2510 3027 2602 3081 τὸν
2644 3028 2739 3081 τοῦ
2786 3026 3163 3097 βασιλεύοντος
3189 3026 3381 3097 χρόνον
3408 3027 3605 3088 εἰπεῖν,
3646 3024 3852 3097 ὥσπερ

2249 3112 2369 3176 ἔθος
2388 3110 2558 3165 ἅπασι
2579 3113 2690 3174 τοῖς
2708 3113 3015 3182 προφήταις
3040 3106 3130 3182 ἦν’
3148 3110 3263 3164 ἀλλ’
3290 3110 3391 3162 οὑκ
3410 3108 3634 3181 ἐποίησε
3657 3108 3846 3164 τοῦτο.

2249 3195 2406 3258 Τίνος
2431 3191 2525 3250 οὖν
2547 3195 2731 3248 ἕνεκεν
2752 3195 2852 3247 οὐκ
2890 3194 3145 3262 ἐποίησε;
3179 3193 3362 3264 Νόμος
3394 3188 3463 3263 ἦν
3493 3193 3722 3255 παλαιὸς
3752 3192 3856 3245 τὸν

2249 3280 2450 3353 λεπρὸν
2474 3281 2576 3351 τῆς
2611 3279 2819 3343 πόλεως
2848 3277 3253 3345 ἐξελαύνεσθαι,
3306 3277 3448 3331 ὥστε
3483 3278 3735 3341 καὶτοὺς
3784 3279 3853 3329 ἐν

2249 3367 2317 3437 τῇ
2348 3364 2501 3417 πόλει
2534 3362 2773 3434 βελτίους
2801 3362 3077 3431 γενέσθαι,
3102 3363 3197 3416 καὶ
3221 3362 3383 3415 αὑτὸν
3421 3361 3497 3434 μὴ
3514 3362 3853 3434 προκεῖσθαι

2250 3448 2363 3509 τοῖς
2390 3445 2735 3517 βουλομένοις
2768 3444 3011 3515 ὑϐρίζειν
3042 3446 3392 3516 σκωμμάτων
3414 3446 3508 3498 καὶ
3544 3445 3854 3515 χλευασίας

2250 3528 2527 3601 ἀφορμήν,
2587 3528 2702 3583 ἀλλ’
2755 3528 2860 3594 ἔξω
2915 3530 3017 3599 τῆς
3078 3528 3284 3592 πόλεως
3349 3527 3599 3599 μένοντα,
3659 3544 3855 3597 παρα-

2252 3614 2509 3683 πέτασμα
2556 3614 2655 3684 τῆς
2714 3615 3001 3685 συμφορᾶς
3042 3612 3184 3683 ἔχειν
3222 3614 3323 3683 τὴν
3365 3613 3623 3683 ἐρημίαν.
3670 3611 3865 3665 Τοῦτο

2252 3699 2348 3751 καὶ
2384 3698 2475 3751 τὸν
2514 3694 2739 3767 βασιλέα
2775 3695 2964 3749 τοῦτον
3008 3696 3301 3766 ὑπομένειν
3354 3696 3520 3767 ἐχρῆν
3560 3694 3704 3764 μετά
3746 3696 3860 3767 τὴν

2251 3779 2456 3851 λέπραν
2486 3797 2502 3812 ·
2526 3779 2640 3834 ἀλλ’
2668 3778 2767 3849 οὐχ
2809 3779 3089 3849 ὑπέμεινε,
3122 3778 3231 3832 τῶν
3254 3781 3313 3832 ἐν
3338 3782 3403 3851 τῇ
3439 3778 3592 3832 πόλει
3622 3780 3714 3833 διὰ
3744 3781 3860 3850 τὴν

2252 3863 2427 3935 ἀρχὴν
2459 3863 2623 3917 αὑτὸν
2674 3862 3047 3925 αἰδεσθέντων,
3104 3862 3218 3915 ἀλλ’
3272 3863 3465 3932 ἔμενεν
3494 3864 3550 3915 ἐν
3577 3862 3657 3933 τῷ
3705 3864 3859 3933 οἴκῳ

2254 3946 2417 3999 αὑτοῦ
2441 3946 2707 4018 κρυφίως.
2736 3945 2906 3998 Τοῦτο
2936 3944 3222 4016 παρώξυνε
3255 3945 3346 3999 τὸν
3369 3945 3525 4007 Θεὸν,
3549 3944 3711 3998 τοῦτο
3742 3949 3861 4017 τὴν

2254 4030 2591 4103 προφητείαν
2622 4028 2867 4083 ἐκώλυσε
2890 4047 2902 4060 ·
2946 4030 3039 4082 καὶ
3062 4030 3198 4100 ὅπερ
3230 4030 3321 4082 ἐπὶ
3348 4028 3442 4083 τοῦ
3488 4029 3606 4082 Ἠλὶ
3626 4030 3862 4097 γέγονε,

2265 4114 2457 4183 Ῥῆμα
2476 4116 2671 4184 τίμιον
2684 4108 2782 4184 ἦν,
2799 4112 2897 4166 καὶ
2913 4114 3025 4167 οὑκ
3038 4109 3117 4183 ἥν
3132 4112 3342 4181 ὅρασις
3363 4113 3864 4169 διαστέλλουσα-

2256 4197 2328 4251 Σὺ
2357 4198 2414 4251 δέ
2450 4214 2540 4269 μοι
2582 4197 2677 4250 καὶ
2718 4196 2953 4250 ἐνταῦθα
2996 4197 3188 4250 σκόπει
3220 4196 3313 4249 τοῦ
3343 4196 3478 4250 Θεοῦ
3512 4196 3610 4268 τὴν
3650 4198 3869 4266 φιλαν-

2258 4281 2524 4352 θρωπίαν.
2548 4280 2624 4333 Οὐ
2652 4279 2759 4351 γὰρ
2785 4278 3049 4348 ἀνέτρεψε
3077 4278 3178 4350 τὴν
3231 4279 3407 4347 πόλιν,
3442 4279 3563 4333 οὐδὲ
3591 4280 3873 4334 ἀπώλεσε

2256 4365 2383 4427 τοὺς
2419 4363 2759 4425 ἐνοικοῦντας
2778 4377 2793 4393 ο
2834 4361 2947 4415 ἀλλ’
2975 4362 3111 4432 ὅπερ
3142 4362 3286 4432 φίλοι
3319 4362 3532 4416 ποιοῦσι
3558 4364 3695 4432 πρὸς
3719 4367 3879 4430 τοὺς

2258 4448 2554 4518 ὁμοτίμους
2574 4446 2680 4499 τῶν
2706 4445 2895 4515 φίλων,
2918 4446 3137 4500 ἐπειδάν
3164 4447 3329 4518 ἔχωσί
3354 4466 3405 4501 τι
3441 4448 3647 4501 δίκαιον
3676 4450 3873 4517 ἐγκαο

2260 4530 2391 4595 λεῖν,
2432 4534 2490 4584 ἐν
2533 4532 2955 4601 παρασιωπήσει
2992 4531 3280 4601 μένοντεςο
3330 4531 3490 4584 τοῦτο
3519 4532 3612 4585 καὶ
3640 4534 3669 4585 6
3710 4534 3880 4597 Θεὸς

2260 4615 2398 4685 πρὸς
2415 4614 2477 4666 τὸ
2499 4613 2649 4678 ἔθνος
2664 4614 2887 4685 ἐποίησε
2924 4614 3170 4685 μείζονος
3195 4615 3255 4668 ὃν
3282 4615 3433 4680 ἀξιον
3460 4616 3735 4681 κολάσεως
3760 4622 3891 4675 καὶ

2261 4699 2546 4770 τιμωρίας.
2576 4697 2727 4771 [157]
2767 4698 2908 4769 Ἐγὼ
2936 4701 3036 4771 μὲν
3058 4700 3168 4772 γὰρ
3194 4699 3446 4765 ἐξέϐαλον
3477 4701 3658 4763 αὑτὸν,
3688 4705 3884 4773 φησι,

2260 4782 2355 4837 τοῦ
2380 4782 2547 4852 ἱεροῦ,
2577 4785 2736 4852 ὑμεῖς
2761 4783 2819 4836 δὲ
2850 4784 2970 4837 οὐδὲ
2985 4785 3086 4855 τῆς
3111 4784 3317 4848 πόλεως
3334 4799 3348 4814 ’
3367 4784 3477 4853 ἐγὼ
3499 4786 3669 4855 δήσας
3684 4788 3901 4839 αὑτὸν

2261 4866 2353 4921 διὰ
2386 4867 2487 4936 τῆς
2513 4866 2741 4939 λέπρας,
2777 4868 2992 4937 ἰδιώτην
3042 4868 3337 4939 παρέδωκα
3365 4907 3379 4931 ,
3426 4869 3583 4939 ὑμεῖς
3633 4868 3689 4922 δέ
3730 4872 3896 4924 οὑδὲ

2264 4950 2409 5003 οὕτω
2422 4967 2488 5002 πε
2497 4950 2831 5020 ριεγένεσθε,
2851 4949 2987 5005 ἀλλά
3008 4951 3099 5004 τὸν
3123 4952 3215 5004 ὑπ’
3231 4951 3365 5020 ἐμοῦ
3385 4953 3830 5005 καταδικασθέντ
3846 4974 3906 5007 .1

2265 5036 2365 5086 οὑκ
2410 5033 2667 5104 ήνέχεσθε
2697 5036 2794 5105 τῆς
2840 5034 3047 5099 πόλεως
3078 5034 3346 5089 ἐκϐαλεῖν,
3392 5037 3580 5089 Καίτοι
3612 5039 3769 5098 ποῖος
3798 5037 3907 5089 ἂν

2264 5117 2422 5170 τοῦτο
2452 5116 2709 5187 βασιλεὺς
2748 5117 2935 5189 πράως
2966 5119 3217 5188 ήνεγκεν,
3256 5118 3368 5171 ἀλλ’
3402 5120 3501 5171 οὐκ
3527 5119 3592 5171 ἂν
3640 5121 3707 5171 ἐκ
3765 5119 3905 5188 βά-

2268 5202 2411 5273 θρων
2461 5201 2559 5273 τὴν
2617 5201 2769 5256 πόλιν
2820 5200 3121 5271 ἀνέτρεψε,
3172 5202 3263 5255 τὸν
3303 5203 3383 5265 εἰς
3422 5202 3516 5272 τὴν
3553 5204 3913 5273 ὑπερορίαν

2270 5286 2675 5359 μετοικισθῆναι
2710 5283 3097 5351 κελευσθέντα,
3131 5285 3539 5356 ἐνδιατρίϐοντα
3571 5290 3637 5358 τῇ
3694 5290 3861 5343 πόλε
3884 5311 3913 5345 ι

2265 5371 2442 5443 ὁρῶν;
2470 5369 2584 5421 ἀλλ’
2631 5368 2728 5438 οὐχ
2753 5370 2781 5419 6
2807 5367 2937 5432 Θεὸς
2967 5369 3126 5423 τοῦτο
3157 5371 3409 5442 ἐποίησεο
3436 5371 3566 5433 Θεὸς
3604 5372 3718 5443 γὰρ
3772 5368 3917 5444 ἦν,

2266 5458 2362 5510 καὶ
2392 5454 2494 5508 οὐκ
2518 5452 2821 5525 ἄνθρωπος.
2864 5454 3083 5525 Ἐπειδὴ
3121 5455 3177 5507 δὲ
3225 5454 3545 5526 ἐτελεύτησε
3568 5495 3583 5517 ,
3622 5460 3690 5526 τῇ
3744 5456 3919 5533 ζωῇ

2264 5539 2454 5591 τούτου
2476 5538 2572 5590 καὶ
2600 5536 2699 5606 τὴν
2722 5535 2857 5606 πρὸς
2884 5536 3126 5599 ἐκείνους
3148 5537 3317 5607 ὀργήν
3348 5539 3747 5605 συγκατέλυσε,
3768 5546 3935 5601 καὶ

2267 5623 2365 5691 τῆς
2388 5621 2724 5693 προφητείας
2771 5620 2868 5683 τάς
2899 5620 3068 5691 θύρας
3098 5620 3325 5691 ἀνέῳξε,
3373 5622 3467 5674 καὶ
3516 5621 3678 5676 πάλιν
3721 5627 3927 5693 πρὸς

2266 5705 2462 5769 αὐτοὺς
2478 5702 2771 5774 ἐπανῆλθε.
2797 5704 2870 5756 Σὺ
2886 5703 2943 5756 δὲ
2960 5705 3024 5757 ἐκ
3043 5702 3136 5757 τοῦ
3159 5704 3362 5775 τρόπου
3385 5706 3484 5774 τῆς
3505 5705 3935 5781 καταλλαγῆς

2326 5899 2349 5925 ε
2370 5882 2506 5934 Unus
2525 5883 2745 5945 ἐπήγαγε.

2329 5945 2349 5984 ί
2378 5946 2579 6008 Quidam
2604 5940 2714 5993 nisi.
2743 5944 3009 6006 ἁμάρτωσι,
3034 5950 3087 5993 et
3112 5944 3257 6006 paulo
3280 5949 3387 6005 post
3408 5940 3682 6005 ἁμαρτήσῃ.
