3992 6300
217 357 293 411 ππ
1215 342 1281 398 IN
1317 337 1542 402 ILLUD,
1582 333 1720 390 VIDI
1760 329 2089 395 DOMINUM,
2131 330 2358 388 HOMIL.
2402 331 2465 387 ν.

211 480 305 533 silto
336 474 529 547 gratias
569 486 734 545 agere
764 488 778 526 :
820 469 943 532 ille,
984 464 1186 536 inquit,
1226 460 1526 529 indignatus
1563 462 1679 523 est,
1708 459 1766 509 et

212 576 367 626 minus
384 567 618 624 reddidit
638 564 907 620 acerbius.
922 561 1104 630 Neque
1123 556 1263 611 enim
1286 553 1505 624 perinde
1525 549 1661 605 mala
1681 560 1771 602 res

214 678 278 721 est
308 673 602 734 poculum,
643 668 807 725 atque
837 662 957 725 post
994 659 1265 723 peccatum
1302 640 1646 714 impudentia.
1678 639 1773 693 At-

213 757 287 826 qui
303 733 392 811 non
416 753 611 809 eodem
636 749 800 805 modo
823 745 984 802 David
1000 784 1016 811 ,
1039 742 1132 797 sed
1157 734 1463 812 quomodo?
1485 733 1770 826 Postquam

218 822 241 903 εξ
258 848 431 903 Nathan
453 845 733 899 incusatus
752 846 898 894 esset
914 836 985 892 de
1003 833 1287 898 Bersabee,
1306 826 1521 884 Peccavi
1540 865 1557 892 ,
1580 822 1769 893 inquit,

221 944 400 997 Datiano
430 937 520 1010 (ε.
552 936 683 1005 Reg.
718 932 806 988 t2.
840 931 911 987 ts
942 928 985 999 ).

274 1037 317 1090 5.
356 1009 571 1087 Peccata
587 1031 845 1100 justorum
871 1024 1056 1078 cedunt
1074 1020 1126 1074 in
1154 1018 1357 1071 bonum.
1384 1009 1653 1066 —Vidisti
1680 1020 1774 1063 cor

217 1124 504 1182 contritum?
526 1121 704 1177 vidisti
721 1117 1041 1175 submissam
1060 1112 1290 1168 animam
1307 1106 1517 1163 ?vidisti
1540 1102 1772 1159 utetiam

223 1220 375 1287 lapsus
402 1224 708 1271 sanctorum
738 1211 846 1265 sint
869 1205 1101 1278 egregii?
1126 1198 1581 1272 Quemadmodum
1630 1192 1774 1251 enim

223 1310 448 1381 przeclara
489 1320 713 1376 corpora
755 1302 918 1357 etiam
958 1300 1009 1354 in
1039 1297 1256 1351 adversa
1285 1290 1584 1347 valetudine
1610 1288 1775 1342 multa

222 1403 350 1458 nobis
388 1400 570 1455 forma:
614 1395 835 1465 vestigia
884 1390 1210 1447 ostendunt:
1242 1387 1321 1440 sic
1373 1392 1428 1438 et
1467 1389 1773 1437 Sanctorum

221 1496 387 1549 animae
428 1493 480 1545 in
521 1489 651 1557 ipsis
682 1489 845 1543 etiam
873 1484 1064 1540 erratis
1088 1496 1199 1536 sua:
1242 1477 1452 1531 virtutis
1488 1476 1635 1544 signa
1667 1487 1777 1542 pra:

220 1601 269 1642 se
293 1584 477 1638 ferunt.
514 1580 580 1634 Et
606 1590 781 1633 tamen
810 1577 899 1630 ille
928 1575 981 1629 in
1009 1572 1181 1627 media
1206 1570 1349 1640 regia
1375 1566 1723 1621 accusabatur
1747 1578 1777 1617 a

225 1675 458 1745 propheta
481 1670 660 1725 multis
689 1667 1077 1739 praesentibus;
1104 1662 1191 1717 hic
1212 1675 1341 1716 vero
1364 1660 1505 1713 intus
1533 1658 1585 1711 in
1608 1655 1781 1726 adytis

226 1764 356 1819 nullo
380 1773 513 1817 teste
541 1761 856 1829 redargutus
880 1766 995 1821 est;
1020 1768 1204 1809 verum
1235 1766 1303 1807 ne
1322 1750 1401 1804 sic
1428 1747 1639 1819 quidem
1663 1745 1783 1800 tulit

226 1857 639 1927 increpationem.
688 1850 826 1921 Quid
870 1847 1070 1919 igitur?
1113 1843 1419 1900 insanabilis
1457 1836 1783 1911 permansit?

226 1952 562 2021 Nequaquam,
592 1956 812 2017 propter
854 1942 947 1997 Dei
988 1939 1326 1995 clementiam
1362 1952 1376 1989 :
1407 1933 1501 1989 sed
1529 1930 1786 2002 quemad-

234 2042 425 2098 modum
447 2040 513 2097 de
542 2039 922 2104 lunatien,eum
950 2031 1191 2102 discipuli
1209 2043 1316 2085 non
1330 2028 1571 2082 valerent
1589 2023 1785 2094 ejicere

233 2132 524 2189 damonium
547 2174 564 2199 ,
597 2131 726 2185 dicit
752 2128 998 2183 Christus
1026 2142 1041 2179 :
1073 2124 1319 2179 Adducite
1355 2120 1480 2175 mihi
1524 2128 1644 2170 eum
1688 2116 1786 2171 huc

234 2226 419 2296 (Matth.
448 2226 533 2279 i7.
564 2221 655 2294 16)
680 2239 694 2275 :
722 2221 799 2275 sic
820 2228 875 2275 et
901 2218 1008 2285 hic,
1037 2231 1155 2273 cum
1183 2212 1435 2270 sacerdos
1472 2224 1578 2266 non
1611 2214 1791 2278 posset

234 2321 447 2375 morbum
471 2318 657 2390 quovis
698 2313 969 2371 daemonio
998 2311 1314 2375 suaviorem,
1361 2320 1553 2376 nempe
1602 2315 1789 2373 pecca-

237 2422 347 2478 tum,
386 2413 593 2483 ejicere,
642 2409 757 2479 ipse
798 2409 941 2463 Deus
968 2401 1306 2461 laborantem
1342 2397 1666 2471 aggreditur.
1724 2396 1792 2451 Et

238 2507 344 2575 quid
364 2506 512 2560 facit?
545 2504 768 2573 Lepram
798 2498 1034 2556 immittit
1061 2496 1217 2552 fronti
1248 2493 1433 2564 ipsius.
1450 2489 1667 2545 Factum
1692 2497 1786 2554 est,

237 2600 419 2671 inquit,
463 2615 575 2652 cum
600 2596 689 2651 ille
718 2595 997 2649 minaretur
1023 2588 1270 2644 sacerdoti
1293 2627 1309 2651 ,
1339 2586 1479 2655 lepra
1504 2582 1714 2654 efﬂoruit
1739 2581 1792 2634 in

235 2698 379 2762 fronte
397 2694 501 2762 ejus
527 2691 605 2763 (Ξ.
632 2686 815 2744 Parui.
845 2685 936 2741 26.
968 2683 1087 2754 19),
1113 2682 1329 2753 jamque
1355 2677 1555 2742 exibat,
1585 2673 1720 2730 sicut
1758 2674 1793 2727 ii

234 2785 312 2852 qui
336 2783 395 2836 ad
424 2789 647 2837 mortem
677 2777 1013 2834 abducuntur
1038 2774 1215 2828 funem
1245 2785 1339 2827 ore
1357 2775 1627 2841 gestantes
1640 2765 1795 2820 dam-

234 2874 443 2928 natioois
493 2873 702 2942 signum
730 2910 745 2933 ,
794 2868 877 2923 sic
920 2875 975 2922 et
1023 2864 1114 2920 ille
1145 2861 1447 2934 ignominia:
1489 2859 1695 2929 signum
1740 2856 1796 2912 in

233 2966 393 3021 fronte
416 2975 646 3036 gestans,
687 2977 795 3017 non
825 2958 1166 3016 carniﬁcibus
1209 2957 1381 3027 ipsum
1425 2951 1756 3008 trahentibus
1778 2990 1793 3016 ,

232 3058 319 3112 sed
363 3058 502 3127 lepra
530 3057 650 3111 loco
677 3052 946 3110 carnificis
990 3050 1162 3120 ipsum
1212 3044 1538 3118 praecipitem
1583 3051 1793 3113 agente.

232 3148 494 3221 Ingressus
531 3158 591 3205 ut
631 3147 991 3205 sacerdotium
1024 3150 1342 3213 usurparet,
1369 3139 1530 3195 etiam
1575 3149 1797 3208 regnum

230 3241 449 3311 perdidit
481 3257 495 3294 :
526 3241 795 3310 ingressus
819 3246 902 3293 est
930 3244 989 3291 ut
1029 3234 1180 3289 fieret
1204 3229 1559 3287 venerabilior
1581 3270 1597 3293 ,
1627 3240 1680 3283 et
1720 3225 1798 3280 fa-

228 3344 338 3387 ctus
380 3343 461 3389 est
505 3328 899 3389 exsecrabilior.
925 3326 1056 3382 Nam
1102 3338 1223 3381 cum
1272 3320 1575 3377 immundus
1624 3327 1798 3384 esset,

233 3426 408 3495 quovis
436 3424 653 3479 homine
676 3422 885 3491 privato
912 3417 1134 3489 posthac
1154 3416 1306 3470 vilior
1328 3415 1343 3447 ³
1371 3420 1506 3469 erat.
1540 3411 1689 3466 Adeo
1715 3423 1801 3464 res

230 3529 307 3572 est
331 3519 459 3573 mala
487 3533 593 3572 non
619 3530 839 3570 manere
866 3513 1002 3567 intra
1032 3509 1162 3564 ﬁnes
1184 3506 1340 3563 nobis
1364 3520 1395 3559 a
1422 3504 1531 3559 Deo
1561 3502 1804 3573 prazscri-

234 3623 363 3681 plus,
404 3612 516 3667 sive
544 3609 768 3665 honoris
808 3607 921 3662 sive
948 3602 1267 3675 cognitionis
1294 3615 1382 3655 res
1407 3597 1587 3653 fuerit.
1616 3595 1803 3650 Nonne

232 3706 372 3761 vides
397 3706 497 3760 hoc
524 3717 695 3769 mare,
728 3715 886 3771 quam
911 3705 995 3754 est
1020 3696 1094 3752 ob
1121 3693 1423 3749 violentiam
1452 3687 1798 3752 intolerabile,

231 3800 431 3869 quantis
462 3798 700 3866 insurgat
725 3791 1013 3849 fluctibus?
1051 3790 1299 3844 Attamen
1330 3796 1670 3857 posteaquam
1706 3794 1803 3835 ve-
1829 3771 1847 3787 ⁸

234 3892 497 3945 hementer
521 3886 838 3951 insurrexit,
868 3882 1142 3949 multoque
1167 3893 1286 3934 cum
1316 3886 1525 3931 tumore
1552 3886 1803 3945 progres-

231 3993 340 4035 sum
365 3989 461 4045 est,
497 3978 593 4033 ubi
622 3980 832 4031 venerit
850 3973 915 4028 ad
947 3973 1228 4027 terminum
1254 3968 1353 4038 ipsi
1378 3982 1406 4021 a
1432 3966 1541 4021 Deo
1566 3963 1807 4035 praescri-

233 4082 367 4140 ptum
391 4113 407 4137 ,
439 4068 693 4124 ﬂuctibus
732 4067 783 4121 in
825 4078 1065 4134 spumam
1097 4060 1282 4115 solutis
1310 4061 1360 4112 in
1387 4072 1510 4111 sese
1536 4055 1693 4111 redit.
1739 4054 1808 4108 Et

234 4174 395 4221 tamen
424 4163 553 4234 quid
582 4175 746 4217 arena
776 4158 946 4230 possit
982 4170 1101 4211 esse
1136 4151 1433 4208 inﬁrmius?
1460 4149 1654 4205 Verum
1698 4162 1804 4202 non

236 4260 312 4313 illa
336 4269 415 4313 est
440 4274 562 4327 qua:
590 4252 873 4325 prohibet,
920 4248 1013 4305 sed
1054 4247 1170 4317 ejus
1190 4255 1363 4300 metus
1386 4242 1475 4313 qui
1519 4240 1806 4295 terminum

239 4353 414 4418 posuit.
444 4347 603 4417 Quod
630 4346 674 4401 si
703 4345 806 4398 hoc
825 4340 1128 4410 exemplum
1157 4352 1260 4391 non
1284 4346 1334 4390 te
1359 4340 1572 4388 revocat
1599 4330 1667 4385 ad
1695 4346 1809 4384 tuo-

244 4444 575 4508 derationem,
608 4454 729 4510 quae
765 4436 907 4493 Ozim
944 4431 1252 4489 acciderunt
1289 4427 1536 4485 erudiant
1572 4433 1661 4491 te,
1689 4438 1808 4495 quae

246 4550 363 4591 nunc
388 4551 416 4588 a
448 4534 609 4589 nobis
638 4530 783 4587 dicta
819 4520 962 4582 sunt.

312 4626 534 4681 Vindicta
550 4620 934 4678 mansuetudine
950 4623 1241 4686 temperata.
1260 4644 1331 4656 ——
1347 4612 1540 4667 Verum
1559 4607 1807 4680 quoniam

256 4718 360 4773 iram
391 4720 483 4774 Dei
514 4716 749 4772 vidimus
774 4712 1093 4782 dignamque
1119 4707 1395 4770 ultionem,
1421 4717 1520 4773 age
1543 4709 1597 4757 et
1623 4699 1812 4753 huma-

262 4813 441 4867 nitatem
479 4810 599 4880 ejus
625 4806 953 4874 multamque
976 4799 1279 4871 requitatem
1309 4800 1808 4851 commonstremus.

264 4900 407 4972 Neque
430 4903 573 4957 enim
618 4914 680 4955 ea
725 4904 928 4951 tantum
957 4890 1181 4949 dicenda
1209 4895 1351 4951 sunt,
1395 4900 1515 4956 quae
1544 4882 1813 4953 pertinent

269 4993 318 5045 ei
354 4994 493 5060 iram,
537 5004 723 5048 verum
766 4988 928 5043 etiam
960 4997 1081 5055 quin
1110 4980 1175 5035 ad
1204 4975 1664 5034 mansuetudinem
1691 5014 1706 5037 ,
1755 4980 1812 5025 ut

274 5099 405 5154 nerine
429 5088 477 5141 in
504 5082 935 5155 desperationem
953 5073 1304 5144 conjiciamus
1329 5069 1618 5129 auditores,
1639 5078 1811 5135 neque

278 5177 621 5235 insitordiam.
652 5176 742 5233 Sic
790 5173 940 5229 enim
988 5178 1045 5224 et
1091 5164 1285 5221 Paulus
1330 5162 1452 5217 facit
1478 5175 1546 5214 ex
1590 5167 1813 5225 utraque

282 5278 526 5338 temperans
543 5267 968 5327 admonitionem
1001 5296 1020 5323 ,
1052 5257 1194 5311 hunc
1223 5255 1275 5309 in
1304 5251 1519 5307 modum
1544 5250 1766 5317 loquens
1796 5262 1811 5299 :

393 5365 523 5434 igitur
546 5365 822 5421 bonitatem
844 5371 911 5412 ac
931 5345 1361 5407 severitatemDei
1384 5344 1558 5417 (Rom.
1593 5342 1675 5395 ii.
1693 5337 1810 5408 ‘22);

265 5472 344 5527 quo
377 5432 512 5517 simul
539 5471 592 5518 et
621 5468 837 5515 terrore
885 5456 946 5505 et
991 5445 1135 5499 bona
1177 5455 1272 5511 spe
1315 5439 1513 5494 excitet
1557 5450 1677 5489 enm
1724 5432 1813 5503 qui

250 5524 391 5624 lapsus
416 5566 504 5612 est.
540 5550 734 5610 Vidisti
769 5537 1140 5602 severitatem
1180 5528 1312 5585 Dei?
1340 5527 1462 5583 vide
1507 5534 1561 5581 et
1605 5524 1815 5577 bonita-

234 5618 349 5708 tem?
366 5650 628 5725 Quomodo
656 5646 833 5717 igitur
855 5627 1176 5689 videbimus
1196 5619 1524 5679 bonitatem?
1548 5618 1601 5674 Si
1620 5631 1815 5686 cogno-

182 5850 187 5855 ‘
260 5836 279 5875 ί
306 5846 436 5902 tntis,
458 5841 591 5887 teste
616 5824 832 5882 savilio,
861 5812 1035 5867 habet
1060 5846 1075 5872 ,
1142 5803 1366 5870 fragilior
1394 5842 1409 5867 ,
1490 5808 1593 5860 pro,
1623 5794 1776 5845 vilior.

3353 339 3452 394 131

1875 451 2109 508 verimus
2134 468 2233 523 qua
2262 469 2320 508 re
2336 454 2527 523 dignus
2556 451 2712 509 fuerit
2739 452 2911 509 Ozias.
2936 453 3138 522 Quibus
3158 449 3325 522 igitur
3344 465 3459 509 erat

1875 544 2175 617 dignustlit
2203 548 2357 602 simul
2386 558 2544 619 atque
2572 549 2707 603 intra
2735 564 2944 606 sacrum
2972 554 3286 609 vestibulum
3314 564 3457 612 tanta

1876 651 1998 693 cum
2023 638 2348 709 impudentia
2376 638 2675 710 irrupisset,
2699 642 2844 696 mille
2868 642 3191 709 fulminibus,
3217 655 3460 703 extremo

1878 732 2138 801 supplicio
2163 735 2507 804 cruciatuque
2528 734 2848 791 afﬁceretur.
2878 735 2932 793 Si
2957 737 3098 792 enim
3128 737 3199 792 illi
3227 739 3314 809 qui
3345 739 3459 795 hmc

1878 823 2108 894 primum
2139 833 2263 879 sunt
2308 827 2462 890 ausi,
2503 826 2639 882 hanc
2667 828 2863 885 dedere
2912 844 3122 899 ptenam
3150 874 3165 899 ,
3216 835 3461 890 videlicet

1883 916 2109 983 Dathan,
2128 918 2265 973 Core
2291 929 2345 973 et
2364 918 2562 973 Abiron
2592 918 2776 991 (Nam.
2804 920 2915 991 ib),
2940 923 3106 977 multo
3132 927 3298 996 magis
3320 925 3463 982 hunc

1880 1008 1945 1064 ad
1968 1025 2089 1065 eum
2113 1012 2326 1066 modum
2355 1013 2525 1084 puniri
2551 1016 2806 1083 oportuit,
2824 1016 2913 1084 qui
2928 1031 2994 1071 ne
3018 1017 3226 1072 illorum
3247 1020 3459 1089 quidem

1879 1102 2267 1159 calamitatibus
2294 1104 2452 1160 fuerit
2476 1106 2782 1176 castigatus.
2828 1107 3023 1163 Verum
3069 1107 3171 1165 hoc
3200 1127 3303 1165 non
3339 1110 3463 1166 fecit

1883 1193 2150 1263 Deus,sed
2180 1197 2323 1266 prius
2349 1197 2423 1251 illi
2453 1212 2729 1253 sermones
2755 1198 2988 1254 admovit
3007 1216 3101 1268 per
3128 1201 3459 1257 sacerdotem

1883 1287 2047 1344 multa
2091 1289 2273 1359 plenos
2300 1287 2628 1344 immanitate
2666 1305 2679 1343 :
2712 1290 2956 1362 quodque
2984 1288 3225 1346 Christus
3267 1293 3461 1347 adhur.

1885 1391 2022 1437 tatus
2050 1392 2152 1446 est,
2201 1392 2259 1437 ut
2286 1382 2522 1438 facerent
2548 1382 2790 1439 homines
2818 1384 3025 1453 quoties
3067 1385 3117 1440 in
3149 1400 3209 1439 se
3240 1386 3461 1440 invicem

1884 1475 2237 1544 peccaverint,
2269 1474 2369 1530 hoc
2399 1474 2540 1529 Deus
2568 1475 2689 1530 feci;
2716 1491 2837 1546 erga
2869 1474 3158 1531 hominem.
3186 1476 3316 1531 Nam
3349 1480 3461 1531 ait:

1883 1565 2009 1623 Cum
2035 1568 2308 1638 peccaverit
2335 1569 2384 1621 in
2407 1579 2453 1620 te
2481 1572 2638 1639 frater
2663 1578 2796 1633 tuus,
2821 1568 2922 1633 abi,
2946 1585 3101 1640 argue
3124 1586 3234 1623 eum
3274 1569 3401 1623 inter
3421 1580 3468 1622 te

1886 1672 1933 1717 et
1959 1663 2123 1733 ipsum
2153 1662 2316 1718 solum
2346 1661 2557 1727 (ΜαιιΙι.
2599 1663 2686 1717 18.
2722 1661 2831 1734 15).
2878 1661 2969 1718 Sic
3011 1671 3066 1718 ct
3107 1678 3284 1733 regem
3328 1662 3469 1718 hunc

1887 1754 2155 1825 redarguit
2183 1756 2343 1809 Deus.
2374 1755 2439 1809 Et
2477 1754 2722 1810 Christus
2748 1754 2961 1826 qttidem
2994 1756 3120 1810 dicit
3150 1774 3163 1811 :
3198 1756 3261 1812 Si
3296 1766 3343 1810 te
3368 1773 3468 1810 non

1890 1846 2107 1898 audierit
2133 1888 2149 1913 ,
2182 1848 2243 1900 sit
2271 1847 2358 1900 tibi
2386 1848 2516 1901 velut
2545 1847 2770 1902 ethnicus
2795 1858 2841 1901 et
2870 1847 3168 1919 publicanus
3212 1846 3260 1921 (l
3269 1849 3371 1903 bid.
3419 1866 3468 1905 υ.

1896 1940 1981 1993 iii.
2017 1940 2105 2007 i7)
2136 1956 2149 1991 :
2182 1948 2238 1994 at
2272 1939 2411 1994 Deus
2451 1939 2734 1995 clementia
2774 1940 3017 2010 proprias
3062 1941 3472 2011 supergrediens

1894 2030 2057 2103 leges,
2089 2046 2186 2087 nec
2210 2032 2287 2086 sic
2310 2030 2523 2103 quidem
2555 2032 2702 2087 illum
2734 2033 2996 2099 resecuit,
3042 2049 3139 2089 nec
3163 2034 3344 2089 audire
3371 2050 3471 2089 no-

1895 2122 2090 2178 lentem
2120 2122 2586 2193 indignantemque
2613 2122 2809 2194 dcjecit
2830 2164 2847 2190 ,
2894 2123 2989 2180 sed
3019 2126 3207 2180 iterum
3233 2124 3473 2196 aggredi-

1896 2225 1981 2269 tnr
2029 2214 2357 2284 castigatque
2405 2213 2566 2271 modo
2602 2215 2991 2271 correctionem
3040 2215 3268 2271 trahente
3300 2217 3475 2285 potius

1895 2322 2055 2377 quam
2085 2308 2363 2363 ultionem.
2390 2306 2577 2378 Neque
2602 2308 2745 2364 enim
2776 2307 2975 2366 fulmen
3000 2309 3226 2365 vibravit
3250 2328 3280 2366 e
3308 2311 3475 2367 subli-

1896 2399 1989 2461 mi,
2019 2414 2194 2470 neque
2216 2399 2420 2455 exussit
2445 2398 2727 2469 impudens
2754 2408 2937 2471 caput,
2964 2401 3058 2457 sed
3091 2410 3295 2458 tantum
3329 2404 3473 2474 lepra

1896 2492 2191 2563 castigavit.
2220 2493 2396 2564 Atque
2424 2508 2486 2549 ea
2504 2492 2719 2563 quidem
2744 2510 2863 2565 qua:
2881 2493 3031 2565 Ozias
3051 2496 3377 2565 acciderunt,
3400 2499 3477 2554 sic

1900 2584 2097 2639 habent
2129 2601 2143 2639 :
2175 2600 2275 2655 ego
2298 2600 2427 2640 vero
2448 2584 2494 2641 si
2524 2600 2685 2641 unum
2712 2585 2961 2657 quiddam
2988 2587 3161 2645 adhuc
3186 2589 3440 2646 addidero
3458 2632 3476 2658 ,

1898 2677 2110 2733 dicendi
2151 2678 2308 2734 ﬁnem
2356 2677 2569 2735 faciam.
2621 2679 2759 2749 Quid
2803 2692 2981 2737 autem
3013 2680 3113 2739 hoc
3157 2685 3278 2740 cst?
3326 2684 3479 2752 Quod

1832 2832 1836 2837 .
1904 2777 2107 2848 pridem
2123 2777 2190 2834 ab
2215 2778 2367 2835 initio
2386 2779 2776 2851 quaerebamus,
2793 2796 2890 2837 cur
2904 2796 3024 2836 cmn
3043 2782 3095 2837 in
3121 2780 3278 2837 rebus
3311 2788 3482 2837 exter-

1902 2872 1985 2925 nis
2017 2870 2177 2942 inque
2201 2869 2496 2941 prophetiis
2514 2911 2531 2937 ,
2569 2886 2760 2929 omnes
2785 2873 2994 2929 soleant
3020 2872 3302 2945 designare
3344 2882 3480 2927 temo

1903 2977 2031 3033 pora
2060 2963 2185 3017 vitae
2207 2978 2415 3035 regum,
2442 2962 2531 3018 hic
2558 2978 2625 3019 eo
2650 2965 3009 3033 pmztcrmisso
3027 3004 3045 3031 ,
3074 2973 3284 3034 tempus
3309 2972 3485 3019 sumat

1903 3074 2012 3129 quo
2041 3064 2284 3112 mortuus
2308 3057 2378 3112 sit
2404 3054 2581 3123 Ozias,
2606 3054 2673 3111 ad
2702 3054 2843 3111 hunc
2866 3055 3092 3126 loquens
3119 3055 3333 3112 modum
3369 3073 3383 3110 :
3419 3054 3485 3109 Et

1904 3154 2097 3220 factum
2120 3158 2193 3204 est
2217 3164 2373 3217 anno,
2398 3164 2498 3220 quo
2525 3156 2758 3203 mortuus
2779 3157 2849 3203 est
2868 3146 3020 3202 Ozias
3044 3163 3135 3202 rea:
3159 3144 3313 3216 (isai.
3332 3146 3482 3215 6.1).

1907 3245 1974 3299 Et
2000 3253 2176 3300 tamen
2208 3252 2417 3314 poterat
2445 3242 2585 3314 regis
2622 3251 2732 3298 tum
2775 3243 3045 3315 regnantis
3074 3252 3284 3315 tempus
3306 3246 3483 3315 expri-

1908 3351 2078 3404 mere,
2107 3334 2554 3408 quemadmodum
2583 3334 2831 3390 omnibus
2859 3334 3135 3406 prephetis
3174 3350 3291 3390 mos
3319 3344 3435 3391 erat
3467 3352 3483 3390 :

1906 3444 2090 3484 verum
2120 3428 2172 3482 id
2201 3444 2307 3485 non
2341 3427 2485 3484 fecit.
2515 3426 2685 3495 Quam
2718 3426 2790 3482 ob
2824 3441 3039 3481 causam
3085 3426 3244 3496 igitur
3272 3441 3377 3481 non
3411 3427 3489 3480 fe-

1907 3523 2023 3578 cit?
2047 3521 2161 3577 Mos
2183 3530 2300 3579 erat
2324 3530 2477 3576 vetus
2505 3521 2776 3590 leprosum
2803 3534 2835 3575 e
2865 3519 3079 3575 civitate
3105 3518 3401 3589 expellere,
3432 3527 3489 3572 ut

1909 3624 1962 3670 et
2004 3614 2056 3669 hi
2087 3615 2177 3686 qui
2223 3615 2279 3668 in
2318 3614 2537 3670 civitate
2579 3613 2830 3668 vivebant
2871 3611 3063 3667 melius
3102 3611 3389 3677 haberent,
3434 3624 3491 3667 et

1910 3709 2023 3779 ipse
2050 3708 2295 3778 leprosus
2342 3722 2447 3761 non
2477 3716 2620 3761 esset
2647 3706 2711 3760 iis
2739 3704 2828 3775 qui
2874 3704 3247 3760 contumeliam
3294 3703 3491 3760 inferre

1911 3802 2107 3859 vellent
2133 3809 2484 3857 scommatum
2505 3814 2567 3854 ac
2586 3797 2870 3855 derisionis
2893 3798 3123 3861 occasio,
3140 3796 3232 3852 sed
3258 3806 3317 3851 ut
3338 3808 3489 3852 extra

1912 3896 2181 3949 civitatem
2210 3906 2573 3957 commorans,
2611 3888 2954 3945 solitudinem
2982 3887 3084 3943 veli
3112 3888 3232 3943 loco
3271 3886 3494 3943 haberet

1912 3985 2186 4040 obtentam
2215 3982 2476 4039 adversus
2496 3981 2742 4053 injuriam
2764 3980 3100 4037 calamitatis.
3120 3979 3234 4035 Hoc
3244 3990 3297 4036 et
3314 3995 3490 4050 regem

1916 4079 2059 4133 hunc
2086 4076 2293 4147 perpeti
2315 4074 2552 4147 oportuit
2586 4083 2707 4145 post
2731 4074 2971 4144 lepram;
3002 4072 3099 4129 sed
3130 4088 3234 4128 non
3275 4087 3490 4142 perpes-

1914 4186 2008 4226 sus
2034 4179 2134 4237 est,
2162 4170 2228 4225 iis
2254 4169 2345 4241 qui
2372 4169 2426 4225 in
2450 4168 2664 4223 civitate
2692 4175 2846 4222 erant
2873 4167 3018 4220 illum
3045 4165 3116 4221 ob
3138 4165 3494 4237 principatum

1916 4260 2314 4325 reverentibus,
2356 4275 2539 4315 verum
2570 4259 2820 4313 manebat
2862 4255 3007 4312 domi
3030 4272 3144 4313 sua:
3171 4256 3493 4312 clanculum.

1918 4355 2029 4409 Hoc
2057 4354 2122 4408 ad
2152 4351 2477 4408 iracundiam
2520 4350 2828 4421 provocavit
2872 4348 3061 4414 Deum,
3112 4346 3216 4403 hoc
3261 4348 3497 4418 pr0phe-

1919 4448 2043 4502 tiam
2084 4446 2313 4502 inhibuit
2351 4464 2364 4500 :
2408 4444 2656 4516 quodque
2699 4453 2940 4512 tempore
2983 4440 3098 4497 Heli
3138 4441 3333 4496 factum
3376 4448 3494 4503 est,

1927 4539 2143 4593 Verbum
2173 4538 2447 4609 pretiosum
2475 4545 2581 4590 erat
2605 4575 2621 4601 ,
2671 4550 2760 4588 nec
2784 4542 2889 4587 erat
2916 4532 3040 4587 visio
3067 4532 3378 4603 distinguens
3420 4530 3495 4600 (t.

1924 4631 2048 4702 Reg.
2076 4632 2130 4686 3.
2156 4631 2234 4700 t).
2281 4628 2360 4683 Tu
2384 4642 2512 4682 vero
2542 4625 2669 4681 mihi
2712 4625 2801 4681 hic
2849 4639 3061 4696 quoque
3098 4622 3377 4679 considera
3406 4622 3498 4679 Dei

1920 4722 2327 4779 humanitatem.
2377 4722 2491 4777 Non
2530 4721 2671 4776 enim
2701 4718 2960 4775 subvertit
2986 4717 3255 4773 civitatem
3277 4758 3293 4783 ,
3325 4731 3500 4786 neque

1922 4816 2153 4888 perdidit
2192 4813 2580 4877 inhabitantes;
2621 4810 2714 4866 sed
2754 4808 2895 4881 quod
2922 4807 3079 4863 amici
3127 4807 3329 4863 faciunt
3372 4822 3497 4877 erga

1920 4911 2152 4980 aequales
2184 4907 2407 4972 amicos,
2438 4904 2647 4975 quoties
2678 4902 2875 4958 habent
2898 4899 3097 4971 aliquid
3125 4899 3266 4968 quod
3310 4899 3501 4953 merito

1922 5002 2278 5073 expostulent,
2309 4998 2480 5054 obiter
2502 4997 2713 5052 silentio
2739 4994 2917 5050 ferunt
2938 5000 3311 5063 exspectantes
3336 5006 3352 5043 :
3400 4989 3501 5042 hoc

1922 5106 1977 5149 et
2008 5096 2145 5149 Deus
2173 5107 2298 5163 erga
2324 5102 2534 5161 gentem
2563 5088 2687 5144 facit
2717 5087 2920 5158 majore
2948 5099 3105 5155 ptena
3133 5081 3501 5152 supplicioque

1922 5188 2159 5258 dignam.
2190 5184 2323 5240 Nam
2354 5197 2455 5253 ego
2482 5181 2715 5253 quidem,
2745 5179 2936 5249 inquit,
2968 5176 3103 5247 eieci
3130 5173 3278 5229 illum
3308 5187 3339 5227 e
3362 5181 3500 5224 tem-

1923 5282 2031 5351 plo,
2063 5294 2158 5333 vos
2185 5287 2363 5332 autem
2393 5290 2459 5330 ne
2486 5290 2516 5330 e
2541 5275 2753 5330 civitate
2777 5271 2994 5343 quidem
3029 5286 3043 5324 :
3070 5282 3172 5339 ego
3198 5264 3347 5320 illum
3384 5266 3501 5316 vin-

1922 5384 2065 5428 ctum
2094 5372 2262 5441 lepra,
2312 5370 2383 5424 ita
2411 5369 2672 5438 privatum
2696 5364 2924 5431 reddidi,
2972 5375 3066 5417 vos
3094 5368 3271 5414 autem
3317 5374 3382 5411 ne
3427 5358 3503 5409 :ic

1923 5466 2138 5536 quidem
2165 5463 2450 5519 validiores
2479 5461 2724 5517 evasistis
2744 5499 2760 5525 ,
2789 5456 2884 5512 sed
2926 5470 2958 5510 a
2984 5468 3071 5508 me
3089 5450 3500 5507 condemnatum

1927 5579 2031 5617 non
2063 5558 2389 5615 sustinuistis
2433 5570 2466 5611 e
2491 5555 2706 5610 civitate
2750 5548 3072 5620 propellere.
3117 5543 3350 5600 Tametsi
3380 5543 3502 5611 quis

1924 5672 2018 5711 rex
2063 5655 2257 5709 factum
2291 5650 2395 5705 hoc
2426 5649 2689 5719 patienter
2717 5641 2923 5697 tulisset
2951 5680 2967 5707 ,
3018 5652 3190 5709 neque
3235 5636 3504 5690 civitatem

1930 5752 2163 5809 funditus
2189 5744 2559 5808 subvertisset,
2584 5750 2706 5795 cum
2740 5733 2946 5790 videret
2973 5748 3094 5790 eum
3115 5773 3129 5802 ,
3162 5732 3249 5803 qui
3280 5730 3330 5785 in
3357 5727 3503 5782 exsi-
