3992 6300
554 294 657 352 155

551 410 678 463 lium
721 408 797 462 ire
817 406 999 477 lutosus
1028 409 1199 463 esset,
1233 400 1286 455 in
1317 399 1531 455 civitate
1560 396 1920 453 commorari?
1946 394 2142 453 Verum

550 505 695 559 Deus
722 502 823 555 hoc
851 517 955 554 non
985 497 1149 562 fecit;
1185 496 1326 551 Deus
1352 495 1494 549 enim
1517 501 1653 551 erat,
1689 506 1796 544 non
1827 488 2008 543 homo.
2040 486 2137 542 Ubi

550 610 681 653 vero
710 593 858 650 [Inita
882 602 964 646 est
986 593 1141 660 bujus
1160 589 1287 654 vita,
1311 588 1468 642 simul
1495 595 1551 641 et
1578 586 1710 640 iram
1734 583 1991 639 adversus
2019 580 2138 636 illos

549 686 839 757 deposuit,
869 681 1273 755 prophetiteque
1319 679 1461 734 l'ores
1506 678 1733 747 aperuit,
1766 690 1829 731 ac
1854 688 2041 729 rursus
2068 673 2135 728 ad

549 794 646 835 eos
683 777 864 832 rediit.
891 775 972 830 'l'u
1002 788 1134 830 vero
1162 788 1227 827 ex
1266 768 1714 825 reconciliationis
1756 766 1916 822 modo
1962 765 2137 821 consi-

549 870 681 925 dera
711 869 801 923 Dei
834 865 1234 936 indulgentiam.
1267 862 1398 918 Nam
1428 861 1473 917 si
1499 860 1617 931 quis
1643 858 1959 929 expenderit
1974 857 2136 924 justi-

557 963 641 1015 tia:
680 960 941 1015 rationem
965 957 1006 1023 ‘,
1039 970 1109 1011 ne
1151 964 1264 1010 tum
1311 951 1525 1023 quidem
1557 949 1893 1006 reconciliari
1930 949 2135 1004 debuit.

551 1053 720 1121 Quam
741 1050 811 1105 ob
833 1064 1047 1104 causam
1066 1047 1091 1102 τ
1107 1047 1238 1114 Quia
1269 1060 1378 1099 non
1406 1043 1614 1097 illorum
1639 1056 1799 1112 opera
1827 1040 2032 1111 ejectus
2055 1047 2141 1095 est

550 1146 728 1202 Ozias.
758 1142 944 1213 Neque
965 1140 1107 1196 enim
1139 1138 1211 1193 illi
1231 1146 1502 1207 arreptum
1528 1135 1836 1205 abegerant,
1875 1132 1970 1189 sed
1992 1146 2137 1197 mors

552 1246 756 1292 naturis
786 1234 904 1305 lege
929 1231 1316 1302 superveniens
1342 1244 1465 1285 eum
1497 1236 1626 1282 tunc
1661 1241 1693 1281 e
1717 1226 1931 1280 civitate
1955 1223 2134 1293 ejecit.

553 1328 750 1382 Verum
774 1340 900 1395 erga
927 1339 1025 1379 nos
1058 1322 1198 1377 Deus
1229 1335 1333 1374 non
1379 1318 1715 1373 minimarum
1759 1331 1937 1371 rerum
1968 1328 2138 1383 usque

551 1420 687 1475 adeo
714 1417 974 1474 rationem
1002 1414 1185 1479 habet,
1202 1413 1296 1468 sed
1319 1420 1524 1465 tantum
1551 1408 1655 1463 hoc
1679 1408 1891 1479 qtuerit,
1918 1405 2135 1461 modum

552 1526 677 1567 sese
724 1508 997 1564 nobiscum
1040 1502 1441 1561 reconciliandi.
1471 1495 1699 1557 Proinde
1727 1515 1888 1570 super
1919 1499 2003 1553 his
2029 1513 2141 1552 om-

552 1602 710 1657 nilms
734 1602 931 1674 gratias
952 1612 1171 1670 agamus
1199 1595 1298 1658 illi,
1328 1593 1685 1664 glorilieemus
1715 1591 1857 1645 illius
1888 1587 2134 1645 ineffabi-

552 1695 656 1749 lem
697 1691 1074 1761 benignitatem
1120 1705 1133 1741 :
1174 1702 1275 1757 qua
1323 1701 1419 1739 nos
1471 1699 1659 1741 omnes
1711 1682 1903 1753 dignos
1951 1680 2135 1735 haberi

550 1784 846 1854 contingat.
878 1779 1044 1852 gratia
1074 1788 1129 1834 et
1167 1775 1534 1832 misericordia
1568 1775 1823 1845 unigeniti
1870 1772 1987 1829 Filii
2020 1773 2136 1843 ejus

553 1874 761 1930 Domini
791 1874 962 1929 nostri
999 1871 1123 1926 Jesu
1146 1870 1366 1930 Christi,
1397 1869 1612 1938 quicum
1639 1866 1782 1921 Patri
1809 1865 1998 1937 gloria,
2032 1865 2133 1918 bo-

559 1985 659 2024 nor
674 1977 727 2025 et
754 1967 1034 2037 impcrimn
1059 2007 1074 2030 ,
1098 1963 1257 2035 simul
1285 1979 1404 2016 cum
1430 1960 1631 2031 Spiritu
1658 1969 1879 2037 sancto,
1918 1972 2058 2029 nunc
2083 1966 2137 2013 et

548 2075 782 2130 semper,
811 2068 866 2113 et
896 2058 947 2112 iu
976 2055 1171 2112 sarcula
1202 2052 1543 2111 saeculorum.
1574 2051 1772 2105 Amen.
1802 2076 1806 2081 ~

888 2189 1167 2247 l-IOMILIA
1204 2188 1271 2244 IN
1309 2185 1671 2243 SERAPHIM.
1704 2186 1789 2241 Vl.

624 2332 676 2387 l.
708 2330 803 2385 Vix
847 2327 1059 2383 tandem
1103 2324 1247 2380 Olim
1295 2324 1512 2395 pelagus
1555 2324 1759 2378 emensi
1802 2322 2135 2378 sumns:vix

551 2436 727 2477 autem
755 2436 937 2476 sumus
963 2420 1164 2475 emensi
1186 2458 1202 2478 ,
1229 2432 1334 2471 non
1372 2422 1589 2486 propter
1616 2416 1820 2470 itineris
1846 2416 2135 2487 longitudi-

552 2533 670 2572 nem
695 2559 708 2578 ,
738 2515 831 2570 sed
871 2522 1088 2584 propter
1116 2520 1345 2567 vestram
1370 2553 1384 2575 ,
1415 2510 1503 2580 qui
1537 2511 1809 2563 nobiscum
1842 2510 2099 2580 navigatis
2118 2551 2134 2573 ,

550 2608 787 2664 discendi
828 2605 1189 2676 cupiditatem.
1223 2604 1296 2658 Ita
1343 2603 1663 2672 gubernator
1688 2603 1847 2656 etiam
1895 2614 2137 2657 vectores

552 2711 737 2755 nactus
753 2699 993 2753 curiosos
1014 2707 1066 2751 et
1087 2695 1484 2765 magniﬁcarum
1509 2710 1687 2749 rerum
1714 2694 1917 2757 avidos,
1941 2696 2137 2764 quique

554 2792 860 2863 peregrinas
884 2789 1063 2843 videre
1089 2787 1322 2858 gestiunt
1347 2786 1610 2852 civitates,
1631 2802 1733 2840 non
1758 2800 1866 2840 uno
1888 2786 1975 2840 die
1995 2786 2135 2839 viam

550 2880 783 2947 enttlicit,
816 2882 939 2935 licet
966 2880 1121 2933 unius
1142 2879 1247 2933 diei
1278 2877 1440 2933 fuerit
1469 2878 1823 2945 intervallum,
1858 2878 1952 2933 sed
1982 2879 2137 2948 longe

553 2977 669 3045 plus
699 2972 954 3041 temporis
982 2981 1154 3025 terere
1177 2970 1410 3039 cogitur,
1435 2969 1561 3023 dum
1588 2970 1654 3023 ad
1687 2970 1921 3040 singulos
1956 2981 2138 3040 portus

551 3066 729 3120 navim
758 3064 996 3136 appellit,
1026 3071 1080 3117 et
1109 3061 1341 3131 singulas
1368 3061 1572 3131 ingredi
1600 3061 1760 3116 urbes
1785 3062 1938 3125 sinit,
1966 3073 2024 3116 ut
2042 3078 2136 3116 eo-

552 3176 665 3213 rum
689 3157 776 3227 qui
798 3173 980 3211 secum
1009 3155 1255 3225 navigant
1278 3154 1550 3224 cupiditati
1571 3156 1841 3227 quidpiam
1862 3156 2135 3226 largiatur.

553 3252 662 3303 lloc
684 3266 710 3299 a
742 3248 894 3302 nobis
919 3261 1129 3318 quoque
1159 3246 1352 3301 factum
1383 3256 1463 3301 est
1483 3288 1498 3312 ,
1529 3246 1655 3302 dum
1690 3265 1793 3303 non
1822 3248 2023 3304 circum
2054 3250 2137 3304 in-

549 3345 695 3397 sulas
752 3340 1058 3410 navigamus
1082 3381 1097 3404 ,
1146 3353 1245 3394 nec
1297 3339 1533 3408 emporia
1557 3381 1574 3406 ,
1612 3350 1796 3409 portus
1824 3382 1840 3407 ,
1874 3340 2137 3412 urbesque

551 3442 908 3489 monstramus
928 3472 944 3494 ,
977 3432 1068 3486 sed
1100 3432 1334 3485 virorum
1360 3470 1376 3494 ,
1405 3431 1493 3502 qui
1522 3431 1773 3501 praeclare
1799 3448 1857 3487 se
1881 3448 2097 3501 gessere
2120 3473 2136 3500 ,

550 3528 798 3580 virtutem
823 3567 837 3587 ,
869 3535 924 3579 et
970 3539 1157 3579 eorum
1180 3564 1196 3589 ,
1227 3523 1315 3594 qui
1356 3524 1486 3593 lapsi
1531 3532 1657 3579 sunt
1680 3563 1696 3586 ,
1725 3523 2098 3595 negligentiam
2120 3566 2137 3592 ,

549 3621 688 3689 regis
734 3618 1114 3688 impudentiam
1137 3659 1152 3681 ,
1185 3617 1479 3671 sacerdotis
1526 3617 1578 3671 iu
1624 3617 1891 3687 loquendo
1920 3618 2139 3673 liberta-

542 3722 649 3767 tem
679 3752 694 3774 ,
727 3711 857 3763 iram
890 3709 980 3764 Dei
1009 3724 1071 3762 ac
1109 3708 1485 3777 benignitatem
1512 3747 1527 3773 ,
1559 3723 1785 3778 quarum
1824 3717 2049 3779 utraque
2072 3709 2139 3764 ad

548 3801 975 3860 emendationem
1023 3800 1293 3855 tendebat.
1331 3800 1448 3854 Jam
1500 3816 1626 3854 vero
1666 3815 1787 3854 cum
1832 3801 1899 3854 ad
1939 3801 2138 3871 regiam

542 3890 814 3945 cit-iuueni
852 3892 1252 3960 pervenerimus
1277 3931 1291 3955 ,
1317 3907 1385 3945 ne
1411 3902 1726 3946 cuuctemur
1754 3893 1981 3962 amplius
2000 3935 2015 3958 ,
2044 3894 2138 3949 sed

550 3999 646 4036 ltus
678 3983 822 4048 ipsos
844 3990 1108 4049 tamquam
1140 3981 1191 4033 in
1216 3982 1403 4035 urbem
1425 3982 1711 4050 ingressuri
1735 3998 2139 4054 componamus,

546 4081 606 4123 ut
635 4071 712 4123 sic
738 4071 803 4123 ad
835 4071 1105 4124 caelestem
1138 4071 1475 4138 metropolim
1502 4074 1853 4129 ascendamus
1878 4117 1892 4139 ,
1918 4075 2138 4131 Jerusa-

552 4162 653 4215 lem
675 4204 687 4223 ,
721 4161 957 4215 omnimn
1003 4170 1243 4214 nostrum
1271 4171 1495 4216 matrem
1527 4205 1542 4229 ,
1576 4180 1694 4233 qua:
1726 4166 1891 4221 libera
1937 4177 2052 4231 est,
2086 4169 2140 4225 in

548 4271 649 4323 qua
680 4254 958 4322 Sempbim
978 4296 992 4314 ,
1021 4254 1072 4307 in
1100 4270 1201 4323 qua
1227 4254 1515 4309 Cberubim
1534 4296 1547 4318 ,
1578 4256 1630 4310 in
1659 4274 1759 4328 qua
1786 4260 1948 4314 multa
1976 4262 2139 4317 millia

546 4346 985 4416 archangelorum
1012 4388 1027 4409 ,
1055 4356 1110 4400 et
1136 4346 1411 4402 innumera
1444 4349 1752 4419 angelorum
1784 4392 1800 4416 ,
1830 4352 1919 4406 ubi
1948 4356 2141 4409 solium

547 4449 629 4494 est
662 4440 887 4507 regium.
918 4436 1086 4492 Nemo
1113 4439 1271 4509 igitur
1303 4438 1556 4508 profanus
1580 4442 1738 4507 adsit,
1769 4460 1928 4498 nemo
1955 4447 2135 4515 piacu-

553 4532 678 4583 laris
703 4549 716 4584 :
741 4528 962 4602 mystice
996 4533 1191 4601 quippe
1220 4533 1372 4587 nobis
1396 4535 1747 4603 suscipiemlze
1788 4548 1908 4590 sont
1953 4554 2140 4593 narra-

551 4622 721 4676 tiones
747 4640 759 4675 :
784 4623 1084 4676 immundus
1113 4639 1289 4687 neum,
1313 4633 1367 4677 et
1397 4624 1494 4679 hoc
1514 4626 1812 4681 auditormn
1838 4638 1977 4681 cmtu
2004 4631 2142 4684 adsit

555 4714 795 4780 indignus
821 4731 834 4768 :
867 4716 973 4765 imo
1000 4730 1127 4769 vero
1154 4715 1409 4786 profanus
1438 4726 1493 4772 et
1540 4720 1822 4786 piacularis
1860 4721 1997 4774 adsit
2026 4725 2144 4791 qui-

550 4807 631 4859 vis
652 4848 663 4864 .
688 4807 779 4859 sed
804 4807 949 4859 omni
978 4804 1108 4860 foris
1150 4808 1453 4877 impun-itote
1482 4821 1639 4881 atque
1682 4812 2018 4882 improbitate
2046 4815 2139 4870 de-

551 4898 720 4966 posita
749 4898 824 4950 sic
855 4897 1199 4965 ingrediatur.
1224 4898 1375 4952 lllum
1399 4902 1563 4962 enim,
1591 4903 1678 4971 qui
1705 4915 1881 4958 vestes
1913 4904 2141 4960 habebat

548 4988 829 5051 sordidas,
858 4987 1040 5057 sponsi
1085 4997 1237 5058 pater
1279 5005 1310 5043 c
1365 4993 1544 5060 sponsi
1590 4994 1828 5048 conclavi
1881 5011 2139 5067 sacroque

549 5080 780 5133 thalamo
824 5082 1055 5150 expulit.
1090 5096 1194 5135 non
1225 5083 1364 5152 quod
1403 5084 1644 5139 sordidas
1685 5099 1861 5143 vestes
1898 5091 2137 5155 haberet,

549 5176 641 5227 sed
671 5174 811 5243 quod
840 5191 930 5228 eas
959 5175 1160 5230 habens
1185 5185 1330 5231 esset
1361 5177 1650 5246 ingressus.
1676 5180 1859 5251 Neque
1892 5184 2034 5237 enim
2064 5185 2135 5240 illi

549 5265 698 5331 dixit,
719 5269 825 5322 Cur
854 5278 1055 5323 vestem
1087 5270 1371 5338 nuptialem
1401 5288 1504 5324 non
1534 5271 1735 5329 babes?
1762 5276 1875 5339 sed,
1907 5275 2010 5331 Cur
2038 5296 2139 5333 non

551 5359 737 5412 habens
764 5370 943 5414 vestem
985 5363 1260 5431 nuptialem
1292 5362 1389 5415 huc
1422 5363 1621 5417 intrasti
1651 5366 1860 5433 (Matth.
1884 5369 1972 5423 2‘2.
2008 5372 2139 5440 12)?

549 5447 761 5515 Stabas,
792 5451 980 5522 inquit,
1014 5455 1322 5508 mendicans
1351 5455 1401 5509 in
1435 5455 1604 5511 triviis
1624 5499 1637 5516 .
1668 5475 1839 5529 neque
1868 5472 1969 5515 tua:
2002 5480 2131 5533 pau-

613 5604 656 5682 L
667 5605 801 5682 legit
821 5611 1070 5682 Erasinus:
1098 5617 1214 5682 ._\'am
1234 5607 1276 5660 si
1304 5618 1427 5682 Deus
1443 5612 1747 5682 erantdth
1759 5615 1966 5675 justiia:
1986 5622 2133 5673 ratio-

547 5672 973 5745 gifrlt,-itttttf_litaftitt
998 5672 1233 5732 quadrare
1261 5688 1353 5722 non
1379 5675 1585 5736 videtur,
1612 5690 1702 5727 nec
1728 5672 1775 5727 ill
1800 5683 2025 5745 quopiam
2043 5672 2132 5735 Co-

547 5723 708 5773 dicum
721 5723 999 5783 'notttt'tn'um
1016 5723 1283 5795 'comlaret.

1250 284 1315 341 8.
1349 281 1629 340 JOANNIS
1665 279 2133 338 CHRYSOSTOMI
2172 278 3056 374 ABClllEP._CONSTA-NTINOP.
3685 300 3772 359 ,⁵ο

2250 395 2471 463 pertatis
2495 410 2581 450 me
2610 393 2835 466 puduit,
2864 395 3203 465 ignominiam
3234 407 3371 455 tuam
3393 417 3495 458 non
3518 407 3769 481 exhorrui,

2249 486 2343 545 sed
2372 486 2440 540 ab
2465 486 2550 540 illa
2594 488 2737 541 omni
2764 486 2964 541 vilitate
2993 487 3268 543 liberatum
3309 492 3358 545 in
3385 508 3579 550 sacrum
3605 508 3651 553 te
3672 502 3769 556 tha-

2249 578 2445 635 lamum
2473 579 2762 645 introduxi,
2794 580 2937 650 regia
2968 594 3118 635 omna
3144 595 3258 635 sum
3283 582 3535 653 dignatus,
3558 599 3608 643 et
3629 603 3775 646 extre-

2249 686 2339 726 mo
2366 671 2623 742 supplicio
2663 671 2877 742 dignum
2915 673 2980 726 ad
3021 689 3320 742 supremam
3348 681 3550 747 provexi
3580 681 3771 754 dignun.

2250 770 2356 817 tem
2382 779 2395 816 :
2420 770 2475 816 at
2498 771 2555 817 tu
2582 776 2651 818 ne
2669 761 2943 818 beneﬁciis
2967 763 3183 833 quidem
3215 763 3378 820 lactus
3399 781 3457 824 es
3478 770 3680 839 melior,
3699 776 3775 829 sed

2250 854 2304 910 in
2326 856 2480 911 solita
2507 856 2854 926 perversitate
2880 856 3142 923 mansisti,
3163 866 3356 913 etcum
3386 860 3438 915 in
3457 863 3664 933 nuptias,
3686 875 3778 922 tum

2248 948 2300 1004 in
2316 963 2575 1019 sponsum
2603 949 2772 1019 ipsum
2796 949 3215 1005 contumeliosus
3233 950 3394 1007 fuisti.
3417 953 3510 1010 Abi
3527 970 3642 1026 ergo
3660 956 3781 1012 dein-

2243 1056 2392 1113 ceps,
2423 1049 2479 1097 et
2502 1040 2708 1097 debitas
2729 1051 2875 1097 tanto
2899 1042 3103 1112 stupori
3130 1057 3314 1113 ptenas
3340 1044 3479 1101 dato.
3504 1044 3676 1104 Videat
3696 1051 3779 1119 igi-

2246 1143 2333 1191 tur
2366 1135 2730 1206 unusquisque
2760 1146 3003 1191 nostrum
3024 1174 3041 1199 ,
3066 1151 3134 1191 ne
3158 1134 3295 1193 forte
3322 1137 3475 1193 talem
3500 1153 3669 1196 vocem
3701 1157 3780 1196 au-

2243 1227 2355 1282 diat
2380 1268 2398 1294 ,
2427 1234 2485 1283 et
2508 1228 2654 1282 omni
2696 1226 2902 1297 abjecta
2939 1228 3261 1299 cogitatione
3330 1245 3447 1300 quae
3468 1232 3701 1301 spirituali
3725 1234 3784 1290 sit

2246 1317 2457 1389 indigna
2484 1317 2726 1374 doctrina
2749 1360 2766 1386 ,
2795 1319 2865 1374 ita
2891 1334 3059 1375 sacrae
3098 1333 3299 1377 mem
3325 1322 3576 1394 particeps
3606 1325 3701 1380 liat.
3726 1326 3783 1381 Et

2244 1416 2436 1482 factum
2462 1420 2553 1476 est,
2584 1411 2774 1484 inquit,
2799 1412 2854 1467 in
2880 1428 3035 1480 anno,
3061 1429 3163 1483 quo
3190 1424 3415 1468 mortuus
3436 1426 3508 1470 est
3533 1417 3671 1471 Ozias
3690 1435 3782 1483 rex,

2242 1504 2345 1559 vidi
2364 1501 2638 1559 Dominum
2658 1504 2909 1559 sedentem
2933 1505 2987 1558 in
3014 1507 3140 1569 solio
3167 1506 3362 1562 excelsa
3389 1515 3436 1561 et
3457 1509 3632 1563 elevato
3653 1509 3781 1580 (luti.

2242 1595 2294 1653 6.
2330 1597 2405 1669 l).
2437 1596 2717 1666 Quomodo
2742 1597 2950 1663 viderit,
2976 1598 3196 1653 minime
3217 1601 3358 1653 novi.
3380 1598 3604 1659 Seenim
3620 1602 3788 1659 vidisse

2242 1688 2410 1755 dixit,
2435 1688 2705 1759 quomodo
2743 1698 2920 1753 autem
2966 1689 3199 1756 viderit,
3241 1690 3439 1744 tacuit:
3465 1692 3657 1760 excipio
3687 1707 3787 1761 (μιιξ

2243 1781 2384 1837 dicta
2411 1789 2571 1845 sunt,
2599 1795 2720 1851 qua:
2743 1780 2956 1837 silentio
2982 1795 3270 1851 suppressa
3294 1790 3417 1837 sunt
3438 1822 3455 1848 ,
3484 1782 3678 1838 curiose
3700 1799 3788 1837 nott

2246 1872 2455 1942 inquiro
2483 1887 2638 1943 :quze
2683 1873 2914 1927 revelata
2948 1880 3108 1939 sunt,
3142 1874 3380 1944 intelligo
3403 1910 3419 1937 ,
3438 1888 3552 1943 qua:
3575 1883 3686 1931 sunt
3711 1890 3789 1927 oc-

2242 1967 2460 2035 cultata,
2493 1980 2599 2021 non
2629 1975 2879 2031 scrutor:
2908 1966 3105 2023 idcirco
3136 1981 3367 2037 namque
3395 1975 3515 2020 sunt
3536 1966 3789 2035 occultata.

2244 2059 2438 2129 Peplus
2462 2068 2546 2117 est
2569 2074 2761 2115 aureus
2784 2058 3045 2128 expositio
3065 2058 3377 2128 Scriptum,
3392 2068 3589 2113 stamen
3610 2070 3683 2129 est
3708 2074 3791 2117 au-

2242 2169 2378 2217 rum,
2400 2154 2713 2223 subtegmcn
2732 2169 2942 2209 aurum.
2972 2155 3302 2215 Aranearum
3324 2153 3452 2207 telas
3483 2167 3582 2205 non
3610 2161 3791 2206 attexo:

2242 2246 2364 2303 novi
2391 2247 2771 2316 cogitationum
2793 2262 3027 2303 mearum
3056 2246 3496 2303 imbecillitatem.
3521 2245 3637 2301 Noli
3655 2256 3795 2299 trans-

2241 2341 2371 2409 {erre
2398 2340 2636 2395 terminos
2661 2340 2893 2405 antiquos
2916 2380 2932 2404 ,
2962 2339 3171 2408 inquit,
3200 2355 3327 2407 quos
3351 2346 3613 2409 posuerunt
3654 2346 3795 2406 patres

2241 2432 2313 2485 tui
2334 2431 2515 2501 (Prov.
2536 2432 2628 2486 92.
2659 2431 2772 2502 28).
2798 2431 3079 2487 Terminus
3113 2444 3336 2487 movere
3366 2438 3532 2485 tutum
3572 2446 3667 2483 non
3690 2440 3793 2489 cst:

2239 2532 2295 2579 et
2323 2539 2428 2594 quo
2474 2533 2627 2594 pacto
2651 2563 2664 2584 ,
2698 2539 2815 2593 qua:
2863 2524 2999 2577 Deus
3036 2522 3216 2591 posuit
3238 2564 3254 2587 ,
3288 2520 3694 2576 transferemus?
3720 2520 3797 2573 \‘is

2240 2616 2468 2679 discere,
2493 2616 2758 2685 quomodo
2788 2615 2978 2678 viderit
3008 2615 3171 2668 Deum
3196 2614 3221 2667 ?
3247 2613 3372 2669 Fias
3402 2622 3453 2667 tu
3480 2628 3676 2682 quoque
3697 2629 3800 2680 pro-

2244 2708 2420 2777 pheta.
2450 2708 2548 2775 Qui
2572 2708 2683 2767 ﬁeri
2714 2716 2881 2777 potest
2910 2707 3010 2781 hoc
3032 2749 3047 2773 ,
3076 2707 3310 2776 inquies,
3338 2721 3460 2760 cum
3484 2719 3691 2760 uxorem
3716 2706 3797 2756 ha-

2245 2799 2394 2854 beam
2420 2840 2434 2863 ,
2467 2814 2585 2853 cmn
2630 2799 2757 2856 mibi
2784 2815 2927 2857 curae
2953 2801 3018 2855 sit
3048 2800 3301 2853 educatio
3335 2798 3656 2853 liberorum?
3685 2795 3801 2849 Fit-ri

2241 2893 2457 2973 quidem
2487 2904 2687 2962 potest,
2720 2893 2763 2946 si
2796 2893 2958 2958 velis,
2984 2892 3286 2948 carissime.
3317 2891 3449 2947 Nam
3479 2902 3531 2945 et
3558 2892 3660 2960 ipse
3688 2906 3799 2941 uxo-

2241 2968 2357 3039 rem
2387 2984 2586 3048 habuit,
2615 2994 2671 3040 et
2699 2985 2924 3040 duorum
2952 2994 3099 3055 pater
3126 2968 3337 3039 exstitit
3367 2984 3665 3046 libcrOrum,
3693 2980 3803 3034 ninil

2242 3085 2417 3130 tamen
2448 3075 2635 3130 horum
2664 3077 3039 3146 impedimento
3066 3076 3143 3131 illi
3170 3076 3291 3131 fuit.
3313 3075 3497 3146 Neque
3519 3075 3651 3129 enim
3674 3072 3806 3127 nobis

2242 3170 2674 3241 impedimentum
2722 3182 2804 3227 est
2846 3170 3135 3235 itinerisad
3175 3187 3402 3241 regnum
3432 3171 3672 3225 calorum
3698 3184 3809 3221 cov-

2236 3263 2440 3335 jugium
2467 3281 2480 3316 :
2503 3264 2752 3334 quoniam
2793 3265 2836 3319 si
2874 3264 3316 3333 impedimentum
3346 3272 3513 3335 esset,
3534 3270 3594 3323 et
3617 3257 3808 3313 insidias

2241 3355 2399 3409 nobis
2447 3364 2689 3423 paratura
2731 3354 2919 3409 luisset
2961 3370 3131 3416 uxor,
3178 3369 3308 3409 cum
3350 3369 3469 3411 eam
3500 3367 3528 3405 a
3580 3346 3811 3419 prim-ipio

2240 3454 2448 3501 crearet
2495 3447 2670 3510 Deus,
2716 3446 3028 3515 adjutricem
3077 3461 3185 3500 non
3244 3446 3588 3515 appellasset.
3636 3441 3808 3495 Vellem

2240 3538 2487 3608 equidem
2504 3538 2702 3604 dicere,
2722 3539 2972 3608 quidnam
2991 3538 3061 3593 sit
3079 3538 3249 3594 Deum
3268 3538 3490 3594 sedere:
3510 3552 3672 3607 neque
3690 3535 3812 3588 enim

2244 3630 2384 3685 Deus
2410 3629 2560 3685 sedet
2584 3647 2597 3685 :
2622 3646 2744 3685 cum
2774 3631 2857 3686 hic
2882 3631 2951 3697 sit
2977 3622 3268 3703 corporum
3301 3631 3461 3698 situs,
3497 3630 3634 3687 Deus
3657 3637 3811 3681 autem

2198 3739 2215 3759 ο
2241 3725 2311 3783 sit
2336 3727 2699 3793 incorporeus.

2311 3816 2365 3869 2.
2408 3815 2680 3884 Seraphin:
2721 3816 2942 3888 dignitas
2989 3817 3237 3873 maxima.
3277 3848 3354 3859 —
3404 3817 3605 3871 Vellem
3655 3814 3817 3867 dicere

2244 3907 2371 3977 quid
2401 3908 2472 3962 sit
2497 3909 2691 3963 solium
2727 3908 2817 3963 Dei
2849 3925 2863 3961 :
2893 3924 3063 3978 neque
3107 3911 3255 3965 enim
3308 3910 3495 3979 utique
3523 3908 3655 3964 solio
3697 3906 3820 3959 Deus

2243 3999 2748 4071 comprehenditur,
2798 4015 2919 4054 cum
2960 4000 3336 4055 circumscribi
3392 4001 3613 4055 minime
3674 3994 3821 4065 pos~it

2244 4089 2489 4145 Numen:
2516 4090 2609 4145 sed
2636 4105 2828 4145 vereor
2852 4131 2869 4155 ,
2902 4105 2969 4145 ne
2994 4091 3038 4144 si
3089 4090 3358 4146 docendis
3402 4092 3524 4145 istis
3564 4091 3820 4149 immorer,

2246 4186 2550 4255 protraham
2577 4184 2741 4239 debiti
2765 4184 3106 4239 solutionem.
3134 4182 3344 4240 Omnes
3376 4185 3521 4238 enim
3545 4182 3693 4235 video
3717 4194 3825 4232 uar-

2243 4278 2434 4331 rationi
2464 4276 2534 4333 de
2580 4277 2858 4347 Serapltim
2916 4277 3141 4340 inhiare,
3171 4294 3281 4331 non
3329 4279 3505 4331 solum
3537 4273 3717 4335 hodie,
3742 4268 3826 4324 sed

2239 4369 2348 4434 jam
2383 4369 2504 4423 imle
2528 4384 2557 4422 a
2592 4370 2762 4439 primo
2788 4370 2913 4424 die:
2948 4380 3279 4445 quapropter
3301 4368 3698 4423 multitudinem
3724 4377 3831 4414 sm-

2247 4461 2526 4514 tentiarum
2580 4471 2847 4531 tamquam
2898 4461 3174 4514 hominum
3216 4474 3426 4517 canum
3485 4475 3673 4528 magno
3718 4468 3829 4507 cum

2246 4551 2445 4621 impetu
2493 4563 2863 4606 occurrentem
2909 4567 3286 4623 perrumpens,
3313 4552 3383 4606 ad
3416 4552 3798 4621 expositionem

2245 4642 2384 4695 illam
2408 4650 2585 4695 nostra
2606 4642 2817 4696 festinat
2837 4644 3025 4697 oratio.
3054 4642 3118 4696 Et
3142 4644 3427 4714 Seraphim
3456 4644 3655 4696 stabant
3680 4640 3725 4692 in
3744 4638 3833 4692 cir-

2242 4728 2380 4778 cuitu
2400 4727 2529 4796 ejus,
2547 4728 2709 4803 inquit
2736 4727 2883 4797 (lsai.
2904 4732 2955 4783 ti.
2972 4729 3051 4798 Ξ).
3074 4729 3211 4783 Ecce
3232 4729 3555 4799 Serapbim,
3574 4744 3689 4796 qua:
3710 4724 3832 4777 vide-

2245 4834 2303 4873 re
2328 4819 2452 4873 olim
2482 4821 2776 4889 cupiebatis
2802 4835 3005 4877 omnes.
3029 4820 3491 4891 Contemplamini
3514 4836 3663 4891 ergo.
3684 4830 3731 4874 et
3754 4834 3836 4871 cu-

2246 4908 2520 4978 piditatem
2550 4911 2760 4979 explete
2786 4930 2799 4965 :
2832 4912 2926 4966 sed
2951 4928 3053 4967 non
3084 4928 3203 4968 cum
3234 4916 3503 4977 tumultu,
3533 4929 3704 4983 neque
3728 4926 3841 4979 pro-

2245 5002 2453 5069 pcranti
2480 5003 2799 5070 cogitatione
2824 5045 2839 5064 ,
2866 5007 3006 5059 sicut
3030 5005 3088 5058 lit
3119 5006 3171 5059 in
3203 5004 3612 5076 lmpcratorum
3656 5005 3840 5073 ingrcs-

2245 5108 2344 5149 su:
2381 5110 2502 5147 nam
2555 5095 2662 5150 illic
2698 5097 2912 5163 quidem
2960 5096 3101 5152 istud
3150 5098 3331 5168 ipsum
3387 5101 3589 5154 merito
3637 5098 3841 5152 accidit.

2243 5183 2426 5254 Neque
2449 5186 2588 5239 enim
2620 5196 2863 5256 spectant
2884 5190 3144 5244 satellites
3168 5231 3183 5253 ,
3217 5199 3275 5245 ut
3312 5202 3657 5259 spectatores
3684 5190 3848 5244 oculis

2242 5288 2431 5331 cuncta
2461 5279 2723 5345 lustrent;
2757 5281 2872 5344 sed,
2898 5293 3183 5352 antequam
3222 5294 3384 5338 recte
3410 5284 3691 5349 viderint,
3722 5300 3842 5353 pra--

2245 5369 2406 5425 tet'ire
2443 5371 2562 5431 illos
2599 5382 2797 5443 cogunt
2828 5390 2840 5425 :
2869 5372 2954 5427 hic
2985 5389 3113 5429 vero
3158 5389 3265 5428 non
3301 5377 3378 5430 ita
3413 5394 3429 5430 :
3461 5376 3560 5433 sed
3606 5384 3845 5429 contem-

2242 5462 2531 5532 plationem
2582 5475 2818 5520 nostram
2868 5467 3009 5520 sistit
3056 5469 3267 5533 oratio,
3321 5484 3624 5539 quousque
3677 5470 3849 5521 omnia

2241 5557 2634 5621 percurreritis,
2664 5574 2782 5627 qu:e
2807 5560 3044 5627 percurri
3073 5576 3102 5612 a
3127 5558 3281 5613 vobis
3306 5571 3569 5628 possunt.
3601 5560 3665 5613 Et
3693 5559 3849 5613 Sera-

2240 5646 2379 5715 phim
2400 5646 2598 5701 stabant
2625 5650 2678 5702 in
2705 5650 2917 5704 circuitu
2941 5653 3070 5722 ejus.
3100 5654 3239 5707 Ante
3272 5660 3495 5707 natura:
3538 5654 3851 5722 dignitatem

2240 5753 2339 5796 nos
2361 5739 2541 5797 docuit
2561 5741 2715 5799 istam
2751 5758 2815 5801 ex
2840 5745 2940 5800 loci
2965 5745 3152 5801 vicinia
3180 5744 3542 5814 dignitatem.
3572 5747 3692 5803 Non
3714 5746 3852 5801 enim
