4102 6306
377 348 447 400 35
1282 341 1356 396 ἸΝ
1397 341 1619 408 ILLUD,
1662 342 1797 397 VIDI
1839 339 2176 410 DOMINUM,
2204 338 2441 396 HOMIL.
2483 340 2569 395 VL

338 473 528 525 σκόπει
554 468 651 522 τοῦ
684 467 819 521 Θεοῦ
855 469 955 541 τήν
993 467 1416 540 φιλανθρωπίαν.
1449 471 1510 523 El
1538 470 1644 540 γάρ
1682 486 1763 533 τις
1789 466 1905 533 ἐξε-

334 552 548 616 τάζοιτο
568 565 594 593 ι
612 553 705 605 τὸν
732 551 825 604 τοῦ
850 552 1058 605 δικαίου
1073 551 1247 620 λόγον,
1274 553 1394 605 ούδέ
1415 552 1535 605 τότε
1566 552 1905 622 καταλλαγῆ-

332 654 421 690 ναι
455 635 644 705 ἐχρῆν.
670 634 827 696 Τίνος
862 635 1079 699 ἓνεκεν;
1104 634 1223 688 Ὅτι
1250 633 1346 686 οὐκ
1378 634 1556 688 αὐτῶν
1573 635 1902 706 κατόρθωμα

330 721 524 789 γέγονε
551 719 613 772 τὸ
634 720 727 772 τὸν
775 719 956 782 Ὀζίαν
986 718 1249 771 ἐκϐαλεῖν.
1283 718 1357 770 Ού
1385 718 1490 788 γὰρ
1516 719 1669 772 αὐτοὶ
1717 718 1905 772 λαϐόν-

329 820 421 865 τες
438 803 749 873 ἀπήλασαν,
770 801 883 854 ἀλλ’
904 804 938 871 ή
961 801 1179 871 τελευτὴ
1194 801 1343 870 νόμῳ
1372 800 1584 868 φύσεως
1604 799 1903 853 ἐπελθοῦσα

328 887 432 956 τῆς
474 887 683 948 πόλεως
730 885 891 937 αὑτὸν
939 884 1156 947 ἐξέϐαλε
1207 884 1346 936 τότε.
1409 883 1545 934 ’Δλλ’
1598 883 1698 935 ούκ
1745 883 1905 953 ἀκρι-

332 968 638 1035 ϐολογεῖται
670 968 828 1037 μέχρι
856 967 1059 1020 τούτων
1086 966 1218 1035 πρὸς
1247 969 1278 1035 ή
1289 967 1395 1035 μᾶς
1446 967 1474 1017 6
1514 965 1665 1029 Θεὸς,
1699 965 1812 1019 ἀλλ’
1846 965 1904 1017 ἓν

337 1053 497 1118 μόνον
517 1054 691 1121 ζητεῖ,
714 1054 900 1120 σχῆμα
919 1051 1017 1119 τῆς
1041 1051 1174 1120 πρὸς
1189 1051 1334 1117 ἡμᾶς
1352 1049 1709 1117 καταλλαγῆς.
1736 1049 1905 1117 ’Υπὲρ

331 1138 389 1187 δὲ
410 1138 615 1189 τούτων
632 1137 883 1188 ἀπάντων
900 1135 1377 1205 εύχαριστήσωμεν
1406 1133 1577 1202 αὐτῷ,
1593 1133 1904 1201 δοξάσωμεν

335 1223 433 1291 τὴν
456 1222 661 1288 ἄφατον
693 1220 856 1272 αὐτοῦ
889 1216 1294 1288 φιλανθρωπίαν
1315 1234 1329 1246 ⁸
1371 1212 1439 1287 ἧς
1461 1217 1669 1285 γένοιτο
1699 1217 1905 1277 πάντας

334 1305 484 1374 imi;
504 1304 687 1369 ἀξίους
708 1298 958 1371 φανῆναι,
989 1301 1170 1370 χάριτι
1196 1300 1289 1352 καὶ
1307 1300 1605 1368 οίκτιρμοῖς
1629 1297 1721 1349 τοῦ
1753 1313 1905 1367 μονο-

335 1388 529 1456 γενοῦς
562 1385 726 1439 αὐτοῦ
756 1384 905 1449 Υίοῦ,
929 1384 1131 1454 Κυρίου
1164 1383 1220 1436 δὲ
1247 1380 1403 1453 ήμῶν
1436 1381 1608 1452 Ἰησοῦ
1644 1380 1901 1450 Χριστοῦ,

337 1472 461 1541 μεθ’
490 1465 552 1525 οὗ
580 1469 658 1541 τῷ
690 1470 862 1539 Πατρὶ
883 1469 1029 1535 δόξα,
1060 1468 1275 1539 κράτος,
1314 1466 1470 1538 τιμή,
1503 1466 1619 1535 ἅμα
1659 1466 1738 1535 τῷ
1762 1465 1905 1535 ἁγίῳ

334 1554 636 1624 Πνεύματι,
687 1553 780 1605 νῦν
824 1554 919 1605 καὶ⁸
964 1552 1072 1647 ἀεὶ,
1118 1551 1213 1603 καὶ
1256 1550 1335 1613 εἰς
1382 1551 1507 1613 τοὺς
1552 1547 1751 1613 αἰῶνας
1795 1548 1903 1602 τῶν

330 1638 570 1693 αἰώνων.
616 1638 673 1690 ’Δ
680 1636 802 1707 μήν.

732 1806 845 1859 ΕΙΣ
891 1804 979 1857 ΤΑ
1021 1805 1383 1860 ΣΕΡᾹΦΕῙΜ.
1428 1804 1518 1873 ς’.

404 1943 477 1990 α’.
494 1935 665 1997 Μόλις
686 1931 885 1985 ποτέτὸ
902 1932 1041 1986 κατὰ
1067 1932 1157 1985 τὸν
1184 1930 1361 1997 Ὀζίαν
1388 1931 1777 2003 διεπλεύσαμεν
1808 1932 1905 1985 πέ-

332 2021 499 2087 λαγος
526 2034 540 2047 ο
575 2016 725 2087 μόλις
773 2014 829 2067 δὲ
878 2014 1290 2085 διεπλεύσαμεν,
1320 2015 1379 2067 ού
1410 2015 1497 2068 διὰ
1546 2016 1605 2068 τὸ
1638 2016 1735 2084 τῆς
1786 2013 1904 2067 ὁδοῦ

337 2103 541 2172 μῆκος,
568 2100 704 2154 ἀλλά
722 2098 807 2153 διὰ
827 2098 890 2151 τὸ
910 2097 1198 2169 φιλομαθὲς
1219 2097 1370 2168 ὑμῶν
1391 2099 1497 2151 τῶν
1526 2098 1906 2169 συμπλεόντων

332 2190 491 2257 ἡμῖν.
542 2184 698 2239 Οὕτω
751 2183 844 2236 καὶ
879 2183 1216 2253 κυϐερνήτης
1259 2182 1520 2246 ἐπιϐάτας
1574 2183 1709 2253 ἔχων
1758 2183 1907 2253 φιλοο

330 2272 551 2340 τίμους,
597 2268 691 2321 καὶ
717 2266 898 2329 πόλεις
923 2266 1080 2332 ξένας
1110 2265 1508 2336 ἐπιθυμοῦντας
1538 2267 1683 2329 ίδεῖν,
1713 2266 1813 2319 οὐκ
1849 2267 1907 2319 ἐν

333 2355 519 2425 ἡμέρᾳ
544 2355 646 2424 μιᾷ
670 2350 871 2404 διανύει
898 2350 997 2420 τὴν
1024 2349 1157 2415 ὁδὸν,
1186 2350 1280 2402 καὶ
1314 2352 1440 2420 μιᾶς
1468 2351 1677 2421 ήμέρας
1698 2352 1761 2403 τὸ
1790 2350 1907 2404 διά-

336 2456 521 2509 στημα
577 2436 687 2505 εἴη,
735 2436 871 2489 ἀλλά
926 2434 1143 2487 πλείονα
1196 2434 1491 2506 διατρίϐειν
1541 2433 1905 2504 ἀναγκάζεται

337 2524 549 2593 χρόνον,
579 2520 702 2574 καθ’
732 2519 960 2573 ἕκαστον
991 2518 1185 2588 λιμένα
1236 2519 1298 2572 τὸ
1348 2520 1551 2588 σκάφος
1599 2521 1837 2591 ὁρμίζων
1855 2521 1904 2585 δ,

336 2606 457 2660 καθ’
492 2606 730 2673 ἑκάστην
758 2603 909 2655 πόλιν
953 2602 1251 2655 ἐπιϐαίνειν
1287 2604 1614 2673 ἐπιτρέπων,
1644 2603 1785 2656 ὥστε
1814 2622 1909 2673 χα-

338 2688 594 2761 ρίσασθαί
620 2706 671 2739 τι
696 2690 759 2758 τῇ
789 2687 896 2738 τῶν
919 2686 1296 2756 συμπλεόντων
1313 2687 1467 2741 ἐπιθυ
1476 2686 1593 2757 μία.
1628 2687 1794 2740 Τοῦτο
1816 2688 1909 2740 καὶ

337 2777 497 2844 ήμεῖς
526 2772 885 2839 ἐποιήσαμεν,
916 2771 975 2822 ού
1008 2771 1199 2840 νήσους
1237 2770 1510 2835 πλέοντες,
1554 2771 1673 2823 ούδέ
1700 2771 1907 2824 ἐπίνεια

339 2857 432 2909 καί
459 2855 687 2924 λιμένας
727 2852 816 2905 καὶ
856 2851 1038 2915 πόλεις
1091 2853 1504 2915 ἐπιδεικνύντες,
1550 2853 1662 2905 ἀλλ’
1704 2854 1909 2925 ἀνδρῶν

339 2937 781 3001 κατωρθωκότων
800 2936 1019 3004 ἀρετὴν,
1047 2934 1139 2986 καὶ
1158 2935 1603 3005 διημαρτηκότων
1621 2937 1753 3008 ρᾳου
1763 2938 1906 3005 μίαν,

343 3021 605 3090 βασιλέως
628 3017 1029 3087 ἀναισχυντίαν.
1060 3018 1151 3070 καὶ
1178 3018 1487 3090 παρρησίαν
1517 3020 1720 3089 ἱερέως.
1744 3020 1909 3090 ὀργὴν

342 3105 476 3157 Θεοῦ
519 3104 614 3156 καὶ
646 3101 1074 3172 φιλανθρωπίαν,
1121 3102 1400 3173 ἀμφότερα
1445 3102 1579 3173 πρὸς
1627 3102 1909 3173 διόρθωσιν

340 3188 702 3257 γεγενημένα.
751 3185 884 3236 Ἀλλ’
923 3184 1110 3253 ἐπειδὴ
1151 3184 1337 3236 λοιπὸν
1371 3186 1449 3247 είς
1498 3185 1596 3253 τὴν
1630 3184 1910 3254 βασιλικὴν

342 3272 737 3341 ἀπηντήσαμεν
773 3269 954 3330 πόλιν,
994 3268 1189 3338 μηκέτι
1234 3268 1532 3337 μέλλωμεν,
1563 3267 1697 3319 ἀλλὰ
1742 3284 1909 3320 κατα-

345 3355 650 3414 στείλαντες
671 3352 919 3415 ἑαυτοὺς,
948 3351 1023 3414 ὡς
1054 3352 1132 3412 είς
1172 3351 1321 3402 πόλιν
1357 3351 1576 3402 εἰσιέναι
1605 3350 1906 3419 μέλλοντες,

343 3438 513 3500 οὕτως
538 3435 827 3504 άναϐὦμεν
846 3437 925 3497 εἰς
944 3433 1042 3502 τὴν
1068 3435 1177 3488 ἀνω
1204 3433 1555 3504 μητρόπολιν,
1589 3434 1686 3501 τὴν
1725 3434 1913 3503 Ἰερου-

348 3521 544 3591 σαλήμ,
594 3520 690 3589 τὴν
735 3517 947 3588 μητέρα
992 3516 1206 3569 πάντων
1238 3517 1413 3586 ἡμῶν,
1461 3516 1556 3587 τὴν
1603 3515 1908 3585 ἐλευθέραν,

346 3604 468 3656 ἔνθα
692 3600 761 3652 τά
799 3600 1094 3670 Σεραφεὶμ,
1130 3597 1257 3652 ἔνθα
1298 3598 1365 3650 τά
1408 3597 1752 3669 Χερουϐεἰμ,
1786 3596 1913 3649 ἔνθα

344 3686 576 3756 χιλιάδες
603 3682 977 3754 ἀρχαγγέλων,
1006 3680 1133 3733 ἔνθα
1165 3680 1420 3751 μυριάδες
1449 3681 1714 3749 ἀγγέλων,
1740 3678 1867 3732 ἔνθα
1884 3681 1912 3732 6

348 3769 528 3839 θρόνος
544 3770 572 3821 ὀ
604 3764 898 3836 βασιλικός.
926 3762 1131 3833 Μηδεὶς
1160 3761 1335 3814 τοίνυν
1353 3764 1641 3834 παρέστωε
1666 3762 1908 3833 βέϐηλος,

351 3852 480 3921 μηδὲ
510 3850 745 3919 ἐναγής·
801 3845 1076 3915 μυστικῶν
1110 3845 1217 3916 γάρ
1256 3844 1520 3915 μέλλομεν
1566 3845 1912 3916 κατατολμᾷν

286 3948 295 3957 ’
348 3932 727 4003 διηγημάτων·
776 3929 960 4000 μηδεὶς
996 3928 1300 3999 ἀκάθαρτος
1330 3928 1423 3980 καὶ
1475 3929 1573 3999 τῆς
1601 3929 1913 4000 ἀκροάσεως

347 4017 542 4087 ταύτης
589 4014 838 4080 ἀνάξιος·
888 4012 1083 4083 μᾶλλον
1111 4012 1168 4063 δὲ
1208 4010 1299 4064 καὶ
1329 4010 1551 4081 βέϐηλος
1592 4011 1684 4064 καὶ
1714 4012 1913 4082 ἐναγὴς

350 4100 598 4172 παρέστω
630 4100 756 4161 πᾶς,
785 4095 920 4149 ἀλλὰ
944 4095 1040 4167 τὴν
1065 4095 1399 4166 ἀκαθαρσίαν
1420 4094 1512 4147 καὶ
1532 4094 1629 4165 τὴν
1650 4094 1913 4165 πονηρίαν

349 4184 679 4254 ἀποθέμενος
694 4180 800 4244 ἐξω
824 4181 1027 4241 πᾶσιν,
1051 4178 1220 4240 ούτως
1239 4177 1441 4231 εἰσίτω.
1460 4177 1569 4229 Καὶ
1584 4177 1690 4246 γὰρ
1710 4178 1914 4230 ἐκεῖνον

348 4269 432 4321 τὸν
462 4268 532 4320 τὰ
564 4264 787 4338 ῥυπαρά
826 4263 1017 4333 ἱμάτια
1038 4261 1225 4331 ἔχοντα
1254 4260 1341 4314 διά
1387 4259 1544 4315 τοῦτο
1568 4261 1796 4332 ἐξήλασε
1816 4260 1911 4313 τοῦ

350 4350 631 4421 νυμφῶνος
651 4348 745 4400 καὶ
760 4347 855 4417 τῆς
869 4346 1017 4417 ἱερᾶς
1038 4344 1299 4408 παστάδος
1317 4347 1344 4398 6
1359 4344 1449 4397 τοῦ
1465 4345 1695 4415 νυμφίου
1712 4346 1911 4416 πατὴρ,

349 4437 437 4487 οὐκ
474 4432 668 4502 ἐπειδὴ
698 4426 840 4501 εἶχεν
892 4428 1079 4499 ἱμάτια
1122 4428 1362 4500 ῥυπαρὰ,
1402 4427 1515 4481 ἀλλ’
1543 4427 1728 4499 ἐπειδὴ
1776 4427 1913 4498 ἔχων

351 4519 498 4581 αὐτὰ,
520 4516 697 4577 οὕτως
728 4513 919 4583 εἰσῄει.
948 4510 1079 4563 υύδέ
1107 4511 1214 4580 γὰρ
1239 4506 1358 4563 εἷπε
1381 4510 1515 4581 πρὸς
1544 4510 1725 4575 αὐτὸν,
1743 4511 1837 4566 Διὰ
1862 4510 1914 4563 τί

348 4602 438 4654 οὐκ
462 4601 609 4670 ἔχεις
642 4597 842 4666 ἔνδυμα
872 4593 1085 4663 γάμους
1138 4592 1293 4656 ἀλλὰ,
1339 4591 1442 4645 Διὰ
1488 4592 1546 4645 τί
1601 4594 1710 4645 οὐκ
1757 4591 1915 4661 ἔχων

352 4684 569 4752 ἔνδυμα
596 4682 789 4749 γάμου
814 4678 996 4742 οὕτως
1030 4675 1309 4744 εἰσῆλθες
1333 4693 1350 4737 ;
1383 4677 1505 4728 Ἐπὶ
1536 4674 1643 4727 τῶν
1670 4675 1913 4743 τριόδων,

354 4770 523 4837 φησὶν,
556 4766 838 4833 είστήκεις
870 4760 1179 4832 προσαιτῶν
1205 4758 1256 4821 ἀ,
1307 4760 1400 4812 καὶ
1441 4759 1539 4811 οὐκ
1570 4758 1914 4830 ἐπῃσχύνθην

357 4867 437 4903 σου
468 4850 567 4920 τὴν
599 4846 817 4910 πενίαν,
872 4844 973 4897 οὐκ
1017 4841 1379 4913 ἐϐδελυξάμην
1413 4858 1505 4893 σου
1538 4842 1636 4911 τήν
1664 4841 1909 4910 ἀτιμίαν,

348 4934 476 4987 ἀλλὰ
512 4934 699 5002 πάσης
756 4929 972 4999 ἐκείνης
1003 4925 1314 4990 ἀπαλλάξας
1360 4942 1417 4979 σε
1468 4925 1567 4996 τῆς
1619 4926 1911 4988 εὐτελείας,

354 5019 635 5088 εἰσήγαγον
674 5014 758 5069 εἰς
788 5010 881 5064 τὸν
907 5008 1170 5080 νυμφῶνα
1195 5009 1284 5061 τὸν
1328 5008 1493 5078 ἱερὸν,
1546 5010 1640 5062 καί¹
1682 5008 1914 5061 δείπνων

357 5101 545 5167 ἠξίωσα
581 5096 901 5169 βασιλικῶν,
938 5094 1030 5145 καὶ
1064 5092 1197 5161 πρὸς
1225 5092 1321 5162 τὴν
1374 5093 1485 5146 ἀνω
1516 5091 1677 5164 τιμὴν
1710 5094 1915 5165 ᾕγαγον

354 5185 433 5239 τὸν
462 5186 699 5255 ἐσχάτης
750 5180 880 5235 ὄντα
923 5176 1195 5239 κολάσεως
1236 5176 1381 5240 ἄξιον
1404 5193 1417 5206 ο
1457 5178 1520 5230 σὺ
1548 5178 1604 5230 δὲ
1642 5177 1761 5230 οὐδὲ
1794 5178 1913 5240 ταῖς

406 5446 431 5474 ⁸
452 5446 545 5513 ᾼΙίὶ
584 5444 809 5513 ἐξετάζοι.
848 5444 930 5493 alii
956 5442 1169 5513 ἐξετάζει.
1194 5440 1420 5513 Erasgms
1457 5442 1639 5513 legisse}
1654 5444 1854 5513 yidetur
1874 5448 1915 5495 εἰ

347 5508 429 5569 γὰρ
450 5508 565 5563 Θεὸς
592 5507 875 5569 ἐξετάζοιτο,
904 5518 1017 5566 qua
1037 5504 1186 5554 lectio
1205 5504 1444 5564 quadrare
1471 5516 1565 5569 "op
1589 5505 1796 5569 ﬁdem]:
1825 5521 1917 5557 uec

347 5566 635 5637 ίοσιιορξξω
651 5568 897 5637 ,ςοόίουιιι
920 5574 1197 5637 moly-orum
1217 5571 1480 5637 gomParpl.
1513 5566 1626 5637 ξαν.
1654 5573 1708 5616 οι
1726 5567 1845 5637 May.
1873 5571 1914 5637 εἰ

348 5626 522 5690 τὰρ-τις
538 5631 815 5684 ἐξετάζοιτο.
845 5628 991 5677 Natat
1031 5633 1192 5675 tamen
1217 5626 1365 5676 Savil.
1406 5629 1457 5675 in
1490 5629 1599 5675 aliis
1620 5632 1917 5691 exemplari-

351 5691 547 5740 δυσιεαή
572 5693 612 5739 εὶ
630 5694 720 5740 γαρ
747 5691 879 5740 Θεὸς.
924 5690 1025 5739 Sed
1052 5690 1197 5740 longe
1238 5694 1436 5740 praestat
1470 5688 1618 5736 lectio
1653 5690 1913 5740 editorum.

408 5692 547 5759 slggi
572 5693 612 5739 ει
630 5694 720 5753 γὰρ
747 5692 879 5745 Θεὸς.
924 5692 1025 5761 Sgd
1052 5692 1197 5749 longe
1236 5694 1436 5761 prestat
1470 5692 1618 5762 legtio
1653 5692 1913 5740 editorum.

408 5750 837 5824 bymgtnolaple
866 5752 1040 5824 $av1]..
1065 5750 1120 5798 τὸ
1161 5765 1342 5811 σκαφος
1383 5750 1654 5812 ἐνορμιζων,
1679 5756 1732 5802 ει
1770 5754 1915 5816 paulo

355 5821 450 5870 ε)οηί
468 5813 715 5874 ἐπιϐαίνειν
741 5813 991 5874 ἐπιτρέπει.

414 5876 434 5937 ‘_
454 5876 627 5937 Μηδεὶς
647 5873 729 5921 οὖν
749 5872 991 5937 παρέστω.
1007 5872 1100 5921 -Sic
1115 5884 1231 5920 mss.
1256 5884 1368 5933 pars
1386 5873 1608 5923 maxima.

413 5933 437 5973 ⁸
458 5936 549 5990 λὶἱὶ
568 5937 786 5985 ἐπαιτῶν.

662 6016 936 6077 Pyram.
981 6012 1099 6078 Gn.
1139 6011 1292 6077 LVI.

2008 468 2347 541 εὐεργεσίαις
2397 468 2582 534 ἐγένου
2619 467 2861 537 βελτίων,
2904 469 3017 523 ἀλλ’
3046 471 3140 524 ἐπὶ
3168 472 3267 540 τῆς
3317 467 3575 538 συνήθους

2009 551 2228 621 ἔμεινας
2276 554 2491 614 κακίας,
2524 551 2750 621 ὑϐρίσας
2774 553 2873 622 μὲν
2896 556 2975 617 είς
2996 554 3122 618 τοὺς
3154 554 3385 625 γάμους,
3425 550 3579 619 ύϐρί⁴

2011 654 2109 699 σας
2136 638 2191 690 δὲ
2213 638 2291 699 εἰς
2317 637 2409 690 τὸν
2424 635 2673 705 νυμφίον.
2692 635 2879 689 Ἀπιθι
2902 638 3080 690 τοίνυν
3100 637 3303 701 λοιπὸν,
3326 635 3418 689 καλ⁵
3437 634 3576 687 δίδου

2008 717 2105 787 τὴν
2152 718 2503 788 ὀφειλομένην
2552 718 2649 788 τῆς
2690 718 2945 788 τοιαύτης
3014 718 3367 790 ἀναισθησίας
3407 733 3578 786 τιμω-

2011 800 2152 870 ρίαν.
2203 800 2480 854 Σκοπείτω
2534 801 2710 855 τοίνυν
2760 802 2855 854 καὶ
2893 801 3050 872 ήμῶν
3098 803 3345 865 ἕκαστος,
3385 802 3580 871 μήπως

2008 882 2211 952 ταύτην
2245 894 2269 922 θ
2299 882 2506 954 ἀκούσῃ
2542 882 2641 953 τὴν
2700 885 2904 953 φωνὴν,
2959 884 3052 937 καὶ
3093 885 3269 938 πάντα
3321 881 3579 950 λογισμὸν

2010 964 2293 1018 ἀποϐαλὼν
2313 966 2409 1034 τῆς
2434 965 2809 1036 πνευματικῆς
2828 966 3171 1031 διδασκαλίας
3187 965 3420 1031 ἀνάξιον,
3438 964 3581 1017 οὕτω

2008 1048 2108 1117 τῆς
2141 1050 2291 1120 ίερᾶς
2327 1048 2597 1119 μετεχέτω
2637 1048 2935 1119 τραπέζης.
2980 1048 3088 1103 Καὶ
3129 1048 3385 1118 ἐγένετο,
3423 1046 3577 1118 φησὶ,

2010 1138 2117 1191 τοῦ
2157 1139 2455 1202 ἐνιαυτοῦ,
2507 1134 2579 1195 οὗ
2624 1138 2923 1193 ἀπέθανεν
2957 1139 3146 1203 Ὀζῖας
3187 1144 3220 1193 ό
3258 1138 3577 1203 βασιλεὺς,

2009 1216 2171 1273 εἶδον
2198 1221 2305 1273 τὸν
2333 1224 2553 1290 Κύριον·
2585 1221 2922 1291 καθήμενον
2956 1223 3051 1275 ἐπὶ
3084 1222 3297 1288 θρόνου
3338 1219 3580 1289 ὑψηλοῦ

2010 1304 2109 1356 καὶ
2161 1303 2518 1373 ἐπηρμένου.
2569 1305 2694 1368 Πῶς
2744 1304 2899 1371 εἶδεν,
2930 1306 3030 1358 ούκ
3066 1300 3209 1358 οἶδα·
3242 1305 3322 1356 ὃτι
3351 1305 3447 1373 μὲν
3475 1303 3582 1371 γὰρ

2011 1381 2169 1445 εἶδεν,
2201 1384 2369 1449 εἶπεν,
2401 1387 2460 1439 τὸ
2485 1386 2541 1439 δὲ
2574 1388 2690 1450 πῶς
2724 1383 2883 1452 εἶδεν,
2917 1387 3219 1457 ἐσιώπησε’
3258 1387 3482 1456 δέχομαι
3513 1384 3584 1436 τά

2011 1470 2131 1539 είρη
2140 1469 2294 1539 μένα,
2318 1470 2378 1521 οὐ
2404 1470 2841 1541 πολυπραγμονῶ
2860 1470 2928 1525 τά
2948 1487 3137 1540 σεσιγη
3145 1470 3283 1540 μένα
3301 1487 3313 1499 ·
3334 1468 3583 1521 κατανοῶ

2010 1554 2078 1605 τὰ
2110 1552 2578 1622 ἀποκαλυφθέντα,
2610 1555 2670 1607 ού
2706 1553 3135 1626 περιεργάζομαι
3190 1552 3260 1606 τὰ
3316 1570 3578 1620 συγκεκα-

2010 1633 2291 1705 λυμμένα·
2348 1634 2437 1687 διὰ
2482 1634 2641 1688 τοῦτο
2700 1636 2808 1706 γὰρ
2859 1636 3323 1704 συγκεκάλυπται.
3372 1635 3583 1695 Πέπλος

2008 1718 2246 1790 χρυσοῦς
2280 1720 2394 1772 ἐστι
2438 1718 2544 1773 τῶν
2596 1719 2828 1790 Γραφῶν
2876 1721 2909 1789 ή
2964 1721 3233 1790 διήγησις,
3284 1720 3312 1771 ὁ
3361 1718 3582 1788 στήμων

2012 1802 2274 1873 χρυσὺς,ή
2294 1801 2462 1872 κρόκη
2480 1803 2677 1872 χρυσός
2720 1800 2739 1838 ί
2754 1842 2767 1856 .
2780 1802 2853 1855 Οὐ
2872 1803 3197 1871 παρυφαίνω
3210 1802 3317 1854 τῶν
3332 1801 3582 1873 ἀραχνῶν

2011 1888 2081 1938 τὰ
2102 1886 2395 1956 ὑφάσματα
2410 1900 2422 1913 ο
2439 1884 2548 1937 τῶν
2570 1885 2717 1955 ἐμῶν
2732 1884 3007 1955 λογισμῶν
3029 1886 3126 1954 τὴν
3145 1885 3425 1939 ἀσθένειαν
3443 1880 3579 1937 οίδα.

2012 1970 2071 2022 Μ
2076 1967 2110 2035 ὴ
2124 1966 2364 2037 μέταιρε
2382 1966 2511 2035 ὅρια
2528 1966 2752 2033 aldina,
2770 1970 2952 2038 φησὶν,
2974 1966 3013 2021 ἄ
3036 1966 3240 2021 ἔθεντο
3263 1970 3318 2021 οἱ
3335 1965 3583 2034 πατέρες

2012 2068 2151 2107 σου.
2178 2051 2343 2122 ’Ὁρια
2356 2052 2529 2105 κινεῖν
2557 2052 2657 2104 οὐκ
2674 2050 2911 2121 ἀσφαλές
2933 2067 2946 2081 ·
2972 2051 3067 2105 καὶ
3086 2050 3223 2117 πῶς,
3249 2052 3390 2120 ἆπερ
3411 2050 3585 2121 ήμίνό

2014 2134 2145 2196 Θεὸς
2177 2132 2363 2203 ἔθηκε,
2400 2132 2809 2205 μεταθήσομεν;
2858 2134 3047 2187 Βούλει
3104 2134 3294 2204 μαθεῖν
3326 2133 3443 2196 πῶς
3474 2128 3581 2184 εἶδε

2013 2218 2104 2272 τὸν
2135 2216 2293 2283 Θεόν;
2325 2217 2489 2270 Γενοῦ
2522 2218 2614 2269 καὶ
2640 2218 2801 2282 αὐτὸς
2833 2220 3137 2289 προφήτης.
3159 2218 3269 2271 Καὶ
3299 2217 3415 2281 πῶς
3433 2217 3586 2270 δυνα-

2013 2301 2104 2355 τὸν
2150 2300 2310 2354 τοῦτο
2334 2339 2349 2365 ,
2386 2302 2542 2371 φησι,
2573 2305 2802 2369 γυναῖκα
2840 2302 3048 2371 ἔχοντα,
3080 2302 3174 2355 καὶ
3203 2301 3587 2374 παιδοτροφίας

2015 2382 2471 2454 ἐπιμελούμενονς
2511 2384 2743 2438 Δυνατὸν
2783 2385 2901 2454 μὲν,
2938 2384 3031 2439 ἐὰν
3062 2385 3270 2455 ἐθέλῃς,
3306 2386 3580 2454 ἀγαπητέ.

2014 2465 2125 2518 Καὶ
2158 2465 2265 2535 γὰρ
2293 2466 2384 2519 καὶ
2418 2466 2581 2529 αὐτὸς
2614 2469 2847 2533 γυναῖκα
2880 2463 2992 2537 εἶχε
3014 2507 3030 2532 ,
3077 2470 3170 2521 καὶ
3206 2466 3407 2521 παίδων
3440 2467 3533 2521 δύο
3557 2478 3583 2512 κ

2014 2547 2195 2619 πατὴρ
2220 2544 2307 2619 ἦν,
2339 2549 2453 2602 ἀλλ’
2473 2549 2625 2602 οὐδὲν
2652 2549 2854 2604 τούτων
2880 2550 3040 2604 αὐτὸν
3069 2550 3353 2603 ἐκώλυσεν.
3379 2550 3453 2604 Οὐ
3478 2552 3584 2622 γάρ

2015 2633 2129 2685 ἐστι
2164 2631 2389 2702 κώλυμα
2436 2633 2533 2703 τῆς
2570 2633 2706 2704 πρὸς
2756 2634 2848 2686 τὸν
2890 2633 3116 2704 ούρανὸν
3162 2634 3469 2704 ἀποδημίας
3496 2634 3523 2673 ιι
3556 2636 3587 2685 ό

2015 2715 2223 2785 γάμος⁸
2269 2716 2392 2768 ἐπεὶ
2422 2717 2470 2769 εἰ
2519 2716 2745 2786 κώλυμα
2789 2712 2879 2786 ἦν,
2921 2718 3019 2770 καὶ
3060 2716 3429 2770 ἐπιϐουλεύειν
3453 2720 3585 2787 ήμζν

2016 2798 2236 2869 ἔμελλεν
2265 2800 2298 2869 ή
2328 2800 2483 2868 γυνὴ.
2511 2800 2610 2852 οὐκ
2640 2799 2705 2853 ἂν
2726 2800 2897 2869 αὑτήν
2924 2800 2981 2865 ἐξ
3002 2800 3176 2870 ἀρχῆς
3197 2799 3410 2852 ποιῶνό
3432 2800 3583 2862 Θεὸς,

2015 2882 2239 2936 ἐκάλεσε
2279 2882 2488 2952 βοηθόν.
2532 2883 2860 2954 Ἐϐουλόμην
2912 2884 3011 2954 μὲν
3048 2881 3139 2937 οὖν
3174 2886 3347 2937 εἰπεῖν
3374 2885 3426 2937 τί
3456 2885 3599 2937 ποτέ·

2016 2967 2131 3019 ἐστι
2176 2965 2238 3018 τὸ
2283 2966 2551 3036 καθῆσθαι
2587 2967 2678 3021 τὸν
2723 2967 2885 3020 Θεόνο
2925 2969 2986 3020 οὑ
3030 2969 3136 3039 γάρ
3177 2968 3241 3039 δή
3279 2967 3513 3032 κάθηται
3558 2970 3587 3019 ὁ

2016 3048 2147 3111 Θεός
2175 3065 2188 3077 ·
2232 3050 2499 3118 σωμάτων
2544 3048 2652 3121 γὰρ
2697 3052 2725 3103 6
2760 3052 3167 3121 σχηματισμόςο
3222 3051 3283 3103 τὸ
3331 3050 3486 3104 Θεῖον
3528 3050 3586 3103 δὲ

2016 3132 2324 3202 ἀσώματον.

2088 3214 2153 3283 β’.
2176 3215 2323 3287 [1'59]
2347 3216 2673 3286 Ἐϐουλόμην
2692 3219 2864 3270 εἰπεῖν
2883 3218 2933 3269 τί
2949 3218 3078 3271 ποτέ
3100 3220 3213 3271 ἐστι
3235 3217 3417 3288 θρόνος
3431 3217 3583 3271 Θεοῦ⁸

2015 3297 2075 3348 ού
2094 3297 2201 3367 γὰρ
2217 3298 2279 3367 δὴ
2299 3297 2466 3368 θρόνῳ
2483 3300 2510 3350 6
2528 3299 2656 3363 Θεὸς
2679 3300 3135 3370 ἐμπεριείληπται
3148 3318 3163 3331 ο
3180 3300 3587 3372 ἀπερίγραπτον

2016 3380 2124 3451 γὰρ
2164 3381 2224 3433 τὸ
2262 3381 2416 3435 Θεῖον
2447 3398 2461 3412 '
2504 3382 2638 3435 ἀλλὰ
2679 3383 2924 3447 δέδοικα,
2978 3384 3053 3454 μὴ
3087 3387 3150 3454 τῇ
3208 3386 3334 3454 περὶ
3384 3385 3588 3437 τούτων

2017 3462 2360 3533 ἐνδιατρίϐων
2397 3464 2732 3536 διδασκαλίᾳ,
2769 3466 3095 3537 παρελκύσω
3119 3467 3179 3520 τὸ
3210 3467 3448 3538 ὄφλημα.
3480 3468 3609 3520 Καὶ⁴

2016 3546 2124 3617 γὰρ
2158 3546 2365 3609 πάντας
2408 3546 2518 3614 ὁρῶ
2545 3547 2679 3617 πρὸς
2706 3546 2774 3599 τά
2798 3549 3075 3619 Σεραφείμ
3110 3550 3427 3619 κεχηνότας,
3470 3550 3590 3620 οὐχὶ

2016 3630 2252 3700 τήμερον
2286 3629 2463 3699 μόνον,
2490 3630 2625 3682 ἀλλὰ
2647 3631 2739 3682 καὶ
2762 3630 2826 3683 ἐκ
2851 3632 3073 3702 πρώτης
3100 3634 3335 3704 ἡμέρας·
3379 3634 3587 3706 διόπερ,

2016 3711 2268 3782 καθάπερ
2300 3710 2498 3779 πλῆθος
2534 3710 2867 3781 ἀνθρώπων,
2913 3714 3079 3785 πολλῇ
3145 3718 3210 3785 τῇ
3268 3716 3415 3788 ῥύμῃ
3468 3718 3587 3770 δια-ο

2019 3800 2233 3853 κόπτων
2264 3801 2293 3853 6
2323 3799 2476 3867 λόγος
2503 3798 2611 3853 τῶν
2625 3800 2987 3856 ἀπαντώντων
3014 3805 3297 3875 νοημάτων
3323 3812 3340 3851 i
3369 3807 3429 3859 τὸ
3452 3807 3591 3878 πλῆ⁴

2019 3883 2131 3945 θος,
2161 3883 2294 3953 πρὸς
2325 3882 2539 3952 ἐκείνην
2591 3885 2869 3953 ἐπείγεται
2906 3886 3003 3957 τὴν
3051 3887 3326 3959 ἐξήγησιν.
3372 3890 3483 3944 Καὶ
3517 3892 3592 3945 τὰ

2018 3965 2310 4035 Σεραφεὶμ
2321 3964 2709 4034 είστήκεισαν
2725 3968 2928 4033 κύκλῳ
2942 3968 3147 4032 αὐτοῦ,
3166 3972 3347 4040 φησίν.
3376 3971 3505 4025 Ἰδοὺ
3520 3974 3591 4026 τά

2014 4048 2317 4119 Σεραφεὶμ,
2336 4045 2373 4101 ἃ
2388 4046 2554 4101 πάλαι
2575 4048 2896 4119 ἐπεθυμεῖτε
2922 4052 3122 4117 πάντες
3151 4053 3299 4107 ἰδεῖν.
3314 4053 3591 4109 Θεάσασθε

2019 4131 2220 4195 τοίνυν,
2268 4131 2363 4183 καὶ
2410 4131 2508 4203 τὴν
2555 4130 2850 4201 ἐπιθυμίαν
2908 4134 3226 4207 ἐμπλήσατε
3254 4176 3270 4200 ,
3327 4137 3462 4191 ἀλλά
3513 4140 3590 4210 μή

2023 4214 2161 4285 μετά
2216 4212 2462 4283 θορύϐου,
2522 4214 2657 4285 μηδέ
2708 4213 2988 4268 σπεύδοντι
3037 4215 3116 4287 τῷ
3156 4218 3421 4290 λογισμῷ,
3454 4220 3590 4291 ὅπερ

2018 4296 2111 4349 ἐπὶ
2157 4294 2265 4348 τῶν
2302 4295 2591 4366 βασιλικῶν
2635 4296 2856 4351 εἰσόδων
2888 4298 3096 4367 γίνεται
3128 4318 3141 4331 ·
3190 4304 3305 4356 ἐκεῖ
3345 4303 3445 4373 μὲν
3482 4305 3590 4376 γάρ

2021 4377 2243 4441 εἰκότως
2262 4377 2420 4431 τοῦτο
2446 4379 2578 4432 αὐτὸ
2601 4379 2905 4449 συμϐαίνει.
2931 4382 3005 4435 Ού
3030 4383 3135 4454 γάρ
3165 4384 3522 4455 ἀναμένουσιν
3540 4387 3589 4439 οί

2019 4462 2304 4534 δορυφόροι
2324 4461 2433 4515 τῶν
2459 4461 2707 4533 ὁρώντων
2726 4462 2824 4526 τὰς
2841 4463 3011 4533 ὄψεις,
3037 4465 3172 4519 ἀλλά
3205 4468 3383 4539 πρὶνή
3416 4470 3591 4523 πάντα

2022 4546 2207 4609 αὐτοῖς
2237 4545 2470 4615 ὀφθῆναι
2509 4544 2718 4611 καλῶς,
2767 4546 3131 4614 ἀναγκάζουσι
3185 4551 3548 4623 παρατρέχειν
3571 4568 3589 4584 ο

2020 4627 2254 4682 ἐνταῦθα
2283 4628 2341 4680 δέ
2367 4627 2464 4697 οὐχ
2483 4625 2698 4706 οὕτως·
2730 4626 2844 4680 ἀλλ’
2866 4629 3075 4700 ἵστησιν
3101 4633 3232 4702 ήμῖν
3250 4636 3278 4686 6
3310 4634 3464 4703 λόγος
3495 4634 3592 4706 τὴν

2021 4710 2269 4780 θεωρίαν,
2304 4710 2408 4773 ἕως
2447 4703 2507 4763 οὗ
2536 4710 2711 4763 πάντα
2737 4710 3017 4781 ἐπέλθητε,
3046 4714 3146 4766 ὅσα
3183 4716 3407 4772 δυνατὸν
3435 4703 3593 4771 ἐπελ-

2022 4792 2153 4847 θεῖν.
2180 4793 2289 4847 Kal
2324 4794 2395 4846 τὰ
2415 4792 2704 4861 Σεραςρείμ
2722 4792 3107 4859 εἱστήκεισαν
3149 4799 3353 4869 κύκλῳ
3382 4802 3588 4857 αὑτοῦ⁴

2023 4875 2140 4946 Πρὸ
2167 4874 2261 4928 τοῦ
2285 4873 2385 4944 τῆς
2408 4874 2622 4943 φύσεως
2645 4874 2950 4946 ἀξιώματος
2974 4878 3212 4945 ἐδίδαξεν
3235 4883 3381 4952 ἡμᾶς
3404 4882 3464 4936 τὸ
3483 4885 3593 4940 ἀπὸ

2019 4957 2119 5038 τῇς
2156 4956 2456 5026 ἐγγύτητος
2483 4957 2758 5038 τῆς-Ακατά
2786 4957 2874 5011 τὸν
2908 4960 3071 5015 τόπον
3103 4962 3339 5034 ἀξίωμα.
3374 4965 3448 5019 Ού
3484 4965 3591 5038 γάρ

2021 5035 2141 5093 εἷπε
2170 5039 2384 5111 πρῶτον
2418 5039 2537 5093 τίνα
2576 5035 2645 5107 ἦν
2680 5042 2750 5093 τὰ
2785 5043 3091 5116 Σεραφεὶμ,
3143 5046 3255 5100 ἀλλ’
3287 5042 3438 5101 εἷπεν
3464 5035 3594 5104 ἔνθα

2016 5124 2303 5193 ἑστήκασι.
2330 5122 2618 5192 Τοῦτογάρ
2645 5124 2851 5178 ἐκείνου
2870 5127 2932 5179 τὸ
2949 5127 3164 5199 ἀξίωμα
3196 5130 3397 5199 μεῖζον.
3429 5130 3552 5196 Πῶς
3575 5150 3591 5197 ;

2024 5206 2143 5259 Ὅτι
2166 5207 2263 5275 οὐχ
2283 5206 2425 5259 οὕτω
2456 5205 2691 5260 δείκνυσι
2712 5206 2810 5271 τάς
2828 5208 3082 5279 δυνάμεις
3116 5212 3328 5274 ἐκείνας
3352 5213 3594 5281 μεγάλας

2021 5288 2206 5353 ούσας,
2232 5288 2293 5342 τὸ
2320 5289 2598 5360 Σεραφεὶμ
2638 5286 2799 5357 εἶναι,
2841 5290 2915 5354 ὡς
2947 5292 3007 5345 τὸ
3033 5295 3199 5361 ἐγγὺς
3244 5295 3462 5348 ἑστάναι
3499 5296 3592 5350 τοῦ

2087 5508 2110 5535 ⁸
2134 5506 2216 5582 εἰς
2230 5508 2426 5569 quidam
2452 5522 2587 5582 mss.9
2620 5512 2798 5582 meliqs
2834 5524 2978 5582 quam
3023 5512 3164 5582 egw,
3206 5515 3290 5582 qu!
3323 5513 3500 5582 babgnt
3528 5521 3591 5580 μή

2021 5573 2313 5641 τις-ταύτην,
2350 5582 2461 5630 qua
2483 5579 2727 5641 pgslrema
2752 5573 2916 5641 ‘lecuno
2937 5585 3033 5621 non
3047 5573 3145 5641 _i_t_a_
3164 5573 3368 5641 (μέσσης
3385 5578 3444 5627 ad
3466 5573 3597 5641 prie-'-

2021 5633 2280 5703 ςςᾳειιιοω
2304 5643 2473 5679 vocem
2510 5632 2725 5703 ἕκαστος,
2752 5632 2812 5683 ἰιι
2836 5635 3018 5695 μήπως.
3044 5633 3162 5685 Ibid.
3180 5632 3288 5689 ’συί
3308 5636 3392 5695 τὴν
3418 5632 3593 5703 MV.

2022 5693 2145 5740 ἀλλά
2164 5693 2333 5749 πάντα,
2363 5705 2459 5739 nun
2482 5698 2627 5743 male.

2090 5750 2112 5825 Ξ
2137 5752 2267 5825 Unus
2288 5756 2317 5810 ἡ
2339 5754 2676 5825 ιράκηλρυσῇ-

2086 5816 2111 5854 Β
2134 5816 2273 5863 Alius
2289 5816 2369 5861 καὶ
2388 5816 2586 5862 παιδίων
2619 5817 2720 5865 δύο.

2084 5876 2113 5913 h
2143 5876 2275 5923 Unus
2295 5876 2555 5935 ἐπιδημίας.

2087 5937 2105 5976 i
2135 5937 2269 5988 Unus
2291 5935 2442 5987 habet
2460 5936 2677 5987 ἁπάντων
2698 5940 2790 5987 τῶν
2813 5945 3073 6002 νοημάτων.

3181 6017 3222 6076 9
