4102 6306
546 375 660 428 ’157

548 485 745 556 θρόνου
777 483 1076 554 βασιλικοῦ.
1112 484 1222 538 Καὶ
1247 485 1356 558 γὰρ
1385 489 1478 541 καὶ
1501 489 1660 559 ἡμεῖς
1679 486 1787 541 τῶν
1810 485 2120 556 δορυφόρων

554 568 793 628 ἐκείνως
853 569 1281 640 ἐπισημοτέρους
1327 567 1464 624 εἶναι
1517 573 1847 642 νομίζομεν,
1904 569 1997 634 οὓς
2053 569 2120 622 ἂν

558 651 751 725 ἔδωμεν
771 652 953 720 ’ἐγγὺς
977 652 1070 706 τοῦ
1090 652 1317 722 ζεύγους
1351 655 1669 718 ἐλαύνοντας
1709 653 1802 708 τοῦ
1838 653 2114 724 βασιλικοῦ

553 735 823 806 ὀχήματος
845 749 892 787 α.
927 736 1081 788 Οὕτω
1113 739 1207 790 καὶ
1232 738 1337 792 τῶν
1365 738 1644 809 δυνάμεων
1669 739 1777 792 τῶν
1811 739 2116 809 ἀσωμάτων

553 817 755 886 ἐκεῖναί
789 820 894 870 εἰσι
927 818 1318 890 λαμπρότεραι,
1353 822 1472 874 ὅσαι
1501 839 1604 892 περ
1631 821 1696 875 ἂν
1720 815 1850 876 ῶσιν
1890 821 2117 889 ἔγγιστα

553 900 645 953 τοῦ
681 901 888 971 θρόνου.
922 903 1020 955 Διά
1055 902 1211 955 τοῦτο
1254 905 1347 956 καὶ¹
1382 907 1408 958 ό
1447 908 1729 977 προφήτης
1756 907 1912 976 ἀφεὶς
1943 904 2116 958 διαλε-

553 984 747 1054 χθῆναι
777 987 903 1055 περὶ
924 984 1016 1037 τοῦ
1037 987 1134 1055 τῆς
1159 985 1370 1054 φύσεως
1387 988 1563 1039 αὐτῶν
1587 989 1911 1059 ἀξιώματος,
1932 989 2117 1058 πρότε-

555 1085 646 1138 ρον
693 1072 824 1139 ἡμῖν
851 1069 1153 1137 διαλέγεται
1188 1071 1316 1141 περὶ
1345 1072 1441 1141 τῆς
1480 1071 1574 1124 τοῦ
1606 1073 1772 1125 τόπου
1805 1073 2111 1143 προεδρίας,

533 1149 706 1213 εἰδὼς
731 1153 812 1204 ὅτι
855 1148 1006 1215 οὗτος
1037 1151 1236 1222 μείζων
1258 1155 1286 1206 ὁ
1311 1154 1513 1223 κόσμος
1543 1155 1678 1215 ἐστὶ,
1717 1156 1810 1208 καὶ
1835 1156 1916 1208 ὄτι
1959 1155 2116 1208 τοῦτο

549 1233 658 1286 τῶν
675 1233 886 1302 φύσεων
907 1235 1129 1288 ἐκείνων
1153 1236 1212 1287 τὸ
1242 1235 1453 1298 κάλλος.
1489 1238 1596 1289 Καὶ
1626 1237 1734 1308 γὰρ
1761 1238 1959 1308 τοῦτοὴ
1991 1237 2114 1302 δόξα

539 1321 643 1373 νκαὶ
687 1322 718 1391 ἡ
765 1319 896 1389 τιμὴ
949 1320 1042 1373 καὶ
1084 1322 1116 1390 ἡ
1167 1321 1314 1373 πᾶσα
1350 1320 1638 1388 ἀσφάλεια,
1688 1321 1750 1373 τὸ
1789 1322 1973 1392 κύκλῳ
2019 1321 2113 1374 τοῦ

551 1403 738 1472 θρόνου
762 1403 969 1455 ἐκείνου
993 1402 1294 1470 φαίνεσθαι.
1336 1402 1504 1455 Τοῦτο
1526 1403 1618 1456 καὶ
1635 1405 1724 1456 ἐπὶ
1742 1406 1848 1457 τῶν
1871 1405 2115 1473 ἀγγέλων

551 1485 697 1538 ἐστιν
731 1486 883 1539 ἰδεῖν·
918 1486 1012 1538 καὶ
1035 1488 1141 1557 γὰρ
1163 1488 1401 1549 ἐκείνους
1419 1485 1736 1556 βουλόμενος
1761 1488 1928 1552 δεῖξαι
1949 1488 2116 1558 μεγά-

543 1568 674 1630 ιλους
721 1569 750 1620 6
787 1568 1037 1638 Χριστὸς,
1074 1568 1182 1622 ὀὑκ
1220 1565 1369 1622 εἶπεν
1395 1608 1410 1630 ,
1453 1569 1534 1622 ὅτι
1584 1568 1802 1638 ἄγγελοί
1836 1573 1941 1623 εἰσι
1964 1611 1978 1634 ,
2023 1572 2115 1624 καὶ

543 1651 807 1721 ἐσίγησεν
831 1668 845 1682 ·
881 1651 1017 1711 ἀλλ’,
1052 1652 1180 1703 Ὀτι
1214 1655 1267 1705 οὶ
1291 1651 1528 1720 ἄγγελοι
1558 1653 1754 1706 αὐτῶν
1771 1652 1865 1705 διὰ
1891 1653 2116 1719 παντὸς

544 1734 849 1799 ,βλέπουσι
864 1735 928 1786 τὸ
947 1735 1267 1800 πρόσωπον
1278 1735 1382 1788 τοῦ
1395 1737 1620 1804 Πατρός
1625 1755 1744 1806 μου
1757 1736 1861 1790 τοῦ
1874 1739 1942 1790 έν
1952 1741 2118 1806 οὐρα-

547 1818 912 1888 νοῖς.”Ωσπερ
952 1818 1060 1887 γὰρ
1107 1819 1267 1870 ἐκεῖιι
1302 1817 1484 1888 μεῖζόν
1517 1820 1630 1871 ἐστι
1678 1820 1775 1890 τῆς
1823 1822 2114 1893 ἀγγελικῆς

547 1901 704 1967 ἀξίας
731 1901 790 1953 τὸ
821 1900 1034 1970 βλέπειν
1064 1901 1124 1952 τὸ
1151 1901 1438 1971 πρόσωπον
1469 1900 1562 1953 τοῦ
1595 1903 1831 1973 Πατρός’
1861 1903 2002 1956 οὕτω
2019 1906 2115 1974 τῆς

547 1985 657 2036 τῶν
699 1984 972 2054 Σεραφεὶμ
1017 1983 1171 2048 ἀξίας
1219 1984 1398 2052 μεῖζον
1427 1983 1488 2035 τὸ
1529 1985 1746 2038 ἑστάναι
1799 1986 1980 2056 κύκλῳ
2021 1986 2114 2038 τοῦ

549 2067 758 2136 θρόνου,
796 2067 890 2120 καὶ¹
926 2068 1086 2135 μέσον
1131 2066 1271 2136 ἔχειν
1301 2066 1655 2119 αὑτόν.Ἀλλά
1698 2068 1852 2121 τοῦτο
1884 2068 1945 2120 1:6
1975 2069 2115 2138 μέγα

546 2150 640 2204 καὶ
672 2152 756 2202 σοὶ
787 2150 1008 2204 δυνατόν
1049 2151 1220 2216 ἐστιν,
1250 2149 1315 2203 ἂν
1341 2149 1548 2222 ἐθέλῃς,
1579 2150 1778 2204 λαϐεῖν.
1809 2153 1880 2203 Οὑ
1917 2152 2024 2223 γάρ
2051 2153 2113 2224 δὴ

545 2235 652 2287 τῶν
685 2236 960 2306 Σεραφεὶμ
992 2235 1146 2305 μόνον
1180 2234 1340 2304 μέσος
1372 2236 1538 2292 ἐστὶν.
1571 2235 1704 2287 ἀλλά
1727 2236 1819 2288 καὶ
1840 2237 1992 2306 ἡμῶν
2017 2237 2114 2289 αὑ-

545 2318 674 2381 τῶν,
711 2317 776 2370 ἂν
808 2317 1096 2386 ἐθέλωμεν.
1135 2313 1216 2371 Οὖ
1253 2316 1362 2386 γάρ
1386 2320 1504 2370 εἱσι
1530 2316 1638 2370 δύο
1674 2317 1710 2384 ἣ
1745 2318 1919 2384 τρεῖς,
1956 2321 2109 2387 φησὶ,

546 2399 907 2466 συνηγμένοι
935 2390 1034 2464 εἰς’
1055 2399 1118 2451 τὸ
1141 2399 1286 2467 ἐμόν
1315 2399 1519 2468 ὄνομα,
1550 2399 1680 2453 ἐκεῖ
1707 2403 1822 2468 εἰμι.
1848 2403 1917 2452 ἐν
1949 2402 2114 2469 μέσῳ

545 2479 774 2534 αὐτῶν·
825 2482 942 2546 καὶ,
990 2481 1203 2548 Κύριος
1230 2482 1408 2550 ἐγγὺς
1441 2482 1560 2546 τοῖς
1597 2481 2114 2552 συντετριμμένοις

545 2564 620 2632 τῇ
654 2565 886 2632 καρδίᾳ,
922 2565 1017 2617 καὶ
1051 2563 1190 2629 τοὺς
1217 2563 1532 2630 ταπεινοὺς
1559 2564 1638 2629 τῷ
1673 2566 1960 2632 πνεύματι
1999 2565 2114 2618 σώα-

538 2664 656 2699 σει.
694 2649 790 2700 Διά
823 2645 979 2699 τοῦτο
1009 2647 1102 2699 καὶ
1130 2650 1158 2700 ό
1177 2646 1386 2710 Παῦλος
1419 2646 1514 2716 βοᾷ
1537 2665 1549 2676 ο
1579 2649 1653 2699 Τὰ
1676 2646 1795 2699 ἅνω
1823 2647 2108 2715 φρονεῖτε,

542 2725 616 2783 οὗ
656 2732 688 2782 ό
717 2729 974 2796 Χριστός
1004 2728 1173 2782 ἐστιν
1207 2729 1277 2782 ἐν
1304 2728 1468 2796 δεξιᾷ
1496 2730 1602 2782 τοῦ
1631 2729 1776 2783 Θεοῦ
1796 2739 1818 2768 ο
1856 2731 2108 2800 καθήμε-

541 2829 665 2878 νος.
705 2810 856 2876 Εἶδες
885 2813 1000 2875 πῶς
1029 2814 1173 2884 ἡμᾶς
1201 2813 1350 2885 [MO]
1383 2813 1573 2884 ἔστησε
1610 2813 1747 2883 μετά
1795 2814 1901 2866 τῶν
1943 2816 2110 2885 Σερα-

503 2907 515 2920 '
543 2898 697 2965 φεὶμ,
724 2897 886 2963 ἐγγὺς
918 2894 1136 2964 ἀγαγὼν
1165 2895 1258 2949 τοῦ
1288 2895 1475 2966 θρόνου
1506 2896 1602 2948 τοῦ
1644 2896 1918 2965 βασιλικοῦ
1941 2915 1954 2963 ;
1981 2890 2110 2952 Εἶτά

542 2995 736 3048 φησιν’
771 2978 874 3042 Ἓξ
915 2978 1203 3048 πτέρυγες
1234 2977 1314 3042 τῷ
1348 2979 1458 3041 ἐνὶ,
1493 2977 1588 3031 καὶ
1613 2978 1682 3043 ἐξ
1712 2979 1995 3050 πτέρυγες
2029 2981 2109 3047 τῷ
2155 2998 2158 3002 ·

539 3063 651 3115 ἐνί.
689 3061 754 3114 Τί
790 3064 920 3131 ἡμῖν
950 3064 1005 3114 αἱ
1037 3061 1096 3126 ἐξ
1135 3059 1401 3130 πτέρυγες
1429 3060 1786 3115 ἐνδείκνυνται
1817 3059 2005 3129 αὗταις
2039 3065 2110 3116 T6

540 3145 740 3216 ὑψηλὸν
764 3145 856 3197 καὶ
888 3145 1174 3214 μετάρσιον
1199 3147 1290 3197 καὶ
1315 3144 1512 3212 κοῦφον
1535 3146 1628 3198 καὶ
1653 3147 1711 3198 τὸ
1733 3149 1867 3217 ταχὺ
1890 3149 2108 3202 ἐκείνων

536 3228 644 3279 τῶν
701 3225 933 3295 φύσεων.
967 3229 1065 3279 Διά
1114 3226 1271 3279 τοῦτο
1316 3228 1409 3280 καὶ
1458 3228 1486 3279 6
1533 3228 1768 3300 Γαϐριὴλ
1809 3231 2108 3300 ὑπόπτερος

537 3312 803 3370 κάτεισιν,
834 3311 931 3379 οὑχ
958 3311 1039 3363 ὅτι
1074 3309 1249 3380 πτερά
1299 3311 1424 3380 περὶ
1451 3309 1546 3381 τὴν
1572 3311 1860 3382 ἀσώματον
1895 3314 2106 3383 ἐκείνην

531 3391 783 3462 δύναμιν,
823 3392 933 3446 ἀλλ’
959 3393 1042 3445 ὅτι
1071 3394 1133 3444 ἐκ
1168 3391 1274 3445 τῶν
1294 3391 1319 3430 ά
1360 3393 1704 3462 ὑψηλοτάτων
1732 3395 1959 3465 κατῆλθε
1997 3415 2104 3468 χω-

538 3477 688 3548 ρίων,
718 3477 814 3528 καὶ
851 3476 948 3539 τὰς
994 3476 1104 3528 ἄνω
1141 3475 1418 3547 διατριϐὰς
1454 3477 1610 3545 ἀφεὶς
1661 3479 1903 3548 ἀφῖκται.
1933 3481 1996 3532 Τί
2049 3481 2106 3534 δὲ

535 3560 628 3612 καὶ
657 3562 685 3612 ὀ
717 3559 943 3630 ἀριθμὸς
976 3558 1219 3629 βούλεται
1248 3560 1356 3612 τῶν
1387 3559 1702 3630 πτερύγων;
1745 3561 2004 3614 Ἐνταῦθα
2043 3565 2102 3616 οὑ

535 3642 611 3694 δεῖ
660 3643 756 3711 τῆς
806 3641 1114 3712 παρ’”ᾐμῶν
1148 3641 1439 3712 ἑρμηνείας
1461 3658 1473 3670 ·
1511 3643 1669 3706 αὐτὸς
1719 3644 1826 3714 γὰρ
1859 3645 2049 3698 ἐαυτὸν
2076 3648 2105 3698 ό

535 3725 689 3793 λόγος
719 3727 968 3788 ἐπέλυσε,
1004 3725 1101 3797 τὴν
1150 3726 1337 3796 χρείαν
1369 3728 1500 3797 ἡμῖν
1546 3727 1724 3779 αὑτῶν
1767 3727 2104 3799 ἐξηγησάμε-

535 3824 655 3871 νος·
693 3809 824 3874 Ταῖς
869 3809 975 3878 γὰρ
1017 3809 1179 3869 δυσὶ,
1215 3811 1397 3878 φησὶν,
1427 3809 1770 3863 ἐκάλυπτον
1806 3813 1877 3865 τὰ
1920 3815 2106 3880 πρόσ-

534 3907 664 3943 ωπα
711 3891 968 3946 ἑαυτῶν’
1011 3891 1251 3955 εἰκότως,
1278 3891 1467 3962 ῶσπερ
1515 3894 1621 3945 τινὶ
1665 3893 1834 3964 διπλῷ
1881 3895 2106 3966 δίαφρά-

534 3989 704 4041 γματι
727 3977 822 4035 τὰς
859 3973 1010 4041 ὄψεις
1038 3973 1382 4042 τειχίζουσαι,
1413 3975 1502 4027 διὰ
1527 3975 1588 4028 τὸ
1613 3976 1687 4046 μὴ
1717 3978 1900 4047 φέρειν
1922 3978 2019 4050 τὴν
2040 3980 2104 4034 ἐκ

535 4056 632 4125 τῆς
675 4053 830 4123 δόξης
874 4056 1085 4126 ἐκείνης
1125 4056 1444 4126 ἐκπηδῶσαν
1489 4057 1936 4130 ἀστραπήν..ἶ(ιιὶ
1976 4061 2104 4128 ταῖς

532 4137 676 4192 δυσὶ
708 4138 848 4204 τοὺς
872 4139 1060 4204 πόδας
1081 4138 1423 4193 ἐκάλυπτον
1447 4153 1492 4202 ο,
1527 4141 1665 4211 τάχα
1693 4143 1780 4196 διὰ
1811 4146 1908 4214 τὴν
1937 4146 2104 4217 αὐτὴν

536 4220 810 4290 ἔκπληξιν.
847 4220 1127 4290 Εὶώθαμεν
1169 4222 1276 4292 γὰρ
1307 4223 1398 4274 καὶ
1432 4223 1610 4294 ἡμεῖς,
1639 4225 1766 4278 ὅταν
1813 4227 1915 4279 ὑπό
1961 4245 2103 4291 τινος

536 4303 775 4372 θάμϐους
831 4304 1271 4375 κατασχεθῶμεν,
1325 4304 1584 4358 πάντοθεν
1636 4309 2000 4377 περιστέλλειν
2042 4312 2102 4363 τὸ

535 4386 712 4455 σῶμα.
746 4386 854 4438 Καὶ
899 4387 950 4439 τί
1001 4386 1140 4454 λέγω
1183 4387 1242 4440 τὸ
1290 4387 1468 4460 σῶμα,
1491 4390 1624 4442 ὅπου
1670 4407 1733 4458 γε
1783 4394 1875 4444 καὶ
1904 4395 2098 4465 αὑτὴἡ

532 4470 675 4539 ψυχὴ
705 4467 860 4521 τοῦτο
890 4468 1133 4522 παθοῦσα
1171 4471 1228 4523 ἐν
1259 4475 1378 4534 ταῖς
1415 4473 1872 4544 ὑπερϐαλλούσαις
1902 4477 2102 4544 ἐπιφα-

532 4553 720 4614 νείαις,
751 4551 959 4616 καὶτὰς
999 4554 1272 4625 ἐνεργείας
1304 4556 1541 4625 ἐαυτῆςῖ
1591 4559 1934 4620 συνέλκουσα,
1967 4561 2101 4630 πρὸς

531 4636 592 4686 :6
640 4634 800 4702 βάθος
845 4638 1192 4705 καταφεύγει,
1240 4639 1488 4711 καθάπερ
1533 4641 1640 4694 τινὶ
1673 4642 1996 4713 περιϐολαίῳ
2025 4645 2102 4714 τῷ

533 4717 741 4788 σώματι
783 4719 978 4789 ἑαυτὴν
1021 4719 1278 4772 πάντοθεν
1323 4724 1778 4793 περιστέλλουσα;
1819 4726 1977 4779 Ἀλλά
2025 4729 2098 4798 μή

531 4819 614 4864 τις
637 4800 893 4870 ἔκπληξιν
922 4804 1014 4854 καὶ⁸
1042 4802 1246 4873 θάμϐος
1275 4805 1509 4868 ἀκούων,
1540 4807 1675 4879 ἀηδῆ
1704 4825 1823 4862 τινα
1865 4810 2100 4876 ἀγωνίαν

531 4886 720 4946 αὑταῖς
763 4885 1071 4953 ἐγγίνεσθαι
1102 4888 1397 4956 νομιζέτωο
1426 4892 1518 4943 καί
1546 4891 1652 4962 γὰρ
1689 4893 1824 4962 μετά
1868 4893 1967 4962 τῆς
2009 4896 2101 4946 ἐκ-

532 4970 776 5037 πλήξεως
814 4969 1015 5040 ταύτης
1052 4971 1144 5025 καὶ
1175 4973 1331 5043 ἡδονή
1369 4991 1453 5037 τις
1486 4975 1756 5046 ἀφόρητος
1788 4980 2096 5050 κεκραμένη

529 5051 663 5106 ἐστι.
695 5053 823 5115 Ταῖς
849 5053 904 5105 δὲ
927 5053 1076 5107 δυσὶν
1088 5054 1346 5108 ’ἐπέτοντο
1365 5058 1409 5108 ε.
1455 5059 1560 5109 Καὶ
1584 5059 1739 5112 τοῦτο
1764 5063 1983 5129 σημεῖον
2004 5061 2096 5115 τοῦ

528 5136 634 5186 τῶν
685 5134 900 5205 ὑψηλῶν
949 5136 1190 5204 ἐφίεσθαι
1237 5138 1492 5207 συνεχῶς,
1522 5141 1613 5192 καὶ
1659 5141 1922 5211 μηδέποτε
1951 5144 2097 5196 κάτω

529 5225 764 5293 βλέπειν.
795 5226 902 5279 Καὶ
949 5225 1265 5296 ἐκέκραγεν
1295 5227 1494 5296 ἕτερος
1527 5228 1674 5297 πρὸς
1709 5232 1815 5285 τόν
1857 5232 2059 5301 ἕτερον
2079 5251 2092 5264 ·

587 5462 613 5524 ἒ
646 5461 1080 5524 ξοχήματοςκςέεεεῐ
1101 5462 1147 5510 in
1171 5459 1458 5522 quibusdam
1477 5475 1592 5509 mss.

589 5522 616 5591 if
637 5522 1042 5591 ξειῦἰῑίέκιτώῖιθσιι

589 5589 609 5647 ’ᾗ
645 5583 776 5632 Unus
795 5585 940 5634 habet
964 5583 1049 5633 τοῦ
1071 5585 1270 5647 Πατρός.

583 5642 612 5682 ἀ
638 5647 734 5719 λιιι
756 5647 955 5719 ἀλλἰῗνα
970 5648 1096 5719 δείξῃ
1118 5642 1189 5719 τῷ
1203 5645 1417 5719 προφῄτῃ
1445 5645 1517 5719 ότι
1537 5645 1590 5718 ἐκ
1599 5646 1717 5719 τῶν.

589 5705 924 5817 ξ’ἀἊσ-τραπήν.
968 5711 1056 5756 Διὰ
1076 5705 1346 5757 ’τοῦτο’καὶ
1384 5705 1493 5763 τοὺς
1529 5707 1676 5762 πόδας
1718 5707 1995 5768 ἐκάλυπτον,
2024 5705 2096 5757 sic

591 5784 601 5816 ι
640 5781 714 5815 am
736 5781 848 5816 mss.

519 5781 714 5816 αιιιαιιιῐι
736 5781 848 5816 mss.

539 5817 552 5830 ⁸
589 5829 608 5866 τ
652 5829 880 5894 Μαθοῦσα
921 5830 1016 5877 ἀπὸ
1041 5836 1124 5894 τῆς
1144 5831 1288 5894 ἄκρας
1317 5827 1580 5894 ἐπιφανείας
1618 5830 1702 5885 τὰς
1745 5829 1971 5894 ἐνεργείας
2007 5832 2094 5880 αὑ-

589 5847 602 5866 ¹
652 5847 880 5877 ιιαυουσα
921 5847 1016 5877 απο
1041 5847 1124 5888 της
1144 5847 1206 5878 cn:
1317 5847 1580 5894 επιφανειας
1618 5847 1702 5885 τας
1745 5847 1948 5892 ενεργεια

517 5899 620 5946 τὴς,
640 5895 712 5952 sic
729 5891 923 5952 quidam
945 5847 1368 5952 mss,chmtio
1389 5899 1526 5941 certe
1543 5904 1637 5939 non
1659 5892 1948 5952 spernenda.

587 5955 613 5992 ⁸
635 5950 736 6003 Alii
773 5951 1010 6001 ἐτέταντο.
1037 5950 1175 6003 Unus
1196 5951 1317 6003 infra
1357 5953 1506 6004 habet
1531 5950 1821 6016 ἕτερον“πρὸς
1840 5954 1896 6002 τὸ
1917 5953 2090 6018 ἕτερον.

1285 369 1343 425 S.
1388 367 1674 427 JOANNIS
1708 367 2199 425 CHRYSOSTOMI
2236 371 2557 429 ARClllEP.
2589 371 3134 430 CONSTANTINOP.

3683 370 3785 425 158

2220 487 2433 558 Ἄγιος,
2461 489 2646 559 ἅγιος,
2677 489 2862 560 ἅγιος.
2898 489 3006 542 Καὶ
3033 489 3066 558 ή
3097 485 3309 559 κραυγὴ
3341 482 3500 538 πάλιν
3529 479 3623 534 τοῦ
3655 479 3789 535 θαύ-

2220 589 2388 642 ματος
2413 574 2542 643 ἡμῖν
2571 574 2766 644 δεῖγμα
2792 573 3044 643 μέγιστον
3066 587 3080 600 ·
3107 570 3225 623 οὑδέ
3254 569 3360 639 γὰρ
3383 565 3567 628 ἁπλῶς
3588 565 3789 635 ὑμνοῦ-

2225 671 2329 717 σιν,
2368 654 2501 708 ἀλλά
2546 656 2681 724 μετά
2730 655 2973 724 κραυγῆς
3024 653 3284 723 ἰσχυρᾶς·
3338 651 3430 702 καὶ
3483 647 3600 700 οὑδέ
3650 645 3790 714 μετά

2223 737 2462 806 κραυγῆς
2492 737 2695 802 ἁπλῶς,
2719 737 2850 790 ἀλλά
2882 737 2973 790 καὶ
3000 734 3259 804 διηνεκῶς
3282 733 3438 785 τοῦτο
3461 729 3684 783 ποιοῦσι.
3705 726 3790 781 Τὰ

2225 819 2324 888 μὲν
2356 821 2465 891 γάρ
2506 819 2730 892 λαμπρά
2759 820 2864 872 τῶν
2894 819 3178 888 σωμάτων,
3207 816 3308 870 κάν
3338 814 3453 885 μεθ’
3487 810 3791 889 ὑπερϐολῆς

2222 897 2253 970 ᾗ
2280 901 2524 972 λαμπρὰ,
2555 903 2674 955 τότε
2702 905 2847 973 ἡμᾶς
2893 903 3048 972 μόνον
3077 900 3393 970 ἐκπλήττειν
3423 896 3629 959 εἴωθεν,
3659 895 3792 946 ὅταν

2221 985 2435 1054 πρῶτον
2469 987 2644 1039 αὑτῶν
2672 990 2790 1049 ταῖς
2830 987 3014 1054 ὄψεσιν
3059 980 3607 1053 ἀντιλαμϐανώμεθα·
3642 981 3792 1031 ἐπει-

2220 1066 2314 1120 δὰν
2354 1068 2410 1120 δὲ
2455 1069 2610 1122 πλέον
2661 1069 2837 1121 αὑτῶν
2889 1067 3311 1137 ἐνδιατρίψωμεν
3356 1067 3422 1133 τῇ
3470 1061 3693 1133 θεωρίᾳ,
3719 1064 3788 1130 τῇ

2222 1150 2475 1221 συνηθείᾳ
2503 1153 2562 1204 τὸ
2595 1151 2776 1221 θαῦμα
2793 1151 3156 1219 ’καταλύομεν,
3187 1148 3292 1202 τῶν
3320 1145 3606 1216 ὀφθαλμῶν
3634 1143 3790 1213 ἡμῶν

2221 1234 2699 1305 ἐμμελετησάντων
2741 1234 2922 1288 λοιπὸν
2952 1235 3062 1296 τοῖς
3105 1232 3337 1302 σώμασι.
3373 1229 3471 1282 Διὰ
3511 1229 3666 1280 τοῦτο
3693 1225 3788 1278 καὶ

2220 1317 2402 1369 εἰκόνα
2447 1317 2722 1386 βασιλικὴν
2753 1320 2874 1386 ἄρτι
2925 1317 3022 1386 μὲν
3071 1315 3416 1370 ἀνατεθείσαν
3447 1314 3539 1366 καὶ
3567 1310 3789 1380 φαιδρὸν

2221 1401 2328 1453 ἀπὸ
2371 1401 2474 1453 τῶν
2525 1403 2826 1472 χρωμάτων
2881 1400 3194 1454 στίλϐουσαν
3244 1399 3457 1459 ἰδόντες,
3494 1393 3791 1463 ἐκπληττό-

2224 1483 2388 1553 μεθα·
2428 1487 2564 1554 μετά
2585 1485 2640 1536 δὲ
2671 1485 2798 1553 μίαν
2827 1484 2918 1536 καὶ
2947 1482 3200 1554 δευτέραν
3224 1482 3432 1552 ἡμέραν
3452 1479 3631 1530 οὐκέτι
3659 1477 3792 1528 θαυ-

2224 1567 2530 1636 μάζομενιι.
2560 1569 2665 1620 Καὶ
2712 1567 2763 1618 τί
2801 1566 2943 1634 λέγω
2972 1566 3153 1636 είκρνα
3195 1564 3497 1635 βασιλικὴν,
3541 1563 3673 1614 ὃπου
3725 1577 3791 1626 γε

2220 1651 2314 1704 καὶ
2341 1652 2425 1704 ἐπ’
2454 1651 2628 1704 αὑτῶν
2653 1651 2760 1702 τῶν
2791 1651 3020 1703 ἀκτίνων
3045 1627 3142 1702 ἓοῦ
3173 1648 3318 1719 ἡλίου
3349 1647 3503 1700 τοῦτο
3530 1645 3659 1697 αὐτὸ
3693 1661 3793 1695 πε-

2221 1734 2508 1805 πόνθαμεν,
2538 1727 2611 1786 ὧν
2661 1733 2810 1785 οὐδὲν
2855 1732 3048 1801 γένοιτ’
3078 1732 3143 1784 ἂν
3189 1730 3536 1800 φαιδρότερον
3587 1728 3789 1794 σῶμας

2221 1818 2403 1881 Οὕτως
2446 1819 2535 1870 ἐπὶ
2562 1818 2668 1870 τῶν
2699 1817 2961 1887 σωμάτων
2993 1816 3299 1884 ἀπάντωνὴ
3338 1812 3589 1882 συνήθεια
3622 1827 3793 1862 κατα-

2219 1901 2333 1953 λύει
2360 1889 2420 1953 τὸ
2446 1901 2626 1970 θαῦμα
2646 1917 2659 1930 ·
2689 1901 2782 1952 ἐπὶ
2805 1899 2859 1951 δὲ
2888 1900 2985 1970 τῆς
3015 1897 3108 1952 τοῦ
3139 1897 3273 1950 Θεοῦ
3299 1897 3453 1966 δόξης
3475 1896 3570 1963 οὑχ
3590 1892 3788 1955 οὓτως,

2220 1977 2353 2038 ἀλλά
2401 1987 2504 2038 πᾶν
2559 1985 3052 2038 τοὺναντίον.”οσον
3095 1982 3202 2054 γὰρ
3253 1975 3678 2050 ἐνδιατρίϐουσιί
3718 1979 3790 2048 τῇ

2221 2067 2420 2139 θεωρία
2447 2069 2541 2138 τῆς
2563 2066 2718 2136 δόξης
2746 2068 2957 2136 ἐκείνης
2982 2069 3035 2118 αἱ
3063 2066 3316 2134 δυνάμεις
3336 2055 3512 2124 αὗται,
3535 2059 3793 2113 τοσοῦτον

2223 2151 2418 2222 μᾶλλον
2449 2150 2843 2217 ἐκπλήττονται
2875 2151 2970 2202 καὶ
2998 2148 3318 2201 ἐπιτείνουσι
3356 2146 3414 2198 τὸ
3448 2144 3628 2213 θαῦμα
3651 2159 3663 2170 ·
3698 2141 3795 2194 διὰ

2219 2236 2372 2287 τοῦτο
2404 2236 2494 2286 καὶ
2521 2232 2578 2296 ἐξ
2605 2229 2664 2288 οὗ
2699 2231 2845 2303 [Ml]
2874 2233 3125 2301 γεγόνασι
3159 2232 3317 2302 μέχρι
3344 2228 3437 2281 νῦν
3457 2227 3658 2298 ὁρῶσαι
3687 2225 3794 2296 τὴν

2218 2319 2372 2384 δόξαν
2402 2317 2632 2386 ἐκείνην.
2670 2317 2932 2386 μηδέποτε
2957 2314 2970 2365 i
3012 2315 3312 2369 ἐπαύσαντο
3341 2311 3456 2382 μετ’
3479 2310 3795 2377 ἐκπλήξεως

2221 2402 2445 2472 βοῶσαι·
2481 2401 2590 2453 ἀλλ’
2625 2402 2758 2470 ὅπερ
2793 2402 2950 2472 ἡμεῖς
2983 2400 3261 2468 πάσχομεν
3294 2399 3350 2450 ἐν
3379 2395 3568 2466 βραχεῖ
3609 2394 3794 2463 καιρῷ

2218 2486 2354 2538 κατά
2401 2485 2506 2537 τῶν
2546 2485 2718 2554 ὄψεων
2764 2484 2918 2554 ἡμῶν
2964 2483 3247 2554 ἀστραπῆς
3277 2479 3598 2550 φερομένης,
3631 2477 3796 2530 τοῦτο

2218 2568 2416 2620 ἐκεῖναι
2465 2567 2724 2637 διηνεκῶς
2768 2565 3116 2636 ὑπομένουσι,
3153 2565 3246 2616 καὶ¹
3296 2562 3586 2623 ἀπαύστως
3648 2563 3795 2630 μετά

2217 2667 2357 2712 τινος
2391 2651 2581 2720 ἡδονῆς
2613 2649 2671 2701 τὸ
2705 2649 2887 2719 θαῦμα
2915 2649 3114 2718 έχουσι.
3144 2647 3252 2699 Καὶ
3279 2647 3384 2716 γάρ
3408 2645 3466 2697 οὑ
3507 2644 3661 2713 μόνον
3693 2661 3794 2695 κε-

2218 2735 2503 2803 κράγασιν,
2539 2732 2673 2786 ἀλλά
2707 2735 2798 2786 καὶ
2820 2733 2956 2803 πρὸς
2983 2731 3241 2802 ἀλλήλους
3264 2729 3420 2783 τοῦτο
3464 2725 3726 2788 ποιοῦσιν,
3757 2727 3796 2780 ὃ

2215 2818 2312 2887 τῆς
2356 2818 2744 2886 ἐπιτεταμένης
2791 2815 3104 2887 ἐκπλήξεως
3153 2813 3376 2885 σημεῖόν
3432 2813 3596 2864 ἐστιν.
3628 2810 3804 2864 Οὕτω

2216 2902 2308 2954 καὶ
2357 2903 2535 2972 ἡμεῖς,
2587 2899 2811 2970 βροντῆς
2861 2895 3478 2970 καταρῤηγνυμένης,ἢ
3529 2895 3627 2962 τῆς
3681 2894 3796 2962 γῆς

2215 2985 2514 3055 σειομένης,
2543 2982 2601 3035 οὑ
2637 2983 2794 3052 μόνον
2830 2983 3190 3052 ἁναπηδῶμεν
3223 2981 3312 3034 καὶ
3353 2979 3560 3049 βοῶμεν
3579 2978 3625 3038 Ιί,
3649 2978 3795 3030 ἀλλὰ

2215 3070 2308 3122 καὶ
2351 3069 2484 3140 πρὸς
2533 3068 2794 3139 ἀλλήλους
2842 3067 3252 3136 καταφεύγομεν
3298 3066 3354 3117 ἐν
3403 3066 3521 3125 ταῖς
3564 3063 3790 3124 οἰκίαις.

2215 3151 2383 3205 Τοῦτο
2411 3153 2505 3206 καὶ
2534 3153 2600 3206 τά
2643 3152 2920 3221 Σεραφεὶμ
2953 3153 3127 3203 ποιεῖ’
3161 3149 3253 3202 καὶ
3286 3147 3374 3200 διά
3400 3146 3553 3200 τοῦτο
3599 3147 3796 3218 ἕτερος

2213 3237 2348 3306 πρὸς
2377 3236 2464 3287 τὸν
2491 3237 2674 3307 ἕτερον
2703 3237 2990 3305 κέκραγεν,
3024 3235 3232 3304 Ἄγιος,
3271 3232 3453 3301 ἅγιος.
3487 3231 3671 3300 ἅγιος.

2284 3327 2350 3388 γ’.
2364 3315 2506 3390 Ἀρα
2530 3319 2798 3386 ἐπέγνωτε
2816 3317 2912 3388 τὴν
2932 3318 3112 3387 φωνὴν
3126 3317 3325 3384 ταύτην
3347 3333 3361 3380 ;
3400 3311 3506 3384 ἄρα
3539 3314 3796 3384 ἡμετέρα

2212 3405 2374 3468 ἐστὶν,
2412 3403 2443 3472 ἢ
2475 3402 2580 3455 τῶν
2612 3402 2918 3471 Σεραφείμ;
2951 3401 3058 3453 Καὶ
3087 3399 3328 3470 ἡμετέρα
3359 3399 3448 3452 καὶ
3472 3399 3578 3450 τῶν
3613 3399 3796 3467 Σερα-

2213 3488 2363 3557 φεὶμ,
2396 3487 2480 3539 διὰ
2506 3486 2596 3538 τὸν
2618 3486 2847 3554 Χριστὸν
2871 3485 2959 3537 τὸν
2989 3484 3242 3537 ἀνελόντα
3266 3483 3326 3535 τὸ
3354 3483 3662 3551 μεσότοιχον
3686 3482 3794 3535 τοῦ

2212 3569 2485 3640 φραγμοῦ,
2519 3570 2609 3620 καὶ
2633 3569 3112 3637 εἰρηνοποιήσαντα
3138 3566 3205 3618 τὰ
3234 3568 3290 3618 ἐν
3324 3567 3570 3635 οὐρανοῖς
3600 3565 3692 3616 καὶ
3713 3567 3795 3618 τὰ

2211 3657 2303 3707 ἐπὶ
2332 3655 2426 3723 τῆς
2456 3653 2576 3722 γῆς,
2601 3651 2687 3704 διά
2711 3652 2800 3704 τὸν
2831 3653 3127 3722 ποιήσαντα
3152 3651 3218 3703 τὰ
3240 3651 3521 3720 ἀμφότερα
3543 3649 3616 3702 ἐν.
3652 3650 3798 3719 Πρό-

2209 3755 2362 3808 τερον
2395 3737 2490 3805 μὲν
2533 3735 2639 3804 γὰρ
2684 3735 2742 3786 ἐν
2785 3738 2892 3797 τοῖς
2923 3735 3168 3804 οὐρανοῖς
3196 3727 3350 3796 οὗτος
3383 3733 3534 3802 ᾔδετο
3567 3733 3725 3801 μόνον
3761 3737 3794 3786 ό

2211 3820 2402 3890 ὕμνος·
2438 3819 2618 3890 ἐπειδὴ
2653 3819 2708 3870 δέ
2735 3818 2988 3887 ἐπιϐῆναι
3016 3817 3113 3886 τῆς
3140 3817 3240 3885 γῆς
3267 3815 3597 3884 κατηξίωσεν
3627 3817 3657 3866 ό
3681 3818 3792 3867 Δε-

2211 3905 2433 3974 σπότης,
2465 3904 2558 3955 καὶ
2602 3902 2699 3972 τὴν
2750 3901 3009 3970 μελῳδίαν
3057 3899 3261 3969 ταύτην
3311 3903 3606 3969 κατήνεγκε
3643 3899 3794 3968 πρὶς
3831 3963 3848 3980 ο

2209 3989 2373 4057 ἡμᾶς.
2403 3985 2499 4038 Διά
2525 3984 2681 4037 τοῦτο
2709 3985 2800 4037 καὶ
2829 3985 2856 4035 6
2893 3984 3064 4054 μέγας
3106 3978 3257 4044 οὗτος
3298 3983 3603 4052 ἀρχιερεὺς,
3630 3983 3794 4034 ἐπει-

2208 4070 2304 4122 δὰν
2337 4069 2427 4121 ἐπὶ
2451 4070 2547 4137 τῆς
2592 4067 2749 4134 ἁγίας
2776 4067 2976 4136 ταύτης
3007 4067 3209 4136 ἐστήκῃ
3235 4065 3527 4136 τραπέζης,
3556 4065 3653 4133 τὴν
3694 4065 3794 4118 λο-

2209 4151 2366 4222 γικὴν
2384 4151 2669 4221 ἀναφέρων
2692 4149 2963 4220 λατρείαν,
2982 4148 3079 4219 τὴν
3103 4148 3430 4216 ἀναίμακτον
3456 4148 3792 4217 προσφέρων

2210 4233 2416 4297 θυσίαν,
2448 4235 2544 4303 οὑχ
2590 4232 2774 4294 ἁπλῶς
2821 4233 2965 4302 ἡμᾶς
2997 4233 3088 4283 ἐπὶ
3134 4231 3232 4300 τὴν
3276 4230 3548 4298 εὐφημίαν
3575 4230 3792 4300 ταύτην

2211 4317 2382 4380 καλεῖ,
2409 4317 2542 4370 ἀλλά
2569 4315 2827 4387 πρότερον
2872 4316 2939 4366 τὰ
2986 4313 3292 4384 Χερουϐεὶμ
3319 4312 3504 4370 εἰπὼν.
3539 4313 3631 4364 καὶ
3668 4315 3791 4365 τίειν

2210 4399 2485 4469 Σεραφεὶμ
2540 4399 2873 4469 ἀναμνήσας,
2932 4397 3073 4448 οὕτω
3128 4395 3553 4466 παρακελεύεται
3612 4397 3794 4447 πᾶσιν

2208 4480 2522 4550 ἀναπέμψαι
2559 4480 2655 4550 τὴν
2705 4479 3141 4551 φρικωδεστάτην
3171 4478 3370 4548 φωνὴν,
3403 4479 3467 4548 τῇ
3512 4477 3619 4529 τῶν
3650 4495 3794 4546 συγ-

2208 4562 2574 4632 χορευόντωνι
2613 4565 2796 4634 μνήμῃ
2833 4562 2929 4633 τὴν
2965 4563 3198 4614 διάνοιαν
3227 4560 3383 4631 ἡμῶν
3411 4560 3516 4612 ἀπὸ
3549 4561 3644 4628 τῆς
3676 4562 3793 4630 γῆς

2209 4645 2484 4710 ἀνασπῶν,
2520 4647 2612 4698 καὶ
2663 4646 2940 4714 μονονουχὶ
2985 4645 3122 4714 βοῶν
3156 4645 3290 4712 πρὸς
3324 4644 3551 4696 ἕκαστον
3593 4645 3791 4712 ἡμῶν,

2208 4730 2301 4781 καὶ
2328 4727 2528 4796 λέγων·
2560 4730 2694 4799 μετά
2727 4729 2833 4781 τῶν
2865 4730 3139 4799 Σεραφεὶμ
3177 4728 3340 4798 ᾄδεις,
3375 4728 3510 4797 μετά
3537 4728 3645 4779 τῶν
3680 4730 3793 4780 Σε-

2211 4812 2415 4882 ραφεὶμ
2464 4808 2638 4880 στῆθι,
2673 4814 2789 4882 μετ’
2815 4813 3034 4865 ἐκείνων
3066 4812 3161 4874 τὰς
3197 4813 3469 4881 πτέρυγας
3521 4813 3792 4879 πέτασον,

2210 4894 2324 4964 μετ’
2360 4895 2576 4947 ἐκείνων
2604 4896 2927 4964 περιίπτασο
2954 4897 3043 4947 τὸν
3073 4893 3257 4965 θρόνον
3282 4895 3372 4947 τὸν
3407 4896 3702 4962 βασιλικόν.

2278 4979 2382 5031 Kal.
2413 4978 2465 5030 τί
2492 4977 2818 5048 θαυμαστὸν,
2845 4980 2892 5030 εί
2922 4979 3056 5048 μετά
3083 4978 3187 5030 τῶν
3217 4978 3490 5049 Σεραφεὶμ
3513 4980 3794 5048 ἕστηκας,

2205 5062 2336 5114 ὅπου
2377 5079 2440 5131 γε
2473 5057 2546 5114 ὧν
2587 5063 2685 5113 οὑκ
2731 5061 3026 5132 ἐτόλμησεν
3075 5061 3308 5130 ἅψασθαι
3357 5063 3423 5114 τά
3470 5063 3791 5132 Σεραφεὶμ,

2204 5145 2378 5198 ταῦτά
2421 5162 2499 5197 σοι
2541 5145 2676 5214 μετὰ
2719 5145 2897 5207 ἀδείας
2931 5145 3126 5198 ἔδωκεν
3165 5148 3192 5198 6
3232 5146 3396 5209 856;;
3441 5147 3792 5216 Ἀπεστιὶ.1η

2206 5230 2316 5298 γὰρ
2357 5230 2506 5295 πρός
2545 5245 2640 5296 με,
2676 5229 2855 5296 φησὶν,
2888 5226 2956 5279 ἓν
2984 5226 3102 5279 τῶν
3130 5230 3434 5296 Σεραςθεὶμ,
3461 5230 3557 5281 καὶ
3608 5227 3799 5298 εἶχεν

2203 5312 2464 5378 ἄνθρακα
2507 5311 2714 5377 πυρὸς,
2746 5310 2818 5362 ὃν
2865 5309 2938 5377 τῇ
2985 5311 3182 5364 λαϐίδι
3232 5312 3449 5365 ἐλαϐεν
3492 5311 3613 5365 ἀπὸ
3665 5314 3797 5368 τοῦ

2259 5533 2286 5560 η
2310 5525 2614 5594 θαυμάζομεν
2647 5531 2755 5586 post
2777 5526 2931 5594 οὐκέτι
2953 5528 3000 5574 in
3020 5527 3169 5577 Savil.
3192 5540 3286 5576 non
3311 5528 3533 5586 habetur,
3559 5536 3612 5577 el
3633 5540 3801 5583 certe

2198 5588 2302 5649 siu_e
2321 5587 2575 5647 dispendio
2609 5592 2914 5647 praetermitti
2944 5596 3121 5649 potest.

2263 5645 2280 5684 ί
2309 5645 2409 5696 Alii
2442 5645 2761 5712 ἐνεδιέτριϐον,
2805 5657 2858 5698 el.
2891 5645 3038 5712 paiulo
3061 5660 3169 5714 post
3207 5652 3536 5708 ἐξεπλήττοντο
3561 5656 3642 5702 καὶ
3666 5656 3801 5706 έπέ-

2195 5723 2359 5757 τεινον.

2263 5770 2278 5819 Ι
2310 5771 2406 5820 Alii
2428 5771 2666 5820 οὐδέποτε.

2261 5832 2285 5898 ξ
2311 5833 2408 5898 filii
2433 5832 2741 5898 ἀναπηδῶμεν
2773 5836 2878 5884 οὑδέ
2903 5837 3105 5898 βοῶμεν.

2263 5891 2279 5930 ι
2311 5894 2444 5942 Unus
2465 5897 2559 5942 τῶν
2582 5891 2922 5960 συγχορευτῶν.
2963 5891 3072 5948 Mox
3113 5897 3197 5949 alii
3217 5904 3302 5960 γῆς
3325 5897 3595 5947 ἀνασπάσαι
3617 5914 3802 5951 σπου-

2198 5956 2349 6012 δάζων
2371 5957 2632 6018 μονονουχί.
