3992 6300
275 421 361 477 l3?

274 539 392 595 dixit
420 536 680 608 primum,
703 550 944 613 quaenam
965 534 1239 605 Seraphim
1266 542 1465 599 essent,
1496 531 1590 587 sed
1614 529 1704 585 ubi
1731 538 1839 584 sta-

276 638 382 687 rent
435 628 599 684 dixit.
643 628 773 683 Haec
820 628 959 681 enim
1002 627 1226 696 dignitas
1264 623 1434 694 major
1477 631 1558 678 est
1581 622 1690 676 illa.
1720 620 1837 687 Quo

272 721 467 776 tandem
506 720 711 790 pacto?
737 718 888 787 Quod
938 718 1185 771 nimirum
1232 714 1370 769 haud
1399 714 1470 768 ita
1500 713 1829 768 demonstret

273 829 476 884 magnas
522 812 646 867 illas
697 827 817 867 esse
856 811 1112 875 virtutes,
1160 807 1299 879 quod
1347 807 1451 861 sint
1514 803 1833 873 Seraphim,

272 922 413 976 quam
444 905 588 975 quod
620 918 785 973 prope
821 902 1011 957 solium
1038 908 1179 955 stent
1210 899 1430 968 regium.
1475 894 1607 950 Nam
1656 904 1711 949 et
1739 907 1837 947 nos

272 997 379 1050 illos
408 996 699 1050 nobiliores
728 1009 850 1048 esse
894 992 1146 1046 satellites
1174 989 1527 1053 arbitramur,
1555 985 1646 1056 qui
1680 986 1829 1054 juxta

268 1089 435 1158 jugum
465 1087 598 1158 regii
626 1102 819 1141 currus
848 1084 1117 1139 incedunt.
1160 1082 1235 1137 Ita
1264 1095 1473 1152 quoque
1492 1080 1743 1133 virtutum
1775 1076 1835 1129 il-

271 1180 425 1234 larum
454 1180 890 1247 incorporearum
920 1174 1239 1229 illustriores
1264 1181 1395 1227 sunt
1418 1171 1541 1232 illae,
1558 1184 1685 1239 qua:
1701 1168 1835 1221 solio

274 1271 355 1325 Dei
374 1280 496 1324 sunt
526 1270 801 1339 proximae.
823 1267 1026 1321 Idcirco
1050 1266 1209 1321 etiam
1235 1263 1491 1333 pr0pheta
1509 1261 1577 1316 de
1603 1259 1833 1315 naturali

275 1377 441 1415 eorum
479 1361 736 1431 dignitate
776 1359 1042 1413 disserere
1079 1356 1367 1420 omittens,
1396 1354 1544 1422 prius
1572 1350 1727 1405 nobis
1767 1349 1833 1403 de
1875 1362 1881 1368 ’

274 1453 361 1507 loci
407 1451 751 1522 praerogativa
791 1447 1043 1513 disserit,
1069 1445 1210 1516 quod
1248 1446 1388 1498 hunc
1416 1442 1669 1512 majorem
1713 1454 1833 1495 esse

276 1544 390 1597 sciat
409 1552 652 1596 ornatum
673 1583 687 1605 ,
713 1549 767 1595 et
790 1540 858 1594 ab
884 1538 990 1602 hoc
1015 1546 1215 1591 naturae
1241 1536 1451 1590 illorum
1490 1530 1834 1599 pulchritudi-

277 1649 386 1687 nem
414 1634 706 1687 dimanare.
732 1632 844 1685 Hoc
868 1630 1011 1684 enim
1036 1627 1202 1698 gloria
1222 1668 1237 1692 ,
1270 1625 1469 1689 honor,
1498 1633 1551 1678 et
1569 1622 1833 1676 securitas

278 1725 454 1789 omnis,
482 1734 541 1777 ut
570 1724 626 1776 in
653 1722 874 1777 circuitu
903 1721 1020 1774 solii
1050 1719 1189 1774 illius
1208 1726 1530 1787 appareant.
1556 1714 1669 1770 Hoc
1696 1723 1751 1769 et
1777 1714 1829 1767 in

280 1816 460 1885 angelis
500 1829 721 1869 cernere
773 1813 895 1866 licet
922 1830 937 1866 :
963 1825 1082 1865 nam
1112 1819 1167 1865 et
1193 1809 1312 1863 illos
1336 1822 1455 1863 esse
1482 1820 1699 1875 magnos
1729 1819 1829 1858 vo-

282 1909 381 1962 lens
405 1905 641 1961 Christus
659 1906 947 1961 ostendere
972 1945 988 1970 ,
1022 1919 1125 1957 non
1155 1918 1250 1958 eos
1282 1900 1501 1971 angelos
1521 1913 1639 1954 esse
1661 1897 1826 1961 dixit,

286 2008 329 2053 et
352 2000 501 2053 tacuit
531 2016 543 2052 :
571 1998 664 2053 sed
686 2039 702 2063 ,
747 1997 879 2062 Quia
924 1996 1093 2067 angeli
1122 2010 1294 2049 eorum
1335 2009 1530 2061 semper
1555 1991 1720 2045 vident
1742 1993 1827 2061 fa-

287 2093 392 2144 ciem
423 2090 586 2145 Patris
617 2090 713 2144 mei
735 2091 821 2160 qui
844 2090 897 2142 in
925 2088 1061 2142 calis
1084 2096 1154 2141 est
1184 2084 1397 2155 (Matth.
1426 2084 1512 2138 18.
1537 2082 1650 2151 10).
1692 2080 1825 2135 Nam

287 2194 334 2238 ut
352 2186 447 2239 illic
470 2184 703 2254 angelica
733 2182 990 2252 dignitate
1012 2182 1184 2249 majus
1206 2188 1287 2233 est
1310 2176 1501 2231 faciem
1537 2174 1708 2229 Patris
1744 2173 1827 2226 vi-

286 2278 424 2332 dere:
454 2278 528 2330 sic
552 2286 605 2330 et
630 2275 885 2345 dignitate
903 2272 1180 2342 Seraphim
1207 2269 1377 2339 majus
1416 2276 1498 2323 est
1526 2268 1577 2320 in
1602 2265 1826 2321 circuitu

290 2379 407 2423 stare
428 2369 572 2431 solii,
603 2377 763 2436 atque
803 2367 856 2439 in
897 2380 1080 2420 eorum
1111 2361 1288 2418 medio
1336 2362 1507 2430 ipsum
1546 2372 1685 2414 esse.
1721 2357 1827 2412 Sed
1864 2352 1870 2359 “

292 2473 333 2517 et
356 2463 445 2516 hoc
485 2476 728 2530 maguum
764 2459 879 2513 ﬁeri
912 2464 1084 2527 potest
1126 2464 1183 2510 ut
1224 2452 1533 2523 adipiscaris
1576 2452 1618 2505 si
1649 2450 1822 2504 velis:

293 2573 377 2610 nou
412 2559 542 2610 enim
587 2565 669 2609 est
704 2554 756 2607 in
805 2551 980 2605 medio
1019 2548 1296 2618 Seraphim
1327 2555 1550 2607 tantum,
1576 2543 1670 2598 sed
1696 2553 1749 2597 et
1774 2543 1828 2596 iu

292 2649 438 2703 medio
464 2648 624 2703 nostri
655 2648 888 2715 ipstirum
910 2685 925 2708 ,
954 2643 998 2698 si
1025 2641 1267 2697 velimus.
1302 2639 1399 2695 Ubi
1419 2640 1548 2692 enim
1574 2645 1689 2691 sunt
1725 2636 1827 2689 duo

295 2739 353 2792 rel
374 2751 456 2792 tres
482 2737 765 2809 congregati
786 2776 801 2800 ,
831 2735 1033 2804 inquit,
1058 2734 1111 2786 in
1137 2732 1335 2786 nomine
1372 2746 1508 2793 meo,
1539 2731 1606 2782 ibi
1634 2744 1745 2781 sum
1773 2727 1828 2781 in

294 2832 599 2885 mediaeorum
617 2830 830 2900 (Matth.
856 2827 1076 2898 18.20);
1106 2835 1180 2894 et,
1198 2824 1444 2880 Dominus
1468 2826 1615 2894 juxta
1639 2832 1709 2878 est
1727 2822 1790 2875 iis
1807 2864 1823 2890 ,

294 2924 361 2991 qui
377 2926 568 2976 contrito
587 2933 706 2977 sunt
731 2923 899 2989 corde,
923 2932 969 2975 et
989 2921 1199 2974 humiles
1221 2920 1402 2987 spiritu
1421 2917 1631 2971 salvabit
1654 2915 1820 2986 (Psal.

295 3016 366 3070 55.
384 3017 477 3085 l9).
497 3016 781 3085 Pr0pterea
804 3016 996 3070 clamat
1013 3013 1171 3069 etiam
1197 3012 1393 3067 Paulus
1422 3028 1435 3063 :
1468 3011 1596 3077 Qua:
1625 3024 1825 3064 sursum

293 3119 386 3160 sunt
408 3110 588 3177 sapite,
637 3109 720 3161 ubi
769 3106 995 3161 Christus
1040 3113 1110 3159 est
1156 3105 1209 3157 in
1256 3104 1464 3158 dextera
1507 3101 1605 3155 Dei
1651 3100 1826 3153 sedens

293 3196 475 3265 (ϐρίσει.
505 3200 556 3254 5.
585 3198 665 3267 2).
699 3197 862 3251 Vides
894 3205 949 3250 ut
978 3210 1076 3250 nos
1103 3209 1222 3249 cum
1254 3192 1531 3261 Seraphim
1558 3191 1824 3256 statuerit,

290 3299 334 3340 ct
349 3290 478 3357 juxta
505 3290 705 3359 regium
748 3288 938 3342 solium
967 3284 1284 3341 deduxerit?
1326 3282 1528 3338 Deinde
1569 3280 1780 3349 subjicit
1810 3298 1823 3336 :

289 3381 377 3437 Sex
400 3383 487 3438 alie
510 3384 624 3448 uni,
656 3392 703 3436 et
728 3398 819 3436 sea:
846 3381 943 3434 alte
960 3380 1102 3434 alteri
1128 3379 1148 3451 (
1168 3377 1295 3434 Isai.
1324 3378 1377 3433 6.
1404 3376 1481 3448 9).
1511 3375 1644 3444 Quid
1674 3375 1828 3431 nobis

288 3471 353 3527 lue
385 3489 470 3527 sex
509 3473 604 3527 alie
646 3471 962 3542 designant?
1001 3469 1343 3523 Altitudiuem
1365 3510 1379 3533 ,
1408 3466 1822 3531 sublimitatem,

288 3562 554 3627 levitatem,
578 3563 905 3618 celeritatem
934 3572 1237 3614 naturarum
1277 3559 1509 3613 illarum.
1542 3558 1825 3626 Propterea

286 3654 469 3709 Gabriel
494 3671 703 3725 quoque
743 3653 1017 3709 descendit
1054 3652 1260 3717 alatus,
1287 3666 1391 3705 non
1423 3648 1562 3721 quod
1600 3649 1698 3704 alis
1742 3649 1824 3702 in-

283 3756 457 3801 structa
485 3749 555 3801 sit
579 3748 893 3816 incorporea
922 3745 1008 3799 illa
1039 3752 1259 3809 natura,
1303 3741 1399 3797 sed
1425 3740 1565 3811 quod
1590 3739 1657 3794 ab
1684 3740 1829 3793 altis-

283 3839 410 3892 simis
438 3842 454 3871 ¹
483 3840 611 3894 locis
640 3839 745 3893 illis
787 3836 1159 3902 descenderit,
1190 3850 1253 3889 ac
1288 3835 1530 3904 supernis
1570 3834 1671 3887 illis
1699 3848 1827 3887 con-

283 3932 500 3985 rentibus
516 3931 711 3985 relictis
725 3930 1016 3984 advenerit.
1036 3928 1168 3997 Quid
1188 3938 1364 3982 autem
1383 3928 1480 3981 sibi
1497 3927 1608 3981 vult
1626 3927 1828 3981 alarum

279 4023 547 4077 numerus?
588 4022 701 4076 Hoc
740 4022 859 4075 loco
902 4030 1081 4075 nostra
1126 4020 1564 4089 interpretatione
1592 4017 1721 4071 nihil
1750 4026 1832 4071 est

280 4128 437 4183 Opus:
468 4117 694 4184 seipsam
725 4115 864 4168 enim
893 4113 1061 4167 oratio
1091 4115 1219 4167 satis
1253 4111 1530 4181 exposuit,
1560 4125 1681 4165 cum
1712 4110 1830 4163 illa-

283 4222 384 4260 rum
429 4207 579 4261 nobis
622 4221 778 4261 usum
827 4206 1078 4260 indicavit
1108 4220 1122 4258 :
1155 4204 1365 4259 Duabus
1407 4204 1548 4259 enim
1575 4245 1589 4269 ,
1623 4204 1828 4272 inquit,

281 4299 545 4366 aperiebant
564 4299 749 4367 [aciem
785 4314 961 4364 suam;
989 4297 1206 4364 merito,
1232 4305 1495 4365 tamquam
1522 4294 1705 4348 oculos
1729 4294 1829 4347 du-

287 4390 390 4452 plici
418 4389 644 4459 quodam
676 4400 826 4459 septo
851 4388 1150 4443 munientes
1172 4429 1187 4452 ,
1234 4387 1371 4457 quod
1404 4386 1735 4441 exsilientem
1765 4385 1830 4439 ab

294 4480 372 4533 illa
390 4482 552 4551 gloria
581 4481 839 4550 fulgorem
869 4480 1087 4534 minime
1111 4477 1327 4533 ferrent.
1358 4477 1423 4531 Et
1447 4477 1644 4529 duabus
1680 4476 1829 4546 pedes

290 4574 554 4644 obtegebant
578 4614 591 4638 ,
622 4574 693 4629 ob
716 4571 957 4628 eamdem
988 4573 1123 4627 forte
1150 4570 1650 4625 consternationem.
1679 4568 1831 4621 Sole-

292 4682 390 4721 mus
416 4669 607 4738 quippe
626 4681 726 4721 nos
748 4667 1058 4729 etiam,cum
1075 4671 1263 4729 stupor
1279 4661 1473 4730 aliquis
1493 4676 1591 4716 nos
1622 4661 1831 4715 invase-

295 4758 380 4821 rit,
407 4774 595 4828 corpus
632 4758 776 4814 omni
805 4772 869 4813 ex
916 4764 1066 4826 parte
1110 4763 1411 4823 contegere.
1465 4753 1600 4821 Quid
1640 4769 1832 4822 corpus

300 4847 425 4913 dico,
451 4864 567 4904 cum
597 4861 653 4904 et
678 4849 776 4919 ipsi
800 4850 993 4903 animae
1022 4847 1125 4901 hoc
1151 4847 1427 4915 contingat
1467 4846 1519 4899 in
1548 4846 1836 4914 apparitio-

305 4941 431 4995 nibus
456 4958 569 5012 qum
594 4941 808 4996 modum
832 4940 1127 5002 excedunt,
1158 4949 1210 4993 et
1254 4940 1511 5007 repressis
1539 4938 1835 4993 actionibus

310 5032 394 5084 suis
416 5032 474 5087 ad
508 5032 750 5086 inferiora
787 5030 1091 5100 confugiat,
1118 5044 1281 5100 seque
1317 5043 1541 5098 corpore
1568 5039 1837 5098 tamquam

314 5122 439 5187 pallio
464 5122 681 5192 quodam
703 5121 985 5177 obvolvat?
1008 5118 1381 5174 Verumtamen
1405 5134 1560 5173 nemo
1586 5135 1705 5174 cum
1730 5129 1839 5172 stu-

317 5224 464 5279 porem
482 5224 535 5269 et
551 5214 1032 5269 consternationem
1059 5211 1223 5277 audit,
1253 5212 1457 5265 tristem
1480 5210 1709 5279 aliquem
1736 5209 1840 5265 illis

316 5304 573 5375 ingenerari
615 5308 855 5362 timorem
889 5305 1220 5360 arbitretur:
1249 5302 1514 5373 siquidem
1559 5302 1682 5358 huic
1707 5318 1839 5357 con-

319 5402 585 5457 sternationi
615 5401 873 5455 immensa
911 5397 1155 5469 quaedam
1184 5396 1428 5466 voluptas
1457 5406 1537 5450 est
1575 5396 1835 5451 admixta.

320 5488 495 5548 Duabus
518 5505 677 5549 autem
701 5492 958 5547 volabant.
990 5492 1055 5546 Et
1078 5491 1180 5545 hoc
1205 5490 1458 5546 indicium
1487 5500 1568 5545 est
1594 5505 1687 5544 eos
1714 5491 1842 5543 sub-

319 5581 436 5639 limia
455 5603 649 5659 semper
675 5596 948 5658 appetere,
970 5599 1071 5640 nec
1094 5600 1342 5654 umquam
1384 5583 1634 5637 deorsum
1670 5583 1841 5651 respi-

319 5688 434 5732 tere.
459 5678 518 5733 Et
541 5680 782 5735 clamabat
806 5678 938 5732 alter
963 5678 1032 5731 ad
1059 5676 1272 5732 alterum
1296 5719 1311 5743 ,
1342 5677 1579 5741 Sanctus,
1612 5687 1836 5742 sanctus,

369 5815 385 5844 ¹
411 5814 492 5877 Alii
516 5818 582 5867 sic
619 5817 801 5868 habent
824 5830 943 5877 :A..._.
963 5812 1050 5877 illa
1078 5820 1267 5873 natura,
1306 5812 1392 5864 sed
1418 5820 1465 5863 ut
1488 5818 1647 5863 notum
1668 5815 1846 5877 faceret

320 5876 525 5938 Pmpheta:
546 5880 664 5943 quod
684 5880 747 5929 ab
770 5875 1036 5936 altissimis,
1061 5885 1154 5925 etc.

1212 417 1281 473 1N
1316 415 1537 483 ILLUD,
1579 414 1713 471 VIDI
1752 409 2077 481 DOMINUM,
2117 411 2347 469 HOMIL.
2391 412 2479 468 Vl.

3426 410 3527 468 133

1945 536 2148 583 sanctus
2181 526 2351 600 (Isai.
2383 526 2441 583 6.
2478 526 2572 599 5).
2604 526 2671 582 Et
2700 526 2815 597 ipse
2839 526 3041 583 clamor
3066 539 3250 582 rursus
3287 526 3520 582 admira~

1947 620 2104 674 tionis
2129 620 2381 675 indicium
2421 620 2575 675 nobis
2600 628 2684 675 est
2711 617 3001 675 maximum
3026 637 3041 673 :
3072 633 3178 675 non
3217 628 3356 675 enim
3385 636 3522 689 quo-

1945 713 2025 768 vis
2050 712 2212 768 modo
2241 714 2529 769 concinunt
2558 714 2811 785 hymnum
2837 754 2853 777 ,
2890 713 2984 769 sed
3009 728 3130 768 cum
3156 713 3393 768 clamore
3422 728 3514 767 va-
3538 732 3549 745 ι

1946 804 2073 870 lido;
2117 820 2289 874 neque
2315 820 2436 859 cum
2464 804 2702 859 clamore
2728 803 3073 873 simpliciter,
3106 804 3201 859 sed
3229 812 3283 859 et
3310 820 3524 875 semper

1944 896 2045 952 hoc
2069 897 2328 952 factitant.
2354 895 2487 951 Nam
2516 894 2798 967 splendida
2822 896 3032 965 quidem
3059 911 3306 966 corpora,
3334 913 3519 967 quam-

1943 991 2021 1045 vis
2062 1005 2224 1059 supra
2266 990 2481 1045 modum
2507 990 2613 1045 sint
2640 987 2911 1058 splendida
2933 1030 2948 1054 ,
2978 998 3087 1044 tum
3115 992 3286 1046 solum
3316 1007 3413 1045 nos
3452 992 3517 1045 ad

1941 1081 2344 1137 admirationem
2371 1081 2546 1135 solent
2572 1080 2871 1148 traducere,
2893 1094 3013 1134 cum
3039 1096 3099 1134 ea
3129 1082 3359 1151 primum
3386 1098 3519 1135 ocu-

1942 1174 2005 1227 lis
2033 1173 2465 1242 usurpaverimus
2493 1188 2506 1224 :
2539 1187 2659 1227 cum
2702 1186 2832 1225 vero
2857 1170 3127 1226 multotics
3154 1174 3519 1241 contemplan-

1938 1265 2021 1319 dis
2051 1264 2153 1318 illis
2190 1263 2459 1317 immorati
2493 1262 2747 1317 fuerimus
2767 1303 2782 1326 ,
2815 1261 3099 1315 admiratio
3130 1262 3514 1316 consuetudine

1939 1355 2156 1418 tollitur,
2183 1354 2269 1409 ubi
2299 1370 2359 1408 se
2390 1353 2693 1423 spectandis
2718 1352 2821 1405 illis
2840 1352 3151 1421 corporibus
3195 1354 3332 1406 oculi
3357 1353 3514 1407 dein-

1936 1461 2061 1516 ceps
2104 1446 2463 1500 exercuerim.
2497 1446 2786 1515 Propterea
2824 1459 2946 1500 cum
2988 1445 3188 1514 regiam
3219 1445 3513 1514 imaginem

1936 1553 2123 1593 recens
2152 1539 2378 1607 positam
2411 1537 2684 1606 multoque
2708 1537 2947 1591 colorum
2976 1536 3261 1605 splendore
3307 1538 3515 1608 fulgen-

1938 1641 2040 1685 tem
2073 1631 2342 1684 intuemur
2363 1669 2380 1695 ,
2410 1627 2837 1697 obstupescimus
2865 1646 2879 1681 :
2910 1636 3028 1697 post
3058 1643 3221 1681 unum
3252 1638 3428 1682 autem
3456 1638 3513 1682 et

1933 1724 2160 1778 alterum
2184 1722 2324 1777 diem
2352 1736 2459 1775 non
2485 1720 2596 1792 jam
2626 1720 2852 1790 amplius
2882 1719 3230 1774 admiramur.
3279 1720 3346 1774 Et
3382 1720 3508 1789 quid

1934 1816 2053 1869 dico
2078 1814 2278 1885 regiam
2301 1813 2608 1883 imaginem,
2635 1827 2757 1866 cum
2782 1811 2833 1865 in
2854 1822 3072 1881 aspectu
3095 1811 3361 1865 radiorum
3383 1811 3511 1866 solis

1934 1907 2036 1962 hoc
2061 1907 2238 1977 ipsum
2260 1907 2413 1961 nobis
2439 1906 2663 1968 accidat,
2686 1904 2878 1974 quibus
2900 1904 3099 1958 nullum
3117 1919 3311 1974 corpus
3333 1904 3514 1973 splen-

1931 1996 2108 2052 didius
2136 1998 2361 2051 inveniri
2390 1996 2609 2065 potest?
2639 1996 2725 2051 Sic
2754 1997 2990 2050 omnium
3020 2011 3305 2065 corporum
3333 1999 3509 2051 admi-

1932 2089 2191 2143 rationem
2224 2088 2360 2142 tollit
2380 2085 2711 2142 consuetudo
2743 2104 2756 2140 :
2788 2084 2882 2140 sed
2915 2086 2967 2139 in
2992 2086 3087 2140 Dei
3111 2086 3278 2157 gloria
3306 2103 3410 2141 non
3438 2089 3510 2142 ita

1933 2181 2018 2245 fit,
2051 2189 2107 2234 at
2136 2179 2291 2250 plane
2315 2178 2665 2234 contrarium.
2710 2170 2926 2238 Quamo
2994 2177 3138 2233 enim
3166 2178 3335 2249 magis
3364 2179 3510 2233 illius

1930 2275 2111 2343 gloria:
2164 2274 2604 2343 contemplationi
2666 2273 2893 2328 virtutes
2956 2273 3312 2339 immorantur
3357 2274 3505 2339 istae,

1933 2374 2077 2419 tanto
2098 2365 2265 2435 magis
2294 2365 2699 2434 obstupescunt,
2732 2372 2786 2419 et
2806 2363 3219 2419 admirationem
3245 2380 3396 2420 suam
3427 2369 3507 2419 in-

1932 2458 2155 2512 tendunt
2186 2474 2199 2510 :
2225 2472 2381 2527 quam
2409 2458 2481 2511 ob
2510 2472 2725 2512 causam
2752 2499 2767 2524 ,
2793 2472 2860 2513 ex
2886 2472 2993 2528 quo
3032 2472 3154 2513 esse
3196 2470 3472 2529 coeperunt
3490 2501 3505 2518 .

1929 2548 1995 2603 ad
2027 2549 2167 2603 hunc
2214 2564 2383 2618 usque
2419 2547 2559 2603 diem
2606 2548 2829 2619 gloriam
2878 2549 3019 2603 illam
3057 2548 3355 2615 intuentes,
3384 2565 3506 2605 cum

1927 2648 2147 2711 stupore
2195 2640 2427 2695 clamare
2477 2655 2580 2694 non
2626 2640 2992 2695 cessantzsed
3036 2640 3177 2711 quod
3219 2641 3269 2694 in
3314 2642 3509 2711 exiguo

1930 2733 2184 2805 temporis
2213 2733 2385 2803 Spatio
2408 2733 2562 2788 nobis
2583 2734 2840 2802 contingit
2857 2774 2873 2799 ,
2899 2731 3023 2788 dum
3051 2733 3221 2804 fulgor
3246 2735 3298 2787 in
3324 2734 3508 2788 oculos

1928 2824 2098 2881 fertur
2126 2835 2375 2888 nostros,
2408 2824 2514 2881 hoc
2548 2825 2648 2879 illa:
2682 2833 2939 2895 perpetuo
2969 2824 3257 2893 patiuntur,
3283 2835 3336 2879 et
3373 2840 3505 2879 cou-

1930 2920 2074 2973 tinua
2100 2918 2454 2973 admiratione
2474 2933 2594 2972 cum
2625 2918 2896 2985 voluptate
2924 2917 3149 2987 quadam
3175 2916 3500 2971 afficiuntur.

1926 3009 2112 3079 Neque
2138 3024 2264 3064 vero
2289 3009 2460 3063 solum
2483 3009 2735 3073 clamant,
2765 3008 2858 3063 sed
2885 3009 2953 3062 ad
2985 3008 3213 3062 invicem
3241 3007 3290 3061 id
3317 3018 3497 3077 agunt,

1928 3100 2068 3169 quod
2098 3101 2319 3154 intensae
2342 3099 2618 3170 cujusdam
2658 3099 3026 3152 admirationis
3057 3107 3139 3153 est
3166 3099 3394 3167 signum.
3430 3096 3503 3151 Ita

1928 3206 2027 3247 nos
2054 3206 2265 3263 quoque
2288 3233 2304 3259 ,
2332 3190 2458 3246 dum
2501 3190 2734 3259 erumpit
2763 3191 2961 3245 tonitru
2992 3204 3111 3244 cum
3144 3188 3351 3258 fragore
3374 3230 3388 3250 ,
3419 3190 3505 3243 vel

1930 3294 2069 3339 terra
2111 3292 2391 3349 movetur,
2440 3300 2544 3338 non
2576 3282 2735 3337 modo
2761 3281 3028 3337 resilimus
3050 3320 3067 3346 ,
3107 3290 3160 3335 et
3179 3281 3501 3341 clamamus.

1932 3376 2027 3431 sed
2056 3375 2122 3431 ad
2146 3376 2373 3430 invicem
2406 3375 2458 3428 in
2480 3374 2684 3429 aedibus
2707 3372 2905 3426 nostris
2927 3369 3284 3441 confugimus.
3318 3371 3428 3424 lloc
3453 3379 3506 3423 cl

1898 3510 1911 3525 .
1930 3468 2207 3540 Seraphim
2229 3476 2393 3538 agunt
2420 3484 2434 3522 :
2464 3466 2689 3535 ideoque
2707 3464 2844 3520 alter
2869 3463 2935 3517 ad
2956 3463 3180 3518 alterum
3207 3462 3502 3525 clamabat,

1934 3560 2178 3623 Sanctus,
2222 3569 2457 3621 sanctus,
2486 3566 2710 3611 sanctus.

2006 3653 2060 3706 5.
2106 3649 2368 3720 Numquid
2391 3648 2529 3703 hanc
2556 3661 2743 3702 vocem
2764 3644 3093 3716 agnovistis?
3135 3644 3386 3713 numquid
3411 3658 3507 3697 no-

1931 3757 2040 3801 stra
2072 3756 2173 3809 est,
2200 3761 2268 3799 an
2301 3758 2429 3798 vero
2459 3741 2780 3810 Seraphim?
2807 3741 2873 3795 Et
2916 3748 3098 3793 nostra
3128 3748 3182 3793 et
3205 3737 3502 3807 Seraphim,

1931 3836 2187 3893 beneﬁcio
2211 3835 2428 3900 Christi,
2457 3834 2545 3903 qui
2573 3831 2804 3887 medium
2832 3832 3089 3901 parietem
3116 3830 3358 3883 maceria:
3382 3844 3503 3883 sus-

1934 3932 2072 3993 tulit,
2096 3940 2147 3985 el
2178 3926 2473 3999 pacificavit
2497 3925 2674 3979 omnia
2700 3938 2818 3994 qum
2847 3924 2898 3976 in
2925 3921 3072 3977 caelis
3101 3929 3259 3984 sunt,
3292 3930 3347 3974 et
3387 3935 3506 3989 qua:

1934 4024 1987 4077 in
2014 4022 2187 4085 terris,
2218 4029 2271 4073 et
2298 4020 2414 4088 ejus
2456 4017 2734 4083 beneficio,
2761 4015 2850 4085 qui
2893 4024 3117 4083 utraque
3157 4012 3283 4068 fecit
3322 4029 3505 4066 unmn.

1933 4119 2063 4173 Nam
2093 4128 2245 4171 antea
2273 4116 2485 4185 quidem
2516 4115 2569 4167 in
2598 4113 2744 4167 caelis
2776 4120 2975 4165 tantum
3012 4110 3241 4180 hymnus
3281 4109 3381 4162 iste
3414 4122 3508 4161 ca-

1935 4212 2199 4267 uebatur:
2246 4217 2523 4279 pastquam
2553 4214 2730 4260 autem
2762 4205 2812 4259 in
2857 4212 3052 4258 terram
3092 4202 3274 4257 venire
3319 4200 3506 4270 digna-

1936 4316 2019 4360 tus
2044 4313 2125 4357 est
2162 4303 2434 4367 Dominus,
2463 4300 2605 4354 hunc
2633 4298 2792 4354 etiam
2824 4303 3138 4351 concentum
3182 4293 3247 4347 ad
3278 4307 3375 4346 nos
3416 4290 3511 4345 de-

1938 4396 2073 4450 tulit.
2109 4395 2395 4463 Propterea
2444 4406 2653 4461 quoque
2706 4402 2929 4458 magnus
2974 4387 3061 4441 hic
3097 4384 3340 4440 Pontifex
3388 4398 3508 4436 cum

1930 4489 2077 4560 juxta
2103 4502 2307 4542 sacram
2335 4485 2472 4539 hanc
2497 4496 2735 4537 mensam
2761 4478 3080 4543 constiterit,
3103 4485 3161 4531 ut
3198 4475 3509 4531 rationalem

1937 4581 2135 4634 cultum
2167 4578 2435 4639 exhibeat,
2468 4584 2522 4630 et
2560 4572 2876 4629 sacrificium
2923 4568 3112 4625 offerat
3151 4569 3509 4630 incruentum,

1937 4687 2044 4725 non
2074 4669 2384 4739 simpliciter
2421 4680 2519 4720 nos
2543 4664 2607 4719 ad
2637 4663 2775 4717 hanc
2825 4662 3046 4716 faustam
3075 4659 3514 4715 acclamationem
3596 4658 3603 4667 '

1938 4763 2145 4825 invitat,
2175 4759 2268 4814 sed
2298 4760 2384 4814 ubi
2425 4758 2571 4827 prius
2610 4752 2897 4811 Cherubim
2924 4752 3235 4817 nominavit,
3267 4758 3322 4805 et
3358 4749 3515 4804 Sera-

1940 4855 2086 4924 phim
2114 4852 2434 4907 mentionem
2478 4850 2618 4912 fecit,
2649 4858 2757 4902 tum
2784 4846 2996 4900 demum
3018 4844 3083 4897 ad
3114 4846 3255 4905 hanc
3278 4851 3516 4895 tremen-

1939 4944 2061 4999 dam
2108 4958 2289 4997 vocem
2344 4940 2653 4995 mittendam
2705 4953 2890 4993 omnes
2936 4936 3264 4999 adhortatur,
3292 4942 3345 4985 et
3386 4934 3515 4984 dum

1942 5053 2125 5092 eorum
2172 5050 2269 5090 nos
2315 5034 2583 5098 admonet,
2616 5032 2703 5102 qui
2753 5031 3029 5086 nobiscum
3074 5026 3267 5081 choros
3294 5025 3514 5091 agitant,

1944 5137 2176 5183 mentem
2206 5135 2435 5180 nostram
2487 5140 2518 5179 a
2575 5134 2712 5178 terra
2759 5121 3040 5184 subducit,
3090 5129 3516 5185 unumquemque

1946 5228 2185 5275 nostrum
2214 5217 2296 5271 his
2324 5214 2702 5287 pr0pemodum
2748 5216 2923 5270 verbis
2948 5212 3182 5266 excitans
3206 5222 3221 5259 :
3255 5205 3370 5263 Una
3396 5221 3515 5259 cum

1946 5312 2225 5383 Seraphim
2274 5312 2440 5375 canis,
2469 5327 2571 5364 una
2623 5325 2741 5364 cum
2793 5306 3068 5375 Seraphim
3099 5312 3210 5367 sta,
3243 5316 3363 5354 cum
3415 5298 3519 5352 illis

1946 5408 2058 5463 alas
2084 5404 2332 5467 extende,
2358 5418 2476 5457 cum
2499 5403 2601 5456 illis
2621 5401 2825 5471 regium
2853 5398 3042 5451 solium
3063 5391 3408 5447 circumvola.

2016 5499 2191 5553 Altare
2226 5495 2420 5551 sceleste
2461 5495 2626 5565 ﬁgura
2666 5492 2841 5546 altaris
2882 5486 3141 5545 Ecclesia.
3184 5483 3286 5537 Cur
3318 5483 3525 5553 jejunio

1949 5601 2065 5645 ante
2097 5588 2514 5644 communionem.
2541 5615 2612 5627 —
2636 5584 2772 5653 Quid
2801 5598 2925 5637 vero
2956 5580 3170 5645 mirum,
3200 5579 3241 5631 si
3271 5592 3389 5630 cum
3419 5576 3520 5629 Se-

1952 5683 2158 5753 raphim
2190 5681 2424 5745 steteris,
2453 5694 2571 5735 cum
2610 5693 2671 5732 ea
2697 5693 2813 5744 qua:
2857 5673 3132 5743 Seraphim
3180 5689 3282 5727 non
3324 5671 3524 5725 audent

1951 5776 2279 5845 contingere,
2312 5773 2407 5826 tibi
2456 5772 2595 5824 Deus
2642 5768 2804 5821 libere
2834 5766 3103 5820 tractanda
3154 5761 3522 5820 conccherit?

1958 5866 2138 5921 Missus
2171 5874 2243 5919 est
2269 5863 2399 5919 enim
2440 5861 2506 5914 ad
2545 5874 2640 5921 me,
2684 5855 2871 5915 inouit.
2903 5872 3031 5911 unus
3059 5858 3121 5911 de
3150 5854 3440 5925 Seraphim,
3480 5856 3524 5903 et
