3992 6300
486 402 589 457 139

488 517 696 569 habebat
739 511 1001 568 carbonem
1049 511 1199 582 ignis,
1245 528 1389 580 quem
1438 512 1630 579 forcipe
1673 518 1954 579 sumpserat
1997 510 2058 561 de

484 608 635 660 altari
660 604 811 679 (ικαὶ.
834 605 884 660 6.
906 602 980 673 Il),
1000 601 1129 657 illud
1146 603 1317 659 saltare
1345 603 1504 673 ﬁgura
1529 614 1609 657 cst
1633 611 1688 657 et
1714 604 1887 672 imago
1909 602 2059 655 istius

484 698 667 752 altaris
698 716 712 752 :
740 697 878 767 ignis
907 696 1016 760 ille,
1047 695 1337 765 spiritualis
1365 695 1502 761 ignis
1546 694 1715 749 istius.
1754 693 1824 747 At
1848 707 1954 747 non
1980 700 2062 746 est

481 805 642 844 ausus
688 788 965 858 Seraphim
1009 798 1168 841 manu
1216 788 1543 857 contingere,
1590 786 1681 840 sed
1732 786 1969 854 forcrpe:
2001 793 2058 838 tu

482 897 610 936 vero
649 896 806 935 manu
837 880 1051 951 accipis.
1090 881 1379 935 Enimvero
1408 881 1449 934 si
1490 894 1671 933 eorum
1702 892 1819 949 quae
1860 890 2058 947 propo-

482 976 580 1027 sita
609 985 732 1028 sunt
758 974 1068 1044 dignitatem
1111 982 1342 1042 spectes,
1373 973 1489 1041 ipso
1510 981 1755 1026 contactu
1780 970 2058 1039 Seraphim

482 1067 652 1121 multo
683 1067 883 1135 majora
927 1075 1049 1119 sunt
1076 1066 1175 1120 ista
1209 1083 1222 1119 :
1250 1064 1329 1119 sin
1362 1073 1538 1118 autem
1582 1062 1789 1117 Domini
1816 1062 2060 1128 benigni-

485 1167 647 1213 tatem
672 1158 1001 1222 consideres,
1031 1172 1099 1213 ne
1120 1157 1185 1212 ad
1224 1164 1463 1211 nostram
1492 1155 1704 1225 quidem
1736 1154 2062 1210 descendere

482 1252 737 1306 vilitatem
760 1266 944 1307 eorum
969 1252 1133 1321 gratia
1157 1265 1274 1321 quae
1304 1250 1575 1319 proposita
1606 1257 1729 1303 sunt
1772 1246 2058 1303 erubescit.

486 1344 610 1399 llmc
658 1344 815 1414 igitur
859 1344 1117 1413 cogitans,
1150 1341 1222 1395 mi
1264 1340 1447 1407 homo,
1486 1349 1541 1395 et
1582 1349 1777 1410 quanta
1818 1339 1943 1395 doni
1994 1338 2063 1394 sit

483 1432 793 1503 magnitudo
836 1440 1011 1486 tecum
1054 1442 1341 1502 reputans,
1373 1428 1657 1500 aliquando
1707 1429 1920 1484 tandem
1970 1444 2063 1484 ex-

483 1534 836 1595 surge,atqoe
859 1524 1073 1579 avulsus
1099 1540 1128 1577 a
1150 1532 1286 1577 terra
1309 1524 1358 1576 in
1382 1523 1569 1577 ctclum
1597 1522 1844 1577 ascende.
1862 1521 2062 1576 Verum

486 1616 644 1670 trahit
683 1632 781 1671 nos
810 1626 1022 1685 corpus,
1058 1625 1111 1669 et
1141 1615 1390 1670 deorsum
1439 1612 1562 1668 ferri
1590 1611 1770 1683 cogit?
1794 1612 1898 1669 Sed
1937 1628 2064 1669 ecce

489 1708 776 1761 adventant
791 1706 1012 1777 jejunia,
1043 1723 1159 1775 qua:
1188 1709 1391 1775 pennas
1425 1705 1617 1759 animas
1642 1706 1788 1760 leves
1814 1704 2060 1772 reddunt,

484 1812 540 1855 et
566 1802 732 1855 levem
764 1802 1021 1855 sarcinam
1049 1801 1225 1855 carnis
1251 1799 1505 1863 efﬁciunt,
1548 1799 1672 1853 licet
1697 1799 1909 1868 plumbo
1934 1814 2065 1869 quo-

486 1893 566 1945 vis
604 1893 816 1962 gravius
861 1904 1057 1962 corpus
1100 1890 1423 1961 acceperint.
1449 1888 1831 1945 Verumtamen
1861 1904 2065 1945 sermo-

489 1998 608 2037 nem
642 1982 708 2037 de
733 1982 934 2052 jejunio
965 1983 1224 2051 tantisper
1248 1980 1574 2048 differamus,
1606 1981 1747 2036 hunc
1789 1990 1965 2034 autem
1997 1981 2065 2037 de

488 2076 753 2148 mysteriis
776 2075 883 2145 jam
910 2075 1269 2135 instituamus,
1302 2086 1528 2143 quorum
1559 2073 1727 2142 gratia
1750 2080 1803 2128 et
1829 2073 1939 2142 ipsa
1978 2072 2063 2142 je-

486 2170 632 2236 junia
676 2178 800 2222 sunt
842 2168 1059 2221 statuta.
1092 2164 1223 2220 Nam
1255 2166 1392 2219 sicut
1419 2165 1468 2217 in
1496 2162 1786 2235 Olympicis
1815 2165 2065 2218 certami-

488 2258 641 2312 nibus
668 2257 1011 2312 luctationum
1040 2256 1161 2310 ﬁnis
1186 2264 1268 2310 est
1291 2269 1508 2318 corona,
1536 2256 1614 2310 sic
1650 2264 1702 2309 et
1725 2254 1909 2325 jcj‘nnii
1947 2255 2066 2310 ﬁnis

488 2359 569 2404 est
598 2348 793 2403 munda
822 2348 1162 2402 communio:
1194 2349 1370 2416 itaque
1409 2346 1509 2400 nisi
1540 2345 1728 2400 diebus
1755 2347 1868 2399 istis
1908 2344 2067 2401 fuerit

488 2455 519 2494 a
551 2440 704 2493 nobis
754 2439 856 2492 hoc
882 2440 1200 2509 pra-stilum,
1229 2438 1314 2492 ubi
1360 2447 1567 2491 temere
1613 2452 1676 2492 ac
1722 2438 1915 2492 frustra
1968 2453 2065 2494 nos

490 2535 633 2602 ipsos
674 2532 1309 2602 afllixerimns,c:tpertes
1337 2546 1533 2586 corona
1578 2545 1641 2585 ac
1681 2531 1797 2586 sine
1845 2533 2066 2601 praemio

489 2640 551 2677 ex
576 2622 763 2692 jejuni‘i
795 2630 1083 2677 scammate
1107 2622 1461 2677 discedemus.
1504 2622 1796 2693 Propterea
1837 2623 2066 2691 tuajdrcs

488 2715 648 2767 etiam
677 2714 839 2768 nostri
886 2713 1074 2783 jcjunii
1105 2713 1332 2768 stadium
1378 2712 1756 2779 extenderunt,
1796 2722 1858 2767 ac
1898 2715 2067 2782 pinni-

490 2805 671 2860 tentite
699 2814 905 2859 certum
937 2804 1093 2858 nobis
1123 2815 1330 2872 tempus
1371 2805 1728 2874 assignarunt,
1757 2815 1813 2858 ut
1848 2806 1933 2860 ubi
1967 2820 2064 2862 nos

489 2896 982 2966 cxpurgaverimus,
1013 2910 1305 2965 omnesque
1334 2894 1524 2950 sordes
1550 2895 2062 2961 absterserimus,ita

488 2986 705 3041 demum
731 2985 1068 3041 accedamus.
1093 2984 1224 3041 ideo
1249 3000 1391 3040 nunc
1414 2987 1574 3041 etiam
1603 3002 1669 3042 ex
1698 2987 1798 3041 hoc
1827 2994 2064 3056 tempore

493 3079 635 3133 clara
666 3092 796 3133 voce
824 3077 1099 3141 denuntio,
1128 3078 1385 3142 obtestor,
1419 3090 1628 3147 precor,
1662 3088 1714 3133 et
1741 3079 1967 3134 obsecro
1997 3095 2064 3135 ne

490 3184 610 3229 cum
660 3168 884 3233 macula,
922 3183 986 3223 ne
1017 3184 1135 3222 cum
1188 3183 1347 3237 prava
1377 3168 1700 3224 conscientia
1748 3168 1814 3223 ad
1856 3184 2063 3224 sacram

490 3264 628 3319 hanc
652 3276 889 3317 mensam
919 3262 1235 3317 accedamus
1259 3279 1272 3316 :
1305 3276 1477 3331 neque
1503 3263 1644 3317 enim
1667 3261 1769 3317 hoc
1796 3276 2062 3330 accessus,

491 3372 660 3427 neque
701 3356 1005 3411 communio
1034 3354 1137 3409 dici
1186 3362 1388 3425 potest,
1431 3354 1670 3424 quamvis
1714 3353 1905 3409 millies
1944 3369 2066 3409 san-

487 3459 632 3503 ctum
663 3447 792 3502 illud
818 3444 1376 3515 corpusattingamus,
1396 3447 1488 3499 sed
1512 3443 1906 3510 condemnatio,
1937 3458 2063 3513 sup-

489 3543 702 3610 plicium
734 3547 790 3596 et
811 3555 1085 3609 pmnarum
1117 3538 1372 3595 accessio.
1401 3536 1583 3592 Nullus
1613 3537 1773 3607 igitur
1813 3546 2061 3607 peccator

489 3631 707 3686 accedat
735 3650 749 3686 :
783 3632 889 3685 imo
922 3646 1051 3685 vero
1096 3644 1201 3685 non
1230 3630 1371 3695 dico,
1402 3628 1581 3683 nullus
1611 3638 1874 3698 peccator,
1897 3644 2066 3699 quan-

488 3722 771 3793 doquidem
801 3724 1061 3791 meipsum
1090 3723 1320 3791 priorem
1360 3734 1389 3775 a
1416 3720 1589 3773 divina
1627 3734 1810 3774 mensa
1840 3719 2067 3790 repulle-

490 3830 642 3878 rem;
683 3813 774 3867 sed
813 3813 904 3882 qui
955 3821 1265 3882 perseveret
1311 3820 1578 3882 peccator,
1605 3810 1785 3865 nullus
1826 3810 2060 3865 accedat.

490 3904 691 3959 llleirco
715 3903 823 3972 jam
873 3918 938 3955 ex
986 3902 1087 3957 hoc
1134 3912 1373 3970 tempore
1411 3902 1660 3971 praedico,
1691 3916 1758 3956 ne
1802 3916 1922 3956 cum
1953 3901 2065 3957 dies

491 3999 757 4067 regiarum
789 3995 1066 4065 epularum
1106 3995 1439 4059 advenerim,
1466 4006 1587 4049 cum
1619 3994 1706 4049 illa
1734 3994 1959 4050 adfuerit
1980 4010 2066 4050 sa-

492 4104 582 4141 cra
630 4101 855 4156 vespera
887 4085 1065 4141 dicere
1101 4097 1261 4155 queat
1297 4085 1510 4153 aliquis,
1543 4084 1833 4153 [inparatus
1872 4085 2062 4140 intravi

491 4196 554 4233 ac
586 4180 777 4242 nudus,
797 4189 851 4234 ct
876 4178 989 4234 haec
1014 4179 1138 4232 olim
1164 4178 1380 4248 prmdici
1407 4177 1657 4247 oportuit.
1680 4177 1735 4232 Si
1766 4180 1907 4234 enim
1936 4179 2061 4233 olim

492 4271 605 4325 haec
658 4271 998 4337 audivissem,
1044 4270 1261 4325 omnino
1310 4276 1545 4324 mutatus
1594 4284 1799 4337 essem,
1848 4272 2066 4328 omnino

490 4373 771 4433 postquam
802 4364 1061 4432 meipsum
1108 4376 1504 4433 expurgassem,
1530 4363 1602 4417 ita
1630 4362 1843 4417 demum
1882 4379 2066 4420 acces-

489 4460 700 4516 sissem,
728 4453 805 4508 Ne
833 4455 991 4525 igitur
1020 4456 1155 4509 ullus
1188 4454 1284 4509 bas
1329 4464 1623 4524 prretexere
1650 4456 1819 4525 possit
1843 4470 2066 4510 excusa-

488 4550 683 4617 tiones,
710 4549 820 4617 jam
849 4560 915 4601 ex
946 4547 1048 4602 hoc
1075 4556 1311 4618 tempore
1335 4549 1481 4618 prius
1512 4547 1754 4602 obtestor
1791 4554 1843 4601 et
1871 4547 2066 4601 cohor-

490 4650 594 4704 tor,
622 4648 680 4693 ιιι
710 4648 951 4709 magnam
991 4640 1335 4694 exhibeamus
1380 4639 1766 4709 ptenitentiam.
1800 4637 1923 4693 Scio
1967 4651 2066 4692 nos

495 4749 680 4788 omnes
708 4746 832 4787 reos
860 4747 980 4787 esse
1009 4733 1271 4802 supplicii,
1306 4748 1405 4787 nec
1443 4733 1611 4787 ullum
1653 4745 1809 4802 posse
1846 4730 2063 4801 gloriari

489 4826 743 4881 mundum
769 4840 827 4880 se
855 4824 1051 4878 habere
1077 4838 1202 4878 cor:
1234 4825 1327 4878 sed
1356 4841 1459 4879 non
1492 4825 1594 4880 hoc
1620 4826 1815 4879 malum
1840 4831 1923 4879 est
1943 4838 2064 4893 gra-

486 4916 935 4988 vissimum,quod
960 4917 1211 4970 mundum
1238 4931 1331 4971 cor
1360 4934 1461 4972 non
1486 4917 1793 4983 habeamus,
1808 4916 1901 4971 sed
1919 4915 2061 4985 quod

486 5007 743 5063 mundum
776 5024 880 5062 non
904 5008 1168 5062 'habentes
1199 5022 1312 5073 cor,
1343 5023 1441 5062 nec
1468 5008 1534 5062 ad
1569 5024 1691 5062 eum
1722 5006 2057 5068 accedamus,

486 5102 575 5168 qui
622 5099 876 5153 mundum
923 5106 1099 5167 potest
1138 5098 1265 5153 illud
1311 5098 1554 5153 reddere.
1605 5099 1785 5153 Potest
1832 5099 1972 5152 enim
2016 5098 2059 5151 si

486 5192 650 5246 velit:
685 5194 767 5244 vel
800 5192 970 5261 potius
1012 5190 1174 5244 multo
1222 5192 1388 5259 magis
1417 5205 1573 5259 quam
1622 5205 1721 5245 nos
1762 5202 1925 5258 puros
1965 5202 2062 5243 nos

486 5301 603 5338 esse
649 5286 782 5348 vult,
813 5285 906 5339 sed
957 5293 1248 5352 exspectat,
1282 5291 1339 5337 ut
1366 5282 1607 5352 exiguam
1651 5298 1679 5335 a
1730 5282 1882 5336 nobis
1901 5296 2061 5335 occa.

482 5378 686 5430 sionem
741 5378 994 5447 accipiat,
1022 5386 1080 5430 ut
1125 5375 1456 5431 conﬁdenter
1506 5389 1603 5427 nos
1648 5383 1885 5429 coronet.
1931 5374 2061 5439 Quis

483 5468 655 5538 major
680 5466 781 5522 fuit
810 5478 1062 5538 peccator
1084 5483 1241 5537 quam
1289 5465 1638 5538 publicanus?
1675 5464 1779 5520 Sed
1828 5474 1888 5519 ut
1927 5464 2060 5519 dixit

483 5570 721 5616 tantum:
742 5560 895 5625 Deus,
927 5562 1172 5633 propitius
1202 5571 1305 5615 esto
1350 5560 1473 5613 mihi
1501 5560 1750 5628 peccatori
1779 5557 1943 5628 (Luc.
1968 5558 2056 5612 18.

482 5653 593 5719 l5),
615 5652 730 5721 plus
752 5669 907 5720 quam
933 5654 1231 5709 Pliariszeus
1248 5653 1569 5723 iustiﬁcatus
1586 5650 1880 5706 descendit.
1901 5648 2059 5704 Tam-

482 5746 579 5795 etsi
606 5752 855 5810 quantam
882 5744 987 5796 vim
1040 5744 1223 5798 habuit
1261 5746 1460 5798 dictum
1513 5742 1678 5797 illud?
1705 5742 1901 5797 Verum
1951 5754 2056 5795 non

474 5832 681 5888 dictum
710 5834 877 5904 ipsum
907 5839 1166 5905 purgavit,
1196 5837 1289 5893 seu
1321 5837 1541 5892 aﬁ'ectus
1575 5851 1695 5891 cum
1720 5851 1825 5905 quo
1858 5833 2058 5889 dictum

1228 399 1285 455 s.
1323 394 1599 453 JOANNIS
1634 382 2104 452 CHRYSOSTOMI
2146 384 2458 451 anctner.
2499 384 3035 452 CONSTANTINOP.
3600 407 3689 464 ιω

2166 509 2294 562 illud
2324 509 2570 579 protulit:
2594 510 2703 563 imo
2726 520 2853 564 vero
2880 522 2950 565 ne
2976 508 3120 565 solus
3148 509 3350 580 quidem
3375 514 3690 589 aestuasse

2166 611 2288 654 ante
2318 603 2485 669 ipsum
2520 601 2612 656 Dei
2650 600 2963 671 benignitas.

2235 695 2288 747 4.
2330 686 2485 761 Quod
2513 694 2677 757 enim,
2709 708 2910 764 quteso,
2939 704 3046 748 tam
3077 696 3339 766 egregium
3375 709 3454 754 est
3494 700 3692 771 facinus,

2165 785 2285 853 quis
2310 784 2480 849 labor,
2511 784 2630 854 quis
2659 784 2824 839 sudor
2869 786 3149 853 peccatori,
3195 794 3253 839 ut
3292 801 3350 842 se
3395 801 3695 858 peccatorem

2165 892 2285 932 esse
2315 878 2632 947 persuadeat
2662 878 2787 941 sibi,
2814 887 2868 933 et
2894 877 2995 934 hoc
3033 880 3170 949 apud
3197 880 3355 935 Deum
3385 882 3698 953 proﬁteatur?

2164 968 2326 1025 Vides
2350 969 2488 1024 haud
2521 970 2713 1024 frustra
2740 970 2940 1026 dixisse
2969 972 3248 1032 me,Deum
3273 973 3404 1029 velle
3428 978 3648 1046 exiguam
3672 996 3698 1034 s

2163 1061 2319 1116 nobis
2343 1061 2677 1117 occasionem
2706 1062 2961 1133 arripere,
2992 1071 3100 1116 tum
3128 1063 3294 1132 ipsum
3329 1065 3511 1122 deinde
3535 1069 3593 1123 ad
3625 1086 3702 1125 sa-

2167 1152 2331 1208 lutem
2360 1162 2598 1207 nostram
2643 1165 2831 1208 cuncta
2872 1152 3154 1209 conferre?
3183 1155 3536 1214 Ptenitentiam
3566 1161 3704 1231 igitur

2166 1260 2408 1316 agamus,
2454 1246 2747 1316 pioremus,
2779 1247 3149 1303 la'mentemnr.
3196 1248 3562 1319 Saepenumero
3601 1269 3705 1309 cum

2166 1335 2329 1391 filiam
2358 1338 2476 1407 quis
2505 1338 2772 1405 amiserit,
2812 1338 3074 1409 majorem
3120 1339 3243 1394 vitae
3284 1354 3394 1395 sum
3433 1351 3621 1412 partem
3660 1346 3707 1400 ia

2164 1426 2310 1483 luctu
2338 1442 2402 1483 ac
2424 1436 2661 1484 ‘mterore
2687 1428 2916 1487 traducit
2943 1450 2958 1486 :
2989 1446 3086 1485 nos
3116 1432 3345 1489 animam
3390 1435 3711 1505 perdidimus,

2168 1534 2265 1574 nec
2302 1529 2480 1574 tamen
2514 1521 2798 1592 Ingemus?
2838 1522 3132 1578 excidimus
3158 1539 3189 1579 a
3218 1526 3402 1591 salute,
3444 1544 3536 1584 nec
3576 1530 3709 1598 plau-

2168 1612 2381 1682 gim‘us?
2410 1613 2544 1679 Quid
2586 1612 2656 1668 de
2700 1614 2877 1669 anima
2905 1624 2960 1671 et
2997 1616 3167 1673 salute
3194 1616 3419 1688 loquor?
3454 1621 3714 1679 Dominum

2167 1706 2301 1759 adeo
2349 1706 2529 1761 mitem
2581 1722 2642 1762 ac
2698 1704 2980 1779 benignum
3027 1710 3378 1777 irritavimus,
3427 1726 3589 1783 neque
3628 1717 3715 1771 sub

2168 1802 2308 1851 terra
2340 1813 2437 1852 nos
2464 1796 2879 1854 abscondimus?
2905 1796 3021 1855 Non
3053 1802 3193 1858 enim
3222 1810 3423 1857 tantum
3447 1806 3640 1874 providi
3663 1821 3717 1863 ac

2167 1886 2381 1943 solliciti
2426 1887 2647 1957 domini,
2680 1889 2774 1946 sed
2801 1900 2856 1948 et
2886 1892 3050 1961 patris
3095 1892 3436 1965 indulgentis,
3462 1905 3513 1951 et
3539 1890 3717 1953 libem-

2167 1986 2286 2036 rum
2354 1982 2732 2038 amantissima:
2789 1983 2974 2039 matris
3035 1999 3252 2040 omnem
3324 1986 3719 2043 benevolentiam

2170 2081 2457 2143 exsuperat
2500 2086 2596 2138 ‘ea,
2645 2088 2748 2143 qua
2797 2089 2897 2130 nos
2943 2075 3339 2145 complectitur,
3368 2077 3718 2134 sollicitudine.

2171 2163 2439 2233 Numquid
2464 2166 2605 2219 enim
2635 2165 2970 2235 obliviscetur,
3000 2166 3190 2238 inquit,
3222 2168 3402 2222 mulier
3429 2171 3615 2239 parvuli
3632 2170 3720 2235 sui,

2169 2264 2225 2309 ut
2258 2272 2358 2309 non
2401 2256 2695 2311 misereatur
2733 2260 2924 2328 fetuum
2969 2259 3099 2311 uteri
3141 2259 3267 2313 sui?
3307 2258 3444 2313 Licet
3486 2272 3641 2315 autem
3682 2268 3724 2314 et

2169 2350 2350 2403 mulier
2378 2347 2530 2404 oblita
2556 2351 2726 2420 fuerit,
2760 2358 2850 2421 ego
2879 2360 3043 2405 tamen
3069 2367 3170 2405 non
3200 2352 3465 2407 obliviscar
3501 2355 3588 2421 tui,
3618 2354 3726 2408 dicit

2168 2439 2419 2497 Dominus
2463 2442 2613 2512 (lsai.
2640 2443 2733 2499 49.
2768 2442 2880 2512 15).
2926 2443 3214 2499 Enimvero
3259 2454 3383 2501 ante
3418 2445 3728 2501 demonstra-

2168 2530 2368 2589 ltionem
2393 2534 2497 2589 ﬁde
2524 2534 2681 2605 digna
2720 2534 2807 2591 vel
2846 2535 2959 2591 sola
3000 2535 3156 2592 fuerit
3197 2536 3523 2592 afﬁrmatio:
3552 2537 3728 2608 quippe

2168 2642 2289 2697 quae
2328 2628 2420 2683 Dei
2470 2627 2540 2682 sit
2577 2646 2590 2682 :
2637 2628 2985 2687 nihilominus
3033 2640 3238 2699 tamen,
3266 2646 3387 2701 age,
3418 2633 3571 2688 rebus
3616 2633 3731 2703 ipsis

2168 2730 2477 2788 expressam
2517 2718 3023 2776 demonstrationem
3067 2722 3443 2780 exhibeamus.
3485 2725 3612 2779 Cum
3640 2726 3729 2778 im-

2168 2818 2409 2880 perasset
2451 2810 2736 2881 aliquando
2764 2811 2873 2867 ﬁlio
2915 2813 3173 2881 Rebecca,
3214 2825 3275 2870 ut
3314 2816 3456 2871 illam
3498 2816 3562 2871 de
3607 2816 3733 2871 furto

2170 2902 2555 2959 benedictionis
2615 2904 2848 2961 fabulam
2902 2917 3115 2977 ageret;
3164 2921 3451 2980 postquam
3492 2911 3627 2965 omni
3673 2925 3731 2965 ex

2166 3002 2317 3064 parte
2344 2995 2604 3063 praeclare
2632 2996 2806 3067 ipsum
2847 2998 3144 3065 adornavit,
3166 2988 3332 3071 eique
3362 3002 3536 3057 fratris
3565 3017 3733 3071 perso—

2168 3100 2289 3140 nam
2325 3087 2576 3156 imposuit
2605 3106 2619 3143 :
2652 3089 3076 3161 quandoquidem
3129 3108 3201 3147 ne
3241 3094 3319 3148 sic
3346 3093 3555 3164 quidem
3599 3093 3733 3148 lllum

2169 3176 2361 3233 ﬁducia
2388 3179 2671 3249 praeditum
2690 3181 2841 3249 vidit,
2868 3194 3081 3238 omnem
3122 3197 3188 3239 ex
3228 3186 3413 3241 animo
3430 3180 3526 3239 'ﬁlii
3555 3190 3735 3240 metum

2169 3269 2355 3325 volens
2382 3271 2836 3353 eximere,Super
2868 3291 2947 3328 me
2970 3275 3055 3342 sit,
3085 3276 3178 3344 ait,
3220 3284 3311 3331 tua
3334 3278 3635 3344 maledictio,
3671 3276 3738 3345 ﬁli

2173 3362 2321 3434 (Gen.
2347 3362 2437 3417 27.
2465 3360 2578 3434 i5).
2621 3364 2803 3421 Matris
2830 3381 3014 3421 revera
3042 3382 3165 3431 vox,
3196 3378 3255 3423 et
3291 3384 3411 3439 qua:
3440 3384 3618 3425 am0re
3659 3367 3741 3423 ﬁlii

2169 3463 2311 3510 esset
2339 3456 2576 3511 incensa.
2619 3456 2863 3512 Christus
2890 3468 3071 3514 autem
3099 3474 3212 3513 non
3237 3460 3341 3516 hoc
3365 3461 3505 3515 dixit
3530 3469 3736 3524 tantum,

2170 3547 2262 3601 sed
2298 3548 2460 3601 etiam
2492 3548 2621 3604 fecit
2652 3566 2665 3601 :
2699 3564 2804 3603 non
2847 3550 3091 3620 promisit
3128 3560 3366 3616 tantum,
3394 3552 3490 3609 sed
3516 3560 3570 3607 et
3595 3566 3745 3622 opere

2171 3636 2429 3703 exhibuit,
2470 3638 2613 3707 quod
2654 3647 2709 3695 et
2735 3640 2928 3695 Paulus
2969 3642 3112 3697 clara
3140 3658 3279 3699 voce
3323 3644 3632 3714 pronuntiat
3666 3642 3744 3697 di-

2170 3746 2299 3787 cens
2330 3751 2343 3787 :
2372 3731 2605 3788 Christus
2628 3750 2719 3788 nos
2756 3734 2966 3789 redemit
3013 3736 3077 3790 de
3108 3738 3387 3793 maledicto
3423 3737 3566 3809 legis,
3594 3737 3747 3808 factus

2168 3830 2262 3895 'pro
2282 3825 2429 3880 nobis
2457 3824 2783 3880 maledictum
2813 3825 2956 3899 (Gal.
3002 3827 3056 3882 3.
3086 3827 3200 3896 15).
3233 3828 3391 3885 Hunc
3421 3830 3580 3901 igitur
3608 3842 3743 3892 num,

2170 3928 2371 3986 quaeso,
2417 3916 2782 3971 irritabimus?
2828 3933 2894 3971 an
2941 3932 3046 3972 non
3090 3928 3171 3974 est
3218 3919 3325 3975 hoc
3351 3920 3470 3989 ipsa
3519 3919 3749 3991 gehenna

2168 4007 2410 4077 gravius,
2446 4018 2502 4062 et
2540 4007 2822 4062 immortali
2865 4022 3067 4075 verme,
3100 4018 3154 4065 et
3192 4010 3324 4082 igne
3349 4011 3442 4082 qui
3469 4022 3749 4080 numquam

2171 4100 2527 4169 exstinguitur
2549 4101 2573 4153 ἲ

2240 4190 2320 4245 Ad
2338 4208 2533 4246 sacram
2553 4206 2774 4245 mensam
2794 4191 3043 4260 quomodo
3061 4191 3429 4249 accedendum.
3452 4224 3525 4233 —
3541 4189 3753 4260 Quando

2172 4285 2329 4356 igitur
2357 4285 2422 4339 ad
2452 4298 2655 4340 sacram
2681 4298 2919 4340 mensam
2944 4298 3003 4339 es
3025 4299 3383 4351 accessurus,
3408 4285 3531 4341 illic
3573 4283 3754 4338 adesse

2174 4378 2453 4432 Dominum
2482 4377 2716 4432 omnium
2743 4376 2997 4431 arbitrare
3026 4393 3039 4431 :
3073 4377 3342 4446 siquidem
3372 4377 3530 4432 adest
3552 4387 3752 4435 revera,

2172 4479 2222 4522 et
2246 4484 2362 4538 quae
2384 4469 2450 4522 sit
2472 4483 2620 4522 mens
2643 4467 2899 4537 cujusque
2928 4467 3225 4536 cognoscit,
3245 4482 3311 4521 ac
3335 4467 3486 4521 videt
3504 4464 3624 4536 quis
3641 4475 3756 4516 cum

2170 4574 2230 4614 ea
2258 4574 2357 4629 qua
2391 4574 2483 4628 par
2509 4567 2592 4613 est
2614 4558 2908 4622 sanctitate,
2928 4557 3043 4627 quis
3062 4572 3182 4611 cum
3211 4558 3553 4613 conscientia
3578 4554 3760 4622 depra-

2169 4661 2288 4705 vata
2326 4651 2571 4714 accedat,
2603 4666 2722 4705 cum
2761 4648 3045 4704 immundis
3066 4657 3121 4703 et
3145 4649 3387 4704 sordidis
3423 4645 3756 4719 cogitationi-

2172 4744 2288 4806 bus,
2312 4759 2431 4798 cum
2452 4743 2669 4797 nefariis
2686 4742 2997 4796 actionibus.
3028 4739 3180 4808 Quod
3203 4741 3247 4795 si
3270 4742 3589 4811 quempiam
3609 4738 3760 4792 talem

2171 4832 2467 4898 offenderit,
2494 4835 2718 4902 primum
2745 4831 2956 4901 quidem
2985 4832 3153 4901 ipsum
3183 4830 3393 4899 judicio
3420 4827 3763 4885 conscientia:

2118 4936 2128 4947 '
2171 4928 2369 4982 tradit:
2399 4926 2592 4981 deinde
2630 4939 2759 4980 vero
2801 4925 2843 4978 si
2893 4922 3029 4978 forte
3064 4923 3302 4991 seipsum
3345 4920 3766 4993 cogitationibus

2169 5022 2407 5092 castiget,
2446 5017 2736 5088 reddatque
2765 5016 3060 5082 meliorem,
3088 5030 3280 5069 rursus
3308 5016 3466 5069 illum
3497 5012 3762 5075 admittit;

2168 5116 2308 5187 quod
2334 5115 2379 5168 si
2411 5122 2618 5168 maneat
2649 5111 2974 5165 incorrectus
2993 5151 3008 5173 ,
3040 5117 3151 5163 tum
3175 5106 3402 5161 demum
3433 5107 3489 5162 in
3514 5108 3635 5175 ejus
3661 5120 3770 5157 ma—

2170 5225 2270 5264 nus
2306 5207 2485 5262 incidit
2512 5215 2778 5275 tamquam
2811 5204 3044 5274 ingratus
3074 5211 3127 5255 et
3153 5202 3449 5256 scelestus.
3496 5200 3765 5268 Quantum

2169 5316 2293 5354 vero
2314 5300 2380 5353 sit
2402 5297 2561 5361 istud,
2585 5311 2652 5350 ex
2674 5295 2839 5349 Paulo
2860 5294 3024 5358 disce,
3048 5293 3135 5363 ηιιί
3158 5294 3233 5346 sic
3251 5293 3333 5345 ait
3354 5310 3367 5345 :
3398 5291 3734 5347 Horrendum
3754 5291 3769 5321 ⁸

2168 5390 2385 5444 incidere
2425 5391 2478 5443 in
2527 5402 2705 5441 manus
2746 5385 2838 5439 Dei
2876 5384 3082 5439 viventis
3112 5384 3130 5452 (
3157 5382 3321 5437 Hebr.
3355 5385 3450 5437 10.
3485 5385 3549 5438 5i
3578 5384 3619 5452 ).
3648 5382 3773 5437 Scio

2170 5482 2412 5537 mordere
2432 5494 2525 5534 vos
2550 5480 2662 5533 hmc
2687 5479 2843 5532 verba
2871 5494 2883 5529 :
2909 5476 3002 5531 sed
3025 5475 3148 5546 quid
3169 5474 3412 5531 faciam?
3442 5475 3559 5530 Nisi
3582 5473 3774 5530 acerba

2232 5650 2247 5679 ί
2287 5646 2481 5709 Aliquot
2500 5653 2606 5695 Mss.
2632 5645 2879 5709 variantia
2899 5642 3064 5692 verbis
3084 5640 3269 5709 minimi
3286 5641 3562 5709 momenti.
3580 5645 3635 5687 In
3653 5636 3779 5709 libro

2166 5720 2327 5760 autem
2357 5701 2595 5757 (i‘oshavii
2632 5710 2702 5756 sic
2740 5705 2957 5768 legitur;
2981 5702 3113 5763 Quod
3134 5701 3177 5752 si
3197 5708 3402 5768 atqueat

2157 5772 2293 5835 jubet
2316 5772 2461 5835 pedes
2483 5780 2741 5832 maiusque
2928 5765 3168 5829 ingrath
3189 5769 3233 5815 et
3256 5764 3629 5827 impudentem.
3648 5770 3779 5813 Hor-

2164 5834 2386 5893 rendum,
2413 5838 2507 5882 etc.
