4102 6306
457 406 554 462 ul

456 518 627 574 Στενά
670 534 758 587 μοι
794 514 1057 569 πάντοθεν
1083 533 1096 546 ·
1129 517 1267 588 πλὴν
1300 517 1414 571 ἀλλ’
1446 519 1743 586 ἀναγκαῖον
1780 515 2032 583 ἀνασχεῖν

457 604 554 675 τὴν
596 604 753 673 χεῖρα
790 600 1007 653 λοιπόν·
1040 599 1134 652 καὶ
1164 601 1271 671 γὰρ
1305 600 1462 654 ἱκανά
1494 601 1561 653 τὰ
1595 599 1858 670 εἰρημένα
1898 596 2033 667 πρὸς

455 686 736 757 διόρθωσιν
760 684 869 737 τῶν
888 683 1280 754 προσεχόντων.
1312 681 1462 755 [144]
1492 682 1629 735 Ἀλλ’
1647 682 1732 735 ’ίνα
1762 681 1835 752 μὴ
1856 681 2033 750 μόνοις

458 772 608 840 ὑμῖν,
640 768 774 821 ἀλλὰ
822 768 914 820 καὶ
966 769 1172 838 ἑτέροις
1206 767 1274 820 δι’
1310 768 1465 837 ὑμῶν
1502 766 1725 836 γένηται
1764 766 2031 835 χρήσιμα,

457 853 590 925 φέρε
624 850 762 905 αὑτά
812 850 970 903 πάλιν
1015 848 1643 918 ἀνακεφαλαιωσώμεθα.
1673 847 2033 916 Διελέχθημεν

458 934 723 1005 περὶτῶν
762 934 1060 1004 Σεραφεὶμ,
1109 930 1388 1001 ἐδείξαμεν
1433 934 1557 984 ὅσον
1603 933 1746 984 ἐστὶν
1796 931 2031 999 ἀξίωμα,

456 1017 680 1089 πλησίον
696 1017 918 1070 ἑστάναι
941 1015 1034 1068 τοῦ
1061 1016 1246 1086 θρόνου
1282 1014 1374 1067 τοῦ
1399 1014 1697 1083 βασιλικοῦ,
1722 1014 1814 1067 καὶ
1835 1015 1914 1066 ὅτι
1941 1013 2034 1066 καὶ

456 1101 763 1170 ἀνθρώποις
779 1101 840 1153 τὸ
859 1101 1075 1170 ἀξίωμα
1105 1097 1262 1151 τοῦτο
1297 1098 1587 1169 κεκτῆσθαι
1611 1098 1849 1152 δυνατόν.
1870 1096 2035 1151 Εἴπο-

462 1202 558 1254 μεν
582 1185 707 1255 περὶ
729 1184 836 1236 τῶν
868 1183 1170 1253 πτερύγων,
1196 1182 1288 1235 xal.
1309 1182 1407 1253 τῆς
1431 1181 1727 1252 ἀπροσίτου
1756 1181 2033 1250 δυνάμεως

458 1270 551 1322 τοῦ
590 1268 745 1328 Θεοῦ,
772 1267 865 1319 καὶ
905 1266 1032 1337 περὶ
1071 1267 1169 1335 τῆς
1206 1265 1340 1335 πρὸς
1384 1266 1530 1335 ἡμᾶς
1563 1263 1724 1317 αὑτοῦ
1764 1281 2035 1332 συγκατα-

460 1352 669 1414 ϐάσεως
725 1350 1051 1420 γενομένης’
1106 1348 1524 1417 προσεθήκαμεν
1568 1347 1666 1418 τὴν
1714 1347 1890 1400 αἰτίαν
1934 1347 2034 1416 τῆς

460 1436 704 1508 κραυγῆς
752 1434 844 1485 καὶ
887 1432 978 1485 τοῦ
1019 1429 1301 1502 διηνεκοῦς
1339 1429 1631 1499 θαύματος,
1676 1430 1769 1484 καὶ
1813 1429 1930 1494 πῶς
1975 1430 2033 1482 ὲν

459 1515 858 1585 ἀκαταπαύστῳ
883 1514 1083 1586 θεωρίᾳ
1109 1513 1527 1577 ἀκατάπαυστος
1554 1514 1648 1565 καὶ
1685 1514 1718 1581 ὴ
1757 1512 2036 1581 δοξολογία

459 1604 568 1656 τῶν
592 1602 896 1673 Σεραφείμο
926 1601 1305 1671 ἀνεμνήσαμεν
1338 1598 1482 1665 ὑμᾶς
1506 1599 1585 1661 είς
1616 1599 1767 1650 ποῖον
1797 1596 2037 1651 ὲτελέσα-

465 1704 563 1756 μεν
590 1686 767 1755 χορὸν,
811 1686 906 1736 καὶ
947 1681 1084 1753 μετά
1120 1680 1280 1733 τίνων
1317 1682 1409 1733 τὸν
1444 1680 1621 1734 κοινὸν
1647 1680 2035 1750 ἀνυμνήσαμεν

462 1769 768 1838 Δεσπότην·
808 1768 933 1828 τοὺς
969 1766 1097 1835 περὶ
1150 1764 1433 1834 μετανοίας
1480 1765 1895 1835 προσεθήκαμεν
1939 1763 2029 1815 λό-

461 1870 590 1921 γους
611 1870 624 1885 °
653 1852 746 1905 καὶ
782 1850 955 1913 τέλος,
991 1850 1112 1902 ὅσον
1138 1848 1253 1900 ἐστὶ
1281 1847 1447 1900 κακὸν
1472 1848 1751 1919 προσιέναι
1781 1850 1895 1911 τοῖς
1929 1866 2030 1918 μυ-

1158 400 1214 455 S.
1251 397 1535 455 JOANNIS
1571 396 2056 454 CHRYSOSTOMI
2098 396 2417 454 ARCHIEP.
2459 396 3009 454 CONSTANTINOP.

3600 398 3704 455 ΗΞ

2133 512 2251 576 πῶς
2293 514 2390 567 οὐκ
2426 513 2537 568 ἔστι
2575 513 2855 582 διαφυγεῖν
2899 512 2992 566 τὸν
3038 510 3360 582 ἀδιόρθωτον
3402 513 3631 583 μένοντα
3650 529 3703 569 ι.
3751 510 3766 521 ’

2133 596 2317 650 Ταῦτα
2359 598 2452 649 καὶ
2497 596 2634 667 γυνὴ
2681 595 2832 667 παρὰ
2863 595 3053 666 ἀνδρὸς
3079 594 3413 665 μανθανέτω,
3444 598 3540 649 καὶ
3578 601 3706 663 παῖς

2133 679 2283 749 παρὰ
2304 679 2526 750 πατρὸς,
2555 680 2649 732 καὶ
2669 678 2885 749 οἰκέτης
2902 677 3053 748 παρά
3071 675 3352 743 δεσπότου,
3381 680 3473 731 καὶ
3510 680 3706 747 γείτων

2133 762 2283 832 παρὰ
2324 761 2575 829 γείτονος,
2599 761 2691 814 καὶ
2729 760 2880 828 φίλος
2921 759 3072 829 παρά
3116 758 3290 828 φίλου,
3321 761 3517 829 μᾶλλον
3537 763 3593 817 δὲ
3615 762 3709 817 καὶ

2134 845 2269 916 πρὸς
2304 846 2430 907 τοὺς
2469 843 2694 915 ἐχθροὺς
2733 843 2906 896 ταῦτα
2939 842 3346 911 διαλεγώμεθα·
3370 846 3587 917 καὶγὰρ
3612 846 3709 899 καὶ

2131 928 2229 996 τῆς
2252 927 2473 979 ἐκείνων
2496 925 2765 995 σωτηρίας
2790 928 2947 995 ἡμεῖς
2971 926 3137 995 ἐσμεν
3160 925 3463 980 ὑπεύθυνοι.
3496 928 3558 981 Ei
3598 930 3709 1001 γὰρ

2133 1012 2227 1063 καὶ
2249 1009 2319 1062 τὰ
2338 1010 2605 1078 ὑποζύγια
2643 1009 2820 1066 αὐτῶν
2855 1008 3178 1061 πεπτωκότα
3218 1007 3588 1080 διαναστῆσαι,
3614 1012 3709 1064 καὶ

2133 1094 2525 1164 πεπλανημένα
2556 1095 2814 1149 διασῶσαι
2840 1094 2933 1147 καὶ
2954 1095 3316 1161 ἐπαναγαγεῖν
3354 1093 3708 1165 κελευόμεθα,

2134 1178 2312 1249 πολλῷ
2348 1178 2545 1247 μᾶλλον
2572 1180 2667 1251 τὴν
2696 1179 2871 1250 ψυχὴν
2909 1176 3088 1231 αὑτῶν
3121 1177 3476 1248 πλανωμένην
3508 1180 3712 1232 ἐπανα-

2133 1268 2321 1334 γαγεῖν
2354 1264 2479 1335 χρὴ,
2514 1266 2606 1318 καὶ
2635 1265 2983 1317 πεπτωκυῖαν
3012 1262 3414 1331 διανιστᾷν.“Αν
3456 1261 3598 1315 οὑτω
3642 1262 3713 1316 τά

2133 1350 2255 1403 καθ’
2284 1350 2508 1412 ἑαυτοὺς
2539 1350 2631 1401 καὶ
2655 1349 2721 1401 τὰ
2744 1346 2881 1400 κατὰ
2908 1347 3034 1409 τοὺς
3066 1345 3290 1415 πλησίον
3313 1345 3709 1417 οίκονομῶμεν,

2132 1433 2474 1504 δυνησόμεθα
2502 1433 2638 1500 μετὰ
2669 1430 2981 1504 παρρησίας
3024 1432 3212 1500 στῆναι
3260 1428 3566 1499 ἔμπροσθεν
3612 1430 3711 1483 τοῦ

2138 1519 2378 1589 βήματος
2406 1516 2498 1569 τοῦ
2544 1514 2799 1586 Χριστοῦ,
2834 1514 2950 1584 μεθ’
2978 1506 3039 1566 οὗ
3063 1513 3139 1583 τῷ
3166 1513 3341 1582 Πατρὶ
3373 1512 3518 1577 δόξα,
3550 1530 3598 1564 τι
3609 1513 3708 1583 μὴ,

2133 1602 2353 1673 κράτος,
2382 1600 2479 1652 σὺν
2506 1600 2583 1669 τῷ
2615 1599 2873 1673 ἀγίῳῇκαὶ
2898 1595 3147 1666 ζωοποιῷ
3181 1595 3477 1667 ῐΙνεύματι,
3502 1597 3594 1649 νῦν
3615 1598 3713 1651 καὶ

2135 1668 2244 1753 ἀεὶ,
2279 1685 2373 1738 καὶ
2402 1685 2478 1748 είς
2510 1668 2635 1746 τοὺς
2660 1668 2861 1744 αἰῶνας
2885 1682 2994 1733 τῶν
3026 1678 3251 1733 αἰώνων.
3271 1680 3327 1732 Ἀ
3339 1682 3463 1748 μήν.

2196 1875 2221 1903 ⁸
2259 1873 2367 1922 Duo
2387 1884 2499 1921 mss.
2522 1870 2758 1930 διαφυγεῖν
2779 1869 2868 1930 τὸν
2879 1868 2939 1915 τὰ
2955 1863 3153 1914 τοιαῦτα
3170 1862 3488 1925 τολμήσαντα.
3516 1860 3713 1912 Uu‘ovis

465 1933 705 2007 στηρίοις
737 1933 875 2005 μετά
912 1930 1144 2004 πονηροῦ
1175 1929 1490 1999 συνειδότος,
1526 1930 1906 2000 ἀπεδείξαμεν,
1934 1931 2028 1985 καὶ

2144 1937 2273 1987 nodo
2291 1935 2499 1997 legeris,
2523 1929 2697 1981 eodem
2720 1929 2896 1979 recidit.
2916 1930 3090 1977 oratio.

1571 2121 3692 2169 __.___——————————-———-——-————-_______—_——-—-.

1889 2488 2271 2551 MONITUM

539 2745 617 2800 Ad
651 2746 792 2800 hanc
822 2743 1096 2800 homiliam
1127 2744 1244 2799 haec
1278 2750 1433 2798 notat
1457 2740 1688 2796 Savilius
1724 2757 1736 2792 ε
1777 2759 1793 2790 ι
1824 2737 1975 2793 Hanc
2002 2734 2302 2791 orationem
2332 2748 2463 2788 sane
2490 2744 2752 2803 perquam
2793 2726 3099 2799 elegantem
3122 2732 3179 2780 et
3200 2720 3428 2793 γνησίαν
3450 2720 3720 2776 debemus

469 2885 817 2943 Bibliotheca:
839 2883 1188 2938 Serenissimi
1218 2880 1456 2937 Bavarize
1486 2880 1649 2935 Ducis
1689 2901 1701 2935 :
1734 2893 1842 2950 quo
1872 2876 2166 2933 dolendum
2193 2873 2364 2945 magis
2384 2871 2604 2926 unicum
2629 2868 2789 2924 nobis
2813 2867 2933 2938 ejus
2961 2863 3221 2935 obtigisse
3251 2859 3546 2931 exemplar,
3568 2859 3719 2930 quod

469 3042 649 3087 tamen
688 3027 792 3083 tale
826 3024 948 3091 fuit,
996 3033 1057 3079 ut
1092 3037 1264 3094 pauca
1294 3019 1587 3076 admodum
1631 3018 1907 3089 supersint
1946 3014 2307 3079 emendanda,
2342 3019 2539 3083 praeter
2570 3023 2733 3064 unam
2771 3014 2866 3061 aut
2893 3006 3119 3061 alteram
3152 3001 3477 3058 lacunulam.
3518 3018 3538 3052 ι
3572 2996 3721 3052 Loca

465 3182 594 3226 vero
626 3167 737 3233 illa,
772 3180 893 3235 quae
920 3165 1111 3219 vilium
1147 3161 1534 3233 praeferebant,
1556 3168 1852 3227 utcumque
1874 3155 2266 3227 supplevimus,
2295 3161 2356 3207 ut
2376 3150 2431 3205 in
2450 3149 2595 3206 notis
2614 3148 2847 3204 videbis.

1150 3777 1299 3853 [ηε]
1372 3786 1543 3870 ΕΙΣ
1614 3786 1844 3869 ΤΗΝ
1915 3784 2655 3874 ΠΡΟΦΗΤΙΚΗΝ
2724 3790 3039 3876 ΡΗΣΪΝ

552 3974 674 4043 Τὴν
690 3976 995 4047 λέγουσαν
1012 3991 1025 4004 ⁸
1061 3995 1078 4025 ε
1103 3977 1241 4046 Ἐγὼ
1261 3979 1474 4045 Κύριος
1499 3978 1532 4029 ό
1561 3977 1705 4041 Θεὸς
1726 3978 1987 4045 ἐποίησα
2022 3971 2147 4043 φῶς
2169 3975 2268 4028 καὶ
2297 3976 2535 4040 σκότος,
2564 3976 2750 4029 ποιῶν
2769 3974 3033 4045 εἰρήνην,
3061 3978 3160 4031 καὶ
3187 3974 3390 4037 κτίζων
3416 3973 3591 4032 κακά.
3622 3992 3645 4029 ι

549 4313 619 4361 α’.
657 4302 836 4370 Ὀλίγα
868 4301 965 4372 μὲν
994 4302 1063 4353 τὰ
1090 4303 1371 4372 είρημένα,
1402 4304 1624 4371 γλυκεῖα
1648 4304 1703 4357 δὲ
1724 4307 1816 4359 τοῦ
1840 4308 2051 4377 μέλιτος

478 4394 512 4462 ἡ
543 4389 711 4457 πηγὴ,
745 4386 954 4457 μέλιτος
983 4384 1141 4454 κόρον
1162 4387 1260 4438 οὑκ
1282 4386 1514 4457 ἔχοντος.
1553 4387 1721 4441 Τοῦτο
1750 4391 1846 4455 μὲν
1866 4391 1972 4462 γάρ
1992 4392 2052 4444 τὸ

481 4472 735 4542 αἰσθητὸν
784 4470 902 4539 μέλι
941 4472 997 4523 ἐν
1044 4474 1108 4541 τῇ
1162 4470 1373 4542 γλώττῃ
1418 4471 1673 4525 καταλύει
1702 4474 1800 4543 τὴν
1835 4475 2048 4544 ἡδονὴν,

484 4557 578 4611 καὶ
606 4557 683 4617 εἰς
725 4554 927 4623 φθορὰν
971 4557 1163 4624 χωρεῖ·
1207 4555 1268 4607 τὸ
1307 4557 1363 4607 δὲ
1407 4557 1504 4626 τῆς
1544 4557 1889 4619 διδασκαλίας
1929 4559 2051 4627 μέλι

484 4638 797 4707 ὲγκεύθεται
846 4637 921 4707 τῷ
978 4639 1253 4702 συνειδότι,
1312 4638 1532 4709 διηνεκῆ
1572 4640 1669 4710 τὴν
1716 4641 2052 4711 εὐφροσύνην

483 4721 785 4791 παρασχὸν,
836 4722 929 4774 καὶ
962 4721 1095 4790 πρὸς
1146 4722 1451 4792 ἀφθαρσίαν
1481 4725 1629 4793 ἡμᾶς
1658 4724 2046 4794 χειραγωγοῦν.

483 4806 592 4860 Καὶ
627 4807 688 4857 τὸ
728 4804 823 4874 μὲν
862 4804 968 4857 ἀπὸ
1010 4804 1245 4873 βοτανῶν
1282 4806 1605 4868 συντίθεται,
1635 4807 1697 4860 τὸ
1719 4808 1775 4860 δὲ
1809 4808 1917 4860 ἀπὸ
1944 4808 2051 4861 τῶν

484 4890 642 4943 θείων
677 4887 904 4958 Γραφῶν
945 4888 1247 4956 ὑφαίνεται.
1297 4888 1466 4942 Τοῦτο
1511 4892 1747 4961 σήμερον
1780 4893 1922 4961 ὑμᾶς
1968 4895 2053 4945 ὲν-

482 4975 716 5043 ἑπλησεν
747 4975 775 5024 ὁ
808 4970 986 5034 καλῶς
1014 4970 1273 5041 εἰρηκὼς,
1302 4973 1396 5025 καὶ
1424 4974 1521 5043 τῆς
1550 4975 1797 5044 ὑπακοῆς
1832 4976 1891 5028 τὸ
1923 4977 2053 5047 βραο

482 5058 625 5109 6εῖον
662 5056 897 5126 ἥρπασε,
936 5055 1031 5107 καὶ
1072 5054 1171 5123 τῆς
1213 5056 1433 5125 ἀγάπης
1484 5056 1583 5125 τὴν
1618 5058 1769 5127 ἰσχὺν
1810 5060 2051 5126 ὑπέδειξε

484 5139 698 5207 καὶτῆς
728 5138 959 5197 πίστεως
1000 5138 1097 5208 τὴν
1143 5137 1437 5205 εὐγένειαν.
1490 5139 1625 5209 Φέρε
1676 5139 1738 5209 δὴ
1771 5142 1864 5193 καὶ
1894 5143 2053 5213 ἡμεῖς

483 5224 579 5293 τὴν
612 5222 864 5275 εἰωθυῖαν
897 5220 1055 5273 πάλιν
1088 5220 1215 5289 ὑμῖν
1253 5220 1583 5291 παραϐῶμεν
1608 5222 1879 5292 τράπεζαν
1914 5225 2053 5294 μετὰ

488 5305 685 5374 πολλῆς
708 5305 806 5375 τῆς
834 5305 1164 5375 προθυμίας·
1199 5306 1290 5355 καὶ
1314 5304 1421 5372 γὰρ
1444 5304 1647 5373 σφόδρα
1670 5307 1949 5376 χαίρομεν,
1972 5309 2051 5363 δτι

487 5388 847 5458 ἱπποδρομίας
879 5386 1044 5457 οὔσης
1070 5386 1343 5455 λαμπρᾶς,
1375 5387 1625 5440 τοσοῦτον
1658 5390 1891 5444 ἐνταῦθα
1919 5393 2054 5462 πλῆ-

484 5471 576 5533 θος
600 5472 826 5540 ἀφῖκται
855 5472 951 5541 τῆς
974 5473 1090 5522 ἐκεῖ
1116 5470 1530 5539 καταφρονῆσαν
1557 5471 1855 5542 διατριϐῆς.
1881 5473 1970 5526 Διὸ
1989 5474 2051 5545 δὴ

485 5554 578 5605 καὶ
608 5554 758 5605 αὑτοὶ
806 5554 942 5622 μετά
983 5552 1183 5622 πολλῆς
1219 5556 1316 5622 τῆς
1358 5553 1635 5623 δαψιλείας
1680 5554 1770 5607 τὸν
1804 5560 2053 5629 κρατῆρα

487 5635 741 5704 ἱστῶμεν,
770 5637 1020 5707 κρατῆρα
1049 5638 1110 5689 οὐ
1159 5637 1331 5707 μέθην
1370 5634 1643 5701 ποιοῦντα,
1676 5638 1811 5692 ἀλλὰ
1837 5656 2050 5710 σωφρο-

488 5719 653 5788 σύνην
682 5720 1176 5785 κατασκευάζοντα.
1220 5720 1470 5785 Τοιοῦτος
1503 5722 1610 5792 γὰρ
1633 5723 1661 5774 ό
1689 5722 1796 5775 τῶν
1820 5712 2053 5794 Γραφῶν

485 5798 644 5863 ητνος,
668 5800 888 5854 τοιαῦτα
908 5803 1003 5871 τῆς
1030 5804 1305 5876 τραπέζης
1336 5804 1535 5877 ταύτης
1560 5804 1627 5859 τά
1646 5805 1750 5874 ὄψα
1769 5824 1782 5837 ·
1819 5808 1879 5860 ού
1905 5810 2051 5861 πιαί-

2151 4329 2232 4363 νει
2261 4310 2456 4379 σάρκα.
2489 4307 2597 4358 Καὶ
2626 4304 2795 4358 ταῦτα
2829 4304 3057 4374 λέγομεν
3087 4305 3187 4358 οὑκ
3225 4306 3581 4376 ἀτιμάζοντες
3617 4311 3720 4381 τῆς

2154 4391 2349 4462 σαρκὸς
2377 4392 2476 4458 τὴν
2510 4388 2688 4456 φύσιν,
2712 4386 2845 4440 ἀλλά
2881 4388 3244 4458 προτιμῶντες
3290 4391 3386 4459 τῆς
3415 4390 3593 4460 ψυχῆς
3617 4393 3721 4462 τὴν

2152 4476 2449 4544 εὐγένειαν·
2482 4474 2604 4525 οὑδὲ
2645 4474 2742 4544 τὴν
2785 4472 2979 4543 χρῆσιν
3027 4473 3396 4540 ὲκὸάλλοντες,
3439 4475 3574 4529 ἀλλά
3616 4478 3721 4546 τὴν

2150 4559 2413 4628 ἀμετρίαν
2437 4556 2769 4619 κολάζοντες.
2796 4554 2911 4608 Κᾶν
2929 4556 3035 4626 γὰρ
3053 4557 3448 4628 φιλοσοφῶμεν,
3474 4558 3616 4611 οὓτω
3637 4559 3723 4612 δεῖ

2152 4641 2477 4709 φιλοσοφεῖν,
2509 4639 2647 4691 ὥστε
2681 4638 2755 4709 μὴ
2786 4638 2980 4691 διδόναι
3014 4641 3124 4703 τοῖς
3148 4639 3253 4693 τῶν
3281 4641 3571 4711 αἱρετικῶν
3592 4647 3719 4696 στό-

2155 4741 2286 4793 μασι
2314 4711 2501 4792 λαϐήν.
2534 4721 2642 4775 Καὶ
2667 4720 2774 4789 γὰρ
2798 4720 2856 4773 τὸ
2884 4721 3041 4791 σῶμα
3072 4722 3226 4774 τοῦτο
3253 4723 3470 4777 ἔλαττον
3497 4726 3597 4794 μὲν
3618 4726 3721 4797 τῆς

2149 4805 2347 4875 ψυχῆς,
2391 4805 2490 4857 οὑκ
2537 4803 2772 4857 ἐναντίον
2819 4803 2874 4855 δὲ
2924 4807 2987 4874 τῇ
3038 4805 3213 4875 ψυχῇ·
3256 4806 3370 4858 ἀλλ’
3425 4809 3566 4879 ἀπλῆ
3619 4810 3722 4879 μὲν

2151 4887 2309 4959 αὑτὴ,
2348 4888 2669 4941 διακονεῖται
2693 4887 2748 4939 δὲ
2777 4889 2895 4950 ταῖς
2926 4887 3237 4957 ἐπιθυμίαις
3259 4892 3379 4952 ταῖς
3411 4891 3641 4946 ἐκείνου.
3661 4895 3723 4946 ’0

2151 4971 2535 5042 ἀριστοτέχνης
2567 4970 2696 5032 Θεὸς
2730 4971 2828 5022 οὑκ
2866 4970 2929 5022 ὲκ
2967 4972 3091 5039 μιᾶς
3136 4972 3230 5023 καὶ
3277 4971 3370 5024 δύο
3416 4976 3507 5027 καὶ
3553 4976 3724 5045 τριῶν

2150 5053 2347 5108 οὐσιῶν
2377 5053 2493 5106 τόδε
2521 5052 2581 5105 τὸ
2612 5055 2718 5105 πᾶν
2749 5055 3131 5122 συνεστήσατο,
3167 5054 3302 5107 ἀλλὰ
3336 5057 3583 5120 ποικίλας
3627 5061 3725 5113 καὶ

2150 5139 2433 5209 διαφόρους
2464 5136 2654 5205 φύσεις
2701 5138 2981 5207 εἰσήγαγε,
3027 5140 3123 5206 τῆς
3151 5139 3351 5202 οἰκείας
3395 5141 3585 5208 σοφίας
3626 5143 3725 5213 τὴν

2152 5222 2467 5293 περιουσίαν
2496 5222 2551 5273 ὲν
2587 5223 2652 5289 τῇ
2688 5218 2919 5289 διαφορᾷ
2948 5219 3055 5271 τῶν
3084 5220 3381 5290 γινομένων
3417 5224 3725 5277 ἐπιδεικνὺ-

2155 5323 2332 5377 μενος.
2366 5306 2441 5358 υὺ
2463 5303 2571 5373 γὰρ
2590 5302 2816 5373 οὐρανὸν
2841 5303 3063 5373 εποίησε
3088 5303 3267 5373 μόνον,
3306 5306 3439 5359 ἀλλά
3471 5307 3566 5359 καὶ
3594 5308 3726 5377 γῆν·

2150 5391 2212 5443 οὑ
2237 5390 2342 5459 γῆν
2372 5389 2549 5458 μόνον,
2590 5386 2725 5440 ἀλλά
2752 5385 2844 5439 καὶ
2873 5386 3043 5456 ἧλιονσ
3075 5386 3171 5457 οὑχ
3196 5388 3344 5457 ἥλιον
3380 5390 3558 5458 μόνον,
3587 5391 3731 5445 ἀλλὰ

2153 5476 2247 5527 καὶ
2271 5473 2515 5543 σελήνην·
2546 5471 2606 5523 οὑ
2630 5471 2855 5541 σελήνην
2881 5470 3056 5541 μόνον,
3081 5471 3213 5524 ἀλλά
3230 5473 3321 5525 καὶ
3342 5473 3602 5544 ἀστέρας·
3625 5476 3731 5527 οὑκ

2152 5560 2385 5630 ἀστέρας
2414 5559 2594 5628 μόνον,
2627 5555 2761 5609 ἀλλά
2779 5556 2872 5609 καὶ
2903 5557 3060 5627 ἀέρα’
3094 5557 3194 5610 οὑκ
3218 5558 3355 5629 ἀέρα
3388 5560 3568 5629 μόνον,
3590 5560 3731 5613 ἀλλά

2153 5644 2246 5697 καὶ
2286 5641 2528 5711 νεφέλας·
2558 5642 2618 5693 οὑ
2639 5640 2868 5710 νεφέλας
2898 5641 3076 5709 μόνον,
3105 5641 3241 5695 ἀλλὰ
3269 5642 3365 5696 καὶ
3391 5642 3603 5713 αίθέρα·
3626 5645 3730 5696 οὑκ

2151 5725 2344 5795 αἰθέρα
2376 5724 2554 5795 μόνον,
2577 5724 2710 5777 ἀλλὰ
2731 5725 2823 5776 καὶ
2846 5723 3059 5793 λίμνας,
3091 5725 3183 5777 καὶ
3211 5726 3411 5795 πηγὰς,
3430 5725 3525 5778 καὶ
3557 5742 3729 5778 ποτα.

2157 5812 2308 5884 μους,
2337 5810 2430 5863 καὶ
2456 5809 2580 5881 ὅρη,
2610 5809 2704 5863 καὶ
2723 5808 2918 5874 νάπας,
2941 5810 3035 5861 καὶ
3058 5807 3297 5879 βουνοὺς,
3319 5809 3412 5864 καὶ
3432 5809 3731 5881 λειμῶνας,
