3992 6300
231 416 303 472 iu
841 408 908 466 IN
940 409 1141 465 ILLUD
1180 407 1400 472 lSAle,
1439 405 1578 464 sco
1608 404 1901 463 DOMINUS
1940 405 2121 463 usus
2158 404 2310 462 ποι
2347 380 2602 472 tuum,
2642 405 2793 462 sm

227 526 587 582 medicamenta
631 522 935 584 adhibeam,
977 521 1193 575 vulnera
1235 534 1341 573 non
1385 517 1666 583 tollentur;
1702 517 1784 572 sin

185 689 188 692 Α
229 619 475 675 adhibeam
507 617 730 677 acerba,
761 630 855 669 vos
883 615 1117 668 dolorem
1145 628 1251 667 non
1280 611 1570 666 sustinetis.
1602 611 1783 679 Angu-

229 711 322 766 sﬁm
365 707 492 762 mihi
545 716 677 761 sunt
719 705 968 775 undique,
1008 703 1098 758 sed
1137 717 1313 772 operte
1357 702 1584 772 pretium
1629 701 1788 754 fuerit

232 816 416 858 manum
451 798 710 864 deinceps
751 798 1033 856 cohibere;
1078 794 1346 850 sufﬁciunt
1379 795 1522 848 enim
1551 791 1697 845 dicta
1719 791 1785 844 ad

235 907 414 954 eorum,
443 889 531 958 qui
557 888 747 941 attenti
779 886 1006 949 fuerint,
1034 885 1478 938 emendationem.
1514 882 1791 936 Verumta-

235 1001 334 1039 men
365 992 419 1037 ut
456 998 560 1036 non
592 982 764 1035 solum
790 980 974 1045 vobis,
1010 977 1098 1032 sed
1129 985 1181 1031 et
1206 976 1413 1030 caeteris
1440 975 1582 1029 utilia
1613 981 1789 1026 vestra

238 1091 378 1147 opera
399 1076 556 1138 ﬁant,
585 1087 683 1140 age
705 1086 890 1126 rursus
917 1084 978 1124 ea
1006 1070 1307 1123 summatim
1330 1067 1552 1121 collecta
1582 1074 1789 1132 repeta-

240 1183 354 1223 mus.
387 1165 739 1220 Disseruimus
778 1162 846 1216 de
886 1160 1195 1230 Seraphim,
1239 1159 1566 1213 ostendimus
1594 1165 1790 1226 quanta

243 1261 297 1314 sit
317 1259 550 1327 dignitas,
569 1257 718 1325 juxta
745 1254 947 1324 regium
971 1253 1157 1306 solium
1183 1260 1344 1315 stare,
1367 1261 1419 1303 et
1445 1251 1494 1302 in
1517 1249 1790 1302 hominum

243 1359 473 1420 poleSL'tle
494 1349 650 1402 situm
672 1361 812 1410 esse,
834 1358 888 1399 ut
909 1346 1214 1414 dignitatem
1239 1344 1381 1396 illam
1403 1342 1785 1410 adipiscantur.

246 1444 453 1498 Diximus
480 1441 544 1494 de
563 1440 682 1504 alis,
713 1450 768 1492 et
795 1439 860 1493 de
888 1436 1234 1490 inaccessibili
1260 1434 1351 1489 Dei
1377 1436 1585 1495 virtute,
1615 1433 1789 1502 deque

249 1533 560 1601 indulgentia,
589 1546 693 1599 qua
722 1544 780 1584 se
812 1528 963 1582 nobis
991 1525 1390 1593 altempcravit;
1421 1524 1709 1592 adiecimus
1739 1532 1794 1577 et

251 1639 430 1678 causam
452 1622 696 1678 clamoris
720 1635 781 1674 ac
803 1629 1068 1688 perpetuen
1091 1616 1474 1679 admirationis,
1494 1625 1544 1669 et
1566 1615 1653 1683 qui
1678 1614 1789 1678 ﬁat,

226 1729 299 1770 -ut
323 1718 431 1770 dum
453 1714 731 1783 Seraphim
755 1712 1115 1766 indesinenter
1147 1709 1310 1762 Deum
1341 1705 1788 1774 contemplantur,

251 1823 350 1862 eum
387 1805 737 1858 indesinenter
781 1815 991 1871 quoque
1028 1799 1350 1870 gloriﬁcent;
1382 1794 1795 1850 commonefeci-

252 1913 351 1952 mus
378 1913 462 1951 vos
498 1895 708 1951 cuinam
750 1893 918 1947 choro
951 1906 1346 1954 aecenseamur,
1380 1899 1575 1944 etcum
1603 1879 1793 1956 quibus

252 2003 550 2044 communem
577 1985 858 2040 Dominum
878 1983 1180 2047 laudemus;
1209 1981 1498 2051 adiecimus
1517 1987 1572 2034 et
1592 1977 1658 2033 de
1680 1992 1796 2048 pte-

321 2167 484 2178 ..-κα--
510 2167 554 2175 ο.
567 2165 628 2176 σο,-
643 2166 736 2174 --
750 2165 1040 2174 -υ--ο-ο-φ..
1051 2162 1558 2172 ._-_.—-.————~_————._-_
1577 2161 1722 2166 -ν------

321 2169 484 2178 -..α--.-
510 2169 1040 2176 -ν-ν--σ--ψῂν
1052 2169 1170 2172 ήννέ
1193 2169 1238 2170 ,i
1333 2169 1336 2170 ,

256 2169 589 2198 h--——w
605 2181 760 2189 ..α-νο.--
769 2180 936 2188 __—_—-
949 2183 952 2185 .
963 2176 1574 2188 ὀη-η-ς--μ-..α
1585 2177 1590 2181 .
1609 2176 1618 2180 -
1631 2177 1638 2181 .
1670 2175 1726 2181 ---

1105 2177 1481 2187 ..._.—————.-——-

3370 410 3474 466 1:.‘1

1892 519 2108 574 nitentia
2137 532 2440 580 sermones;
2468 533 2531 572 ac
2559 517 2796 584 demum,
2818 533 2976 588 quam
2995 534 3155 590 grave
3179 519 3250 575 sit
3270 521 3470 577 malum

1889 625 2009 664 cum
2055 625 2213 678 prava
2253 610 2574 664 conscientia
2618 609 2683 662 ad
2729 625 2877 664 sacra
2907 613 3155 682 mysteria
3183 613 3465 675 accedere,

1890 702 2394 766 demonstravimus,
2422 711 2476 756 et
2515 719 2620 772 quo
2665 715 2818 772 pacto
2861 704 2973 757 ﬁeri
3013 717 3264 773 nequeat,
3293 717 3350 759 nt
3381 705 3475 774 qui

1891 805 2070 851 manet
2096 796 2439 858 incorrectus,
2476 810 2686 864 pugnam
2715 797 2894 849 evitet.
2925 797 3049 852 llzrc
3077 809 3128 851 et
3155 813 3288 852 uxor
3307 814 3334 850 a
3359 801 3473 851 vir-1

1891 887 2080 953 diseat,
2105 897 2158 941 et
2185 887 2322 940 ﬁlius
2343 902 2369 939 a
2393 897 2562 956 patre,
2587 898 2635 940 et
2665 902 2852 942 servus
2880 904 2907 940 a
2933 889 3168 950 domino,
3196 901 3245 943 et
3273 891 3474 944 vicinos

1892 997 1921 1033 a
1950 983 2142 1047 vicino,
2169 991 2222 1035 et
2245 983 2446 1036 amicus
2475 982 2543 1034 ab
2570 983 2770 1045 amico;
2800 981 2905 1034 imo
2936 983 3096 1036 etiam
3127 981 3354 1038 inimicis
3376 986 3482 1037 isla-

1895 1089 2170 1128 nz'rremus
2195 1090 2207 1126 :
2235 1089 2353 1125 nam
2377 1081 2430 1126 et
2452 1073 2657 1126 illorum
2688 1073 2873 1125 salutis
2906 1073 3056 1125 nobis
3082 1082 3164 1126 est
3194 1074 3328 1127 ratio
3355 1073 3478 1125 rod-

1893 1165 2085 1220 denda.
2124 1165 2180 1218 Si
2210 1165 2349 1218 enim
2378 1164 2585 1216 illorum
2614 1165 2819 1232 erigere
2840 1164 3078 1230 jumenta
3109 1181 3225 1232 qua:
3262 1165 3468 1218 cecide-

1895 1258 2032 1322 rint,
2063 1267 2114 1310 et
2145 1271 2264 1324 quae
2290 1256 2651 1309 aberraverint
2677 1269 2996 1308 conservare
3022 1271 3083 1307 ac
3109 1254 3363 1309 reducere
3391 1256 3477 1323 ju-

1893 1348 2082 1403 bemur
2109 1349 2126 1420 (
2151 1345 2319 1402 Exod.
2351 1347 2439 1401 23.
2476 1349 2506 1401 5'
2528 1346 2547 1416 )
2567 1387 2581 1410 ,
2615 1347 2781 1400 multo
2807 1347 2974 1415 magis
3001 1356 3268 1400 errantem
3291 1361 3475 1400 eorum

1895 1444 2124 1496 animam
2148 1456 2244 1496 nos
2267 1441 2540 1504 reducere,
2561 1450 2613 1492 et
2633 1441 2918 1508 eollapsam
2942 1448 3150 1507 oportet
3170 1439 3393 1505 erigere.
3422 1435 3480 1492 Si

1895 1537 1995 1591 hoc
2020 1544 2172 1606 pacto
2193 1545 2404 1588 nostras
2423 1544 2476 1588 et
2497 1533 2854 1602 proximorum
2879 1547 2960 1585 res
2977 1530 3478 1599 dispensaverimus,

1897 1638 2020 1682 ante
2061 1627 2290 1681 tribunal
2339 1624 2534 1679 Christi
2582 1640 2701 1677 cum
2748 1623 2933 1676 ﬁducia
2975 1632 3115 1676 stare
3166 1621 3478 1690 poterimus,

1896 1736 2018 1775 cum
2063 1734 2169 1788 quo
2217 1718 2358 1772 Patri
2401 1717 2589 1786 gloria,
2633 1715 2824 1780 honor,
2869 1715 3166 1784 imperium,
3217 1728 3319 1766 una
3358 1725 3489 1764 cum

1898 1822 2082 1865 sancto
2115 1825 2178 1864 ac
2212 1809 2421 1863 viviﬁco
2459 1808 2677 1877 Spiritu,
2712 1820 2850 1860 nunc
2872 1814 2925 1860 et
2949 1819 3179 1874 semper,
3211 1814 3265 1858 et
3290 1805 3340 1857 in
3371 1817 3476 1855 sze-

1898 1902 2013 1957 cula
2043 1901 2380 1957 saeculorum.
2415 1900 2607 1954 Amen.

1297 2505 1342 2562 A
1357 2502 1406 2561 Ι)
1443 2498 1847 2562 HOMILIAM
1887 2495 2392 2571 SEQUENTEM.

321 2762 519 2817 Difﬁcile
560 2773 728 2830 porro
784 2763 872 2811 est
913 2762 1151 2808 statuere
1201 2749 1572 2805 Antiochizene
1598 2765 1667 2802 an
1698 2747 2164 2819 Constantinopoli
2216 2747 2357 2801 hanc
2404 2744 2656 2800 habuerit
2706 2744 2981 2800 homiliam
3028 2744 3491 2817 Clirysostomus._

274 2895 526 2967 Aegin-ator
552 2893 958 2956 Tillemontius,
987 2888 1453 2958 Constantinopoli
1500 2887 1697 2941 dictam
1736 2886 1926 2950 fuisse,
1983 2885 2108 2955 quia
2161 2883 2582 2955 Chrysostomus
2623 2883 2715 2939 hic
2760 2894 2883 2955 post
2923 2885 3088 2939 alium
3116 2886 3486 2941 concionatus-

280 3033 462 3099 dleitur;
493 3032 579 3088 sed
609 3042 714 3088 tam
744 3030 851 3084 levi
878 3029 1202 3098 conjecturae
1233 3042 1300 3080 ne
1329 3025 1442 3096 ipse
1475 3025 1691 3094 quidem
1718 3023 2098 3077 Tillemontius
2132 3021 2446 3092 adstipulari
2478 3020 2661 3077 audet.

338 3180 671 3247 loterpretatio
693 3176 892 3232 Latina
922 3185 1005 3230 est
1037 3173 1326 3229 Frontonis
1359 3171 1559 3226 Ducaei.

277 3469 3471 3503 Μ

895 3595 1015 3676 IN
1064 3584 1912 3672 PROPHETICUM
1964 3580 2426 3663 DICTUM
2488 3559 2874 3666 ILLUD,

260 3775 353 3820 sco
388 3779 649 3821 nummus
691 3776 858 3819 usus
889 3773 1032 3816 nec:
1078 3769 1290 3814 LUMEN
1323 3768 1404 3810 ET
1443 3763 1789 3816 reasons,
1819 3759 2080 3803 mersus
2124 3757 2358 3809 pacem,
2405 3756 2484 3797 ET
2532 3754 2771 3797 comas
2817 3752 2984 3796 usu
3031 3731 3210 3814 (1εαί.
3245 3731 3343 3792 ῑιὸ.
3387 3735 3475 3814 7).

1631 3891 1733 3944 suo
1744 3890 1932 3943 res-(ea

310 4042 351 4094 1.
388 4042 545 4095 Pauca
572 4050 694 4094 sunt
724 4038 939 4109 quidem
964 4035 1123 4100 dicta,
1149 4033 1242 4087 sed
1263 4031 1432 4086 dulcis
1472 4030 1590 4084 fons
1619 4029 1791 4082 mellis

253 4146 335 4197 est,
373 4132 535 4187 mellis
574 4131 716 4200 quod
765 4128 1035 4184 fastidium
1075 4126 1294 4179 minime
1333 4123 1485 4193 parit.
1527 4122 1656 4175 Nam
1693 4120 1795 4174 hoc

251 4227 429 4292 quidem
454 4227 554 4281 mel
583 4225 780 4281 sensile
821 4223 1147 4292 voluptatem
1187 4220 1238 4274 in
1283 4219 1456 4285 lingua
1488 4217 1632 4281 ﬁnit,
1661 4227 1714 4268 et
1741 4215 1792 4267 in

251 4321 608 4386 corruptionem
633 4317 746 4370 abit
778 4315 922 4368 :mel
961 4327 1086 4366 vero
1123 4310 1376 4365 doctrina:
1417 4307 1794 4363 conscientiam

251 4406 386 4462 afﬁcit
418 4411 510 4479 (a),
542 4421 768 4477 eamque
811 4413 1061 4475 perpetua
1113 4402 1292 4455 laetitia
1335 4398 1625 4469 perfundit,
1654 4407 1705 4451 et
1727 4396 1795 4451 ad

250 4500 671 4556 immortalitatem
715 4514 813 4554 nos
846 4497 1078 4552 deducit.
1120 4498 1290 4564 Atque
1330 4493 1452 4546 illud
1495 4491 1704 4561 quidem
1731 4506 1797 4544 ex

249 4589 402 4646 herbis
442 4592 812 4661 componitur,
844 4589 945 4643 hoc
984 4598 1159 4641 autem
1189 4603 1254 4640 ex
1282 4584 1475 4640 divinis
1511 4583 1797 4651 Scripturis

250 4685 417 4736 texitur
443 4701 454 4735 :
489 4684 591 4736 hoc
615 4696 711 4736 vos
741 4680 1001 4734 hodierno
1027 4678 1113 4731 die
1146 4675 1432 4745 complevit
1458 4675 1522 4737 is,
1551 4674 1638 4743 qui
1665 4688 1798 4742 prte-

250 4773 367 4827 clare
384 4774 534 4840 dixit,
557 4783 612 4827 et
639 4772 954 4827 obedientia:
973 4769 1242 4839 praemium
1271 4766 1579 4835 reportavit,
1606 4779 1667 4818 ac
1695 4765 1798 4818 vim

253 4865 454 4920 Caritatis
489 4874 543 4919 et
589 4863 709 4918 ﬁdei
750 4863 1078 4916 nobilitatem
1115 4859 1366 4915 ostendit.
1391 4861 1500 4927 Age
1530 4872 1656 4925 ergo
1702 4870 1800 4910 nos

254 4969 432 5027 quoque
474 4957 637 5010 multa
684 4971 807 5010 cum
841 4954 1116 5009 alacritate
1147 4953 1353 5006 solitam
1385 4965 1620 5003 mensam
1649 4949 1800 5002 vobis

257 5060 434 5103 rursum
481 5063 845 5118 apponamus:
897 5061 1002 5100 non
1041 5045 1182 5100 enim
1232 5042 1568 5097 mediocriter
1605 5039 1802 5111 gaude-

261 5153 374 5206 mus,
393 5142 528 5212 quod
553 5158 672 5196 cum
701 5140 837 5195 adeo
857 5138 1096 5193 celebres
1119 5138 1223 5190 sint
1248 5135 1353 5190 ludi
1381 5134 1680 5195 Circenses,
1712 5131 1800 5184 illa

262 5229 426 5288 ludicra
462 5234 810 5301 occupatione
856 5235 1160 5298 contempta
1201 5226 1304 5281 huc
1350 5234 1493 5279 tanta
1522 5221 1801 5276 multitudo

263 5323 553 5378 conﬂuxerit.
575 5324 833 5391 Quocirca
856 5335 956 5375 nos
977 5320 1133 5374 etiam
1161 5317 1322 5372 multa
1345 5331 1464 5370 cum
1489 5313 1802 5368 liberalitate

263 5423 484 5470 ueterem
506 5415 788 5470 statuimus
807 5455 822 5479 ,
847 5417 1107 5467 craterem
1133 5408 1224 5478 qui
1243 5407 1553 5462 ebrietatem
1584 5405 1803 5458 minime

312 5590 374 5652 (a)
397 5591 452 5655 1n
481 5600 656 5650 Graeco,
683 5601 959 5655 dpé.ﬂﬂ_19
977 5592 1180 5655 metas“.
1195 5581 1472 5655 Ad‘literar'u
1492 5585 1592 5655 est,
1610 5579 1803 5655 obscen-

263 5643 372 5701 ditur
390 5653 436 5703 in
452 5643 966 5704 conscietitiéﬁaviliuls
981 5647 1247 5704 suspicatur
1266 5643 1528 5704 legendum
1549 5653 1678 5698 esse,
1695 5653 1803 5696 ιτιά-

262 5723 358 5764 ιιι-ι.
379 5717 462 5765 Sed
477 5717 586 5765 nihil
600 5723 884 5778 suspectum
899 5712 951 5760 in
967 5704 1282 5778 haclectioue
1299 5704 1645 5778 animadverto.
1663 5709 1804 5778 Fron-

262 5781 306 5821 to
324 5784 500 5828 Imus
536 5767 701 5835 vertit;
721 5771 1062 5824 conscientiam
1083 5767 1249 5836 aﬂicit,
1280 5767 1437 5830 magis
1475 5777 1670 5815 sensum
1693 5777 1803 5827 sic.

263 5849 390 5896 enus.
411 5853 548 5900 qum
567 5837 928 5901 etymologiam.
1443 5858 1449 5864 -

1900 4025 2085 4096 gignit,
2133 4023 2228 4077 sed
2277 4020 2676 4090 temperantiam
2719 4020 2879 4086 parit.
2907 4017 3035 4070 Tale
3075 4033 3302 4084 namque
3333 4017 3477 4071 Scri-

1901 4129 2172 4186 pturarum
2199 4122 2280 4168 est
2299 4114 2499 4176 vinum,
2534 4111 2655 4164 talia
2688 4124 2885 4162 mensa:
2913 4119 3033 4162 sunt
3057 4110 3207 4162 istius
3227 4109 3477 4162 obsonia:

1901 4211 2147 4278 pinguem
2178 4214 2230 4259 et
2256 4206 2467 4259 obesam
2498 4216 2712 4257 carnem
2754 4217 2856 4254 non
2890 4201 3134 4253 reddunt.
3177 4200 3238 4253 Et
3266 4201 3379 4254 lia'c
3400 4201 3480 4252 di-

1900 4304 2088 4366 cimus,
2116 4315 2217 4354 non
2243 4309 2299 4352 ut
2322 4297 2606 4368 ignominia
2634 4310 2846 4348 carnem
2880 4293 3195 4356 afﬁciamus,
3226 4293 3318 4345 sed
3341 4293 3480 4360 (mod

1901 4396 2091 4448 anima:
2135 4393 2463 4446 nobilitatem
2508 4387 2674 4457 pluris
2720 4386 3091 4439 mstimemus:
3146 4398 3318 4452 neque
3355 4399 3483 4436 vero

1903 4501 2054 4540 usum
2097 4484 2389 4551 rejicimus,
2429 4479 2520 4532 sed
2555 4492 2832 4533 excessum
2872 4475 3227 4544 rcprimimus.
3257 4474 3311 4529 Si
3340 4473 3480 4527 enim

1903 4577 2358 4649 philosophemur,
2384 4575 2452 4628 ita
2483 4569 2960 4642 philosophandum
2985 4578 3087 4635 est,
3121 4576 3176 4621 ut
3203 4567 3476 4621 haeretico-

1902 4687 2017 4725 rum
2039 4667 2118 4739 (a)
2150 4667 2341 4736 linguis
2370 4678 2554 4718 ansam
2595 4677 2700 4716 non
2741 4660 2946 4714 demus.
2976 4657 3108 4712 Nam
3141 4659 3243 4712 hoc
3270 4658 3483 4728 quidem

1902 4776 2096 4831 corpus
2145 4760 2321 4814 minus
2361 4767 2444 4810 est
2488 4755 2685 4819 anima,
2727 4752 3050 4806 contrarium
3103 4766 3227 4806 vero
3271 4767 3376 4804 non
3405 4765 3487 4810 cst

1904 4853 2094 4906 anima:
2127 4867 2141 4903 :
2175 4847 2265 4902 sed
2291 4846 2512 4914 simplex
2545 4843 2861 4912 estquidem
2893 4842 2999 4908 illa,
3032 4857 3216 4895 verum
3247 4844 3486 4908 corporis

1904 4941 2285 5011 cupiditatibus
2331 4936 2633 4991 famulatur.
2665 4936 2803 4989 Deus
2832 4934 2972 4987 enim
3001 4932 3188 4985 artifex
3222 4942 3484 4999 praestan-

1906 5035 2140 5088 tissimus
2160 5046 2264 5085 non
2285 5044 2350 5082 ex
2373 5043 2472 5081 una
2495 5037 2547 5080 et
2567 5024 2772 5079 duabus
2789 5034 2841 5078 et
2866 5023 3036 5077 tribus
3058 5021 3364 5074 substantiis
3387 5020 3487 5072 hoc

1905 5129 2210 5183 universum
2236 5120 2548 5185 constituit,
2579 5118 2670 5173 sed
2701 5117 2874 5171 varias
2895 5131 2956 5168 ac
2981 5114 3254 5168 distinctas
3285 5111 3487 5164 invexit

1907 5235 2142 5286 naturas,
2179 5229 2236 5274 ut
2264 5217 2636 5273 abundantiam
2659 5213 2930 5283 sapicntim
2955 5225 3064 5263 sum
3096 5210 3146 5262 in
3178 5207 3486 5261 diversitate

1908 5330 2086 5370 rerum
2131 5310 2460 5366 ostenderet.
2486 5307 2608 5363 Non.
2636 5305 2778 5360 enim
2811 5304 2996 5357 crelnm
3024 5297 3261 5352 condidit
3289 5298 3482 5360 solum,

1909 5404 2003 5460 sed
2027 5413 2082 5458 et
2107 5413 2300 5458 terram
2325 5417 2344 5454 :
2365 5414 2470 5454 non
2498 5407 2690 5452 terram
2724 5395 2914 5454 Solum,
2946 5389 3040 5444 sed
3063 5401 3111 5441 cl
3139 5389 3304 5442 solem
3332 5405 3347 5442 :
3378 5404 3486 5442 non

1909 5499 2074 5553 solem
2121 5495 2299 5557 modo,
2327 5493 2420 5548 sed
2458 5501 2511 5546 et
2544 5491 2720 5543 lunam
2752 5504 2766 5541 :
2812 5500 2917 5538 non
2958 5484 3134 5536 lunam
3170 5481 3362 5547 solum,
3390 5481 3484 5535 sed

1909 5601 1960 5643 et
1985 5588 2165 5642 stellas
2190 5604 2204 5640 :
2245 5599 2349 5639 non
2371 5581 2554 5638 stellas
2579 5579 2770 5640 solum,
2799 5573 2892 5628 sed
2917 5581 2972 5626 et
2991 5586 3167 5626 aerem
3196 5587 3211 5625 :
3253 5587 3359 5625 non
3390 5586 3484 5624 ao-

1908 5699 2020 5738 rem
2041 5682 2231 5745 solum,
2259 5677 2352 5733 sed
2373 5684 2427 5731 et
2445 5673 2640 5728 nubes:
2669 5684 2772 5723 non
2794 5665 2966 5721 nubes
2992 5664 3183 5734 solum,
3205 5664 3300 5721 sed
3325 5667 3484 5722 etiam

1969 5819 2041 5882 (a)
2076 5810 2348 5866 Manichaee
2369 5805 2615 5868 intelligit.
