3992 6300
496 363 598 421 N3

492 483 691 540 aethera
722 498 738 537 :
770 496 873 536 nou
902 478 1103 535 ethera
1130 477 1326 543 solum,
1357 474 1451 531 sed
1477 476 1635 530 etiam
1673 472 1840 537 lacus,
1870 470 2061 534 fontes,

492 575 703 640 lluvios,
724 582 954 638 montes,
983 569 1169 636 valles,
1193 569 1379 634 colles,
1407 574 1577 636 prata,
1602 565 1807 629 hortos,
1836 562 2066 629 semina,

491 667 724 737 plantas,
759 662 1041 719 herbarum
1069 660 1210 714 varia
1233 673 1450 729 genera,
1479 658 1780 727 formasque
1806 652 2068 714 diversas,

492 759 634 811 vires
664 755 922 819 diversas,
952 767 1015 807 ac
1035 750 1274 805 diversas
1300 757 1516 804 naturas
1536 760 1757 802 cernere
1783 743 1999 814 poterit,
2025 743 2069 795 si

493 848 613 918 quis
656 844 913 899 mundum
955 842 1187 912 undique
1215 840 1452 895 lustrarit
1482 856 1496 904 ;
1536 848 1592 893 et
1613 837 1655 891 si
1689 846 1855 890 totum
1882 834 2068 888 orbem

493 950 760 994 terrarum
803 937 1126 1008 cogitatione
1163 934 1506 1005 percurrerit,
1550 945 1669 986 cum
1716 929 1979 999 propheta
2017 927 2078 980 in

491 1034 588 1087 has
608 1047 767 1087 voces
792 1039 1034 1099 erumpet
1057 1047 1070 1083 :
1098 1028 1263 1096 Quam
1288 1027 1614 1097 magniﬁcam
1637 1032 1751 1078 sunt
1779 1039 1931 1090 opera
1961 1030 2069 1083 tua,

491 1124 747 1179 Domine!
779 1121 963 1177 Omnia
1004 1124 1057 1175 in
1100 1120 1346 1191 sapientia
1391 1118 1552 1191 fecisti
1586 1116 1753 1187 (Psal.
1793 1116 1913 1170 105.
1954 1114 2069 1183 24).

490 1215 673 1285 Itaque
698 1217 741 1272 si
773 1215 1038 1270 theatrum
1079 1223 1322 1284 spectare
1349 1212 1500 1280 cupis
1523 1252 1539 1276 ,
1580 1208 1646 1263 ad
1674 1209 1775 1263 hoc
1801 1207 2072 1277 spirituale

491 1308 734 1362 satanico
761 1305 853 1360 illo
883 1304 1137 1360 derelicto
1165 1302 1328 1358 veni:
1372 1301 1415 1356 si
1460 1301 1625 1372 lyram
1674 1299 1823 1368 cupis
1866 1296 2072 1363 audire,

494 1398 587 1451 illo
618 1405 883 1450 concentu
913 1395 1154 1461 dimisso,
1195 1403 1246 1449 et
1271 1392 1504 1449 excitato
1533 1391 1727 1445 mentis
1755 1399 1856 1444 tua:
1881 1388 2074 1444 robore

493 1487 559 1540 ad
589 1487 726 1541 hanc
755 1488 873 1541 veni
898 1526 914 1549 ,
940 1502 1059 1556 quae
1086 1486 1320 1539 animum
1345 1492 1492 1539 tuum
1523 1483 1705 1553 erigit,
1734 1489 2074 1550 mentemque

492 1578 793 1633 confirmat.
821 1577 955 1634 Vide
980 1587 1036 1632 ut
1061 1577 1175 1632 soni
1201 1576 1417 1641 diversi,
1440 1574 1758 1644 chordzeque
1787 1572 2072 1640 distinctaz,

493 1686 705 1725 summo
755 1667 932 1741 opifici
980 1669 1091 1724 Deo
1143 1684 1304 1722 ttnutn
1343 1676 1399 1723 et
1436 1666 1807 1721 suavissimum
1843 1663 2075 1733 undique

493 1772 810 1818 concentum
833 1762 1095 1818 emittant.
1125 1761 1236 1817 Ceu
1259 1763 1399 1816 enim
1429 1761 1644 1831 quidam
1673 1772 1836 1816 sonus
1856 1757 2075 1828 spiritus

493 1873 562 1911 ex
580 1855 949 1911 differentibus
978 1855 1122 1909 sonis
1151 1853 1411 1909 conflatus
1452 1869 1617 1908 unum
1652 1851 1814 1907 habet
1840 1865 2075 1907 concen-

494 1956 605 2001 tum
632 1947 1089 2017 gloriﬁcationem,
1115 1963 1215 2016 qua
1242 1945 1475 2001 celebrat
1501 1944 1879 2001 Conditorem:
1908 1952 1963 1999 et
1988 1959 2076 1999 so-

495 2049 629 2095 nant
658 2040 870 2110 quidem
910 2041 1199 2110 separatim
1235 2039 1449 2095 chorda:
1477 2040 1697 2110 singulm
1721 2082 1736 2106 ,
1765 2049 1958 2095 sonant
1982 2054 2075 2092 au-

493 2141 603 2186 tem
649 2142 704 2187 et
745 2131 885 2187 inter
915 2146 973 2187 se
1003 2133 1321 2201 conjunctm.
1352 2133 1528 2201 Atque
1560 2139 1618 2184 ut
1646 2130 1909 2201 intelligas
1930 2170 1944 2195 ,
1969 2145 2076 2197 quo

494 2232 652 2291 pacto
698 2223 985 2292 separatim
1033 2232 1246 2289 sonent,
1294 2222 1412 2276 caeli
1456 2220 1713 2276 chordam
1757 2221 2077 2292 cogitatione

495 2314 722 2382 pulsato,
756 2324 866 2368 tum
894 2314 1092 2384 ingenti
1122 2313 1265 2368 edito
1292 2328 1425 2367 sono
1452 2313 1640 2367 audies
1665 2328 1782 2367 eam
1816 2314 1924 2367 Deo
1956 2313 2075 2365 lau-

494 2406 616 2459 dem
657 2407 869 2461 offerre.
918 2406 1069 2475 Quod
1113 2422 1234 2461 cum
1290 2407 1751 2462 animadvertisset
1795 2406 2074 2475 propheta,

497 2497 631 2551 dixit
658 2516 672 2552 :
700 2498 824 2553 ϐωιὶ
851 2510 1088 2552 enarrant
1106 2499 1320 2569 gloriam
1349 2499 1466 2563 Dei,
1494 2515 1622 2568 opus
1641 2510 1808 2553 autem
1838 2516 2077 2553 manuum

498 2590 609 2654 ejus
655 2590 921 2642 annuntiat
971 2592 1345 2657 ﬁrmamentum
1390 2589 1559 2662 (Psal.
1603 2591 1689 2646 18.
1734 2590 1814 2662 2).
1864 2590 1948 2645 Ab
1989 2591 2076 2645 illa

497 2679 699 2734 rhorda
727 2680 793 2735 ad
820 2681 923 2736 diei
967 2682 1243 2752 noctisque
1270 2682 1524 2738 chordam
1554 2683 1818 2738 descende
1836 2726 1851 2750 ,
1889 2696 1996 2738 tum
2024 2694 2079 2738 et

501 2769 600 2825 hos
629 2771 739 2843 lyra
770 2774 954 2841 quavis
980 2783 1031 2827 et
1057 2774 1259 2828 cithara
1301 2776 1576 2829 suaviores
1602 2776 1769 2829 emitti
1798 2790 1959 2830 sonos
2001 2777 2078 2828 vi-

497 2863 692 2918 debis:
744 2865 1039 2933 prazsertim
1085 2880 1213 2920 vero
1252 2880 1375 2920 cum
1428 2865 1657 2921 adfuerit
1706 2866 1794 2937 qui
1852 2866 2078 2922 chordas

498 2958 626 3009 istas
668 2956 881 3025 pulsare
926 2958 1151 3012 noverit.
1180 2958 1419 3024 Quonam
1458 2967 1636 3014 autem
1666 2970 1821 3030 pacto
1846 2962 2078 3016 sonant?

498 3047 638 3102 dicet
664 3047 875 3117 aliquis.
916 3048 1114 3103 Caelum
1144 3064 1249 3103 non
1278 3065 1337 3104 os
1366 3060 1574 3117 movet,
1609 3067 1779 3121 neque
1804 3053 2033 3123 linguam
2058 3093 2076 3119 ,

498 3154 670 3208 neque
700 3141 954 3209 palatum,
978 3156 1149 3211 neque
1176 3142 1383 3209 dentes,
1403 3158 1575 3214 neque
1600 3143 1778 3199 labra:
1810 3146 2078 3215 quomodo

498 3246 625 3301 ergo
654 3247 757 3286 vox
783 3233 994 3287 oritur?
1022 3234 1288 3303 quomodo
1316 3242 1491 3289 autem
1520 3235 1636 3290 dies
1675 3237 1906 3306 loquitur
1932 3238 2080 3294 ?Ne-

499 3339 605 3394 que
647 3324 788 3381 enim
822 3325 936 3381 haec
974 3327 1172 3381 vocalia
1201 3336 1323 3382 sunt
1354 3328 1701 3383 instrumenta
1723 3370 1739 3397 ,
1771 3328 1866 3384 sed
1893 3343 2080 3384 cursus

498 3416 628 3470 solis
649 3426 705 3471 et
727 3416 868 3472 luna
890 3417 1003 3472 dies
1027 3428 1107 3473 est
1128 3427 1182 3473 et
1210 3433 1338 3486 nox,
1359 3420 1716 3489 temporisque
1746 3436 2079 3490 progressus.

499 3505 578 3562 Ne
606 3507 766 3577 igitur
787 3523 852 3563 ex
890 3509 1239 3564 crassioribus
1272 3510 1466 3580 aliquis
1507 3510 1587 3565 his
1616 3512 1810 3567 auditis
1838 3528 2079 3569 commo-

501 3608 693 3654 veatur
718 3616 782 3654 ac
806 3601 1148 3670 perturbetur
1169 3643 1184 3665 ,
1212 3602 1333 3657 audi
1369 3618 1476 3673 quo
1514 3614 1669 3674 pacto
1699 3603 1783 3658 his
1808 3646 1822 3671 ,
1850 3621 1967 3675 quae
1992 3605 2078 3660 di-

500 3699 585 3745 cta
633 3700 779 3758 sunt,
832 3692 1028 3749 addere
1078 3692 1279 3764 majora
1322 3695 1595 3751 contendit
1640 3696 1917 3766 prOpheta.
1948 3698 2078 3752 Cum

501 3781 645 3836 enim
674 3783 836 3837 caios
883 3783 977 3839 Dei
1015 3783 1240 3854 gloriam
1279 3800 1531 3842 enarrare
1569 3787 1827 3854 dixisset,
1856 3796 1911 3842 et
1936 3788 2080 3844 diem

501 3870 607 3927 diei
635 3873 856 3927 verbum
883 3881 1145 3940 eructare,
1173 3886 1492 3948 noctemque
1521 3879 1662 3932 nocti
1684 3879 1961 3935 scientiam
1993 3882 2080 3935 in-

501 3962 681 4018 dicare
702 3962 864 4032 (Ibid.
892 3981 941 4020 υ.
968 3965 1048 4036 5),
1073 3982 1177 4020 non
1206 3965 1291 4022 hic
1314 3967 1569 4036 substitit,
1586 3971 1681 4026 sed
1703 3970 1933 4042 adjecit:
1960 3971 2084 4027 Non

503 4062 620 4106 sunt
648 4052 880 4122 loquelas,
915 4070 1072 4124 neque
1110 4071 1385 4125 sermones,
1427 4075 1640 4127 quarunt
1675 4078 1775 4116 non
1810 4063 2084 4119 audiantur

502 4162 644 4201 voces
671 4162 843 4200 eorum
880 4145 1043 4215 (Ibid.
1073 4165 1120 4202 υ.
1150 4149 1227 4219 4).
1254 4149 1457 4206 Horum
1482 4161 1658 4207 autem
1686 4155 1969 4212 verborum
1996 4156 2085 4213 hic

504 4252 695 4293 sensus
723 4247 804 4293 est
838 4257 852 4294 :
884 4239 1000 4295 Non
1029 4242 1198 4295 solum
1228 4257 1411 4299 vocem
1443 4244 1639 4301 habent
1665 4245 1781 4302 dies
1804 4289 1819 4313 ,
1850 4259 1905 4303 et
1934 4264 2039 4304 nox
2064 4291 2081 4318 ,

506 4336 561 4384 et
584 4329 772 4387 cadum
807 4331 846 4396 ί,
890 4331 983 4385 sed
1027 4341 1079 4387 et
1118 4348 1301 4389 vocem
1349 4336 1634 4405 ejusmodi,
1661 4354 1780 4409 quae
1804 4341 2080 4413 insignior,

502 4419 720 4486 clarior,
766 4428 821 4476 et
863 4423 1037 4477 acrior
1076 4425 1145 4479 sit
1189 4424 1436 4480 humana.
1482 4428 1599 4493 Quo
1635 4429 1845 4486 tandem
1892 4434 2084 4501 pacto?

504 4511 640 4567 Audi
664 4512 775 4582 ipsa
803 4514 917 4583 eius
942 4515 1121 4571 verba.
1154 4515 1274 4571 Non
1312 4530 1426 4573 sunt
1448 4520 1679 4589 loquelis,
1710 4539 1868 4594 neque
1891 4541 2083 4579 sermo-

505 4618 615 4670 nes,
633 4620 845 4673 quorum
896 4622 998 4660 non
1039 4609 1312 4664 audiantur
1354 4628 1495 4667 voces
1532 4630 1723 4669 eorum.
1751 4616 1887 4684 Quid
1926 4619 2083 4688 igitur

506 4695 609 4750 hoc
634 4704 717 4753 est
738 4697 762 4750 ?
784 4698 1094 4755 Encomium
1124 4703 1293 4769 vocis,
1325 4704 1437 4760 laus
1467 4707 1583 4761 soni
1615 4707 1915 4777 hujus.Vox
1941 4712 2081 4765 enim

506 4804 625 4844 mea
664 4799 787 4844 nota
816 4799 899 4845 est
926 4791 1032 4859 illi,
1060 4795 1149 4863 qui
1175 4796 1358 4851 eadem
1388 4814 1594 4854 mecum
1625 4801 1798 4871 lingua
1830 4803 2081 4872 loquitur,

504 4879 553 4933 ei
584 4894 711 4935 vero
737 4882 825 4952 qui
851 4881 1083 4951 diversa,
1112 4900 1217 4939 non
1239 4887 1389 4943 item.
1411 4888 1649 4960 Exempli
1671 4893 1910 4958 eausa,si
1938 4893 2084 4950 Gne-

504 4988 566 5027 ca
594 4972 769 5045 lingua
800 4976 1008 5044 loquar,
1043 4987 1098 5032 et
1122 4993 1306 5035 vocem
1338 4980 1477 5038 hanc
1504 4985 1711 5039 noverit
1734 4986 1961 5057 aliquis,
1994 4986 2083 5043 ille

504 5081 596 5121 me
619 5067 799 5123 audiet
832 5086 846 5124 :
884 5069 1080 5141 Scytha
1109 5087 1239 5127 vero
1261 5113 1277 5139 ,
1309 5073 1507 5141 Thrax,
1539 5077 1786 5145 Maurus,
1811 5089 1903 5135 aut
1925 5079 2083 5136 ludus

507 5172 613 5212 non
644 5159 769 5214 item
802 5176 817 5213 :
848 5161 1045 5231 quippe
1072 5164 1216 5233 quod
1249 5165 1441 5235 linguae
1479 5166 1763 5224 discrimen
1807 5172 2079 5243 impediat,

508 5263 576 5303 ne
603 5249 678 5304 illi
703 5264 881 5307 sermo
909 5267 1062 5308 meus
1088 5254 1403 5312 innotescat.

576 5339 632 5396 ἓ.
663 5341 885 5413 Loquela
909 5355 1253 5401 creaturarum
1282 5347 1444 5404 Deum
1468 5350 1786 5407 laudantium
1808 5355 1989 5424 qualis.
2016 5385 2089 5395 —

508 5433 714 5492 Rursus
737 5453 857 5510 ego,
885 5441 930 5494 si
956 5442 1203 5513 loquatur
1225 5443 1420 5515 Scytha
1447 5445 1529 5501 vel
1554 5446 1749 5511 Thrax,
1774 5449 1956 5504 audire
1980 5464 2085 5505 non

578 5588 703 5665 fit:
733 5602 796 5665 ex
820 5594 1097 5665 conjectura
1121 5598 1333 5665 restituit
1365 5604 1536 5665 Fronto
1572 5606 1788 5661 Ducarus,
1817 5607 1870 5653 et
1890 5603 2086 5665 quidem

510 5652 1120 5726 ﬁ’llf'lca-‘Ql'tlﬁitrmﬁm
1143 5657 1341 5726 legitur.
1365 5658 1496 5726 dies.
1523 5668 1568 5726 et
1590 5675 1703 5719 nox,
1728 5652 1888 5714 etnon
1910 5652 2087 5716 ξ

514 5715 897 5789 ἴςγμΕςοῃῇρξῑ
919 5716 1003 5766 ille
1029 5720 1076 5767 in
1100 5715 1337 5789 marvgine
1363 5715 1627 5789 legendum
1673 5715 1801 5789 csse,
1828 5734 1873 5778 cl
1896 5715 2085 5789 arium,

516 5779 568 5820 ct
596 5779 733 5823 recte
756 5776 951 5837 quidem
976 5794 988 5827 :
1017 5792 1125 5830 nam
1148 5776 1223 5833 sic
1239 5776 1664 5848 seususuposttdat.

1165 356 1223 413 S.
1260 353 1539 413 JOANNIS
1574 347 2052 411 CHRYSOSTOMI
2086 345 2402 405 ARCHIEP.
2440 346 2972 405 CONSTANTINOP.

3618 360 3711 416 ω

2179 474 2384 537 potero,
2408 481 2579 537 neque
2607 467 2739 521 alter
2768 467 2999 536 linguam
3026 466 3238 523 alterius
3267 486 3280 521 :
3310 468 3359 523 in
3382 470 3507 526 caelo
3532 482 3709 539 autem,

2174 560 2227 614 in
2260 570 2413 615 noete
2437 574 2499 614 ac
2528 559 2613 614 die
2639 560 2813 614 locum
2837 558 2888 613 id
2912 574 3016 612 non
3040 558 3217 623 habet,
3243 559 3334 615 sed
3356 562 3599 630 ejusmodi
3624 581 3712 621 Vox

2174 651 2388 705 illorum
2416 661 2515 713 est,
2548 659 2604 704 ut
2632 650 2699 704 ab
2725 651 2869 704 omni
2902 650 3096 719 lingua,
3129 650 3195 705 ab
3221 651 3361 705 omni
3391 652 3583 723 loquela
3609 671 3714 723 pns-

2174 744 2243 799 sit
2267 744 2454 811 audiri,
2486 745 2640 813 eique
2665 745 2805 799 clara
2832 744 2901 799 sit
2923 753 2978 799 et
3002 744 3297 814 perspicua.
3320 744 3589 813 Propterea
3609 762 3713 802 cum

2175 836 2336 889 caelos
2365 836 2454 890 Dei
2482 837 2703 906 gloriam
2730 852 2981 890 enarrare
3004 836 3241 897 dixisset.
3269 847 3321 891 et
3346 838 3478 892 diem
3498 838 3592 892 diei
3612 856 3717 893 ver-

2176 927 2302 982 bum
2331 939 2602 993 eructare,
2634 928 2828 996 adjecit
2856 947 2869 984 :
2898 927 3018 982 Non
3047 937 3161 983 sunt
3186 928 3425 999 loquela,
3450 946 3595 998 neque
3620 948 3711 984 ser.

2176 1038 2367 1087 mones,
2391 1038 2602 1092 quorum
2629 1038 2729 1075 non
2758 1022 3028 1075 audiantur
3053 1037 3195 1097 voces
3221 1037 3408 1097 eorum.
3434 1020 3554 1088 Quae
3576 1023 3715 1077 verba

2178 1116 2334 1170 talem
2364 1116 2679 1170 sententiam
2714 1116 2910 1170 habent
2938 1133 2950 1167 :
2982 1114 3163 1170 Talem
3209 1113 3402 1171 habent
3441 1114 3682 1185 loquelam
3702 1156 3716 1180 ,

2179 1208 2442 1277 talemque
2467 1221 2651 1261 vocem
2681 1205 2876 1261 habent
2902 1205 3036 1271 dies,
3069 1220 3192 1268 nox,
3218 1213 3268 1260 et
3297 1204 3498 1270 caelum,
3526 1220 3719 1260 omnes-

2177 1316 2280 1369 que
2308 1311 2564 1355 creaturaa
2584 1342 2598 1363 ,
2630 1311 2686 1355 ut
2727 1300 2794 1354 ab
2835 1300 3078 1354 omnibus
3114 1298 3337 1368 loquelis
3359 1339 3373 1359 ,
3409 1297 3503 1351 hoc
3529 1306 3637 1363 est,
3665 1297 3721 1350 :b

2177 1390 2424 1446 omnibus
2453 1390 2662 1461 linguis,
2691 1390 2758 1444 ab
2786 1390 3029 1445 omnibus
3053 1389 3298 1460 gentibus
3324 1403 3421 1442 vox
3448 1402 3620 1442 eorum
3638 1402 3721 1439 au-

2177 1484 2369 1541 diatur.
2399 1484 2512 1539 Non
2543 1485 2685 1540 enim
2706 1495 2785 1541 est
2816 1483 3042 1555 loquela,
3068 1483 3261 1552 inquit,
3288 1482 3388 1537 hoc
3414 1490 3513 1546 est,
3536 1497 3633 1536 non
3652 1490 3724 1535 est

2178 1590 2330 1646 gens,
2362 1592 2465 1631 non
2493 1585 2576 1632 est
2598 1592 2721 1644 vox,
2751 1576 2838 1631 ubi
2869 1591 2970 1630 vox
2998 1575 3113 1630 creli
3144 1590 3249 1629 non
3277 1573 3547 1628 audiatur:
3573 1572 3657 1628 sed
3679 1582 3726 1627 et

2178 1669 2397 1741 Scytha,
2423 1679 2476 1724 et
2496 1670 2694 1735 Thrax,
2722 1680 2776 1725 et
2798 1669 3029 1735 Maurus,
3056 1679 3110 1724 et
3137 1668 3316 1733 lndus,
3341 1675 3394 1722 et
3418 1668 3724 1730 Sauromata,

2178 1770 2233 1816 et
2257 1761 2465 1831 loquela
2494 1761 2687 1825 omnis,
2708 1771 2760 1815 et
2792 1761 2967 1830 lingua
2996 1761 3168 1815 omnis
3197 1770 3251 1815 et
3273 1774 3399 1829 gens
3424 1758 3585 1813 omnis
3604 1756 3726 1812 hanc

2178 1852 2366 1908 vocem
2395 1854 2588 1923 poterit
2616 1852 2887 1907 exaudire.
2919 1851 3035 1920 Quo
3062 1851 3273 1906 tandem
3305 1850 3610 1920 paeto?Hoc
3629 1850 3723 1918 jam

2179 1942 2322 2010 audi,
2354 1951 2413 1997 ut
2440 1942 2701 2013 intelligas
2732 1958 2831 2012 qua
2862 1944 3065 1998 ratione
3087 1942 3277 1997 celum
3307 1941 3521 1997 tacendo
3547 1941 3727 2010 loqua-

2180 2045 2283 2089 tur.
2312 2035 2443 2091 Cum
2468 2037 2607 2090 enim
2634 2036 2829 2090 videris
2853 2036 2968 2104 ejus
2999 2034 3462 2106 pulchritudinem,
3492 2034 3726 2101 magnitu-

2178 2126 2355 2181 dinem
2379 2168 2395 2197 ,
2427 2127 2585 2182 situm
2614 2169 2625 2190 ,
2659 2127 3061 2198 perpetuitatem
3086 2169 3100 2190 ,
3138 2128 3504 2197 Splendorem,
3540 2135 3589 2180 et
3628 2125 3727 2179 lure

2179 2223 2353 2277 omnia
2399 2223 2652 2293 colligens
2693 2223 2833 2291 apud
2873 2232 2924 2277 te
2962 2222 3305 2277 Conditorem
3344 2220 3723 2292 glorificaveris,

2181 2313 2483 2369 Creatorem
2514 2314 2764 2380 laudaris,
2797 2323 2907 2368 tum
2935 2329 3116 2368 vocem
3145 2313 3323 2367 emisit
3350 2312 3548 2377 cadum,
3574 2321 3622 2363 et
3646 2325 3726 2379 per

2180 2406 2409 2476 linguam
2456 2405 2567 2459 Deo
2604 2406 2827 2475 gloriam
2866 2404 3179 2474 laudemque
3221 2405 3424 2460 detulit.
3456 2404 3614 2471 Atque
3639 2401 3726 2455 hoc

2152 2496 2309 2549 ‘illud
2347 2506 2429 2551 est
2461 2497 2599 2566 quod
2630 2497 2799 2563 dixit,
2831 2497 2953 2552 Cati
2983 2506 3221 2551 enarrant
3257 2496 3465 2567 gloriam
3491 2494 3598 2548 Dei.
3626 2496 3731 2559 Quo

2181 2590 2395 2644 tandem
2420 2589 2617 2644 modo?
2641 2590 2775 2643 Dum
2800 2589 2880 2644 sui
2907 2588 3206 2660 splendoris
3235 2588 3602 2658 pulchritudine
3622 2601 3728 2656 spe-

2180 2689 2435 2736 ctatorem
2467 2682 2516 2734 in
2546 2680 2950 2736 admirationem
2981 2681 3262 2736 traducunt
3283 2679 3587 2735 Conditoris.
3613 2676 3727 2731 Cum

2180 2771 2321 2825 enim
2345 2781 2630 2840 conspecto
2653 2782 2796 2825 tanto
2817 2786 2976 2840 opere
2997 2772 3193 2826 dixeris
3220 2790 3233 2825 :
3260 2771 3433 2826 Gloria
3456 2770 3560 2832 tibi,
3587 2769 3724 2830 Deus,

2179 2865 2336 2936 quale
2361 2879 2553 2934 corpus
2577 2862 2879 2930 condidisd,
2906 2874 2961 2919 et
2986 2864 3037 2918 in
3065 2864 3244 2919 medio
3267 2862 3605 2919 constituisti!
3629 2860 3727 2914 ca'li

2179 2957 2403 3027 gloriam
2442 2957 2596 3010 istam
2636 2956 2972 3022 detulerunt,
3003 2964 3055 3009 et
3095 2965 3178 3008 tua
3225 2955 3399 3023 lingua
3428 2961 3623 3008 utentes
3650 2966 3729 3019 per

2180 3059 2453 3118 aspectum
2481 3048 2887 3104 admirationem
2909 3048 3288 3104 exbibuerunt.
3314 3046 3387 3102 Ita
3414 3047 3614 3103 silentes
3631 3045 3729 3115 glo-

2179 3141 2313 3196 riam
2341 3153 2394 3196 et
2429 3142 2686 3196 honorem
2733 3142 2841 3195 Deo
2879 3140 3156 3208 deferunt,
3184 3149 3242 3196 et
3286 3141 3418 3195 hanc
3448 3154 3620 3193 vocem
3644 3152 3728 3190 au-

2179 3234 2333 3288 diunt
2359 3249 2565 3287 omnes.
2595 3233 2817 3301 Quando
2854 3234 2998 3288 enim
3034 3232 3150 3287 h:rc
3192 3232 3391 3301 percipi
3432 3230 3598 3284 auditu
3637 3242 3730 3280 non

2182 3334 2422 3395 possunt,
2450 3324 2541 3379 sed
2563 3334 2779 3393 aspectu
2801 3333 2855 3379 et
2878 3325 3345 3394 contemplatione,
3372 3334 3602 3392 aspectus
3625 3335 3731 3389 por-

2179 3434 2242 3475 ro
2271 3434 2407 3473 unus
2437 3428 2521 3474 est
2546 3419 2818 3483 omnibus,
2850 3419 3058 3473 tametsi
3090 3418 3270 3488 lingua
3299 3418 3367 3471 sit
3394 3416 3661 3475 dill'erens,
3686 3421 3734 3465 et

2180 3511 2437 3565 barbarus
2459 3550 2474 3575 ,
2505 3509 2749 3581 Scythae,
2791 3508 3021 3564 Thraces
3044 3551 3060 3576 ,
3092 3508 3261 3563 Mauri
3290 3549 3306 3575 ,
3336 3518 3389 3563 et
3430 3506 3535 3561 Indi
3576 3516 3735 3558 vocem

2181 3600 2337 3657 istam
2360 3601 2596 3666 audiunt,
2622 3602 2722 3655 hoc
2747 3610 2846 3666 est,
2872 3599 3182 3654 miraculum
3204 3608 3507 3659 cernentes.
3534 3594 3736 3666 pulchri-

2182 3695 2420 3750 tudinem
2443 3695 2902 3764 obstupescentes,
2933 3693 3297 3764 splendorem,
3329 3690 3731 3764 magnitudinem,

2181 3786 2284 3840 alia
2311 3786 2486 3841 omnia
2508 3829 2522 3853 ,
2551 3802 2670 3857 qua:
2709 3786 2775 3841 ad
2813 3786 2999 3841 caelum
3040 3785 3350 3854 pertinent,
3379 3786 3465 3855 qui
3502 3790 3633 3838 recta
3657 3797 3732 3832 sa-

2182 3881 2354 3950 piunt,
2384 3878 2605 3947 gloriam
2634 3890 2687 3933 et
2715 3878 2925 3933 laudem
2951 3877 3177 3933 offerunt
3204 3877 3588 3948 Deo-ldipsum
3612 3883 3660 3929 et
3677 3872 3735 3926 de

2183 3970 2270 4027 die
2298 3979 2457 4041 atque
2486 3978 2640 4026 nocte
2663 3970 2765 4026 dici
2798 3979 2988 4041 potest.
3017 3970 3087 4026 Ut
3113 3970 3255 4025 enim
3291 3970 3393 4025 hoc
3419 3965 3735 4041 pulchritudi-

2185 4079 2273 4131 ne,
2304 4050 2431 4129 situ,
2461 4060 2843 4133 magnitudine,
2873 4062 3176 4132 splendore,
3209 4061 3467 4133 temporis
3494 4056 3736 4131 perpetui-

2185 4164 2294 4209 tate
2312 4197 2329 4223 ,
2358 4169 2485 4216 usu.
2513 4153 2825 4210 efficacitate
2845 4196 2861 4221 ,
2893 4155 3099 4210 caeteris
3127 4154 3376 4210 omnibus
3412 4161 3735 4222 spectatorem

2185 4246 2254 4301 ad
2278 4246 2682 4301 admirationem
2709 4244 2988 4301 traducens
3016 4244 3219 4313 efﬁcit,
3248 4255 3308 4300 ut
3334 4245 3552 4316 gloriam
3574 4251 3622 4298 et
3646 4240 3734 4295 ho-

2186 4352 2370 4392 norem
2412 4337 2687 4392 Conditori
2725 4336 3026 4393 deferamus
3058 4356 3071 4392 :
3104 4340 3174 4392 ita
3220 4354 3329 4392 nox
3365 4347 3420 4393 et
3456 4337 3583 4394 dies.
3621 4335 3734 4390 Cum

2187 4431 2327 4484 enim
2368 4439 2572 4485 rectum
2611 4430 2799 4485 horum
2844 4439 3142 4500 temporum
3180 4431 3423 4487 ordinem
3453 4431 3662 4490 videris,
3690 4434 3739 4480 et

2187 4538 2292 4592 quo
2321 4532 2472 4591 pacto
2499 4538 2662 4591 penso
2688 4537 2784 4579 suo
2813 4522 3056 4580 absoluto
3083 4522 3198 4579 dies
3220 4532 3434 4579 noctem
3456 4540 3485 4579 e
3509 4523 3612 4579 suis
3631 4534 3737 4590 pro-

2187 4615 2384 4684 pellere
2411 4614 2659 4669 limitibus
2688 4631 2791 4670 non
2820 4614 3109 4679 contendit,
3140 4631 3238 4671 nec
3264 4617 3424 4671 ullam
3449 4632 3552 4686 pra:
3575 4629 3628 4668 se
3649 4612 3739 4667 fert

2187 4720 2273 4760 res
2302 4705 2500 4759 alienas
2539 4706 2823 4775 usurpandi
2857 4706 3195 4775 cupiditatem
3225 4726 3240 4763 :
3272 4723 3446 4779 neque
3484 4716 3738 4778 propterea

2186 4796 2328 4866 quod
2375 4796 2484 4865 ipsa
2530 4797 2851 4867 splendidior
2887 4808 2999 4864 est,
3043 4806 3209 4854 totum
3252 4814 3515 4872 occupare
3552 4807 3743 4866 tempus

2187 4896 2428 4955 conatur,
2452 4888 2545 4942 sed
2569 4888 2803 4945 recedit:
2827 4890 3121 4960 eodemque
3148 4891 3307 4947 modo
3327 4907 3509 4949 rursus
3533 4906 3628 4945 nox
3654 4900 3741 4942 suo

2188 4977 2428 5035 confecto
2450 4994 2605 5033 cursu
2628 4980 2729 5034 diei
2755 4981 2894 5034 cedit
2918 5000 2931 5034 :
2956 4990 3009 5036 et
3033 4982 3133 5037 hoc
3154 4998 3250 5053 per
3274 4992 3352 5037 tot
3373 4997 3537 5037 annos
3562 4980 3739 5035 factum

2188 5081 2289 5137 est,
2319 5087 2417 5127 nec
2441 5072 2543 5125 ulla
2575 5072 2812 5127 confusio
2840 5074 2925 5127 vel
2957 5075 3279 5143 perturbatio
3313 5076 3421 5132 visa
3451 5085 3549 5141 eSI,
3577 5080 3629 5127 et
3655 5084 3742 5125 nec

2190 5162 2287 5218 ista
2316 5162 2457 5217 illam
2486 5162 2641 5232 ejecit
2664 5204 2678 5229 ,
2711 5179 2883 5234 neque
2922 5165 3009 5219 illa
3050 5164 3187 5221 hanc
3228 5166 3520 5231 fraudavit;
3552 5159 3753 5229 tametsi

2191 5254 2516 5324 splendidior
2545 5271 2645 5308 una
2665 5295 2679 5319 ,
2717 5265 2770 5309 et
2806 5256 3083 5311 obscurior
3107 5268 3189 5313 est
3220 5258 3385 5313 altera
3416 5276 3431 5310 :
3461 5269 3635 5312 rursus
3662 5266 3742 5306 re-

2190 5357 2333 5401 ctum
2361 5346 2598 5400 ordinem
2631 5346 2851 5402 miratus
2891 5362 2995 5403 non
3039 5347 3147 5405 Deo
3173 5350 3394 5419 gloriam
3425 5358 3477 5403 et
3506 5348 3743 5401 honorem

2191 5437 2419 5493 oll‘eres?
2441 5438 2506 5492 Et
2528 5438 2967 5507 quemadmodum
2993 5456 3206 5497 sorores
3225 5442 3340 5495 duae
3361 5438 3611 5495 benevole
3631 5448 3744 5503 erga

2192 5543 2251 5583 se
2274 5526 2498 5581 invicem
2527 5527 2758 5595 allectat,
2787 5536 3059 5598 paternam
3101 5532 3442 5587 hereditatem
3471 5530 3521 5584 in
3552 5528 3676 5582 libra
3699 5534 3748 5577 et

2193 5618 2400 5674 bilance
2429 5618 2760 5687 partiuntur,
2784 5627 2843 5674 et
2870 5636 2938 5675 ne
2972 5623 3190 5677 minima
3216 5622 3427 5694 quidem
3460 5636 3518 5676 re
3542 5620 3642 5674 ulla
3671 5614 3746 5670 al-

2195 5722 2306 5766 tera
2332 5708 2555 5764 alteram
2586 5708 2825 5765 fraudat:
2852 5712 2930 5766 sic
2957 5712 3203 5771 nimirum
3228 5725 3282 5771 et
3307 5729 3409 5769 nox
3434 5722 3487 5770 et
3513 5712 3623 5768 dies
3647 5718 3749 5763 toto

2197 5812 2434 5872 tempore
2462 5800 2599 5855 inter
2622 5814 2680 5856 se
2705 5800 2894 5869 diviso,
2920 5803 3049 5860 dum
3074 5821 3141 5862 ne
3167 5806 3379 5862 minima
3407 5803 3617 5861 cuidem
3643 5800 3750 5870 eju
