3992 6300
136 432 219 488 ilS
751 426 819 481 IN
860 426 1059 483 ILLUD
1096 426 1315 493 lSAlE,
1359 424 1493 483 EGO
1537 425 1830 481 DOMINUS
1870 428 2046 485 DliUS
2085 430 2238 486 FECI
2276 432 2537 503 LUMEN,
2568 432 2720 489 ETC.

136 531 261 594 parte
278 534 333 574 se
354 518 581 574 invicem
608 516 884 585 fraudant,
909 529 1106 575 tantam
1130 520 1483 590 :equalitatem
1507 520 1692 574 obser-

137 623 267 678 vant,
292 619 541 683 quantam
566 627 671 665 usu
703 621 760 667 et
796 613 1122 682 experientia
1150 612 1433 668 didicistis.
1465 613 1695 667 Audiant

137 707 274 770 avari,
297 714 346 759 et
368 705 454 773 qui
484 703 791 758 hereditate
816 705 1044 774 spoliant
1069 705 1256 760 fratres
1280 724 1293 759 :
1323 716 1524 761 rectum
1551 706 1695 760 ordi-

142 814 237 851 nem
264 806 555 865 temporum
572 794 953 863 revereantur,
979 813 1040 851 ac
1065 800 1233 852 noctis
1258 807 1311 852 et
1340 798 1441 852 diei
1472 814 1696 853 concor-

140 891 293 954 diam,
316 898 366 942 et
401 903 560 942 suum
602 890 789 968 vitium
820 890 1104 957 corrigam.
1136 890 1223 943 Sic
1265 890 1421 958 igitur
1452 889 1570 943 Dies
1595 890 1694 943 diei

143 982 309 1035 uerbum
336 989 548 1041 eructat,
576 990 624 1033 et
654 982 914 1034 scientiam
941 981 1073 1034 nocti
1102 997 1203 1034 nox
1230 982 1437 1047 indicat,
1469 996 1573 1035 non
1602 998 1695 1034 vo-

143 1083 239 1121 cem
262 1068 543 1130 mittentes,
571 1067 668 1120 sed
695 1066 823 1120 dum
853 1076 999 1120 recto
1022 1081 1118 1120 suo
1145 1066 1352 1128 ordine,
1386 1082 1449 1121 ac
1475 1067 1693 1135 disposi-

144 1166 281 1219 tione,
310 1167 359 1211 et
385 1157 765 1226 aequabilitate,
796 1174 858 1211 ac
883 1172 1126 1211 mensura
1154 1157 1221 1211 ab
1247 1158 1391 1211 omni
1420 1157 1692 1213 obstaculo

145 1250 301 1311 libera,
328 1250 446 1301 tuba
476 1248 675 1303 clarius
705 1248 992 1316 praedicant
1014 1247 1339 1310 Creatorem,
1371 1264 1473 1302 non
1505 1249 1556 1302 in
1584 1264 1691 1303 uno

143 1353 369 1395 terrarum
397 1341 541 1395 orbis
567 1342 784 1410 angulo,
814 1342 905 1395 sed
934 1341 986 1395 in
1009 1333 1272 1406 omnibus,
1301 1357 1433 1412 quas
1455 1343 1534 1397 sol
1560 1344 1693 1411 aspi-

143 1435 229 1494 cit,
269 1434 585 1501 regionibus.
626 1432 721 1486 Ha:
764 1432 1024 1501 siquidem
1066 1447 1222 1487 voces
1258 1449 1352 1501 per
1387 1434 1688 1487 universum

138 1525 365 1579 mundum
395 1525 658 1590 feruntur,
685 1525 1111 1595 quandoquidem
1138 1526 1331 1595 ubique
1360 1526 1545 1580 caelum
1571 1535 1686 1591 est,

137 1618 307 1686 ubique
330 1617 475 1681 dies,
507 1618 707 1686 ubiq‘ue
750 1632 857 1672 nox
879 1657 895 1682 ,
930 1632 1184 1685 suamque
1212 1618 1504 1671 doctrinam
1545 1627 1599 1673 et
1637 1620 1687 1672 in

137 1717 257 1762 terra
291 1708 555 1776 explicant
595 1717 651 1762 et
692 1708 744 1762 in
786 1709 937 1762 mari.
967 1708 1220 1775 Quocirca
1261 1723 1363 1762 non
1394 1709 1525 1762 dixit
1564 1724 1688 1777 pro-

132 1800 275 1869 pheta
311 1800 619 1868 simpliciter
638 1841 653 1864 ,
684 1800 810 1855 Caeli
847 1800 1132 1869 loquuntur
1162 1802 1379 1868 gloriam
1411 1802 1532 1863 Dei,
1560 1801 1651 1855 sed
1669 1842 1685 1867 ,

131 1891 388 1957 Baiarum,
419 1892 518 1945 hoc
542 1903 642 1955 est,
672 1890 803 1945 alios
827 1892 985 1946 etiam
1016 1892 1303 1957 instruunt,
1332 1907 1393 1946 ac
1420 1909 1514 1962 pro
1538 1892 1689 1947 disci-

130 1984 258 2053 pulis
281 1982 473 2038 habent
498 1985 800 2038 universum
826 2000 994 2054 genus
1022 1987 1327 2049 humanum,
1356 1996 1411 2042 et
1436 1989 1487 2040 in
1517 1987 1689 2041 medio

130 2076 379 2143 proposita
409 2076 639 2130 maxima
664 2076 866 2141 schola,
894 2076 1145 2131 librorum
1170 2093 1232 2132 ac
1259 2079 1527 2132 literarum
1549 2078 1684 2144 loco,

134 2184 316 2222 naturae
354 2184 465 2223 sua:
508 2170 956 2239 pulchritudinem
996 2171 1203 2234 idiotis,
1246 2173 1603 2241 sapientibus,
1634 2180 1688 2225 et

136 2263 359 2317 omnibus
386 2262 853 2333 contemplandam
880 2262 1138 2332 praebent,
1167 2272 1220 2318 et
1247 2274 1509 2334 tamquam
1541 2265 1593 2319 in
1622 2265 1688 2319 Ii-

138 2354 218 2409 bro
244 2355 554 2410 insidentem
587 2356 716 2424 ipsis
740 2356 807 2411 de
838 2356 933 2411 Dei
970 2358 1223 2426 sapientia
1263 2372 1325 2413 ac
1365 2359 1562 2415 virtute
1588 2360 1687 2415 do-

140 2450 357 2502 ctrinam.
389 2449 477 2503 Sic
514 2449 675 2503 etiam
712 2448 958 2503 homines
997 2464 1101 2503 non
1146 2450 1418 2520 loquentes
1438 2493 1453 2517 ,
1483 2452 1575 2506 sed
1603 2453 1689 2507 vel

140 2551 351 2596 tacentes
375 2556 469 2611 per
492 2541 627 2594 alios
660 2541 823 2595 Deum
864 2540 1198 2610 gloriﬁcant;
1230 2542 1453 2611 ideoque
1482 2543 1690 2598 dicebat

140 2633 353 2687 Christus
379 2651 394 2687 :
426 2631 616 2686 Luceat
663 2633 751 2686 lita:
786 2643 952 2686 vestra
988 2650 1157 2685 coram
1186 2633 1467 2687 hominibus
1486 2676 1499 2698 ,
1530 2646 1583 2687 ut
1612 2636 1689 2688 vi-

140 2727 268 2778 deant
295 2742 441 2792 opera
462 2734 625 2778 vestra
652 2725 801 2790 bona,
834 2735 882 2777 et
909 2726 1185 2794 gloriﬁcent
1229 2724 1429 2779 Patrem
1455 2736 1687 2793 vestrum,

138 2821 203 2885 qui
228 2820 279 2870 in
304 2819 434 2872 cadis
456 2827 528 2871 est
558 2818 772 2887 (Matth.
801 2818 857 2872 5.
886 2818 997 2885 16).
1040 2818 1107 2874 Ut
1136 2819 1296 2888 igitur
1322 2836 1441 2874 cum
1471 2821 1590 2889 quis
1616 2822 1693 2875 vi-

140 2921 226 2961 tam
262 2911 515 2964 lucentem
545 2910 709 2974 videt,
742 2911 902 2965 etiam
933 2910 1025 2964 illo
1055 2920 1259 2965 tacente
1285 2914 1374 2982 qui
1406 2912 1550 2973 vivit.
1578 2913 1692 2983 διο.

137 3001 252 3053 riam
277 3011 325 3053 et
350 3000 554 3055 laudem
580 3000 737 3055 oﬁ’ert
761 3002 873 3055 Deo
898 3019 909 3053 :
934 3002 1011 3056 sic
1038 3003 1286 3056 nimirum
1314 3012 1367 3057 et
1394 3004 1441 3058 is
1466 3005 1554 3074 qui
1576 3005 1691 3059 cazli

136 3091 554 3159 pulchritudinem
585 3092 853 3160 intuetur,
881 3090 1138 3161 glorificat
1163 3090 1524 3149 Conditorem.
1564 3094 1693 3149 Pro-

134 3191 297 3249 pterea
324 3183 531 3237 dicebat
559 3202 573 3238 :
598 3182 724 3237 Catii
749 3192 988 3236 enni-rant
1024 3184 1236 3254 gloriam
1278 3183 1401 3251 Dei,
1444 3201 1538 3255 per
1564 3201 1691 3256 spe-

132 3284 370 3340 ctatores;
400 3273 524 3329 Dies
553 3276 655 3328 diei
687 3284 878 3329 eructat
910 3275 1123 3342 verbum,
1151 3286 1199 3331 et
1222 3293 1325 3330 nos:
1349 3278 1481 3331 nocti
1504 3278 1693 3333 indicat

132 3370 364 3421 scientiam
396 3367 572 3438 (Psal.
606 3369 697 3423 i8.
725 3370 801 3437 2).
838 3369 1111 3423 Scientiam
1134 3387 1152 3434 ;
1178 3373 1502 3440 quamnam?
1540 3372 1691 3427 Illam

134 3461 356 3515 nimirum
383 3462 450 3515 de
476 3461 787 3516 Conditore.
818 3460 887 3516 Ut
919 3461 1057 3515 enim
1085 3460 1199 3515 dies
1232 3461 1299 3516 ad
1328 3464 1690 3532 Operationem

135 3552 378 3607 hominem
409 3553 611 3618 educit,
647 3554 718 3606 ita
751 3551 1045 3607 succedens
1073 3568 1175 3606 nox
1206 3554 1273 3608 ab
1302 3554 1589 3609 innumeris
1617 3555 1693 3610 illi

133 3646 345 3713 requiem
383 3645 474 3699 dat
516 3645 824 3711 laboribus,
861 3651 1008 3705 curis
1026 3664 1151 3702 eum
1171 3648 1334 3716 levat,
1362 3648 1547 3702 oculos
1570 3646 1692 3702 fati-

135 3747 319 3790 scentes
344 3737 631 3805 consopit,
664 3737 943 3806 palpebras
972 3738 1305 3807 comprimit,
1339 3740 1603 3809 efﬁcitque
1636 3749 1694 3795 ut

134 3827 411 3882 instauratis
435 3828 646 3882 viribus
671 3829 850 3883 radios
875 3829 1006 3883 solis
1031 3844 1215 3883 rursus
1238 3830 1489 3900 excipiat.
1516 3833 1693 3903 Itaque

136 3932 219 3970 non
243 3920 422 3988 exigua
452 3919 615 3989 hujus
642 3935 854 3989 quoque
879 3929 962 3975 est
988 3921 1184 3983 utilitas
1206 3961 1222 3987 ,
1253 3921 1361 3976 imo
1388 3924 1546 3977 etiam
1576 3939 1693 3979 ma-

135 4023 233 4076 gna.
263 4010 368 4065 Nisi
396 4013 543 4066 enim
582 4011 883 4066 succedens
917 4012 1214 4067 innumeris
1239 4027 1270 4066 a
1296 4012 1562 4070 laboribus
1592 4016 1693 4069 ho-

137 4103 243 4156 mini
265 4105 505 4175 requiem
534 4105 767 4174 aliquam
794 4105 963 4169 daret,
992 4105 1120 4159 nihil
1150 4106 1264 4161 dies
1290 4107 1364 4160 illi
1394 4107 1691 4177 prodesset,

139 4207 229 4258 qua:
251 4195 312 4249 ad
338 4197 711 4265 operationem
743 4197 893 4250 illum
924 4195 1106 4251 eduxit
1134 4215 1145 4250 :
1172 4198 1367 4268 quippe
1394 4209 1581 4254 natura
1608 4200 1695 4255 dc-

143 4281 332 4353 liciente,
365 4288 615 4341 laborum
641 4288 990 4343 cominuitate
1015 4288 1312 4343 confectum
1340 4292 1531 4345 animal
1555 4292 1695 4347 istud

144 4377 321 4445 periret,
355 4394 459 4434 nec
484 4380 651 4433 ullam
676 4380 723 4433 ei
750 4379 884 4435 lucis
910 4396 1066 4435 usura
1092 4381 1523 4438 commoditatem
1543 4383 1699 4439 atl'er-

145 4477 219 4520 ret.
243 4470 312 4524 Ea
334 4472 506 4542 igitur
535 4479 619 4526 est
645 4476 962 4540 przesertim,
984 4488 1102 4541 quae
1126 4472 1266 4527 diem
1291 4473 1488 4529 homini
1514 4475 1695 4531 utilem

147 4560 305 4627 reddit,
334 4579 461 4633 qua:
492 4563 797 4618 ministerio
830 4580 927 4619 suo
956 4564 1023 4620 ad
1052 4567 1407 4637 cognitionem
1437 4569 1533 4625 Dei
1571 4585 1696 4639 pro-

148 4652 256 4705 vehit
285 4670 405 4709 eum
430 4697 447 4721 ,
480 4656 578 4724 qui
619 4655 814 4711 chorea
852 4657 1017 4725 ipsius
1056 4656 1362 4728 perfruitur.
1393 4661 1525 4716 Cum
1546 4664 1697 4727 enim

148 4744 251 4809 apud
269 4761 320 4799 se
345 4746 708 4817 perpenderit
734 4748 1014 4817 quiSpiam,
1038 4760 1235 4818 quanta
1256 4750 1359 4807 diei
1387 4752 1454 4806 sit
1479 4754 1696 4818 utilitas,

150 4849 300 4900 quanta
324 4843 512 4897 noctis
534 4882 550 4907 ,
581 4849 644 4896 et
667 4856 772 4910 quo
802 4851 957 4909 pacto
983 4841 1096 4897 haec
1127 4843 1201 4897 illi
1230 4845 1497 4911 succedit,
1528 4857 1581 4900 et
1605 4862 1699 4899 va-

151 4930 263 4987 riatis
282 4936 514 5001 vicibus,
538 4935 685 4990 velut
710 4936 762 4990 in
792 4936 958 4991 choro
983 4939 1253 5007 quopiam,
1283 4939 1578 4993 alternatim
1602 4940 1700 4994 sibi

151 5026 453 5083 succedentes
487 5038 733 5082 nostrum
760 5043 929 5098 genus
954 5039 1292 5093 conservant,
1324 5032 1564 5100 quamvis
1590 5048 1702 5085 om-

150 5114 261 5170 nium
288 5119 571 5176 hominum
603 5121 997 5190 stupidissimus
1032 5120 1213 5188 fuerit,
1243 5127 1473 5177 excitata
1504 5139 1597 5177 sua
1626 5139 1705 5177 ra-

151 5206 263 5263 tione
294 5213 493 5267 summi
535 5211 745 5281 opiﬁcis
782 5212 876 5267 Dei
920 5212 1231 5283 sapientiam
1276 5228 1435 5269 nosse
1473 5216 1701 5283 poterit,

146 5313 275 5366 quam
298 5320 392 5373 per
413 5305 565 5360 diem
595 5320 661 5360 ac
688 5314 898 5360 noctem
928 5306 1195 5371 ostendit,
1225 5306 1349 5360 dum
1380 5307 1522 5360 illam
1552 5306 1705 5361 nobis

145 5392 197 5445 ad
219 5399 611 5465 operationem,
641 5398 781 5453 hanc
816 5398 883 5454 ad
924 5398 1165 5454 laborum
1205 5399 1583 5455 relaxationem
1622 5408 1705 5453 at-

146 5486 320 5542 tribuit.

204 5577 252 5632 ὅ.
280 5579 478 5636 Verum
503 5580 573 5636 ad
597 5580 713 5637 haec
743 5582 922 5637 omnia
958 5582 1180 5637 dicenda
1205 5583 1315 5653 jam
1346 5583 1470 5639 inde
1498 5583 1567 5639 ab
1587 5599 1707 5639 ora—

146 5669 284 5727 tionis
324 5675 549 5730 exordio
593 5675 815 5747 digressi
865 5691 1094 5732 sumus:
1126 5679 1375 5748 quoniam
1424 5688 1601 5733 autem
1641 5696 1704 5734 ex

148 5761 222 5818 bis
241 5781 353 5836 qua
379 5767 644 5825 hodierno
670 5770 758 5826 die
783 5772 923 5827 lecta
949 5779 1093 5837 sunt,
1126 5774 1377 5829 nonnulla
1418 5773 1616 5830 multos
1641 5790 1707 5830 ex

152 5852 207 5910 ﬁs
230 5860 310 5928 qui
336 5860 518 5917 minus
540 5861 772 5919 animum
796 5861 1076 5921 attendunt
1093 5862 1223 5921 forte
1242 5864 1705 5935 perturbaverunt,

3278 437 3383 493 HG

1802 536 1999 591 eosque
2019 524 2106 594 qui
2129 526 2181 579 in
2194 523 2478 595 Scripturis
2496 544 2679 598 parum
2698 548 2721 580 ι·
2733 531 2890 586 ersati
2902 540 3058 585 sunt:
3077 544 3176 600 age
3193 545 3383 600 magna

1798 615 1959 669 animi
1990 621 2342 687 propensione
2366 636 2427 676 ac
2446 622 2620 676 studio
2642 622 2863 693 gradum
2887 624 2953 679 ad
2975 624 3073 679 ista
3102 622 3380 679 faciamus.

1799 704 1959 761 Lecta
1999 708 2140 763 enim
2172 721 2253 764 est
2290 713 2447 766 etiam
2478 715 2711 768 narratio
2726 714 2793 769 de
2822 716 3064 778 muliere,
3105 731 3223 785 qua:
3260 730 3381 770 san-

1798 798 1970 866 guinis
2000 798 2199 854 ﬂuxum
2244 802 2563 872 patiebatur,
2592 821 2815 875 qumque
2861 804 3060 861 fontem
3100 808 3371 877 sanguinis

1799 901 1944 945 tactu
1991 895 2263 962 repressit,
2308 911 2373 951 ac
2416 898 2535 951 fidei
2583 900 2772 953 virtute
2816 907 3018 953 tantum
3071 900 3376 954 thesaurum

1797 984 2097 1052 depraedata
2140 998 2219 1042 est
2247 988 2456 1059 (Matth.
2487 991 2540 1045 9.
2567 990 3047 1062 ’20-22):furtum
3094 993 3234 1046 enim
3284 992 3376 1047 fuit

1798 1075 1924 1130 illud
1965 1077 2182 1145 factum,
2219 1080 2311 1134 sed
2353 1081 2507 1137 laude
2552 1083 2790 1151 dignum,
2834 1091 2889 1139 et
2912 1083 3001 1137 ubi
3041 1083 3374 1151 deprehensa

1796 1176 1877 1220 est
1895 1183 2013 1236 qua;
2037 1182 2301 1237 rapuerat,
2319 1174 2688 1229 commendata
2708 1184 2790 1229 est
2816 1191 2828 1226 :
2856 1175 3051 1243 quippe
3074 1173 3229 1228 Jesus
3247 1174 3384 1242 ipse,

1795 1259 1883 1328 qui
1914 1257 2107 1314 furtum
2133 1274 2463 1331 passuserat,
2481 1267 2839 1321 mulierculam
2857 1267 3192 1322 collaudavit.
3218 1267 3375 1321 Lecta

1794 1358 1917 1403 sunt
1956 1352 2113 1404 etiam
2158 1354 2402 1423 stigmata
2441 1356 2608 1422 Pauli,
2651 1358 2903 1424 vulnera,
2951 1370 3227 1421 carceres,
3275 1358 3371 1411 ab-

1795 1442 2072 1501 ductiones
2102 1447 2165 1501 ad
2184 1449 2401 1517 judicia,
2433 1451 2724 1521 naufragia,
2766 1451 2997 1515 vincula,
3039 1460 3261 1516 calente,
3297 1448 3376 1503 in-

1795 1537 1940 1591 sidire
1975 1539 2198 1594 diversa:
2226 1556 2289 1595 ac
2311 1542 2574 1597 continua:
2599 1585 2612 1606 ,
2646 1543 2967 1613 quotidiana:
3024 1554 3246 1607 mortes,
3294 1546 3378 1596 la-

1794 1645 1940 1694 mes,
1988 1632 2125 1696 sitis,
2145 1633 2373 1699 nuditas,
2415 1635 2664 1699 instantia
2720 1635 3042 1706 quotidiana.
3083 1634 3188 1691 Sed
3248 1634 3373 1703 quia

1794 1720 2018 1776 faciam?
2042 1724 2229 1793 Magno
2267 1741 2387 1779 cum
2412 1726 2612 1795 impetu
2638 1742 2723 1781 me
2751 1727 3048 1795 proripiens
3076 1725 3200 1781 hinc
3224 1727 3377 1779 aufu-

1793 1816 1932 1885 giam
1955 1831 2176 1871 necesse
2194 1828 2297 1884 est,
2322 1834 2387 1881 ne
2402 1834 2586 1873 rursus
2607 1834 2706 1873 nos
2726 1819 2967 1874 detinens
2988 1818 3181 1873 Paulus
3197 1833 3227 1872 a
3247 1832 3374 1887 pro-

1792 1908 1968 1978 posito
1989 1917 2303 1976 argumento
2322 1909 2569 1965 abducat.
2591 1909 2721 1963 Nam
2741 1920 2796 1963 ut
2816 1908 2982 1975 scitis,
3002 1923 3371 1978 saepenumero

1793 1999 1920 2053 alibi
1949 2014 2037 2054 me
2056 1999 2389 2056 incedentem
2411 2010 2465 2055 et
2485 2016 2798 2056 conversum
2820 2016 3106 2056 occurrens
3125 2001 3176 2055 in
3198 2000 3375 2054 medio

1793 2104 2040 2145 sermone
2072 2089 2321 2155 detinuit,
2338 2100 2392 2145 et
2418 2090 2490 2145 ita
2520 2091 2679 2161 cepit,
2699 2098 2758 2145 ut
2776 2092 2828 2145 in
2852 2092 2966 2160 ipso
2993 2091 3143 2144 finire
3170 2104 3374 2145 sermo-

1792 2199 1914 2238 nem
1944 2183 2212 2239 suaderet.
2239 2184 2316 2239 Ne
2342 2184 2501 2253 igitur
2530 2184 2581 2239 id
2612 2184 2769 2238 hodie
2802 2199 3013 2254 quoque
3056 2182 3210 2239 nobis
3236 2183 3375 2237 acci-

1792 2277 1904 2343 dat,
1937 2284 2203 2347 tamquam
2235 2276 2497 2331 violenter
2541 2276 2736 2345 injecto
2778 2275 2931 2330 freno
2974 2276 3095 2328 illuc
3141 2274 3374 2328 tendenti

1794 2368 2041 2434 orationi,
2076 2368 2152 2422 sic
2201 2367 2343 2422 illam
2385 2367 2658 2422 trahemus
2686 2375 2740 2422 et
2765 2366 2831 2421 ad
2858 2366 2960 2419 hoc
2997 2364 3196 2420 dictum
3246 2380 3372 2433 pro-

1792 2460 2059 2529 pheticum
2090 2459 2426 2515 reducamus.
2458 2459 2733 2527 Quodnam
2771 2458 2929 2528 igitur
2955 2458 3080 2511 illud
3112 2458 3234 2511 est?
3262 2455 3374 2526 Ego

1796 2552 2060 2615 Dominus,
2090 2554 2276 2624 inquit,
2306 2553 2395 2623 qui
2418 2552 2515 2622 feci
2538 2551 2699 2607 lucem
2724 2565 2770 2606 et
2797 2552 3041 2619 tenebras,
3075 2554 3263 2622 faciens
3284 2569 3376 2620 pa-

1794 2662 1919 2711 cem,
1947 2654 1997 2700 et
2026 2662 2200 2699 creans
2229 2647 2365 2700 mala
2394 2645 2548 2715 (Isni.
2580 2647 2670 2701 45.
2700 2646 2779 2716 7),
2817 2645 3014 2700 Videtis
3040 2659 3143 2699 non
3174 2655 3375 2699 temere

1794 2754 1963 2807 neque
1980 2728 2172 2792 frustra
2192 2752 2289 2792 nos
2303 2738 2370 2792 ad
2387 2738 2527 2793 hunc
2546 2739 2720 2793 locum
2741 2737 3029 2791 instituisse
3040 2752 3275 2799 cursum,
3292 2751 3379 2790 ve-

1795 2845 1913 2883 rum
1956 2829 2202 2883 omnibus
2241 2828 2613 2898 praetermissis
2643 2828 2747 2881 huc
2774 2826 3052 2896 pervenire
3071 2825 3374 2880 studuisse?

1796 2919 1978 2990 Neque
2002 2921 2144 2975 enim
2174 2920 2496 2975 mediocrem
2526 2920 2576 2975 ei
2601 2920 2691 2988 qui
2714 2920 2890 2974 minus
2924 2925 3159 2973 attentus
3194 2917 3372 2985 fuerit,

1796 3014 2243 3083 perturbationem
2286 3013 2515 3068 all‘erunt
2553 3013 2671 3067 ista.
2704 3010 3058 3079 Quamobrem
3094 3008 3372 3075 attendite,

1796 3118 1997 3173 quaeso,
2039 3103 2293 3168 animum,
2338 3111 2391 3157 et
2420 3118 2577 3158 aures
2621 3103 2829 3173 erigite,
2860 3116 2923 3155 ac
2960 3100 3201 3156 saeculari
3228 3100 3373 3154 omni

1797 3199 1992 3268 rejecta
2033 3196 2420 3266 sollicitudine,
2456 3214 2574 3267 qua:
2619 3197 2866 3252 dicuntur
2904 3196 3186 3251 advertite.
3228 3196 3375 3250 lianc

1798 3293 1935 3346 enim
1958 3292 2067 3361 jam
2086 3288 2243 3343 vobis
2260 3289 2424 3359 cupio
2458 3290 2760 3346 mercedem
2788 3290 2953 3344 vestri
2991 3290 3094 3343 huc
3118 3288 3376 3343 adventus

1798 3384 2132 3450 persolvere,
2173 3397 2237 3437 ac
2266 3382 2640 3457 ‘spiritualibus
2694 3389 3033 3436 exsaturatos
3079 3378 3272 3434 eduliis
3305 3379 3376 3433 ita

1797 3474 2011 3527 domum
2053 3489 2146 3527 vos
2174 3474 2463 3538 remittere,
2496 3483 2550 3526 ut
2576 3472 2664 3542 qui
2691 3472 2991 3538 abfuerttnt,
3021 3481 3267 3541 quantam
3286 3470 3371 3538 ja-

1798 3575 2001 3619 cturam
2042 3562 2280 3627 fecerint,
2309 3564 2484 3632 reipsa
2511 3563 2717 3617 discant
2744 3580 2757 3615 :
2782 3563 2951 3617 scient
2979 3570 3154 3616 autem
3181 3562 3225 3615 si
3254 3576 3374 3613 cum

1799 3659 2093 3710 attentione
2130 3671 2249 3725 quce
2286 3655 2525 3709 dicemus
2567 3656 2915 3724 exceperitis,
2960 3664 3116 3722 atque
3153 3653 3218 3706 ad
3257 3652 3377 3707 illos

1800 3748 2157 3801 transmittere
2198 3746 2494 3815 potueritis.
2544 3745 2655 3815 Ego
2697 3745 2942 3798 Dominus
2983 3744 3138 3809 Deus,
3167 3743 3254 3812 qui
3282 3743 3378 3813 feci

1800 3841 1961 3893 lucem
1987 3849 2034 3893 et
2059 3838 2304 3901 tenebras,
2335 3838 2524 3907 faciens
2551 3854 2745 3909 pacem,
2768 3848 2815 3891 et
2842 3854 3018 3891 creans
3038 3838 3191 3892 mala.
3224 3836 3375 3891 Assi-

1799 3930 1903 3985 due
1944 3931 2142 3984 dictum
2188 3929 2325 3983 istud
2363 3937 2565 3997 repeto,
2597 3929 2729 3983 utin
2759 3932 2947 3983 vestris
2969 3929 3158 3983 animis
3180 3928 3377 3997 deﬁga-

1800 4031 1905 4087 tur,
1935 4036 1997 4074 ac
2021 4020 2212 4075 deinde
2246 4020 2440 4074 solutio
2481 4020 2812 4074 adhibeatur.
2860 4019 3043 4089 Neque
3078 4034 3204 4073 vero
3230 4019 3378 4073 solus

1801 4116 1904 4171 hoc
1928 4117 2027 4171 iste
2074 4116 2220 4179 dicit,
2251 4116 2343 4171 sed
2380 4126 2433 4170 et
2457 4115 2590 4169 alius
2627 4114 2914 4169 concinens
2955 4113 3078 4168 huic
3120 4112 3378 4183 prapheta

1800 4208 2007 4263 dicebat
2028 4227 2041 4262 :
2066 4209 2128 4263 Si
2147 4218 2215 4262 est
2241 4209 2435 4262 nt‘alitia
2458 4208 2509 4261 in
2531 4209 2745 4273 civitate,
2759 4224 2910 4275 quam
2933 4224 3031 4260 non
3058 4207 3174 4276 fecit
3205 4205 3380 4259 Domi-

1802 4319 1894 4355 nus
1925 4301 2117 4370 (Amos
2144 4303 2196 4357 '5.
2230 4301 2473 4373 6)?Quid
2527 4317 2655 4372 ergo
2701 4301 2799 4355 sibi
2842 4300 2955 4355 vult
2995 4299 3135 4369 quod
3178 4298 3375 4354 dictum

1802 4393 1918 4446 est?
1948 4392 2115 4449 Unam
2158 4392 2299 4446 enim
2343 4393 2589 4446 omnibus
2631 4402 2843 4461 oportet
2881 4392 3195 4444 solutionem
3225 4389 3375 4442 adhi-

1802 4486 1948 4541 bere.
1994 4485 2246 4552 Quirnam
2284 4486 2443 4555 igitur
2468 4493 2549 4539 est
2576 4483 2807 4539 solutio?
2850 4483 2906 4538 Si
2936 4485 3039 4537 vim
3088 4484 3377 4538 dictionum

1804 4579 2008 4633 illarum
2036 4578 2398 4633 didicerimus.
2417 4577 2610 4632 Verum
2637 4576 2892 4631 attendite
2919 4576 3196 4646 diligenter
3228 4595 3240 4628 :
3275 4592 3378 4630 non

1805 4672 1944 4724 enim
1978 4681 2179 4725 temere
2204 4684 2303 4723 ncc
2332 4668 2522 4723 frustra
2547 4682 2643 4721 vos
2672 4667 2737 4721 ad
2764 4668 2865 4721 hoc
2905 4667 3115 4722 assidue
3139 4666 3379 4722 cohorta-

1806 4776 1945 4828 mur,
1972 4761 2065 4816 sed
2092 4761 2340 4830 quoniam
2375 4760 2484 4829 jam
2510 4758 2575 4813 ad
2611 4758 2881 4813 abstrusas
2927 4774 3221 4829 gravesque
3250 4775 3377 4813 sen-

1810 4854 1997 4908 tentias
2030 4854 2248 4923 gradum
2294 4852 2536 4907 facimus.
2567 4850 2766 4906 Rerum
2811 4851 2927 4905 aliae
2967 4851 3179 4921 quidem
3228 4851 3382 4905 bonae

1808 4954 1948 5010 sunt,
1972 4946 2089 5000 alia:
2119 4946 2296 5011 malae,
2328 4945 2445 4998 alia:
2465 4943 2674 5011 mediae,
2704 4959 2922 5013 quarum
2954 4943 3217 4997 nonnulla:
3243 4944 3382 4996 mul-

1810 5038 1877 5091 tis
1914 5037 2065 5092 malae
2092 5037 2355 5101 videntur,
2380 5037 2504 5091 licet
2544 5052 2649 5091 non
2696 5040 2823 5103 sint,
2851 5036 2945 5091 sed
2987 5037 3230 5090 dicuntur
3272 5044 3386 5089 tan-

1810 5138 1919 5184 tum
1942 5139 1996 5185 et
2019 5120 2403 5185 existimantur.

1885 5220 2165 5291 Paupertas
2207 5239 2308 5275 non
2344 5222 2500 5289 mala,
2541 5222 2728 5276 divitia
2763 5239 2864 5277 non
2908 5221 3068 5276 bonce.
3106 5220 3303 5278 —Sed
3334 5233 3390 5277 ut

1812 5313 1951 5383 quod
1971 5330 1999 5367 a
2016 5330 2099 5368 me
2127 5314 2318 5368 dicitur
2344 5314 2624 5369 dilucidius
2652 5316 2764 5383 ﬁat,
2790 5331 2885 5385 age
2913 5315 3176 5370 firmatum
3203 5332 3386 5370 exem-

1813 5406 1915 5475 plis
1940 5421 2239 5460 sermonem
2272 5406 2627 5463 instituamus.
2661 5408 2948 5477 Paupertas
2977 5407 3156 5461 multis
3177 5408 3387 5477 quidem

1814 5501 2009 5555 malum
2052 5500 2280 5568 videtur,
2327 5516 2509 5555 verum
2562 5516 2667 5554 non
2696 5509 2815 5555 est:
2845 5500 2970 5569 quin
3016 5499 3173 5553 etiam
3198 5503 3241 5554 si
3274 5502 3391 5568 quis

1815 5590 2070 5661 providus
2090 5590 2160 5644 sit
2184 5601 2237 5645 et
2260 5591 2359 5645 sibi
2385 5600 2635 5657 attentus,
2668 5591 2804 5644 mala
2835 5589 3049 5643 tollendi
3076 5590 3180 5643 vim
3210 5592 3389 5650 habet.

1816 5684 2022 5737 Divitiae
2069 5696 2254 5736 rursus
2296 5683 2490 5736 bonum
2518 5682 2729 5751 quidem
2761 5681 3007 5733 videntur
3034 5695 3173 5747 esse,
3208 5691 3382 5737 tamen

1817 5776 2060 5831 absolute
2104 5774 2301 5830 bonum
2344 5774 2563 5828 minime
2607 5780 2750 5837 sunt,
2798 5772 2899 5825 nisi
2944 5774 3066 5842 quis
3101 5785 3157 5828 ut
3181 5783 3392 5845 Oportet

1822 5867 1887 5924 iis
1913 5874 2110 5922 utatur.
2132 5864 2265 5921 Nam
2294 5865 2339 5921 si
2365 5864 2607 5919 absolute
2630 5863 2826 5919 bonum
2850 5872 3027 5920 essent
3056 5865 3272 5936 divitiae,
3292 5867 3388 5923 ho-
