3992 6300
606 364 709 421 147

602 494 701 533 nos
726 492 847 534 esse
887 487 1161 549 oporteret
1186 481 1274 551 qui
1303 495 1394 537 eas
1424 480 1697 551 possident
1725 497 1738 533 ε
1767 479 1850 534 sin
1874 485 2049 533 autem
2076 491 2183 531 non

600 585 791 626 omnes
845 570 1039 626 divites
1079 573 1273 628 virtute
1319 582 1442 629 sunt
1482 573 1687 643 prtediti
1713 613 1729 637 ,
1770 572 1938 642 liquet
1973 569 2184 625 divitias

601 662 917 733 simpliciter
952 680 1014 719 ac
1042 680 1142 737 per
1175 680 1234 722 se
1260 666 1428 722 bonas
1468 683 1573 721 non
1598 681 1735 733 esse,
1776 680 1960 719 verum
1986 664 2037 718 in
2066 679 2181 719 me-

602 756 691 810 dio
734 756 959 827 positam
1006 759 1282 813 materiam
1329 759 1615 830 quamdam
1662 773 1782 815 esse
1826 756 2057 813 virtutis.
2096 756 2185 811 Sic

602 857 780 904 autem
808 865 923 904 rem
944 851 1203 919 expende.
1234 850 1367 906 Sunt
1387 849 1442 906 in
1468 866 1694 922 corpore
1717 850 2022 921 qualitates,
2051 862 2183 919 quas

603 939 693 1009 qui
720 939 923 996 habent
962 943 1093 997 tales
1116 942 1183 997 ab
1207 943 1271 997 iis
1299 943 1649 1013 appellantur.
1682 941 1924 1013 Exempli
1973 956 2131 996 causa
2165 958 2178 995 :

599 1032 804 1087 candor
849 1033 1142 1088 substantia
1184 1050 1288 1089 non
1314 1043 1417 1100 est,
1446 1034 1539 1089 sed
1578 1034 1823 1103 qualitas,
1855 1042 1907 1087 et
1934 1031 2182 1087 accidens

599 1122 741 1191 quod
784 1123 999 1179 advenit
1021 1125 1359 1190 substantiae;
1388 1140 1516 1196 ergo
1535 1124 1582 1181 si
1607 1124 1693 1180 cui
1722 1123 2038 1178 adnascatur
2057 1123 2178 1188 hoc,

603 1214 885 1269 candidum
929 1216 1189 1284 ejusmodi
1228 1216 1496 1272 hominem
1536 1218 1885 1287 appellamus.
1922 1216 2017 1271 Est
2039 1232 2181 1286 prae-

599 1314 749 1360 terea
778 1307 1034 1376 agritudo
1063 1317 1117 1362 et
1144 1309 1256 1379 ipsa
1282 1310 1510 1379 qualitas
1550 1310 1792 1379 quzedam
1829 1317 1884 1364 et
1907 1309 2177 1375 accidens,

600 1415 663 1454 ac
687 1400 732 1453 si
758 1399 843 1455 cui
886 1400 1151 1468 adveniat,
1181 1402 1338 1457 talem
1366 1413 1621 1474 aegrotum
1667 1418 1938 1459 vocamus.
1967 1403 2025 1459 Si
2054 1418 2181 1473 ergo

599 1486 797 1544 divitiae
826 1491 993 1547 virtus
1018 1504 1217 1561 essent,
1248 1509 1371 1549 eum
1404 1496 1491 1566 qui
1530 1495 1746 1550 divitias
1789 1494 2026 1565 possidet
2070 1497 2178 1551 vir-

601 1593 715 1640 tute
760 1589 1033 1656 prreditnm
1084 1606 1205 1647 esse
1245 1602 1517 1663 oporteret
1544 1609 1607 1648 ac
1649 1594 1751 1649 dici
1785 1610 1800 1648 :
1832 1594 1974 1665 quod
2000 1595 2044 1648 si
2074 1608 2178 1649 non

603 1679 821 1733 omnino
862 1681 1056 1737 virtute
1100 1684 1352 1753 prmditus
1394 1695 1476 1740 est
1507 1685 1678 1752 dives,
1716 1701 1822 1741 non
1863 1685 2183 1755 simpliciter

605 1762 699 1823 aut
723 1770 889 1826 virtus
915 1783 1005 1826 aut
1032 1772 1226 1828 bonum
1257 1786 1381 1830 sunt
1409 1776 1632 1843 divitim,
1661 1778 1753 1831 sed
1786 1776 1837 1832 id
1869 1777 2000 1832 liunt
2026 1786 2183 1847 prout

599 1861 820 1917 allectus
866 1864 1019 1918 fuerit
1063 1865 1177 1934 ejus
1225 1868 1435 1923 animus
1479 1869 1568 1938 qui
1616 1868 1695 1925 eis
1734 1871 1931 1924 utitur.
1978 1869 2181 1925 Rursus

599 1965 880 2025 paupertas
919 1958 963 2011 si
1003 1959 1197 2013 malum
1239 1970 1400 2025 esset,
1440 1977 1627 2017 omnes
1674 1962 1761 2032 qui
1789 1962 1842 2017 in
1874 1973 2182 2032 paupertate

600 2048 815 2118 degunt,
860 2061 1130 2120 Oporteret
1175 2068 1293 2109 esse
1319 2054 1488 2110 malos
1517 2073 1531 2109 :
1560 2056 1643 2110 sin
1668 2064 1843 2111 autem
1875 2056 2027 2110 multi
2053 2071 2180 2125 pau-

600 2153 757 2208 percs
810 2143 1000 2197 caelum
1049 2155 1415 2215 occuparunt,
1464 2162 1572 2201 non
1623 2156 1707 2201 est
1749 2147 1929 2217 utique
1981 2148 2176 2201 malum

599 2241 903 2302 paupertas.

667 2324 721 2378 4.
752 2324 888 2392 Quid
918 2330 1057 2394 quod
1092 2326 1240 2381 inulti
1270 2336 1488 2398 propter
1524 2337 1889 2398 paupertatem
1925 2328 2177 2398 blasphe-

598 2418 787 2468 mant?
822 2415 965 2471 dicet
1006 2418 1215 2488 aliquis.
1256 2417 1371 2473 Non
1401 2428 1619 2488 propter
1648 2428 2013 2489 paupertatem
2034 2460 2050 2485 ,
2083 2420 2178 2475 scd

599 2518 819 2579 propter
850 2510 1108 2565 insaniam
1137 2526 1285 2565 suam
1314 2521 1368 2567 et
1392 2512 1878 2583 pusillanimitatem
1910 2513 1961 2567 id
1992 2523 2176 2583 agunt.

598 2599 773 2669 Atque
816 2600 917 2657 hoc
951 2618 1014 2657 ex
1061 2603 1196 2657 beati
1228 2602 1329 2658 Job
1352 2604 1595 2673 exemplo
1622 2612 1766 2673 patet
1792 2620 1807 2669 ;
1841 2603 1929 2674 qui
1960 2620 2082 2659 cum
2111 2604 2178 2659 ad

598 2699 892 2744 extremam
925 2701 1290 2762 paupertatem
1321 2692 1565 2747 redactus
1591 2703 1772 2757 esset,
1810 2702 1865 2748 ct
1892 2693 1957 2747 ad
2006 2694 2176 2764 ipsum

599 2781 925 2849 paupertatis
971 2781 1276 2837 barathrum
1326 2783 1605 2838 devolutus
1633 2826 1647 2852 ,
1696 2800 1801 2837 non
1847 2784 2018 2838 solum
2072 2799 2178 2838 non

598 2872 1005 2943 hlaSphemavit,
1032 2872 1124 2930 sed
1157 2875 1320 2929 Deum
1350 2874 1663 2930 benedicere
1690 2890 1794 2929 non
1825 2876 2072 2941 cessavit,
2097 2875 2180 2929 his

599 2966 807 3020 verbis:
835 2964 1078 3021 Dominus
1091 2966 1246 3033 dedit,
1271 2965 1513 3022 Dominus
1538 2967 1743 3022 abstulit
1766 2983 1785 3031 ;
1808 2967 1935 3021 sicut
1962 2965 2180 3021 Domino

598 3058 809 3129 placuit,
828 3059 899 3112 ita
919 3063 1107 3130 factum
1132 3068 1204 3113 est
1231 3075 1249 3113 :
1272 3059 1335 3113 sit
1360 3075 1538 3113 nomen
1567 3059 1769 3114 Domini
1795 3059 2178 3125 benedictumjn

598 3150 787 3203 sarcula
817 3150 937 3216 (Job
966 3152 1016 3205 1.
1037 3148 1155 3221 21).
1180 3151 1249 3204 At
1272 3152 1411 3205 enim
1437 3150 1506 3206 ob
1524 3149 1733 3206 divitias
1749 3151 1907 3207 etiam
1930 3152 2078 3207 multi
2102 3168 2179 3207 ra-

599 3243 753 3312 piunt
772 3252 824 3297 et
854 3242 1022 3297 aliena
1056 3242 1328 3307 invadunt,
1357 3242 1501 3298 dicet
1525 3244 1734 3313 aliquis.
1761 3243 1959 3299 Verum
1988 3244 2039 3299 id
2069 3260 2177 3300 non

596 3334 667 3389 ob
692 3333 902 3388 divitias
933 3335 1027 3400 lit,
1058 3333 1149 3389 sed
1179 3334 1249 3388 ob
1277 3335 1516 3404 ipsorum
1544 3334 1854 3397 stultitiam;
1888 3344 2047 3405 atque
2074 3334 2175 3390 hu-

594 3426 682 3498 jus
710 3426 785 3482 rei
816 3427 966 3482 testis
993 3427 1145 3482 nobis
1169 3427 1271 3482 erit
1312 3428 1395 3482 hic
1423 3428 1535 3497 ipse
1560 3428 1659 3493 vir,
1686 3428 1773 3497 qtti
1805 3443 1924 3483 cum
1957 3437 2033 3482 tot
2063 3429 2179 3499 opi-

593 3519 697 3573 bus
718 3519 1032 3584 abundaret,
1055 3536 1156 3573 non
1185 3519 1343 3574 modo
1370 3536 1455 3574 res
1484 3520 1706 3573 aliorum
1731 3537 1834 3574 non
1863 3522 2053 3591 rapuit,
2082 3522 2176 3577 sed

594 3611 751 3664 etiam
776 3610 983 3681 propria
1006 3610 1276 3680 erogabat,
1299 3619 1352 3665 et
1377 3604 1673 3680 peregrinis
1694 3620 1901 3680 portum
1934 3612 2171 3680 parabat,

594 3704 671 3757 sic
699 3702 915 3757 dicens:
939 3702 1130 3757 Domus
1158 3719 1268 3756 utea
1295 3702 1433 3756 omni
1460 3702 1721 3773 peregrino
1746 3703 1907 3772 patuit
1939 3702 2055 3776 (Job
2082 3703 2170 3758 51.

593 3796 705 3865 52).
723 3795 985 3851 Abraham
1008 3812 1217 3866 quoque
1236 3811 1354 3851 cum
1379 3804 1452 3850 tot
1472 3811 1602 3866 opes
1634 3797 1947 3865 possideret,
1964 3796 2015 3850 iu
2042 3812 2174 3864 pne-

594 3896 863 3941 tercuntes
898 3888 1075 3941 omnia
1101 3887 1466 3957 expendebat;
1506 3899 1561 3943 et
1608 3904 1778 3959 neque
1819 3890 1960 3944 hunc
2003 3905 2174 3959 neque

593 3981 744 4035 illum
763 3978 1119 4034 fraudatorem
1148 3988 1239 4034 aut
1267 3995 1487 4036 avarum
1513 3982 1709 4037 divitia:
1732 3983 2094 4049 reddiderunt,
2116 3990 2174 4037 ut

592 4086 765 4141 neque
789 4071 1153 4140 blasphemum
1175 4081 1455 4141 paupertas
1480 4082 1572 4127 aut
1593 4074 1736 4128 illum
1766 4085 1857 4129 aut
1876 4075 2168 4131 Lazarum:

592 4163 687 4218 sed
726 4177 848 4218 cum
889 4178 1059 4233 neque
1101 4164 1397 4218 necessaria
1436 4165 1647 4234 utrique
1691 4176 2036 4236 suppeterent
2071 4166 2174 4221 ali-

592 4262 795 4320 menta,
826 4256 903 4310 sic
931 4256 1163 4311 illustres
1193 4253 1428 4322 fuerunt,
1454 4264 1513 4310 ut
1539 4256 1673 4311 alter
1700 4257 1790 4311 Dei
1816 4299 1830 4323 ,
1864 4259 1953 4328 qui
1978 4273 2168 4313 arcana

592 4347 735 4402 clare
769 4348 1257 4409 novit,testimonio
1292 4346 1792 4403 commendaretur:
1825 4349 1957 4404 alter
1993 4360 2169 4405 autem

593 4441 663 4496 ab
687 4440 890 4510 angelis
927 4439 1362 4496 antecedentibus
1391 4440 1515 4494 hinc
1552 4438 1871 4506 auferretur,
1902 4451 1957 4496 et
1983 4449 2171 4495 contu-

594 4531 823 4587 bernalis
862 4531 1013 4586 ﬁeret
1051 4531 1364 4600 patriarchre.
1396 4573 1411 4598 ,
1448 4530 1743 4601 iisdemque
1784 4530 1936 4586 bonis
1977 4532 2169 4601 quibus

592 4623 681 4677 ille
708 4621 989 4677 frueretur.
1017 4621 1197 4691 Itaque
1225 4622 1412 4677 mediae
1439 4637 1526 4677 res
1554 4632 1677 4676 sunt
1706 4622 1819 4677 ista:
1844 4661 1859 4687 ,
1886 4633 2169 4693 paupertas

592 4724 641 4770 et
671 4715 897 4779 divitiae,
923 4715 1122 4770 sanitas
1148 4725 1201 4771 et
1223 4716 1440 4770 morbus
1465 4758 1479 4782 ,
1508 4716 1614 4770 vita
1643 4725 1698 4769 et
1726 4730 1889 4778 mors,
1917 4716 2081 4785 gloria
2114 4725 2169 4771 et

590 4807 781 4870 honor,
810 4806 1039 4860 servitus
1065 4815 1117 4860 et
1142 4806 1357 4861 libertas
1378 4847 1392 4870 .
1419 4816 1473 4863 et
1500 4821 1850 4877 quaecumque
1874 4815 1998 4861 sunt
2020 4807 2166 4877 ejus-

589 4897 733 4953 modi
758 4913 773 4963 ;
806 4912 910 4953 non
938 4898 1080 4952 enim
1106 4898 1281 4953 omnia
1313 4908 1437 4954 sunt
1465 4900 1818 4969 percurrenda
1839 4942 1855 4965 ,
1899 4914 1965 4954 ne
2006 4901 2168 4971 proli-

586 4993 705 5047 xior
738 4992 827 5046 liat
853 4991 1056 5055 oratio,
1090 4990 1182 5045 sed
1212 4990 1363 5045 vobis
1388 5007 1459 5047 ex
1497 4993 1578 5046 his
1604 4991 1725 5046 data
1756 4993 2067 5055 occasione,
2098 4994 2165 5048 ad

585 5101 646 5138 ca
675 5100 794 5155 qua)
821 5097 920 5138 nos
946 5092 1135 5153 urgent
1158 5083 1376 5137 dicenda
1402 5083 1725 5154 pergendum
1755 5094 1855 5138 est.
1887 5082 1971 5136 Da
1999 5084 2163 5151 enim,

586 5178 778 5247 inquit,
810 5177 1024 5248 sapienti
1049 5176 1383 5244 occasionem,
1412 5187 1459 5230 et
1484 5177 1757 5247 sapientior
1782 5177 1874 5231 erit
1900 5176 2078 5249 (Prov.
2108 5178 2161 5233 9.

586 5266 678 5340 9).
709 5268 872 5338 Igitur
901 5283 986 5323 res
1016 5268 1206 5324 mediae
1239 5275 1361 5321 sunt
1397 5266 1511 5321 haec
1546 5266 1723 5322 omnia
1753 5285 1765 5321 :
1794 5267 1873 5322 sic
1910 5276 1967 5321 ut
1997 5266 2082 5323 his
2111 5269 2163 5322 in

583 5358 785 5415 bonum
816 5369 869 5415 et
897 5361 948 5415 in
982 5360 1179 5415 malum
1209 5359 1451 5414 homines
1480 5359 1557 5414 uti
1593 5359 1819 5429 possint.
1842 5359 1993 5426 Quod
2021 5359 2163 5415 enim

586 5450 670 5506 lue
698 5467 784 5507 res
809 5455 917 5507 sint
941 5452 1150 5519 medim,
1176 5462 1234 5506 nt
1257 5451 1473 5516 divitiae,
1501 5450 1736 5506 ostendit
1758 5450 2047 5515 Abraham,
2074 5450 2164 5520 qui

588 5550 646 5595 ut
665 5557 802 5612 opus
830 5548 950 5595 erat
968 5541 1101 5611 ipsis
1114 5549 1370 5595 estusus:
1405 5543 1636 5598 ostendit
1661 5552 1716 5599 et
1743 5544 1833 5599 ille
1860 5545 1947 5605 aui
1980 5542 2166 5598 Lazari

585 5632 717 5686 vixit
734 5642 891 5688 :etate
917 5635 1085 5703 dives,
1109 5634 1197 5704 qui
1228 5636 1280 5687 in
1309 5634 1500 5704 capitis
1524 5635 1605 5689 sui
1634 5634 1921 5705 perniciem
1944 5633 2165 5689 faculta-

586 5732 667 5778 tes
691 5725 967 5794 impendit.
994 5727 1174 5797 Neque
1204 5727 1397 5781 bonnm
1430 5728 1586 5797 igitur
1606 5726 1849 5783 absolute
1876 5738 1995 5781 sunt
2023 5727 2163 5781 divi-

582 5816 880 5893 limumque.
911 5818 1127 5873 malum.
1166 5818 1220 5875 Si
1248 5820 1487 5876 absolute
1516 5819 1711 5876 bonum
1740 5829 1919 5875 essent
1941 5861 1957 5888 ,
1991 5834 2164 5890 neque

1385 366 1444 422 S.
1483 364 1761 423 JOANNIS
1798 363 2272 422 CHRYSOSTOMI
2308 364 2625 422 ARCHIEP.
2664 364 3193 424 CONSTANTINOP.
3702 387 3785 445 ηδ

2287 491 2378 532 res
2403 476 2611 545 mediae,
2629 478 2778 534 dives
2803 480 2894 535 ille
2913 479 3002 550 qui
3032 489 3183 536 aetate
3205 481 3377 540 Lazari
3396 486 3532 554 vixit,
3553 498 3647 548 tam
3667 504 3785 566 εηνί

2288 567 2549 637 supplicio
2574 570 2792 639 punitus
2818 585 2923 625 non
2945 581 3089 627 esset
3115 589 3128 625 :
3158 571 3201 626 si
3226 575 3413 631 malum
3440 591 3632 650 essent,
3652 588 3788 643 Abra-

2288 658 2450 725 ham,
2476 660 2562 730 qui
2609 660 2757 715 dives
2792 660 2931 730 fuit,
2956 677 3061 717 non
3105 672 3210 718 tam
3239 666 3450 724 celebris
3486 670 3667 729 fuisset.
3689 676 3792 736 Tale

2286 750 2412 821 quid
2443 761 2524 806 est
2546 753 2706 807 etiam
2736 753 2969 809 morbus.
3002 753 3134 813 Nam
3155 755 3200 810 si
3222 757 3562 817 malum‘esset
3589 766 3792 833 morbus,

2286 852 2558 911 Oporteret
2582 854 2634 899 et
2661 847 2861 901 malum
2884 864 3004 903 esse
3030 859 3305 919 aegrotum.
3336 853 3505 924 Itaque
3530 856 3797 918 Timotheus

2286 949 2499 1006 quoque
2526 937 2696 993 malus
2723 952 2843 994 esse
2872 938 3181 1008 debuisset,
3210 942 3299 1013 qui
3330 946 3510 1001 morbo
3532 950 3797 1018 gravissimo

2286 1025 2709 1084 conﬂictabatur.
2724 1028 2855 1085 Vino
2881 1033 3021 1085 enim
3050 1032 3246 1087 modico
3268 1042 3422 1099 utere,
3439 1036 3614 1107 inquit,
3636 1052 3801 1112 propter

2285 1120 2596 1173 stomachum
2617 1160 2634 1186 ,
2659 1131 2707 1175 et
2732 1122 3011 1193 frequentes
3036 1134 3147 1178 tuas
3170 1125 3482 1193 inﬁrmitates
3509 1130 3589 1198 (1.
3621 1131 3732 1187 Tim.
3756 1136 3798 1188 5.

2283 1211 2355 1265 25
2371 1210 2413 1281 ).
2442 1211 2593 1280 Quod
2618 1213 2660 1267 si
2690 1229 2793 1267 non
2821 1215 2980 1270 modo
3004 1217 3177 1271 malus
3201 1218 3395 1274 idcirco
3412 1235 3515 1274 non
3540 1221 3645 1287 fuit,
3665 1225 3743 1279 sed
3764 1239 3807 1281 et

2286 1304 2548 1360 mercedis
2576 1306 2758 1361 multa:
2783 1309 3140 1366 accessionem
3166 1312 3389 1381 accepit,
3418 1323 3473 1368 ut
3495 1317 3728 1385 patienter
3745 1321 3808 1374 in-

2287 1395 2588 1453 lirmitatcm
2629 1398 2773 1453 illam
2814 1400 2973 1467 tulit,
3014 1402 3259 1457 morbum
3298 1405 3475 1475 utique
3511 1409 3689 1463 malum
3722 1427 3811 1466 non

2284 1502 2402 1542 esse
2431 1489 2768 1546 manifestum
2808 1504 2907 1548 est.
2950 1495 3101 1551 Alius
3138 1511 3350 1569 quoque
3392 1500 3635 1570 propheta
3674 1505 3813 1559 oculis

2283 1593 2541 1652 perpetuo
2584 1585 2859 1642 laborabat
2889 1606 2902 1643 :
2937 1603 3037 1644 nec
3075 1598 3252 1645 tamen
3294 1604 3505 1662 propter
3545 1594 3643 1651 hoc
3676 1598 3819 1651 malus

2284 1683 2400 1729 erat
2423 1714 2437 1738 ,
2468 1675 2559 1730 sed
2590 1687 2645 1731 et
2673 1678 3025 1748 prophetabat
3044 1722 3059 1745 ,
3088 1690 3142 1736 et
3171 1680 3348 1737 futura
3379 1684 3688 1754 przevidebat
3707 1730 3719 1754 ,
3742 1704 3819 1743 ne-

2284 1780 2387 1835 que
2416 1767 2636 1823 morbus
2671 1768 2747 1822 illi
2784 1770 2995 1840 aliquod
3033 1771 3101 1826 ad
3144 1773 3395 1828 virtutem
3427 1775 3822 1846 impedimentum

2282 1858 2553 1914 alferebat.
2596 1861 2666 1915 At
2695 1877 2865 1931 neque
2890 1867 3086 1919 sanitas
3112 1865 3359 1922 absolute
3389 1868 3581 1924 bonum
3611 1881 3685 1926 est
3704 1912 3717 1934 ,
3742 1872 3825 1927 nisi

2282 1950 2401 2018 quis
2434 1965 2496 2005 ea
2524 1959 2582 2006 ut
2603 1962 2847 2021 oportet,
2881 1970 2985 2009 non
3016 1955 3083 2009 ad
3112 1956 3418 2026 improbum
3448 1958 3647 2015 facinus
3670 1963 3748 2018 vel
3773 1963 3827 2017 ad

2283 2040 2467 2096 inutile
2491 2042 2656 2097 otium
2684 2052 2863 2099 utatur
2893 2061 2906 2098 :
2940 2061 3113 2116 neque
3138 2048 3285 2103 enim
3313 2050 3535 2106 crimine
3565 2051 3659 2107 hoc
3683 2053 3829 2123 ipsum

2284 2142 2454 2187 vacat.
2483 2134 2740 2200 Quocirca
2775 2136 2971 2193 Paulus
3012 2140 3176 2195 etiam
3211 2140 3428 2197 dicebat
3461 2160 3474 2197 :
3519 2142 3579 2198 Si
3612 2145 3715 2214 quis
3749 2161 3835 2198 non

2282 2223 2386 2276 t'ttll
2413 2226 2613 2294 aperari
2633 2268 2646 2292 ,
2678 2243 2769 2281 nec
2798 2229 3066 2284 manducet
3096 2229 3190 2300 (2.
3216 2231 3400 2288 Thess.
3432 2234 3486 2287 5.
3514 2234 3581 2289 10
3600 2236 3639 2303 ).
3668 2234 3835 2289 Verum

2282 2313 2398 2369 lunc
2424 2315 2596 2370 media
2621 2327 2744 2371 sunt
2767 2326 2821 2372 et
2842 2318 3216 2387 indilferentia,
3239 2330 3295 2378 et
3325 2338 3424 2393 pro
3453 2326 3651 2379 ratione
3673 2339 3836 2380 eorum

2281 2409 2368 2478 qui
2392 2409 2471 2465 eis
2498 2419 2715 2466 utuntur
2749 2411 3034 2483 aliquando
3065 2412 3168 2469 hoc
3190 2456 3208 2481 ,
3235 2416 3528 2493 aliquando
3558 2417 3677 2472 illud
3709 2416 3838 2472 fiunt.

2282 2501 2418 2569 Quid
2453 2518 2581 2558 vero
2617 2505 2808 2559 attinet
2850 2507 3131 2563 sanitatem
3172 2524 3608 2566 commemorare
3633 2526 3693 2566 ac
3716 2525 3838 2565 mor-

2281 2591 2427 2659 bum,
2452 2594 2665 2649 divitias
2683 2604 2737 2651 et
2756 2604 3119 2667 paupertatem
3141 2598 3167 2651 ‘l
3196 2598 3316 2654 Hoc
3341 2598 3495 2653 enim
3516 2599 3708 2668 ipsum,
3726 2603 3846 2672 quod

2282 2685 2440 2753 vulgo
2469 2685 2727 2741 bonorum
2755 2688 2993 2742 omnium
3027 2698 3191 2759 caput
3219 2701 3504 2756 censetur,
3531 2699 3585 2744 et
3612 2691 3847 2745 malorum

2282 2776 2544 2846 colophon
2568 2788 2771 2843 ,mors,
2798 2781 3054 2850 inquam,
3081 2790 3137 2836 et
3180 2781 3295 2837 vita
3317 2822 3333 2849 ,
3383 2798 3560 2853 neque
3601 2793 3720 2840 sunt
3754 2782 3853 2837 bare

2281 2869 2543 2935 absolute,
2574 2871 2668 2925 sed
2693 2882 2747 2926 et
2774 2873 2887 2943 ipsa
2911 2873 3085 2928 media
3114 2884 3269 2943 sunt,
3298 2883 3360 2931 et
3386 2886 3549 2946 prout
3570 2893 3747 2933 eorum
3766 2874 3853 2930 fert

2281 2962 2490 3018 animus
2520 3004 2535 3029 ,
2564 2965 2654 3034 qui
2697 2965 2776 3020 eis
2818 2975 3074 3034 utuntur,
3119 2967 3394 3024 alterutra
3442 2970 3599 3025 ﬁunt.
3638 2969 3859 3041 Exempli

2280 3068 2440 3109 causa
2459 3057 2665 3112 bonum
2683 3064 2768 3112 est
2782 3054 2988 3123 vivere,
3026 3059 3071 3113 si
3096 3058 3223 3129 quis
3245 3074 3317 3115 eo
3343 3069 3406 3115 ut
3431 3069 3646 3131 oportet
3669 3069 3858 3115 utatur:

2280 3159 2402 3201 cum
2426 3161 2557 3202 vero
2587 3146 2655 3202 ad
2682 3156 2896 3217 peccata
2926 3150 3010 3204 vel
3039 3149 3387 3221 iniquitates,
3417 3169 3531 3209 non
3555 3152 3663 3223 jam
3689 3154 3864 3208 bonum

2280 3247 2383 3305 est,
2410 3238 2505 3294 sed
2534 3240 2704 3295 multo
2731 3240 2921 3296 melius
2947 3239 3144 3308 fuerit,
3175 3253 3239 3299 ut
3264 3246 3361 3316 qui
3384 3245 3653 3316 ejusmodi
3673 3254 3750 3301 est
3767 3259 3866 3299 mo-

2279 3331 2467 3385 riatur.
2496 3330 2702 3387 Rursus
2732 3331 2859 3386 illud
2882 3371 2899 3398 ,
2930 3331 3069 3401 quod
3096 3331 3429 3405 fugiendum
3458 3338 3615 3392 multi
3643 3348 3869 3401 censent,

2280 3426 2553 3481 innumera
2602 3426 2755 3481 nobis
2792 3426 2931 3482 bona
2969 3428 3264 3497 conciliat,
3300 3430 3439 3486 dum
3481 3431 3871 3486 convenientem

2277 3532 2490 3571 causam
2519 3518 2709 3574 habeat
2731 3518 3053 3590 adjunctam.
3079 3523 3438 3592 Argumento
3458 3532 3590 3578 sunt
3608 3530 3877 3593 martyres.

2277 3612 2364 3681 qui
2388 3622 2603 3683 propter
2626 3622 2852 3668 mortem
2875 3616 3110 3670 omnium
3138 3626 3276 3671 sunt
3304 3615 3639 3671 felicissimi.
3668 3617 3879 3683 Proptrr

2278 3703 2379 3759 hoc
2406 3705 2653 3760 nimirum
2678 3706 2870 3761 Paulus
2892 3721 2996 3761 non
3018 3707 3354 3777 simpliciter
3384 3709 3577 3763 vivere
3601 3708 3661 3762 in
3682 3706 3883 3763 Christo

2276 3794 2554 3863 cupiebat,
2602 3796 2693 3851 sed
2732 3797 2979 3867 quoniam
3010 3795 3111 3851 hoc
3156 3798 3235 3853 illi
3279 3799 3477 3869 operis
3516 3797 3725 3853 fructus
3760 3807 3881 3851 erat.

2282 3886 2523 3941 «Etenim
2552 3887 2676 3956 quid
2702 3890 2912 3959 eligam,
2938 3908 2957 3942 ι
2987 3890 3176 3960 inquit,
3208 3910 3231 3943 ι
3262 3890 3510 3962 ignoro:
3541 3902 3787 3948 coarctor
3808 3904 3889 3942 au-

2278 3986 2381 4032 tem
2414 3992 2445 4032 e
2471 3977 2678 4033 duobus
2712 3996 2724 4031 :
2755 3979 3079 4035 desiderium
3118 3982 3272 4035 enim
3326 3983 3550 4038 habens
3593 3981 3811 4037 dissolvi
3846 3992 3892 4034 et

2276 4084 2394 4125 esse
2432 4084 2553 4125 eum
2588 4070 2843 4138 Christo;
2890 4073 3043 4128 valde
3082 4074 3229 4128 enim
3279 4075 3470 4130 multo
3498 4075 3739 4139 melius;
3783 4088 3893 4143 per

2275 4177 2493 4218 manere
2537 4173 2714 4219 autem
2754 4164 2808 4219 in
2852 4179 3011 4221 carne
3051 4167 3223 4235 magis
3269 4170 3667 4223 necessarium
3698 4178 3901 4235 propter

2274 4269 2369 4311 vos
2397 4276 2416 4310 ι
2443 4255 2665 4327 (Philip.
2689 4258 2741 4312 1.
2762 4255 2964 4328 22-24).
2993 4256 3073 4313 Ob
3097 4257 3201 4313 hoc
3227 4259 3425 4329 ipsum
3451 4274 3680 4332 quoque
3701 4258 3903 4314 dicebat

2273 4349 2530 4419 propheta
2556 4390 2571 4416 ,
2615 4347 2847 4403 Pretiosa
2873 4349 2924 4403 in
2950 4359 3224 4419 conspectu
3267 4351 3508 4406 Domini
3540 4369 3684 4406 mors
3714 4360 3908 4415 sancto-

2272 4455 2387 4492 rum
2409 4440 2518 4510 ejus
2540 4438 2710 4509 (Psal.
2741 4439 2865 4494 115.
2902 4438 3005 4511 15)
3038 4457 3049 4492 :
3081 4456 3186 4494 non
3221 4442 3581 4512 simpliciter
3609 4455 3796 4507 mors,
3823 4439 3912 4495 sed

2273 4546 2420 4585 mors
2448 4531 2727 4602 ejusmodi.
2760 4531 2828 4586 Et
2862 4548 3047 4586 rursus
3085 4532 3338 4598 alicubi,
3393 4534 3559 4590 Mors
3591 4546 3917 4605 peccatorum

2274 4624 2491 4693 pessima
2517 4622 2536 4694 (
2562 4622 2704 4676 Psal.
2736 4624 2825 4678 33.
2852 4622 2985 4694 22).
3021 4622 3177 4678 Vides
3229 4624 3350 4679 hoc
3401 4641 3637 4696 quoque
3686 4624 3921 4680 medium

2272 4730 2424 4781 esse,
2455 4731 2555 4771 nec
2583 4716 2825 4771 absolute
2866 4716 3066 4770 bonum
3094 4756 3110 4780 ,
3156 4731 3267 4772 nec
3313 4719 3465 4774 item
3511 4720 3780 4776 absolute
3813 4733 3925 4772 ma-

2272 4807 2401 4873 lum,
2425 4808 2518 4863 sed
2548 4824 2645 4878 pro
2671 4810 2873 4865 ratione
2899 4810 3061 4864 animi
3083 4818 3136 4864 et
3159 4808 3418 4868 affectus
3447 4829 3658 4869 eorum
3680 4828 3713 4866 a
3734 4812 3927 4883 quibus

2272 4900 2400 4954 illud
2431 4900 2730 4970 excipitur?
2769 4900 2972 4958 Idcirco
3001 4908 3059 4956 et
3097 4901 3587 4971 sapientissimus
3618 4904 3888 4961 Salomon
3918 4945 3930 4963 ,

2272 4991 2396 5046 dum
2424 4992 2706 5047 utilitatem
2737 5002 3162 5058 commemorat,
3192 5009 3337 5063 quae
3371 4996 3437 5051 in
3469 4998 3673 5052 medio
3705 4997 3935 5052 istormn

2271 5093 2354 5138 est
2381 5083 2547 5153 posita
2572 5123 2588 5149 ,
2631 5092 2686 5139 et
2712 5083 2781 5139 de
2810 5083 2894 5137 bis
2920 5083 3380 5153 philosophatur,
3419 5087 3807 5158 ostenditque
3839 5102 3943 5139 non

2272 5175 2373 5231 hoc
2401 5175 2644 5231 absolute
2674 5175 2871 5230 bonum
2896 5191 3019 5231 esse
3041 5217 3055 5241 ,
3086 5184 3142 5230 et
3168 5174 3318 5232 illud
3356 5180 3596 5235 malum
3623 5219 3642 5245 ,
3676 5180 3783 5235 sed
3814 5193 3945 5233 con-

2270 5267 2500 5322 venienti
2540 5282 2662 5322 cum
2693 5276 2932 5338 tempore
2963 5266 3079 5322 fieri
3110 5268 3256 5322 bona
3288 5308 3309 5332 ,
3354 5270 3511 5328 licet
3542 5274 3802 5330 molesta
3833 5287 3955 5328 esse

2271 5360 2566 5427 videantur,
2595 5358 2668 5431 (a)
2689 5359 2764 5433 [et
2784 5360 2941 5426 mala,
2969 5360 3094 5415 licet
3114 5360 3384 5429 jucunda
3414 5380 3559 5422 esse
3583 5365 3896 5421 videantur
3917 5360 3952 5433 ς]

2271 5468 2391 5506 cum
2419 5467 2523 5506 non
2549 5453 2882 5506 convenienti
2910 5453 3040 5507 liunt
3066 5462 3355 5522 tempore,
3394 5455 3656 5513 dicebat
3688 5479 3703 5514 :
3728 5458 3956 5528 Tempus

2270 5544 2427 5614 ﬂendi
2452 5555 2499 5599 et
2525 5555 2717 5615 tempus
2743 5544 2940 5599 ridendi
2960 5565 2979 5599 .·
2997 5554 3190 5616 tempus
3217 5546 3489 5618 vivendi,
3521 5560 3581 5605 et
3610 5561 3835 5623 tmpus
3856 5565 3956 5603 mo-

2335 5702 2406 5766 (a)
2428 5710 2549 5775 Qua:
2566 5703 2754 5775 uncinis
2777 5701 3063 5775 clauduntur
3084 5701 3279 5775 desunt.
3305 5702 3372 5752 in
3428 5711 3668 5767 Greco;
3842 5705 3955 5753 desit

2270 5764 2502 5813 (terantur
2523 5766 2580 5813 ad
2603 5766 2803 5826 seriem,
2830 5778 2987 5827 eaque
3010 5770 3180 5814 t-‘ronto
3217 5769 3496 5829 occasus,
3520 5764 3838 5820 non'dubia
3854 5780 3956 5816 ceu

2269 5829 2475 5889 jectura,
2499 5826 2760 5889 supplevit.
