4102 6306
683 405 782 461 139

677 518 802 574 οῦτε
829 517 1107 590 πανταχοῦ
1140 518 1201 572 τὸ
1229 518 1415 588 ἀλγεῖν
1439 522 1620 587 καλὸν,
1655 521 1771 576 ἀλλ’
1801 519 1948 574 ἔστιν
1977 520 2110 572 ὃπου
2149 517 2244 572 καὶ

676 602 974 672 θανάσιμον
1019 603 1113 656 καὶ
1145 602 1409 674 ὀλέθριον.
1450 606 1559 658 Καὶ
1597 604 1752 658 τοῦτο
1788 603 1918 658 αὐτὸ
1948 602 2108 656 πάλιν
2135 601 2244 653 δει-

677 688 809 750 κνὺς
837 689 866 740 6
891 685 1105 750 Παῦλος
1140 686 1326 755 ἔλεγεν
1347 705 1361 718 ·
1402 689 1462 742 Ἠ
1489 689 1639 742 κατὰ
1687 687 1834 742 Θεὸν
1871 688 2034 752 λύπη
2073 684 2250 753 μετά-

674 787 848 824 νοιαν
878 772 966 834 εἰς
997 772 1298 838 σωτηρίαν
1325 771 1774 840 ἀμεταμέλητον
1808 768 2247 837 κατεργάζεταιο

675 855 714 920 ἡ
740 851 807 904 δὲ
831 851 937 905 τοῦ
959 853 1189 922 κόσμου
1213 854 1376 921 λύπη
1400 853 1656 907 θάνατον
1682 850 2106 920 κατεργάζεται.

745 943 805 988 ε’.
859 937 1022 1006 Ὁρᾷς
1053 935 1331 990 καὶτοῦτο
1352 937 1460 990 τῶν
1492 938 1672 1008 μέσων
1699 937 1790 1001 6v;
1822 933 2031 988 Οὐκοῦν
2067 933 2161 987 καὶ
2190 933 2250 986 τὸ

676 1019 915 1072 ἐναντίον
943 1019 1105 1073 αὑτοῦ
1136 1019 1244 1072 τῶν
1279 1020 1477 1090 μέσων,
1506 1021 1563 1072 τὸ
1604 1019 1814 1090 χαίρειν
1847 1017 2011 1086 λέγω.
2049 1017 2249 1086 Διόπερ

672 1104 772 1172 οὐχ
797 1102 984 1165 άπλῶς
1013 1103 1221 1173 χαίρειν
1243 1103 1544 1167 ἐκέλευσεν,
1565 1103 1698 1155 ἀλλὰ
1718 1103 1932 1172 χαίρειν
1960 1103 2017 1154 ἐν
2041 1100 2249 1170 Κυρίῳ.

689 1185 827 1238 Ἀλλ’
856 1188 883 1238 6
908 1185 1005 1255 μὲν
1033 1185 1141 1238 τῶν
1174 1185 1354 1255 μέσων
1382 1185 1536 1254 λόγος
1557 1185 1759 1248 ἱκανῶς
1789 1185 1919 1255 ήμῖν
1942 1182 2249 1254 διευκρινη-

673 1286 785 1332 ται,
816 1270 927 1338 εἴγε
952 1270 1227 1338 ἀκροατὰς
1250 1270 1362 1340 ἔχει
1394 1270 1784 1341 προσέχονταςο
1819 1269 1956 1320 ἰτέον
1975 1269 2032 1321 δέ
2065 1267 2250 1319 λοιπὸν

674 1353 767 1406 ἐπὶ
793 1353 862 1406 τὰ
907 1353 979 1424 μὴ
1009 1352 1168 1423 μέσα,
1204 1353 1337 1405 ἀλλά
1368 1353 1459 1405 ἐπὶ
1483 1353 1553 1404 τά
1580 1353 1740 1417 καλά,
1771 1351 1806 1406 ὃ.
1830 1352 1927 1405 οὐκ
1953 1351 2017 1404 ἂν
2039 1350 2248 1418 γένοιτο

674 1436 840 1498 κακὰ,
870 1437 963 1488 καὶ
983 1437 1073 1489 ἐπὶ
1092 1436 1160 1488 τά
1182 1437 1346 1498 κακά,
1377 1437 1412 1489 ἀ
1437 1437 1536 1488 οὐκ
1562 1436 1627 1489 ἂν
1645 1437 1854 1504 γένοιτο
1875 1434 2034 1487 καλά.
2065 1432 2176 1486 Ταῦ
2187 1451 2247 1485 τα

677 1522 774 1589 μὲν
808 1518 916 1589 γὰρ
940 1520 1005 1573 τά
1038 1519 1304 1590 εἰρημένα
1337 1521 1466 1572 ποτὲ
1503 1521 1601 1590 μὲν
1623 1519 1799 1583 τοῦτο,
1839 1519 1968 1573 ποτε
1989 1517 2045 1569 δὲ
2071 1519 2246 1570 ἐκεῖνο

674 1603 909 1670 γίνεται’
954 1599 1065 1656 οἷον
1107 1606 1136 1657 6
1179 1604 1406 1666 πλοῦτος
1455 1605 1585 1656 ποτὲ
1633 1605 1728 1675 μὲν
1761 1604 1953 1664 κακὸν,
1987 1603 2115 1655 ὅταν
2165 1603 2245 1666 εἰς

672 1687 983 1752 πλεονεξίαν
1013 1688 1336 1750 δαπανᾶταί,
1366 1689 1494 1740 ποτὲ
1521 1689 1576 1741 δὲ
1613 1689 1796 1751 καλὸν,
1828 1689 1954 1740 ὅταν
1981 1688 2060 1749 εἰς
2092 1685 2245 1755 ἐλεη-

676 1771 910 1842 μοσύνην
944 1772 1297 1840 ἀναλίσκηται
1317 1791 1328 1802 ·
1361 1773 1455 1824 καὶ
1481 1772 1548 1825 τὰ
1575 1773 1709 1826 ἄλλα
1735 1770 1960 1824 τοιαῦτα
1983 1770 2124 1823 κατά
2153 1769 2246 1822 τὸν

672 1856 871 1908 κανόνα
897 1856 1105 1910 τοῦτον.
1142 1857 1296 1910 Ἔστι
1323 1857 1380 1910 δέ
1408 1874 1554 1921 τινα,
1587 1857 1622 1910 ἃ.
1653 1858 1752 1910 οὐκ
1784 1858 1848 1911 ἄν
1880 1873 2010 1908 ποτε
2033 1856 2245 1923 γένοιτο

672 1940 848 1990 κακά’
880 1939 949 1990 τὰ
977 1939 1052 2004 δὲ,
1090 1940 1307 1993 ἐναντία
1343 1939 1572 2001 τούτοις,
1602 1941 1688 1992 ἀεὶ
1720 1939 1885 2003 κακὰ,
1915 1939 2010 1992 καί
2041 1938 2141 1991 οὐκ
2179 1938 2244 1991 ἄν

673 2039 800 2074 ποτε
832 2022 1044 2089 γένοιτο
1071 2024 1245 2076 καλά’
1293 2018 1401 2076 οἷον
1433 2024 1677 2086 ἀσέϐεια,
1711 2023 2046 2094 βλασφημία,
2084 2022 2244 2076 ἀσέλ-

671 2122 816 2172 γεια,
834 2103 984 2176 [155]
1012 2107 1252 2176 ὠμότης,
1284 2105 1670 2178 ἀπανθρωπία,
1695 2107 2124 2178 γαστριμαργία,
2150 2106 2242 2160 καί⁸

669 2207 769 2242 οσα
790 2206 1032 2243 τοιαυτα.

741 2275 814 2326 Οὐ
847 2274 990 2339 λέγω
1019 2275 1099 2328 ὅτι
1131 2274 1414 2345 ἄνθρωπος
1448 2273 1616 2338 κακὸς
1642 2275 1741 2328 οὐκ
1775 2275 1840 2330 ἄν
1871 2291 2000 2328 ποτε
2034 2274 2242 2343 γένοιτο

669 2357 853 2420 καλὸς,
886 2357 1006 2410 οὔτε
1049 2358 1212 2421 καλὸς
1239 2359 1339 2410 οὐκ
1376 2359 1440 2411 άν
1472 2374 1600 2411 ποτε
1631 2359 1845 2426 γένοιτο
1879 2359 2080 2422 κακός·
2124 2358 2240 2412 ἀλλ’

668 2440 749 2492 ὅτι
780 2439 920 2493 αὐτὰ
956 2441 1027 2493 τὰ
1053 2441 1352 2512 πράγματα
1380 2442 1479 2494 οὐκ
1509 2442 1574 2494 ἄν
1613 2459 1743 2494 ποτε
1784 2443 2011 2510 γένοιτο.
2058 2441 2242 2495 Ταῦτα

673 2523 771 2592 μὲν
797 2523 905 2593 γὰρ
949 2524 1032 2593 εἴη
1064 2534 1090 2562 ⁸
1120 2519 1211 2577 ἐπὶ
1238 2525 1338 2594 τῆς
1377 2525 1581 2588 οἰκείας
1611 2526 1816 2590 τάξεως
1835 2567 1848 2589 ,
1883 2527 1952 2580 τά
1979 2543 2036 2578 τε
2076 2527 2236 2588 καλά,

669 2607 764 2658 καὶ
793 2607 860 2659 τά
891 2609 1037 2660 κακά
1061 2623 1074 2637 '
1109 2610 1138 2660 6
1169 2608 1225 2661 δὲ
1262 2607 1567 2678 ἄνθρωπος,
1599 2611 1725 2662 ὅταν
1763 2609 1858 2680 μὲν
1902 2611 2085 2662 ἐκεῖνα
2123 2609 2241 2679 ἕλη-

667 2707 778 2752 ται,
834 2691 1015 2755 καλδς,
1064 2693 1191 2745 ὅταν
1225 2693 1283 2745 δὲ
1318 2693 1553 2752 ἐναντία,
1607 2697 1794 2756 κακός.
1839 2693 2044 2746 Οὐκοῦν
2090 2696 2240 2762 τρεῖς

667 2767 828 2827 αὗται
862 2777 1079 2846 μοῖραι·
1113 2775 1180 2829 τὰ
1205 2776 1300 2845 μὲν
1323 2775 1432 2847 γὰρ
1453 2775 1593 2828 καλά
1619 2777 1718 2829 οῦκ
1743 2777 1808 2830 ἂν
1839 2777 2045 2846 γένοιτο
2071 2779 2236 2842 κακά,

667 2858 780 2917 οἷον
812 2863 1155 2936 σωφροσύνη,
1187 2863 1546 2934 ἐλεημοσύνη,
1579 2865 1672 2916 καὶ
1694 2866 1793 2917 ὅσα
1816 2863 2036 2917 τοιαῦτα
2053 2881 2066 2894 ο
2089 2863 2157 2916 τά
2183 2864 2239 2917 δὲ

669 2948 815 3001 κακά
840 2948 938 3001 οὐκ
959 2949 1024 3002 ἄν
1047 2965 1175 3001 ποτε
1202 2948 1410 3014 γένοιτο
1437 2947 1597 3008 καλά,
1623 2945 1733 3000 οἷον
1763 2948 2040 3016 ἀσέλγεια,
2065 2949 2238 3002 ἀπαν-

670 3031 906 3102 θρωπία,
963 3031 1212 3102 ὠμότης·
1261 3032 1329 3084 τὰ
1360 3031 1416 3084 δὲ
1460 3032 1590 3084 ποτὲ
1648 3032 1744 3102 μὲν
1773 3031 1951 3097 τοῦτο,
2004 3032 2133 3085 ποτέ
2183 3033 2240 3086 δὲ

668 3116 845 3168 ἐκεῖνο
873 3116 1134 3186 γινόμενα
1162 3116 1213 3180 ι),
1242 3115 1392 3186 παρά
1418 3115 1515 3184 τὴν
1542 3114 1766 3186 γνώμην
1790 3116 1897 3168 τῶν
1919 3115 2236 3188 χρωμένων.

682 3201 739 3253 '0
758 3199 984 3262 πλοῦτος
1009 3200 1138 3252 ποτέ
1169 3201 1265 3270 μὲν
1297 3201 1403 3272 γὰρ
1431 3203 1509 3264 εἰς
1539 3201 1848 3266 πλεονεξίαν
1867 3200 2236 3270 ὑπηρετεῖται.

669 3283 798 3336 ποτὲ
827 3283 880 3337 δὲ
906 3286 984 3348 εἰς
1013 3283 1380 3354 ἐλεημοσύνην
1401 3301 1412 3313 ·
1437 3283 1570 3337 ἀλλά
1601 3283 1750 3355 παρά
1775 3285 1873 3354 τὴν
1897 3283 2122 3354 γνώμην
2145 3283 2238 3336 τοῦ

667 3366 972 3438 χρωμένου.
1003 3367 1168 3420 Πενία
1203 3367 1330 3420 ποτέ
1370 3368 1467 3438 μὲν
1505 3370 1585 3432 εἰς
1622 3368 1992 3439 βλασφημίαν,
2021 3368 2149 3421 ποτέ
2184 3368 2240 3420 δὲ

668 3454 746 3515 εἰς
775 3453 1049 3522 εὐφημίαν
1077 3453 1170 3505 καὶ
1198 3452 1510 3520 φιλοσοφίαν
1551 3453 1925 3522 ὑπηρετεῖται.
1969 3453 2119 3505 Ἐπεὶ
2148 3449 2240 3506 οῦν

669 3534 854 3589 πολλοὶ
883 3537 991 3589 τῶν
1014 3537 1370 3607 ἀλογωτέρων
1404 3539 1519 3602 (ἐπὶ
1539 3536 1648 3607 γὰρ
1672 3537 1768 3607 τήν
1790 3535 1942 3589 λύσιν
1977 3537 2114 3590 ἰτέον
2137 3538 2242 3591 λοι-

669 3619 794 3680 πὸν)
823 3621 885 3674 ού
911 3621 976 3674 τὰ
1004 3623 1150 3674 κακά
1181 3621 1359 3692 μόνον,
1385 3621 1421 3675 ἃ
1446 3623 1546 3674 οὐκ
1585 3623 1648 3676 ἄν
1679 3638 1808 3674 ποτε
1835 3623 2044 3690 γένοιτο
2077 3622 2237 3686 καλά,

667 3703 802 3758 ἀλλὰ
841 3708 933 3758 καί
960 3705 1067 3759 τῶν
1093 3707 1271 3775 μέσων
1288 3705 1402 3758 ἔνια
1419 3705 1567 3758 κακά
1589 3703 1861 3770 καλοῦσιν,
1891 3699 1999 3758 οἷον
2027 3706 2236 3770 πενίαν,

667 3789 1062 3859 αἰχμαλωσίαν,
1095 3789 1357 3848 δουλείαν.
1394 3789 1539 3860 ἅπερ
1582 3789 1860 3858 ἐδείξαμεν
1888 3789 1948 3841 οὐ
1997 3789 2105 3842 τῶν
2143 3808 2241 3845 κα-

668 3872 800 3934 κῶν,
840 3873 975 3925 ἀλλά
1015 3873 1122 3925 τῶν
1158 3874 1339 3942 μέσων
1375 3873 1531 3926 ὄντα·
1568 3873 1752 3926 πολλοί
1793 3872 1871 3936 δὲ,
1897 3873 2036 3943 ὅπερ
2071 3873 2240 3945 ἔφθην

667 3955 860 4016 εἰπὼν,
893 3956 1062 4008 ταῦτα
1106 3956 1247 4008 κακά
1285 3956 1558 4018 καλοῦσιν,
1586 3959 1686 4009 οὐκ
1717 3957 1847 4010 ὄντα
1887 3957 2033 4010 κακά
2057 3973 2070 3987 °
2114 3960 2241 4029 περί

665 4031 740 4088 ῶν
774 4047 796 4074 ο
840 4039 868 4089 6
898 4033 1179 4108 προφήτης
1221 4039 1373 4107 φησὶ,
1414 4037 1522 4090 τῶν
1561 4039 1704 4092 κατὰ
1736 4041 1834 4109 τὴν
1873 4039 1979 4094 τῶν
2029 4041 2239 4094 πολλῶν

669 4121 927 4174 ὑπόνοιαν
975 4120 1344 4195 καλουμένων,
1380 4122 1442 4173 ού
1482 4121 1593 4173 τῶν
1643 4123 1809 4186 ὅντως
1844 4123 2028 4177 κακῶν
2052 4143 2066 4157 ο
2112 4127 2240 4196 περί

669 4204 1066 4276 αἰχμαλωσίας,
1104 4205 1231 4274 περί
1283 4205 1542 4267 δουλείας,
1595 4206 1725 4276 περὶ
1762 4206 1943 4274 λιμοῦ,
1995 4207 2090 4261 καὶ
2141 4209 2240 4262 ὅσα

669 4283 913 4337 τοιαῦτα.
953 4285 1074 4336 ’Ὁτι
1098 4284 1206 4354 γὰρ
1239 4282 1410 4336 ταῦτα
1441 4285 1503 4336 ού
1543 4285 1708 4346 κακὰ,
1745 4285 1879 4338 ἀλλά
1913 4287 2006 4339 καὶ
2055 4287 2240 4341 κακῶν

669 4368 1008 4439 ἁναιρετικά,
1031 4368 1124 4420 τὸν
1146 4367 1300 4438 λιμὸν
1324 4368 1586 4439 πρότερον
1619 4370 1696 4426 είς
1725 4368 1886 4438 μέσον
1918 4371 2236 4441 ἀγάγωμεν,

665 4452 759 4505 τὸν
788 4453 922 4503 πᾶσι
969 4451 1194 4520 φρικτὸν
1235 4452 1328 4504 καὶ
1367 4451 1596 4522 φοϐερὸν
1631 4445 1768 4504 εἶναι
1804 4453 2078 4507 δοκοῦντα.
2115 4455 2240 4519 Πῶς

667 4532 760 4588 οὖν
803 4536 865 4587 ού
898 4535 1084 4598 κακὸν,
1143 4535 1402 4605 μάνθανε,
1451 4538 1545 4590 καί
1601 4535 1854 4589 παιδεύου
1910 4537 2232 4606 φιλοσοφεῖν.

681 4619 873 4673 Ἡνίκα
915 4620 1022 4672 τῶν
1065 4621 1378 4693 Ἐϐραίωνὸ
1402 4620 1573 4690 δῆμος
1611 4623 1688 4683 εἰς
1725 4619 1952 4690 ἔσχατον
1984 4620 2236 4684 ἐξώκειλε

672 4704 1036 4775 παρανομίας,
1068 4707 1190 4759 τότε
1220 4705 1284 4776 δὴ
1305 4709 1333 4759 6
1362 4705 1536 4776 μέγας
1573 4705 1778 4768 Ἠλίας.
1819 4703 1912 4756 καὶ
1934 4703 2044 4758 τῶν
2070 4705 2235 4776 ούρα-

668 4787 774 4840 νῶν
809 4787 978 4852 ἄξιος,
1011 4791 1039 4841 6
1077 4790 1394 4860 βουλόμενος
1423 4789 1522 4859 τὴν
1560 4791 1624 4842 ἐκ
1654 4788 1754 4857 τῆς
1789 4786 2058 4858 ῥᾳθυμίας
2085 4789 2236 4842 νόσον

669 4871 900 4934 ἀνελεῖν,
948 4873 1038 4924 καὶ
1075 4871 1364 4940 διορθῶσαι
1391 4871 1610 4933 ταύτην,
1649 4861 1893 4941 ἐπήγαγε
1920 4870 2119 4938 λέγων·
2149 4871 2237 4941 Ζῇ

667 4958 910 5022 Κύριος,
955 4949 1001 5021 ᾦ
1051 4955 1357 5023 παρέστην
1402 4954 1657 5009 ἐνώπιον
1709 4955 1915 5020 αὐτοῦ,
1965 4959 2018 5009 εἰ
2065 4957 2234 5011 ἕσται

671 5037 862 5104 ὑετὸς,
897 5041 949 5091 εἰ
965 5038 1052 5106 μὴ
1074 5037 1171 5091 διὰ
1195 5039 1491 5107 στόματός
1507 5056 1626 5107 μου
1644 5056 1658 5070 ο
1693 5039 1783 5090 καὶ
1811 5039 1839 5090 6
1865 5039 2116 5110 μηλωτὴν
2140 5041 2235 5110 μό-

665 5142 762 5194 νην
801 5123 1164 5193 κεκτημένος,
1209 5122 1298 5175 τὸν
1345 5123 1568 5192 οὐρανὸν
1627 5121 1948 5176 ἀπέκλεισε·
1997 5124 2233 5195 τοσαύτη

665 5210 946 5280 παρρησία
995 5207 1143 5276 αὐτῷ
1180 5206 1316 5276 πρὸς
1346 5206 1435 5258 τὸν
1472 5205 1622 5259 Θεόν.
1667 5207 1828 5276 Ὁρᾷς
1867 5207 1948 5259 ὅτι
1975 5208 2035 5260 οὐ
2068 5209 2235 5261 κακὸν

659 5295 693 5364 ἡ
749 5293 943 5358 πενία;
983 5292 1098 5344 Οὐκ
1141 5291 1206 5344 ἀν
1242 5293 1270 5344 6
1311 5291 1528 5344 πάντων
1575 5289 1877 5360 ἀνθρώπων
1912 5291 2234 5363 πενέστερος

661 5376 926 5445 τοσαύτης
966 5374 1241 5428 ἀπέλαυσε
1287 5374 1618 5443 παρρησίας,
1653 5373 1728 5437 ώς
1776 5375 1949 5445 χαμαὶ
1983 5375 2230 5445 βαδίζων,

662 5461 744 5513 ἐνὶ
794 5461 941 5531 μόνῳ
973 5460 1117 5531 λόγῳ
1143 5457 1411 5528 τοσαύτην
1448 5458 1599 5527 ἰσχὺν
1631 5456 2018 5524 ἐπιδείξασθαι.
2050 5459 2234 5514 Εἰπὼν

724 5653 840 5726 '_In_
863 5667 953 5701 ms.
997 5653 1036 5702 εἰ
1063 5654 1272 5726 legitur;
1299 5651 1388 5700 sed
1415 5649 1577 5726 Δδξνίι.
1603 5650 1652 5699 in
1695 5664 1848 5714 marg.
1891 5653 1963 5709 εἴη
1985 5651 2147 5715 posuit
2168 5667 2232 5702 ex

661 5717 954 5776 conjectura,
974 5715 1336 5776 quam’seculus
1354 5723 1433 5762 est
1459 5715 1682 5763 Ducaus.

724 5776 862 5845 hys.
894 5777 1319 5846 l_mb_él_yw6pevov,
1345 5782 1399 5826 ul.
1417 5789 1579 5838 supra.
1604 5775 1715 5825 Mox
1736 5774 2004 5838 legendum
2037 5777 2234 5826 videtur

658 5839 870 5891 τοιοῦτος
891 5839 918 5884 6
941 5839 997 5884 π)
1007 5839 1158 5894 οὗτος.

721 5901 745 5931 ⁸
769 5895 900 5947 Savil
913 5934 926 5944 ..
946 5906 1085 5959 putat
1108 5901 1378 5963 legendum
1388 5903 1491 5965 περὶ
1511 5901 1710 5952 τούτων.

1335 404 1397 462 S.
1436 403 1715 462 JOANMS
1750 402 2240 462 CHRYSOSTOMI
2278 401 2598 459 ARCHIEP.
2637 401 3179 459 CONSTANTINOP.

3821 403 3931 459 ιω

2349 521 2529 575 τοίνυν
2565 519 2742 585 τοῦτο,
2781 519 3026 590 ἐπήγαγε
3066 517 3246 589 λιμὸν,
3290 516 3543 588 καθάπερ
3577 516 3930 586 παιδαγωγὸν

2353 611 2592 680 ἄριστον,
2633 609 2726 664 καί
2772 607 3068 680 διορθωτὴν
3093 607 3202 660 τῶν
3229 605 3532 678 γινομένων
3571 606 3758 659 κακῶν
3783 623 3798 636 ο
3827 607 3932 662 καὶ

2351 697 2600 768 καθάπερ
2641 697 2881 767 πυρετοῦ
2907 697 3110 767 λάϐρου
3135 697 3215 759 εἰς
3252 693 3415 764 σῶμα
3447 695 3800 766 ἐμπεσόντος.
3828 696 3932 748 καὶ

2349 785 2511 838 αὑταί
2536 785 2636 854 τῆς
2662 784 2768 854 γῆς
2783 787 2838 838 αἱ
2867 785 3063 854 φλέϐες
3086 781 3552 854 ἀνεξηράνθησαν,
3570 783 3668 836 καὶ
3690 783 3931 854 χείμαρ-

2352 875 2436 944 ροι
2483 873 2760 936 ἐπέλιπον,
2800 876 2896 928 καί
2925 873 3169 943 βοτάναι,
3205 874 3299 926 καὶ
3331 873 3430 943 τῆς
3468 873 3570 942 γῆς
3607 873 3662 925 αἱ
3696 872 3929 939 λαγόνες

2349 961 2533 1027 ἄγονοι
2560 961 2744 1016 λοιπὸν
2771 957 2930 1033 ἦσαν.
2959 962 3070 1016 Καὶ
3093 961 3154 1013 οὑ
3179 960 3349 1030 μικρὰ
3369 960 3490 1013 τότε
3511 963 3539 1012 6
3563 959 3733 1030 δῆμος
3756 961 3936 1028 ἐκαρ-

2350 1047 2594 1113 πώσατο,
2617 1053 2716 1121 τῆς
2743 1050 2923 1122 ῥύμης
2949 1052 3048 1120 τῆς
3069 1052 3160 1103 ἐπὶ
3181 1050 3281 1122 τὴν
3315 1048 3660 1120 παρανομίαν
3685 1048 3934 1102 ἀπαλλα-

2349 1140 2486 1205 γεὶς,
2509 1139 2603 1193 καί
2626 1139 2932 1202 συσταλεὶς,
2953 1139 3048 1192 καὶ
3070 1139 3359 1208 γενόμενος
3380 1137 3806 1207 ἐπιεικέστερος,
3831 1137 3936 1189 καὶ

2347 1227 2425 1297 τῷ
2449 1229 2700 1301 προφήτῃ
2724 1229 3031 1300 χειροήθης.
3065 1228 3219 1299 [154]
3251 1229 3313 1280 Oi
3337 1227 3444 1298 γὰρ
3476 1226 3611 1297 πρὸς
3635 1228 3704 1280 τὰ
3729 1226 3938 1278 εἴδωλα

2347 1314 2652 1386 τρέχοντες,
2675 1317 2768 1368 καὶ
2795 1317 2919 1380 τοὺς
2943 1315 3094 1379 υἱοὺς
3112 1315 3290 1370 αὐτῶν
3308 1315 3778 1382 κατασφάττοντες
3810 1317 3937 1378 τοῖς

2347 1403 2662 1474 δαιμονίοις,
2680 1397 2826 1457 οὗτοι
2857 1403 3125 1456 τοσούτων
3157 1403 3349 1473 ίερέων
3372 1403 3470 1473 τῆς
3496 1402 3644 1456 Βάαλ
3665 1404 3936 1473 ἀναιρου-

2352 1494 2558 1563 μένων,
2602 1493 2704 1546 οὐκ
2747 1493 3133 1563 ἐδυσχέραναν,
3187 1493 3287 1544 οὑκ
3338 1493 3745 1562 ἠγανάκτησαν,
3803 1492 3935 1544 ἀλλ’

2347 1581 2583 1651 ήνεγκαν
2622 1584 2748 1652 σιγῇ
2777 1582 2869 1634 καὶ
2895 1581 3044 1652 φόϐῳ
3069 1581 3129 1634 τὸ
3167 1579 3469 1650 γινόμενον,
3497 1580 3605 1633 ἀπὸ
3636 1579 3728 1634 τοῦ
3759 1578 3936 1651 λιμοῦ

2349 1669 2591 1739 βελτίους
2615 1671 2919 1742 γενόμενοι.

2419 1799 2492 1858 ς’.
2532 1795 2691 1866 Ὁρᾷς
2713 1797 2789 1858 ώς
2809 1795 2869 1848 οῦ
2897 1793 3054 1865 μόνον
3077 1791 3185 1865 [οὐ]
3208 1794 3375 1845 κακὸν
3398 1793 3427 1844 6
3456 1791 3632 1862 λιμὸς,
3657 1791 3798 1845 ἀλλά
3828 1791 3939 1846 καὶ

2346 1881 2531 1934 κακῶν
2569 1881 2931 1952 ἀναιρετικδς,
2961 1881 3019 1933 ἐν
3045 1879 3195 1946 τάξει
3225 1879 3514 1950 φαρμάκου
3535 1878 3604 1932 τά
3634 1880 3938 1948 νοσήματα

2343 1967 2777 2039 διορθωσάμενος
2799 1986 2815 2034 ;
2841 1969 2904 2022 Εἰ
2936 1969 3032 2023 καὶ
3059 1968 3155 2040 τὴν
3197 1967 3569 2038 αἰχμαλωσίαν
3598 1968 3768 2038 αὐτὴν
3803 1968 3936 2038 βού-

2343 2054 2425 2108 λει
2453 2055 2480 2095 ά
2519 2055 2644 2108 ἰδεῖν
2680 2057 2739 2109 οὐ
2768 2057 2873 2109 τῶν
2910 2055 3096 2110 κακῶν
3140 2051 3324 2118 οὖσαν,
3356 2055 3606 2124 ἐννόησον
3638 2055 3783 2118 τίνες
3822 2055 3938 2125 μὲν

2342 2139 2481 2215 ἦσαν
2519 2145 2569 2197 οἰ
2620 2143 2857 2198 Ἰουδαῖοι
2888 2145 2994 2212 πρὸ
3031 2145 3127 2211 τῆς
3155 2143 3551 2215 αἰχμαλωσίας,
3590 2142 3732 2207 τίνες
3777 2144 3835 2197 δὲ
3869 2146 3938 2196 ἐν

2341 2231 2406 2300 τῇ
2443 2230 2809 2301 αἰχμαλωσίᾳ,
2867 2231 2954 2284 ἵνα
3003 2231 3178 2304 μάθῃς
3229 2231 3308 2283 ὃτι
3355 2229 3477 2284 οὔτε
3631 2232 3937 2302 ἐλευθερία

2343 2318 2529 2382 ἁπλῶς
2559 2319 2744 2382 καλὸν,
2779 2317 2902 2372 οὕτε
2935 2321 2968 2390 ή
3012 2319 3356 2390 αἰχμαλωσία
3389 2319 3580 2374 κακόν.
3613 2320 3784 2373 Ὅταν
3819 2320 3936 2390 μὲν

2340 2410 2449 2478 γὰρ
2480 2402 2620 2477 ἦσαν
2665 2408 2723 2460 ἐν
2758 2407 3058 2478 ἐλευθερίᾳ,
3109 2408 3204 2461 καί
3237 2407 3333 2478 τὴν
3367 2408 3602 2479 πατρίδα
3640 2405 3786 2478 εἶχον
3819 2408 3936 2479 τὴν

2339 2496 2570 2558 ἑαυτῶν,
2601 2495 2824 2549 τοιαῦτα
2855 2496 3139 2566 ἔπραττον,
3168 2494 3242 2558 ώς
3270 2494 3392 2549 καθ’
3423 2495 3659 2565 ἑκάστην
3701 2497 3936 2568 ἡμέραν

2339 2585 2464 2647 τοὺς
2492 2585 2774 2654 προφήτας
2796 2582 2974 2636 αὐτῶν
2989 2582 3282 2653 καταϐοᾷν,
3310 2583 3418 2636 τῶν
3438 2583 3616 2654 νόμων
3640 2586 3936 2654 πατουμέ-

2338 2691 2466 2739 νων,
2503 2675 2598 2727 καὶ
2627 2673 2734 2727 τῶν
2763 2673 2995 2726 εἰδώλων
3026 2672 3536 2744 προσκυνουμένων,
3571 2674 3662 2726 καὶ
3698 2674 3811 2726 τῶν
3835 2677 3936 2726 ἐν·

2337 2762 2508 2815 τολῶν
2540 2761 2634 2814 τοῦ
2668 2761 2802 2814 Θεοῦ
2852 2761 3270 2831 παραϐαθεισῶν
3305 2773 3326 2799 ε
3349 2777 3362 2788 °
3392 2760 3580 2829 ἐπειδὴ
3611 2761 3668 2814 δὲ
3700 2763 3935 2829 ἀπηνέα

2339 2851 2545 2922 χθησαν
2571 2853 2649 2914 εἰς
2677 2852 2777 2920 γῆν
2815 2851 3121 2921 ἀλλοτρίαν,
3158 2851 3250 2903 καὶ
3279 2852 3337 2902 ἐν
3385 2853 3451 2922 τῇ
3485 2851 3592 2904 τῶν
3621 2850 3935 2923 βαρϐάρων

2339 2939 2492 3010 χώρᾳ
2540 2938 2828 3009 διέτριϐον,
2867 2938 3008 2992 οὕτω
3053 2939 3477 3011 συνεστάλησαν,
3524 2940 3617 2992 καὶ
3671 2939 3934 3008 βελτίους

2339 3028 2609 3096 ἐγένοντο,
2658 3027 2754 3080 καὶ
2789 3026 2884 3080 τοῦ
2914 3027 3079 3097 νόμου
3126 3027 3383 3096 φύλακες,
3430 3028 3506 3093 ῶς
3544 3028 3688 3081 ἐστιν
3723 3031 3790 3082 ὲκ
3824 3031 3933 3084 τοῦ

2337 3113 2551 3184 ψαλμοῦ
2581 3113 2738 3168 τοῦτο
2756 3113 2963 3184 μαθεῖν,
2990 3114 3049 3167 ὃν
3079 3115 3374 3183 ἀναγκαῖον
3400 3117 3482 3179 εἰς
3510 3118 3670 3186 μέσον
3684 3117 3934 3185 ἀγαγεῖν

2340 3204 2599 3274 σήμερον,
2648 3203 2735 3255 ἵνα
2772 3201 2978 3272 μάθητε
3008 3202 3108 3271 τῆς
3147 3202 3524 3273 αἰχμαλωσίας
3554 3205 3644 3257 τὸν
3675 3207 3928 3275 καρπόν.

2338 3292 2432 3354 Τίς
2468 3291 2526 3344 δέ
2559 3293 2705 3346 ἐστιν
2735 3292 2764 3343 6
2808 3292 3056 3361 ψαλμός;
3108 3292 3234 3345 Ἐπί
3261 3291 3380 3346 τῶν
3414 3291 3692 3362 ποταμῶν
3721 3295 3936 3349 Βαϐυ-

2336 3379 2532 3445 λῶνος
2558 3379 2689 3432 ἐκεῖ
2711 3380 3104 3448 ὲκαθίσαμεν,
3149 3379 3248 3432 καὶ
3289 3381 3674 3450 ἐκλαύσαμεν
3716 3382 3790 3435 ἐν
3844 3380 3937 3448 τῷ

2334 3465 2684 3536 μνησθῆναι
2729 3465 2888 3535 ἡμᾶς
2932 3465 3044 3534 τῆς
3075 3466 3246 3520 Σιών.
3292 3469 3414 3522 Ἐπί
3460 3468 3588 3529 ταῖς
3622 3468 3808 3536 ίτέαις
3857 3472 3938 3524 ἐν

2333 3555 2500 3624 μέσῳ
2537 3554 2729 3622 αὐτῆς
2773 3553 3186 3624 ὲκρεμάσαμεν
3208 3555 3281 3608 τὰ
3303 3555 3527 3624 ὄργανα
3562 3555 3753 3624 ἡμῶν.
3781 3557 3933 3612 Ὅτι

2337 3643 2465 3697 ἐκεῖ
2476 3642 3037 3712 ἐπῳώτησανήμᾱς
3060 3648 3114 3698 οἱ
3139 3647 3736 3714 αἰχμαλωτεύσαντες
3758 3649 3934 3714 ἡμᾶς

2337 3734 2560 3800 λόγους
2578 3729 2767 3795 ᾠδῶν,
2783 3729 3066 3799 λέγοντες
3085 3747 3099 3760 ο
3126 3731 3346 3799 ’ᾼσατε
3362 3730 3505 3799 ἡμῖν
3521 3731 3590 3785 ἐκ
3605 3730 3724 3784 τῶν
3743 3733 3933 3797 ᾠδῶν

2339 3816 2510 3874 Σιών.
2533 3817 2664 3885 Πῶς
2689 3817 2932 3888 ᾂσωμεν
2962 3817 3078 3886 τὴν
3098 3817 3261 3886 ᾠδὴν
3283 3819 3504 3886 Κυρίου
3527 3819 3623 3872 ἐπὶ
3658 3820 3774 3888 γῆς
3808 3823 3934 3876 ἀι-

2338 3909 2617 3975 λοτρίας;
2645 3903 2794 3970 Εἶδες
2817 3907 2933 3970 πῶς
2962 3909 3158 3969 αὐτοὺς
3195 3907 3530 3961 συνέστειλεν
3564 3911 3597 3978 ἡ
3631 3910 3932 3979 αἰχμαλω-

2343 3995 2468 4060 σία;
2501 3995 2614 4065 Πρὸ
2661 3995 2758 4066 μὲν
2785 3995 2893 4067 γὰρ
2937 3995 3140 4066 ταύτης
3190 3997 3282 4048 καί
3323 3995 3432 4048 τῶν
3493 3997 3793 4067 προφητῶν
3833 4000 3936 4052 ὲν-

2345 4083 2622 4155 ηχούντων
2657 4083 2730 4153 μὴ
2757 4083 3114 4155 παραϐαίνειν
3147 4085 3236 4137 τὸν
3258 4085 3440 4154 νόμον,
3468 4085 3567 4137 οὐκ
3593 4085 3901 4154 ἠνέσχοντο
3919 4105 3935 4117 ·

2345 4172 2482 4244 μετὰ
2501 4172 2558 4226 δὲ
2575 4172 2800 4241 ταύτην,
2825 4171 2918 4224 καὶ
2947 4169 3053 4224 τῶν
3091 4171 3380 4243 βαρϐάρων
3405 4172 3791 4240 ἐπικειμένων,
3829 4174 3940 4227 καὶ

2339 4261 2446 4315 τῶν
2480 4261 2842 4332 κυριευόντων
2869 4259 3391 4327 καταναγκαζόντων
3426 4261 3520 4312 καὶ
3549 4261 3938 4326 κατεπειγόν-

2339 4367 2445 4402 των
2489 4349 2863 4419 παραϐαίνειν,
2910 4349 3007 4419 οὺχ
3039 4349 3312 4417 ὑπήκουον
3333 4388 3348 4412 ,
3385 4347 3500 4400 ἀλλ’
3547 4348 3731 4416 ἔλεγον
3759 4366 3770 4378 ⁸
3799 4352 3937 4405 Οὐκ

2341 4437 2544 4508 ᾇσομεν
2570 4439 2668 4506 τὴν
2696 4437 2836 4508 ᾠδὴν
2862 4437 3066 4507 Κυρίου
3098 4436 3190 4488 ἐπὶ
3222 4435 3328 4505 γῆς
3357 4434 3666 4507 ἀλλοτρίας,
3719 4437 3940 4509 ἐπειδὴ

2339 4527 2368 4578 6
2396 4526 2558 4596 νόμος
2591 4525 2746 4580 τοῦτο
2774 4526 2872 4579 οὐκ
2905 4525 3225 4596 ἐπέτρεπεν.
3261 4522 3401 4595 Ὅρα
3428 4525 3486 4578 δὲ
3515 4526 3609 4578 καὶ
3633 4527 3764 4588 τοὺς
3803 4530 3946 4580 παῖ-

2339 4612 2434 4676 δας
2461 4615 2584 4677 τοὺς
2607 4617 2755 4686 τρεῖς
2783 4614 2843 4667 ού
2873 4614 3032 4685 μόνον
3056 4613 3208 4666 οὐδὲν
3242 4603 3653 4683 ’βλαπτομένους
3683 4615 3798 4667 ἀπὸ
3828 4615 3947 4687 τῆς

2340 4700 2730 4770 αἰχμαλωσίας.
2760 4700 2894 4754 ἀλλά
2913 4702 3006 4754 καὶ
3033 4700 3446 4771 λαμπροτέρους
3476 4701 3569 4753 ἀπ’
3600 4701 3782 4770 αὐτῆς
3826 4720 3941 4770 γε-

2339 4791 2594 4860 νομένους
2613 4807 2627 4821 ⁸
2657 4792 2751 4845 καί
2775 4791 2865 4844 τὸν
2890 4791 3087 4862 Δανιὴλ
3107 4791 3326 4860 ὁμοίως.
3351 4790 3416 4844 Τί
3438 4789 3495 4842 δὲ
3521 4793 3550 4843 6
3588 4791 3802 4861 Ἰωσήφ
3833 4810 3851 4856 ;
3885 4796 3946 4848 τί

2340 4878 2504 4931 κακὸν
2537 4878 2722 4942 ἔπαθε,
2761 4880 2854 4933 καὶ
2885 4878 3052 4944 ξένος,
3082 4879 3176 4931 καὶ
3215 4877 3420 4941 δοῦλος,
3450 4880 3540 4930 καὶ
3565 4877 3802 4948 δέσμιος
3839 4899 3954 4950 τεο

2337 4967 2589 5037 νόμενος;
2621 4967 2743 5036 οὐχί
2763 4967 2851 5020 διά
2877 4966 3034 5020 τοῦτο
3059 4967 3218 5034 μόνον
3242 4965 3514 5036 εὐδοκίμει
3536 4965 3629 5018 καί
3657 4965 3902 5038 ἔλαμπε
3930 4987 3948 5031 ;

2338 5054 2403 5107 Τί
2429 5053 2486 5106 δὲ
2516 5056 2549 5124 ή
2585 5054 2856 5126 βάρϐαρος
2901 5055 3080 5123 ἐκείνη
3111 5053 3268 5124 γυνὴ,
3309 5055 3402 5106 καὶ
3444 5055 3501 5105 ἐν
3549 5053 3773 5124 πλούτῳ
3837 5060 3953 5112 καὶ

2339 5143 2683 5213 ὑπερηφανίᾳ
2726 5143 2819 5196 καὶ
2845 5144 2902 5195 ἐν
2933 5142 3212 5212 ἐλευθερίᾳ⁴
3246 5140 3615 5213 διατρίϐουσα,
3660 5142 3954 5198 ἐντεῦθεν

2337 5232 2591 5285 ἀπώνατο
2613 5249 2628 5296 ;
2654 5232 2776 5302 οὐχὶ
2813 5233 3027 5286 πάντων
3048 5227 3116 5302 ἦν
3137 5230 3461 5301 ἀθλιωτέρα,
3484 5230 3673 5301 ἐπειδὴ
3704 5232 3950 5300 τούτοις

2337 5323 2417 5385 εἰς
2439 5321 2556 5374 δέον
2584 5319 2888 5391 χρήσασθαι
2914 5322 3014 5373 οὐκ
3043 5319 3334 5388 ἡθέλησεν;
3367 5320 3576 5372 Οὐκοῦν
3602 5319 3789 5374 ταῦτα
3830 5327 3950 5394 μὲν

2337 5414 2468 5482 ήμίν
2506 5411 2879 5464 ἀποδέδεικται
2924 5409 3128 5477 σαφῶς,
3176 5409 3298 5461 τίνα
3345 5408 3443 5478 μὲν
3481 5409 3647 5471 κακὰ,
3693 5411 3833 5467 τίνα
3883 5415 3952 5469 δὶ

2338 5499 2496 5564 καλὰ,
2529 5498 2651 5552 τίνα
2679 5498 2736 5551 δὲ
2767 5497 2924 5568 μέσα·
2939 5495 3123 5550 καίὄτι
3149 5498 3276 5567 περὶ
3303 5497 3411 5550 τῶν
3442 5496 3620 5565 μέσων
3643 5499 3674 5550 6
3700 5506 3954 5574 προφή-

2337 5605 2434 5657 της
2457 5587 2643 5658 φησὶν,
2676 5586 2736 5639 οὐ
2762 5585 2870 5639 τῶν
2897 5584 3065 5648 ὅντως
3086 5585 3288 5651 κακῶν,
3310 5584 3446 5639 ἀλλά
3471 5585 3579 5640 τῶν
3605 5585 3950 5646 δοκούντων

2399 5765 2426 5807 d
2453 5766 2508 5816 In
2537 5779 2628 5814 ms.
2659 5766 2816 5828 βούλει
2836 5765 3046 5828 _deerat.
3074 5763 3189 5828 Sed
3211 5762 3362 5812 Savil.
3385 5764 3434 5813 in
3476 5777 3627 5825 marg.
3658 5769 3850 5826 posuit
3875 5782 3952 5821 ex

2337 5834 2634 5889 conjectura,
2662 5826 2809 5888 'quam
2836 5826 3048 5889 Dircaeus
3068 5827 3119 5873 in
3147 5831 3287 5889 ge.qu
3319 5832 3517 5889 seculins
3543 5834 3633 5889 est.

2403 5885 2831 5952 σ’ῐιαραϐαθεισῶν.
2861 5889 2910 5938 In
2929 5901 3015 5938 ms.
3037 5885 3293 5950 legebatur
3310 5888 3711 5950 παραϐαινόντων.
