3992 6300
162 382 244 435 149
784 384 850 440 lN
888 385 1088 442 ILLUD
1125 384 1351 448 ISAI£.
1392 387 1529 443 EGU
1569 385 1866 443 DOlllNUS
1907 388 2084 444 DEUS
2121 389 2274 446 FECI
2312 388 2570 459 LUMEN,
2612 392 2767 450 ETC.

157 498 295 552 rit-adi
321 494 521 568 (Ecclc.
556 497 616 554 3.
648 492 738 569 4).
765 499 949 569 Neque
976 500 1117 554 enim
1145 515 1357 570 semper
1381 499 1612 570 gaudere
1641 499 1733 551 bo-

162 608 263 647 num
288 599 367 645 est
387 631 404 656 ,
436 589 535 644 sed
565 590 870 661 aliquando
893 593 1053 648 etiam
1085 592 1302 646 noxium
1336 609 1352 651 ;
1384 607 1555 660 neque
1584 591 1728 643 enim

166 698 346 740 semuer
371 681 560 738 dolere
587 683 798 738 bonum
825 725 840 746 ,
871 684 965 739 sed
996 683 1280 753 aliquando
1304 684 1462 737 etiam
1492 683 1644 736 letale
1669 695 1732 735 ac

166 775 513 846 perniciosum.
538 776 724 843 Atque
749 775 852 830 hoc
873 777 1040 846 ipsum
1065 790 1250 829 rursus
1275 775 1511 828 iudicans
1539 774 1731 828 Paulus

169 866 380 921 dicebat:
418 884 437 916 ‹
472 864 608 932 Quze
636 867 937 921 secundum
970 867 1132 921 Deum
1160 867 1371 920 tristitia
1397 873 1479 919 est
1505 905 1521 928 ,
1563 865 1731 934 pmui-

171 960 358 1013 tentiam
388 957 440 1010 iu
471 959 708 1012 salutem
740 959 987 1012 stabilem
1017 967 1267 1029 operatur
1297 977 1310 1010 :
1342 958 1520 1010 saeculi
1550 966 1726 1010 autem

174 1051 353 1105 tristitia
383 1058 616 1104 mortem
641 1061 896 1119 operatur
921 1070 940 1102 ι
975 1049 1067 1120 (2.
1094 1049 1210 1105 Cor.
1239 1051 1288 1102 7.
1317 1050 1386 1104 10
1406 1051 1444 1118 ).

229 1145 276 1198 5.
318 1141 478 1196 Vides
522 1141 626 1196 hoc
669 1157 883 1212 quoque
930 1143 1160 1196 medium
1211 1152 1370 1211 atque
1417 1140 1729 1196 indifferens

175 1234 307 1290 esse?
333 1233 490 1302 Igitur
518 1242 574 1288 et
613 1234 942 1288 contrarium
989 1233 1104 1302 ejus
1146 1243 1228 1288 est
1269 1234 1497 1288 medium
1523 1275 1536 1294 ,
1569 1235 1726 1288 uimi-

175 1340 266 1377 rum
295 1323 544 1392 gaudere.
593 1323 720 1378 ldeo
761 1339 867 1378 non
897 1325 1206 1395 simpliciter
1244 1325 1478 1393 gaudere
1523 1325 1724 1394 jussit,

175 1415 248 1466 sed
271 1415 317 1466 in
344 1413 568 1468 Domino
588 1415 829 1483 gaudere
851 1415 1083 1486 (Philip.
1117 1417 1169 1470 4.
1200 1414 1294 1487 4).
1326 1415 1430 1470 Sed
1461 1417 1589 1469 satis
1613 1416 1724 1484 jam

173 1521 447 1561 sermonem
482 1506 628 1560 hunc
670 1506 738 1561 de
785 1509 948 1563 rebus
983 1508 1170 1563 mediis
1215 1508 1646 1573 eoucleavimus,
1679 1508 1723 1561 si

170 1598 355 1667 quidem
375 1609 608 1652 attentos
633 1600 770 1654 nacti
794 1600 1047 1654 fuerimus
1069 1600 1339 1655 auditores
1362 1619 1376 1666 ;
1403 1611 1567 1654 restat
1586 1612 1640 1654 ut
1657 1599 1722 1654 ad

171 1707 223 1746 ea
239 1693 648 1761 progrediamur,
671 1708 790 1760 quae
815 1707 921 1746 non
944 1704 1067 1746 sunt
1091 1693 1283 1757 media,
1310 1696 1379 1750 ad
1421 1694 1579 1758 bona,
1606 1709 1723 1762 quae

171 1785 267 1838 fieri
291 1785 421 1837 mala
451 1802 558 1839 non
590 1793 852 1854 possunt,
881 1794 934 1840 et
963 1785 1028 1839 ad
1066 1785 1201 1838 mala
1227 1825 1242 1849 ,
1273 1800 1389 1853 qua:
1433 1800 1722 1854 numquam

173 1875 264 1928 fieri
286 1888 499 1945 possunt
521 1877 678 1930 bona.
703 1876 836 1930 Nam
853 1892 918 1931 ea
940 1878 1150 1946 quidem
1169 1893 1284 1946 quae
1308 1877 1538 1932 diximus
1563 1877 1722 1930 modo

173 1970 273 2032 hoc,
299 1971 452 2021 modo
488 1970 617 2022 illud
666 1969 795 2024 ﬁunt
819 2011 834 2037 ,
865 1971 1305 2040 quemadmodum
1335 1969 1532 2025 divitia:
1563 1969 1722 2024 modo

175 2061 340 2113 malum
366 2072 509 2124 sunt,
532 2077 654 2115 cum
676 2061 739 2115 ad
762 2063 932 2115 aliena
957 2062 1092 2115 bona
1120 2062 1418 2132 usurpanda
1449 2064 1724 2116 insumun-

175 2161 242 2204 tur
268 2171 281 2217 ;
305 2152 462 2216 modq
487 2153 685 2206 bonum
712 2195 728 2218 ,
761 2169 880 2208 cum
910 2155 960 2209 iu
988 2156 1377 2224 eleemosynam
1405 2155 1719 2225 expendun-

175 2254 258 2308 tur,
283 2254 331 2299 et
354 2247 451 2300 alia
482 2246 784 2315 hujusruodi
813 2247 1107 2302 secundum
1133 2249 1269 2302 hanc
1296 2250 1549 2318 regulam.
1582 2248 1720 2302 Sunt

175 2348 320 2393 autem
349 2341 600 2393 nonnulla
622 2385 636 2406 ,
667 2356 784 2404 quae
823 2358 1107 2413 numquam
1140 2343 1252 2396 fieri
1284 2353 1505 2413 possunt
1534 2343 1670 2398 mala
1702 2361 1716 2397 :

176 2447 268 2499 qua
291 2448 408 2486 vero
434 2443 560 2486 sunt
589 2434 672 2488 his
698 2436 962 2515 contraria
981 2476 996 2501 ,
1025 2451 1236 2506 semper
1263 2439 1401 2491 mala
1432 2448 1555 2492 sunt
1573 2480 1588 2499 ,
1620 2453 1720 2493 nec

175 2539 384 2592 umquam
409 2524 523 2579 fieri
551 2526 691 2580 bona
717 2537 969 2596 possunt:
991 2528 1286 2596 cujusmodi
1310 2538 1433 2582 sunt
1455 2531 1716 2599 impietas,

175 2616 482 2684 blasphemia,
513 2618 752 2682 lascivia,
785 2620 1093 2684 crudelitas,
1126 2621 1508 2687 inhumanitas,
1542 2623 1716 2692 inglu-

174 2710 282 2768 vias,
310 2718 357 2762 et
381 2710 480 2762 alia
509 2709 796 2778 ejusmodi.

227 2799 329 2852 Tria
344 2818 526 2871 genera
547 2818 715 2856 rerum
741 2819 760 2856 .'
779 2803 942 2867 boum,
969 2805 1134 2872 malta,
1162 2807 1354 2859 medim.
1372 2804 1572 2860 -Νοη
1598 2803 1718 2860 dico

168 2892 334 2947 malum
354 2894 623 2948 hominem
649 2911 941 2965 numquam
970 2896 1078 2951 fieri
1109 2913 1266 2967 posse
1292 2899 1509 2964 bonum,
1544 2913 1718 2968 neque

165 2985 332 3040 bonum
372 2987 485 3041 ﬁeri
531 2989 733 3043 malum
783 2989 924 3044 haud
969 3006 1216 3060 umquam
1260 3005 1453 3060 posse:
1489 2991 1582 3046 sed
1629 3007 1717 3046 res

161 3079 281 3148 imas
308 3080 413 3137 fieri
442 3084 576 3137 tales
611 3098 720 3137 non
765 3097 940 3152 posse.
972 3082 1255 3138 Enimvero
1285 3083 1364 3139 ha:
1396 3085 1448 3139 in
1476 3100 1572 3138 suo
1600 3101 1715 3138 ma-

159 3185 322 3229 nentes
356 3175 567 3241 ordine,
615 3174 734 3228 alia:
775 3175 928 3229 bona:
970 3185 1130 3238 sunt,
1159 3177 1279 3231 aliae
1323 3177 1476 3230 mala:
1508 3194 1520 3230 :
1552 3176 1714 3230 homo

156 3279 300 3326 vero,
339 3267 554 3335 quando
594 3267 685 3320 illa
716 3265 933 3335 quidem
959 3267 1218 3336 elegerit,
1263 3266 1433 3321 bonus
1459 3310 1472 3332 ,
1504 3267 1715 3336 quando

153 3371 264 3411 vero
283 3359 572 3424 contraria,
601 3359 775 3412 malus
795 3359 919 3414 erit.
944 3357 1102 3428 lgitur
1128 3368 1238 3414 tres
1267 3370 1392 3413 sunt
1421 3361 1507 3413 isti
1535 3375 1715 3414 rerum

150 3449 339 3503 ordines
370 3466 385 3502 :
418 3449 563 3504 bona
589 3449 809 3519 quidem
842 3464 1126 3519 numquam
1154 3450 1267 3503 fieri
1301 3459 1524 3519 possunt
1552 3451 1713 3516 mala,

148 3541 417 3609 cujusmodi
446 3551 578 3597 sunt
606 3543 976 3611 temperantia,
1013 3544 1372 3613 eleemosyna,
1403 3552 1456 3597 et
1483 3543 1674 3596 similia
1699 3561 1711 3596 :

149 3633 267 3684 mala
291 3649 414 3686 vero
441 3649 742 3701 numquam
775 3631 888 3685 fieri
922 3641 1142 3701 possunt
1172 3634 1308 3687 bona
1331 3675 1344 3697 ,
1374 3642 1430 3686 ut
1458 3634 1668 3687 lascivia
1695 3674 1709 3696 ,

145 3723 484 3779 inhumanitas
513 3735 566 3778 et
590 3724 886 3779 crudelitas
915 3741 926 3776 :
960 3724 1201 3795 qumdam
1227 3735 1402 3779 autem
1429 3726 1713 3794 aliquando

145 3814 265 3881 hoc,
295 3817 588 3885 aliquando
619 3815 750 3871 illud
783 3817 917 3870 fiunt
945 3833 1039 3886 pro
1069 3818 1279 3872 ratione
1309 3817 1471 3872 animi
1501 3827 1554 3872 et
1582 3817 1708 3872 aﬂ'e-

141 3920 242 3963 ctus
262 3927 444 3965 eorum
477 3953 493 3972 ,
541 3911 633 3980 qui
679 3910 757 3965 eis
785 3919 1022 3964 utuntur.
1070 3911 1272 3965 Divitia:
1313 3927 1709 3981 nonnumquam

143 4003 195 4056 ad
219 4006 384 4058 aliena
416 4005 561 4058 bona
599 4003 900 4058 invadenda
945 4005 1271 4070 inserviunt,
1311 4021 1708 4074 nonnumquam

141 4096 194 4147 ad
215 4097 614 4168 eleemosynam
641 4096 1040 4167 impertiendam
1061 4115 1073 4150 :
1091 4113 1275 4151 verum
1301 4097 1349 4152 id
1371 4098 1426 4151 fit
1444 4115 1505 4152 ex
1532 4100 1711 4152 animo

143 4198 186 4242 et
199 4190 380 4245 affectu
406 4192 551 4258 ejus,
569 4192 660 4260 qui
689 4189 767 4245 eis
794 4190 975 4245 utitur.
999 4190 1288 4259 Paupertas
1313 4207 1706 4260 nonnumquam

143 4282 195 4334 ad
221 4282 609 4353 blasphemiam
629 4323 644 4345 ,
669 4297 1064 4351 nonnumquam
1097 4282 1159 4335 ad
1188 4282 1616 4336 benedictionem
1648 4297 1709 4337 ac

148 4374 520 4444 pltilomphiam
553 4376 792 4429 inservit.
825 4375 954 4442 Quia
985 4376 1144 4444 igitur
1169 4375 1563 4444 insipientiores
1605 4391 1706 4430 nou

149 4470 271 4534 pauci
298 4469 442 4540 (jam
483 4467 633 4520 enim
659 4466 735 4519 ad'
758 4466 1079 4534 solutionem
1107 4467 1420 4521 veniendum
1448 4476 1530 4522 est
1558 4467 1575 4536 )
1601 4482 1706 4520 non

151 4559 288 4611 solum
316 4560 454 4613 mala
479 4601 495 4625 ,
529 4574 649 4625 qua:
675 4573 963 4627 numquam
1007 4556 1144 4611 bona
1179 4557 1291 4611 fieri
1320 4565 1544 4626 possunt
1571 4599 1585 4618 ,
1615 4559 1706 4612 sed

152 4652 282 4705 etiam
305 4668 369 4706 ex
397 4652 468 4705 iis
497 4666 619 4720 qua:
647 4650 817 4704 media
846 4659 1006 4715 sunt,
1038 4650 1287 4704 nonnulla
1318 4661 1507 4703 vocant
1535 4650 1669 4704 mala
1690 4693 1705 4716 ,

153 4749 201 4792 ut
221 4752 579 4812 paupertatem
598 4783 616 4805 ,
648 4741 1007 4810 captivitatem
1035 4782 1049 4806 ,
1081 4743 1389 4794 servitutem
1413 4782 1426 4806 ,
1457 4758 1574 4811 qum
1603 4758 1706 4796 nou

157 4831 269 4888 inter
288 4836 421 4889 mala
443 4877 458 4900 ,
488 4834 586 4890 sed
614 4836 751 4889 inter
779 4834 951 4888 media
981 4849 1102 4888 esse
1133 4835 1453 4889 numeranda
1483 4835 1707 4889 demon-

157 4927 404 4982 stravimus
434 4946 449 4982 :
481 4926 636 4980 multi
669 4939 796 4980 vero
815 4968 830 4990 ,
865 4937 920 4978 ut
949 4935 1073 4980 ante
1100 4925 1206 4979 dixi
1235 4967 1251 4989 ,
1297 4926 1411 4981 ha-c
1440 4929 1710 4996 appellant

161 5019 268 5071 mala
290 5035 405 5088 qua:
432 5019 572 5072 mala
603 5034 708 5071 non
740 5026 864 5072 sunt
891 5038 905 5072 :
935 5017 1001 5072 de
1029 5018 1142 5072 istis
1170 5018 1402 5088 loquitttr
1426 5019 1704 5089 propheta,

158 5124 252 5176 qua
283 5112 571 5168 secundum
602 5111 741 5180 vulgi
767 5111 1214 5165 existimationem
1257 5113 1394 5165 mala
1427 5123 1703 5180 vocantur,

160 5215 244 5252 non
269 5218 445 5258 revera
475 5213 602 5256 sunt
633 5203 770 5256 mala
802 5220 816 5257 :
849 5203 919 5256 de
942 5203 1250 5271 captivitate
1275 5243 1289 5266 ,
1319 5203 1385 5257 de
1415 5206 1666 5258 servitute
1689 5246 1704 5271 ,

153 5290 213 5345 de
232 5292 360 5350 fame
384 5305 436 5350 ct
457 5296 574 5350 aliis
605 5295 889 5364 ejusmodi.
925 5294 1075 5362 Quod
1104 5295 1245 5349 enim
1273 5295 1388 5350 haec
1417 5315 1520 5351 non
1550 5299 1708 5352 modo

157 5385 277 5438 mala
310 5401 408 5441 non
434 5389 539 5441 sint
566 5430 581 5451 ,
628 5389 722 5441 sed
762 5387 924 5441 etiam
966 5387 1033 5452 ad
1073 5387 1210 5440 mala
1253 5386 1566 5456 depellenda
1603 5390 1709 5442 sint

157 5476 298 5539 usui,
340 5479 558 5546 primtun
598 5480 649 5534 in
689 5479 924 5533 medium
967 5479 1166 5546 prolata
1211 5477 1348 5532 fame
1374 5479 1661 5533 doceamus
1687 5521 1703 5546 ,

157 5581 263 5634 una
303 5571 562 5626 tremenda
613 5572 862 5638 omnibus
916 5585 978 5624 ac
1021 5569 1274 5624 terribilis
1316 5568 1523 5623 videtur
1563 5584 1704 5624 esse.

162 5655 296 5713 Disce
318 5661 480 5731 igitur,
508 5679 613 5734 quo
639 5673 795 5732 pacto
823 5661 959 5716 mala
986 5677 1091 5716 non
1133 5663 1202 5715 sit
1227 5703 1242 5726 ,
1284 5670 1338 5716 et
1379 5660 1445 5715 ad
1476 5661 1708 5730 philoso-

165 5746 402 5816 phandum
446 5754 725 5809 instruere.
778 5750 916 5808 Cum
966 5752 1192 5822 populus
1245 5752 1589 5808 Hebrreorum
1643 5753 1708 5808 ad

171 5852 394 5903 summam
411 5847 793 5922 improbitatem
816 5846 1141 5914 devenisset,
1166 5857 1276 5902 tum
1298 5862 1516 5918 magnus
1539 5846 1704 5916 Elias,

3319 400 3420 457 £50

1838 505 1892 551 et
1913 499 2043 553 caelo
2065 499 2278 570 dignus,
2301 516 2424 556 cum
2448 503 2609 557 vellet
2634 503 2895 561 socordiae
2916 505 3160 562 morbum
3185 509 3416 578 auferre,

1836 605 2065 662 eumque
2091 594 2356 663 corrigere
2373 637 2389 661 ,
2414 595 2607 664 adjecit
2634 597 2817 652 dicens
2842 617 2854 652 :
2891 598 3018 654 Viuit
3050 601 3313 668 Dominus,
3337 609 3423 661 cui

1835 686 2008 740 adstiti
2033 704 2202 741 coram
2228 706 2285 744 eo
2305 729 2322 755 ,
2357 693 2401 741 si
2439 692 2532 743 erit
2561 692 2730 759 pluuia
2752 733 2768 759 ,
2810 694 2904 747 nisi
2933 711 3023 763 per
3052 711 3106 749 os
3141 713 3302 750 nicum
3324 697 3415 769 (5.

1835 778 1964 848 Reg.
1999 779 2081 833 17.
2115 781 2134 834 l
2165 779 2184 849 )
2218 798 2230 834 :
2263 791 2316 833 et
2354 780 2440 848 qui
2473 781 2704 836 meloten
2747 783 2911 837 solam
2950 786 3279 854 possidebat,
3312 805 3416 842 cm-

1836 867 1945 924 lum
1981 871 2209 935 clausit,
2250 881 2392 925 tanta
2433 872 2573 941 apud
2620 873 2783 927 Deum
2823 876 2991 945 gratia
3039 878 3224 932 valuit.
3253 879 3418 936 Vides

1836 972 2197 1030 paupertatem
2226 963 2421 1017 malum
2449 979 2552 1017 non
2580 965 2741 1019 esse?
2770 965 2883 1018 Non
2911 969 3052 1025 enim
3081 980 3222 1023 tanta
3247 971 3413 1039 gratia

1832 1053 2086 1107 Valuisset
2116 1055 2417 1108 mortalium
2449 1065 2760 1110 cunctorum
2795 1061 3180 1127 pauperrimus,
3213 1071 3269 1114 ut
3294 1077 3412 1115 cum

1833 1146 1884 1199 in
1915 1146 2071 1200 terris
2100 1158 2424 1212 versaretur,
2459 1157 2660 1203 tantam
2692 1150 2941 1203 virtutem
2973 1167 3076 1203 uno
3107 1152 3222 1207 solo
3249 1153 3414 1207 verbo

1833 1254 1940 1308 pra:
1966 1256 2024 1292 se
2047 1238 2228 1294 ferret.
2251 1239 2362 1294 Hoc
2380 1257 2507 1311 ergo
2528 1241 2670 1296 dicto
2691 1241 2882 1296 famem
2907 1245 3126 1297 immisit
3149 1257 3412 1313 tamquam

1830 1331 2088 1398 Optimum
2133 1331 2478 1403 predagogum
2504 1375 2518 1398 ,
2552 1344 2605 1387 et
2640 1334 2900 1388 malorum
2947 1351 3064 1403 qum
3109 1335 3414 1391 acciderant

1830 1423 2228 1477 emendatorem
2261 1442 2273 1474 :
2306 1433 2468 1492 atque
2497 1433 2553 1477 ut
2582 1426 2641 1478 lit
2675 1440 2794 1478 cum
2839 1425 3128 1481 vehemens
3167 1428 3409 1494 quaedam

1831 1512 1990 1567 febris
2015 1529 2208 1582 corpus
2240 1516 2451 1579 invasit,
2488 1532 2636 1570 venae
2669 1517 2796 1586 ipsm
2828 1527 2982 1570 terrae
3006 1520 3408 1584 errares-(ebant,

1830 1611 2091 1658 torrentes
2120 1604 2462 1670 deficiebant,
2491 1618 2544 1661 et
2575 1607 2773 1669 herbae,
2801 1617 2856 1662 et
2882 1617 3037 1661 terrae
3069 1610 3269 1663 viscera
3298 1620 3409 1663 ste-

1829 1694 1943 1748 rilia
1977 1696 2184 1764 penitus
2215 1697 2465 1766 deinceps
2492 1707 2665 1752 erant.
2700 1697 2883 1766 Neque
2915 1715 3040 1751 vero
3073 1700 3412 1753 mediocriter

1827 1785 1878 1839 id
1912 1788 2104 1855 populo
2143 1788 2239 1842 fuit
2283 1789 2408 1843 utile
2433 1831 2448 1853 ,
2485 1805 2607 1843 cum
2638 1805 2914 1859 repressus
2955 1791 3180 1859 impetus
3211 1791 3366 1844 fuerit
3391 1830 3406 1852 ,

1827 1894 1932 1949 quo
1955 1880 2022 1934 ad
2050 1881 2378 1951 iniquitatem
2403 1882 2692 1950 ferebatur,
2716 1891 2769 1937 et
2789 1885 3074 1953 castigatus
3096 1884 3409 1938 modestior-

1825 1987 1930 2041 que
1961 1974 2028 2026 sit
2060 1974 2245 2036 factus,
2277 1983 2330 2028 et
2359 1974 2424 2028 ad
2451 1973 2925 2042 obtemperandum
2957 1975 3224 2043 propheta:
3256 1991 3404 2028 man-

1825 2067 2046 2119 soetior.
2093 2065 2226 2120 Nam
2268 2068 2359 2136 qui
2403 2066 2468 2122 ad
2515 2065 2654 2120 idola
2693 2067 3016 2128 currebant,
3048 2076 3100 2120 et
3129 2065 3406 2120 daemoniis

1825 2155 1964 2211 filios
1993 2173 2118 2211 suos
2140 2159 2461 2221 mactabaut,
2490 2157 2541 2210 hi
2567 2167 2643 2212 tot
2663 2158 2852 2212 occisis
2871 2156 3235 2211 sacerdotibus
3261 2157 3404 2220 Baal,

1825 2265 1930 2304 non
1961 2250 2214 2320 indignati
2241 2259 2388 2319 sunt,
2417 2266 2522 2304 non
2552 2249 2917 2316 indoluerunt,
2949 2249 3042 2302 sed
3068 2248 3220 2302 famis
3247 2265 3409 2316 Opera

1823 2343 2014 2398 redditi
2047 2344 2295 2398 meliores
2317 2384 2332 2410 ,
2373 2352 2610 2398 tacentes
2643 2357 2704 2396 ac
2729 2350 2872 2397 metu
2903 2341 3133 2410 correpti
3171 2356 3282 2395 rem
3313 2356 3407 2410 pa-

1825 2435 2017 2489 tienter
2048 2435 2304 2488 tulerunt.

1895 2528 1946 2582 6.
1995 2527 2152 2581 Vides
2203 2543 2308 2581 non
2354 2526 2511 2581 modo
2539 2527 2734 2581 malum
2780 2536 2882 2580 non
2913 2542 3032 2582 esse
3067 2526 3280 2591 famem,
3304 2527 3398 2582 sed

1822 2619 1886 2673 ad
1918 2619 2053 2672 Inala
2082 2620 2238 2672 etiam
2271 2618 2500 2672 tollenda
2526 2619 2862 2688 prodesse,et
2885 2616 2954 2672 ad
2971 2619 3230 2672 sanandas
3249 2619 3406 2689 :rgri-

1825 2711 2034 2764 tudiues
2065 2710 2284 2764 remedii
2314 2709 2489 2764 locum
2506 2709 2785 2764 obtinere?
2809 2710 2957 2776 Quod
2979 2710 3023 2765 si
3045 2710 3402 2778 captivitatem

1823 2803 1989 2871 ipsam
2020 2798 2184 2856 etiam'
2211 2801 2389 2854 videre
2409 2801 2541 2855 velis
2564 2801 2758 2854 malum
2789 2818 2892 2854 non
2923 2816 3061 2865 esse,
3090 2801 3258 2870 cogita
3275 2815 3406 2870 qua-

1822 2895 1896 2948 les
1918 2905 2039 2949 ante
2059 2897 2416 2964 captivitatem
2438 2903 2619 2948 essent
2639 2895 2827 2955 Judaei,
2855 2905 2910 2948 et
2937 2895 3118 2963 quales
3151 2895 3200 2947 in
3231 2894 3403 2964 capti-

1822 2985 2002 3046 vitate,
2031 2997 2084 3038 ut
2113 2986 2376 3055 intelligas
2407 3000 2579 3054 neque
2599 2985 2892 3038 libertatem
2914 2985 3159 3038 absolute
3180 2984 3400 3050 bonum,

1821 3092 1993 3145 neque
2023 3076 2377 3145 captivitatem
2405 3078 2598 3129 malum
2628 3091 2764 3129 esse.
2786 3075 3009 3143 Quando
3025 3076 3166 3129 enim
3191 3075 3403 3129 liberta-

1823 3178 1873 3223 te
1900 3169 2212 3223 fruebantur
2232 3211 2245 3232 ,
2269 3178 2323 3222 et
2352 3169 2402 3221 in
2435 3169 2599 3238 patria
2627 3185 2719 3222 sua
2746 3168 3032 3238 degebant,
3059 3169 3128 3221 ita
3163 3185 3221 3221 se
3245 3183 3400 3236 gere-

1819 3261 1966 3326 bant,
1997 3271 2051 3313 ut
2079 3259 2298 3328 singulis
2326 3259 2510 3314 diebus
2550 3261 2807 3314 adversus
2837 3261 2953 3314 illos
2982 3259 3403 3314 vociferarentur

1819 3353 2123 3422 prophetae,
2173 3353 2296 3406 dum
2344 3354 2490 3422 leges
2533 3354 2994 3418 conculcarentur,
3049 3353 3401 3406 adorarentur

1819 3446 1978 3509 idola,
2010 3455 2064 3501 et
2095 3448 2180 3500 Dei
2222 3447 2468 3501 mandata
2494 3448 2818 3500 violarentur
2847 3464 2859 3499 :
2895 3457 3171 3515 postquam
3223 3455 3398 3499 autem

1819 3539 1869 3594 in
1889 3541 2114 3594 alienam
2145 3539 2306 3594 delati
2339 3550 2460 3593 sunt
2491 3551 2684 3593 terram
2712 3583 2726 3603 ,
2759 3550 2812 3595 et
2850 3540 2900 3594 in
2930 3541 3276 3594 barbarorum
3316 3556 3400 3595 re-

1817 3632 1974 3699 gione
2004 3632 2236 3697 versati,
2268 3632 2344 3686 sic
2373 3633 2611 3701 depressi
2640 3643 2800 3696 sunt,
2825 3647 2887 3685 ac
2922 3634 3171 3686 meliores
3209 3648 3397 3686 evase-

1815 3732 1957 3784 runt,
1990 3723 2265 3791 legemque
2292 3731 2604 3786 servarunt,
2636 3732 2694 3776 ut
2733 3740 2796 3777 ex
2842 3724 2957 3792 ipso
2986 3725 3194 3790 psalmo
3221 3726 3396 3795 colligi

1817 3823 2010 3883 potest,
2041 3830 2197 3883 quem
2242 3829 2420 3884 operae
2449 3817 2674 3883 pretium
2705 3824 2784 3868 est
2814 3815 3070 3867 hodierno
3091 3816 3175 3869 die
3206 3817 3255 3869 in
3279 3833 3395 3871 me-

1815 3909 1958 3962 dium
1981 3908 2192 3972 afferre,
2223 3917 2279 3961 ut
2305 3925 2368 3962 ex
2397 3923 2460 3961 co
2476 3906 2793 3976 captivitatis
2820 3906 3047 3961 fructum
3072 3910 3392 3975 agnoscatis.

1814 3999 1942 4068 Quis
1982 4000 2065 4052 ille
2096 4015 2252 4068 porro
2285 4000 2520 4062 psalmus
2547 3999 2662 4052 est?
2684 3997 2852 4067 Super
2879 4000 3092 4067 ﬂumina
3123 3998 3394 4069 Babyloni:

1813 4092 1916 4144 illic
1941 4091 2178 4155 sedimus,
2209 4101 2252 4143 et
2290 4091 2537 4160 ﬂeuimus,
2570 4091 2690 4141 dum
2732 4091 3107 4142 recordaremur
3135 4089 3280 4144 Sion.
3327 4089 3392 4144 In

1813 4183 2046 4236 salicibus
2073 4183 2123 4234 in
2151 4181 2312 4234 medio
2333 4183 2440 4250 ejus
2459 4181 2805 4249 suspendimns
2822 4198 3010 4251 organa
3033 4191 3220 4234 nostra.
3249 4181 3360 4247 Quo
3376 4213 3390 4220 -

1813 4275 1948 4329 niam
1993 4275 2095 4327 illic
2123 4275 2551 4344 interrogaverunt
2599 4291 2707 4334 nos,
2740 4275 2824 4342 qui
2873 4275 3094 4340 captivos
3143 4275 3392 4326 duxerunt

1814 4385 1922 4432 nos,
1952 4369 2097 4420 verba
2113 4368 2420 4428 cantionum.
2454 4367 2673 4419 dicentes
2701 4365 2943 4418 :Cantale
2973 4365 3110 4417 nobis
3138 4367 3199 4417 de
3225 4366 3387 4418 canti-

1811 4462 1880 4514 cis
1913 4461 2058 4514 Sion.
2086 4459 2348 4524 Quomodo
2373 4458 2681 4511 cantabimus
2703 4457 2951 4509 canticum
2971 4456 3238 4509 Dominiin
3259 4467 3392 4511 terra

1813 4551 1976 4606 aliena
2024 4550 2190 4623 (Psal.
2222 4550 2343 4604 156.
2376 4551 2398 4602 1
2427 4548 2549 4618 -4).
2600 4547 2760 4601 Vides
2787 4556 2844 4601 ut
2887 4549 3030 4614 ipsos
3069 4548 3392 4617 depresserit

1812 4644 2105 4713 captivitas.
2137 4641 2266 4694 Nam
2289 4649 2412 4694 ante
2445 4639 2585 4692 illam
2625 4637 2836 4707 quidem
2868 4638 3152 4706 prophetas
3180 4655 3282 4692 non
3317 4642 3391 4692 le-

1813 4739 2030 4802 rebant,
2060 4753 2088 4789 a
2125 4737 2312 4804 quibus
2338 4732 2776 4794 admonebantur,
2812 4741 2867 4784 ut
2907 4747 2971 4785 ne
3004 4732 3171 4797 legem
3216 4741 3390 4784 trans-

1812 4831 2157 4899 grederentur
2203 4845 2215 4879 :
2264 4835 2384 4894 post
2443 4825 2583 4877 illam
2640 4832 2814 4878 autem
2863 4825 3021 4876 etiam
3074 4823 3390 4877 instantibus

1811 4921 2072 4983 barbaris,
2105 4929 2158 4971 et
2182 4917 2412 4971 dominis
2442 4915 2748 4986 cogentibus
2775 4923 2940 4984 atque
2962 4915 3304 4983 urgentibus,
3335 4924 3389 4966 ut

1812 5030 1928 5067 eam
1979 5009 2496 5080 transgrederentur,
2546 5007 2760 5060 minime
2811 5006 3095 5074 parebant,
3126 5004 3216 5057 sed
3247 5004 3390 5056 dice-

1812 5108 1938 5162 baut
1965 5124 1978 5159 :
2010 5105 2124 5158 Non
2145 5102 2471 5157 czuttabimus
2499 5100 2759 5154 canticum
2788 5098 2990 5152 Domini
3025 5097 3072 5147 iu
3099 5104 3234 5148 terra
3262 5094 3388 5145 alie-

1814 5216 1899 5265 na,
1928 5199 2172 5267 quoniam
2203 5196 2252 5248 id
2284 5197 2364 5248 lex
2398 5210 2500 5247 non
2537 5191 2893 5261 permittebat.
2952 5188 3082 5240 Vide
3120 5196 3294 5238 autem
3338 5195 3390 5237 et

1814 5302 1920 5346 tres
1944 5305 2168 5360 pueros,
2197 5289 2284 5358 qui
2318 5303 2422 5340 non
2469 5285 2637 5339 solum
2684 5301 2710 5337 a
2761 5283 3062 5351 captivitate
3119 5279 3227 5330 lu'si
3284 5294 3386 5330 non

1813 5395 1930 5439 suut
1951 5423 1968 5450 ,
1995 5382 2089 5438 sed
2115 5381 2403 5448 etiamejus
2424 5395 2582 5448 opera
2614 5378 2927 5431 illustriores
2957 5382 3268 5433 evaserunt;
3299 5384 3384 5421 eo-

1812 5477 2039 5545 demque
2057 5475 2212 5528 modo
2241 5473 2534 5527 Daniclem.
2559 5470 2694 5537 Quid
2721 5485 2845 5522 vero
2866 5465 3058 5533 Joseph
3077 5465 3099 5515 ?
3120 5461 3242 5531 quid
3267 5459 3388 5514 mali

1810 5585 1996 5640 passus
2025 5577 2125 5634 est,
2153 5583 2272 5620 cutn
2307 5575 2359 5620 et
2387 5564 2724 5634 peregrinus,
2748 5571 2801 5615 et
2830 5572 3015 5612 servus
3039 5597 3053 5620 ,
3074 5566 3127 5609 et
3150 5552 3396 5621 captivus

1813 5671 1890 5716 est
1920 5660 2118 5714 factus?
2144 5673 2318 5713 nonne
2341 5656 2444 5711 hoc
2470 5673 2628 5709 unum
2662 5654 2735 5706 illi
2759 5649 3095 5721 splendorem
3118 5663 3378 5715 compara

1811 5751 1927 5805 vit?
1956 5750 2091 5818 Quid
2125 5764 2250 5804 vero
2290 5748 2480 5801 mulier
2517 5745 2602 5797 illa
2631 5743 2887 5806 barbara,
2917 5755 3032 5809 qua:
3083 5739 3131 5790 in
3180 5737 3384 5804 Opibus,

1820 5845 2090 5917 superbia,
2122 5853 2177 5899 et
2205 5841 2447 5898 libertate
2477 5837 2718 5907 degebat,
2749 5835 2869 5888 inde
2897 5834 3094 5888 lucrata
3114 5831 3230 5886 est?
3263 5847 3390 5884 utm—
