3992 6300
688 402 783 459 151

688 530 756 567 ne
786 511 1021 566 omnium
1045 511 1139 565 fuit
1171 510 1486 575 miserrima,
1512 519 1790 580 postquam
1814 506 1947 571 istis,
1983 516 2040 561 ut
2059 516 2272 576 oporte-

692 607 803 671 bat,
831 604 904 659 uti
932 602 1138 659 noluit?
1169 602 1293 657 Haec
1319 604 1476 673 igitur
1499 600 1776 657 evidenter
1795 614 1824 654 a
1853 600 2005 653 nobis
2034 608 2156 653 sunt
2175 597 2270 652 de-

688 704 1002 759 monstrata,
1021 709 1264 764 quamam
1283 694 1389 748 sint
1408 694 1565 759 mala,
1587 706 1830 763 quamam
1848 692 2005 755 bona,
2029 705 2271 761 quzrnam

688 788 882 855 media,
907 794 964 842 et
995 786 1062 841 de
1088 785 1276 841 mediis
1296 784 1438 856 loqui
1467 786 1937 855 prophetam,qu:e
1960 784 2133 853 reipsa
2161 796 2276 835 ma-

685 879 733 932 la
764 893 867 931 non
894 886 1038 934 sunt.
1071 876 1164 931 sed
1191 876 1347 947 vulgo
1378 876 1515 930 mala
1542 875 1811 940 videntur,
1850 872 1917 929 de
1946 872 2270 943 captivitate,

685 974 974 1033 servitute,
1025 967 1367 1022 abductione.
1415 966 1585 1033 Quam
1626 980 1755 1019 vero
1795 964 1864 1019 ob
1900 978 2117 1018 causam
2156 962 2272 1017 baac

690 1060 829 1115 dicta
859 1060 985 1124 sint,
1018 1074 1195 1128 Opera:
1228 1058 1455 1128 pretium
1486 1056 1645 1111 fuerit
1671 1070 1813 1110 nunc
1839 1054 2056 1109 docere.

768 1151 1037 1224 Propheta:
1085 1167 1175 1203 cur
1222 1150 1381 1203 missi.
1418 1179 1491 1189 —-
1528 1147 1793 1214 Benignus
1820 1162 1940 1202 cum
1989 1146 2059 1200 sit
2106 1144 2269 1211 Deus,

686 1254 740 1297 et
766 1244 831 1297 ad
864 1242 1219 1297 miserandum
1252 1250 1549 1311 promptus,
1578 1241 1643 1294 ad
1689 1238 2049 1310 castigandum
2081 1254 2144 1292 ac
2172 1253 2270 1307 pu-

688 1338 938 1391 niendum
968 1345 1246 1390 cunctator
1289 1342 1343 1389 et
1382 1334 1598 1399 tardus,
1647 1348 1712 1386 ne
1742 1333 1953 1387 Iudaeos
1999 1332 2272 1401 suppliciis

688 1432 967 1486 tnulctaret
994 1474 1007 1494 ,
1040 1429 1323 1499 prophetas
1364 1429 1526 1490 misit,
1570 1437 1627 1483 ut
1666 1428 1841 1481 verbis
1877 1443 1970 1482 eos
2023 1436 2268 1492 terreret,

686 1540 857 1595 neque
899 1524 1060 1580 rebus
1108 1524 1235 1593 ipsis
1268 1522 1532 1593 puniret:
1577 1522 1719 1591 quod
1747 1530 1801 1575 et
1846 1536 1969 1591 erga
2013 1519 2271 1574 Ninivitas

688 1621 949 1688 prmstitit.
982 1619 1113 1673 Nam
1143 1626 1196 1672 et
1221 1617 1327 1671 illic
1356 1617 1483 1671 olim
1513 1616 1696 1671 urbem
1734 1630 1792 1671 se
1821 1629 2133 1669 eversurum
2171 1612 2271 1666 mi—

681 1722 840 1766 natus
866 1718 984 1776 est,
1014 1726 1118 1764 non
1148 1720 1209 1763 ut
1237 1717 1533 1772 everteret,
1564 1707 1659 1761 sed
1709 1716 1767 1762 ut
1821 1723 1925 1761 non
1980 1715 2267 1776 everteret,

685 1800 827 1871 quod
856 1805 1033 1871 utique
1062 1800 1303 1870 contigit.
1359 1799 1468 1853 Hoc
1512 1799 1764 1853 nimirum
1800 1806 1854 1852 et
1897 1807 2021 1852 tunc
2060 1798 2267 1867 agebat,

687 1894 971 1963 prophetas
1000 1892 1262 1959 mittebat,
1279 1908 1340 1947 ac
1357 1892 1700 1947 barbarorum
1734 1892 2085 1958 incursiones,
2109 1889 2267 1955 bella,

684 1986 1017 2054 captivitates
1040 2027 1055 2054 ,
1085 1984 1457 2039 abductionem
1480 2024 1495 2048 ,
1528 1993 1583 2039 et
1608 1984 1659 2038 in
1686 1984 1855 2039 aliena
1882 1983 2100 2054 regione
2119 1996 2269 2037 com-

686 2084 1033 2132 morationem
1076 2076 1397 2130 minabatur.
1438 2075 1507 2130 Et
1530 2075 1975 2146 quemadmodum
2008 2082 2156 2146 pater
2182 2074 2270 2128 in-

686 2170 928 2240 dulgens,
957 2170 1042 2224 cui
1068 2170 1206 2224 filius
1230 2178 1314 2224 est
1337 2169 1649 2223 libidinosus
1678 2184 1741 2223 ac
1764 2168 2055 2239 negligens,
2083 2168 2151 2222 ad
2177 2182 2269 2223 sa-

687 2276 805 2314 nam
834 2272 1065 2315 mentem
1091 2261 1276 2315 volens
1302 2276 1423 2315 eum
1462 2261 1748 2325 reducere,
1794 2260 1994 2330 ﬂagella
2026 2259 2267 2330 requirit,

687 2348 838 2405 funes
868 2352 1097 2405 minatur
1125 2351 1308 2407 dicens
1340 2368 1353 2403 :
1390 2351 1623 2405 Vinciam
1642 2393 1657 2417 ,
1690 2352 1912 2421 ﬂagellis
1938 2352 2160 2417 cadam,
2189 2352 2271 2405 in-

682 2444 965 2508 terticiam,
999 2443 1368 2514 ﬁtqueverbis
1395 2444 1730 2509 terribilis,ut
1757 2444 1856 2498 hac
1891 2445 2095 2499 ratione
2117 2445 2271 2512 juve-

680 2537 769 2591 nis
796 2536 1184 2606 improbitatem
1213 2544 1517 2605 compescat
1550 2554 1561 2588 :
1591 2537 1659 2588 ita
1694 2536 1941 2589 nimirum
1970 2535 2108 2590 Deus
2140 2551 2271 2590 con-

686 2629 836 2683 tinue
866 2628 1194 2693 minabatur,
1221 2642 1340 2681 cum
1369 2642 1464 2682 eos
1493 2626 1686 2696 injecto
1731 2635 1874 2682 metu
1901 2626 2126 2682 reddere
2157 2643 2272 2682 me-

688 2722 849 2776 liores
877 2722 1053 2776 vellet.
1082 2720 1209 2776 Hmc
1232 2735 1461 2775 cernens
1486 2720 1747 2784 diabolus,
1767 2720 2051 2791 volensque
2080 2735 2269 2775 emen-

680 2815 957 2869 dationem
983 2855 998 2879 ,
1024 2830 1141 2881 quae
1170 2813 1593 2881 consequebatur
1612 2810 1710 2865 has
1736 2811 1905 2866 minas
1932 2853 1947 2879 ,
1976 2810 2267 2881 impedire,

688 2906 1173 2976 pseudoprophetas
1201 2905 1438 2971 immisit,
1485 2914 1539 2959 et
1563 2904 1835 2975 prOpbetis
1870 2905 2225 2974 captivitatem
2251 2944 2267 2969 ,

685 2999 1018 3065 servitutem,
1044 2998 1342 3067 famemque
1369 2996 1714 3062 minantibus,
1749 2997 1821 3051 illi
1857 2997 2143 3064 contraria,
2170 3011 2270 3066 pa-

680 3107 832 3157 cem,
862 3101 1017 3145 terra!
1049 3090 1372 3145 fertilitatem
1395 3132 1410 3156 ,
1444 3091 1841 3145 innumerorum
1882 3091 2141 3145 bonorum
2174 3106 2269 3146 co-

683 3185 825 3251 piam
879 3182 1253 3251 prmdicebant.
1316 3181 1521 3236 Idcirco
1567 3184 1953 3251 exprobrantes
1996 3184 2099 3236 illis
2147 3198 2271 3251 pro-

688 3276 861 3345 pheta:
885 3274 1171 3329 dicebant:
1195 3273 1333 3342 Pax,
1365 3290 1499 3344 pax;
1515 3285 1562 3329 et
1586 3276 1669 3329 ubi
1695 3284 1765 3329 est
1783 3293 1888 3347 pax
1914 3274 2044 3344 (Jer.
2068 3276 2121 3331 6.
2156 3276 2269 3345 l4)?

687 3368 751 3422 Et
771 3368 947 3423 sciunt
967 3382 1171 3433 omnes,
1204 3368 1293 3436 qui
1322 3382 1590 3422 sacrarum
1616 3367 1889 3422 literarum
1912 3378 2035 3423 sunt
2064 3368 2270 3423 studio-

680 3457 750 3525 si,
777 3467 968 3514 cuncta
993 3460 1255 3525 evenisse,
1275 3475 1392 3529 quae
1418 3459 1689 3529 propheta:
1707 3460 2064 3529 praedixerant
2082 3460 2271 3515 adver-

685 3566 776 3605 sus
800 3550 1312 3623 pscudoprophetas,
1341 3551 1430 3622 qui
1461 3551 1638 3622 pepuli
1663 3552 1894 3607 Studium
1925 3553 2272 3609 debilitabant

684 3658 746 3697 ac
776 3643 1104 3714 frangebant.
1134 3643 1569 3715 Quoniamigitur
1590 3645 1841 3715 p0pulum
1863 3646 1931 3701 ita
1953 3646 2268 3702 dissolutum

681 3739 1115 3805 corrumpebant,
1174 3752 1269 3805 per
1314 3737 1602 3807 prophetas
1646 3739 1719 3792 ait
1759 3739 1897 3793 Deus
1935 3756 1947 3791 ε
1980 3738 2092 3810 Ego
2135 3739 2272 3795 Deus

684 3827 877 3897 faciens
900 3844 1094 3897 pacem,
1125 3838 1171 3881 et
1190 3845 1366 3883 creans
1393 3829 1528 3883 mala
1550 3828 1703 3901 (Isai.
1732 3831 1818 3886 45.
1838 3831 1913 3901 7).
1938 3831 2000 3885 Et
2026 3847 2269 3902 quaenam

688 3916 866 3970 mala?
898 3917 1021 3972 Haec
1074 3935 1191 3987 qua:
1224 3932 1639 3976 commemorata
1695 3934 1838 3991 sunt,
1886 3926 2268 3994 captivitatem,

687 4006 994 4062 servitutem
1020 4018 1071 4062 et
1097 4009 1197 4062 alia
1225 4010 1483 4079 ejusmodi
1508 4029 1523 4066 :
1552 4028 1654 4067 non
1682 4012 2088 4070 fornicationem
2119 4026 2173 4072 et
2197 4018 2271 4071 la-

685 4098 927 4162 sciviam,
951 4108 1005 4153 et
1030 4101 1325 4166 avaritiam,
1355 4117 1525 4173 neque
1550 4103 1691 4157 aliud
1721 4106 2005 4177 quidquam
2034 4108 2269 4177 ejusmo-

684 4190 761 4243 di.
804 4189 1004 4245 Idcirco
1034 4192 1191 4247 etiam
1218 4194 1431 4264 quando
1476 4194 1615 4251 alius
1636 4199 1891 4267 pmpheta
1921 4200 2085 4267 dixit,
2119 4202 2180 4257 Si
2201 4213 2273 4257 est

689 4282 883 4335 ntalitia
911 4284 963 4337 in
988 4285 1183 4338 civitate
1204 4327 1218 4347 ,
1250 4302 1399 4353 quam
1433 4303 1533 4341 non
1561 4289 1679 4358 fecit
1705 4287 1950 4345 Dominus
1980 4291 1998 4361 (
2028 4292 2182 4347 Amos
2213 4293 2268 4349 3.

685 4374 770 4446 6),
794 4374 931 4429 hanc
967 4374 1101 4429 dixit
1126 4376 1401 4443 malitiam,
1426 4377 1615 4432 famem
1635 4419 1650 4443 ,
1682 4380 1956 4446 morbum,
1988 4381 2213 4437 inﬂictas
2241 4398 2270 4439 a

693 4469 801 4523 Deo
822 4472 1036 4541 plagas:
1065 4471 1142 4526 sic
1170 4482 1223 4527 et
1250 4472 1493 4527 Christus
1517 4488 1637 4527 cum
1664 4473 1810 4540 dicit,
1839 4473 2032 4544 Suﬁicit
2049 4475 2148 4529 diei
2166 4493 2274 4529 mu-

688 4563 799 4617 litia
818 4581 909 4617 sua
934 4564 1145 4637 (Matth.
1174 4566 1227 4621 6.
1252 4565 1361 4640 3d),
1392 4567 1615 4622 sudores
1640 4567 1800 4634 dicit,
1824 4568 2060 4624 laborem
2086 4610 2100 4634 ,
2133 4567 2272 4623 afﬂi-

688 4656 944 4709 ctionem.

762 4749 815 4803 7..
866 4748 977 4805 [loc
1001 4750 1159 4821 igitur
1185 4750 1313 4807 dicit
1338 4751 1591 4822 propheta
1616 4770 1629 4805 :
1652 4751 1729 4807 Ne
1761 4752 1961 4808 debiles
1988 4767 2052 4808 ac
2079 4753 2266 4809 remis-

692 4858 782 4898 sos
822 4858 916 4898 vos
960 4842 1185 4899 reddant
1226 4844 1738 4915 pseudoprophetaa;
1786 4845 1923 4900 Deus
1947 4845 2090 4901 enim
2119 4846 2270 4901 vobis

693 4951 877 5005 pacem
916 4935 1092 5005 largiri
1125 4946 1333 5005 potest,
1370 4946 1425 4991 et
1451 4937 1742 5006 captivitati
1768 4952 1861 4991 vos
1894 4937 2104 4992 tradere
2131 4954 2145 4990 :
2174 4938 2275 4994 hoc

692 5037 795 5095 est,
828 5025 1047 5081 Faciens
1072 5044 1244 5097 pacem
1264 5069 1279 5093 ,
1304 5038 1354 5083 et
1388 5046 1561 5083 creans
1588 5030 1741 5083 mala.
1771 5030 1944 5099 Atque
1971 5038 2027 5083 ut
2052 5028 2153 5084 hoc
2179 5045 2273 5085 vc-

693 5136 810 5175 rum
837 5118 960 5177 esse
988 5121 1272 5191 intelligas,
1297 5121 1439 5191 ipsas
1464 5121 1720 5176 dictiones
1746 5120 2042 5176 accuratius
2068 5122 2273 5176 exami-

693 5228 902 5267 nemus.
952 5210 1085 5269 Cum
1117 5212 1259 5267 enim
1301 5221 1426 5268 ante
1464 5211 1727 5279 dixisset,
1770 5210 1883 5283 Ego
1922 5228 2031 5265 sum
2066 5212 2149 5283 qui
2180 5212 2276 5279 feci

693 5306 854 5360 lucem
868 5315 913 5359 et
929 5305 1176 5369 tenebras,
1196 5315 1319 5360 tunc
1334 5304 1555 5371 addidit,
1573 5304 1787 5359 Faciem
1809 5321 1981 5374 pacem
1997 5346 2011 5369 ,
2035 5316 2082 5359 et
2096 5321 2277 5360 creans

695 5397 849 5453 mala.
883 5398 996 5453 Duo
1019 5400 1284 5454 contraria
1307 5414 1465 5467 supra
1493 5399 1685 5469 posuit,
1708 5414 1769 5453 ac
1797 5398 1992 5454 deinde
2016 5399 2123 5453 duo
2148 5414 2277 5453 con-

695 5494 889 5560 traria,
920 5504 977 5549 ut
1006 5493 1269 5564 intelligas
1296 5508 1418 5548 eum
1443 5507 1548 5547 non
1578 5492 1644 5547 de
1674 5491 2055 5560 fornicatione,
2088 5492 2179 5547 sed
2210 5491 2278 5547 de

697 5587 1082 5641 calamitatibus
1107 5586 1272 5656 loqui.
1302 5585 1439 5654 Quid
1469 5586 1609 5640 enim
1635 5582 1879 5653 estquod
1910 5583 2024 5653 paci
2050 5582 2276 5653 opponi-

700 5677 830 5733 tur?
862 5674 1076 5735 Clarum
1114 5689 1197 5735 est
1226 5678 1368 5750 quod
1406 5678 1474 5733 sit
1510 5676 1785 5746 captivitas
1808 5715 1824 5742 ,
1871 5691 1977 5732 non
2019 5674 2230 5730 lascivia
2254 5716 2271 5743 ,

1401 396 1457 453 S.
1497 395 1774 453 JOANNIS
1812 389 2285 450 CHRYSOSTOMI
2327 387 2640 443 ARCHIEP.
2669 382 3204 442 CONSTANTINOP.
3794 400 3875 452 ηε

2380 517 2551 572 neque
2580 498 2858 555 fornicatio
2880 542 2894 565 ,
2928 514 3101 569 neque
3137 497 3371 553 avaritia.
3413 498 3475 554 Ut
3516 500 3657 572 igitur
3679 516 3879 576 superius

2378 594 2486 648 duo
2513 594 2777 648 contraria
2806 594 3002 662 posuit,
3035 592 3113 647 sic
3140 591 3381 646 nimirum
3404 603 3454 647 et
3482 593 3576 649 hoc
3606 595 3712 652 loco
3735 616 3748 652 :
3773 616 3878 655 con-

2378 688 2537 740 traria
2569 700 2695 741 vero
2728 687 2843 755 paci
2872 700 2958 740 res
2985 692 3067 740 est
3094 700 3200 739 non
3228 684 3515 752 fornicatio,
3544 703 3697 760 neque
3718 692 3881 751 adulte-

2376 780 2512 832 rium
2536 819 2548 839 ,
2576 793 2749 847 neque
2778 777 2992 832 lascivia
3013 818 3028 839 .
3057 792 3229 848 neque
3258 777 3451 848 reliqua
3475 779 3622 847 vitia;
3647 781 3729 837 sed
3750 788 3881 855 capti-

2376 871 2513 925 vitas
2538 880 2593 926 et
2635 873 2883 927 servitus.
2930 869 3035 927 Sed
3065 872 3202 925 sicut
3234 887 3356 942 erga
3392 872 3636 929 elementa
3658 917 3671 940 ,
3698 876 3763 932 sic
3786 895 3881 951 erga

2378 980 2465 1020 res
2492 966 2631 1034 ipsas
2659 965 2903 1020 homines
2929 964 3251 1019 afficiuntur.
3285 965 3516 1035 Exempli
3541 980 3684 1023 causa
3705 987 3716 1022 :
3738 986 3880 1038 quem-

2376 1058 2661 1111 admodum
2691 1056 2816 1111 fecit
2848 1058 3018 1114 lucem
3047 1066 3103 1112 et
3134 1056 3397 1120 tenebras,
3428 1067 3479 1113 et
3506 1060 3669 1115 multis
3692 1077 3791 1117 esse
3814 1064 3883 1133 ju-

2376 1147 2547 1201 cunda
2576 1148 2663 1203 lux
2696 1148 2923 1216 videtur,
2949 1148 3185 1203 tenebrae
3210 1163 3336 1204 vero
3362 1150 3618 1217 molestae,
3639 1166 3694 1206 ac
3717 1164 3882 1210 noctem

2376 1242 2587 1310 quidam
2612 1251 2882 1313 tamquam
2910 1243 3102 1297 malam
3130 1252 3379 1297 accusant
3404 1261 3415 1296 :
3444 1244 3519 1300 sic
3545 1244 3762 1301 nimirum
3784 1250 3883 1303 etin

2374 1337 2538 1390 rebus
2564 1337 2713 1406 ipsis.
2743 1337 2811 1389 At
2839 1352 3011 1407 neque
3040 1350 3142 1389 nox
3168 1343 3251 1390 est
3269 1335 3573 1402 accusanda,
3598 1352 3747 1406 neque
3768 1348 3883 1394 tene-

2376 1429 2507 1495 bras,
2532 1445 2704 1499 neque
2729 1430 2945 1483 omnino
2972 1429 3202 1483 servitus
3226 1437 3279 1483 et
3302 1428 3593 1494 Captivitas.
3616 1429 3734 1496 Quid
3755 1432 3883 1496 enim,

2375 1536 2578 1590 qttazso,
2607 1520 2730 1573 mali
2762 1519 2956 1574 habent
2982 1519 3259 1574 tenebrae?
3285 1534 3455 1573 nonne
3478 1530 3595 1574 sunt
3621 1534 3646 1572 a
3670 1520 3887 1576 laboribus

2376 1613 2673 1668 relaxatio?
2706 1628 2883 1667 nonne
2931 1613 3177 1667 remissio
3220 1613 3503 1667 curarum?
3532 1627 3691 1667 nonne
3728 1612 3886 1667 doloris

2373 1706 2786 1760 exterminatio?
2812 1721 2988 1760 nonne
3014 1706 3203 1760 virium
3236 1706 3506 1760 accessio?
3530 1706 3668 1771 Quod
3702 1706 3740 1759 si
3770 1714 3885 1760 tene-

2375 1799 2484 1854 brsc
2526 1814 2632 1854 non
2681 1799 2899 1854 fuissent
2938 1808 2994 1854 et
3032 1814 3138 1854 nox
3162 1840 3176 1861 ,
3219 1797 3426 1869 quando
3450 1796 3565 1853 luce
3608 1798 3739 1867 potiti
3771 1813 3885 1852 esse-

2374 1891 2534 1948 mus?
2578 1908 2753 1948 nonne
2795 1901 3104 1962 corruptum
3151 1891 3337 1948 fuisset
3375 1901 3527 1962 atque
3568 1890 3883 1959 interemptum

2374 1984 2476 2040 hoc
2513 1986 2709 2040 animal
2750 1984 2956 2039 homo?
2996 1984 3063 2040 Ut
3089 1992 3267 2038 autem
3294 1982 3536 2057 videntur
3570 1981 3758 2051 quidem
3790 1981 3887 2036 insi-

2376 2076 2639 2147 pientibus
2677 2077 2907 2131 tenebrae
2935 2076 3130 2129 malum
3158 2089 3279 2130 esse
3304 2073 3541 2145 quiddam
3565 2115 3579 2139 ,
3606 2071 3787 2128 tametsi
3809 2086 3887 2126 non

2373 2177 2530 2235 sunt,
2562 2184 2744 2224 verum
2791 2167 2855 2222 ad
2886 2167 3054 2238 ipsam
3084 2166 3226 2222 diem
3258 2167 3408 2221 nobis
3447 2173 3564 2221 sunt
3582 2167 3701 2220 'usui
3723 2205 3737 2231 ,
3773 2175 3816 2218 et
3838 2164 3886 2217 ad

2373 2275 2557 2331 opera,
2581 2276 2697 2331 qua:
2727 2261 2779 2314 in
2806 2261 2915 2329 ipsa
2937 2260 3276 2329 suscipimus,
3300 2259 3472 2328 quiete
3491 2266 3732 2313 recreatos
3750 2255 3887 2311 reddit

2374 2355 2607 2424 aptiores
2633 2370 2647 2407 :
2672 2355 2741 2407 ita
2764 2368 2936 2423 neque
2964 2354 3159 2408 malum
3186 2352 3314 2423 quid
3342 2360 3421 2407 est
3444 2351 3714 2420 captivitas,
3734 2349 3790 2403 de
3810 2362 3887 2416 qua

2371 2446 2671 2501 disserebat
2697 2446 2952 2516 propheta
2983 2460 3101 2500 cum
3139 2445 3341 2501 diceret
3366 2486 3381 2510 ,
3414 2443 3618 2498 Faciem
3655 2459 3831 2513 pacem,
3855 2450 3888 2491 et

2372 2553 2548 2591 creans
2576 2537 2712 2591 mala
2746 2553 2765 2591 :
2797 2538 2890 2593 sed
2930 2552 3017 2592 res
3046 2537 3225 2592 utilior
3250 2546 3337 2592 est
3363 2536 3426 2592 iis
3453 2537 3539 2606 qui
3566 2544 3619 2590 ut
3644 2528 3820 2605 oportet
3839 2547 3884 2587 ea

2373 2631 2571 2687 fuerint
2596 2633 2672 2686 usi
2695 2651 2707 2686 :
2731 2632 3169 2703 tcmperantiores
3194 2642 3378 2686 autem
3404 2645 3466 2685 ac
3486 2628 3800 2685 modestiores
3816 2640 3889 2680 eos

2373 2722 2568 2786 efﬁcit,
2595 2722 2721 2777 dum
2753 2723 3104 2792 arrogantiam
3137 2720 3398 2777 retundit.

2456 2815 2624 2871 Virtus
2655 2833 2755 2870 non
2781 2828 2942 2887 potest
2972 2818 3023 2870 in
3059 2818 3347 2871 servitutem
3376 2815 3549 2886 redigi.
3578 2844 3643 2854 —
3662 2810 3759 2866 Non
3781 2810 3889 2864 enim

2374 2910 2426 2964 in
2457 2912 2764 2965 servitutem
2795 2910 2960 2980 redigi
3002 2917 3174 2978 potest
3199 2911 3373 2965 virtus
3398 2952 3411 2974 ,
3443 2922 3605 2976 neque
3630 2905 3690 2960 ab
3711 2904 3800 2958 ullo
3820 2918 3889 2955 su-

2375 3002 2571 3071 perari,
2602 3017 2705 3056 non
2733 3017 2764 3056 a
2793 3003 3066 3067 servitute,
3096 3018 3199 3055 non
3227 3016 3257 3056 a
3293 3001 3605 3071 captivitate,
3633 3014 3723 3052 non
3749 3014 3773 3050 a
3794 3011 3891 3065 pau-

2375 3105 2579 3165 pertate
2600 3138 2615 3163 ,
2649 3110 2751 3149 non
2783 3094 2850 3149 ab
2880 3095 2991 3162 ipsa
3022 3104 3226 3161 morte,
3259 3111 3381 3166 qua:
3397 3094 3630 3149 omnium
3655 3096 3726 3146 est
3750 3098 3892 3156 poten-

2373 3188 2596 3243 tissima.
2642 3188 2939 3245 Ostendunt
2976 3188 3028 3243 id
3067 3202 3255 3243 omnes
3286 3230 3300 3253 ,
3337 3187 3425 3258 qui
3465 3185 3575 3240 haec
3613 3182 3765 3239 omnia
3798 3188 3894 3233 sunt

2373 3282 2648 3351 perpessi,
2695 3289 2747 3335 et
2775 3296 2958 3335 eorum
2996 3296 3154 3351 opera
3184 3280 3446 3335 clariores
3476 3285 3748 3333 evaserunt.
3787 3270 3893 3342 Quid

2373 3373 2513 3426 enim
2542 3371 2775 3443 Joseplio
2800 3374 3029 3427 servitus
3058 3373 3279 3427 nocuit?
3312 3372 3463 3443 (nihil
3488 3371 3621 3425 enim
3646 3377 3767 3423 vetat
3789 3378 3894 3435 quo-

2375 3464 2550 3517 minus
2580 3463 2824 3518 eumdem
2849 3465 3020 3518 virum
3049 3464 3239 3519 iterum
3273 3464 3326 3520 in
3353 3464 3578 3518 medium
3603 3456 3893 3521 adducamus)

2373 3552 2497 3624 quid
2546 3562 2720 3607 autem
2766 3553 3015 3608 vincula?
3057 3553 3182 3624 quid
3223 3554 3467 3610 catenae?
3494 3552 3612 3623 quid
3646 3548 3893 3606 calumnia?

2373 3646 2499 3715 quid
2539 3647 2782 3701 insidiae?
2823 3648 2947 3718 quid
2992 3648 3043 3702 in
3089 3649 3261 3704 aliena
3314 3651 3528 3720 regione
3567 3639 3894 3701 commoratio?

2373 3739 2508 3805 Quid
2534 3738 2729 3794 Jobum
2767 3739 2902 3794 laesit
2929 3747 3295 3796 armentorum
3327 3756 3390 3796 ac
3416 3754 3625 3812 gregum
3664 3734 3895 3796 interitus,

2375 3830 2609 3884 violenta
2633 3839 2688 3886 et
2708 3830 2986 3886 immatura
3014 3848 3159 3887 mors
3185 3832 3499 3898 liberorum,
3525 3833 3663 3903 plaga
3682 3825 3895 3896 corporis,

2374 3923 2634 3977 vermium
2678 3922 2849 3978 fontes
2870 3964 2885 3988 ,
2918 3923 3071 3977 dolor
3100 3923 3449 3979 intolerabilis
3467 3965 3483 3991 ,
3515 3924 3568 3978 in
3595 3921 3708 3976 fimo
3730 3917 3897 3977 sessim

2376 4015 2557 4069 uxoris
2586 4014 2812 4081 insidize,
2840 4016 3131 4070 amicorum
3156 4018 3469 4087 opprobria,
3491 4014 3781 4070 famulorum
3802 4022 3899 4063 eon-

2374 4106 2552 4159 vicia?
2594 4105 2729 4175 Quid
2768 4121 2897 4161 vero
2920 4105 3126 4161 Lazaro
3168 4109 3386 4175 nocuit,
3428 4106 3567 4179 quod
3604 4106 3653 4160 in
3689 4098 3903 4157 vestibulo

2372 4198 2576 4269 jaceret
2619 4208 2671 4253 et
2716 4214 2904 4253 canum
2951 4200 3142 4269 linguis
3190 4200 3525 4271 lingeretur?
3566 4197 3679 4269 quid
3720 4189 3903 4248 laadebat

2376 4293 2623 4347 continua
2654 4290 2858 4348 fames?
2904 4292 3031 4363 quid
3059 4294 3237 4349 divitis
3278 4304 3609 4363 contemptus
3632 4334 3644 4357 ,
3680 4288 3868 4343 vulnera
3889 4323 3903 4347 ,

2376 4385 2738 4441 intolerandus
2761 4386 3015 4441 morbus?
3040 4388 3163 4458 quid
3191 4390 3333 4459 quod
3361 4389 3601 4444 desertus
3619 4384 3680 4438 ah
3702 4380 3903 4435 omnibus

2377 4486 2519 4532 esset
2545 4478 2635 4547 qui
2676 4479 2868 4548 juvare
2897 4487 3146 4547 possent,
3180 4479 3324 4551 quod
3361 4480 3429 4535 ab
3459 4480 3522 4534 iis
3544 4520 3559 4545 ,
3588 4475 3672 4548 qui
3708 4466 3904 4527 auxiliari

2379 4577 2633 4637 possent,
2660 4570 3131 4625 contemneretur?
3169 4570 3305 4639 Quid
3352 4571 3517 4626 Paulo
3546 4570 3816 4623 nocuerunt
3840 4560 3904 4613 ills

2377 4658 2637 4712 malorum
2676 4660 2918 4715 examina
2944 4700 2959 4722 ,
2984 4675 3228 4717 carceres
3251 4703 3267 4726 ,
3299 4660 3644 4717 abductiones
3665 4700 3679 4724 ,
3707 4660 3902 4714 mortesi

2376 4750 2771 4806 submersiones
2810 4765 2874 4806 ac
2907 4751 3122 4822 reliqum
3146 4750 3461 4808 afﬂictiones
3486 4793 3500 4816 ,
3522 4763 3655 4819 quas
3676 4758 3816 4801 nemo
3839 4756 3902 4811 ll0

2379 4846 2504 4900 terit
2551 4846 2789 4899 oratione
2834 4844 3165 4900 numerando
3205 4843 3568 4915 percensere?
3609 4842 3724 4895 llazc
3766 4832 3901 4890 omni:

2377 4936 2791 5004 considerantes,
2815 4937 3067 4992 malitiam
3091 4936 3370 5008 fugiamus,
3394 4938 3642 4992 virtutem
3658 4941 3890 4987 sectemur

2379 5037 2433 5086 et
2455 5043 2687 5094 oremus,
2712 5044 2779 5083 ne
2801 5028 2854 5082 in
2876 5028 3220 5083 tentationem
3245 5030 3507 5083 intremus
3531 5045 3545 5082 :
3567 5023 3700 5097 quod
3722 5021 3761 5076 si
3781 5032 3902 5089 Quali

2379 5119 2451 5176 do
2475 5117 2813 5173 inciderimus
2835 5158 2851 5183 ,
2879 5133 2948 5174 ne
2972 5134 3112 5188 aegre
3137 5118 3389 5183 feramus,
3423 5131 3561 5174 neve
3586 5115 3887 5184 indignemur

2379 5208 2641 5281 siquidem
2669 5223 2820 5265 arma
2846 5211 3054 5266 virtutis
3095 5210 3210 5267 haec
3238 5222 3359 5266 sunt
3391 5211 3489 5273 iis,
3534 5209 3621 5278 qui
3657 5215 3711 5258 ut
3744 5208 3900 5273 oporte

2380 5305 2465 5361 usi
2505 5301 2740 5368 fuerint,
2783 5312 2839 5359 et
2876 5301 3068 5357 horum
3110 5304 3347 5357 omnium
3394 5316 3558 5372 Opera
3598 5295 3900 5355 celebritatem

2383 5400 2535 5455 nobis
2562 5400 2852 5471 poterimus
2877 5413 3189 5468 comparare
3213 5440 3226 5464 ,
3269 5400 3310 5453 si
3338 5398 3523 5467 vigiles
3552 5406 3605 5449 et
3629 5387 3805 5447 attenti
3829 5383 3899 5437 lue

2383 5494 2549 5548 rimus
2569 5534 2585 5560 ,
2616 5507 2679 5547 ac
2707 5492 2859 5547 bonis
2885 5490 3081 5563 perfrui
3110 5492 3450 5563 sempiternis
3478 5508 3492 5544 :
3523 5504 3643 5560 quae
3670 5483 3815 5541 nobis
3839 5476 3899 5533 uti

2385 5599 2505 5638 nam
2543 5583 2851 5655 contingant
2887 5584 3183 5644 universis,
3226 5584 3277 5639 in
3316 5582 3535 5637 Christo
3572 5580 3697 5635 Jesu
3732 5570 3897 5630 00min

2384 5685 2587 5744 nostro,
2614 5675 2696 5731 cui
2722 5675 2889 5747 gloria
2919 5676 2970 5731 in
3001 5675 3192 5732 secula
3218 5674 3557 5731 saeculorum.
3592 5676 3776 5727 Amen.
