4102 6306
231 281 311 337 151
845 279 914 335 IN
947 278 1153 335 ILLUD
1184 277 1412 343 ISAIE,
1446 274 1583 333 EGO
1624 272 1931 332 DOMINUS
1968 271 2146 330 DEUS
2177 268 2332 327 FECI
2370 267 2631 334 LUMEN,
2666 264 2819 322 ETC.

227 394 351 451 εἶναι
368 398 480 459 τοῖς
496 395 728 461 πολλοις,
752 397 1149 468 αἰχμαλωσίας,
1171 396 1439 465 δουλείας,
1458 393 1780 464 ἀπαγωγῆς.

228 483 371 543 Τίνος
391 480 448 532 δὲ
477 478 663 533 ἕνεκεν
690 479 867 534 ταῦτα
899 483 1133 553 είρηται,
1167 482 1462 549 ἀναγκαῖον
1492 480 1682 531 εἰπεῖν.

290 563 667 634 Φιλάνθρωπος
696 562 775 617 ὣν
806 565 834 617 6
861 564 1011 627 Θεὸς,
1047 563 1143 617 καὶ
1174 564 1304 633 περὶ
1330 564 1390 615 τὸ
1422 561 1591 615 ἐλεεῖν
1635 559 1782 624 ὀξὺς,

228 650 352 716 πρὸς
386 649 442 700 δὲ
480 647 542 699 τὸ
582 647 941 717 τιμωρεῖσθαι
986 648 1077 700 καὶ
1121 647 1369 710 κολάζειν
1402 645 1782 715 ἀναδυόμενος,

229 730 367 801 [[55]
386 731 529 783 ὥστε
553 731 626 801 μὴ
648 732 776 794 τοὺς
810 730 1090 794 Ἰουδαίους
1117 729 1451 801 παραδοῦναι
1474 728 1782 798 τιμωρίαις,

229 815 503 884 προφήτας
533 813 771 882 έπεμψε,
802 814 982 881 φοϐῶν
1007 814 1204 875 αὐτοὺς
1234 812 1321 865 διά
1353 811 1462 865 τῶν
1500 811 1784 883 ῥημάτων,

228 896 355 948 ὥστε
392 896 469 966 μὴ
499 894 727 949 κολάσαι
756 894 843 949 διὰ
869 896 979 948 τῶν
1006 894 1367 966 πραγμάτων,
1402 895 1541 966 ὅπερ
1566 893 1660 947 καὶ
1692 892 1787 945 ἐπὶ

225 980 324 1031 τῶν
351 979 649 1031 Νινευιτῶν
685 978 879 1033 ἐποίει.
914 979 1024 1033 Καὶ
1060 978 1168 1050 γὰρ
1198 981 1314 1033 ἐκεῖ
1343 978 1464 1031 τότε
1491 978 1591 1049 τὴν
1633 976 1786 1030 πόλιν

227 1063 589 1131 καταστρέψαι
616 1062 1043 1132 ήπείλησεν,ούχ
1060 1062 1144 1116 ἵνα
1167 1061 1538 1131 καταστρέψῃ,
1562 1059 1677 1113 ἀλλ’
1700 1060 1787 1113 ἵνα

230 1146 295 1215 μὴ
321 1145 711 1215 καταστρέψῃ·
741 1147 879 1215 ὅπερ
918 1142 1011 1200 οὖν
1038 1147 1130 1200 καὶ
1155 1146 1389 1213 ἐγένετο.
1408 1144 1577 1197 Τοῦτο
1600 1143 1663 1213 δὴ
1695 1143 1787 1195 καὶ

225 1230 332 1281 τότε
362 1229 625 1299 ἔπραττε,
659 1229 758 1282 καὶ
786 1232 1067 1301 προφήτας
1091 1228 1360 1299 ἔπεμπεν,
1382 1227 1621 1282 ἀπειλῶν
1654 1226 1787 1296 βαρ-

223 1310 394 1380 ϐάρων
443 1310 657 1379 ἔφοδον,
709 1312 1017 1383 πολέμους,
1073 1311 1473 1382 αἰχμαλωσίας,
1523 1310 1784 1374 δουλείας,

227 1396 544 1463 ἀπαγωγὴν,
582 1395 681 1464 τὴν
701 1396 759 1447 ἐν
786 1395 1043 1465 ἀλλοτρία
1070 1394 1369 1465 διατριϐήν.
1407 1394 1517 1447 Καὶ
1537 1392 1787 1463 καθάπερ

226 1480 396 1548 πατὴρ
424 1478 783 1549 φιλόστοργος
811 1480 978 1534 παῖδα
1007 1479 1305 1533 ἀκόλαστον
1322 1478 1462 1549 έχων
1493 1479 1587 1533 καὶ
1621 1478 1787 1549 ῥᾴθυ-

227 1579 337 1633 μον,
384 1564 725 1630 σωφρονίσαι
755 1563 942 1625 θέλων,
980 1564 1205 1633 ἱμάντας
1242 1562 1507 1633 ἐπιζητεῖ.
1544 1561 1788 1631 σχοίνους

223 1645 449 1705 ἀπειλεῖ,
479 1645 656 1712 λέγων
678 1658 692 1672 ·
716 1648 871 1716 Δήσω
890 1684 905 1709 ,
947 1644 1207 1715 μαστίξω,
1254 1645 1554 1715 ἀναιρήσω,
1590 1644 1683 1697 καὶ
1710 1644 1789 1711 γί-

224 1746 364 1780 νεται
395 1731 454 1780 ἐν
471 1730 586 1790 τοῖς
612 1730 818 1799 ῥήμασι
848 1728 1096 1800 φοϐερὸς,
1118 1728 1258 1781 ὥστε
1278 1726 1448 1798 ταύτῃ
1470 1728 1567 1795 τὴν
1592 1726 1789 1780 κακίαν

219 1811 530 1864 ἀναστεῖλαι
546 1810 639 1863 τοῦ
656 1812 773 1865 νέου
796 1828 808 1840 ·
836 1810 977 1863 οὕτω
999 1810 1061 1881 δὴ
1091 1811 1184 1864 καὶ
1213 1813 1241 1865 6
1269 1810 1400 1873 Θεὸς
1427 1809 1636 1879 ἠπείλει
1662 1826 1790 1861 συν-

220 1894 375 1963 εχῶς,
406 1894 488 1963 τῷ
541 1894 692 1962 φόϐῳ
718 1894 940 1964 ποιῆσαι
968 1893 1206 1963 βελτίους
1232 1893 1572 1963 βουλόμενος.
1604 1892 1791 1945 Ταῦτα

217 1978 357 2047 ὀρῶν
390 1979 420 2029 6
445 1976 717 2039 διάϐολος,
759 1977 851 2029 καὶ
884 1976 1201 2046 βουλόμενος
1225 1975 1451 2029 ἐκλῦσαι
1478 1974 1574 2045 τὴν
1602 1975 1665 2026 ἐκ
1692 1973 1791 2043 τῆς
1830 1986 1835 1991 ’

217 2061 471 2131 τοιαύτης
505 2060 739 2130 ἀπειλῆς
769 2060 1053 2131 διόρθωσιν
1083 2058 1393 2129 γινομένην,
1423 2058 1631 2128 καθῆκε
1658 2056 1793 2126 ψευ-

217 2143 584 2214 δοπροφήτας,
621 2144 713 2196 καὶ
743 2142 849 2194 τῶν
882 2142 1175 2213 προφητῶν
1196 2140 1557 2194 ἀπειλούντων
1588 2141 1790 2209 αἰχμα-

217 2225 438 2291 λωσίαν,
475 2225 573 2278 καὶ
596 2224 861 2289 δουλείαν,
892 2226 987 2279 καὶ
1014 2225 1224 2295 λιμοὺς,
1253 2226 1448 2278 ἐκεῖνοι
1473 2223 1541 2276 τά
1574 2222 1794 2276 ἐναντία

216 2309 417 2377 ἔλεγον,
453 2309 703 2379 εἰρήνην,
729 2309 1035 2380 εὐετηρίαν,
1058 2309 1152 2362 καὶ
1184 2309 1393 2379 μυρίων
1419 2306 1635 2375 ἀγαθῶν
1660 2305 1795 2358 ἀπό-

218 2393 422 2446 λαυσιν.
459 2392 556 2444 Διὸ
580 2392 677 2445 καὶ
710 2392 1056 2457 ὀνειδίζοντες
1083 2392 1263 2455 αὐτοῖς
1291 2392 1341 2444 οἰ
1370 2392 1644 2461 προφῆται
1673 2389 1791 2442 ἐλε-

218 2491 305 2540 γδν
327 2493 341 2505 ·
375 2475 634 2544 Εἰρήνη,
670 2474 909 2543 εἰρήνη·
936 2475 1034 2527 καί
1057 2475 1174 2530 ποῦ
1205 2475 1380 2527 ἐστιν
1402 2473 1653 2542 εἰρήνης
1685 2473 1795 2525 Καὶ

214 2560 323 2611 ὅσοι
352 2558 464 2611 τῶν
497 2557 824 2627 φιλολόγων,
870 2559 1025 2611 τοῦτο
1061 2560 1260 2620 ἴσασιν,
1294 2558 1370 2620 ώς
1403 2558 1619 2612 ἅπαντα
1655 2572 1793 2625 κρα-

217 2646 321 2694 τείν
350 2646 398 2707 ⁸,
430 2643 468 2695 ἀ
500 2644 615 2705 τοῖς
661 2646 967 2713 προφήταις
1011 2643 1147 2714 πρὸς
1175 2644 1302 2706 τοὺς
1345 2640 1796 2712 ψευδοπροφήτας

216 2726 483 2791 ἐγένοντο,
518 2724 815 2789 ἐκλύοντας
844 2725 934 2778 τοῦ
961 2726 1090 2779 λαοῦ
1113 2727 1209 2796 τὴν
1238 2725 1493 2797 σπουδήν.
1534 2724 1684 2777 Ἐπεὶ
1702 2719 1797 2776 οὖν

212 2804 384 2866 οὕτως
417 2803 712 2869 ἐκλύοντες
754 2804 1065 2875 διέφθειραν
1091 2806 1181 2858 τὸν
1209 2805 1356 2869 λαὸν,
1391 2804 1557 2873 φησὶν
1596 2803 1626 2855 6
1664 2802 1797 2865 Θεὸς

212 2887 299 2941 διὰ
322 2888 429 2941 τῶν
451 2887 753 2957 προφητῶν
771 2905 783 2917 ⁸
817 2886 964 2956 Ἐγὼ
984 2890 1016 2941 ό
1033 2888 1173 2952 Θεὸς
1195 2887 1379 2940 ποιῶν
1396 2886 1663 2955 εἰρήνην,
1694 2883 1795 2938 καί

218 2971 425 3031 κτίζων
445 2971 625 3025 κακὰ.
667 2971 777 3024 Καὶ
811 2973 937 3022 ποῖα
968 2970 1141 3036 κακά;
1173 2970 1361 3023 Ταῦτα
1407 2971 1475 3023 τὰ
1509 2968 1792 3040 εἰρημένα,

216 3054 620 3123 αἰχμαλωσίαν,
643 3054 903 3118 δουλείαν,
928 3056 1022 3107 καὶ
1040 3056 1140 3108 ὅσα
1159 3053 1381 3107 τοιαῦτα
1404 3070 1416 3083 ο
1434 3054 1497 3106 οὐ
1516 3053 1792 3125 πορνείαν,

216 3138 312 3190 καὶ
350 3137 671 3206 ἀσέλγειαν,
707 3139 801 3191 καὶ
832 3136 1167 3203 πλεονεξίαν,
1196 3137 1316 3190 οὺδέ
1336 3135 1464 3190 ἀλλο
1491 3135 1598 3189 τῶν
1622 3135 1795 3188 τοιού-

220 3238 325 3272 των
346 3222 527 3275 οὐδέν.
569 3221 671 3273 Διά
710 3220 867 3274 τοῦτο
896 3221 992 3274 καὶ
1019 3223 1047 3274 6
1083 3222 1268 3291 ἐτερος
1293 3221 1575 3291 προφήτης
1601 3217 1790 3283 εἰπὼν,

220 3304 290 3355 εἰ
326 3303 462 3356 ἐστι
494 3303 678 3357 κακία
710 3304 783 3357 ἐν
807 3306 1002 3369 πόλει,
1032 3302 1111 3372 ἣν
1138 3305 1353 3372 Κύριος
1381 3306 1491 3358 οὐκ
1524 3302 1794 3369 ἐποίησε,

215 3386 425 3456 ταύτην
455 3387 608 3455 λέγει
640 3387 738 3459 τὴν
774 3389 991 3450 κακίαν,
1044 3389 1169 3451 τοὺς
1193 3388 1403 3457 λιμοὺς,
1451 3388 1549 3449 τὰς
1583 3386 1792 3450 νόσους.

214 3470 319 3532 τὰς
353 3470 652 3541 θεηλάτους
699 3470 935 3540 πληγάς.
977 3470 1132 3524 Οὕτω
1180 3472 1274 3524 καὶ
1303 3471 1333 3523 6
1377 3470 1628 3541 Χριστὸς,
1666 3470 1794 3523 ὅταν

217 3552 384 3621 λέγῃ.
437 3554 703 3620 ’Δρκετὸν
742 3553 819 3622 τῇ
870 3554 1057 3624 ἡμέρᾳ
1105 3556 1144 3623 ἠ
1186 3554 1364 3607 κακία
1419 3551 1626 3623 αὐτῆς,
1669 3552 1796 3616 τοὺς

220 3635 488 3705 ἱδρῶτας,
518 3641 605 3689 τον
633 3638 848 3708 μόχθον,
878 3638 977 3710 τὴν
1007 3636 1379 3708 ταλαιπωρίαν
1405 3634 1556 3707 φησί.

298 3717 370 3782 ς’.
405 3718 573 3771 Τοῦτο
591 3717 681 3773 οὖν
701 3738 866 3789 φησιν
887 3723 915 3773 6
937 3723 1218 3791 προφήτης
1238 3739 1251 3752 ·
1270 3719 1361 3792 Μή
1379 3719 1521 3790 ὑμᾶς
1538 3716 1797 3772 ἐκλυέτω·

222 3818 327 3854 σαν
362 3803 415 3853 οἰ
435 3803 876 3875 ψευδοπροφῆται
897 3820 911 3835 ·
934 3805 962 3856 6
983 3805 1090 3875 γὰρ
1108 3804 1240 3867 Θεὸς
1263 3804 1392 3874 ὑμῖν
1421 3803 1644 3874 εἰρήνην
1672 3801 1795 3854 δοῦ-

222 3903 310 3974 ναι
377 3886 598 3974 δύναται
618 3930 633 3951 ,
660 3890 784 3968 ,καὶ
817 3887 1177 3974 ,αἰχμαλωσίςξ
1217 3886 1584 3974 παραδοῦναι·
1604 3901 1797 3974 luam:

226 3958 395 4016 ἐστιν,
447 3958 502 4010 Ὀ
546 3957 736 4012 ποιῶν
778 3956 1045 4026 εἰρήνην,
1082 3956 1181 4011 καί
1226 3956 1433 4018 κτίζων
1474 3958 1647 4010 κακά.
1686 3956 1798 4008 Καὶ

228 4040 312 4093 ἶνα
344 4040 523 4115 μάθῃς
551 4044 633 4096 ὅτι
659 4043 819 4095 τοῦτό
849 4046 995 4096 ἐστιν
1031 4042 1247 4115 ἀληθὲς.
1283 4041 1451 4105 αύτάς
1480 4041 1580 4105 τάς
1623 4039 1798 4106 λέξεις

235 4121 613 4196 βασανίσωμεν
640 4126 780 4195 μετά
820 4126 1122 4197 ἀκριϐείας.
1166 4124 1349 4178 Εἰπὼν
1376 4123 1486 4196 γὰρ
1508 4120 1798 4191 amcam

234 4207 343 4272 εἰμι
383 4210 416 4260 ό
446 4208 711 4276 ποιήσας
755 4208 881 4277 φῶς
933 4209 1029 4261 καί
1069 4210 1309 4275 σκότος,
1349 4208 1471 4261 τότε
1524 4207 1797 4277 ἐπήγαγε,

244 4288 425 4343 Ποιῶν
442 4290 715 4359 εἰρήνην,
747 4291 847 4345 καί
874 4291 1082 4351 κτίζων
1111 4292 1287 4345 κακά.
1322 4290 1425 4344 Δύο
1450 4290 1667 4343 ἐναντία
1685 4289 1799 4342 ἀνω

243 4372 456 4437 τέθεικε,
496 4375 593 4427 καὶ⁸
622 4373 717 4429 δύο
741 4376 960 4428 ἐναντία
1004 4375 1142 4446 μετά
1169 4375 1361 4441 ταῦτα,
1386 4374 1473 4427 ἵνα
1507 4373 1686 4444 μάθῃς
1715 4373 1799 4425 ὅτι

249 4458 301 4507 οὐ
319 4461 440 4530 περὶ
457 4461 717 4530 πορνείας
742 4460 914 4528 λέγει,
944 4460 1081 4514 ἀλλά
1100 4460 1231 4532 περί
1260 4457 1576 4530 συμφορῶν.
1600 4457 1666 4509 Τί
1690 4455 1800 4527 γὰρ

256 4540 717 4597 ἀντιδιαστέλλεται
730 4547 798 4616 τῇ
824 4546 1021 4619 εἰρήνῃ
1041 4563 1056 4609 ;
1074 4543 1306 4616 Εὔδηλον
1331 4545 1411 4596 ὅτι
1430 4540 1797 4612 αἰχμαλωσία,

258 4624 343 4676 οὒκ
372 4625 641 4697 ἀσέλγεια,
676 4628 799 4682 οὑδέ
828 4628 1083 4699 πορνεία,
1110 4627 1229 4680 οὐδὲ
1254 4625 1554 4691 πλεονεξία.
1588 4624 1801 4695 ’Ὥσπερ

262 4702 338 4759 οὖν
364 4712 605 4785 ἀνωτέρω
637 4713 861 4768 ἐναντία
894 4710 994 4765 δύο
1023 4711 1284 4775 τέθεικεν,
1313 4708 1456 4765 οὕτω
1501 4708 1567 4780 δὴ
1589 4709 1683 4763 καὶ
1712 4710 1802 4762 ἐν-

312 4862 619 4934 ’,Ὥςᾶπαπα
655 4870 886 4934 κρατεῖν.-
904 4865 1032 4915 Hac
1050 4865 1163 4934 jure.
1192 4866 1357 4934 yiuala
1398 4864 1629 4934 videntur
1649 4864 1799 4934 Savil.

263 4921 340 4973 Sed
358 4931 445 4978 tale
466 4933 629 4981 vitium
656 4921 751 4983 εει.
779 4937 837 4981 ιιι
870 4921 1130 4978 ἱηωεεῐιω
1152 4927 1337 4978 laboret
1363 4929 1449 4990 qui
1472 4939 1537 4976 ex
1556 4926 1803 4987 conjectu-

262 4996 302 5034 ra
317 5000 448 5040 εοωω
462 4993 723 5045 restituam
747 4990 1058 5044 mutaverit.

515 5845 802 5903 ιἠιιοι..
859 5837 919 5896 G
934 5854 977 5893 ν.
992 5877 1010 5890 .
1058 5834 1200 5895 LVI.

3351 261 3453 315 152

1883 389 2059 446 ταῦθα
2082 409 2097 423 ⁸
2126 390 2365 444 ἐναντίον
2395 387 2452 441 δὲ
2476 390 2543 458 τῇ
2571 387 2761 457 εἰρήνῃ
2795 383 2857 437 ού
2904 379 3149 454 πορνεία,
3179 377 3301 431 οὐδέ
3342 394 3458 450 μοι.

1886 476 2028 545 χεία,
2058 474 2178 527 οὐδὲ
2201 473 2475 541 ἀσέλγεια,
2505 468 2653 541 [156]
2681 468 2801 521 οὐδὲ
2824 468 2878 520 αἱ
2899 464 3085 518 λοιπαὶ
3104 462 3315 526 κακίαι,
3345 463 3460 515 ἀλλ’

1884 554 2229 628 αἰχμαλωσία
2272 555 2367 608 καὶ
2411 553 2645 607 δουλεία.
2694 550 2834 602 Ἀλλ’
2871 550 3008 619 ὅπερ
3040 549 3131 599 ἐπὶ
3170 546 3279 598 τῶν
3318 561 3462 596 στοι-

1885 640 2046 710 χείων
2108 639 2399 708 πάσχουσι,
2451 635 2611 690 τοῦτο
2656 633 2751 687 καὶ
2796 633 2889 686 ἐπί
2927 632 3037 684 τῶν
3097 628 3459 699 πραγμάτων.

1887 719 2012 776 υἷόν
2048 740 2101 775 τι
2134 722 2303 791 λέγω·
2332 720 2521 792 ῶσπερ
2560 719 2783 789 ἐποίησε
2827 715 2942 784 φῶς
2980 716 3073 767 καὶ
3108 713 3320 774 σκότος,
3366 711 3461 763 καὶ

1887 806 2101 871 πολλοῖς
2143 806 2205 860 τὸ
2233 806 2333 877 μὲν
2375 804 2492 873 φῶς
2535 803 2635 874 ἡδὺ
2675 802 2821 855 δοκεῖ
2860 795 3021 861 εἰναι,
3065 798 3127 850 τὸ
3167 796 3225 850 δὲ
3271 795 3462 857 σκότος

1886 890 2141 961 ἐπαχθὲς,
2197 889 2291 943 καί⁸
2334 884 2680 942 διαϐάλλουσι
2721 883 2821 954 τὴν
2873 882 3041 936 νύκτα
3085 880 3161 944 ὡς
3216 877 3461 948 πονηράν

1886 991 2011 1028 τινα
2044 970 2239 1027 οὖσαν
2276 970 2419 1025 οὕτω
2446 971 2503 1025 δὲ
2527 971 2623 1023 καὶ
2652 967 2877 1022 ἐπὶτῶν
2908 964 3276 1037 πραγμάτων.
3319 961 3460 1014 Ἀλλ’

1886 1064 2011 1120 οὔτε
2049 1065 2150 1137 τὴν
2206 1063 2377 1119 νύκτα
2413 1060 2748 1132 διαϐλητέον.
2801 1058 2921 1114 οὐδὲ
2979 1057 3040 1111 τὸ
3086 1056 3298 1117 σκότος,
3341 1054 3463 1106 οὐδὲ

1886 1148 2073 1214 ἁπλῶς
2098 1149 2198 1219 τὴν
2227 1146 2490 1208 δουλείαν,
2516 1145 2611 1198 καὶ
2657 1142 2757 1214 τὴν
2783 1139 3179 1212 αἰχμαλωσίαν.
3226 1137 3292 1190 Τί
3329 1138 3459 1206 γὰρ,

1887 1234 2008 1287 εἰπέ
2054 1250 2163 1304 μοι,
2195 1231 2399 1302 φαῦλον
2436 1230 2547 1300 ἔχει
2586 1228 2648 1281 τὸ
2688 1225 2913 1291 σκότος;
2942 1225 3067 1295 οὐχὶ
3108 1223 3286 1276 πόνων
3314 1221 3463 1304 ἐστὶν

1886 1303 2223 1379 ἀνάπάυσιςς
2253 1316 2374 1385 ούχί
2409 1313 2703 1385 φροντίδων
2722 1310 2933 1375 ἀνεσις;
2970 1308 3089 1377 ούχλ⁵
3109 1306 3283 1375 λύπης
3314 1303 3463 1385 ἀναί-

1891 1416 2069 1470 ρεσιςς
2099 1398 2218 1469 οὐχὶ
2266 1383 2463 1468 ἰσχύος
2484 1395 2801 1465 προσθήκη;
2843 1393 2905 1446 Εἰ
2948 1393 3004 1445 δὲ
3061 1390 3135 1461 μὴ
3170 1390 3360 1451 σκότος
3394 1383 3461 1458 ἦν

1887 1484 1982 1537 καὶ
2009 1482 2128 1547 νὺξ,
2164 1482 2293 1535 πότε
2340 1481 2406 1535 ἀν
2438 1478 2826 1548 ἀπελαύσαμεν
2861 1475 2955 1529 τοῦ
3004 1474 3218 1542 φωτόςς
3273 1474 3373 1525 ούκ
3398 1471 3464 1524 ἂν

1889 1564 2149 1635 διεφθάρη
2185 1564 2280 1618 καὶ
2328 1562 2578 1617 ἀπώλετο
2609 1560 2768 1614 τοῦτο
2794 1560 2855 1613 τὸ
2888 1558 3026 1622 ζῶον
3070 1558 3099 1609 6
3145 1554 3463 1635 ἀνθρωποςζ

1890 1631 2103 1717 Ὠσπερ
2134 1631 2191 1701 δέ
2214 1647 2277 1700 τὺ
2310 1646 2499 1705 σκότος
2534 1644 2681 1697 δοκεῖ
2727 1643 2824 1713 μὲν
2863 1644 2975 1704 τοῖς
3021 1641 3268 1710 ἀνοήτοις
3322 1631 3464 1688 εἶναι

1890 1731 2081 1795 κακὸν,
2105 1731 2206 1784 οὐκ
2229 1730 2344 1784 ἐστι
2374 1729 2451 1793 δέ,
2474 1727 2609 1783 ἀλλὰ
2645 1726 2781 1798 πρὸς
2807 1726 2905 1798 τὴν
2939 1724 3149 1795 ἡμέραν
3180 1722 3311 1792 ήμϊν
3337 1736 3465 1772 συν-

1889 1814 2054 1874 τελεῖ,
2088 1812 2179 1867 καὶ
2207 1814 2343 1884 πρὸς
2381 1813 2478 1876 τάς
2507 1810 2764 1882 ἐργασίας
2794 1811 2852 1864 ἐν
2890 1808 3026 1880 αὐτῇ
3064 1806 3191 1868 τοὺς
3225 1805 3467 1857 ἀναπαυ-

1892 1896 2158 1967 σαμένους
2186 1895 2653 1966 ἐπιτηδειοτέρους
2694 1891 3095 1953 κατασκευάζει
3114 1906 3129 1921 ο
3164 1886 3309 1941 οὕτω
3342 1885 3468 1938 οὐδὲ

1891 1979 2237 2050 αἰχμαλωσία
2269 1978 2502 2048 φαῦλον*
2550 1978 2679 2046 περὶ
2715 1971 2783 2047 ἦς
2812 1978 2840 2029 6
2876 1975 3164 2046 προφήτης
3200 1970 3468 2037 διελέγετο

1891 2062 2084 2130 λέγων,
2131 2063 2186 2114 '0
2222 2061 2408 2115 ποιῶν
2432 2059 2703 2129 εἰρήνην,
2735 2055 2832 2111 καί
2881 2055 3091 2117 κτίζων
3117 2052 3273 2109 κακά
3298 2072 3310 2085 ·
3335 2051 3470 2106 ἀλλά

1894 2145 2310 2217 χρησιμώτερον
2334 2146 2445 2207 τοίς
2471 2145 2551 2205 εἰς
2576 2142 2694 2195 δέον
2722 2140 3027 2212 χρωμένοις
3048 2155 3063 2169 ⁸
3099 2134 3471 2217 σωφρονεστέ-

1896 2216 2022 2299 ρους
2047 2228 2103 2281 δὲ
2130 2228 2225 2282 καὶ
2267 2225 2705 2295 ἐπιεικεστέρους
2732 2224 2876 2278 ποιεῖ
2912 2221 3319 2294 περικόπτουσα
3339 2216 3471 2272 ἀπό-

1894 2328 1954 2365 νο
1960 2329 2063 2367 ιαν.

1978 2393 2302 2449 Ἀδούλωτον
2332 2393 2440 2467 γὰρ
2470 2396 2504 2465 ή
2539 2394 2732 2465 ἀρετή,
2777 2390 2871 2445 καὶ
2905 2390 3056 2444 οὐδὲν
3098 2386 3270 2457 αὐτῆς
3312 2402 3469 2457 περι-

1895 2477 2144 2547 γενέσθαι
2166 2476 2366 2530 δύναιτ’
2406 2478 2492 2541 ἂν,
2520 2478 2581 2530 οὐ
2608 2475 2839 2540 δουλεία,
2863 2474 2966 2527 οὑκ
2999 2468 3370 2543 αἰχμαλωσία,
3405 2468 3469 2521 ού

1896 2560 2075 2622 πενία,
2109 2561 2168 2613 ού
2197 2560 2368 2626 νόσος,
2399 2560 2497 2613 οὐκ
2551 2559 2707 2624 αὐτὸ,
2749 2557 2779 2611 6
2817 2556 3034 2610 πάντων
3073 2553 3467 2626 τυραννικώτε·

1899 2662 2011 2717 ρον,
2043 2645 2071 2697 6
2090 2644 2337 2707 θάνατος.
2375 2643 2486 2698 Καὶ
2509 2642 2760 2713 δηλοῦσιν
2788 2641 3027 2704 ἅπαντες
3058 2639 3107 2692 οἰ
3127 2638 3300 2693 ταῦτα
3333 2638 3469 2690 ὑπο-

1901 2727 2178 2798 μείναντες
2203 2725 2439 2789 ἆπαντα,
2475 2727 2567 2779 καὶ
2592 2724 2659 2779 δι’
2683 2724 2862 2777 αὐτῶν
2899 2722 3163 2795 μειζόνως
3207 2719 3471 2791 λάμψαν-

1898 2827 2010 2876 τες.
2034 2808 2099 2863 Τί
2136 2808 2245 2881 γὰρ
2273 2809 2365 2862 τὸν
2409 2808 2608 2881 Ἰωσήφ
2654 2807 2888 2878 ἔϐλαψεν
2933 2807 2965 2877 ή
3008 2804 3254 2861 δουλεία;
3296 2800 3484 2872 (οὐδὲν

1899 2896 2008 2963 γάρ
2037 2892 2235 2947 κωλύει
2265 2893 2425 2946 πάλιν
2459 2892 2551 2945 τδν
2604 2891 2766 2946 αὐτὸν
2797 2890 2965 2962 ἄνδρα
3000 2892 3079 2953 εἰς
3125 2889 3290 2960 μέσον
3329 2888 3468 2953 ἀγα-

1898 2980 2015 3046 γεῖν
2039 2976 2078 3047 ’)
2110 2977 2164 3029 τί
2196 2976 2304 3047 γὰρ
2335 2976 2404 3029 τὰ
2446 2975 2656 3047 δεσμά;
2700 2976 2751 3029 τί
2788 2975 2845 3029 δὲ
2889 2977 2947 3029 αἰ
2982 2974 3198 3036 ἀλύσεις
3223 2988 3237 3036 ;
3266 2970 3318 3023 τί
3353 2970 3410 3022 δὲ
3437 2970 3471 3040 ή

1902 3061 2270 3130 συκοφαντία;
2293 3061 2346 3113 τί
2369 3060 2423 3114 δὲ
2456 3062 2487 3131 ἡ
2512 3059 2770 3128 ἐπιϐουλή
2795 3076 2809 3122 ;
2843 3058 2897 3112 τί
2925 3058 2982 3111 δέ
3005 3059 3038 3130 ή
3062 3058 3155 3111 ἐπὶ
3185 3056 3285 3126 τῆς
3312 3052 3470 3108 ἀλλο-
3566 3088 3569 3091 μ

1901 3145 2054 3215 τρίας
2072 3143 2321 3216 διατριϐή
2343 3160 2357 3206 ;
2385 3143 2450 3195 Τί
2478 3143 2569 3196 τὸν
2606 3142 2777 3213 Ἰὼϐή
2807 3141 2914 3195 τῶν
2939 3139 3230 3212 βουκολίων
3256 3136 3348 3191 καὶ
3363 3135 3474 3189 τῶν

1902 3227 2164 3299 ποιμνίων
2193 3227 2491 3297 ἀναίρεσις,
2522 3227 2551 3279 6
2573 3224 2748 3295 βίαιος
2776 3226 2871 3279 καὶ
2894 3224 3073 3296 ἀωρος
3110 3220 3221 3277 τῶν
3261 3219 3470 3273 παίδων

1899 3309 2148 3375 θάνατος,
2186 3311 2219 3377 ὴ
2246 3308 2428 3381 πληγή
2453 3308 2547 3362 τοῦ
2578 3308 2847 3381 σώματος,
2872 3309 2930 3363 αἰ
2968 3305 3145 3378 πηγαὶ
3181 3303 3291 3357 τῶν
3326 3319 3474 3356 σκωο

1898 3393 2100 3466 λήκων,
2125 3395 2159 3464 ή
2189 3391 2346 3463 ὀδύνη
2372 3393 2405 3462 ή
2431 3391 2824 3463 ἀκαρτέρητος,
2865 3391 2900 3462 ή
2944 3389 3038 3444 ἐπὶ
3086 3389 3187 3459 τῆς
3238 3384 3474 3456 κοπρίας

1899 3476 2155 3548 καθέδρα,
2186 3476 2219 3546 ή
2251 3475 2507 3546 ἐπιϐουλὴ
2551 3474 2651 3546 τῆς
2698 3472 2974 3543 γυναικὸς,
3025 3471 3094 3527 τά
3142 3470 3324 3539 ὀνείδη
3364 3466 3473 3520 τῶν

1899 3560 2091 3629 φίλων,
2123 3560 2178 3613 αἰ
2204 3559 2465 3631 λοιδορίαι
2496 3557 2608 3612 τῶν
2645 3556 2905 3622 οἰκετῶν;
2934 3554 3075 3610 Τίδέ
3109 3553 3199 3607 τὸν
3223 3552 3474 3620 Λάζαρον

1898 3643 1961 3697 τὸ
1989 3645 2061 3697 ἐν·
2078 3642 2156 3713 τῷ
2183 3643 2390 3696 πυλῶνι
2422 3641 2657 3705 κεῖσθαι,
2682 3643 2777 3695 καὶ
2795 3642 2915 3704 ταῖς
2947 3638 3217 3708 γλώσσαις
3254 3635 3361 3689 τῶν
3384 3652 3478 3689 κυ-

1900 3727 2008 3781 νῶν
2068 3724 2491 3796 περιλείχεσθαι,
2550 3725 2645 3779 καὶ
2683 3724 2714 3777 6
2746 3722 2901 3794 λιμὸς
2943 3723 2973 3776 ό
2999 3719 3273 3791 διηνεκὴς,
3308 3719 3401 3772 καὶ
3438 3719 3474 3780 ἡ

1904 3809 2173 3883 ὑπεροψία
2221 3809 2316 3863 τοῦ
2361 3807 2635 3872 πλουσίου,
2682 3808 2774 3861 καὶ
2821 3805 2892 3859 τὰ
2935 3805 3245 3877 τραύματα,
3302 3803 3396 3857 καὶ
3438 3804 3471 3873 ή

1903 3895 2055 3957 νόσος
2087 3896 2120 3965 ή
2149 3893 2444 3965 ἀφόρητος,
2479 3892 2572 3946 καὶ⁵
2599 3893 2631 3961 ή
2661 3890 2866 3963 ἐρημία
2896 3888 3006 3943 τῶν
3035 3887 3471 3961 προϊσταμένων.

1904 3978 1997 4031 καί⁵
2027 3980 2061 4048 ή
2094 3975 2363 4046 ὑπεροψία
2402 3976 2509 4029 τῶν
2544 3972 2913 4045 βοηθούντων;
2941 3972 3006 4026 Τί
3035 3972 3093 4027 δὲ
3125 3972 3215 4025 τὸν
3260 3969 3472 4027 Παῦλον

1904 4064 1959 4116 αἱ
1984 4059 2201 4126 νιφάδες
2222 4058 2443 4113 ἐκείνων
2459 4058 2566 4111 τῶν
2587 4055 2995 4128 δεσμωτηρίων,
3015 4055 3123 4108 τῶν
3136 4054 3470 4123 ἀπαγωγῶν,

1904 4143 2012 4196 τῶν
2044 4143 2310 4207 θανάτων,
2346 4142 2453 4196 τῶν
2485 4139 2961 4208 καταποντισμῶν,
2979 4138 3088 4191 τῶν
3114 4138 3313 4193 λοιπῶν
3354 4155 3474 4191 πει-

1908 4225 2152 4296 ρασμῶν,
2196 4225 2263 4289 ἀς
2316 4225 2436 4279 οὐδὲ
2477 4224 2621 4295 λόγῳ
2680 4224 3043 4295 ἐξαριθμῆσαι
3109 4222 3221 4289 Evn;
3288 4221 3476 4275 Ταῦτα

1905 4308 2121 4363 ἅπαντα
2163 4307 2631 4378 ἀναλογισάμενοι,
2676 4307 2874 4363 κακίαν
2913 4304 3225 4376 φεύγωμεν,
3272 4304 3474 4378 ἀρετήν

1903 4389 2214 4463 διώκωμεν*
2245 4392 2338 4445 καὶ
2370 4389 2658 4461 εὐχώμεθα
2699 4390 2797 4460 μὲν
2832 4388 2908 4461 μὴ
2936 4388 3194 4443 εἰσελθεῖν
3226 4389 3307 4451 εἰς
3352 4404 3474 4440 πει-

1908 4475 2149 4546 ρασμόν·
2189 4475 2237 4527 εἰ
2271 4475 2330 4530 δέ
2360 4491 2489 4529 ποτε
2525 4472 2875 4545 ἐμπέσωμεν,
2908 4472 2986 4544 μὴ
3020 4472 3292 4544 ἀλύωμεν,
3338 4471 3476 4543 μηδι

1903 4555 2343 4629 δυσχεραίνωμεν
2358 4572 2371 4585 ·
2396 4558 2490 4610 καὶ
2503 4556 2612 4625 γάρ
2638 4554 2778 4609 ὅπλα
2813 4555 2931 4609 ἐστὶ
2952 4555 3126 4609 ταῦτα
3144 4554 3347 4627 ἀρετῆς
3362 4556 3476 4617 τοῖς

1905 4641 1984 4703 εἰς
2006 4640 2124 4694 δέον
2156 4638 2480 4711 χρωμένοις,
2512 4639 2607 4692 καὶ
2630 4637 2967 4711 δυνησόμεθα
2994 4638 3084 4693 διὰ
3124 4638 3341 4693 πάντων
3382 4638 3475 4691 εύ-

1905 4722 2146 4794 δοκιμείν
2165 4722 2259 4775 ἐὰν
2285 4723 2563 4793 νήφωμεν,
2586 4722 2679 4774 καὶ
2704 4723 2811 4776 τῶν
2837 4721 3069 4777 αἰωνίων
3092 4720 3314 4791 ἀγαθῶν
3334 4720 3474 4775 ἀπο-

1906 4805 2131 4861 λαῦσαι·
2168 4798 2245 4860 ὧν
2271 4805 2480 4873 γένοιτο
2511 4804 2717 4869 πάντας
2750 4806 2899 4877 ἡμᾶς
2925 4806 3205 4878 ἐπιτυχεῖν
3237 4807 3295 4860 ἐν
3335 4807 3474 4877 Χρι-

1910 4889 2019 4961 στῴ
2067 4888 2242 4961 Ἰησοῦ
2297 4888 2377 4959 τῷ
2424 4888 2613 4959 Κυρίῳ
2666 4890 2841 4959 ήμῶν,
2871 4883 2917 4959 ᾧ
2966 4892 3000 4962 ή
3048 4890 3176 4956 δόξα
3224 4891 3307 4954 εἰς
3348 4890 3476 4955 τοὺς

1909 4974 2113 5037 αἰῶνας
2133 4973 2241 5027 τῶν
2265 4972 2496 5029 αἰώνων.
2547 4974 2737 5044 Ἀμήν.

3056 5809 3128 5868 10
