4102 6306
609 269 714 325 155

614 500 951 516 δ”-...-
968 503 1049 510 -ν-
1117 500 1561 511 -ο---α-ι--οαηηα
1591 502 1719 510 —

1296 264 1357 321 S.
1394 263 1684 322 JOANNIS
1720 264 2213 323 CHRYSOSTOMI
2253 265 2573 323 ARCHIEP.
2611 265 3153 324 CONSTANTINOP.

3757 267 3859 323 153

1125 814 1506 877 MONITUM
1550 816 1660 875 AD
1715 813 2127 876 HOMILIAM
2189 813 2273 876 IN
2329 814 2604 877 LOCUM
2655 813 2905 876 ILLUM
2947 813 3327 887 .IEREML’E,

679 1061 829 1141 [157]
858 1062 1207 1122 Testiﬁcatur
1232 1061 1561 1122 Saviliusse
1588 1061 1846 1118 incidisse
1867 1062 1922 1116 in
1946 1060 2238 1132 quamdam
2266 1058 2777 1130 interpretationem
2809 1059 2927 1113 sive
2950 1057 3359 1128 Expositionem
3399 1057 3772 1130 Cbrysostomi
3809 1060 3867 1113 in

605 1213 897 1268 Jcremiam
922 1208 1267 1281 prOphetam.
1303 1206 1419 1273 Qua
1449 1205 1517 1261 de
1554 1220 1614 1261 re
1642 1205 1748 1261 hoc
1782 1205 1872 1260 ille
1899 1204 2170 1260 monitum
2216 1202 2367 1259 dedit
2391 1202 2447 1257 in
2473 1202 2581 1258 line
2624 1212 2877 1258 notarum
2911 1203 2967 1257 in
2988 1203 3139 1259 lsaiae
3185 1206 3363 1275 capita
3384 1215 3528 1271 octo,
3561 1221 3684 1279 pag.
3712 1208 3822 1261 156
3852 1225 3867 1237 -

682 1374 701 1406 α
736 1355 937 1408 Praeter
976 1354 1140 1408 hosce
1160 1349 1216 1406 in
1244 1348 1414 1405 libros
1434 1345 1650 1404 Veteris
1680 1345 2017 1402 Testamenti
2053 1344 2485 1402 Commentarios
2513 1351 2691 1399 exstat
2719 1342 2919 1414 passim
2953 1343 3010 1397 in
3049 1342 3615 1399 Bibliotliecis‘Grazce
3657 1360 3866 1399 manu-

609 1492 813 1562 scripta
862 1487 1126 1561 ἑρμηνεία
1164 1490 1242 1552 εἰς
1291 1487 1385 1540 τὸν
1413 1487 1705 1558 προφήτην
1744 1482 2038 1555 Ἱερεμίαν,
2073 1480 2204 1552 Chr}

2307 1488 2462 1535 .tomo
2493 1478 2761 1549 adscripta
2796 1497 2810 1532 :
2840 1479 2998 1550 cujus
3029 1478 3398 1551 apograpbum
3428 1494 3496 1533 ex
3525 1478 3870 1535 Bibliotheca

609 1627 867 1683 Bavarica
900 1626 1234 1697 descriptum
1289 1625 1345 1679 in
1375 1624 1627 1679 manibus
1671 1623 1957 1688 habemus,
1990 1637 2063 1676 ne
2110 1621 2233 1677 luce
2268 1620 2511 1691 quidem,
2548 1621 2748 1675 nedum
2785 1630 2937 1675 tanto
2975 1628 3197 1675 auctore
3249 1620 3471 1691 dignum
3498 1620 3873 1689 opusculum,

608 1760 703 1815 sed
734 1774 907 1832 nugas
934 1774 1111 1814 meras
1132 1769 1185 1813 et
1212 1757 1551 1828 quisquilias.
1583 1756 1662 1812 Ne
1692 1757 1814 1827 quis
1843 1766 2023 1811 tamen
2051 1756 2105 1810 in
2132 1771 2225 1810 eas
2276 1754 2544 1819 incidens,
2577 1749 2779 1825 aliquid
2823 1770 2881 1811 se
2912 1771 3188 1827 magnum,
3222 1766 3315 1812 aut
3348 1757 3508 1811 nobis
3537 1773 3648 1812 non
3680 1760 3869 1815 visum

607 1896 879 1967 reperisse
910 1902 1085 1965 putet,
1115 1908 1242 1950 ecce
1267 1892 1362 1948 tibi
1387 1892 1549 1963 hujus
1570 1892 1841 1963 praeclara:
1869 1890 2236 1963 Expositionis
2261 1891 2475 1947 initium
2500 1912 2512 1946 :

678 2030 783 2087 Τὸν
813 2031 913 2103 μὲν
943 2031 1151 2102 χρόνον,
1189 2031 1312 2084 καθ’
1341 2032 1401 2084 ὃν
1450 2031 1826 2101 προεφήτευεν
1851 2030 1880 2082 ὁ
1915 2032 2185 2102 μακάριος
2242 2031 2530 2103 Ἱερεμίας,
2583 2032 2679 2085 καὶ
2722 2031 2830 2085 ἀπὸ
2876 2032 3030 2085 ποίου
3067 2031 3331 2103 βασιλέως
3376 2034 3595 2105 ἤρξατο,
3628 2039 3725 2092 καὶ
3786 2041 3870 2103 εἰς

615 2179 767 2230 ποῖον
796 2175 1160 2247 προφητεύειν
1190 2173 1457 2246 (fortassis
1490 2170 1809 2245 ἐπαύσατο),
1838 2174 2084 2229 ἐντεῦθεν
2110 2175 2225 2229 ἔστι
2260 2176 2474 2246 μαθεῖν.
2511 2178 2697 2231 Πᾶσαν
2720 2178 2776 2232 δὲ
2812 2182 3151 2251 προφητείαν
3192 2181 3333 2236 κατὰ
3358 2181 3466 2236 τῶν
3496 2181 3589 2235 δύο
3619 2184 3868 2236 ποιεῖται

613 2335 816 2407 φυλῶν,
849 2334 951 2406 ἥδη
984 2334 1094 2388 τῶν
1122 2333 1253 2388 δέκα
1284 2332 1646 2405 αἰχμαλώτων
1692 2335 2001 2406 γενομένων
2036 2336 2141 2389 ὑπὸ
2172 2334 2263 2390 τοῦ
2306 2336 2612 2408 Ἀσσυρίου.
2648 2337 2906 2409 Ποικίλην
2945 2338 3002 2391 δέ
3038 2356 3158 2393 τινα
3185 2338 3282 2410 τὴν
3328 2341 3665 2409 προφητείαν
3695 2340 3854 2394 ἔστιν

694 2785 798 2849 Εἰς
830 2783 897 2839 τὸ
961 2777 1155 2849 ῥητὸν
1178 2781 1286 2834 τοῦ
1306 2776 1615 2857 προφήτου
1649 2781 1939 2857 Ἰερεμίου,
1968 2800 1989 2833 ι
2026 2784 2223 2857 Κύριε,
2254 2782 2389 2857 οὐχί
2410 2781 2517 2837 τοῦ
2544 2782 2855 2857 ἀνθρώπου
2879 2785 2917 2852 ἠ
2944 2784 3084 2857 ρδὸς
3127 2786 3333 2852 αὐτοῦ,
3354 2786 3495 2841 οὐδὲ
3545 2786 3867 2857 ἄνθρωπος

862 2906 868 2914 ,
1336 2850 1711 2918 πορεύσεται,
1776 2851 1872 2904 καὶ
1911 2850 2269 2923 κατορθώσει
2322 2850 2438 2921 τὴν
2483 2850 2734 2922 πορείαν
2790 2850 3034 2911 αὐτοῦι.
3070 2874 3091 2909 ι

698 3255 766 3301 α’.
789 3246 903 3316 Τῆς
926 3244 1047 3299 δδοῦ
1068 3243 1269 3317 ταύτης
1299 3246 1398 3315 τῆς
1427 3246 1691 3317 αἰσθητῆς
1718 3249 1809 3302 καὶ
1832 3248 2107 3322 λεωφόρου
2126 3250 2197 3307 τά

633 3332 732 3402 μέν
763 3332 908 3383 ἐστιν
937 3329 1099 3382 ὕπτια
1123 3331 1218 3382 καὶ
1246 3330 1385 3394 λεῖα,
1424 3327 1495 3381 τά
1517 3329 1574 3382 δὲ
1606 3332 1882 3401 προσάντη
1915 3333 2007 3384 καὶ
2061 3350 2197 3403 τρα-

629 3414 864 3485 χύτερα’
920 3413 1062 3466 οὕτω
1102 3410 1158 3466 δὲ
1190 3415 1283 3466 καὶ
1320 3413 1429 3466 τῶν
1485 3413 1648 3466 θείων
1703 3415 1741 3467 Γ
1747 3415 1934 3485 ραφῶν
1976 3414 2045 3469 τὰ
2099 3412 2197 3487 μέν

630 3501 779 3552 ἐστιν
807 3497 1029 3551 αὐτόθεν
1063 3499 1227 3550 πᾶσιν
1246 3496 1568 3559 εύσύνοπτα,
1600 3496 1667 3550 τὰ
1702 3497 1759 3550 δὲ
1790 3497 2030 3562 πλείονος
2049 3498 2200 3571 ἐξερ-

630 3582 826 3649 γασίας
854 3580 951 3635 καὶ
990 3581 1151 3634 πόνου
1185 3580 1429 3650 δεόμενα.
1471 3576 1610 3632 Ἀλλ’
1657 3579 1784 3634 ὅταν
1815 3580 1914 3650 μὲν
1960 3580 2201 3635 ἰσόπεδον

632 3665 727 3718 καὶ
756 3664 905 3717 λείαν
925 3663 1198 3734 όδεύωμεν
1236 3663 1374 3727 ὁδὸν,
1415 3663 1476 3715 οὐ
1519 3661 1718 3732 πολλῆς
1751 3664 1886 3733 ἡμῖν
1927 3661 2007 3715 δεῖ
2037 3662 2198 3734 ἀκρι-

634 3747 787 3811 δείας
814 3765 826 3777 ·
859 3749 987 3800 ὅταν
1016 3748 1073 3800 δὲ
1107 3747 1302 3800 ὑπτίαν
1340 3746 1434 3800 καὶ
1492 3745 1682 3816 στενὴν
1724 3746 1817 3799 καὶ
1850 3745 1985 3817 πρὸς
2030 3746 2199 3815 αὐτὴν

632 3831 1051 3901 ἀνατεινομένην
1071 3830 1167 3900 τὴν
1200 3828 1531 3901 ἀκρώρειαν,
1555 3828 1649 3881 καὶ
1677 3828 1781 3881 ὑπὸ
1798 3827 2058 3900 κρημνῶν
2075 3827 2204 3880 ἐκα-

633 3912 866 3983 τέρωθεν
881 3914 986 3965 ἀπε
995 3913 1076 3982 ιλη
1085 3912 1318 3982 μμένην,
1333 3911 1379 3983 [l
1391 3911 1481 3983 58]
1496 3910 1769 3982 νηφούσης
1786 3913 1917 3981 ἡμῖν
1932 3911 2012 3963 δεῖ
2023 3910 2203 3981 ψυχῆς

636 3995 730 4049 καὶ
750 3994 1197 4065 διεγηγερμένης,
1218 3994 1317 4063 τῆς
1338 3994 1644 4064 δυσχωρίας
1671 3993 1932 4063 ῥᾳθυμεῖν
1964 3993 2064 4047 οὐκ
2080 3994 2201 4045 επι-

634 4076 959 4150 τρεπούσης.
1001 4076 1119 4130 Κᾶν
1150 4076 1256 4148 γὰρ
1298 4078 1491 4146 μικρόν
1535 4092 1619 4139 τις
1655 4076 2200 4149 παραδλέψῃ,·μόνου

636 4162 729 4217 τοῦ
758 4160 912 4223 ποδὸς
938 4159 1337 4230 όλισθήσαντος,
1365 4158 1508 4213 ἀπαν
1539 4159 1601 4212 τὸ
1632 4160 1789 4231 σῶμα
1818 4160 2201 4233 κατακρημνί-

638 4244 809 4308 ζεται,
849 4242 954 4296 κᾶν
1006 4244 1086 4306 εἰς
1133 4241 1420 4313 φάραγγας
1457 4241 1743 4314 κατακόψῃ
1790 4246 1961 4311 κάτω,
2014 4260 2204 4297 σκοτο-

636 4324 808 4397 δίνῳιι
840 4326 1203 4396 κατεχόμενος
1248 4325 1637 4396 καταφέρεται.
1683 4324 1841 4378 Οὕτω
1875 4326 1939 4395 δὴ
1985 4327 2079 4379 καὶ
2111 4325 2203 4379 ἐπὶ

636 4412 745 4465 τῶν
794 4411 949 4463 θείων
983 4408 1212 4481 Γραφῶν
1244 4407 1312 4461 τὰ
1349 4409 1444 4479 μὲν
1499 4406 1697 4461 εὔκολα
1739 4408 1833 4460 καὶ¹
1885 4409 2043 4479 ῥᾴδια
2094 4408 2203 4460 τῶν

639 4494 947 4564 νοημάτων,
1004 4494 1098 4547 καὶ
1134 4493 1364 4562 ἀπονητὶ
1396 4490 1662 4545 διοδεῦσαι
1692 4490 1790 4555 ἔνι,
1822 4490 1891 4543 τὰ
1916 4491 1971 4544 δὲ
2001 4490 2205 4562 τραχύο

638 4595 776 4647 τερα
807 4576 897 4629 καὶ
949 4575 1225 4646 προσάντη
1270 4575 1369 4643 οὐχ
1423 4573 1619 4645 ὁμοίως
1658 4571 1887 4645 εὔπορον
1932 4574 2201 4645 διαϐῆναι.

638 4660 729 4713 Διὸ
781 4661 970 4729 νήφειν
1028 4660 1273 4720 ἅπαντας
1344 4657 1425 4710 δεῖ
1477 4657 1569 4710 καὶ
1630 4657 2011 4729 ἐγρηγορέναι,
2080 4658 2205 4711 ὅταν

637 4742 858 4796 τοιαῦτα
909 4741 1273 4809 διαϐαίνωμεν
1329 4740 1524 4810 χωρία,
1580 4739 1721 4793 ὥστε
1782 4739 1857 4812 μὴ
1916 4742 2044 4809 περὶ
2100 4741 2208 4795 τῶν

642 4826 887 4895 ἐσχάτων
915 4825 1047 4894 ἡμῖν
1076 4822 1326 4891 γενέσθαι
1356 4823 1446 4875 τὸν
1483 4822 1748 4877 κίνδυνον.
1774 4823 1873 4875 Διά
1918 4823 2027 4891 γὰρ
2054 4823 2209 4876 τοῦτο

642 4913 736 4964 καὶ
764 4911 927 4981 ἡμεῖς
978 4907 1109 4961 ποτε
1154 4906 1251 4977 μὲν
1285 4909 1341 4959 ὲν
1376 4909 1487 4970 τοῖς
1520 4906 1906 4976 εύκολωτέροις
1934 4907 2074 4977 ὑμᾶς
2119 4909 2211 4978 έγ-

638 4994 986 5066 γυμνάζομεν
1007 5003 1055 5055 ε,
1094 4991 1221 5044 ποτε
1253 4990 1308 5043 δὲ
1338 4991 1430 5042 ἐπὶ
1464 4990 1532 5043 τὰ
1578 4990 1954 5061 δυσκολώτερα
1985 4990 2207 5062 ἄγομεν,

640 5084 726 5135 ἶνα
753 5080 845 5132 καὶ
898 5077 989 5129 τὸν
1027 5075 1187 5128 πόνον
1217 5074 1343 5144 ὑμῖν
1378 5073 1921 5144 παραμυθησώμεθα,
1976 5076 2071 5127 καὶ
2113 5074 2212 5146 τὴν

642 5162 909 5237 ρᾳθυμίαν
943 5159 1277 5229 ἐκϐάλωμεν.
1336 5158 1542 5226 ’Ὠσπερ
1574 5157 1683 5227 γὰρ
1705 5159 1755 5209 οἰ
1784 5157 2080 5222 διαπαντὸς
2122 5159 2212 5211 εὑ-

640 5248 828 5310 κολίας
850 5244 1235 5305 ἀπολαύοντες,
1286 5240 1603 5311 χαυνότεροι
1645 5240 1922 5307 γίνονται·
1952 5239 2123 5304 οὕτως
2164 5242 2213 5294 οἰ

638 5330 901 5404 διηνεκῶς
934 5330 1070 5400 πρὸς
1092 5324 1405 5397 τραχύτερα
1444 5323 1744 5394 ἑλκόμενοι,
1769 5323 1906 5396 πρὸς
1937 5324 2029 5379 τὸν
2056 5324 2215 5377 πόνον

704 5510 731 5537 ι
759 5507 811 5555 In
835 5506 981 5555 titulo
1004 5510 1115 5565 post
1132 5500 1325 5565 πορείαν
1348 5496 1494 5548 αὑτσῦ
1519 5496 1669 5549 Savil.
1696 5498 1831 5549 addit
1850 5500 1930 5547 καὶ
1952 5499 2217 5548 κατευθυνεῖ

640 5569 725 5626 τὴν
743 5569 850 5617 ὁδὸν
865 5565 1028 5615 αὑτοῦ.

706 5633 734 5670 b
763 5629 911 5679 iidem
934 5642 1046 5676 mss.
1073 5624 1233 5674 σκότει
1257 5623 1411 5679 δεινῶ.

710 5641 734 5670 υ
763 5641 911 5679 [idem
934 5642 1046 5676 mss.
1073 5641 1233 5674 σκοτει
1257 5641 1350 5673 οειν
1400 5656 1411 5667 .

710 5693 733 5721 ⁸
756 5692 852 5738 Alii
876 5690 1190 5751 γυμνάζομεν,
1207 5691 1336 5736 teste
1353 5641 1511 5736 (ἔθνη.
1544 5681 1699 5736 Paulo
1731 5689 1843 5747 post
1865 5698 1954 5737 ms.
1974 5686 2055 5736 τὸν
2075 5684 2219 5735 πόνον

643 5754 703 5812 ὒν
712 5752 775 5799 ῶν
794 5749 1247 5813 παραμυθησώμεθα.

2300 3254 2756 3325 ἀπογινώσκουσι.
2804 3258 2896 3310 Δεῖ
2933 3257 3111 3311 τοίνυν
3150 3254 3517 3329 ἀναμεμίχθαι
3549 3258 3611 3311 τὸ
3642 3257 3745 3329 τῆς
3784 3258 3874 3314 δι·-

2298 3338 2593 3402 δασκαλίας
2616 3334 2773 3405 εἶδος,
2803 3341 2898 3394 καὶ
2946 3340 3039 3396 νῦν
3089 3341 3187 3413 μὲν
3234 3340 3413 3406 τοῦτο,
3447 3341 3540 3394 νῦν
3577 3342 3634 3395 δὲ
3684 3345 3873 3397 ἐκεῖνο

2303 3422 2718 3494 μεταχειρίζειν,
2774 3422 2913 3477 ὥστε
2950 3426 3087 3495 μήτε
3132 3424 3395 3494 χαλᾶσθαι
3445 3425 3586 3496 πέρα
3622 3425 3717 3479 τοῦ
3777 3428 3876 3498 μέ·-

2300 3521 2427 3575 τρου
2453 3507 2551 3575 τὴν
2582 3504 2821 3560 διάνοιαν
2852 3508 3003 3578 ἡμῖν,
3038 3510 3174 3579 μήτε
3209 3507 3612 3579 διατεινομένην
3634 3508 3787 3581 ὑπὲρ
3811 3511 3874 3561 τὸ

2300 3587 2419 3641 δέον
2441 3588 2867 3660 διαρρήγνυσθαι
2889 3590 3049 3643 πάλιν
3073 3590 3208 3661 πρὸς
3237 3590 3331 3643 τὸν
3362 3591 3519 3644 πόνον
3551 3592 3875 3663 ἀπαγορεύο

2300 3687 2490 3724 ουσαν.
2518 3670 2618 3725 Διά
2649 3671 2813 3724 τοῦτο.
2837 3671 3025 3744 πρώην
3060 3674 3187 3742 ὑμῖν
3232 3674 3359 3743 περὶ
3387 3672 3599 3727 Παύλου
3632 3675 3728 3727 καὶ
3772 3676 3877 3727 Πέ-

2305 3770 2434 3825 τρου
2474 3753 2865 3825 διαλεχθέντες,
2887 3758 2980 3808 καλ⁵
3015 3755 3115 3825 τῆς
3141 3756 3198 3808 ὲν
3246 3756 3543 3828 Ἀντιοχείᾳ
3568 3758 3877 3827 γενομένης

2303 3837 2485 3900 αὐτοῖς
2508 3837 2645 3908 πρὸς
2680 3838 2938 3910 ἀλλήλους
2967 3839 3447 3909 ἀμφισὸητήσεως,
3496 3839 3590 3891 καί
3637 3831 3740 3909 τὴν
3795 3840 3877 3892 δο-

2304 3919 2506 3974 κοῦσαν
2539 3922 2762 3975 ἐκείνων
2816 3918 2954 3976 εἶναι
2987 3924 3163 3993 μάχην
3198 3924 3376 3993 πάσης
3407 3923 3630 3993 εἰρήνης
3675 3939 3879 3992 χρησιο

2308 4004 2557 4076 μωτέραν
2610 4006 2737 4076 ὑμῖν
2793 3990 3191 4072 ἀποδείξαντες,
3248 3990 3344 4058 καί
3386 3990 3618 4076 tuba-iw
3670 3990 3882 4058 tam

2306 4088 2522 4159 ἐκείνην
2551 4090 2643 4143 καὶ
2674 4089 2929 4159 τραχείαν
2964 4089 3259 4157 ἀγαγόντες
3297 4088 3434 4151 ὁδὸν,
3474 4089 3659 4158 ἐπειδὴ
3703 4105 3885 4142 πεπο-

2303 4173 2536 4242 νηκότας
2566 4172 2797 4242 εἴδομεν,
2824 4175 2889 4242 τῇ
2924 4174 3038 4243 μετ’
3064 4172 3275 4243 ἐκείνην
3304 4172 3486 4244 ἡμέρᾳ
3513 4173 3647 4243 πρὸς
3675 4172 3881 4240 ἑτέραν

2306 4255 2675 4326 εὐκολωτέραν
2704 4253 3179 4328 ὲχειραγωγοῦμεν
3224 4255 3498 4320 ὑπόθεσιν,
3551 4254 3645 4308 τοῦ
3696 4272 3891 4324 μακαο

2308 4338 2424 4409 ρίου
2461 4338 2754 4391 Εὐσταθίου
2816 4337 2883 4390 τὰ
2917 4338 3165 4409 ἐγκώμια
3217 4337 3580 4409 διηγούμενοι,
3623 4338 3720 4391 καὶ
3763 4338 3888 4408 μετ’

2308 4423 2511 4475 ἐκεῖνον
2533 4420 2622 4474 τοῦ
2644 4421 2890 4489 γενναίου
2924 4421 3197 4492 μάρτυρος
3234 4421 3513 4491 Ῥωμανοῦ
3544 4422 3670 4483 τοὺς
3709 4420 3886 4474 smi-

2309 4521 2431 4568 νους
2459 4504 2764 4570 διεξιόντες,
2801 4504 2889 4557 ὅτε
2910 4504 2974 4573 δὴ
2997 4505 3089 4557 καὶ
3114 4504 3487 4575 λαμπρότερον
3508 4506 3636 4575 ἡμῖν
3662 4504 3725 4558 τὸ
3756 4505 3893 4557 θέα-

2310 4602 2435 4656 τρον
2466 4586 2676 4655 γέγονε,
2703 4587 2795 4639 καὶ
2839 4585 3041 4639 πλείων
3066 4590 3093 4641 ό
3122 4588 3332 4658 κρότος,
3369 4588 3463 4640 καὶ
3496 4585 3697 4658 μείζων
3727 4588 3758 4639 ὁ
3796 4587 3894 4640 06-

2312 4668 2493 4739 ρυὸος.
2543 4670 2804 4741 Καθάπερ
2835 4671 2942 4741 γάρ
2981 4688 3065 4734 τις
3110 4669 3323 4740 καμὼν,
3363 4667 3480 4723 εἶτα
3506 4672 3586 4734 εἰς
3637 4670 3897 4740 λειμῶνα

2312 4752 2585 4818 εἰσελθὼν,
2620 4756 2877 4823 γάννυται
2931 4755 3024 4807 καὶ
3066 4755 3349 4824 διαχεῖται,
3383 4756 3553 4825 τραχὺ
3598 4754 3697 4824 μὲν
3744 4754 3900 4823 ὁρῶν

2313 4838 2464 4891 οὐδὲν
2510 4837 2632 4890 οὐδὲ
2679 4839 2956 4901 ἐπίπονον,
2991 4839 3173 4892 ἄνεσιν
3193 4839 3249 4891 δὲ
3284 4839 3379 4892 καὶ
3402 4839 3595 4910 τέρψιν
3622 4838 3721 4891 καὶ
3747 4838 3901 4907 ψυχ-

2315 4921 2558 4990 αγωγίαν
2586 4921 2788 4991 πολλήν
2809 4937 2824 4952 °
2850 4921 2991 4974 οὕτω
3007 4923 3101 4975 καὶ
3121 4922 3279 4992 ὑμεῖς
3299 4939 3386 4992 μοι
3409 4922 3672 4975 διέκεισθε
3688 4922 3821 4974 τότε
3841 4920 3897 4960 ἀ·

2317 5004 2424 5058 ἀπὸ
2454 5005 2560 5073 γὰρ
2594 5005 2701 5057 τῶν
2742 5005 2918 5058 πόνων
2950 5006 3045 5059 καὶ
3068 5005 3176 5058 τῶν
3206 5005 3500 5059 δυσκολιῶν
3537 5006 3639 5074 τῆς
3685 5005 3906 5076 ἀκροά-

2271 5136 2274 5139 .
2321 5105 2455 5151 σεως
2481 5088 2715 5158 ἐκείνης,
2759 5087 2946 5160 ῶσπερ
2992 5090 3071 5151 εἰς
3119 5088 3359 5159 λειμῶνα
3415 5088 3750 5151 εἰσελθόντες
3786 5088 3906 5141 τῶν

2324 5170 2613 5242 μαρτύρων
2634 5170 2703 5223 τά
2747 5169 3018 5241 ἐγκώμια,
3059 5171 3194 5241 μετά
3224 5171 3423 5241 πολλῆς
3459 5170 3559 5241 τῆς
3583 5171 3779 5233 ἀδείας
3803 5171 3911 5241 τῆς

2319 5255 2559 5325 τέρψεως
2618 5253 2958 5324 ὲνεφορεῖσθε
3004 5254 3239 5324 ἐκείνης.
3282 5254 3417 5308 Οὐδὲ
3452 5255 3561 5325 γὰρ
3595 5253 3769 5307 λαϐαὶ
3812 5257 3915 5305 καὶ

2322 5337 2599 5391 ἀπιλαόαὶ
2632 5332 2771 5407 ἦσαν
2815 5335 2958 5400 τότε,
3012 5336 3132 5389 οὐδὲ
3175 5336 3529 5409 παλαίσματα
3580 5337 3675 5389 καὶ
3716 5334 3909 5388 διαδύ-

2325 5432 2499 5486 σειςε,
2541 5420 2657 5474 ἀλλ’
2694 5419 2903 5483 οὐδενὸς
2930 5419 3362 5492 ἀντικρούοντος,
3393 5422 3588 5490 ἄφετος
3618 5418 3745 5472 καθ’
3781 5420 3921 5471 ἑαυ-

2387 5614 2415 5654 ά
2457 5614 2591 5663 Unus
2614 5631 2693 5677 μοι
2717 5614 2952 5664 ἐδοκεῖσθε
2985 5613 3244 5663 διακεῖσθαι
3282 5610 3406 5671 τότε,
3448 5621 3547 5658 non
3570 5606 3730 5665 male;
3780 5606 3923 5656 alter

2327 5694 2405 5741 μοι
2431 5676 2662 5741 ἦδοκεῖσθε
2682 5678 2809 5741 frore.

2396 5743 2417 5772 ε
2445 5738 2577 5789 Unus
2602 5738 2849 5794 διαλύσεις.
