3992 6300
235 233 321 288 155
1009 241 1078 300 IN
1118 242 1345 313 ILLUD,
1382 244 1661 313 DOMINE,
1706 247 1844 303 NON
1883 249 2012 304 EST
2053 249 2118 304 IN
2159 250 2440 318 I-IOMINE,
2493 252 2644 313 ETC.
3351 258 3447 314 154

231 453 3418 506 m

943 795 1291 869 DOMINE,
1328 798 1488 859 NON
1522 801 1666 860 EST
1694 802 1775 862 IN
1807 802 2130 865 HOMINE
2163 803 2303 864 VIA
2333 805 2540 881 EJUS,
2573 821 2709 868 ETC.

224 1042 350 1095 ἰδεῖν.
387 1040 554 1094 Τοῦτο
592 1045 696 1115 μὲν
729 1046 843 1120 γὰρ
881 1049 990 1102 ἀπὸ
1016 1053 1126 1104 τῶν
1178 1053 1424 1108 παλαιῶν
1455 1057 1918 1127 παραδειγμάτων
1968 1057 2133 1113 αὐτοῦ
2163 1060 2430 1127 (fortassis
2475 1061 2696 1132 αὐτοὺς)
2727 1060 2964 1132 ἐλέγχει,
3003 1061 3079 1126 ὡς
3126 1063 3257 1116 ὅταν
3290 1062 3446 1134 λέγη,

229 1156 342 1208 Ἷὼὺ
369 1154 462 1219 τὰς
489 1156 641 1222 ὁδούς
679 1177 776 1214 σου
807 1164 865 1216 ὲν
890 1163 968 1234 τῷ
1000 1164 1357 1238 πολυανδρίῳ,
1388 1168 1483 1221 καὶ
1512 1169 1577 1221 τὰ
1607 1169 1754 1240 ἑξῆς.
1789 1190 1809 1222 ι

282 1287 394 1344 llaec
418 1290 485 1346 de
511 1291 830 1364 bujusmodi
858 1295 1300 1368 Commentariis,
1342 1302 1433 1370 qui
1462 1304 1710 1360 consulto
1746 1306 2092 1374 praztermissi
2118 1316 2264 1362 sunt.
2308 1308 2434 1362 Hmc
2459 1317 2642 1363 autem
2666 1308 2888 1364 homilia
2919 1310 2971 1364 in
3005 1310 3183 1364 locum
3203 1310 3447 1369 Ieremia

220 1425 416 1495 optima:
434 1438 575 1484 notae
598 1438 705 1496 est,
729 1432 950 1505 suisque
973 1450 1031 1491 se
1056 1435 1269 1493 indiciis
1294 1439 1475 1510 prodit
1501 1455 1622 1497 esse
1669 1443 2061 1516 Chrysostomi.
2093 1448 2233 1503 Nam
2275 1449 2376 1503 sub
2429 1448 2642 1504 initium
2690 1449 2766 1504 ait
2803 1464 2863 1503 se
2896 1463 3070 1520 nuper
3105 1449 3172 1504 de
3205 1445 3350 1503 Petri
3397 1460 3447 1504 et

221 1565 355 1622 Pauli
374 1572 742 1629 controversia
776 1575 972 1647 egisse,
1019 1587 1310 1650 posteaque
1336 1597 1396 1638 se
1427 1583 1567 1638 beati
1599 1586 1867 1640 Eustathii
1913 1589 2187 1657 prmeonia
2218 1606 2471 1646 sermone
2506 1593 2846 1664 complexum
2875 1611 3016 1664 esse,
3070 1607 3233 1668 atque
3257 1597 3448 1653 deinde

224 1702 277 1757 S.
316 1703 530 1760 Romani
579 1711 831 1780 martyris
871 1712 1056 1768 laudes
1086 1717 1454 1785 percurrisse:
1491 1718 1645 1789 queis
1679 1718 1948 1776 indicatur
1976 1723 2119 1778 hanc
2147 1725 2465 1780 concionem
2488 1728 2789 1783 secundum
2843 1729 2960 1786 illas
2992 1748 3181 1788 omnes
3211 1734 3447 1791 habitam

225 1840 394 1898 fuisse.
437 1845 495 1901 ln
515 1850 661 1905 nulla
686 1868 850 1922 porro
872 1868 1058 1909 earum
1094 1855 1222 1910 anni
1247 1865 1375 1911 nota
1409 1858 1494 1913 vel
1522 1858 1745 1914 minima
1775 1870 2076 1932 comparet.
2108 1861 2274 1935 quue
2299 1867 2475 1923 solum
2507 1869 2779 1938 novimus,
2805 1885 2900 1926 eas
2923 1887 3115 1929 omnes
3151 1874 3447 1931 Antiochiae

231 1979 416 2038 habitas
443 1984 626 2042 fuisse.
661 1989 857 2060 Agitur
887 1991 975 2047 hic
1002 1993 1070 2048 de
1097 1993 1188 2049 illo
1214 1995 1480 2050 versiculo
1511 1995 1778 2062 Jeremiaa,
1809 1997 2052 2065 Domine,
2097 2016 2203 2055 non
2231 2012 2304 2056 est
2327 2003 2383 2057 in
2430 2005 2633 2059 homine
2663 2006 2747 2060 vt'a
2777 2007 2912 2076 ejus,
2945 2025 3107 2077 neque
3144 2010 3297 2064 homo
3333 2011 3445 2076 ibit,

237 2130 279 2174 et
305 2121 469 2193 diriget
493 2142 724 2196 gressum
746 2145 922 2183 suum.
963 2129 1036 2185 Ex
1064 2132 1263 2201 quibus
1307 2134 1489 2189 verbis
1529 2135 1746 2204 quidam
1795 2137 2137 2194 occasionem
2168 2141 2461 2211 captabant
2490 2143 2644 2199 liberi
2686 2145 2908 2203 tollendi
2953 2149 3182 2205 arbitrii.
3209 2150 3317 2207 Hos
3347 2167 3445 2222 pro

238 2267 358 2321 virili
381 2268 609 2322 confutat
648 2268 707 2323 S.
741 2270 952 2326 doctor.

304 2403 643 2475 lnterpretatio
677 2406 868 2462 Latina
906 2419 990 2463 est
1027 2409 1316 2465 Frontonis
1347 2411 1546 2467 Dnczei.

1671 2682 1684 2685 _
1699 2681 2094 2690 .--ψ-’ς-
2111 2685 2170 2690 ..-

259 2879 320 2922 IN
351 2879 531 2923 LOCUM
571 2878 768 2922 ιιιωι
811 2877 1159 2920 PROPHETB
1201 2877 1519 2934 JEREMIB,
1565 2878 1836 2935 DOMINE,
1883 2880 2006 2924 NON
2051 2880 2162 2923 EST
2205 2881 2269 2925 IN
2313 2884 2562 2928 HUMINE
2609 2887 2713 2930 VIA
2758 2888 2906 2931 EJUS
2933 2915 2949 2944 ,
3003 2888 3212 2943 NEQUE
3261 2891 3442 2936 HOMO

940 2986 1090 3044 IBIT,
1136 2987 1215 3028 ET
1256 2985 1519 3029 DIRIGET
1564 2985 1850 3029 GRESSUM
1878 2984 2048 3028 suum
2093 2966 2180 3047 (a)
2228 2965 2383 3048 (Jer.
2432 2971 2528 3030 10.
2573 2971 2701 3052 23).

1466 3154 1738 3169 —————

283 3303 324 3356 l.
348 3301 499 3372 Hujus
535 3301 800 3357 sensibilis
827 3301 1154 3370 publicaeque
1187 3301 1285 3354 viae
1313 3310 1487 3370 partes
1514 3299 1756 3369 qua-dam

217 3391 363 3459 plana:
383 3392 586 3462 quidem
619 3400 743 3447 sunt
767 3406 830 3446 ac
854 3391 1031 3457 laeves,
1061 3390 1299 3460 quaedam
1323 3406 1450 3445 vero
1475 3401 1756 3460 praerupta:

209 3495 346 3554 atque
383 3500 614 3554 aspere;
662 3484 743 3539 sic
781 3494 836 3538 et
878 3483 1163 3552 Scriptura:
1207 3497 1374 3538 sacra:
1414 3493 1593 3553 partes
1638 3482 1757 3536 aliae

206 3585 395 3632 suntex
419 3593 476 3632 se
501 3577 750 3632 omnibus
776 3576 1046 3631 intellectu
1079 3576 1296 3643 faciles,
1339 3576 1459 3631 alia:
1498 3576 1756 3644 majorem

201 3669 499 3740 diligentiam
541 3685 604 3724 ac
633 3670 871 3724 laborem
911 3670 1206 3738 requirunt.
1252 3671 1329 3724 Ac
1368 3684 1465 3723 nos
1504 3668 1750 3738 quidem,

197 3777 302 3816 cum
336 3777 427 3832 per
453 3762 728 3832 planitiem
773 3761 1062 3830 Itevemque
1103 3761 1243 3816 viam
1289 3761 1617 3827 incedimus,
1660 3777 1755 3816 ne-

194 3869 326 3908 cesse
355 3869 454 3908 non
483 3864 583 3919 est,
623 3863 678 3907 ut
705 3852 988 3907 admodum
1015 3854 1196 3906 attenti
1228 3853 1433 3910 simus;
1474 3868 1594 3920 cum
1627 3869 1753 3907 vero

191 3961 274 4015 per
288 3961 528 4016 asperam
549 3954 605 4001 et
631 3953 928 4015 angustam,
953 3960 1173 4014 quazque
1195 3959 1252 3998 se
1277 3944 1342 3998 ad
1364 3945 1533 4014 ipsum
1555 3945 1751 4000 montis

190 4052 420 4092 cacumen
447 4035 724 4102 extendat,
752 4044 807 4090 et
834 4035 1134 4105 praecipitiis
1154 4036 1378 4106 undique
1399 4035 1748 4091 circumclusa

190 4130 278 4192 sit,
325 4143 431 4184 tum
459 4130 606 4200 vigili
634 4139 812 4184 mente
842 4129 992 4184 nobis
1020 4143 1151 4199 opus
1173 4138 1290 4197 est,
1327 4145 1445 4184 cum
1478 4130 1577 4185 loci
1607 4129 1750 4184 difﬁ-

188 4224 336 4277 cultas
363 4235 575 4292 torpere
606 4239 712 4276 non
759 4221 919 4276 sinat.
965 4222 1315 4289 Quantumvis
1353 4223 1494 4277 enim
1541 4223 1749 4277 modice

191 4317 287 4381 quis
310 4316 642 4384 negligenter
661 4313 902 4382 aspiciat,
931 4314 974 4367 si
1003 4313 1174 4368 solum
1199 4329 1290 4383 pes
1312 4314 1637 4383 prolabatur,
1665 4323 1747 4367 to-

192 4415 279 4459 tum
306 4421 502 4476 corpus
529 4406 581 4461 in
611 4420 851 4475 praeceps
880 4406 1026 4470 ruit,
1074 4415 1128 4460 et
1169 4407 1213 4460 si
1241 4407 1293 4460 in
1333 4407 1523 4461 vallem
1574 4408 1747 4476 capite

193 4501 413 4555 inclinato
443 4499 787 4568 deSpexerit,
825 4499 1155 4553 tenebricosa
1180 4509 1460 4568 correptus
1491 4500 1747 4570 vertigine

193 4591 497 4646 deturbatur.
524 4591 617 4646 Sic
644 4601 697 4646 et
723 4590 774 4643 in
806 4589 1076 4660 Scriptura
1103 4591 1276 4644 divina
1296 4591 1537 4661 quatdam
1564 4591 1746 4647 faciles

196 4693 291 4736 sunt
315 4700 373 4739 ac
401 4684 581 4753 planae
606 4683 919 4747 sententiae,
949 4697 1081 4752 quas
1109 4682 1224 4737 sine
1248 4683 1429 4738 labore
1459 4683 1583 4740 licet
1625 4700 1744 4752 pcr-

199 4788 376 4830 currere
407 4795 422 4830 :
452 4774 701 4845 quaedam
728 4773 1024 4843 asperiores
1051 4782 1102 4827 et
1131 4785 1408 4843 praerupta:
1426 4815 1440 4838 ,
1486 4791 1613 4845 quas
1639 4792 1745 4831 non

202 4867 253 4917 ita
274 4868 409 4923 facile
436 4868 597 4922 fuerit
638 4882 932 4936 permeare.
964 4866 1248 4936 Propterea
1281 4869 1464 4938 vigiles
1489 4878 1542 4924 et
1570 4879 1743 4924 atten-

203 4967 385 5015 tasesse
409 4971 635 5015 cunctos
661 4969 906 5028 oportet,
936 4959 1059 5013 dum
1089 4960 1350 5030 ejusmodi
1384 4962 1494 5016 loca
1525 4978 1742 5031 percur-

205 5055 334 5104 rimus
355 5094 370 5117 ,
409 5067 477 5106 ne
520 5053 575 5105 in
621 5066 887 5106 summum
916 5051 1099 5105 salutis
1132 5053 1418 5108 discrimen
1449 5056 1740 5109 veniamus.

207 5139 369 5197 idcirco
397 5157 494 5196 nos
518 5142 786 5198 interdum
816 5143 866 5196 in
911 5141 1238 5198 facilioribus
1277 5160 1370 5198 vos
1407 5161 1739 5212 exercemus,

205 5247 555 5303 nonnumquam
579 5234 646 5287 ad
675 5233 972 5288 difficiliora
994 5234 1326 5301 deducimus,
1352 5246 1410 5289 ut
1430 5246 1482 5291 et
1506 5237 1739 5294 laborem

203 5325 440 5392 levemus,
473 5339 525 5385 et
553 5331 930 5401 negligentiam
969 5336 1313 5388 excutiamus.
1357 5334 1424 5390 Ut
1468 5336 1607 5390 enim
1651 5336 1740 5404 qui

203 5432 379 5488 seraper
403 5422 695 5478 facilitatem
724 5425 1091 5493 experiuntur,
1120 5425 1452 5481 remissiores
1476 5428 1606 5480 liunt
1631 5446 1642 5479 :
1669 5428 1737 5481 ita

254 5572 314 5639 (gi)
341 5574 500 5628 Pellam
524 5593 628 5629 cum
653 5578 775 5630 Cod.
804 5585 925 5639 Reg.
947 5578 1084 5638 2545,
1104 5592 1280 5629 etcum
1303 5582 1595 5632 Colbertinis
1619 5583 1739 5633 1050

207 5642 248 5706 ξι
265 5636 314 5706 η
319 5639 378 5687 15.
404 5640 450 5690 lu
474 5643 602 5706 titulo
627 5651 738 5706 post
762 5636 1043 5706 basjvoces,
1066 5636 1281 5706 gressum
1301 5656 1456 5704 suum,
1485 5645 1585 5694 haec
1607 5645 1739 5694 addit

207 5699 374 5763 tanlius,
399 5713 439 5754 et
459 5699 636 5769 diriget
652 5703 789 5755 riam
813 5701 938 5763 ejus.

1744 3132 1903 3186 aes)

1863 3298 1953 3366 qui
1985 3310 2242 3367 perpetuo
2269 3299 2332 3352 ad
2361 3299 2630 3365 asperiora
2661 3298 3070 3367 pertrahuntur,
3103 3298 3337 3352 animum
3367 3298 3445 3351 la-
3496 3365 3500 3368 ,

1862 3389 1992 3444 bore
2032 3389 2303 3461 defatigati
2355 3389 2707 3458 despondent.
2756 3389 3014 3456 Quocirca
3057 3389 3280 3444 mixtum
3327 3405 3447 3444 esse

1862 3490 2073 3551 oportet
2100 3481 2357 3536 doctrina:
2384 3497 2550 3550 genus
2571 3522 2583 3544 ,
2633 3491 2689 3535 et
2731 3496 2872 3535 nunc
2902 3480 3113 3549 quidem
3143 3480 3273 3547 hoc,
3303 3496 3448 3536 nunc

1861 3579 2042 3625 autem
2081 3571 2208 3625 illud
2237 3581 2467 3625 tractare
2491 3611 2506 3634 ,
2549 3580 2606 3624 ut
2647 3585 2819 3640 neque
2849 3584 3000 3624 mens
3045 3570 3182 3625 ultra
3226 3571 3441 3625 modum

1861 3664 2165 3730 relaxetur,
2215 3680 2387 3734 neque
2429 3679 2613 3718 rursus
2652 3664 2772 3731 plus
2798 3678 2956 3732 quam
2985 3678 3083 3733 par
3120 3673 3200 3718 est
3245 3665 3441 3718 intenta

1860 3754 2132 3825 frangatur
2153 3798 2166 3819 ,
2193 3764 2249 3810 et
2283 3755 2551 3809 laboribus
2580 3753 2864 3824 defatigata
2893 3753 3124 3809 deﬁciat.
3154 3756 3442 3821 Promerea

1860 3861 2029 3914 nuper
2054 3861 2175 3900 cum
2201 3845 2268 3900 de
2305 3845 2465 3900 Petro
2490 3855 2545 3900 et
2571 3846 2735 3900 Paulo
2769 3845 3205 3901 disseruissemus
3245 3848 3263 3918 (
3287 3847 3328 3900 Τ
3330 3865 3442 3902 omo

1859 3933 1978 4001 III,
2006 3936 2105 3990 col.
2124 3936 2220 3990 571
2249 3933 2406 4007 sqq.),
2435 3935 2576 3990 etde
2601 3945 2781 3989 exorta
2811 3935 2949 3990 inter
2977 3937 3120 4006 ipsos
3147 3937 3442 3991 Antiochia:

1857 4027 2219 4081 controversia
2246 4069 2258 4090 ,
2303 4040 2637 4096 pugnamque
2669 4027 2810 4081 illam
2837 4068 2851 4092 ,
2886 4043 3003 4097 qua:
3025 4028 3166 4082 inter
3199 4043 3291 4082 eos
3320 4044 3440 4083 esse

1857 4118 2173 4182 videbatur,
2225 4134 2353 4188 pace
2397 4120 2582 4186 quavis
2613 4119 2876 4174 utiliorem
2923 4118 3072 4173 vobis
3116 4120 3440 4174 ostendisse-

1858 4226 1975 4265 mus
1999 4253 2014 4276 ,
2056 4227 2284 4281 cumque
2323 4211 2388 4266 ad
2425 4221 2743 4282 praeruptam
2781 4221 2834 4267 et
2862 4227 3105 4280 aSperam
3149 4228 3245 4267 vos
3293 4214 3436 4268 illam

1856 4303 1994 4357 viam
2038 4303 2438 4358 deduxissemus
2467 4320 2485 4357 :
2521 4305 2770 4374 quoniam
2815 4304 3127 4374 defatigatos
3176 4305 3432 4368 vidimus,

1854 4395 2096 4464 sequenti
2139 4394 2224 4448 die
2263 4395 2329 4449 ad
2357 4395 2500 4449 aliud
2528 4404 2896 4463 argumentum
2942 4411 3034 4449 vos
3076 4395 3431 4459 traduximus,

1853 4485 1979 4538 dum
2023 4486 2162 4540 beati
2210 4486 2469 4541 Eustathii
2509 4488 2772 4557 praeconia
2819 4487 3185 4552 narravimus,
3236 4499 3288 4543 et
3317 4500 3435 4557 pnsl

1854 4575 2000 4629 illum
2053 4580 2301 4646 generosi
2360 4578 2607 4648 martyris
2651 4577 2874 4631 Romani
2931 4578 3112 4633 laudes
3163 4582 3432 4648 percurri-

1851 4682 1968 4720 mus
1998 4664 2067 4737 (a
2091 4668 2107 4736 )
2128 4708 2141 4730 ,
2178 4683 2296 4720 cum
2338 4667 2590 4721 illustrius
2622 4668 2774 4721 nobis
2801 4668 2991 4722 factum
3023 4680 3104 4725 est
3132 4670 3394 4725 theatrum
3414 4713 3430 4738 ,

1854 4759 2076 4828 amplior
2103 4759 2408 4828 applausus,
2438 4774 2501 4812 ac
2531 4759 2700 4830 major
2728 4762 2978 4830 strepitus
3000 4763 3426 4816 acclamantium.

1851 4850 1920 4906 Ut
1947 4852 2088 4905 enim
2121 4852 2163 4904 si
2195 4852 2313 4921 quis
2340 4852 2425 4905 ubi
2452 4851 2692 4906 defessus
2721 4851 2896 4918 fuerit,
2929 4852 3122 4908 deinde
3149 4856 3200 4906 in
3226 4862 3431 4922 pratum

1852 4942 2211 5010 ingrediatur,
2242 4942 2469 5012 gaudet,
2501 4957 2563 4996 ac
2598 4942 2913 5009 delectatur,
2947 4944 3071 4997 dum
3110 4943 3241 4997 nihil
3278 4959 3432 5011 aspe-

1849 5047 1988 5097 rum,
2017 5033 2145 5086 nihil
2180 5034 2456 5086 molestum
2485 5033 2747 5100 intuetur,
2780 5033 2871 5088 sed
2900 5033 3302 5096 recreationem,
3332 5049 3430 5085 vo-

1848 5124 2125 5193 luptatem,
2151 5140 2212 5178 ac
2233 5124 2448 5180 delicias
2477 5125 2669 5178 multas
2695 5142 2707 5178 :
2738 5123 2814 5178 sic
2843 5134 2894 5178 et
2919 5139 3011 5177 vos
3037 5134 3147 5177 tum
3177 5123 3435 5190 temporis

1849 5217 2021 5270 ail'ecti
2053 5216 2216 5270 eratis
2241 5257 2254 5278 ,
2287 5215 2411 5269 dum
2442 5225 2556 5284 post
2597 5215 2806 5269 labores
2852 5215 2973 5268 illos
3001 5229 3063 5268 ac
3084 5212 3433 5267 difﬁcultates

1849 5307 2121 5361 conciouis
2168 5308 2346 5371 illius,
2395 5316 2663 5376 tamquam
2714 5307 2767 5360 in
2817 5315 3022 5375 pratum
3065 5302 3347 5373 quoddam
3370 5317 3426 5354 tn

1850 5409 2139 5470 martyrum
2171 5399 2352 5455 Iaudes
2391 5401 2645 5470 ingressi,
2692 5399 2853 5452 multa
2882 5413 3001 5451 cum
3032 5399 3426 5468 tranquillitate

1849 5493 1952 5546 illis
1973 5508 2068 5546 vos
2096 5493 2302 5548 deliciis
2328 5494 2651 5564 explevistis.
2683 5492 2796 5547 Non
2825 5494 2964 5546 enim
2995 5500 3105 5545 tum
3132 5501 3284 5546 erant
3309 5509 3430 5563 pre-

2203 5651 2286 5758 ririi
2310 5650 2374 5700 de
2397 5658 2439 5700 S.
2483 5649 2724 5700 Eustathio
2764 5654 2814 5699 et
2841 5648 2904 5699 de
2928 5656 2971 5698 S.
3005 5657 3209 5702 Romano
3235 5658 3424 5698 sermo—

2203 5726 2256 5758 δί(
2276 5730 2322 5758 c.

2197 5726 2322 5760 Huc.

1906 5648 1979 5708 (a)
2014 5655 2102 5695 Pan

1844 5721 1936 5757 nes
1957 5717 2101 5758 Temo
2127 5710 2144 5758 l
