  <div class='ocr_page' id='page_1' title='image "/cluster/home/n/w/nwhite01/storage/ocr_20150623/56/mdp.39015028574351/159.png"; bbox 0 0 3992 6300; ppageno 0'>
   <div class='ocr_carea' id='block_1_1' title="bbox 559 277 660 334">
    <p class='ocr_par' dir='ltr' id='par_1_1' title="bbox 559 277 660 334">
     <span class='ocr_line' id='line_1_1' title="bbox 559 277 660 334; baseline 0.01 -1"><span class='ocrx_word' id='word_1_1' title='bbox 559 277 660 334; x_wconf 73' lang='grc'><strong>155</strong></span> 
     </span>
    </p>
   </div>
   <div class='ocr_carea' id='block_1_2' title="bbox 547 369 2120 446">
    <p class='ocr_par' dir='ltr' id='par_1_2' title="bbox 547 369 2120 446">
     <span class='ocr_line' id='line_1_2' title="bbox 547 369 2120 446; baseline -0.014 -4"><span class='ocrx_word' id='word_1_2' title='bbox 547 386 833 442; x_wconf 84' lang='lat' dir='ltr'><strong>heusiones</strong></span> <span class='ocrx_word' id='word_1_3' title='bbox 860 398 923 438; x_wconf 92' lang='lat' dir='ltr'><strong>ac</strong></span> <span class='ocrx_word' id='word_1_4' title='bbox 951 379 1115 435; x_wconf 92' lang='lat' dir='ltr'><strong>mutui</strong></span> <span class='ocrx_word' id='word_1_5' title='bbox 1144 391 1312 432; x_wconf 80' lang='lat' dir='ltr'><strong>nexus</strong></span> <span class='ocrx_word' id='word_1_6' title='bbox 1331 418 1346 443; x_wconf 95' lang='lat'><strong>,</strong></span> <span class='ocrx_word' id='word_1_7' title='bbox 1380 389 1553 446; x_wconf 88' lang='lat' dir='ltr'><strong>neque</strong></span> <span class='ocrx_word' id='word_1_8' title='bbox 1577 374 1735 429; x_wconf 83' lang='lat' dir='ltr'><strong>luetae</strong></span> <span class='ocrx_word' id='word_1_9' title='bbox 1780 386 1846 426; x_wconf 89' lang='lat' dir='ltr'><strong>ac</strong></span> <span class='ocrx_word' id='word_1_10' title='bbox 1889 369 2120 425; x_wconf 85' lang='lat' dir='ltr'><strong>declina-</strong></span> 
     </span>
    </p>
   </div>
   <div class='ocr_carea' id='block_1_3' title="bbox 546 460 2129 544">
    <p class='ocr_par' dir='ltr' id='par_1_3' title="bbox 546 460 2129 544">
     <span class='ocr_line' id='line_1_3' title="bbox 546 460 2129 544; baseline -0.014 -10"><span class='ocrx_word' id='word_1_11' title='bbox 546 481 719 533; x_wconf 77' lang='lat' dir='ltr'><strong>tiones</strong></span> <span class='ocrx_word' id='word_1_12' title='bbox 747 460 814 544; x_wconf 82' lang='grc' dir='ltr'><strong>(α</strong></span> <span class='ocrx_word' id='word_1_13' title='bbox 832 472 996 544; x_wconf 78' lang='lat' dir='ltr'><strong>),sed,</strong></span> <span class='ocrx_word' id='word_1_14' title='bbox 1022 470 1234 525; x_wconf 86' lang='lat' dir='ltr'><strong>nemine</strong></span> <span class='ocrx_word' id='word_1_15' title='bbox 1255 469 1581 532; x_wconf 88' lang='lat' dir='ltr'><strong>obluctante,</strong></span> <span class='ocrx_word' id='word_1_16' title='bbox 1610 464 1722 519; x_wconf 87' lang='lat' dir='ltr'><strong>sola</strong></span> <span class='ocrx_word' id='word_1_17' title='bbox 1747 461 2011 533; x_wconf 80' lang='lat' dir='ltr'><strong>expedita,</strong></span> <span class='ocrx_word' id='word_1_18' title='bbox 2042 474 2129 513; x_wconf 88' lang='lat' dir='ltr'><strong>so-</strong></span> 
     </span>
    </p>
   </div>
   <div class='ocr_carea' id='block_1_4' title="bbox 543 556 2128 625">
    <p class='ocr_par' dir='ltr' id='par_1_4' title="bbox 543 556 2128 625">
     <span class='ocr_line' id='line_1_4' title="bbox 543 556 2128 625; baseline -0.013 0"><span class='ocrx_word' id='word_1_19' title='bbox 543 570 654 625; x_wconf 87' lang='lat' dir='ltr'><strong>luta</strong></span> <span class='ocrx_word' id='word_1_20' title='bbox 699 576 754 623; x_wconf 88' lang='lat' dir='ltr'><strong>et</strong></span> <span class='ocrx_word' id='word_1_21' title='bbox 799 566 960 620; x_wconf 83' lang='lat' dir='ltr'><strong>libera</strong></span> <span class='ocrx_word' id='word_1_22' title='bbox 1010 562 1182 617; x_wconf 84' lang='lat' dir='ltr'><strong>oratio</strong></span> <span class='ocrx_word' id='word_1_23' title='bbox 1220 559 1545 616; x_wconf 89' lang='lat' dir='ltr'><strong>decertabat.</strong></span> <span class='ocrx_word' id='word_1_24' title='bbox 1612 556 1815 611; x_wconf 92' lang='lat' dir='ltr'><strong>ldcireo</strong></span> <span class='ocrx_word' id='word_1_25' title='bbox 1857 564 2031 606; x_wconf 91' lang='lat' dir='ltr'><strong>autem</strong></span> <span class='ocrx_word' id='word_1_26' title='bbox 2074 559 2128 606; x_wconf 90' lang='lat' dir='ltr'><strong>et</strong></span> 
     </span>
    </p>
   </div>
   <div class='ocr_carea' id='block_1_5' title="bbox 542 644 2126 720">
    <p class='ocr_par' dir='ltr' id='par_1_5' title="bbox 542 644 2126 720">
     <span class='ocr_line' id='line_1_5' title="bbox 542 644 2126 720; baseline -0.013 -4"><span class='ocrx_word' id='word_1_27' title='bbox 542 658 802 717; x_wconf 75' lang='lat' dir='ltr'><strong>illustrior</strong></span> <span class='ocrx_word' id='word_1_28' title='bbox 827 664 959 720; x_wconf 90' lang='lat' dir='ltr'><strong>erat,</strong></span> <span class='ocrx_word' id='word_1_29' title='bbox 984 662 1039 709; x_wconf 93' lang='lat' dir='ltr'><strong>et</strong></span> <span class='ocrx_word' id='word_1_30' title='bbox 1064 653 1230 707; x_wconf 88' lang='lat' dir='ltr'><strong>sacris</strong></span> <span class='ocrx_word' id='word_1_31' title='bbox 1254 648 1604 706; x_wconf 89' lang='lat' dir='ltr'><strong>conventibus</strong></span> <span class='ocrx_word' id='word_1_32' title='bbox 1627 647 1819 717; x_wconf 92' lang='lat' dir='ltr'><strong>aptior,</strong></span> <span class='ocrx_word' id='word_1_33' title='bbox 1845 644 2126 713; x_wconf 84' lang='lat' dir='ltr'><strong>majorem-</strong></span> 
     </span>
    </p>
   </div>
   <div class='ocr_carea' id='block_1_6' title="bbox 542 736 2123 822">
    <p class='ocr_par' dir='ltr' id='par_1_6' title="bbox 542 736 2123 822">
     <span class='ocr_line' id='line_1_6' title="bbox 542 736 2123 822; baseline -0.011 -16"><span class='ocrx_word' id='word_1_34' title='bbox 542 766 649 822; x_wconf 90' lang='lat' dir='ltr'><strong>que</strong></span> <span class='ocrx_word' id='word_1_35' title='bbox 678 748 886 805; x_wconf 89' lang='lat' dir='ltr'><strong>laudem</strong></span> <span class='ocrx_word' id='word_1_36' title='bbox 915 744 1242 816; x_wconf 87' lang='lat' dir='ltr'><strong>reportabat.</strong></span> <span class='ocrx_word' id='word_1_37' title='bbox 1270 742 1402 798; x_wconf 86' lang='lat' dir='ltr'><strong>Cum</strong></span> <span class='ocrx_word' id='word_1_38' title='bbox 1421 740 1568 816; x_wconf 78' lang='lat' dir='ltr'><strong>enim</strong></span> <span class='ocrx_word' id='word_1_39' title='bbox 1594 755 1677 805; x_wconf 90' lang='lat' dir='ltr'><strong>ea,</strong></span> <span class='ocrx_word' id='word_1_40' title='bbox 1707 754 1827 809; x_wconf 73' lang='lat' dir='ltr'><strong>quae</strong></span> <span class='ocrx_word' id='word_1_41' title='bbox 1857 736 2123 798; x_wconf 88' lang='lat' dir='ltr'><strong>dicuntur,</strong></span> 
     </span>
    </p>
   </div>
   <div class='ocr_carea' id='block_1_7' title="bbox 546 827 2127 902">
    <p class='ocr_par' dir='ltr' id='par_1_7' title="bbox 546 827 2127 902">
     <span class='ocr_line' id='line_1_7' title="bbox 546 827 2127 902; baseline -0.013 -3"><span class='ocrx_word' id='word_1_42' title='bbox 546 859 668 898; x_wconf 92' lang='lat' dir='ltr'><strong>cum</strong></span> <span class='ocrx_word' id='word_1_43' title='bbox 696 840 946 897; x_wconf 79' lang='lat' dir='ltr'><strong>facilitate</strong></span> <span class='ocrx_word' id='word_1_44' title='bbox 971 852 1122 893; x_wconf 91' lang='lat' dir='ltr'><strong>mens</strong></span> <span class='ocrx_word' id='word_1_45' title='bbox 1149 835 1452 892; x_wconf 90' lang='lat' dir='ltr'><strong>auditorum</strong></span> <span class='ocrx_word' id='word_1_46' title='bbox 1486 832 1803 902; x_wconf 90' lang='lat' dir='ltr'><strong>assequitur,</strong></span> <span class='ocrx_word' id='word_1_47' title='bbox 1838 827 2002 883; x_wconf 90' lang='lat' dir='ltr'><strong>multa</strong></span> <span class='ocrx_word' id='word_1_48' title='bbox 2028 840 2127 880; x_wconf 81' lang='lat' dir='ltr'><strong>vo-</strong></span> 
     </span>
    </p>
   </div>
   <div class='ocr_carea' id='block_1_8' title="bbox 545 917 2129 1003">
    <p class='ocr_par' dir='ltr' id='par_1_8' title="bbox 545 917 2129 1003">
     <span class='ocr_line' id='line_1_8' title="bbox 545 917 2129 1003; baseline -0.009 -16"><span class='ocrx_word' id='word_1_49' title='bbox 545 934 745 1003; x_wconf 89' lang='lat' dir='ltr'><strong>luptate</strong></span> <span class='ocrx_word' id='word_1_50' title='bbox 773 930 1010 1002; x_wconf 87' lang='lat' dir='ltr'><strong>perfusa,</strong></span> <span class='ocrx_word' id='word_1_51' title='bbox 1037 927 1105 982; x_wconf 89' lang='lat' dir='ltr'><strong>ad</strong></span> <span class='ocrx_word' id='word_1_52' title='bbox 1133 925 1568 982; x_wconf 83' lang='lat' dir='ltr'><strong>acclamationem</strong></span> <span class='ocrx_word' id='word_1_53' title='bbox 1595 929 1650 977; x_wconf 90' lang='lat' dir='ltr'><strong>et</strong></span> <span class='ocrx_word' id='word_1_54' title='bbox 1668 919 1878 975; x_wconf 86' lang='lat' dir='ltr'><strong>laudem</strong></span> <span class='ocrx_word' id='word_1_55' title='bbox 1901 917 2129 973; x_wconf 87' lang='lat' dir='ltr'><strong>oratoris</strong></span> 
     </span>
    </p>
   </div>
   <div class='ocr_carea' id='block_1_9' title="bbox 549 1010 2128 1090">
    <p class='ocr_par' dir='ltr' id='par_1_9' title="bbox 549 1010 2128 1090">
     <span class='ocr_line' id='line_1_9' title="bbox 549 1010 2128 1090; baseline -0.011 -10"><span class='ocrx_word' id='word_1_56' title='bbox 549 1026 835 1081; x_wconf 80' lang='lat' dir='ltr'><strong>excitatur.</strong></span> <span class='ocrx_word' id='word_1_57' title='bbox 873 1019 1098 1090; x_wconf 84' lang='lat' dir='ltr'><strong>Quando</strong></span> <span class='ocrx_word' id='word_1_58' title='bbox 1138 1019 1297 1089; x_wconf 78' lang='lat' dir='ltr'><strong>igitur</strong></span> <span class='ocrx_word' id='word_1_59' title='bbox 1319 1014 1531 1072; x_wconf 86' lang='lat' dir='ltr'><strong>abunde</strong></span> <span class='ocrx_word' id='word_1_60' title='bbox 1557 1027 1653 1069; x_wconf 84' lang='lat' dir='ltr'><strong>vos</strong></span> <span class='ocrx_word' id='word_1_61' title='bbox 1686 1012 1772 1067; x_wconf 87' lang='lat' dir='ltr'><strong>his</strong></span> <span class='ocrx_word' id='word_1_62' title='bbox 1813 1010 2005 1067; x_wconf 91' lang='lat' dir='ltr'><strong>diebus</strong></span> <span class='ocrx_word' id='word_1_63' title='bbox 2042 1024 2128 1063; x_wconf 87' lang='lat' dir='ltr'><strong>re-</strong></span> 
     </span>
    </p>
   </div>
   <div class='ocr_carea' id='block_1_10' title="bbox 543 1102 2127 1183">
    <p class='ocr_par' dir='ltr' id='par_1_10' title="bbox 543 1102 2127 1183">
     <span class='ocr_line' id='line_1_10' title="bbox 543 1102 2127 1183; baseline -0.009 -14"><span class='ocrx_word' id='word_1_64' title='bbox 543 1115 871 1179; x_wconf 81' lang='lat' dir='ltr'><strong>creavimus,</strong></span> <span class='ocrx_word' id='word_1_65' title='bbox 902 1126 1074 1183; x_wconf 92' lang='lat' dir='ltr'><strong>neque</strong></span> <span class='ocrx_word' id='word_1_66' title='bbox 1098 1110 1381 1165; x_wconf 89' lang='lat' dir='ltr'><strong>molestum</strong></span> <span class='ocrx_word' id='word_1_67' title='bbox 1409 1116 1502 1162; x_wconf 90' lang='lat' dir='ltr'><strong>aut</strong></span> <span class='ocrx_word' id='word_1_68' title='bbox 1528 1120 1689 1178; x_wconf 87' lang='lat' dir='ltr'><strong>grave</strong></span> <span class='ocrx_word' id='word_1_69' title='bbox 1716 1102 2003 1175; x_wconf 89' lang='lat' dir='ltr'><strong>quidquam</strong></span> <span class='ocrx_word' id='word_1_70' title='bbox 2034 1117 2127 1155; x_wconf 90' lang='lat' dir='ltr'><strong>ve-</strong></span> 
     </span>
    </p>
   </div>
   <div class='ocr_carea' id='block_1_11' title="bbox 544 1195 2127 1277">
    <p class='ocr_par' dir='ltr' id='par_1_11' title="bbox 544 1195 2127 1277">
     <span class='ocr_line' id='line_1_11' title="bbox 544 1195 2127 1277; baseline -0.008 -15"><span class='ocrx_word' id='word_1_71' title='bbox 544 1200 674 1262; x_wconf 74' lang='lat' dir='ltr'><strong>stra:</strong></span> <span class='ocrx_word' id='word_1_72' title='bbox 716 1206 1011 1277; x_wconf 88' lang='lat' dir='ltr'><strong>objecimus</strong></span> <span class='ocrx_word' id='word_1_73' title='bbox 1062 1204 1308 1268; x_wconf 82' lang='lat' dir='ltr'><strong>caritati,</strong></span> <span class='ocrx_word' id='word_1_74' title='bbox 1350 1215 1450 1272; x_wconf 90' lang='lat' dir='ltr'><strong>age</strong></span> <span class='ocrx_word' id='word_1_75' title='bbox 1497 1214 1683 1255; x_wconf 85' lang='lat' dir='ltr'><strong>rursus</strong></span> <span class='ocrx_word' id='word_1_76' title='bbox 1728 1198 1888 1253; x_wconf 91' lang='lat' dir='ltr'><strong>hodie</strong></span> <span class='ocrx_word' id='word_1_77' title='bbox 1928 1212 2023 1250; x_wconf 90' lang='lat' dir='ltr'><strong>vos</strong></span> <span class='ocrx_word' id='word_1_78' title='bbox 2060 1195 2127 1250; x_wconf 91' lang='lat' dir='ltr'><strong>ad</strong></span> 
     </span>
    </p>
   </div>
   <div class='ocr_carea' id='block_1_12' title="bbox 548 1288 2126 1371">
    <p class='ocr_par' dir='ltr' id='par_1_12' title="bbox 548 1288 2126 1371">
     <span class='ocr_line' id='line_1_12' title="bbox 548 1288 2126 1371; baseline -0.008 -17"><span class='ocrx_word' id='word_1_79' title='bbox 548 1299 781 1371; x_wconf 87' lang='lat' dir='ltr'><strong>priorem</strong></span> <span class='ocrx_word' id='word_1_80' title='bbox 809 1296 1245 1353; x_wconf 81' lang='lat' dir='ltr'><strong>exercitationem</strong></span> <span class='ocrx_word' id='word_1_81' title='bbox 1272 1294 1631 1358; x_wconf 80' lang='lat' dir='ltr'><strong>traducamus,</strong></span> <span class='ocrx_word' id='word_1_82' title='bbox 1656 1299 1712 1347; x_wconf 92' lang='lat' dir='ltr'><strong>et</strong></span> <span class='ocrx_word' id='word_1_83' title='bbox 1752 1289 1823 1346; x_wconf 90' lang='lat' dir='ltr'><strong>ad</strong></span> <span class='ocrx_word' id='word_1_84' title='bbox 1849 1289 1937 1345; x_wconf 87' lang='lat' dir='ltr'><strong>illa</strong></span> <span class='ocrx_word' id='word_1_85' title='bbox 1978 1288 2126 1344; x_wconf 88' lang='lat' dir='ltr'><strong>Scri-</strong></span> 
     </span>
    </p>
   </div>
   <div class='ocr_carea' id='block_1_13' title="bbox 548 1379 2127 1462">
    <p class='ocr_par' dir='ltr' id='par_1_13' title="bbox 548 1379 2127 1462">
     <span class='ocr_line' id='line_1_13' title="bbox 548 1379 2127 1462; baseline -0.008 -15"><span class='ocrx_word' id='word_1_86' title='bbox 548 1400 720 1462; x_wconf 70' lang='lat' dir='ltr'><strong>ptura:</strong></span> <span class='ocrx_word' id='word_1_87' title='bbox 748 1389 980 1446; x_wconf 80' lang='lat' dir='ltr'><strong>difficilia</strong></span> <span class='ocrx_word' id='word_1_88' title='bbox 1009 1389 1146 1457; x_wconf 90' lang='lat' dir='ltr'><strong>loca,</strong></span> <span class='ocrx_word' id='word_1_89' title='bbox 1175 1401 1293 1459; x_wconf 67' lang='lat' dir='ltr'><strong>qua:</strong></span> <span class='ocrx_word' id='word_1_90' title='bbox 1321 1385 1483 1441; x_wconf 89' lang='lat' dir='ltr'><strong>multa</strong></span> <span class='ocrx_word' id='word_1_91' title='bbox 1510 1383 1749 1455; x_wconf 80' lang='lat' dir='ltr'><strong>indigent</strong></span> <span class='ocrx_word' id='word_1_92' title='bbox 1790 1379 2127 1437; x_wconf 88' lang='lat' dir='ltr'><strong>animadver-</strong></span> 
     </span>
    </p>
   </div>
   <div class='ocr_carea' id='block_1_14' title="bbox 548 1473 2125 1549">
    <p class='ocr_par' dir='ltr' id='par_1_14' title="bbox 548 1473 2125 1549">
     <span class='ocr_line' id='line_1_14' title="bbox 548 1473 2125 1549; baseline -0.008 -11"><span class='ocrx_word' id='word_1_93' title='bbox 548 1483 730 1549; x_wconf 87' lang='lat' dir='ltr'><strong>sione,</strong></span> <span class='ocrx_word' id='word_1_94' title='bbox 764 1482 1141 1537; x_wconf 79' lang='lat' dir='ltr'><strong>transferamus</strong></span> <span class='ocrx_word' id='word_1_95' title='bbox 1162 1522 1178 1549; x_wconf 94' lang='lat'><strong>,</strong></span> <span class='ocrx_word' id='word_1_96' title='bbox 1221 1494 1327 1535; x_wconf 91' lang='lat' dir='ltr'><strong>non</strong></span> <span class='ocrx_word' id='word_1_97' title='bbox 1369 1486 1428 1534; x_wconf 88' lang='lat' dir='ltr'><strong>ut</strong></span> <span class='ocrx_word' id='word_1_98' title='bbox 1461 1476 1641 1532; x_wconf 86' lang='lat' dir='ltr'><strong>labore</strong></span> <span class='ocrx_word' id='word_1_99' title='bbox 1666 1490 1760 1531; x_wconf 89' lang='lat' dir='ltr'><strong>vos</strong></span> <span class='ocrx_word' id='word_1_100' title='bbox 1793 1473 2088 1544; x_wconf 88' lang='lat' dir='ltr'><strong>affligamus</strong></span> <span class='ocrx_word' id='word_1_101' title='bbox 2111 1515 2125 1539; x_wconf 92' lang='lat'><strong>,</strong></span> 
     </span>
    </p>
   </div>
   <div class='ocr_carea' id='block_1_15' title="bbox 549 1566 2127 1642">
    <p class='ocr_par' dir='ltr' id='par_1_15' title="bbox 549 1566 2127 1642">
     <span class='ocr_line' id='line_1_15' title="bbox 549 1566 2127 1642; baseline -0.007 -12"><span class='ocrx_word' id='word_1_102' title='bbox 549 1572 644 1630; x_wconf 86' lang='lat' dir='ltr'><strong>sed</strong></span> <span class='ocrx_word' id='word_1_103' title='bbox 674 1581 730 1628; x_wconf 93' lang='lat' dir='ltr'><strong>ut</strong></span> <span class='ocrx_word' id='word_1_104' title='bbox 756 1586 1129 1635; x_wconf 79' lang='lat' dir='ltr'><strong>exerceamus,</strong></span> <span class='ocrx_word' id='word_1_105' title='bbox 1159 1586 1264 1642; x_wconf 92' lang='lat' dir='ltr'><strong>quo</strong></span> <span class='ocrx_word' id='word_1_106' title='bbox 1290 1569 1504 1641; x_wconf 86' lang='lat' dir='ltr'><strong>possitis</strong></span> <span class='ocrx_word' id='word_1_107' title='bbox 1533 1568 1649 1623; x_wconf 66' lang='lat' dir='ltr'><strong>haec</strong></span> <span class='ocrx_word' id='word_1_108' title='bbox 1673 1568 1833 1623; x_wconf 86' lang='lat' dir='ltr'><strong>etiam</strong></span> <span class='ocrx_word' id='word_1_109' title='bbox 1865 1566 1980 1621; x_wconf 92' lang='lat' dir='ltr'><strong>loca</strong></span> <span class='ocrx_word' id='word_1_110' title='bbox 2005 1580 2127 1620; x_wconf 90' lang='lat' dir='ltr'><strong>cum</strong></span> 
     </span>
    </p>
   </div>
   <div class='ocr_carea' id='block_1_16' title="bbox 549 1655 2129 1732">
    <p class='ocr_par' dir='ltr' id='par_1_16' title="bbox 549 1655 2129 1732">
     <span class='ocr_line' id='line_1_16' title="bbox 549 1655 2129 1732; baseline -0.006 -12"><span class='ocrx_word' id='word_1_111' title='bbox 549 1664 834 1720; x_wconf 85' lang='lat' dir='ltr'><strong>securitate</strong></span> <span class='ocrx_word' id='word_1_112' title='bbox 872 1676 1202 1732; x_wconf 88' lang='lat' dir='ltr'><strong>percurrere.</strong></span> <span class='ocrx_word' id='word_1_113' title='bbox 1252 1661 1319 1716; x_wconf 92' lang='lat' dir='ltr'><strong>Ut</strong></span> <span class='ocrx_word' id='word_1_114' title='bbox 1358 1674 1487 1731; x_wconf 91' lang='lat' dir='ltr'><strong>ergo</strong></span> <span class='ocrx_word' id='word_1_115' title='bbox 1525 1667 1635 1713; x_wconf 91' lang='lat' dir='ltr'><strong>tum</strong></span> <span class='ocrx_word' id='word_1_116' title='bbox 1683 1656 1938 1727; x_wconf 91' lang='lat' dir='ltr'><strong>temporis</strong></span> <span class='ocrx_word' id='word_1_117' title='bbox 1978 1655 2129 1710; x_wconf 90' lang='lat' dir='ltr'><strong>initio</strong></span> 
     </span>
    </p>
   </div>
   <div class='ocr_carea' id='block_1_17' title="bbox 549 1747 2126 1825">
    <p class='ocr_par' dir='ltr' id='par_1_17' title="bbox 549 1747 2126 1825">
     <span class='ocr_line' id='line_1_17' title="bbox 549 1747 2126 1825; baseline -0.006 -16"><span class='ocrx_word' id='word_1_118' title='bbox 549 1754 763 1825; x_wconf 83' lang='lat' dir='ltr'><strong>quidem</strong></span> <span class='ocrx_word' id='word_1_119' title='bbox 803 1768 977 1825; x_wconf 90' lang='lat' dir='ltr'><strong>pugna</strong></span> <span class='ocrx_word' id='word_1_120' title='bbox 1008 1753 1249 1823; x_wconf 65' lang='lat' dir='ltr'><strong>quaedam</strong></span> <span class='ocrx_word' id='word_1_121' title='bbox 1286 1766 1405 1807; x_wconf 91' lang='lat' dir='ltr'><strong>esse</strong></span> <span class='ocrx_word' id='word_1_122' title='bbox 1441 1764 1505 1806; x_wconf 90' lang='lat' dir='ltr'><strong>ac</strong></span> <span class='ocrx_word' id='word_1_123' title='bbox 1547 1752 1817 1805; x_wconf 89' lang='lat' dir='ltr'><strong>contentio</strong></span> <span class='ocrx_word' id='word_1_124' title='bbox 1849 1747 2126 1803; x_wconf 84' lang='lat' dir='ltr'><strong>videbatur</strong></span> 
     </span>
    </p>
   </div>
   <div class='ocr_carea' id='block_1_18' title="bbox 548 1840 2126 1917">
    <p class='ocr_par' dir='ltr' id='par_1_18' title="bbox 548 1840 2126 1917">
     <span class='ocr_line' id='line_1_18' title="bbox 548 1840 2126 1917; baseline -0.005 -15"><span class='ocrx_word' id='word_1_125' title='bbox 548 1845 933 1917; x_wconf 88' lang='lat' dir='ltr'><strong>apostolorum,</strong></span> <span class='ocrx_word' id='word_1_126' title='bbox 952 1854 1227 1916; x_wconf 89' lang='lat' dir='ltr'><strong>postquam</strong></span> <span class='ocrx_word' id='word_1_127' title='bbox 1248 1851 1425 1899; x_wconf 90' lang='lat' dir='ltr'><strong>autem</strong></span> <span class='ocrx_word' id='word_1_128' title='bbox 1448 1840 1696 1912; x_wconf 90' lang='lat' dir='ltr'><strong>scopulos</strong></span> <span class='ocrx_word' id='word_1_129' title='bbox 1716 1841 1835 1897; x_wconf 88' lang='lat' dir='ltr'><strong>illos</strong></span> <span class='ocrx_word' id='word_1_130' title='bbox 1864 1854 2126 1896; x_wconf 89' lang='lat' dir='ltr'><strong>conscen-</strong></span> 
     </span>
    </p>
   </div>
   <div class='ocr_carea' id='block_1_19' title="bbox 548 1932 2127 2006">
    <p class='ocr_par' dir='ltr' id='par_1_19' title="bbox 548 1932 2127 2006">
     <span class='ocr_line' id='line_1_19' title="bbox 548 1932 2127 2006; baseline -0.004 -13"><span class='ocrx_word' id='word_1_131' title='bbox 548 1938 756 2002; x_wconf 88' lang='lat' dir='ltr'><strong>dimus,</strong></span> <span class='ocrx_word' id='word_1_132' title='bbox 789 1951 1002 1993; x_wconf 89' lang='lat' dir='ltr'><strong>sursum</strong></span> <span class='ocrx_word' id='word_1_133' title='bbox 1032 1935 1226 1992; x_wconf 89' lang='lat' dir='ltr'><strong>deinde</strong></span> <span class='ocrx_word' id='word_1_134' title='bbox 1247 1933 1478 2006; x_wconf 88' lang='lat' dir='ltr'><strong>Spiritus</strong></span> <span class='ocrx_word' id='word_1_135' title='bbox 1512 1932 1741 1988; x_wconf 91' lang='lat' dir='ltr'><strong>fructum</strong></span> <span class='ocrx_word' id='word_1_136' title='bbox 1784 1932 2089 2003; x_wconf 81' lang='lat' dir='ltr'><strong>aspeximus</strong></span> <span class='ocrx_word' id='word_1_137' title='bbox 2110 1972 2127 1996; x_wconf 93' lang='lat'><strong>,</strong></span> 
     </span>
    </p>
   </div>
   <div class='ocr_carea' id='block_1_20' title="bbox 546 2014 2129 2098">
    <p class='ocr_par' dir='ltr' id='par_1_20' title="bbox 546 2014 2129 2098">
     <span class='ocr_line' id='line_1_20' title="bbox 546 2014 2129 2098; baseline -0.003 -14"><span class='ocrx_word' id='word_1_138' title='bbox 546 2029 821 2084; x_wconf 86' lang='lat' dir='ltr'><strong>caritatem</strong></span> <span class='ocrx_word' id='word_1_139' title='bbox 846 2070 860 2094; x_wconf 91' lang='lat'><strong>,</strong></span> <span class='ocrx_word' id='word_1_140' title='bbox 890 2026 1176 2097; x_wconf 78' lang='lat' dir='ltr'><strong>gaudium,</strong></span> <span class='ocrx_word' id='word_1_141' title='bbox 1215 2041 1400 2098; x_wconf 90' lang='lat' dir='ltr'><strong>pacem</strong></span> <span class='ocrx_word' id='word_1_142' title='bbox 1432 2014 1583 2096; x_wconf 73' lang='lat' dir='ltr'><strong>(Gai.</strong></span> <span class='ocrx_word' id='word_1_143' title='bbox 1616 2025 1671 2081; x_wconf 85' lang='lat'><strong>5.</strong></span> <span class='ocrx_word' id='word_1_144' title='bbox 1702 2021 1832 2096; x_wconf 70' lang='lat'><strong>22),</strong></span> <span class='ocrx_word' id='word_1_145' title='bbox 1864 2032 1921 2080; x_wconf 93' lang='lat' dir='ltr'><strong>et</strong></span> <span class='ocrx_word' id='word_1_146' title='bbox 1956 2038 2129 2094; x_wconf 89' lang='lat' dir='ltr'><strong>neque</strong></span> 
     </span>
    </p>
   </div>
   <div class='ocr_carea' id='block_1_21' title="bbox 546 2118 2126 2191">
    <p class='ocr_par' dir='ltr' id='par_1_21' title="bbox 546 2118 2126 2191">
     <span class='ocr_line' id='line_1_21' title="bbox 546 2118 2126 2191; baseline -0.003 -16"><span class='ocrx_word' id='word_1_147' title='bbox 546 2120 743 2187; x_wconf 89' lang='lat' dir='ltr'><strong>inanis,</strong></span> <span class='ocrx_word' id='word_1_148' title='bbox 774 2135 949 2191; x_wconf 91' lang='lat' dir='ltr'><strong>neque</strong></span> <span class='ocrx_word' id='word_1_149' title='bbox 975 2134 1404 2191; x_wconf 89' lang='lat' dir='ltr'><strong>supervacaneus</strong></span> <span class='ocrx_word' id='word_1_150' title='bbox 1435 2118 1532 2173; x_wconf 93' lang='lat' dir='ltr'><strong>fuit</strong></span> <span class='ocrx_word' id='word_1_151' title='bbox 1551 2118 1700 2173; x_wconf 88' lang='lat' dir='ltr'><strong>labor</strong></span> <span class='ocrx_word' id='word_1_152' title='bbox 1720 2127 1923 2185; x_wconf 88' lang='lat' dir='ltr'><strong>noster,</strong></span> <span class='ocrx_word' id='word_1_153' title='bbox 1954 2118 2046 2174; x_wconf 85' lang='lat' dir='ltr'><strong>sed</strong></span> <span class='ocrx_word' id='word_1_154' title='bbox 2073 2118 2126 2172; x_wconf 93' lang='lat' dir='ltr'><strong>in</strong></span> 
     </span>
    </p>
   </div>
   <div class='ocr_carea' id='block_1_22' title="bbox 553 2210 2126 2280">
    <p class='ocr_par' dir='ltr' id='par_1_22' title="bbox 553 2210 2126 2280">
     <span class='ocr_line' id='line_1_22' title="bbox 553 2210 2126 2280; baseline -0.002 -14"><span class='ocrx_word' id='word_1_155' title='bbox 553 2213 792 2267; x_wconf 66' lang='lat' dir='ltr'><strong>lartitiam</strong></span> <span class='ocrx_word' id='word_1_156' title='bbox 815 2212 972 2269; x_wconf 86' lang='lat' dir='ltr'><strong>desiit</strong></span> <span class='ocrx_word' id='word_1_157' title='bbox 995 2230 1009 2267; x_wconf 94' lang='lat'>:</span> <span class='ocrx_word' id='word_1_158' title='bbox 1031 2212 1110 2267; x_wconf 90' lang='lat' dir='ltr'><strong>sic</strong></span> <span class='ocrx_word' id='word_1_159' title='bbox 1134 2222 1188 2267; x_wconf 90' lang='lat' dir='ltr'><strong>et</strong></span> <span class='ocrx_word' id='word_1_160' title='bbox 1209 2211 1369 2267; x_wconf 91' lang='lat' dir='ltr'><strong>hodie</strong></span> <span class='ocrx_word' id='word_1_161' title='bbox 1393 2220 1686 2267; x_wconf 88' lang='lat' dir='ltr'><strong>vestrarum</strong></span> <span class='ocrx_word' id='word_1_162' title='bbox 1715 2225 1931 2280; x_wconf 86' lang='lat' dir='ltr'><strong>precum</strong></span> <span class='ocrx_word' id='word_1_163' title='bbox 1955 2210 2126 2265; x_wconf 82' lang='lat' dir='ltr'><strong>subsi-</strong></span> 
     </span>
    </p>
   </div>
   <div class='ocr_carea' id='block_1_23' title="bbox 547 2300 2126 2370">
    <p class='ocr_par' dir='ltr' id='par_1_23' title="bbox 547 2300 2126 2370">
     <span class='ocr_line' id='line_1_23' title="bbox 547 2300 2126 2370; baseline -0.002 -13"><span class='ocrx_word' id='word_1_164' title='bbox 547 2303 637 2358; x_wconf 92' lang='lat' dir='ltr'><strong>dio</strong></span> <span class='ocrx_word' id='word_1_165' title='bbox 666 2305 834 2358; x_wconf 89' lang='lat' dir='ltr'><strong>fretus</strong></span> <span class='ocrx_word' id='word_1_166' title='bbox 865 2302 1100 2358; x_wconf 91' lang='lat' dir='ltr'><strong>futurum</strong></span> <span class='ocrx_word' id='word_1_167' title='bbox 1126 2301 1340 2358; x_wconf 82' lang='lat' dir='ltr'><strong>confido</strong></span> <span class='ocrx_word' id='word_1_168' title='bbox 1361 2342 1377 2368; x_wconf 96' lang='lat'><strong>,</strong></span> <span class='ocrx_word' id='word_1_169' title='bbox 1416 2310 1495 2368; x_wconf 93' lang='lat' dir='ltr'><strong>ut,</strong></span> <span class='ocrx_word' id='word_1_170' title='bbox 1527 2300 1573 2355; x_wconf 89' lang='lat' dir='ltr'><strong>si</strong></span> <span class='ocrx_word' id='word_1_171' title='bbox 1601 2300 1861 2370; x_wconf 88' lang='lat' dir='ltr'><strong>patienter</strong></span> <span class='ocrx_word' id='word_1_172' title='bbox 1880 2308 1935 2355; x_wconf 91' lang='lat' dir='ltr'><strong>et</strong></span> <span class='ocrx_word' id='word_1_173' title='bbox 1963 2300 2126 2354; x_wconf 90' lang='lat' dir='ltr'><strong>multa</strong></span> 
     </span>
    </p>
   </div>
   <div class='ocr_carea' id='block_1_24' title="bbox 545 2392 2127 2466">
    <p class='ocr_par' dir='ltr' id='par_1_24' title="bbox 545 2392 2127 2466">
     <span class='ocr_line' id='line_1_24' title="bbox 545 2392 2127 2466; baseline -0.004 -15"><span class='ocrx_word' id='word_1_174' title='bbox 545 2410 666 2451; x_wconf 93' lang='lat' dir='ltr'><strong>eum</strong></span> <span class='ocrx_word' id='word_1_175' title='bbox 692 2395 969 2451; x_wconf 87' lang='lat' dir='ltr'><strong>tolerantia</strong></span> <span class='ocrx_word' id='word_1_176' title='bbox 999 2394 1325 2466; x_wconf 89' lang='lat' dir='ltr'><strong>propositum</strong></span> <span class='ocrx_word' id='word_1_177' title='bbox 1353 2393 1505 2449; x_wconf 90' lang='lat' dir='ltr'><strong>nobis</strong></span> <span class='ocrx_word' id='word_1_178' title='bbox 1528 2393 1626 2448; x_wconf 90' lang='lat' dir='ltr'><strong>iter</strong></span> <span class='ocrx_word' id='word_1_179' title='bbox 1647 2392 2015 2460; x_wconf 89' lang='lat' dir='ltr'><strong>conficiamus,</strong></span> <span class='ocrx_word' id='word_1_180' title='bbox 2047 2401 2127 2446; x_wconf 87' lang='lat' dir='ltr'><strong>at-</strong></span> 
     </span>
    </p>
   </div>
   <div class='ocr_carea' id='block_1_25' title="bbox 547 2482 2128 2557">
    <p class='ocr_par' dir='ltr' id='par_1_25' title="bbox 547 2482 2128 2557">
     <span class='ocr_line' id='line_1_25' title="bbox 547 2482 2128 2557; baseline -0.004 -16"><span class='ocrx_word' id='word_1_181' title='bbox 547 2501 650 2557; x_wconf 92' lang='lat' dir='ltr'><strong>que</strong></span> <span class='ocrx_word' id='word_1_182' title='bbox 674 2484 741 2541; x_wconf 89' lang='lat' dir='ltr'><strong>ad</strong></span> <span class='ocrx_word' id='word_1_183' title='bbox 768 2486 939 2556; x_wconf 90' lang='lat' dir='ltr'><strong>ipsum</strong></span> <span class='ocrx_word' id='word_1_184' title='bbox 966 2499 1222 2541; x_wconf 89' lang='lat' dir='ltr'><strong>cacumen</strong></span> <span class='ocrx_word' id='word_1_185' title='bbox 1244 2482 1537 2541; x_wconf 87' lang='lat' dir='ltr'><strong>ascendere</strong></span> <span class='ocrx_word' id='word_1_186' title='bbox 1563 2483 1846 2553; x_wconf 91' lang='lat' dir='ltr'><strong>possimus,</strong></span> <span class='ocrx_word' id='word_1_187' title='bbox 1875 2482 1984 2538; x_wconf 90' lang='lat' dir='ltr'><strong>illic</strong></span> <span class='ocrx_word' id='word_1_188' title='bbox 2012 2496 2128 2537; x_wconf 90' lang='lat' dir='ltr'><strong>om-</strong></span> 
     </span>
    </p>
   </div>
   <div class='ocr_carea' id='block_1_26' title="bbox 546 2574 2127 2649">
    <p class='ocr_par' dir='ltr' id='par_1_26' title="bbox 546 2574 2127 2649">
     <span class='ocr_line' id='line_1_26' title="bbox 546 2574 2127 2649; baseline -0.001 -18"><span class='ocrx_word' id='word_1_189' title='bbox 546 2579 632 2632; x_wconf 89' lang='lat' dir='ltr'><strong>nia</strong></span> <span class='ocrx_word' id='word_1_190' title='bbox 660 2578 816 2649; x_wconf 88' lang='lat' dir='ltr'><strong>plana</strong></span> <span class='ocrx_word' id='word_1_191' title='bbox 840 2617 855 2644; x_wconf 91' lang='lat'><strong>,</strong></span> <span class='ocrx_word' id='word_1_192' title='bbox 883 2577 1037 2633; x_wconf 67' lang='lat' dir='ltr'><strong>laevia</strong></span> <span class='ocrx_word' id='word_1_193' title='bbox 1062 2617 1078 2643; x_wconf 94' lang='lat'><strong>,</strong></span> <span class='ocrx_word' id='word_1_194' title='bbox 1124 2590 1397 2646; x_wconf 90' lang='lat' dir='ltr'><strong>pronaque</strong></span> <span class='ocrx_word' id='word_1_195' title='bbox 1422 2576 1774 2647; x_wconf 86' lang='lat' dir='ltr'><strong>reperiamus.</strong></span> <span class='ocrx_word' id='word_1_196' title='bbox 1806 2574 1942 2643; x_wconf 85' lang='lat' dir='ltr'><strong>Quid</strong></span> <span class='ocrx_word' id='word_1_197' title='bbox 1970 2574 2127 2645; x_wconf 89' lang='lat' dir='ltr'><strong>igitttr</strong></span> 
     </span>
    </p>
   </div>
   <div class='ocr_carea' id='block_1_27' title="bbox 543 2666 2123 2741">
    <p class='ocr_par' dir='ltr' id='par_1_27' title="bbox 543 2666 2123 2741">
     <span class='ocr_line' id='line_1_27' title="bbox 543 2666 2123 2741; baseline -0.002 -18"><span class='ocrx_word' id='word_1_198' title='bbox 543 2672 651 2741; x_wconf 84' lang='lat' dir='ltr'><strong>jam</strong></span> <span class='ocrx_word' id='word_1_199' title='bbox 682 2670 836 2725; x_wconf 90' lang='lat' dir='ltr'><strong>nobis</strong></span> <span class='ocrx_word' id='word_1_200' title='bbox 865 2680 946 2726; x_wconf 90' lang='lat' dir='ltr'><strong>est</strong></span> <span class='ocrx_word' id='word_1_201' title='bbox 987 2668 1357 2741; x_wconf 83' lang='lat' dir='ltr'><strong>propositum?</strong></span> <span class='ocrx_word' id='word_1_202' title='bbox 1390 2667 1542 2737; x_wconf 84' lang='lat' dir='ltr'><strong>Quod</strong></span> <span class='ocrx_word' id='word_1_203' title='bbox 1569 2666 1731 2723; x_wconf 88' lang='lat' dir='ltr'><strong>hodie</strong></span> <span class='ocrx_word' id='word_1_204' title='bbox 1772 2683 1837 2722; x_wconf 78' lang='lat' dir='ltr'><strong>ex</strong></span> <span class='ocrx_word' id='word_1_205' title='bbox 1865 2667 2123 2737; x_wconf 88' lang='lat' dir='ltr'><strong>propheta</strong></span> 
     </span>
    </p>
   </div>
   <div class='ocr_carea' id='block_1_28' title="bbox 546 2759 2127 2831">
    <p class='ocr_par' dir='ltr' id='par_1_28' title="bbox 546 2759 2127 2831">
     <span class='ocr_line' id='line_1_28' title="bbox 546 2759 2127 2831; baseline -0.002 -15"><span class='ocrx_word' id='word_1_206' title='bbox 546 2761 745 2817; x_wconf 88' lang='lat' dir='ltr'><strong>lectum</strong></span> <span class='ocrx_word' id='word_1_207' title='bbox 770 2771 853 2817; x_wconf 88' lang='lat' dir='ltr'><strong>est</strong></span> <span class='ocrx_word' id='word_1_208' title='bbox 883 2780 897 2817; x_wconf 88' lang='lat'><strong>:</strong></span> <span class='ocrx_word' id='word_1_209' title='bbox 922 2760 1156 2828; x_wconf 81' lang='lat' dir='ltr'><strong>Domine,</strong></span> <span class='ocrx_word' id='word_1_210' title='bbox 1188 2776 1291 2815; x_wconf 90' lang='lat' dir='ltr'><strong>non</strong></span> <span class='ocrx_word' id='word_1_211' title='bbox 1315 2769 1388 2815; x_wconf 89' lang='lat' dir='ltr'><strong>est</strong></span> <span class='ocrx_word' id='word_1_212' title='bbox 1406 2761 1461 2815; x_wconf 88' lang='lat' dir='ltr'><strong>in</strong></span> <span class='ocrx_word' id='word_1_213' title='bbox 1489 2759 1689 2814; x_wconf 79' lang='lat' dir='ltr'><strong>homine</strong></span> <span class='ocrx_word' id='word_1_214' title='bbox 1704 2760 1785 2814; x_wconf 76' lang='lat' dir='ltr'><strong>via</strong></span> <span class='ocrx_word' id='word_1_215' title='bbox 1812 2761 1941 2831; x_wconf 83' lang='lat' dir='ltr'><strong>ejus,</strong></span> <span class='ocrx_word' id='word_1_216' title='bbox 1969 2776 2127 2827; x_wconf 88' lang='lat' dir='ltr'><strong>neque</strong></span> 
     </span>
    </p>
   </div>
   <div class='ocr_carea' id='block_1_29' title="bbox 545 2853 2120 2927">
    <p class='ocr_par' dir='ltr' id='par_1_29' title="bbox 545 2853 2120 2927">
     <span class='ocr_line' id='line_1_29' title="bbox 545 2853 2120 2927; baseline -0.001 -18"><span class='ocrx_word' id='word_1_217' title='bbox 545 2856 636 2910; x_wconf 83' lang='lat' dir='ltr'><strong>ibit</strong></span> <span class='ocrx_word' id='word_1_218' title='bbox 665 2855 849 2924; x_wconf 86' lang='lat' dir='ltr'><strong>homo,</strong></span> <span class='ocrx_word' id='word_1_219' title='bbox 895 2864 942 2909; x_wconf 88' lang='lat' dir='ltr'><strong>et</strong></span> <span class='ocrx_word' id='word_1_220' title='bbox 990 2856 1175 2926; x_wconf 82' lang='lat' dir='ltr'><strong>diriget</strong></span> <span class='ocrx_word' id='word_1_221' title='bbox 1215 2871 1443 2926; x_wconf 86' lang='lat' dir='ltr'><strong>gressum</strong></span> <span class='ocrx_word' id='word_1_222' title='bbox 1481 2871 1626 2909; x_wconf 87' lang='lat' dir='ltr'><strong>suum</strong></span> <span class='ocrx_word' id='word_1_223' title='bbox 1670 2854 1817 2927; x_wconf 82' lang='lat' dir='ltr'><strong>(Jer.</strong></span> <span class='ocrx_word' id='word_1_224' title='bbox 1868 2855 1953 2911; x_wconf 83' lang='grc'><strong>10.</strong></span> <span class='ocrx_word' id='word_1_225' title='bbox 1994 2853 2120 2926; x_wconf 74' lang='lat'><strong>25).</strong></span> 
     </span>
    </p>
   </div>
   <div class='ocr_carea' id='block_1_30' title="bbox 555 2945 2126 3018">
    <p class='ocr_par' dir='ltr' id='par_1_30' title="bbox 555 2945 2126 3018">
     <span class='ocr_line' id='line_1_30' title="bbox 555 2945 2126 3018; baseline -0.001 -15"><span class='ocrx_word' id='word_1_226' title='bbox 555 2948 795 3016; x_wconf 67' lang='lat' dir='ltr'><strong>Quaestio</strong></span> <span class='ocrx_word' id='word_1_227' title='bbox 824 2946 1039 3018; x_wconf 90' lang='lat' dir='ltr'><strong>quidem</strong></span> <span class='ocrx_word' id='word_1_228' title='bbox 1068 2947 1183 3002; x_wconf 56' lang='lat' dir='ltr'><strong>haec</strong></span> <span class='ocrx_word' id='word_1_229' title='bbox 1206 2955 1330 3003; x_wconf 89' lang='lat' dir='ltr'><strong>est:</strong></span> <span class='ocrx_word' id='word_1_230' title='bbox 1359 2960 1455 3002; x_wconf 85' lang='lat' dir='ltr'><strong>vos</strong></span> <span class='ocrx_word' id='word_1_231' title='bbox 1477 2961 1639 3014; x_wconf 91' lang='lat' dir='ltr'><strong>vero,</strong></span> <span class='ocrx_word' id='word_1_232' title='bbox 1668 2956 1725 3002; x_wconf 89' lang='lat' dir='ltr'><strong>ut</strong></span> <span class='ocrx_word' id='word_1_233' title='bbox 1747 2945 1981 3003; x_wconf 91' lang='lat' dir='ltr'><strong>studium</strong></span> <span class='ocrx_word' id='word_1_234' title='bbox 2000 2954 2126 3002; x_wconf 91' lang='lat' dir='ltr'><strong>tunc</strong></span> 
     </span>
    </p>
   </div>
   <div class='ocr_carea' id='block_1_31' title="bbox 544 3039 2124 3112">
    <p class='ocr_par' dir='ltr' id='par_1_31' title="bbox 544 3039 2124 3112">
     <span class='ocr_line' id='line_1_31' title="bbox 544 3039 2124 3112; baseline -0.001 -16"><span class='ocrx_word' id='word_1_235' title='bbox 544 3042 882 3109; x_wconf 90' lang='lat' dir='ltr'><strong>adhibuistis,</strong></span> <span class='ocrx_word' id='word_1_236' title='bbox 907 3042 978 3096; x_wconf 92' lang='lat' dir='ltr'><strong>ita</strong></span> <span class='ocrx_word' id='word_1_237' title='bbox 995 3056 1137 3097; x_wconf 91' lang='lat' dir='ltr'><strong>nunc</strong></span> <span class='ocrx_word' id='word_1_238' title='bbox 1156 3041 1436 3112; x_wconf 86' lang='lat' dir='ltr'><strong>diligenter</strong></span> <span class='ocrx_word' id='word_1_239' title='bbox 1462 3039 1717 3097; x_wconf 86' lang='lat' dir='ltr'><strong>attendite</strong></span> <span class='ocrx_word' id='word_1_240' title='bbox 1746 3058 1759 3094; x_wconf 90' lang='lat'>:</span> <span class='ocrx_word' id='word_1_241' title='bbox 1793 3055 1964 3111; x_wconf 92' lang='lat' dir='ltr'><strong>neque</strong></span> <span class='ocrx_word' id='word_1_242' title='bbox 1981 3040 2124 3097; x_wconf 88' lang='lat' dir='ltr'><strong>enim</strong></span> 
     </span>
    </p>
   </div>
   <div class='ocr_carea' id='block_1_32' title="bbox 544 3131 2124 3203">
    <p class='ocr_par' dir='ltr' id='par_1_32' title="bbox 544 3131 2124 3203">
     <span class='ocr_line' id='line_1_32' title="bbox 544 3131 2124 3203; baseline -0.001 -15"><span class='ocrx_word' id='word_1_243' title='bbox 544 3133 635 3188; x_wconf 83' lang='lat' dir='ltr'><strong>illa</strong></span> <span class='ocrx_word' id='word_1_244' title='bbox 665 3133 841 3187; x_wconf 90' lang='lat' dir='ltr'><strong>minor</strong></span> <span class='ocrx_word' id='word_1_245' title='bbox 864 3142 948 3187; x_wconf 90' lang='lat' dir='ltr'><strong>est</strong></span> <span class='ocrx_word' id='word_1_246' title='bbox 980 3132 1094 3188; x_wconf 67' lang='lat' dir='ltr'><strong>haec</strong></span> <span class='ocrx_word' id='word_1_247' title='bbox 1121 3132 1382 3203; x_wconf 73' lang='lat' dir='ltr'><strong>quaestio,</strong></span> <span class='ocrx_word' id='word_1_248' title='bbox 1413 3131 1506 3187; x_wconf 92' lang='lat' dir='ltr'><strong>sed</strong></span> <span class='ocrx_word' id='word_1_249' title='bbox 1536 3132 1791 3201; x_wconf 91' lang='lat' dir='ltr'><strong>majorem</strong></span> <span class='ocrx_word' id='word_1_250' title='bbox 1821 3146 2004 3187; x_wconf 89' lang='lat' dir='ltr'><strong>curam</strong></span> <span class='ocrx_word' id='word_1_251' title='bbox 2033 3148 2124 3187; x_wconf 90' lang='lat' dir='ltr'><strong>rc-</strong></span> 
     </span>
    </p>
   </div>
   <div class='ocr_carea' id='block_1_33' title="bbox 542 3222 2124 3295">
    <p class='ocr_par' dir='ltr' id='par_1_33' title="bbox 542 3222 2124 3295">
     <span class='ocr_line' id='line_1_33' title="bbox 542 3222 2124 3295; baseline 0 -17"><span class='ocrx_word' id='word_1_252' title='bbox 542 3224 726 3295; x_wconf 91' lang='lat' dir='ltr'><strong>quirit.</strong></span> <span class='ocrx_word' id='word_1_253' title='bbox 759 3223 894 3292; x_wconf 93' lang='lat' dir='ltr'><strong>Quid</strong></span> <span class='ocrx_word' id='word_1_254' title='bbox 925 3223 997 3278; x_wconf 84' lang='lat' dir='ltr'><strong>ita</strong></span> <span class='ocrx_word' id='word_1_255' title='bbox 1018 3222 1042 3277; x_wconf 87' lang='lat'><strong>?</strong></span> <span class='ocrx_word' id='word_1_256' title='bbox 1062 3223 1323 3291; x_wconf 89' lang='lat' dir='ltr'><strong>Quoniam</strong></span> <span class='ocrx_word' id='word_1_257' title='bbox 1355 3222 1442 3278; x_wconf 92' lang='lat' dir='ltr'><strong>illa</strong></span> <span class='ocrx_word' id='word_1_258' title='bbox 1463 3222 1677 3294; x_wconf 89' lang='lat' dir='ltr'><strong>quidem</strong></span> <span class='ocrx_word' id='word_1_259' title='bbox 1705 3222 1848 3279; x_wconf 86' lang='lat' dir='ltr'><strong>Petri</strong></span> <span class='ocrx_word' id='word_1_260' title='bbox 1876 3231 1932 3279; x_wconf 91' lang='lat' dir='ltr'><strong>et</strong></span> <span class='ocrx_word' id='word_1_261' title='bbox 1955 3222 2124 3290; x_wconf 89' lang='lat' dir='ltr'><strong>Pauli,</strong></span> 
     </span>
    </p>
   </div>
   <div class='ocr_carea' id='block_1_34' title="bbox 543 3316 2124 3388">
    <p class='ocr_par' dir='ltr' id='par_1_34' title="bbox 543 3316 2124 3388">
     <span class='ocr_line' id='line_1_34' title="bbox 543 3316 2124 3388; baseline 0 -16"><span class='ocrx_word' id='word_1_262' title='bbox 543 3334 661 3388; x_wconf 71' lang='lat' dir='ltr'><strong>qua:</strong></span> <span class='ocrx_word' id='word_1_263' title='bbox 695 3316 973 3373; x_wconf 79' lang='lat' dir='ltr'><strong>videbatur</strong></span> <span class='ocrx_word' id='word_1_264' title='bbox 1010 3330 1132 3373; x_wconf 90' lang='lat' dir='ltr'><strong>esse</strong></span> <span class='ocrx_word' id='word_1_265' title='bbox 1172 3317 1571 3383; x_wconf 87' lang='lat' dir='ltr'><strong>controversia,</strong></span> <span class='ocrx_word' id='word_1_266' title='bbox 1623 3332 1723 3373; x_wconf 92' lang='lat' dir='ltr'><strong>nec</strong></span> <span class='ocrx_word' id='word_1_267' title='bbox 1756 3327 1933 3373; x_wconf 90' lang='lat' dir='ltr'><strong>tamen</strong></span> <span class='ocrx_word' id='word_1_268' title='bbox 1975 3325 2124 3383; x_wconf 89' lang='lat' dir='ltr'><strong>erat,</strong></span> 
     </span>
    </p>
   </div>
   <div class='ocr_carea' id='block_1_35' title="bbox 545 3411 2124 3483">
    <p class='ocr_par' dir='ltr' id='par_1_35' title="bbox 545 3411 2124 3483">
     <span class='ocr_line' id='line_1_35' title="bbox 545 3411 2124 3483; baseline 0 -16"><span class='ocrx_word' id='word_1_269' title='bbox 545 3427 650 3467; x_wconf 91' lang='lat' dir='ltr'><strong>non</strong></span> <span class='ocrx_word' id='word_1_270' title='bbox 679 3412 752 3467; x_wconf 89' lang='lat' dir='ltr'><strong>ita</strong></span> <span class='ocrx_word' id='word_1_271' title='bbox 778 3412 959 3468; x_wconf 89' lang='lat' dir='ltr'><strong>multis</strong></span> <span class='ocrx_word' id='word_1_272' title='bbox 990 3419 1113 3467; x_wconf 89' lang='lat' dir='ltr'><strong>nota</strong></span> <span class='ocrx_word' id='word_1_273' title='bbox 1136 3420 1272 3479; x_wconf 91' lang='lat' dir='ltr'><strong>erat,</strong></span> <span class='ocrx_word' id='word_1_274' title='bbox 1301 3411 1442 3466; x_wconf 91' lang='lat' dir='ltr'><strong>unde</strong></span> <span class='ocrx_word' id='word_1_275' title='bbox 1472 3425 1572 3467; x_wconf 92' lang='lat' dir='ltr'><strong>nec</strong></span> <span class='ocrx_word' id='word_1_276' title='bbox 1601 3411 1742 3466; x_wconf 90' lang='lat' dir='ltr'><strong>illam</strong></span> <span class='ocrx_word' id='word_1_277' title='bbox 1775 3412 2124 3483; x_wconf 89' lang='lat' dir='ltr'><strong>ignorantiam</strong></span> 
     </span>
    </p>
   </div>
   <div class='ocr_carea' id='block_1_36' title="bbox 547 3504 2123 3562">
    <p class='ocr_par' dir='ltr' id='par_1_36' title="bbox 547 3504 2123 3562">
     <span class='ocr_line' id='line_1_36' title="bbox 547 3504 2123 3562; baseline -0.002 -1"><span class='ocrx_word' id='word_1_278' title='bbox 547 3506 839 3562; x_wconf 87' lang='lat' dir='ltr'><strong>verisimile</strong></span> <span class='ocrx_word' id='word_1_279' title='bbox 888 3505 989 3562; x_wconf 90' lang='lat' dir='ltr'><strong>fuit</strong></span> <span class='ocrx_word' id='word_1_280' title='bbox 1047 3504 1271 3561; x_wconf 89' lang='lat' dir='ltr'><strong>multum</strong></span> <span class='ocrx_word' id='word_1_281' title='bbox 1325 3505 1655 3561; x_wconf 89' lang='lat' dir='ltr'><strong>invecturam</strong></span> <span class='ocrx_word' id='word_1_282' title='bbox 1697 3504 2123 3559; x_wconf 89' lang='lat' dir='ltr'><strong>detrimentum:</strong></span> 
     </span>
    </p>
   </div>
   <div class='ocr_carea' id='block_1_37' title="bbox 544 3595 2125 3667">
    <p class='ocr_par' dir='ltr' id='par_1_37' title="bbox 544 3595 2125 3667">
     <span class='ocr_line' id='line_1_37' title="bbox 544 3595 2125 3667; baseline -0.001 -14"><span class='ocrx_word' id='word_1_283' title='bbox 544 3600 659 3655; x_wconf 67' lang='lat' dir='ltr'><strong>hinc</strong></span> <span class='ocrx_word' id='word_1_284' title='bbox 678 3609 853 3656; x_wconf 91' lang='lat' dir='ltr'><strong>autem</strong></span> <span class='ocrx_word' id='word_1_285' title='bbox 871 3599 1134 3656; x_wconf 89' lang='lat' dir='ltr'><strong>sententia</strong></span> <span class='ocrx_word' id='word_1_286' title='bbox 1154 3596 1532 3654; x_wconf 83' lang='lat' dir='ltr'><strong>circumfertur</strong></span> <span class='ocrx_word' id='word_1_287' title='bbox 1550 3595 1764 3667; x_wconf 83' lang='lat' dir='ltr'><strong>ubique,</strong></span> <span class='ocrx_word' id='word_1_288' title='bbox 1788 3597 1841 3651; x_wconf 90' lang='lat' dir='ltr'><strong>in</strong></span> <span class='ocrx_word' id='word_1_289' title='bbox 1862 3596 2125 3663; x_wconf 92' lang='lat' dir='ltr'><strong>domibus,</strong></span> 
     </span>
    </p>
   </div>
   <div class='ocr_carea' id='block_1_38' title="bbox 546 3688 2128 3763">
    <p class='ocr_par' dir='ltr' id='par_1_38' title="bbox 546 3688 2128 3763">
     <span class='ocr_line' id='line_1_38' title="bbox 546 3688 2128 3763; baseline -0.001 -18"><span class='ocrx_word' id='word_1_290' title='bbox 546 3692 599 3745; x_wconf 93' lang='lat' dir='ltr'><strong>in</strong></span> <span class='ocrx_word' id='word_1_291' title='bbox 622 3691 769 3759; x_wconf 90' lang='lat' dir='ltr'><strong>foris,</strong></span> <span class='ocrx_word' id='word_1_292' title='bbox 803 3692 855 3746; x_wconf 91' lang='lat' dir='ltr'><strong>in</strong></span> <span class='ocrx_word' id='word_1_293' title='bbox 884 3691 1052 3763; x_wconf 87' lang='lat' dir='ltr'><strong>pagis,</strong></span> <span class='ocrx_word' id='word_1_294' title='bbox 1082 3691 1134 3746; x_wconf 91' lang='lat' dir='ltr'><strong>in</strong></span> <span class='ocrx_word' id='word_1_295' title='bbox 1164 3689 1404 3755; x_wconf 85' lang='lat' dir='ltr'><strong>urbibus,</strong></span> <span class='ocrx_word' id='word_1_296' title='bbox 1427 3688 1480 3743; x_wconf 92' lang='lat' dir='ltr'><strong>in</strong></span> <span class='ocrx_word' id='word_1_297' title='bbox 1504 3697 1664 3756; x_wconf 90' lang='lat' dir='ltr'><strong>terra,</strong></span> <span class='ocrx_word' id='word_1_298' title='bbox 1697 3689 1748 3742; x_wconf 93' lang='lat' dir='ltr'><strong>in</strong></span> <span class='ocrx_word' id='word_1_299' title='bbox 1777 3689 1931 3755; x_wconf 91' lang='lat' dir='ltr'><strong>marl,</strong></span> <span class='ocrx_word' id='word_1_300' title='bbox 1963 3689 2014 3743; x_wconf 92' lang='lat' dir='ltr'><strong>in</strong></span> <span class='ocrx_word' id='word_1_301' title='bbox 2048 3690 2128 3743; x_wconf 86' lang='lat' dir='ltr'><strong>in-</strong></span> 
     </span>
    </p>
   </div>
   <div class='ocr_carea' id='block_1_39' title="bbox 546 3780 2125 3854">
    <p class='ocr_par' dir='ltr' id='par_1_39' title="bbox 546 3780 2125 3854">
     <span class='ocr_line' id='line_1_39' title="bbox 546 3780 2125 3854; baseline -0.002 -17"><span class='ocrx_word' id='word_1_302' title='bbox 546 3785 677 3839; x_wconf 90' lang='lat' dir='ltr'><strong>sulis</strong></span> <span class='ocrx_word' id='word_1_303' title='bbox 706 3800 719 3836; x_wconf 91' lang='lat'><strong>:</strong></span> <span class='ocrx_word' id='word_1_304' title='bbox 748 3792 804 3839; x_wconf 89' lang='lat' dir='ltr'><strong>et</strong></span> <span class='ocrx_word' id='word_1_305' title='bbox 829 3798 1164 3854; x_wconf 89' lang='lat' dir='ltr'><strong>quocumque</strong></span> <span class='ocrx_word' id='word_1_306' title='bbox 1194 3791 1246 3837; x_wconf 89' lang='lat' dir='ltr'><strong>te</strong></span> <span class='ocrx_word' id='word_1_307' title='bbox 1271 3781 1560 3837; x_wconf 88' lang='lat' dir='ltr'><strong>contuleris</strong></span> <span class='ocrx_word' id='word_1_308' title='bbox 1581 3780 1775 3835; x_wconf 91' lang='lat' dir='ltr'><strong>multos</strong></span> <span class='ocrx_word' id='word_1_309' title='bbox 1802 3780 2007 3846; x_wconf 90' lang='lat' dir='ltr'><strong>audies,</strong></span> <span class='ocrx_word' id='word_1_310' title='bbox 2039 3780 2125 3850; x_wconf 93' lang='lat' dir='ltr'><strong>qui</strong></span> 
     </span>
    </p>
   </div>
   <div class='ocr_carea' id='block_1_40' title="bbox 549 3874 2128 3948">
    <p class='ocr_par' dir='ltr' id='par_1_40' title="bbox 549 3874 2128 3948">
     <span class='ocr_line' id='line_1_40' title="bbox 549 3874 2128 3948; baseline -0.002 -18"><span class='ocrx_word' id='word_1_311' title='bbox 549 3880 665 3935; x_wconf 84' lang='lat' dir='ltr'><strong>haec</strong></span> <span class='ocrx_word' id='word_1_312' title='bbox 682 3879 867 3935; x_wconf 89' lang='lat' dir='ltr'><strong>dicunt</strong></span> <span class='ocrx_word' id='word_1_313' title='bbox 888 3896 901 3933; x_wconf 90' lang='lat'><strong>:</strong></span> <span class='ocrx_word' id='word_1_314' title='bbox 922 3878 1190 3948; x_wconf 90' lang='lat' dir='ltr'><strong>Scriptum</strong></span> <span class='ocrx_word' id='word_1_315' title='bbox 1220 3886 1324 3942; x_wconf 90' lang='lat' dir='ltr'><strong>est,</strong></span> <span class='ocrx_word' id='word_1_316' title='bbox 1348 3876 1400 3929; x_wconf 86' lang='grc' dir='ltr'><strong><em>Ν</em></strong></span> <span class='ocrx_word' id='word_1_317' title='bbox 1405 3893 1472 3931; x_wconf 91' lang='lat' dir='ltr'><strong>on</strong></span> <span class='ocrx_word' id='word_1_318' title='bbox 1492 3884 1564 3929; x_wconf 86' lang='lat' dir='ltr'><strong>est</strong></span> <span class='ocrx_word' id='word_1_319' title='bbox 1588 3874 1642 3929; x_wconf 86' lang='lat' dir='ltr'><strong>in</strong></span> <span class='ocrx_word' id='word_1_320' title='bbox 1666 3875 1866 3929; x_wconf 80' lang='lat' dir='ltr'><strong>homine</strong></span> <span class='ocrx_word' id='word_1_321' title='bbox 1884 3875 1965 3928; x_wconf 79' lang='lat' dir='ltr'><strong>via</strong></span> <span class='ocrx_word' id='word_1_322' title='bbox 1984 3876 2092 3946; x_wconf 85' lang='lat' dir='ltr'><strong>ejus</strong></span> <span class='ocrx_word' id='word_1_323' title='bbox 2109 3890 2128 3927; x_wconf 89' lang='lat'><strong><em>:</em></strong></span> 
     </span>
    </p>
   </div>
   <div class='ocr_carea' id='block_1_41' title="bbox 549 3966 2130 4042">
    <p class='ocr_par' dir='ltr' id='par_1_41' title="bbox 549 3966 2130 4042">
     <span class='ocr_line' id='line_1_41' title="bbox 549 3966 2130 4042; baseline -0.003 -15"><span class='ocrx_word' id='word_1_324' title='bbox 549 3987 722 4042; x_wconf 91' lang='lat' dir='ltr'><strong>neque</strong></span> <span class='ocrx_word' id='word_1_325' title='bbox 752 3971 923 4025; x_wconf 91' lang='lat' dir='ltr'><strong>solum</strong></span> <span class='ocrx_word' id='word_1_326' title='bbox 971 3970 1108 4025; x_wconf 90' lang='lat' dir='ltr'><strong>hanc</strong></span> <span class='ocrx_word' id='word_1_327' title='bbox 1148 3969 1469 4023; x_wconf 89' lang='lat' dir='ltr'><strong>sententiam</strong></span> <span class='ocrx_word' id='word_1_328' title='bbox 1496 3966 1827 4032; x_wconf 88' lang='lat' dir='ltr'><strong>didicerunt,</strong></span> <span class='ocrx_word' id='word_1_329' title='bbox 1875 3966 1967 4022; x_wconf 89' lang='lat' dir='ltr'><strong>sed</strong></span> <span class='ocrx_word' id='word_1_330' title='bbox 1998 3967 2130 4022; x_wconf 91' lang='lat' dir='ltr'><strong>alias</strong></span> 
     </span>
    </p>
   </div>
   <div class='ocr_carea' id='block_1_42' title="bbox 550 4057 2132 4127">
    <p class='ocr_par' dir='ltr' id='par_1_42' title="bbox 550 4057 2132 4127">
     <span class='ocr_line' id='line_1_42' title="bbox 550 4057 2132 4127; baseline -0.005 -8"><span class='ocrx_word' id='word_1_331' title='bbox 550 4065 709 4119; x_wconf 89' lang='lat' dir='ltr'><strong>etiam</strong></span> <span class='ocrx_word' id='word_1_332' title='bbox 735 4061 936 4117; x_wconf 86' lang='lat' dir='ltr'><strong>similes</strong></span> <span class='ocrx_word' id='word_1_333' title='bbox 964 4061 1087 4116; x_wconf 91' lang='lat' dir='ltr'><strong>huic</strong></span> <span class='ocrx_word' id='word_1_334' title='bbox 1110 4068 1431 4126; x_wconf 89' lang='lat' dir='ltr'><strong>annectunt,</strong></span> <span class='ocrx_word' id='word_1_335' title='bbox 1463 4057 1586 4112; x_wconf 87' lang='lat' dir='ltr'><strong>Non</strong></span> <span class='ocrx_word' id='word_1_336' title='bbox 1613 4068 1684 4112; x_wconf 83' lang='lat' dir='ltr'><strong>est</strong></span> <span class='ocrx_word' id='word_1_337' title='bbox 1708 4058 1945 4124; x_wconf 73' lang='lat' dir='ltr'><strong>nolentis,</strong></span> <span class='ocrx_word' id='word_1_338' title='bbox 1978 4075 2132 4127; x_wconf 83' lang='lat' dir='ltr'><strong>neque</strong></span> 
     </span>
    </p>
   </div>
   <div class='ocr_carea' id='block_1_43' title="bbox 551 4147 2133 4223">
    <p class='ocr_par' dir='ltr' id='par_1_43' title="bbox 551 4147 2133 4223">
     <span class='ocr_line' id='line_1_43' title="bbox 551 4147 2133 4223; baseline -0.005 -14"><span class='ocrx_word' id='word_1_339' title='bbox 551 4154 799 4209; x_wconf 80' lang='lat' dir='ltr'><strong>currentis</strong></span> <span class='ocrx_word' id='word_1_340' title='bbox 842 4151 1029 4223; x_wconf 85' lang='lat' dir='ltr'><strong>(Rom.</strong></span> <span class='ocrx_word' id='word_1_341' title='bbox 1052 4150 1105 4206; x_wconf 90' lang='lat'><strong>9.</strong></span> <span class='ocrx_word' id='word_1_342' title='bbox 1137 4150 1279 4219; x_wconf 74' lang='lat'><strong>16);</strong></span> <span class='ocrx_word' id='word_1_343' title='bbox 1323 4157 1378 4204; x_wconf 88' lang='lat' dir='ltr'><strong>et</strong></span> <span class='ocrx_word' id='word_1_344' title='bbox 1422 4156 1541 4219; x_wconf 86' lang='lat' dir='ltr'><strong>post</strong></span> <span class='ocrx_word' id='word_1_345' title='bbox 1568 4148 1696 4203; x_wconf 91' lang='lat' dir='ltr'><strong>illud</strong></span> <span class='ocrx_word' id='word_1_346' title='bbox 1744 4164 1965 4215; x_wconf 91' lang='lat' dir='ltr'><strong>rursus,</strong></span> <span class='ocrx_word' id='word_1_347' title='bbox 2013 4147 2133 4201; x_wconf 73' lang='lat' dir='ltr'><strong>Nisi</strong></span> 
     </span>
    </p>
   </div>
   <div class='ocr_carea' id='block_1_44' title="bbox 555 4240 2133 4313">
    <p class='ocr_par' dir='ltr' id='par_1_44' title="bbox 555 4240 2133 4313">
     <span class='ocr_line' id='line_1_44' title="bbox 555 4240 2133 4313; baseline -0.006 -12"><span class='ocrx_word' id='word_1_348' title='bbox 555 4246 804 4301; x_wconf 85' lang='lat' dir='ltr'><strong>Dominus</strong></span> <span class='ocrx_word' id='word_1_349' title='bbox 833 4242 1157 4313; x_wconf 63' lang='lat' dir='ltr'><strong>aediﬁcaverit</strong></span> <span class='ocrx_word' id='word_1_350' title='bbox 1180 4241 1385 4294; x_wconf 84' lang='lat' dir='ltr'><strong>domum</strong></span> <span class='ocrx_word' id='word_1_351' title='bbox 1408 4281 1425 4307; x_wconf 90' lang='lat'><strong>,</strong></span> <span class='ocrx_word' id='word_1_352' title='bbox 1469 4240 1521 4294; x_wconf 87' lang='lat' dir='ltr'><strong>in</strong></span> <span class='ocrx_word' id='word_1_353' title='bbox 1558 4254 1741 4293; x_wconf 79' lang='lat' dir='ltr'><strong>vanum</strong></span> <span class='ocrx_word' id='word_1_354' title='bbox 1780 4240 2133 4293; x_wconf 79' lang='lat' dir='ltr'><strong>laboraverunt</strong></span> 
     </span>
    </p>
   </div>
   <div class='ocr_carea' id='block_1_45' title="bbox 552 4330 2129 4407">
    <p class='ocr_par' dir='ltr' id='par_1_45' title="bbox 552 4330 2129 4407">
     <span class='ocr_line' id='line_1_45' title="bbox 552 4330 2129 4407; baseline -0.005 -15"><span class='ocrx_word' id='word_1_355' title='bbox 552 4339 636 4407; x_wconf 79' lang='lat' dir='ltr'><strong>qui</strong></span> <span class='ocrx_word' id='word_1_356' title='bbox 656 4337 909 4406; x_wconf 71' lang='lat' dir='ltr'><strong>aediﬁcant</strong></span> <span class='ocrx_word' id='word_1_357' title='bbox 943 4350 1054 4389; x_wconf 90' lang='lat' dir='ltr'><strong>eam</strong></span> <span class='ocrx_word' id='word_1_358' title='bbox 1087 4332 1269 4403; x_wconf 82' lang='lat' dir='ltr'><strong>(Psal.</strong></span> <span class='ocrx_word' id='word_1_359' title='bbox 1297 4330 1422 4387; x_wconf 75' lang='grc'><strong>126.</strong></span> <span class='ocrx_word' id='word_1_360' title='bbox 1452 4330 1521 4401; x_wconf 91' lang='grc'><strong>1)</strong></span> <span class='ocrx_word' id='word_1_361' title='bbox 1554 4350 1566 4385; x_wconf 93' lang='lat'>:</span> <span class='ocrx_word' id='word_1_362' title='bbox 1597 4330 1651 4386; x_wconf 89' lang='lat' dir='ltr'><strong>id</strong></span> <span class='ocrx_word' id='word_1_363' title='bbox 1698 4345 1858 4401; x_wconf 82' lang='lat' dir='ltr'><strong>porro</strong></span> <span class='ocrx_word' id='word_1_364' title='bbox 1896 4330 2129 4395; x_wconf 88' lang='lat' dir='ltr'><strong>faciunt,</strong></span> 
     </span>
    </p>
   </div>
   <div class='ocr_carea' id='block_1_46' title="bbox 553 4425 2135 4500">
    <p class='ocr_par' dir='ltr' id='par_1_46' title="bbox 553 4425 2135 4500">
     <span class='ocr_line' id='line_1_46' title="bbox 553 4425 2135 4500; baseline -0.003 -17"><span class='ocrx_word' id='word_1_365' title='bbox 553 4431 693 4500; x_wconf 83' lang='lat' dir='ltr'><strong>quod</strong></span> <span class='ocrx_word' id='word_1_366' title='bbox 741 4446 805 4485; x_wconf 81' lang='lat' dir='ltr'><strong>ex</strong></span> <span class='ocrx_word' id='word_1_367' title='bbox 846 4428 1117 4499; x_wconf 87' lang='lat' dir='ltr'><strong>Scriptura</strong></span> <span class='ocrx_word' id='word_1_368' title='bbox 1156 4426 1335 4482; x_wconf 89' lang='lat' dir='ltr'><strong>divina</strong></span> <span class='ocrx_word' id='word_1_369' title='bbox 1376 4426 1750 4496; x_wconf 86' lang='lat' dir='ltr'><strong>depromptum</strong></span> <span class='ocrx_word' id='word_1_370' title='bbox 1802 4425 2135 4494; x_wconf 70' lang='lat' dir='ltr'><strong>negligentia:</strong></span> 
     </span>
    </p>
   </div>
   <div class='ocr_carea' id='block_1_47' title="bbox 555 4519 2135 4588">
    <p class='ocr_par' dir='ltr' id='par_1_47' title="bbox 555 4519 2135 4588">
     <span class='ocr_line' id='line_1_47' title="bbox 555 4519 2135 4588; baseline -0.003 -11"><span class='ocrx_word' id='word_1_371' title='bbox 555 4538 665 4577; x_wconf 73' lang='lat' dir='ltr'><strong>sua:</strong></span> <span class='ocrx_word' id='word_1_372' title='bbox 691 4522 928 4575; x_wconf 83' lang='lat' dir='ltr'><strong>velamen</strong></span> <span class='ocrx_word' id='word_1_373' title='bbox 949 4519 1257 4587; x_wconf 88' lang='lat' dir='ltr'><strong>obtendant,</strong></span> <span class='ocrx_word' id='word_1_374' title='bbox 1282 4526 1338 4574; x_wconf 91' lang='lat' dir='ltr'><strong>et</strong></span> <span class='ocrx_word' id='word_1_375' title='bbox 1362 4519 1588 4574; x_wconf 89' lang='lat' dir='ltr'><strong>salutem</strong></span> <span class='ocrx_word' id='word_1_376' title='bbox 1619 4532 1876 4588; x_wconf 88' lang='lat' dir='ltr'><strong>spemque</strong></span> <span class='ocrx_word' id='word_1_377' title='bbox 1899 4527 2135 4572; x_wconf 91' lang='lat' dir='ltr'><strong>nostram</strong></span> 
     </span>
    </p>
   </div>
   <div class='ocr_carea' id='block_1_48' title="bbox 558 4608 2137 4681">
    <p class='ocr_par' dir='ltr' id='par_1_48' title="bbox 558 4608 2137 4681">
     <span class='ocr_line' id='line_1_48' title="bbox 558 4608 2137 4681; baseline -0.002 -14"><span class='ocrx_word' id='word_1_378' title='bbox 558 4613 641 4669; x_wconf 91' lang='lat' dir='ltr'><strong>lns</strong></span> <span class='ocrx_word' id='word_1_379' title='bbox 670 4611 845 4665; x_wconf 80' lang='lat' dir='ltr'><strong>verbis</strong></span> <span class='ocrx_word' id='word_1_380' title='bbox 870 4619 1129 4666; x_wconf 84' lang='lat' dir='ltr'><strong>conentur</strong></span> <span class='ocrx_word' id='word_1_381' title='bbox 1162 4609 1472 4681; x_wconf 86' lang='lat' dir='ltr'><strong>infringere.</strong></span> <span class='ocrx_word' id='word_1_382' title='bbox 1518 4608 1659 4665; x_wconf 91' lang='lat' dir='ltr'><strong>Nihil</strong></span> <span class='ocrx_word' id='word_1_383' title='bbox 1704 4609 1847 4664; x_wconf 91' lang='lat' dir='ltr'><strong>enim</strong></span> <span class='ocrx_word' id='word_1_384' title='bbox 1877 4609 2017 4663; x_wconf 90' lang='lat' dir='ltr'><strong>aliud</strong></span> <span class='ocrx_word' id='word_1_385' title='bbox 2045 4624 2137 4678; x_wconf 91' lang='lat' dir='ltr'><strong>per</strong></span> 
     </span>
    </p>
   </div>
   <div class='ocr_carea' id='block_1_49' title="bbox 554 4700 2136 4772">
    <p class='ocr_par' dir='ltr' id='par_1_49' title="bbox 554 4700 2136 4772">
     <span class='ocr_line' id='line_1_49' title="bbox 554 4700 2136 4772; baseline -0.003 -13"><span class='ocrx_word' id='word_1_386' title='bbox 554 4704 676 4762; x_wconf 58' lang='lat' dir='ltr'><strong>haec</strong></span> <span class='ocrx_word' id='word_1_387' title='bbox 702 4704 884 4758; x_wconf 82' lang='lat' dir='ltr'><strong>volunt</strong></span> <span class='ocrx_word' id='word_1_388' title='bbox 902 4701 1134 4766; x_wconf 87' lang='lat' dir='ltr'><strong>efficere,</strong></span> <span class='ocrx_word' id='word_1_389' title='bbox 1162 4704 1285 4768; x_wconf 92' lang='lat' dir='ltr'><strong>nisi,</strong></span> <span class='ocrx_word' id='word_1_390' title='bbox 1313 4702 1366 4757; x_wconf 91' lang='lat' dir='ltr'><strong>in</strong></span> <span class='ocrx_word' id='word_1_391' title='bbox 1397 4710 1661 4772; x_wconf 88' lang='lat' dir='ltr'><strong>potestate</strong></span> <span class='ocrx_word' id='word_1_392' title='bbox 1690 4710 1871 4756; x_wconf 91' lang='lat' dir='ltr'><strong>nostra</strong></span> <span class='ocrx_word' id='word_1_393' title='bbox 1899 4700 2031 4755; x_wconf 90' lang='lat' dir='ltr'><strong>nihil</strong></span> <span class='ocrx_word' id='word_1_394' title='bbox 2059 4701 2136 4755; x_wconf 90' lang='lat' dir='ltr'><strong>si-</strong></span> 
     </span>
    </p>
   </div>
   <div class='ocr_carea' id='block_1_50' title="bbox 557 4790 2138 4862">
    <p class='ocr_par' dir='ltr' id='par_1_50' title="bbox 557 4790 2138 4862">
     <span class='ocr_line' id='line_1_50' title="bbox 557 4790 2138 4862; baseline -0.002 -14"><span class='ocrx_word' id='word_1_395' title='bbox 557 4795 673 4850; x_wconf 86' lang='lat' dir='ltr'><strong>lum</strong></span> <span class='ocrx_word' id='word_1_396' title='bbox 702 4810 839 4850; x_wconf 75' lang='lat' dir='ltr'><strong>esse.</strong></span> <span class='ocrx_word' id='word_1_397' title='bbox 878 4796 1064 4847; x_wconf 88' lang='lat' dir='ltr'><strong>Actum</strong></span> <span class='ocrx_word' id='word_1_398' title='bbox 1096 4801 1178 4848; x_wconf 90' lang='lat' dir='ltr'><strong>est</strong></span> <span class='ocrx_word' id='word_1_399' title='bbox 1201 4793 1268 4848; x_wconf 91' lang='lat' dir='ltr'><strong>de</strong></span> <span class='ocrx_word' id='word_1_400' title='bbox 1297 4792 1460 4848; x_wconf 89' lang='lat' dir='ltr'><strong>rebus</strong></span> <span class='ocrx_word' id='word_1_401' title='bbox 1494 4793 1690 4849; x_wconf 89' lang='lat' dir='ltr'><strong>nostris</strong></span> <span class='ocrx_word' id='word_1_402' title='bbox 1719 4808 1733 4846; x_wconf 90' lang='lat'><strong>:</strong></span> <span class='ocrx_word' id='word_1_403' title='bbox 1764 4791 1957 4847; x_wconf 79' lang='lat' dir='ltr'><strong>frustra</strong></span> <span class='ocrx_word' id='word_1_404' title='bbox 1989 4790 2138 4862; x_wconf 86' lang='lat' dir='ltr'><strong>regni</strong></span> 
     </span>
    </p>
   </div>
   <div class='ocr_carea' id='block_1_51' title="bbox 556 4880 2138 4955">
    <p class='ocr_par' dir='ltr' id='par_1_51' title="bbox 556 4880 2138 4955">
     <span class='ocr_line' id='line_1_51' title="bbox 556 4880 2138 4955; baseline 0.001 -18"><span class='ocrx_word' id='word_1_405' title='bbox 556 4890 812 4939; x_wconf 63' lang='lat' dir='ltr'><strong>caelorum</strong></span> <span class='ocrx_word' id='word_1_406' title='bbox 842 4884 1125 4954; x_wconf 82' lang='lat' dir='ltr'><strong>promissio</strong></span> <span class='ocrx_word' id='word_1_407' title='bbox 1149 4924 1163 4948; x_wconf 92' lang='lat'><strong>,</strong></span> <span class='ocrx_word' id='word_1_408' title='bbox 1201 4882 1396 4939; x_wconf 83' lang='lat' dir='ltr'><strong>frustra</strong></span> <span class='ocrx_word' id='word_1_409' title='bbox 1425 4885 1583 4939; x_wconf 70' lang='lat' dir='ltr'><strong>minae</strong></span> <span class='ocrx_word' id='word_1_410' title='bbox 1605 4884 1865 4955; x_wconf 63' lang='lat' dir='ltr'><strong>gehennae</strong></span> <span class='ocrx_word' id='word_1_411' title='bbox 1884 4926 1899 4950; x_wconf 93' lang='lat'><strong>,</strong></span> <span class='ocrx_word' id='word_1_412' title='bbox 1940 4880 2138 4939; x_wconf 80' lang='lat' dir='ltr'><strong>frustra</strong></span> 
     </span>
    </p>
   </div>
   <div class='ocr_carea' id='block_1_52' title="bbox 546 4973 1608 5047">
    <p class='ocr_par' dir='ltr' id='par_1_52' title="bbox 546 4973 1608 5047">
     <span class='ocr_line' id='line_1_52' title="bbox 546 4973 1608 5047; baseline 0.001 -18"><span class='ocrx_word' id='word_1_413' title='bbox 546 4976 721 5047; x_wconf 88' lang='lat' dir='ltr'><strong>leges,</strong></span> <span class='ocrx_word' id='word_1_414' title='bbox 757 4990 942 5045; x_wconf 73' lang='lat' dir='ltr'><strong>preme.</strong></span> <span class='ocrx_word' id='word_1_415' title='bbox 978 4973 1255 5044; x_wconf 89' lang='lat' dir='ltr'><strong>supplicia,</strong></span> <span class='ocrx_word' id='word_1_416' title='bbox 1284 4983 1338 5029; x_wconf 92' lang='lat' dir='ltr'><strong>et</strong></span> <span class='ocrx_word' id='word_1_417' title='bbox 1366 4975 1608 5030; x_wconf 92' lang='lat' dir='ltr'><strong>consilia.</strong></span> 
     </span>
    </p>
   </div>
   <div class='ocr_carea' id='block_1_53' title="bbox 626 5066 2138 5139">
    <p class='ocr_par' dir='ltr' id='par_1_53' title="bbox 626 5066 2138 5139">
     <span class='ocr_line' id='line_1_53' title="bbox 626 5066 2138 5139; baseline -0.001 -16"><span class='ocrx_word' id='word_1_418' title='bbox 626 5069 682 5123; x_wconf 73' lang='grc'><strong>2.</strong></span> <span class='ocrx_word' id='word_1_419' title='bbox 720 5066 870 5121; x_wconf 87' lang='lat' dir='ltr'><strong>Omni</strong></span> <span class='ocrx_word' id='word_1_420' title='bbox 908 5066 1088 5139; x_wconf 79' lang='lat' dir='ltr'><strong>agendi</strong></span> <span class='ocrx_word' id='word_1_421' title='bbox 1132 5076 1374 5137; x_wconf 83' lang='lat' dir='ltr'><strong>potestate</strong></span> <span class='ocrx_word' id='word_1_422' title='bbox 1404 5066 1603 5121; x_wconf 84' lang='lat' dir='ltr'><strong>sublata</strong></span> <span class='ocrx_word' id='word_1_423' title='bbox 1644 5067 1840 5121; x_wconf 83' lang='lat' dir='ltr'><strong>nullum</strong></span> <span class='ocrx_word' id='word_1_424' title='bbox 1877 5067 2138 5136; x_wconf 84' lang='lat' dir='ltr'><strong>meritum,</strong></span> 
     </span>
    </p>
   </div>
   <div class='ocr_carea' id='block_1_54' title="bbox 559 5157 2142 5228">
    <p class='ocr_par' dir='ltr' id='par_1_54' title="bbox 559 5157 2142 5228">
     <span class='ocr_line' id='line_1_54' title="bbox 559 5157 2142 5228; baseline -0.001 -14"><span class='ocrx_word' id='word_1_425' title='bbox 559 5160 758 5215; x_wconf 84' lang='lat' dir='ltr'><strong>nullum</strong></span> <span class='ocrx_word' id='word_1_426' title='bbox 785 5159 1106 5214; x_wconf 86' lang='lat' dir='ltr'><strong>demeritum.</strong></span> <span class='ocrx_word' id='word_1_427' title='bbox 1134 5188 1205 5198; x_wconf 91' lang='grc'><strong><em>-</em></strong></span> <span class='ocrx_word' id='word_1_428' title='bbox 1229 5157 1365 5228; x_wconf 84' lang='lat' dir='ltr'><strong>Quid</strong></span> <span class='ocrx_word' id='word_1_429' title='bbox 1393 5158 1535 5213; x_wconf 90' lang='lat' dir='ltr'><strong>enim</strong></span> <span class='ocrx_word' id='word_1_430' title='bbox 1555 5158 1740 5213; x_wconf 85' lang='lat' dir='ltr'><strong>attinet</strong></span> <span class='ocrx_word' id='word_1_431' title='bbox 1765 5158 1921 5213; x_wconf 84' lang='lat' dir='ltr'><strong>alicui</strong></span> <span class='ocrx_word' id='word_1_432' title='bbox 1946 5173 2142 5213; x_wconf 88' lang='lat' dir='ltr'><strong>consu-</strong></span> 
     </span>
    </p>
   </div>
   <div class='ocr_carea' id='block_1_55' title="bbox 556 5251 2141 5324">
    <p class='ocr_par' dir='ltr' id='par_1_55' title="bbox 556 5251 2141 5324">
     <span class='ocr_line' id='line_1_55' title="bbox 556 5251 2141 5324; baseline -0.003 -13"><span class='ocrx_word' id='word_1_433' title='bbox 556 5255 671 5311; x_wconf 89' lang='lat' dir='ltr'><strong>lere</strong></span> <span class='ocrx_word' id='word_1_434' title='bbox 692 5297 710 5323; x_wconf 94' lang='lat'><strong>,</strong></span> <span class='ocrx_word' id='word_1_435' title='bbox 740 5271 861 5311; x_wconf 93' lang='lat' dir='ltr'><strong>cum</strong></span> <span class='ocrx_word' id='word_1_436' title='bbox 888 5254 1015 5309; x_wconf 88' lang='lat' dir='ltr'><strong>nihil</strong></span> <span class='ocrx_word' id='word_1_437' title='bbox 1044 5253 1095 5309; x_wconf 90' lang='lat' dir='ltr'><strong>in</strong></span> <span class='ocrx_word' id='word_1_438' title='bbox 1125 5252 1241 5324; x_wconf 87' lang='lat' dir='ltr'><strong>ejus</strong></span> <span class='ocrx_word' id='word_1_439' title='bbox 1266 5252 1427 5308; x_wconf 91' lang='lat' dir='ltr'><strong>situm</strong></span> <span class='ocrx_word' id='word_1_440' title='bbox 1458 5253 1527 5308; x_wconf 91' lang='lat' dir='ltr'><strong>sit</strong></span> <span class='ocrx_word' id='word_1_441' title='bbox 1554 5252 1863 5323; x_wconf 80' lang='lat' dir='ltr'><strong>potestate?</strong></span> <span class='ocrx_word' id='word_1_442' title='bbox 1899 5261 1991 5307; x_wconf 90' lang='lat' dir='ltr'><strong>aut</strong></span> <span class='ocrx_word' id='word_1_443' title='bbox 2014 5251 2141 5323; x_wconf 89' lang='lat' dir='ltr'><strong>quid</strong></span> 
     </span>
    </p>
   </div>
   <div class='ocr_carea' id='block_1_56' title="bbox 563 5342 2144 5416">
    <p class='ocr_par' dir='ltr' id='par_1_56' title="bbox 563 5342 2144 5416">
     <span class='ocr_line' id='line_1_56' title="bbox 563 5342 2144 5416; baseline -0.002 -17"><span class='ocrx_word' id='word_1_444' title='bbox 563 5361 698 5414; x_wconf 90' lang='lat' dir='ltr'><strong>opus</strong></span> <span class='ocrx_word' id='word_1_445' title='bbox 724 5354 808 5401; x_wconf 85' lang='lat' dir='ltr'><strong>est</strong></span> <span class='ocrx_word' id='word_1_446' title='bbox 836 5347 884 5401; x_wconf 91' lang='lat' dir='ltr'><strong>ei</strong></span> <span class='ocrx_word' id='word_1_447' title='bbox 913 5346 1223 5416; x_wconf 86' lang='lat' dir='ltr'><strong>promittere</strong></span> <span class='ocrx_word' id='word_1_448' title='bbox 1246 5386 1261 5408; x_wconf 94' lang='lat'><strong>,</strong></span> <span class='ocrx_word' id='word_1_449' title='bbox 1288 5343 1377 5415; x_wconf 91' lang='lat' dir='ltr'><strong>qui</strong></span> <span class='ocrx_word' id='word_1_450' title='bbox 1407 5344 1551 5397; x_wconf 92' lang='lat' dir='ltr'><strong>omni</strong></span> <span class='ocrx_word' id='word_1_451' title='bbox 1583 5344 1655 5398; x_wconf 89' lang='lat' dir='ltr'><strong>sit</strong></span> <span class='ocrx_word' id='word_1_452' title='bbox 1682 5357 1859 5397; x_wconf 90' lang='lat' dir='ltr'><strong>rerum</strong></span> <span class='ocrx_word' id='word_1_453' title='bbox 1886 5342 2144 5414; x_wconf 86' lang='lat' dir='ltr'><strong>gerenda-</strong></span> 
     </span>
    </p>
   </div>
   <div class='ocr_carea' id='block_1_57' title="bbox 563 5434 2142 5507">
    <p class='ocr_par' dir='ltr' id='par_1_57' title="bbox 563 5434 2142 5507">
     <span class='ocr_line' id='line_1_57' title="bbox 563 5434 2142 5507; baseline 0.001 -17"><span class='ocrx_word' id='word_1_454' title='bbox 563 5453 679 5491; x_wconf 89' lang='lat' dir='ltr'><strong>rum</strong></span> <span class='ocrx_word' id='word_1_455' title='bbox 708 5436 957 5491; x_wconf 76' lang='lat' dir='ltr'><strong>farultate</strong></span> <span class='ocrx_word' id='word_1_456' title='bbox 985 5436 1261 5507; x_wconf 81' lang='lat' dir='ltr'><strong>privatus?</strong></span> <span class='ocrx_word' id='word_1_457' title='bbox 1302 5436 1483 5505; x_wconf 79' lang='lat' dir='ltr'><strong>Neque</strong></span> <span class='ocrx_word' id='word_1_458' title='bbox 1510 5435 1553 5491; x_wconf 91' lang='lat' dir='ltr'><strong>is</strong></span> <span class='ocrx_word' id='word_1_459' title='bbox 1582 5434 1671 5505; x_wconf 93' lang='lat' dir='ltr'><strong>qui</strong></span> <span class='ocrx_word' id='word_1_460' title='bbox 1694 5444 1838 5490; x_wconf 88' lang='lat' dir='ltr'><strong>recte</strong></span> <span class='ocrx_word' id='word_1_461' title='bbox 1876 5450 1935 5490; x_wconf 90' lang='lat' dir='ltr'><strong>se</strong></span> <span class='ocrx_word' id='word_1_462' title='bbox 1961 5450 2142 5506; x_wconf 87' lang='lat' dir='ltr'><strong>gesse-</strong></span> 
     </span>
    </p>
   </div>
   <div class='ocr_carea' id='block_1_58' title="bbox 559 5528 2145 5600">
    <p class='ocr_par' dir='ltr' id='par_1_58' title="bbox 559 5528 2145 5600">
     <span class='ocr_line' id='line_1_58' title="bbox 559 5528 2145 5600; baseline 0.002 -19"><span class='ocrx_word' id='word_1_463' title='bbox 559 5530 665 5596; x_wconf 92' lang='lat' dir='ltr'><strong>rit,</strong></span> <span class='ocrx_word' id='word_1_464' title='bbox 695 5530 886 5600; x_wconf 82' lang='lat' dir='ltr'><strong>dignus</strong></span> <span class='ocrx_word' id='word_1_465' title='bbox 922 5544 1003 5585; x_wconf 87' lang='lat' dir='ltr'><strong>est</strong></span> <span class='ocrx_word' id='word_1_466' title='bbox 1042 5531 1197 5586; x_wconf 87' lang='lat' dir='ltr'><strong>laude</strong></span> <span class='ocrx_word' id='word_1_467' title='bbox 1221 5574 1235 5598; x_wconf 85' lang='lat'><strong>,</strong></span> <span class='ocrx_word' id='word_1_468' title='bbox 1283 5545 1455 5600; x_wconf 89' lang='lat' dir='ltr'><strong>neque</strong></span> <span class='ocrx_word' id='word_1_469' title='bbox 1500 5529 1589 5600; x_wconf 92' lang='lat' dir='ltr'><strong>qui</strong></span> <span class='ocrx_word' id='word_1_470' title='bbox 1626 5528 1942 5599; x_wconf 88' lang='lat' dir='ltr'><strong>deliquerit,</strong></span> <span class='ocrx_word' id='word_1_471' title='bbox 1970 5542 2145 5598; x_wconf 65' lang='lat' dir='ltr'><strong>pinnae</strong></span> 
     </span>
    </p>
   </div>
   <div class='ocr_carea' id='block_1_59' title="bbox 636 5632 2473 5735">
    <p class='ocr_par' dir='ltr' id='par_1_59' title="bbox 636 5632 2473 5735">
     <span class='ocr_line' id='line_1_59' title="bbox 636 5632 2473 5735; baseline 0.013 -27"><span class='ocrx_word' id='word_1_472' title='bbox 636 5660 709 5725; x_wconf 90' lang='lat' dir='ltr'><strong>(a)</strong></span> <span class='ocrx_word' id='word_1_473' title='bbox 726 5663 1016 5735; x_wconf 75' lang='lat' dir='ltr'><strong>_Allud_it__hic_</strong></span> <span class='ocrx_word' id='word_1_474' title='bbox 1038 5666 1403 5735; x_wconf 76' lang='lat' dir='ltr'><strong>Chrysostotnns</strong></span> <span class='ocrx_word' id='word_1_475' title='bbox 1439 5669 1500 5735; x_wconf 89' lang='lat' dir='ltr'><strong>ad</strong></span> <span class='ocrx_word' id='word_1_476' title='bbox 1536 5670 1678 5721; x_wconf 88' lang='lat' dir='ltr'><strong>ludos</strong></span> <span class='ocrx_word' id='word_1_477' title='bbox 1714 5668 1949 5734; x_wconf 78' lang='lat' dir='ltr'><strong>publicos,</strong></span> <span class='ocrx_word' id='word_1_478' title='bbox 1972 5671 2150 5735; x_wconf 71' lang='lat' dir='ltr'><strong>quibus</strong></span> <span class='ocrx_word' id='word_1_479' title='bbox 2254 5632 2473 5735; x_wconf 56' lang='lat' dir='ltr'><strong>pacmfi</strong></span> 
     </span>
    </p>
   </div>
   <div class='ocr_carea' id='block_1_60' title="bbox 567 5722 1498 5782">
    <p class='ocr_par' dir='ltr' id='par_1_60' title="bbox 567 5722 1498 5782">
     <span class='ocr_line' id='line_1_60' title="bbox 567 5722 1498 5782; baseline 0.012 -11"><span class='ocrx_word' id='word_1_480' title='bbox 567 5722 820 5774; x_wconf 75' lang='lat' dir='ltr'><strong>admodum</strong></span> <span class='ocrx_word' id='word_1_481' title='bbox 838 5728 1011 5777; x_wconf 83' lang='lat' dir='ltr'><strong>addicti</strong></span> <span class='ocrx_word' id='word_1_482' title='bbox 1033 5722 1173 5779; x_wconf 78' lang='lat' dir='ltr'><strong>erant</strong></span> <span class='ocrx_word' id='word_1_483' title='bbox 1194 5731 1498 5782; x_wconf 83' lang='lat' dir='ltr'><strong>Antiocheni.</strong></span> 
     </span>
    </p>
   </div>
   <div class='ocr_carea' id='block_1_61' title="bbox 1222 249 3754 326">
    <p class='ocr_par' dir='ltr' id='par_1_61' title="bbox 1222 249 3754 326">
     <span class='ocr_line' id='line_1_61' title="bbox 1222 249 3754 326; baseline -0.008 -4"><span class='ocrx_word' id='word_1_484' title='bbox 1222 265 1278 322; x_wconf 88' lang='lat' dir='ltr'><strong>S.</strong></span> <span class='ocrx_word' id='word_1_485' title='bbox 1317 261 1594 321; x_wconf 80' lang='lat' dir='ltr'><strong>JOANNIS</strong></span> <span class='ocrx_word' id='word_1_486' title='bbox 1629 253 2108 318; x_wconf 73' lang='lat' dir='ltr'><strong>CllRYSOSTOMl</strong></span> <span class='ocrx_word' id='word_1_487' title='bbox 2146 251 2461 311; x_wconf 79' lang='lat' dir='ltr'><strong>ARClllEP.</strong></span> <span class='ocrx_word' id='word_1_488' title='bbox 2505 249 3034 313; x_wconf 81' lang='lat' dir='ltr'><strong>CONSTANTINOP.</strong></span> <span class='ocrx_word' id='word_1_489' title='bbox 3670 268 3754 326; x_wconf 60' lang='grc' dir='ltr'><strong>ἐς</strong></span> 
     </span>
    </p>
   </div>
   <div class='ocr_carea' id='block_1_62' title="bbox 2240 364 3753 451">
    <p class='ocr_par' dir='ltr' id='par_1_62' title="bbox 2240 364 3753 451">
     <span class='ocr_line' id='line_1_62' title="bbox 2240 364 3753 451; baseline 0.011 -31"><span class='ocrx_word' id='word_1_490' title='bbox 2240 366 2504 422; x_wconf 79' lang='lat' dir='ltr'><strong>obnoxius</strong></span> <span class='ocrx_word' id='word_1_491' title='bbox 2531 382 2593 421; x_wconf 91' lang='lat' dir='ltr'><strong>ac</strong></span> <span class='ocrx_word' id='word_1_492' title='bbox 2621 366 2901 439; x_wconf 87' lang='lat' dir='ltr'><strong>supplicio,</strong></span> <span class='ocrx_word' id='word_1_493' title='bbox 2932 365 3034 421; x_wconf 91' lang='lat' dir='ltr'><strong>nisi</strong></span> <span class='ocrx_word' id='word_1_494' title='bbox 3063 364 3261 423; x_wconf 87' lang='lat' dir='ltr'><strong>arbitrii</strong></span> <span class='ocrx_word' id='word_1_495' title='bbox 3284 373 3436 427; x_wconf 88' lang='lat' dir='ltr'><strong>nostri</strong></span> <span class='ocrx_word' id='word_1_496' title='bbox 3463 372 3636 433; x_wconf 87' lang='lat' dir='ltr'><strong>fuerint</strong></span> <span class='ocrx_word' id='word_1_497' title='bbox 3653 398 3753 451; x_wconf 76' lang='lat' dir='ltr'><strong>qua:</strong></span> 
     </span>
    </p>
   </div>
   <div class='ocr_carea' id='block_1_63' title="bbox 2236 456 3755 537">
    <p class='ocr_par' dir='ltr' id='par_1_63' title="bbox 2236 456 3755 537">
     <span class='ocr_line' id='line_1_63' title="bbox 2236 456 3755 537; baseline 0.002 -24"><span class='ocrx_word' id='word_1_498' title='bbox 2236 467 2360 513; x_wconf 88' lang='lat' dir='ltr'><strong>sunt</strong></span> <span class='ocrx_word' id='word_1_499' title='bbox 2388 457 2612 526; x_wconf 85' lang='lat' dir='ltr'><strong>agenda.</strong></span> <span class='ocrx_word' id='word_1_500' title='bbox 2636 456 2786 525; x_wconf 90' lang='lat' dir='ltr'><strong>Quod</strong></span> <span class='ocrx_word' id='word_1_501' title='bbox 2817 458 2862 512; x_wconf 90' lang='lat' dir='ltr'><strong>si</strong></span> <span class='ocrx_word' id='word_1_502' title='bbox 2903 457 3061 513; x_wconf 89' lang='lat' dir='ltr'><strong>fuerit</strong></span> <span class='ocrx_word' id='word_1_503' title='bbox 3104 458 3205 514; x_wconf 91' lang='lat' dir='ltr'><strong>hoc</strong></span> <span class='ocrx_word' id='word_1_504' title='bbox 3243 458 3528 519; x_wconf 89' lang='lat' dir='ltr'><strong>hominibus</strong></span> <span class='ocrx_word' id='word_1_505' title='bbox 3566 483 3755 537; x_wconf 67' lang='lat' dir='ltr'><strong>pet-sua.</strong></span> 
     </span>
    </p>
   </div>
   <div class='ocr_carea' id='block_1_64' title="bbox 2238 549 3758 622">
    <p class='ocr_par' dir='ltr' id='par_1_64' title="bbox 2238 549 3758 622">
     <span class='ocr_line' id='line_1_64' title="bbox 2238 549 3758 622; baseline 0.006 -19"><span class='ocrx_word' id='word_1_506' title='bbox 2238 563 2377 613; x_wconf 92' lang='lat' dir='ltr'><strong>sum,</strong></span> <span class='ocrx_word' id='word_1_507' title='bbox 2409 564 2567 604; x_wconf 91' lang='lat' dir='ltr'><strong>nemo</strong></span> <span class='ocrx_word' id='word_1_508' title='bbox 2585 549 2694 620; x_wconf 90' lang='lat' dir='ltr'><strong>jam</strong></span> <span class='ocrx_word' id='word_1_509' title='bbox 2717 550 2943 619; x_wconf 89' lang='lat' dir='ltr'><strong>amplius</strong></span> <span class='ocrx_word' id='word_1_510' title='bbox 2964 549 3208 603; x_wconf 89' lang='lat' dir='ltr'><strong>virtutem</strong></span> <span class='ocrx_word' id='word_1_511' title='bbox 3239 554 3568 622; x_wconf 88' lang='lat' dir='ltr'><strong>amplectetur</strong></span> <span class='ocrx_word' id='word_1_512' title='bbox 3584 599 3598 621; x_wconf 91' lang='lat'><strong>,</strong></span> <span class='ocrx_word' id='word_1_513' title='bbox 3623 576 3758 617; x_wconf 87' lang='lat' dir='ltr'><strong>nemo</strong></span> 
     </span>
    </p>
   </div>
   <div class='ocr_carea' id='block_1_65' title="bbox 2235 640 3759 720">
    <p class='ocr_par' dir='ltr' id='par_1_65' title="bbox 2235 640 3759 720">
     <span class='ocr_line' id='line_1_65' title="bbox 2235 640 3759 720; baseline 0.009 -25"><span class='ocrx_word' id='word_1_514' title='bbox 2235 656 2267 695; x_wconf 90' lang='lat' dir='ltr'><strong>a</strong></span> <span class='ocrx_word' id='word_1_515' title='bbox 2294 642 2422 696; x_wconf 87' lang='lat' dir='ltr'><strong>vitio</strong></span> <span class='ocrx_word' id='word_1_516' title='bbox 2446 640 2751 696; x_wconf 87' lang='lat' dir='ltr'><strong>declinabit.</strong></span> <span class='ocrx_word' id='word_1_517' title='bbox 2781 642 2910 696; x_wconf 77' lang='lat' dir='ltr'><strong>Nam</strong></span> <span class='ocrx_word' id='word_1_518' title='bbox 2931 642 2999 709; x_wconf 90' lang='lat' dir='ltr'><strong>si,</strong></span> <span class='ocrx_word' id='word_1_519' title='bbox 3023 642 3148 696; x_wconf 89' lang='lat' dir='ltr'><strong>dum</strong></span> <span class='ocrx_word' id='word_1_520' title='bbox 3170 643 3383 711; x_wconf 84' lang='lat' dir='ltr'><strong>singulis</strong></span> <span class='ocrx_word' id='word_1_521' title='bbox 3405 646 3577 705; x_wconf 89' lang='lat' dir='ltr'><strong>diebus</strong></span> <span class='ocrx_word' id='word_1_522' title='bbox 3598 666 3759 720; x_wconf 85' lang='lat' dir='ltr'><strong>perso-</strong></span> 
     </span>
    </p>
   </div>
   <div class='ocr_carea' id='block_1_66' title="bbox 2236 734 3758 812">
    <p class='ocr_par' dir='ltr' id='par_1_66' title="bbox 2236 734 3758 812">
     <span class='ocr_line' id='line_1_66' title="bbox 2236 734 3758 812; baseline 0.007 -24"><span class='ocrx_word' id='word_1_523' title='bbox 2236 743 2365 789; x_wconf 86' lang='lat' dir='ltr'><strong>nant</strong></span> <span class='ocrx_word' id='word_1_524' title='bbox 2401 748 2556 789; x_wconf 89' lang='lat' dir='ltr'><strong>aures</strong></span> <span class='ocrx_word' id='word_1_525' title='bbox 2597 735 2872 790; x_wconf 88' lang='lat' dir='ltr'><strong>hominum</strong></span> <span class='ocrx_word' id='word_1_526' title='bbox 2912 734 3132 789; x_wconf 91' lang='lat' dir='ltr'><strong>voeibus</strong></span> <span class='ocrx_word' id='word_1_527' title='bbox 3175 738 3368 793; x_wconf 86' lang='lat' dir='ltr'><strong>nostris</strong></span> <span class='ocrx_word' id='word_1_528' title='bbox 3407 739 3471 794; x_wconf 88' lang='lat' dir='ltr'><strong>de</strong></span> <span class='ocrx_word' id='word_1_529' title='bbox 3512 742 3721 811; x_wconf 83' lang='lat' dir='ltr'><strong>gehenna</strong></span> <span class='ocrx_word' id='word_1_530' title='bbox 3744 790 3758 812; x_wconf 91' lang='lat'><strong>,</strong></span> 
     </span>
    </p>
   </div>
   <div class='ocr_carea' id='block_1_67' title="bbox 2234 823 3765 896">
    <p class='ocr_par' dir='ltr' id='par_1_67' title="bbox 2234 823 3765 896">
     <span class='ocr_line' id='line_1_67' title="bbox 2234 823 3765 896; baseline 0.007 -17"><span class='ocrx_word' id='word_1_531' title='bbox 2234 823 2361 879; x_wconf 91' lang='lat' dir='ltr'><strong>dum</strong></span> <span class='ocrx_word' id='word_1_532' title='bbox 2383 826 2543 880; x_wconf 85' lang='lat' dir='ltr'><strong>verba</strong></span> <span class='ocrx_word' id='word_1_533' title='bbox 2571 824 2792 881; x_wconf 88' lang='lat' dir='ltr'><strong>facimus</strong></span> <span class='ocrx_word' id='word_1_534' title='bbox 2817 825 2885 882; x_wconf 90' lang='lat' dir='ltr'><strong>de</strong></span> <span class='ocrx_word' id='word_1_535' title='bbox 2912 840 3083 896; x_wconf 88' lang='lat' dir='ltr'><strong>regno</strong></span> <span class='ocrx_word' id='word_1_536' title='bbox 3109 827 3377 894; x_wconf 66' lang='lat' dir='ltr'><strong>caelorum,</strong></span> <span class='ocrx_word' id='word_1_537' title='bbox 3401 829 3519 885; x_wconf 92' lang='lat' dir='ltr'><strong>dum</strong></span> <span class='ocrx_word' id='word_1_538' title='bbox 3545 834 3765 890; x_wconf 84' lang='lat' dir='ltr'><strong>intolera-</strong></span> 
     </span>
    </p>
   </div>
   <div class='ocr_carea' id='block_1_68' title="bbox 2234 914 3764 989">
    <p class='ocr_par' dir='ltr' id='par_1_68' title="bbox 2234 914 3764 989">
     <span class='ocr_line' id='line_1_68' title="bbox 2234 914 3764 989; baseline 0.007 -18"><span class='ocrx_word' id='word_1_539' title='bbox 2234 914 2369 972; x_wconf 83' lang='lat' dir='ltr'><strong>biles</strong></span> <span class='ocrx_word' id='word_1_540' title='bbox 2402 931 2589 989; x_wconf 78' lang='lat' dir='ltr'><strong>paenas</strong></span> <span class='ocrx_word' id='word_1_541' title='bbox 2615 924 2670 973; x_wconf 92' lang='lat' dir='ltr'><strong>ct</strong></span> <span class='ocrx_word' id='word_1_542' title='bbox 2696 917 2911 987; x_wconf 63' lang='lat' dir='ltr'><strong>praemia</strong></span> <span class='ocrx_word' id='word_1_543' title='bbox 2931 958 2948 985; x_wconf 92' lang='lat'><strong>,</strong></span> <span class='ocrx_word' id='word_1_544' title='bbox 2983 932 3104 988; x_wconf 74' lang='lat' dir='ltr'><strong>quae</strong></span> <span class='ocrx_word' id='word_1_545' title='bbox 3131 918 3410 975; x_wconf 89' lang='lat' dir='ltr'><strong>humanum</strong></span> <span class='ocrx_word' id='word_1_546' title='bbox 3434 923 3673 980; x_wconf 81' lang='lat' dir='ltr'><strong>excedunt</strong></span> <span class='ocrx_word' id='word_1_547' title='bbox 3696 927 3764 981; x_wconf 88' lang='lat' dir='ltr'><strong>in-</strong></span> 
     </span>
    </p>
   </div>
   <div class='ocr_carea' id='block_1_69' title="bbox 2234 1007 3767 1079">
    <p class='ocr_par' dir='ltr' id='par_1_69' title="bbox 2234 1007 3767 1079">
     <span class='ocr_line' id='line_1_69' title="bbox 2234 1007 3767 1079; baseline 0.007 -18"><span class='ocrx_word' id='word_1_548' title='bbox 2234 1007 2527 1076; x_wconf 89' lang='lat' dir='ltr'><strong>tellectum,</strong></span> <span class='ocrx_word' id='word_1_549' title='bbox 2557 1009 2924 1079; x_wconf 88' lang='lat' dir='ltr'><strong>proponimus,</strong></span> <span class='ocrx_word' id='word_1_550' title='bbox 2951 1009 3080 1064; x_wconf 91' lang='lat' dir='ltr'><strong>dum</strong></span> <span class='ocrx_word' id='word_1_551' title='bbox 3099 1009 3437 1077; x_wconf 87' lang='lat' dir='ltr'><strong>consulimus,</strong></span> <span class='ocrx_word' id='word_1_552' title='bbox 3461 1013 3578 1069; x_wconf 91' lang='lat' dir='ltr'><strong>dum</strong></span> <span class='ocrx_word' id='word_1_553' title='bbox 3600 1016 3767 1072; x_wconf 84' lang='lat' dir='ltr'><strong>cohor-</strong></span> 
     </span>
    </p>
   </div>
   <div class='ocr_carea' id='block_1_70' title="bbox 2237 1099 3764 1176">
    <p class='ocr_par' dir='ltr' id='par_1_70' title="bbox 2237 1099 3764 1176">
     <span class='ocr_line' id='line_1_70' title="bbox 2237 1099 3764 1176; baseline 0.007 -24"><span class='ocrx_word' id='word_1_554' title='bbox 2237 1106 2431 1165; x_wconf 89' lang='lat' dir='ltr'><strong>tamur,</strong></span> <span class='ocrx_word' id='word_1_555' title='bbox 2454 1099 2580 1154; x_wconf 86' lang='lat' dir='ltr'><strong>dum</strong></span> <span class='ocrx_word' id='word_1_556' title='bbox 2604 1113 2818 1155; x_wconf 90' lang='lat' dir='ltr'><strong>omnem</strong></span> <span class='ocrx_word' id='word_1_557' title='bbox 2845 1101 3141 1156; x_wconf 89' lang='lat' dir='ltr'><strong>orationem</strong></span> <span class='ocrx_word' id='word_1_558' title='bbox 3172 1100 3525 1169; x_wconf 88' lang='lat' dir='ltr'><strong>admovemus,</strong></span> <span class='ocrx_word' id='word_1_559' title='bbox 3552 1121 3677 1176; x_wconf 80' lang='lat' dir='ltr'><strong>aegre</strong></span> <span class='ocrx_word' id='word_1_560' title='bbox 3696 1118 3764 1162; x_wconf 89' lang='lat' dir='ltr'><strong>ta-</strong></span> 
     </span>
    </p>
   </div>
   <div class='ocr_carea' id='block_1_71' title="bbox 2236 1189 3767 1264">
    <p class='ocr_par' dir='ltr' id='par_1_71' title="bbox 2236 1189 3767 1264">
     <span class='ocr_line' id='line_1_71' title="bbox 2236 1189 3767 1264; baseline 0.007 -21"><span class='ocrx_word' id='word_1_561' title='bbox 2236 1204 2357 1245; x_wconf 91' lang='lat' dir='ltr'><strong>men</strong></span> <span class='ocrx_word' id='word_1_562' title='bbox 2404 1189 2739 1246; x_wconf 89' lang='lat' dir='ltr'><strong>adducuntur</strong></span> <span class='ocrx_word' id='word_1_563' title='bbox 2793 1190 3008 1263; x_wconf 90' lang='lat' dir='ltr'><strong>quidam</strong></span> <span class='ocrx_word' id='word_1_564' title='bbox 3038 1231 3053 1257; x_wconf 91' lang='lat'><strong>,</strong></span> <span class='ocrx_word' id='word_1_565' title='bbox 3110 1200 3166 1247; x_wconf 91' lang='lat' dir='ltr'><strong>ut</strong></span> <span class='ocrx_word' id='word_1_566' title='bbox 3216 1191 3432 1249; x_wconf 85' lang='lat' dir='ltr'><strong>sudores</strong></span> <span class='ocrx_word' id='word_1_567' title='bbox 3471 1209 3562 1264; x_wconf 88' lang='lat' dir='ltr'><strong>pro</strong></span> <span class='ocrx_word' id='word_1_568' title='bbox 3601 1197 3767 1254; x_wconf 75' lang='lat' dir='ltr'><strong>virtute</strong></span> 
     </span>
    </p>
   </div>
   <div class='ocr_carea' id='block_1_72' title="bbox 2233 1281 3768 1356">
    <p class='ocr_par' dir='ltr' id='par_1_72' title="bbox 2233 1281 3768 1356">
     <span class='ocr_line' id='line_1_72' title="bbox 2233 1281 3768 1356; baseline 0.004 -20"><span class='ocrx_word' id='word_1_569' title='bbox 2233 1281 2525 1351; x_wconf 89' lang='lat' dir='ltr'><strong>suscipiant</strong></span> <span class='ocrx_word' id='word_1_570' title='bbox 2548 1322 2564 1350; x_wconf 94' lang='lat'><strong>,</strong></span> <span class='ocrx_word' id='word_1_571' title='bbox 2602 1296 2744 1352; x_wconf 66' lang='lat' dir='ltr'><strong>aegre</strong></span> <span class='ocrx_word' id='word_1_572' title='bbox 2770 1297 2800 1336; x_wconf 91' lang='lat' dir='ltr'><strong>a</strong></span> <span class='ocrx_word' id='word_1_573' title='bbox 2827 1291 3164 1353; x_wconf 84' lang='lat' dir='ltr'><strong>peccatorum</strong></span> <span class='ocrx_word' id='word_1_574' title='bbox 3191 1282 3537 1356; x_wconf 76' lang='lat' dir='ltr'><strong>voluptatibus</strong></span> <span class='ocrx_word' id='word_1_575' title='bbox 3565 1292 3768 1343; x_wconf 61' lang='lat' dir='ltr'><strong>avocati.</strong></span> 
     </span>
    </p>
   </div>
   <div class='ocr_carea' id='block_1_73' title="bbox 2235 1372 3770 1446">
    <p class='ocr_par' dir='ltr' id='par_1_73' title="bbox 2235 1372 3770 1446">
     <span class='ocr_line' id='line_1_73' title="bbox 2235 1372 3770 1446; baseline 0.005 -19"><span class='ocrx_word' id='word_1_576' title='bbox 2235 1382 2321 1428; x_wconf 89' lang='lat' dir='ltr'><strong>tur</strong></span> <span class='ocrx_word' id='word_1_577' title='bbox 2350 1391 2364 1428; x_wconf 88' lang='lat'><strong>:</strong></span> <span class='ocrx_word' id='word_1_578' title='bbox 2391 1372 2436 1429; x_wconf 92' lang='lat' dir='ltr'><strong>si</strong></span> <span class='ocrx_word' id='word_1_579' title='bbox 2462 1373 2598 1429; x_wconf 89' lang='lat' dir='ltr'><strong>hanc</strong></span> <span class='ocrx_word' id='word_1_580' title='bbox 2624 1374 2784 1436; x_wconf 87' lang='lat' dir='ltr'><strong>etiam</strong></span> <span class='ocrx_word' id='word_1_581' title='bbox 2811 1388 3017 1430; x_wconf 83' lang='lat' dir='ltr'><strong>sacram</strong></span> <span class='ocrx_word' id='word_1_582' title='bbox 3039 1374 3317 1446; x_wconf 87' lang='lat' dir='ltr'><strong>abruperis</strong></span> <span class='ocrx_word' id='word_1_583' title='bbox 3341 1390 3596 1441; x_wconf 88' lang='lat' dir='ltr'><strong>ancoram,</strong></span> <span class='ocrx_word' id='word_1_584' title='bbox 3616 1393 3770 1435; x_wconf 88' lang='lat' dir='ltr'><strong>nonne</strong></span> 
     </span>
    </p>
   </div>
   <div class='ocr_carea' id='block_1_74' title="bbox 2234 1466 3772 1540">
    <p class='ocr_par' dir='ltr' id='par_1_74' title="bbox 2234 1466 3772 1540">
     <span class='ocr_line' id='line_1_74' title="bbox 2234 1466 3772 1540; baseline 0.005 -18"><span class='ocrx_word' id='word_1_585' title='bbox 2234 1466 2441 1537; x_wconf 88' lang='lat' dir='ltr'><strong>integra</strong></span> <span class='ocrx_word' id='word_1_586' title='bbox 2473 1468 2620 1523; x_wconf 90' lang='lat' dir='ltr'><strong>navis</strong></span> <span class='ocrx_word' id='word_1_587' title='bbox 2647 1467 3018 1540; x_wconf 87' lang='lat' dir='ltr'><strong>submergetur</strong></span> <span class='ocrx_word' id='word_1_588' title='bbox 3038 1510 3054 1537; x_wconf 94' lang='lat'><strong>,</strong></span> <span class='ocrx_word' id='word_1_589' title='bbox 3110 1477 3165 1524; x_wconf 87' lang='lat' dir='ltr'><strong>et</strong></span> <span class='ocrx_word' id='word_1_590' title='bbox 3193 1482 3377 1525; x_wconf 90' lang='lat' dir='ltr'><strong>omnes</strong></span> <span class='ocrx_word' id='word_1_591' title='bbox 3403 1470 3600 1540; x_wconf 87' lang='lat' dir='ltr'><strong>penitus</strong></span> <span class='ocrx_word' id='word_1_592' title='bbox 3625 1469 3772 1529; x_wconf 79' lang='lat' dir='ltr'><strong>flucti-</strong></span> 
     </span>
    </p>
   </div>
   <div class='ocr_carea' id='block_1_75' title="bbox 2235 1560 3774 1632">
    <p class='ocr_par' dir='ltr' id='par_1_75' title="bbox 2235 1560 3774 1632">
     <span class='ocr_line' id='line_1_75' title="bbox 2235 1560 3774 1632; baseline 0.001 -18"><span class='ocrx_word' id='word_1_593' title='bbox 2235 1560 2333 1615; x_wconf 85' lang='lat' dir='ltr'><strong>bus</strong></span> <span class='ocrx_word' id='word_1_594' title='bbox 2360 1560 2599 1630; x_wconf 89' lang='lat' dir='ltr'><strong>absorpti</strong></span> <span class='ocrx_word' id='word_1_595' title='bbox 2631 1560 2919 1631; x_wconf 90' lang='lat' dir='ltr'><strong>peribunt,</strong></span> <span class='ocrx_word' id='word_1_596' title='bbox 2958 1560 3232 1632; x_wconf 81' lang='lat' dir='ltr'><strong>multaque</strong></span> <span class='ocrx_word' id='word_1_597' title='bbox 3254 1561 3486 1632; x_wconf 89' lang='lat' dir='ltr'><strong>quotidie</strong></span> <span class='ocrx_word' id='word_1_598' title='bbox 3519 1560 3638 1618; x_wconf 86' lang='lat' dir='ltr'><strong>fient</strong></span> <span class='ocrx_word' id='word_1_599' title='bbox 3661 1577 3774 1617; x_wconf 79' lang='lat' dir='ltr'><strong>nau-</strong></span> 
     </span>
    </p>
   </div>
   <div class='ocr_carea' id='block_1_76' title="bbox 2236 1650 3771 1724">
    <p class='ocr_par' dir='ltr' id='par_1_76' title="bbox 2236 1650 3771 1724">
     <span class='ocr_line' id='line_1_76' title="bbox 2236 1650 3771 1724; baseline 0.002 -19"><span class='ocrx_word' id='word_1_600' title='bbox 2236 1650 2436 1723; x_wconf 81' lang='lat' dir='ltr'><strong>fragia?</strong></span> <span class='ocrx_word' id='word_1_601' title='bbox 2461 1652 2599 1707; x_wconf 88' lang='lat' dir='ltr'><strong>Nihil</strong></span> <span class='ocrx_word' id='word_1_602' title='bbox 2620 1654 2762 1708; x_wconf 90' lang='lat' dir='ltr'><strong>enim</strong></span> <span class='ocrx_word' id='word_1_603' title='bbox 2785 1653 2958 1724; x_wconf 88' lang='lat' dir='ltr'><strong>plane,</strong></span> <span class='ocrx_word' id='word_1_604' title='bbox 2986 1652 3115 1708; x_wconf 91' lang='lat' dir='ltr'><strong>nihil</strong></span> <span class='ocrx_word' id='word_1_605' title='bbox 3145 1653 3220 1709; x_wconf 87' lang='lat' dir='ltr'><strong>ita</strong></span> <span class='ocrx_word' id='word_1_606' title='bbox 3247 1652 3513 1708; x_wconf 90' lang='lat' dir='ltr'><strong>contendit</strong></span> <span class='ocrx_word' id='word_1_607' title='bbox 3534 1653 3771 1720; x_wconf 88' lang='lat' dir='ltr'><strong>diabolus,</strong></span> 
     </span>
    </p>
   </div>
   <div class='ocr_carea' id='block_1_77' title="bbox 2236 1746 3771 1819">
    <p class='ocr_par' dir='ltr' id='par_1_77' title="bbox 2236 1746 3771 1819">
     <span class='ocr_line' id='line_1_77' title="bbox 2236 1746 3771 1819; baseline -0.001 -17"><span class='ocrx_word' id='word_1_608' title='bbox 2236 1757 2292 1802; x_wconf 93' lang='lat' dir='ltr'><strong>ut</strong></span> <span class='ocrx_word' id='word_1_609' title='bbox 2314 1746 2505 1802; x_wconf 73' lang='lat' dir='ltr'><strong>anima:</strong></span> <span class='ocrx_word' id='word_1_610' title='bbox 2530 1746 2774 1803; x_wconf 80' lang='lat' dir='ltr'><strong>humana:</strong></span> <span class='ocrx_word' id='word_1_611' title='bbox 2796 1746 3135 1819; x_wconf 86' lang='lat' dir='ltr'><strong>persuadere,</strong></span> <span class='ocrx_word' id='word_1_612' title='bbox 3163 1762 3336 1817; x_wconf 90' lang='lat' dir='ltr'><strong>neque</strong></span> <span class='ocrx_word' id='word_1_613' title='bbox 3362 1746 3413 1801; x_wconf 92' lang='lat' dir='ltr'><strong>in</strong></span> <span class='ocrx_word' id='word_1_614' title='bbox 3433 1746 3650 1817; x_wconf 86' lang='lat' dir='ltr'><strong>peccatis</strong></span> <span class='ocrx_word' id='word_1_615' title='bbox 3670 1752 3771 1803; x_wconf 87' lang='lat' dir='ltr'><strong>eam</strong></span> 
     </span>
    </p>
   </div>
   <div class='ocr_carea' id='block_1_78' title="bbox 2234 1840 3774 1912">
    <p class='ocr_par' dir='ltr' id='par_1_78' title="bbox 2234 1840 3774 1912">
     <span class='ocr_line' id='line_1_78' title="bbox 2234 1840 3774 1912; baseline 0 -16"><span class='ocrx_word' id='word_1_616' title='bbox 2234 1842 2505 1912; x_wconf 90' lang='lat' dir='ltr'><strong>suppliciis</strong></span> <span class='ocrx_word' id='word_1_617' title='bbox 2532 1842 2818 1897; x_wconf 78' lang='lat' dir='ltr'><strong>obnoxiam</strong></span> <span class='ocrx_word' id='word_1_618' title='bbox 2841 1882 2858 1910; x_wconf 94' lang='lat'><strong>,</strong></span> <span class='ocrx_word' id='word_1_619' title='bbox 2897 1856 3070 1911; x_wconf 88' lang='lat' dir='ltr'><strong>neque</strong></span> <span class='ocrx_word' id='word_1_620' title='bbox 3099 1840 3344 1898; x_wconf 81' lang='lat' dir='ltr'><strong>laudibus</strong></span> <span class='ocrx_word' id='word_1_621' title='bbox 3369 1849 3425 1896; x_wconf 87' lang='lat' dir='ltr'><strong>et</strong></span> <span class='ocrx_word' id='word_1_622' title='bbox 3447 1840 3647 1897; x_wconf 85' lang='lat' dir='ltr'><strong>coronis</strong></span> <span class='ocrx_word' id='word_1_623' title='bbox 3670 1854 3774 1896; x_wconf 83' lang='lat' dir='ltr'><strong>esse</strong></span> 
     </span>
    </p>
   </div>
   <div class='ocr_carea' id='block_1_79' title="bbox 2232 1936 3774 2007">
    <p class='ocr_par' dir='ltr' id='par_1_79' title="bbox 2232 1936 3774 2007">
     <span class='ocr_line' id='line_1_79' title="bbox 2232 1936 3774 2007; baseline 0.001 -18"><span class='ocrx_word' id='word_1_624' title='bbox 2232 1936 2444 2007; x_wconf 83' lang='lat' dir='ltr'><strong>dignam</strong></span> <span class='ocrx_word' id='word_1_625' title='bbox 2466 1936 2517 1991; x_wconf 93' lang='lat' dir='ltr'><strong>in</strong></span> <span class='ocrx_word' id='word_1_626' title='bbox 2543 1945 2688 1994; x_wconf 90' lang='lat' dir='ltr'><strong>recte</strong></span> <span class='ocrx_word' id='word_1_627' title='bbox 2717 1936 2868 1994; x_wconf 85' lang='lat' dir='ltr'><strong>factis</strong></span> <span class='ocrx_word' id='word_1_628' title='bbox 2888 1980 2904 2005; x_wconf 94' lang='lat'><strong>,</strong></span> <span class='ocrx_word' id='word_1_629' title='bbox 2930 1948 2991 1992; x_wconf 92' lang='lat' dir='ltr'><strong>ut</strong></span> <span class='ocrx_word' id='word_1_630' title='bbox 3017 1948 3070 1994; x_wconf 91' lang='lat' dir='ltr'><strong>et</strong></span> <span class='ocrx_word' id='word_1_631' title='bbox 3100 1936 3459 1993; x_wconf 87' lang='lat' dir='ltr'><strong>studiosorum</strong></span> <span class='ocrx_word' id='word_1_632' title='bbox 3489 1952 3663 1992; x_wconf 88' lang='lat' dir='ltr'><strong>manus</strong></span> <span class='ocrx_word' id='word_1_633' title='bbox 3680 1936 3774 1993; x_wconf 88' lang='lat' dir='ltr'><strong>dis-</strong></span> 
     </span>
    </p>
   </div>
   <div class='ocr_carea' id='block_1_80' title="bbox 2232 2028 3772 2101">
    <p class='ocr_par' dir='ltr' id='par_1_80' title="bbox 2232 2028 3772 2101">
     <span class='ocr_line' id='line_1_80' title="bbox 2232 2028 3772 2101; baseline -0.002 -16"><span class='ocrx_word' id='word_1_634' title='bbox 2232 2031 2426 2097; x_wconf 87' lang='lat' dir='ltr'><strong>solvat,</strong></span> <span class='ocrx_word' id='word_1_635' title='bbox 2455 2038 2509 2085; x_wconf 90' lang='lat' dir='ltr'><strong>et</strong></span> <span class='ocrx_word' id='word_1_636' title='bbox 2536 2030 2696 2086; x_wconf 91' lang='lat' dir='ltr'><strong>animi</strong></span> <span class='ocrx_word' id='word_1_637' title='bbox 2724 2030 3049 2086; x_wconf 89' lang='lat' dir='ltr'><strong>alacritatem</strong></span> <span class='ocrx_word' id='word_1_638' title='bbox 3080 2030 3406 2101; x_wconf 87' lang='lat' dir='ltr'><strong>restinguat,</strong></span> <span class='ocrx_word' id='word_1_639' title='bbox 3434 2038 3674 2085; x_wconf 88' lang='lat' dir='ltr'><strong>eteorum</strong></span> <span class='ocrx_word' id='word_1_640' title='bbox 3697 2028 3772 2099; x_wconf 91' lang='lat' dir='ltr'><strong>qui</strong></span> 
     </span>
    </p>
   </div>
   <div class='ocr_carea' id='block_1_81' title="bbox 2231 2120 3774 2193">
    <p class='ocr_par' dir='ltr' id='par_1_81' title="bbox 2231 2120 3774 2193">
     <span class='ocr_line' id='line_1_81' title="bbox 2231 2120 3774 2193; baseline 0 -18"><span class='ocrx_word' id='word_1_641' title='bbox 2231 2122 2467 2177; x_wconf 88' lang='lat' dir='ltr'><strong>animum</strong></span> <span class='ocrx_word' id='word_1_642' title='bbox 2495 2122 2826 2193; x_wconf 89' lang='lat' dir='ltr'><strong>despondent</strong></span> <span class='ocrx_word' id='word_1_643' title='bbox 2852 2123 3111 2178; x_wconf 91' lang='lat' dir='ltr'><strong>incuriam</strong></span> <span class='ocrx_word' id='word_1_644' title='bbox 3134 2121 3334 2188; x_wconf 85' lang='lat' dir='ltr'><strong>foveat,</strong></span> <span class='ocrx_word' id='word_1_645' title='bbox 3357 2136 3419 2178; x_wconf 80' lang='lat' dir='ltr'><strong>ac</strong></span> <span class='ocrx_word' id='word_1_646' title='bbox 3436 2120 3774 2193; x_wconf 75' lang='lat' dir='ltr'><strong>negligentiam</strong></span> 
     </span>
    </p>
   </div>
   <div class='ocr_carea' id='block_1_82' title="bbox 2231 2226 2440 2285">
    <p class='ocr_par' dir='ltr' id='par_1_82' title="bbox 2231 2226 2440 2285">
     <span class='ocr_line' id='line_1_82' title="bbox 2231 2226 2440 2285; baseline 0 -16"><span class='ocrx_word' id='word_1_647' title='bbox 2231 2230 2260 2269; x_wconf 91' lang='lat' dir='ltr'><strong>a</strong></span> <span class='ocrx_word' id='word_1_648' title='bbox 2268 2231 2393 2285; x_wconf 85' lang='lat' dir='ltr'><strong>ugea</strong></span> <span class='ocrx_word' id='word_1_649' title='bbox 2404 2226 2440 2270; x_wconf 91' lang='lat' dir='ltr'><strong>t.</strong></span> 
     </span>
    </p>
   </div>
   <div class='ocr_carea' id='block_1_83' title="bbox 2302 2302 3773 2375">
    <p class='ocr_par' dir='ltr' id='par_1_83' title="bbox 2302 2302 3773 2375">
     <span class='ocr_line' id='line_1_83' title="bbox 2302 2302 3773 2375; baseline -0.002 -16"><span class='ocrx_word' id='word_1_650' title='bbox 2302 2308 2527 2362; x_wconf 84' lang='lat' dir='ltr'><strong>Libertas</strong></span> <span class='ocrx_word' id='word_1_651' title='bbox 2554 2308 2807 2361; x_wconf 83' lang='lat' dir='ltr'><strong>actionum</strong></span> <span class='ocrx_word' id='word_1_652' title='bbox 2834 2309 3190 2361; x_wconf 82' lang='lat' dir='ltr'><strong>humanarum.</strong></span> <span class='ocrx_word' id='word_1_653' title='bbox 3221 2336 3292 2347; x_wconf 90' lang='lat'><strong>--</strong></span> <span class='ocrx_word' id='word_1_654' title='bbox 3317 2305 3567 2375; x_wconf 84' lang='lat' dir='ltr'><strong>Quocirca</strong></span> <span class='ocrx_word' id='word_1_655' title='bbox 3586 2302 3773 2374; x_wconf 82' lang='lat' dir='ltr'><strong>diligen-</strong></span> 
     </span>
    </p>
   </div>
   <div class='ocr_carea' id='block_1_84' title="bbox 2233 2395 3775 2469">
    <p class='ocr_par' dir='ltr' id='par_1_84' title="bbox 2233 2395 3775 2469">
     <span class='ocr_line' id='line_1_84' title="bbox 2233 2395 3775 2469; baseline -0.003 -16"><span class='ocrx_word' id='word_1_656' title='bbox 2233 2408 2313 2454; x_wconf 90' lang='lat' dir='ltr'><strong>ter</strong></span> <span class='ocrx_word' id='word_1_657' title='bbox 2339 2400 2426 2466; x_wconf 91' lang='lat' dir='ltr'><strong>iis,</strong></span> <span class='ocrx_word' id='word_1_658' title='bbox 2452 2416 2571 2469; x_wconf 75' lang='lat' dir='ltr'><strong>quae</strong></span> <span class='ocrx_word' id='word_1_659' title='bbox 2601 2400 2849 2455; x_wconf 88' lang='lat' dir='ltr'><strong>dicuntur</strong></span> <span class='ocrx_word' id='word_1_660' title='bbox 2871 2442 2886 2465; x_wconf 92' lang='lat'><strong>,</strong></span> <span class='ocrx_word' id='word_1_661' title='bbox 2917 2398 3299 2457; x_wconf 87' lang='lat' dir='ltr'><strong>attendendum</strong></span> <span class='ocrx_word' id='word_1_662' title='bbox 3329 2405 3431 2454; x_wconf 90' lang='lat' dir='ltr'><strong>est.</strong></span> <span class='ocrx_word' id='word_1_663' title='bbox 3456 2395 3775 2465; x_wconf 60' lang='lat' dir='ltr'><strong>Pracipitth</strong></span> 
     </span>
    </p>
   </div>
   <div class='ocr_carea' id='block_1_85' title="bbox 2231 2488 3773 2561">
    <p class='ocr_par' dir='ltr' id='par_1_85' title="bbox 2231 2488 3773 2561">
     <span class='ocr_line' id='line_1_85' title="bbox 2231 2488 3773 2561; baseline -0.005 -16"><span class='ocrx_word' id='word_1_664' title='bbox 2231 2500 2314 2546; x_wconf 89' lang='lat' dir='ltr'><strong>est</strong></span> <span class='ocrx_word' id='word_1_665' title='bbox 2341 2492 2591 2561; x_wconf 90' lang='lat' dir='ltr'><strong>utrinque</strong></span> <span class='ocrx_word' id='word_1_666' title='bbox 2614 2506 2677 2546; x_wconf 93' lang='lat' dir='ltr'><strong>ae</strong></span> <span class='ocrx_word' id='word_1_667' title='bbox 2703 2492 2852 2547; x_wconf 87' lang='lat' dir='ltr'><strong>fovea</strong></span> <span class='ocrx_word' id='word_1_668' title='bbox 2890 2491 3038 2545; x_wconf 90' lang='lat' dir='ltr'><strong>locus</strong></span> <span class='ocrx_word' id='word_1_669' title='bbox 3063 2492 3163 2545; x_wconf 88' lang='lat' dir='ltr'><strong>istc</strong></span> <span class='ocrx_word' id='word_1_670' title='bbox 3189 2532 3204 2556; x_wconf 89' lang='lat'><strong>,</strong></span> <span class='ocrx_word' id='word_1_671' title='bbox 3244 2491 3348 2546; x_wconf 85' lang='lat' dir='ltr'><strong>nisi</strong></span> <span class='ocrx_word' id='word_1_672' title='bbox 3385 2497 3535 2545; x_wconf 81' lang='lat' dir='ltr'><strong>caute</strong></span> <span class='ocrx_word' id='word_1_673' title='bbox 3578 2488 3773 2557; x_wconf 86' lang='lat' dir='ltr'><strong>legatur.</strong></span> 
     </span>
    </p>
   </div>
   <div class='ocr_carea' id='block_1_86' title="bbox 2230 2576 3777 2652">
    <p class='ocr_par' dir='ltr' id='par_1_86' title="bbox 2230 2576 3777 2652">
     <span class='ocr_line' id='line_1_86' title="bbox 2230 2576 3777 2652; baseline -0.004 -18"><span class='ocrx_word' id='word_1_674' title='bbox 2230 2581 2365 2650; x_wconf 90' lang='lat' dir='ltr'><strong>Quid</strong></span> <span class='ocrx_word' id='word_1_675' title='bbox 2395 2582 2535 2636; x_wconf 91' lang='lat' dir='ltr'><strong>enim</strong></span> <span class='ocrx_word' id='word_1_676' title='bbox 2574 2581 2856 2636; x_wconf 83' lang='lat' dir='ltr'><strong>dicemus?</strong></span> <span class='ocrx_word' id='word_1_677' title='bbox 2900 2596 2966 2635; x_wconf 92' lang='lat' dir='ltr'><strong>an</strong></span> <span class='ocrx_word' id='word_1_678' title='bbox 2995 2581 3308 2652; x_wconf 88' lang='lat' dir='ltr'><strong>prophetam</strong></span> <span class='ocrx_word' id='word_1_679' title='bbox 3332 2594 3450 2636; x_wconf 89' lang='lat' dir='ltr'><strong>esse</strong></span> <span class='ocrx_word' id='word_1_680' title='bbox 3487 2576 3777 2635; x_wconf 79' lang='lat' dir='ltr'><strong>mentitum?</strong></span> 
     </span>
    </p>
   </div>
   <div class='ocr_carea' id='block_1_87' title="bbox 2230 2668 3776 2745">
    <p class='ocr_par' dir='ltr' id='par_1_87' title="bbox 2230 2668 3776 2745">
     <span class='ocr_line' id='line_1_87' title="bbox 2230 2668 3776 2745; baseline -0.005 -16"><span class='ocrx_word' id='word_1_681' title='bbox 2230 2676 2299 2729; x_wconf 86' lang='lat' dir='ltr'><strong>At</strong></span> <span class='ocrx_word' id='word_1_682' title='bbox 2324 2675 2675 2745; x_wconf 90' lang='lat' dir='ltr'><strong>periculosum</strong></span> <span class='ocrx_word' id='word_1_683' title='bbox 2720 2674 2844 2730; x_wconf 79' lang='lat' dir='ltr'><strong>eSt?</strong></span> <span class='ocrx_word' id='word_1_684' title='bbox 2894 2690 2998 2729; x_wconf 93' lang='lat' dir='ltr'><strong>non</strong></span> <span class='ocrx_word' id='word_1_685' title='bbox 3040 2675 3185 2729; x_wconf 90' lang='lat' dir='ltr'><strong>enim</strong></span> <span class='ocrx_word' id='word_1_686' title='bbox 3232 2672 3487 2728; x_wconf 89' lang='lat' dir='ltr'><strong>mentitur</strong></span> <span class='ocrx_word' id='word_1_687' title='bbox 3511 2668 3776 2742; x_wconf 83' lang='lat' dir='ltr'><strong>propheta,</strong></span> 
     </span>
    </p>
   </div>
   <div class='ocr_carea' id='block_1_88' title="bbox 2230 2764 3777 2842">
    <p class='ocr_par' dir='ltr' id='par_1_88' title="bbox 2230 2764 3777 2842">
     <span class='ocr_line' id='line_1_88' title="bbox 2230 2764 3777 2842; baseline -0.007 -16"><span class='ocrx_word' id='word_1_688' title='bbox 2230 2780 2414 2841; x_wconf 88' lang='lat' dir='ltr'><strong>utpote</strong></span> <span class='ocrx_word' id='word_1_689' title='bbox 2439 2771 2527 2842; x_wconf 91' lang='lat' dir='ltr'><strong>qui</strong></span> <span class='ocrx_word' id='word_1_690' title='bbox 2554 2770 2651 2825; x_wconf 90' lang='lat' dir='ltr'><strong>Dei</strong></span> <span class='ocrx_word' id='word_1_691' title='bbox 2682 2785 2840 2825; x_wconf 91' lang='lat' dir='ltr'><strong>voces</strong></span> <span class='ocrx_word' id='word_1_692' title='bbox 2867 2770 3236 2841; x_wconf 90' lang='lat' dir='ltr'><strong>proloquatur.</strong></span> <span class='ocrx_word' id='word_1_693' title='bbox 3265 2768 3381 2823; x_wconf 87' lang='lat' dir='ltr'><strong>Non</strong></span> <span class='ocrx_word' id='word_1_694' title='bbox 3406 2782 3529 2838; x_wconf 89' lang='lat' dir='ltr'><strong>ergo</strong></span> <span class='ocrx_word' id='word_1_695' title='bbox 3557 2764 3777 2819; x_wconf 75' lang='lat' dir='ltr'><strong>mentitus</strong></span> 
     </span>
    </p>
   </div>
   <div class='ocr_carea' id='block_1_89' title="bbox 2228 2860 3780 2933">
    <p class='ocr_par' dir='ltr' id='par_1_89' title="bbox 2228 2860 3780 2933">
     <span class='ocr_line' id='line_1_89' title="bbox 2228 2860 3780 2933; baseline -0.008 -14"><span class='ocrx_word' id='word_1_696' title='bbox 2228 2873 2313 2919; x_wconf 88' lang='lat' dir='ltr'><strong>est</strong></span> <span class='ocrx_word' id='word_1_697' title='bbox 2335 2861 2636 2933; x_wconf 79' lang='lat' dir='ltr'><strong>prapheta?</strong></span> <span class='ocrx_word' id='word_1_698' title='bbox 2665 2860 2888 2931; x_wconf 91' lang='lat' dir='ltr'><strong>proinde</strong></span> <span class='ocrx_word' id='word_1_699' title='bbox 2914 2876 3020 2915; x_wconf 91' lang='lat' dir='ltr'><strong>non</strong></span> <span class='ocrx_word' id='word_1_700' title='bbox 3052 2869 3179 2915; x_wconf 92' lang='lat' dir='ltr'><strong>sunt</strong></span> <span class='ocrx_word' id='word_1_701' title='bbox 3228 2861 3282 2914; x_wconf 95' lang='lat' dir='ltr'><strong>in</strong></span> <span class='ocrx_word' id='word_1_702' title='bbox 3321 2867 3500 2914; x_wconf 89' lang='lat' dir='ltr'><strong>nostra</strong></span> <span class='ocrx_word' id='word_1_703' title='bbox 3527 2864 3780 2926; x_wconf 78' lang='lat' dir='ltr'><strong>potestate,</strong></span> 
     </span>
    </p>
   </div>
   <div class='ocr_carea' id='block_1_90' title="bbox 2230 2946 3784 3026">
    <p class='ocr_par' dir='ltr' id='par_1_90' title="bbox 2230 2946 3784 3026">
     <span class='ocr_line' id='line_1_90' title="bbox 2230 2946 3784 3026; baseline -0.007 -17"><span class='ocrx_word' id='word_1_704' title='bbox 2230 2971 2348 3025; x_wconf 72' lang='lat' dir='ltr'><strong>quae</strong></span> <span class='ocrx_word' id='word_1_705' title='bbox 2375 2969 2532 3026; x_wconf 90' lang='lat' dir='ltr'><strong>agere</strong></span> <span class='ocrx_word' id='word_1_706' title='bbox 2552 2954 2855 3010; x_wconf 81' lang='lat' dir='ltr'><strong>debemus?</strong></span> <span class='ocrx_word' id='word_1_707' title='bbox 2894 2952 3005 3008; x_wconf 82' lang='lat' dir='ltr'><strong>lino</strong></span> <span class='ocrx_word' id='word_1_708' title='bbox 3028 2962 3081 3009; x_wconf 91' lang='lat' dir='ltr'><strong>et</strong></span> <span class='ocrx_word' id='word_1_709' title='bbox 3106 2954 3156 3007; x_wconf 90' lang='lat' dir='ltr'><strong>in</strong></span> <span class='ocrx_word' id='word_1_710' title='bbox 3183 2961 3375 3007; x_wconf 82' lang='lat' dir='ltr'><strong>nostra</strong></span> <span class='ocrx_word' id='word_1_711' title='bbox 3416 2957 3661 3021; x_wconf 88' lang='lat' dir='ltr'><strong>potestate</strong></span> <span class='ocrx_word' id='word_1_712' title='bbox 3697 2946 3784 2999; x_wconf 86' lang='lat' dir='ltr'><strong>sita</strong></span> 
     </span>
    </p>
   </div>
   <div class='ocr_carea' id='block_1_91' title="bbox 2229 3040 3785 3118">
    <p class='ocr_par' dir='ltr' id='par_1_91' title="bbox 2229 3040 3785 3118">
     <span class='ocr_line' id='line_1_91' title="bbox 2229 3040 3785 3118; baseline -0.008 -16"><span class='ocrx_word' id='word_1_713' title='bbox 2229 3058 2354 3103; x_wconf 90' lang='lat' dir='ltr'><strong>sunt</strong></span> <span class='ocrx_word' id='word_1_714' title='bbox 2378 3062 2499 3118; x_wconf 74' lang='lat' dir='ltr'><strong>qua:</strong></span> <span class='ocrx_word' id='word_1_715' title='bbox 2526 3061 2685 3117; x_wconf 90' lang='lat' dir='ltr'><strong>agere</strong></span> <span class='ocrx_word' id='word_1_716' title='bbox 2704 3046 2961 3102; x_wconf 90' lang='lat' dir='ltr'><strong>debemus</strong></span> <span class='ocrx_word' id='word_1_717' title='bbox 2980 3087 2996 3111; x_wconf 92' lang='lat'><strong>,</strong></span> <span class='ocrx_word' id='word_1_718' title='bbox 3041 3053 3096 3100; x_wconf 91' lang='lat' dir='ltr'><strong>et</strong></span> <span class='ocrx_word' id='word_1_719' title='bbox 3126 3045 3393 3115; x_wconf 85' lang='lat' dir='ltr'><strong>propheta</strong></span> <span class='ocrx_word' id='word_1_720' title='bbox 3430 3040 3667 3096; x_wconf 87' lang='lat' dir='ltr'><strong>mentitus</strong></span> <span class='ocrx_word' id='word_1_721' title='bbox 3692 3053 3785 3092; x_wconf 93' lang='lat' dir='ltr'><strong>non</strong></span> 
     </span>
    </p>
   </div>
   <div class='ocr_carea' id='block_1_92' title="bbox 2230 3134 3783 3207">
    <p class='ocr_par' dir='ltr' id='par_1_92' title="bbox 2230 3134 3783 3207">
     <span class='ocr_line' id='line_1_92' title="bbox 2230 3134 3783 3207; baseline -0.007 -13"><span class='ocrx_word' id='word_1_722' title='bbox 2230 3150 2312 3195; x_wconf 90' lang='lat' dir='ltr'><strong>cst</strong></span> <span class='ocrx_word' id='word_1_723' title='bbox 2340 3155 2353 3192; x_wconf 88' lang='lat'><strong>:</strong></span> <span class='ocrx_word' id='word_1_724' title='bbox 2382 3149 2437 3193; x_wconf 89' lang='lat' dir='ltr'><strong>et</strong></span> <span class='ocrx_word' id='word_1_725' title='bbox 2459 3137 2645 3192; x_wconf 90' lang='lat' dir='ltr'><strong>horum</strong></span> <span class='ocrx_word' id='word_1_726' title='bbox 2673 3146 2957 3207; x_wconf 90' lang='lat' dir='ltr'><strong>utrumque</strong></span> <span class='ocrx_word' id='word_1_727' title='bbox 2984 3136 3354 3207; x_wconf 87' lang='lat' dir='ltr'><strong>probabimus,</strong></span> <span class='ocrx_word' id='word_1_728' title='bbox 3382 3134 3426 3189; x_wconf 91' lang='lat' dir='ltr'><strong>si</strong></span> <span class='ocrx_word' id='word_1_729' title='bbox 3452 3141 3672 3188; x_wconf 90' lang='lat' dir='ltr'><strong>attentas</strong></span> <span class='ocrx_word' id='word_1_730' title='bbox 3703 3143 3783 3183; x_wconf 57' lang='lat' dir='ltr'><strong>suo</strong></span> 
     </span>
    </p>
   </div>
   <div class='ocr_carea' id='block_1_93' title="bbox 2230 3219 3783 3299">
    <p class='ocr_par' dir='ltr' id='par_1_93' title="bbox 2230 3219 3783 3299">
     <span class='ocr_line' id='line_1_93' title="bbox 2230 3219 3783 3299; baseline -0.008 -14"><span class='ocrx_word' id='word_1_731' title='bbox 2230 3245 2317 3285; x_wconf 92' lang='lat' dir='ltr'><strong>res</strong></span> <span class='ocrx_word' id='word_1_732' title='bbox 2338 3229 2692 3299; x_wconf 69' lang='lat' dir='ltr'><strong>praebueritis.</strong></span> <span class='ocrx_word' id='word_1_733' title='bbox 2721 3228 3006 3299; x_wconf 87' lang='lat' dir='ltr'><strong>Propterea</strong></span> <span class='ocrx_word' id='word_1_734' title='bbox 3028 3242 3265 3297; x_wconf 82' lang='lat' dir='ltr'><strong>namque</strong></span> <span class='ocrx_word' id='word_1_735' title='bbox 3287 3225 3621 3296; x_wconf 75' lang='lat' dir='ltr'><strong>praecipitium</strong></span> <span class='ocrx_word' id='word_1_736' title='bbox 3640 3219 3783 3274; x_wconf 83' lang='lat' dir='ltr'><strong>utrin-</strong></span> 
     </span>
    </p>
   </div>
   <div class='ocr_carea' id='block_1_94' title="bbox 2230 3310 3785 3393">
    <p class='ocr_par' dir='ltr' id='par_1_94' title="bbox 2230 3310 3785 3393">
     <span class='ocr_line' id='line_1_94' title="bbox 2230 3310 3785 3393; baseline -0.009 -15"><span class='ocrx_word' id='word_1_737' title='bbox 2230 3338 2332 3393; x_wconf 90' lang='lat' dir='ltr'><strong>que</strong></span> <span class='ocrx_word' id='word_1_738' title='bbox 2357 3321 2619 3391; x_wconf 86' lang='lat' dir='ltr'><strong>objectum</strong></span> <span class='ocrx_word' id='word_1_739' title='bbox 2646 3319 2896 3387; x_wconf 86' lang='lat' dir='ltr'><strong>ostendi,</strong></span> <span class='ocrx_word' id='word_1_740' title='bbox 2937 3327 2996 3374; x_wconf 89' lang='lat' dir='ltr'><strong>ut</strong></span> <span class='ocrx_word' id='word_1_741' title='bbox 3038 3319 3238 3389; x_wconf 83' lang='lat' dir='ltr'><strong>vigiles</strong></span> <span class='ocrx_word' id='word_1_742' title='bbox 3270 3327 3327 3373; x_wconf 90' lang='lat' dir='ltr'><strong>et</strong></span> <span class='ocrx_word' id='word_1_743' title='bbox 3352 3315 3534 3371; x_wconf 88' lang='lat' dir='ltr'><strong>attenti</strong></span> <span class='ocrx_word' id='word_1_744' title='bbox 3569 3310 3785 3384; x_wconf 86' lang='lat' dir='ltr'><strong>proposi-</strong></span> 
     </span>
    </p>
   </div>
   <div class='ocr_carea' id='block_1_95' title="bbox 2232 3405 3786 3472">
    <p class='ocr_par' dir='ltr' id='par_1_95' title="bbox 2232 3405 3786 3472">
     <span class='ocr_line' id='line_1_95' title="bbox 2232 3405 3786 3472; baseline -0.011 0"><span class='ocrx_word' id='word_1_745' title='bbox 2232 3426 2341 3472; x_wconf 90' lang='lat' dir='ltr'><strong>tum</strong></span> <span class='ocrx_word' id='word_1_746' title='bbox 2383 3415 2536 3471; x_wconf 92' lang='lat' dir='ltr'><strong>nobis</strong></span> <span class='ocrx_word' id='word_1_747' title='bbox 2569 3415 2671 3470; x_wconf 91' lang='lat' dir='ltr'><strong>iter</strong></span> <span class='ocrx_word' id='word_1_748' title='bbox 2698 3414 3064 3469; x_wconf 89' lang='lat' dir='ltr'><strong>conlieiamus.</strong></span> <span class='ocrx_word' id='word_1_749' title='bbox 3111 3411 3236 3466; x_wconf 84' lang='lat' dir='ltr'><strong>Non</strong></span> <span class='ocrx_word' id='word_1_750' title='bbox 3284 3411 3427 3466; x_wconf 91' lang='lat' dir='ltr'><strong>enim</strong></span> <span class='ocrx_word' id='word_1_751' title='bbox 3470 3408 3604 3462; x_wconf 90' lang='lat' dir='ltr'><strong>hunc</strong></span> <span class='ocrx_word' id='word_1_752' title='bbox 3634 3405 3786 3459; x_wconf 89' lang='lat' dir='ltr'><strong>locum</strong></span> 
     </span>
    </p>
   </div>
   <div class='ocr_carea' id='block_1_96' title="bbox 2233 3493 3785 3571">
    <p class='ocr_par' dir='ltr' id='par_1_96' title="bbox 2233 3493 3785 3571">
     <span class='ocr_line' id='line_1_96' title="bbox 2233 3493 3785 3571; baseline -0.01 -7"><span class='ocrx_word' id='word_1_753' title='bbox 2233 3519 2433 3565; x_wconf 85' lang='lat' dir='ltr'><strong>tantum</strong></span> <span class='ocrx_word' id='word_1_754' title='bbox 2464 3508 2794 3564; x_wconf 85' lang='lat' dir='ltr'><strong>excutiemus</strong></span> <span class='ocrx_word' id='word_1_755' title='bbox 2817 3546 2832 3571; x_wconf 92' lang='lat'><strong>,</strong></span> <span class='ocrx_word' id='word_1_756' title='bbox 2866 3504 2987 3560; x_wconf 88' lang='lat' dir='ltr'><strong>Non</strong></span> <span class='ocrx_word' id='word_1_757' title='bbox 3012 3515 3086 3559; x_wconf 87' lang='lat' dir='ltr'><strong>est</strong></span> <span class='ocrx_word' id='word_1_758' title='bbox 3108 3505 3161 3557; x_wconf 89' lang='lat' dir='ltr'><strong>in</strong></span> <span class='ocrx_word' id='word_1_759' title='bbox 3189 3504 3400 3558; x_wconf 77' lang='lat' dir='ltr'><strong>homine</strong></span> <span class='ocrx_word' id='word_1_760' title='bbox 3422 3502 3502 3556; x_wconf 77' lang='lat' dir='ltr'><strong>via</strong></span> <span class='ocrx_word' id='word_1_761' title='bbox 3531 3500 3668 3569; x_wconf 77' lang='lat' dir='ltr'><strong>ejus;</strong></span> <span class='ocrx_word' id='word_1_762' title='bbox 3706 3493 3785 3550; x_wconf 82' lang='lat' dir='ltr'><strong>sed</strong></span> 
     </span>
    </p>
   </div>
   <div class='ocr_carea' id='block_1_97' title="bbox 2232 3585 3788 3665">
    <p class='ocr_par' dir='ltr' id='par_1_97' title="bbox 2232 3585 3788 3665">
     <span class='ocr_line' id='line_1_97' title="bbox 2232 3585 3788 3665; baseline -0.013 -8"><span class='ocrx_word' id='word_1_763' title='bbox 2232 3612 2283 3657; x_wconf 90' lang='lat' dir='ltr'><strong>et</strong></span> <span class='ocrx_word' id='word_1_764' title='bbox 2307 3610 2587 3657; x_wconf 80' lang='lat' dir='ltr'><strong>contextus</strong></span> <span class='ocrx_word' id='word_1_765' title='bbox 2614 3613 2827 3654; x_wconf 89' lang='lat' dir='ltr'><strong>omnem</strong></span> <span class='ocrx_word' id='word_1_766' title='bbox 2858 3597 3051 3652; x_wconf 90' lang='lat' dir='ltr'><strong>seriem</strong></span> <span class='ocrx_word' id='word_1_767' title='bbox 3072 3637 3087 3661; x_wconf 89' lang='lat'><strong>,</strong></span> <span class='ocrx_word' id='word_1_768' title='bbox 3120 3604 3173 3649; x_wconf 91' lang='lat' dir='ltr'><strong>et</strong></span> <span class='ocrx_word' id='word_1_769' title='bbox 3200 3609 3305 3665; x_wconf 87' lang='lat' dir='ltr'><strong>pro</strong></span> <span class='ocrx_word' id='word_1_770' title='bbox 3329 3592 3519 3663; x_wconf 84' lang='lat' dir='ltr'><strong>quibus</strong></span> <span class='ocrx_word' id='word_1_771' title='bbox 3543 3590 3672 3644; x_wconf 87' lang='lat' dir='ltr'><strong>dicta</strong></span> <span class='ocrx_word' id='word_1_772' title='bbox 3698 3585 3788 3640; x_wconf 87' lang='lat' dir='ltr'><strong>sint</strong></span> 
     </span>
    </p>
   </div>
   <div class='ocr_carea' id='block_1_98' title="bbox 2233 3680 3790 3763">
    <p class='ocr_par' dir='ltr' id='par_1_98' title="bbox 2233 3680 3790 3763">
     <span class='ocr_line' id='line_1_98' title="bbox 2233 3680 3790 3763; baseline -0.011 -14"><span class='ocrx_word' id='word_1_773' title='bbox 2233 3695 2342 3760; x_wconf 89' lang='lat' dir='ltr'><strong>illa,</strong></span> <span class='ocrx_word' id='word_1_774' title='bbox 2368 3709 2397 3746; x_wconf 91' lang='lat' dir='ltr'><strong>a</strong></span> <span class='ocrx_word' id='word_1_775' title='bbox 2424 3708 2529 3763; x_wconf 93' lang='lat' dir='ltr'><strong>quo</strong></span> <span class='ocrx_word' id='word_1_776' title='bbox 2547 3734 2563 3759; x_wconf 95' lang='lat'><strong>,</strong></span> <span class='ocrx_word' id='word_1_777' title='bbox 2592 3692 2658 3746; x_wconf 94' lang='lat' dir='ltr'><strong>ad</strong></span> <span class='ocrx_word' id='word_1_778' title='bbox 2689 3706 2870 3763; x_wconf 86' lang='lat' dir='ltr'><strong>quem,</strong></span> <span class='ocrx_word' id='word_1_779' title='bbox 2898 3704 3058 3760; x_wconf 90' lang='lat' dir='ltr'><strong>quam</strong></span> <span class='ocrx_word' id='word_1_780' title='bbox 3093 3687 3163 3743; x_wconf 91' lang='lat' dir='ltr'><strong>ob</strong></span> <span class='ocrx_word' id='word_1_781' title='bbox 3188 3702 3411 3743; x_wconf 89' lang='lat' dir='ltr'><strong>causam</strong></span> <span class='ocrx_word' id='word_1_782' title='bbox 3436 3727 3451 3751; x_wconf 90' lang='lat'><strong>,</strong></span> <span class='ocrx_word' id='word_1_783' title='bbox 3493 3680 3719 3755; x_wconf 86' lang='lat' dir='ltr'><strong>quando,</strong></span> <span class='ocrx_word' id='word_1_784' title='bbox 3743 3685 3790 3731; x_wconf 83' lang='lat' dir='ltr'><strong>et</strong></span> 
     </span>
    </p>
   </div>
   <div class='ocr_carea' id='block_1_99' title="bbox 2232 3770 3789 3856">
    <p class='ocr_par' dir='ltr' id='par_1_99' title="bbox 2232 3770 3789 3856">
     <span class='ocr_line' id='line_1_99' title="bbox 2232 3770 3789 3856; baseline -0.011 -15"><span class='ocrx_word' id='word_1_785' title='bbox 2232 3784 2517 3856; x_wconf 89' lang='lat' dir='ltr'><strong>quomodo.</strong></span> <span class='ocrx_word' id='word_1_786' title='bbox 2560 3783 2675 3839; x_wconf 87' lang='lat' dir='ltr'><strong>Non</strong></span> <span class='ocrx_word' id='word_1_787' title='bbox 2722 3782 2863 3838; x_wconf 90' lang='lat' dir='ltr'><strong>enim</strong></span> <span class='ocrx_word' id='word_1_788' title='bbox 2891 3781 3065 3836; x_wconf 89' lang='lat' dir='ltr'><strong>dicere</strong></span> <span class='ocrx_word' id='word_1_789' title='bbox 3095 3778 3298 3835; x_wconf 80' lang='lat' dir='ltr'><strong>sufficit</strong></span> <span class='ocrx_word' id='word_1_790' title='bbox 3337 3775 3532 3848; x_wconf 90' lang='lat' dir='ltr'><strong>aliquid</strong></span> <span class='ocrx_word' id='word_1_791' title='bbox 3578 3777 3625 3828; x_wconf 95' lang='lat' dir='ltr'><strong>in</strong></span> <span class='ocrx_word' id='word_1_792' title='bbox 3664 3770 3789 3827; x_wconf 89' lang='lat' dir='ltr'><strong>Scri-</strong></span> 
     </span>
    </p>
   </div>
   <div class='ocr_carea' id='block_1_100' title="bbox 2234 3860 3788 3947">
    <p class='ocr_par' dir='ltr' id='par_1_100' title="bbox 2234 3860 3788 3947">
     <span class='ocr_line' id='line_1_100' title="bbox 2234 3860 3788 3947; baseline -0.011 -17"><span class='ocrx_word' id='word_1_793' title='bbox 2234 3889 2386 3947; x_wconf 88' lang='lat' dir='ltr'><strong>ptura</strong></span> <span class='ocrx_word' id='word_1_794' title='bbox 2410 3876 2663 3946; x_wconf 89' lang='lat' dir='ltr'><strong>scriptum</strong></span> <span class='ocrx_word' id='word_1_795' title='bbox 2691 3872 2939 3944; x_wconf 90' lang='lat' dir='ltr'><strong>reperiri,</strong></span> <span class='ocrx_word' id='word_1_796' title='bbox 2969 3887 3139 3941; x_wconf 88' lang='lat' dir='ltr'><strong>neque</strong></span> <span class='ocrx_word' id='word_1_797' title='bbox 3164 3881 3375 3926; x_wconf 88' lang='lat' dir='ltr'><strong>temere</strong></span> <span class='ocrx_word' id='word_1_798' title='bbox 3410 3866 3587 3923; x_wconf 88' lang='lat' dir='ltr'><strong>avulsa</strong></span> <span class='ocrx_word' id='word_1_799' title='bbox 3610 3878 3668 3917; x_wconf 89' lang='lat' dir='ltr'><strong>ac</strong></span> <span class='ocrx_word' id='word_1_800' title='bbox 3692 3860 3788 3915; x_wconf 85' lang='lat' dir='ltr'><strong>dis-</strong></span> 
     </span>
    </p>
   </div>
   <div class='ocr_carea' id='block_1_101' title="bbox 2234 3949 3791 4039">
    <p class='ocr_par' dir='ltr' id='par_1_101' title="bbox 2234 3949 3791 4039">
     <span class='ocr_line' id='line_1_101' title="bbox 2234 3949 3791 4039; baseline -0.014 -15"><span class='ocrx_word' id='word_1_801' title='bbox 2234 3979 2413 4039; x_wconf 90' lang='lat' dir='ltr'><strong>cerpta</strong></span> <span class='ocrx_word' id='word_1_802' title='bbox 2458 3966 2709 4021; x_wconf 89' lang='lat' dir='ltr'><strong>divinitus</strong></span> <span class='ocrx_word' id='word_1_803' title='bbox 2754 3964 3024 4034; x_wconf 71' lang='lat' dir='ltr'><strong>inspirata:</strong></span> <span class='ocrx_word' id='word_1_804' title='bbox 3052 3961 3349 4031; x_wconf 70' lang='lat' dir='ltr'><strong>Scriptum</strong></span> <span class='ocrx_word' id='word_1_805' title='bbox 3400 3956 3633 4014; x_wconf 89' lang='lat' dir='ltr'><strong>membra</strong></span> <span class='ocrx_word' id='word_1_806' title='bbox 3671 3949 3791 4006; x_wconf 83' lang='lat' dir='ltr'><strong>nuda</strong></span> 
     </span>
    </p>
   </div>
   <div class='ocr_carea' id='block_1_102' title="bbox 2235 4052 3793 4128">
    <p class='ocr_par' dir='ltr' id='par_1_102' title="bbox 2235 4052 3793 4128">
     <span class='ocr_line' id='line_1_102' title="bbox 2235 4052 3793 4128; baseline -0.012 -14"><span class='ocrx_word' id='word_1_807' title='bbox 2235 4069 2291 4115; x_wconf 91' lang='lat' dir='ltr'><strong>et</strong></span> <span class='ocrx_word' id='word_1_808' title='bbox 2316 4074 2346 4113; x_wconf 87' lang='lat' dir='ltr'><strong>a</strong></span> <span class='ocrx_word' id='word_1_809' title='bbox 2369 4058 2576 4128; x_wconf 90' lang='lat' dir='ltr'><strong>reliquo</strong></span> <span class='ocrx_word' id='word_1_810' title='bbox 2607 4066 2752 4112; x_wconf 83' lang='lat' dir='ltr'><strong>textu</strong></span> <span class='ocrx_word' id='word_1_811' title='bbox 2774 4058 3017 4123; x_wconf 87' lang='lat' dir='ltr'><strong>serieque</strong></span> <span class='ocrx_word' id='word_1_812' title='bbox 3036 4054 3306 4110; x_wconf 90' lang='lat' dir='ltr'><strong>sermonis</strong></span> <span class='ocrx_word' id='word_1_813' title='bbox 3327 4052 3566 4121; x_wconf 84' lang='lat' dir='ltr'><strong>sejuncta</strong></span> <span class='ocrx_word' id='word_1_814' title='bbox 3585 4056 3793 4106; x_wconf 86' lang='lat' dir='ltr'><strong>sumere,</strong></span> 
     </span>
    </p>
   </div>
   <div class='ocr_carea' id='block_1_103' title="bbox 2235 4134 3797 4215">
    <p class='ocr_par' dir='ltr' id='par_1_103' title="bbox 2235 4134 3797 4215">
     <span class='ocr_line' id='line_1_103' title="bbox 2235 4134 3797 4215; baseline -0.013 -7"><span class='ocrx_word' id='word_1_815' title='bbox 2235 4166 2299 4208; x_wconf 91' lang='lat' dir='ltr'><strong>ac</strong></span> <span class='ocrx_word' id='word_1_816' title='bbox 2329 4150 2489 4206; x_wconf 91' lang='lat' dir='ltr'><strong>nimia</strong></span> <span class='ocrx_word' id='word_1_817' title='bbox 2536 4150 2748 4206; x_wconf 84' lang='lat' dir='ltr'><strong>licentia</strong></span> <span class='ocrx_word' id='word_1_818' title='bbox 2796 4146 3227 4215; x_wconf 89' lang='lat' dir='ltr'><strong>conﬁdentiaque</strong></span> <span class='ocrx_word' id='word_1_819' title='bbox 3273 4146 3406 4214; x_wconf 90' lang='lat' dir='ltr'><strong>ipsis</strong></span> <span class='ocrx_word' id='word_1_820' title='bbox 3457 4139 3686 4198; x_wconf 86' lang='lat' dir='ltr'><strong>illudere.</strong></span> <span class='ocrx_word' id='word_1_821' title='bbox 3721 4134 3797 4189; x_wconf 83' lang='lat' dir='ltr'><strong>Sic</strong></span> 
     </span>
    </p>
   </div>
   <div class='ocr_carea' id='block_1_104' title="bbox 2237 4235 3796 4314">
    <p class='ocr_par' dir='ltr' id='par_1_104' title="bbox 2237 4235 3796 4314">
     <span class='ocr_line' id='line_1_104' title="bbox 2237 4235 3796 4314; baseline -0.012 -13"><span class='ocrx_word' id='word_1_822' title='bbox 2237 4246 2378 4301; x_wconf 91' lang='lat' dir='ltr'><strong>enim</strong></span> <span class='ocrx_word' id='word_1_823' title='bbox 2409 4258 2568 4314; x_wconf 91' lang='lat' dir='ltr'><strong>prava</strong></span> <span class='ocrx_word' id='word_1_824' title='bbox 2593 4242 2838 4313; x_wconf 74' lang='lat' dir='ltr'><strong>dogmata</strong></span> <span class='ocrx_word' id='word_1_825' title='bbox 2877 4240 3046 4296; x_wconf 82' lang='lat' dir='ltr'><strong>multa</strong></span> <span class='ocrx_word' id='word_1_826' title='bbox 3087 4244 3140 4294; x_wconf 88' lang='lat' dir='ltr'><strong>in</strong></span> <span class='ocrx_word' id='word_1_827' title='bbox 3172 4250 3416 4294; x_wconf 79' lang='lat' dir='ltr'><strong>nostram</strong></span> <span class='ocrx_word' id='word_1_828' title='bbox 3450 4235 3584 4290; x_wconf 80' lang='lat' dir='ltr'><strong>hanc</strong></span> <span class='ocrx_word' id='word_1_829' title='bbox 3609 4237 3796 4287; x_wconf 71' lang='lat' dir='ltr'><strong>aetatem</strong></span> 
     </span>
    </p>
   </div>
   <div class='ocr_carea' id='block_1_105' title="bbox 2237 4322 3798 4404">
    <p class='ocr_par' dir='ltr' id='par_1_105' title="bbox 2237 4322 3798 4404">
     <span class='ocr_line' id='line_1_105' title="bbox 2237 4322 3798 4404; baseline -0.012 -12"><span class='ocrx_word' id='word_1_830' title='bbox 2237 4338 2444 4392; x_wconf 89' lang='lat' dir='ltr'><strong>invecta</strong></span> <span class='ocrx_word' id='word_1_831' title='bbox 2473 4343 2620 4401; x_wconf 87' lang='lat' dir='ltr'><strong>sunt,</strong></span> <span class='ocrx_word' id='word_1_832' title='bbox 2643 4335 2768 4390; x_wconf 91' lang='lat' dir='ltr'><strong>dum</strong></span> <span class='ocrx_word' id='word_1_833' title='bbox 2818 4331 3293 4404; x_wconf 87' lang='lat' dir='ltr'><strong>negligentioribus</strong></span> <span class='ocrx_word' id='word_1_834' title='bbox 3330 4328 3591 4401; x_wconf 89' lang='lat' dir='ltr'><strong>persuasit</strong></span> <span class='ocrx_word' id='word_1_835' title='bbox 3631 4322 3798 4379; x_wconf 86' lang='lat' dir='ltr'><strong>disho-</strong></span> 
     </span>
    </p>
   </div>
   <div class='ocr_carea' id='block_1_106' title="bbox 2239 4415 3797 4497">
    <p class='ocr_par' dir='ltr' id='par_1_106' title="bbox 2239 4415 3797 4497">
     <span class='ocr_line' id='line_1_106' title="bbox 2239 4415 3797 4497; baseline -0.011 -13"><span class='ocrx_word' id='word_1_836' title='bbox 2239 4430 2343 4495; x_wconf 90' lang='lat' dir='ltr'><strong>lus,</strong></span> <span class='ocrx_word' id='word_1_837' title='bbox 2372 4438 2432 4484; x_wconf 89' lang='lat' dir='ltr'><strong>ut</strong></span> <span class='ocrx_word' id='word_1_838' title='bbox 2455 4428 2670 4497; x_wconf 84' lang='lat' dir='ltr'><strong>oblique</strong></span> <span class='ocrx_word' id='word_1_839' title='bbox 2693 4428 2913 4482; x_wconf 90' lang='lat' dir='ltr'><strong>distorta</strong></span> <span class='ocrx_word' id='word_1_840' title='bbox 2950 4424 3249 4481; x_wconf 86' lang='lat' dir='ltr'><strong>testimonia</strong></span> <span class='ocrx_word' id='word_1_841' title='bbox 3294 4425 3586 4493; x_wconf 70' lang='lat' dir='ltr'><strong>Scriptura:</strong></span> <span class='ocrx_word' id='word_1_842' title='bbox 3613 4415 3797 4485; x_wconf 85' lang='lat' dir='ltr'><strong>profer-</strong></span> 
     </span>
    </p>
   </div>
   <div class='ocr_carea' id='block_1_107' title="bbox 2239 4512 3803 4588">
    <p class='ocr_par' dir='ltr' id='par_1_107' title="bbox 2239 4512 3803 4588">
     <span class='ocr_line' id='line_1_107' title="bbox 2239 4512 3803 4588; baseline -0.012 -12"><span class='ocrx_word' id='word_1_843' title='bbox 2239 4531 2380 4586; x_wconf 90' lang='lat' dir='ltr'><strong>rent,</strong></span> <span class='ocrx_word' id='word_1_844' title='bbox 2407 4521 2488 4575; x_wconf 87' lang='lat' dir='ltr'><strong>vel</strong></span> <span class='ocrx_word' id='word_1_845' title='bbox 2514 4519 2707 4573; x_wconf 89' lang='lat' dir='ltr'><strong>additis</strong></span> <span class='ocrx_word' id='word_1_846' title='bbox 2733 4519 3119 4588; x_wconf 89' lang='lat' dir='ltr'><strong>subtractisque</strong></span> <span class='ocrx_word' id='word_1_847' title='bbox 3150 4516 3431 4571; x_wconf 89' lang='lat' dir='ltr'><strong>nonnullis</strong></span> <span class='ocrx_word' id='word_1_848' title='bbox 3459 4512 3696 4568; x_wconf 87' lang='lat' dir='ltr'><strong>tenebras</strong></span> <span class='ocrx_word' id='word_1_849' title='bbox 3722 4519 3803 4559; x_wconf 86' lang='lat' dir='ltr'><strong>ve-</strong></span> 
     </span>
    </p>
   </div>
   <div class='ocr_carea' id='block_1_108' title="bbox 2240 4603 3807 4681">
    <p class='ocr_par' dir='ltr' id='par_1_108' title="bbox 2240 4603 3807 4681">
     <span class='ocr_line' id='line_1_108' title="bbox 2240 4603 3807 4681; baseline -0.007 -12"><span class='ocrx_word' id='word_1_850' title='bbox 2240 4613 2380 4669; x_wconf 89' lang='lat' dir='ltr'><strong>ritati</strong></span> <span class='ocrx_word' id='word_1_851' title='bbox 2406 4612 2756 4668; x_wconf 76' lang='lat' dir='ltr'><strong>offunderent.</strong></span> <span class='ocrx_word' id='word_1_852' title='bbox 2787 4611 2901 4666; x_wconf 91' lang='lat' dir='ltr'><strong>Non</strong></span> <span class='ocrx_word' id='word_1_853' title='bbox 2940 4624 3072 4681; x_wconf 84' lang='lat' dir='ltr'><strong>ergo</strong></span> <span class='ocrx_word' id='word_1_854' title='bbox 3097 4608 3295 4664; x_wconf 88' lang='lat' dir='ltr'><strong>sufficit</strong></span> <span class='ocrx_word' id='word_1_855' title='bbox 3315 4608 3500 4663; x_wconf 88' lang='lat' dir='ltr'><strong>dicere</strong></span> <span class='ocrx_word' id='word_1_856' title='bbox 3521 4648 3535 4670; x_wconf 95' lang='lat'><strong>,</strong></span> <span class='ocrx_word' id='word_1_857' title='bbox 3574 4603 3807 4669; x_wconf 72' lang='lat' dir='ltr'><strong>scriptum</strong></span> 
     </span>
    </p>
   </div>
   <div class='ocr_carea' id='block_1_109' title="bbox 2241 4699 3800 4775">
    <p class='ocr_par' dir='ltr' id='par_1_109' title="bbox 2241 4699 3800 4775">
     <span class='ocr_line' id='line_1_109' title="bbox 2241 4699 3800 4775; baseline -0.012 -14"><span class='ocrx_word' id='word_1_858' title='bbox 2241 4720 2359 4761; x_wconf 86' lang='lat' dir='ltr'><strong>esse</strong></span> <span class='ocrx_word' id='word_1_859' title='bbox 2399 4706 2451 4760; x_wconf 92' lang='lat' dir='ltr'><strong>in</strong></span> <span class='ocrx_word' id='word_1_860' title='bbox 2497 4704 2770 4775; x_wconf 90' lang='lat' dir='ltr'><strong>Scriptura</strong></span> <span class='ocrx_word' id='word_1_861' title='bbox 2795 4745 2811 4770; x_wconf 94' lang='lat'><strong>,</strong></span> <span class='ocrx_word' id='word_1_862' title='bbox 2862 4703 2954 4758; x_wconf 91' lang='lat' dir='ltr'><strong>sed</strong></span> <span class='ocrx_word' id='word_1_863' title='bbox 3002 4711 3162 4757; x_wconf 87' lang='lat' dir='ltr'><strong>totam</strong></span> <span class='ocrx_word' id='word_1_864' title='bbox 3194 4702 3394 4756; x_wconf 89' lang='lat' dir='ltr'><strong>seriem</strong></span> <span class='ocrx_word' id='word_1_865' title='bbox 3428 4699 3528 4768; x_wconf 79' lang='lat' dir='ltr'><strong>legi</strong></span> <span class='ocrx_word' id='word_1_866' title='bbox 3575 4700 3800 4764; x_wconf 83' lang='lat' dir='ltr'><strong>oportet:</strong></span> 
     </span>
    </p>
   </div>
   <div class='ocr_carea' id='block_1_110' title="bbox 2240 4791 3810 4868">
    <p class='ocr_par' dir='ltr' id='par_1_110' title="bbox 2240 4791 3810 4868">
     <span class='ocr_line' id='line_1_110' title="bbox 2240 4791 3810 4868; baseline -0.008 -16"><span class='ocrx_word' id='word_1_867' title='bbox 2240 4797 2668 4868; x_wconf 86' lang='lat' dir='ltr'><strong>quandoquidem</strong></span> <span class='ocrx_word' id='word_1_868' title='bbox 2708 4797 2751 4851; x_wconf 92' lang='lat' dir='ltr'><strong>si</strong></span> <span class='ocrx_word' id='word_1_869' title='bbox 2781 4796 3183 4851; x_wconf 84' lang='lat' dir='ltr'><strong>continuitatetn</strong></span> <span class='ocrx_word' id='word_1_870' title='bbox 3214 4804 3269 4848; x_wconf 90' lang='lat' dir='ltr'><strong>et</strong></span> <span class='ocrx_word' id='word_1_871' title='bbox 3300 4791 3693 4863; x_wconf 78' lang='lat' dir='ltr'><strong>engnationem,</strong></span> <span class='ocrx_word' id='word_1_872' title='bbox 3718 4796 3810 4851; x_wconf 68' lang='lat' dir='ltr'><strong>qua</strong></span> 
     </span>
    </p>
   </div>
   <div class='ocr_carea' id='block_1_111' title="bbox 2244 4875 3816 4955">
    <p class='ocr_par' dir='ltr' id='par_1_111' title="bbox 2244 4875 3816 4955">
     <span class='ocr_line' id='line_1_111' title="bbox 2244 4875 3816 4955; baseline -0.007 -11"><span class='ocrx_word' id='word_1_873' title='bbox 2244 4889 2381 4944; x_wconf 92' lang='lat' dir='ltr'><strong>inter</strong></span> <span class='ocrx_word' id='word_1_874' title='bbox 2406 4904 2467 4945; x_wconf 90' lang='lat' dir='ltr'><strong>se</strong></span> <span class='ocrx_word' id='word_1_875' title='bbox 2492 4904 2730 4945; x_wconf 75' lang='lat' dir='ltr'><strong>connexa</strong></span> <span class='ocrx_word' id='word_1_876' title='bbox 2764 4896 2928 4955; x_wconf 91' lang='lat' dir='ltr'><strong>sunt,</strong></span> <span class='ocrx_word' id='word_1_877' title='bbox 2979 4888 3372 4953; x_wconf 89' lang='lat' dir='ltr'><strong>interrumpere</strong></span> <span class='ocrx_word' id='word_1_878' title='bbox 3409 4881 3667 4938; x_wconf 88' lang='lat' dir='ltr'><strong>vellemus</strong></span> <span class='ocrx_word' id='word_1_879' title='bbox 3689 4918 3704 4940; x_wconf 89' lang='lat'><strong>,</strong></span> <span class='ocrx_word' id='word_1_880' title='bbox 3752 4875 3816 4927; x_wconf 74' lang='lat' dir='ltr'><strong>ita</strong></span> 
     </span>
    </p>
   </div>
   <div class='ocr_carea' id='block_1_112' title="bbox 2244 4964 3819 5051">
    <p class='ocr_par' dir='ltr' id='par_1_112' title="bbox 2244 4964 3819 5051">
     <span class='ocr_line' id='line_1_112' title="bbox 2244 4964 3819 5051; baseline -0.011 -15"><span class='ocrx_word' id='word_1_881' title='bbox 2244 4982 2408 5036; x_wconf 90' lang='lat' dir='ltr'><strong>multa</strong></span> <span class='ocrx_word' id='word_1_882' title='bbox 2447 4996 2609 5050; x_wconf 90' lang='lat' dir='ltr'><strong>prava</strong></span> <span class='ocrx_word' id='word_1_883' title='bbox 2648 4980 2893 5051; x_wconf 86' lang='lat' dir='ltr'><strong>dogmata</strong></span> <span class='ocrx_word' id='word_1_884' title='bbox 2924 4980 3209 5034; x_wconf 90' lang='lat' dir='ltr'><strong>orirentur.</strong></span> <span class='ocrx_word' id='word_1_885' title='bbox 3256 4977 3554 5031; x_wconf 82' lang='lat' dir='ltr'><strong>Enimvero</strong></span> <span class='ocrx_word' id='word_1_886' title='bbox 3591 4970 3641 5025; x_wconf 92' lang='lat' dir='ltr'><strong>in</strong></span> <span class='ocrx_word' id='word_1_887' title='bbox 3682 4964 3819 5023; x_wconf 84' lang='lat' dir='ltr'><strong>Scri-</strong></span> 
     </span>
    </p>
   </div>
   <div class='ocr_carea' id='block_1_113' title="bbox 2247 5062 3822 5144">
    <p class='ocr_par' dir='ltr' id='par_1_113' title="bbox 2247 5062 3822 5144">
     <span class='ocr_line' id='line_1_113' title="bbox 2247 5062 3822 5144; baseline -0.007 -16"><span class='ocrx_word' id='word_1_888' title='bbox 2247 5083 2399 5144; x_wconf 91' lang='lat' dir='ltr'><strong>ptura</strong></span> <span class='ocrx_word' id='word_1_889' title='bbox 2424 5074 2678 5143; x_wconf 85' lang='lat' dir='ltr'><strong>scripturn</strong></span> <span class='ocrx_word' id='word_1_890' title='bbox 2708 5082 2791 5128; x_wconf 86' lang='lat' dir='ltr'><strong>est</strong></span> <span class='ocrx_word' id='word_1_891' title='bbox 2824 5091 2837 5127; x_wconf 89' lang='lat'><strong>:</strong></span> <span class='ocrx_word' id='word_1_892' title='bbox 2870 5071 2989 5125; x_wconf 88' lang='lat' dir='ltr'><strong>Non</strong></span> <span class='ocrx_word' id='word_1_893' title='bbox 3016 5081 3087 5125; x_wconf 75' lang='lat' dir='ltr'><strong>est</strong></span> <span class='ocrx_word' id='word_1_894' title='bbox 3117 5069 3256 5125; x_wconf 84' lang='lat' dir='ltr'><strong>Deus</strong></span> <span class='ocrx_word' id='word_1_895' title='bbox 3283 5069 3461 5139; x_wconf 82' lang='lat' dir='ltr'><strong>(Psat.</strong></span> <span class='ocrx_word' id='word_1_896' title='bbox 3494 5062 3699 5134; x_wconf 72' lang='grc'><strong>15.1);</strong></span> <span class='ocrx_word' id='word_1_897' title='bbox 3738 5068 3786 5113; x_wconf 84' lang='lat' dir='ltr'><strong>el</strong></span> <span class='ocrx_word' id='word_1_898' title='bbox 3806 5097 3822 5118; x_wconf 71' lang='grc' dir='ltr'><strong>ν</strong></span> 
     </span>
    </p>
   </div>
   <div class='ocr_carea' id='block_1_114' title="bbox 2244 5156 3823 5237">
    <p class='ocr_par' dir='ltr' id='par_1_114' title="bbox 2244 5156 3823 5237">
     <span class='ocr_line' id='line_1_114' title="bbox 2244 5156 3823 5237; baseline -0.012 -16"><span class='ocrx_word' id='word_1_899' title='bbox 2244 5166 2431 5221; x_wconf 79' lang='lat' dir='ltr'><strong>Avertit</strong></span> <span class='ocrx_word' id='word_1_900' title='bbox 2456 5166 2631 5237; x_wconf 82' lang='lat' dir='ltr'><strong>faciem</strong></span> <span class='ocrx_word' id='word_1_901' title='bbox 2660 5180 2837 5231; x_wconf 85' lang='lat' dir='ltr'><strong>suam,</strong></span> <span class='ocrx_word' id='word_1_902' title='bbox 2870 5180 2932 5218; x_wconf 78' lang='lat' dir='ltr'><strong>ne</strong></span> <span class='ocrx_word' id='word_1_903' title='bbox 2958 5164 3121 5217; x_wconf 82' lang='lat' dir='ltr'><strong>videat</strong></span> <span class='ocrx_word' id='word_1_904' title='bbox 3144 5163 3197 5215; x_wconf 90' lang='lat' dir='ltr'><strong>in</strong></span> <span class='ocrx_word' id='word_1_905' title='bbox 3226 5162 3420 5231; x_wconf 79' lang='lat' dir='ltr'><strong>ﬁnem:</strong></span> <span class='ocrx_word' id='word_1_906' title='bbox 3449 5167 3505 5214; x_wconf 88' lang='lat' dir='ltr'><strong>et</strong></span> <span class='ocrx_word' id='word_1_907' title='bbox 3524 5200 3539 5225; x_wconf 91' lang='lat'><strong>,</strong></span> <span class='ocrx_word' id='word_1_908' title='bbox 3570 5156 3704 5209; x_wconf 81' lang='lat' dir='ltr'><strong>Deus</strong></span> <span class='ocrx_word' id='word_1_909' title='bbox 3731 5165 3823 5204; x_wconf 82' lang='lat' dir='ltr'><strong>non</strong></span> 
     </span>
    </p>
   </div>
   <div class='ocr_carea' id='block_1_115' title="bbox 2244 5242 3827 5331">
    <p class='ocr_par' dir='ltr' id='par_1_115' title="bbox 2244 5242 3827 5331">
     <span class='ocr_line' id='line_1_115' title="bbox 2244 5242 3827 5331; baseline -0.012 -18"><span class='ocrx_word' id='word_1_910' title='bbox 2244 5260 2460 5328; x_wconf 86' lang='lat' dir='ltr'><strong>requiret</strong></span> <span class='ocrx_word' id='word_1_911' title='bbox 2502 5256 2689 5331; x_wconf 85' lang='lat' dir='ltr'><strong>(Psal.</strong></span> <span class='ocrx_word' id='word_1_912' title='bbox 2733 5255 2819 5324; x_wconf 86' lang='grc'><strong>10,</strong></span> <span class='ocrx_word' id='word_1_913' title='bbox 2848 5256 3119 5311; x_wconf 83' lang='lat' dir='ltr'><strong>secundum</strong></span> <span class='ocrx_word' id='word_1_914' title='bbox 3169 5252 3324 5307; x_wconf 83' lang='lat' dir='ltr'><strong>Hebr.</strong></span> <span class='ocrx_word' id='word_1_915' title='bbox 3348 5267 3398 5305; x_wconf 81' lang='grc' dir='ltr'><strong>υ.</strong></span> <span class='ocrx_word' id='word_1_916' title='bbox 3423 5252 3515 5306; x_wconf 69' lang='lat' dir='ltr'><strong>tl.</strong></span> <span class='ocrx_word' id='word_1_917' title='bbox 3555 5246 3675 5317; x_wconf 74' lang='grc'><strong>15).</strong></span> <span class='ocrx_word' id='word_1_918' title='bbox 3703 5242 3827 5298; x_wconf 76' lang='lat' dir='ltr'><strong>Num</strong></span> 
     </span>
    </p>
   </div>
   <div class='ocr_carea' id='block_1_116' title="bbox 2248 5336 3831 5424">
    <p class='ocr_par' dir='ltr' id='par_1_116' title="bbox 2248 5336 3831 5424">
     <span class='ocr_line' id='line_1_116' title="bbox 2248 5336 3831 5424; baseline -0.014 -17"><span class='ocrx_word' id='word_1_919' title='bbox 2248 5353 2409 5424; x_wconf 85' lang='lat' dir='ltr'><strong>igitur</strong></span> <span class='ocrx_word' id='word_1_920' title='bbox 2432 5395 2449 5421; x_wconf 94' lang='lat'><strong>,</strong></span> <span class='ocrx_word' id='word_1_921' title='bbox 2479 5353 2594 5418; x_wconf 91' lang='lat' dir='ltr'><strong>dic,</strong></span> <span class='ocrx_word' id='word_1_922' title='bbox 2626 5367 2827 5422; x_wconf 74' lang='lat' dir='ltr'><strong>quaeso,</strong></span> <span class='ocrx_word' id='word_1_923' title='bbox 2861 5364 2963 5403; x_wconf 90' lang='lat' dir='ltr'><strong>non</strong></span> <span class='ocrx_word' id='word_1_924' title='bbox 2991 5359 3073 5403; x_wconf 88' lang='lat' dir='ltr'><strong>est</strong></span> <span class='ocrx_word' id='word_1_925' title='bbox 3102 5346 3279 5402; x_wconf 89' lang='lat' dir='ltr'><strong>Deus?</strong></span> <span class='ocrx_word' id='word_1_926' title='bbox 3312 5358 3496 5413; x_wconf 87' lang='lat' dir='ltr'><strong>neque</strong></span> <span class='ocrx_word' id='word_1_927' title='bbox 3532 5336 3751 5423; x_wconf 88' lang='lat' dir='ltr'><strong>respicit</strong></span> <span class='ocrx_word' id='word_1_928' title='bbox 3776 5347 3831 5424; x_wconf 84' lang='lat' dir='ltr'><strong>ea</strong></span> 
     </span>
    </p>
   </div>
   <div class='ocr_carea' id='block_1_117' title="bbox 2248 5422 3834 5517">
    <p class='ocr_par' dir='ltr' id='par_1_117' title="bbox 2248 5422 3834 5517">
     <span class='ocr_line' id='line_1_117' title="bbox 2248 5422 3834 5517; baseline -0.013 -16"><span class='ocrx_word' id='word_1_929' title='bbox 2248 5422 2364 5517; x_wconf 65' lang='lat' dir='ltr'><strong>qum</strong></span> <span class='ocrx_word' id='word_1_930' title='bbox 2392 5448 2442 5500; x_wconf 91' lang='lat' dir='ltr'><strong>in</strong></span> <span class='ocrx_word' id='word_1_931' title='bbox 2475 5447 2631 5501; x_wconf 89' lang='lat' dir='ltr'><strong>terris</strong></span> <span class='ocrx_word' id='word_1_932' title='bbox 2654 5442 2827 5499; x_wconf 88' lang='lat' dir='ltr'><strong>fiunt?</strong></span> <span class='ocrx_word' id='word_1_933' title='bbox 2853 5443 2970 5513; x_wconf 89' lang='lat' dir='ltr'><strong>quis</strong></span> <span class='ocrx_word' id='word_1_934' title='bbox 3000 5442 3101 5496; x_wconf 93' lang='lat' dir='ltr'><strong>hoc</strong></span> <span class='ocrx_word' id='word_1_935' title='bbox 3120 5439 3255 5494; x_wconf 84' lang='lat' dir='ltr'><strong>ausit</strong></span> <span class='ocrx_word' id='word_1_936' title='bbox 3282 5438 3479 5492; x_wconf 83' lang='lat' dir='ltr'><strong>dicere</strong></span> <span class='ocrx_word' id='word_1_937' title='bbox 3505 5433 3591 5489; x_wconf 86' lang='lat' dir='ltr'><strong>vel</strong></span> <span class='ocrx_word' id='word_1_938' title='bbox 3617 5422 3834 5486; x_wconf 80' lang='lat' dir='ltr'><strong>audire?</strong></span> 
     </span>
    </p>
   </div>
   <div class='ocr_carea' id='block_1_118' title="bbox 2251 5525 3837 5607">
    <p class='ocr_par' dir='ltr' id='par_1_118' title="bbox 2251 5525 3837 5607">
     <span class='ocr_line' id='line_1_118' title="bbox 2251 5525 3837 5607; baseline -0.011 -14"><span class='ocrx_word' id='word_1_939' title='bbox 2251 5538 2520 5607; x_wconf 87' lang='lat' dir='ltr'><strong>Scriptum</strong></span> <span class='ocrx_word' id='word_1_940' title='bbox 2567 5548 2741 5591; x_wconf 89' lang='lat' dir='ltr'><strong>tamen</strong></span> <span class='ocrx_word' id='word_1_941' title='bbox 2781 5544 2861 5589; x_wconf 90' lang='lat' dir='ltr'><strong>est</strong></span> <span class='ocrx_word' id='word_1_942' title='bbox 2901 5534 2952 5587; x_wconf 92' lang='lat' dir='ltr'><strong>in</strong></span> <span class='ocrx_word' id='word_1_943' title='bbox 3005 5532 3320 5601; x_wconf 89' lang='lat' dir='ltr'><strong>Scriptura:</strong></span> <span class='ocrx_word' id='word_1_944' title='bbox 3356 5527 3457 5582; x_wconf 89' lang='lat' dir='ltr'><strong>sed</strong></span> <span class='ocrx_word' id='word_1_945' title='bbox 3500 5525 3688 5585; x_wconf 89' lang='lat' dir='ltr'><strong>disce,</strong></span> <span class='ocrx_word' id='word_1_946' title='bbox 3737 5529 3837 5587; x_wconf 81' lang='lat' dir='ltr'><strong>quo</strong></span> 
     </span>
    </p>
   </div>
   <div class='ocr_carea' id='block_1_119' title="bbox 2482 5607 3839 5698">
    <p class='ocr_par' dir='ltr' id='par_1_119' title="bbox 2482 5607 3839 5698">
     <span class='ocr_line' id='line_1_119' title="bbox 2482 5607 3839 5698; baseline -0.018 -14"><span class='ocrx_word' id='word_1_947' title='bbox 2482 5629 2799 5698; x_wconf 89' lang='lat' dir='ltr'><strong>tscriptum.</strong></span> <span class='ocrx_word' id='word_1_948' title='bbox 2851 5626 2990 5680; x_wconf 73' lang='lat' dir='ltr'><strong>Dixit</strong></span> <span class='ocrx_word' id='word_1_949' title='bbox 3033 5624 3293 5692; x_wconf 80' lang='lat' dir='ltr'><strong>insipiens.</strong></span> <span class='ocrx_word' id='word_1_950' title='bbox 3347 5619 3567 5688; x_wconf 91' lang='lat' dir='ltr'><strong>inquit,</strong></span> <span class='ocrx_word' id='word_1_951' title='bbox 3612 5615 3667 5669; x_wconf 85' lang='lat' dir='ltr'><strong>in</strong></span> <span class='ocrx_word' id='word_1_952' title='bbox 3698 5607 3839 5666; x_wconf 72' lang='lat' dir='ltr'><strong>corde</strong></span> 
     </span>
    </p>
   </div>
   <div class='ocr_carea' id='block_1_120' title="bbox 2256 5706 3841 5786">
    <p class='ocr_par' dir='ltr' id='par_1_120' title="bbox 2256 5706 3841 5786">
     <span class='ocr_line' id='line_1_120' title="bbox 2256 5706 3841 5786; baseline -0.015 -10"><span class='ocrx_word' id='word_1_953' title='bbox 2256 5738 2368 5786; x_wconf 87' lang='lat' dir='ltr'><strong>suo,</strong></span> <span class='ocrx_word' id='word_1_954' title='bbox 2406 5719 2523 5775; x_wconf 86' lang='lat' dir='ltr'><strong>Non</strong></span> <span class='ocrx_word' id='word_1_955' title='bbox 2560 5729 2631 5774; x_wconf 86' lang='lat' dir='ltr'><strong>est</strong></span> <span class='ocrx_word' id='word_1_956' title='bbox 2662 5717 2818 5773; x_wconf 84' lang='lat' dir='ltr'><strong>Deus.</strong></span> <span class='ocrx_word' id='word_1_957' title='bbox 2848 5716 2964 5773; x_wconf 82' lang='lat' dir='ltr'><strong>Non</strong></span> <span class='ocrx_word' id='word_1_958' title='bbox 2989 5714 3272 5782; x_wconf 76' lang='lat' dir='ltr'><strong>Scriptura:</strong></span> <span class='ocrx_word' id='word_1_959' title='bbox 3305 5707 3634 5782; x_wconf 74' lang='lat' dir='ltr'><strong>suffragium</strong></span> <span class='ocrx_word' id='word_1_960' title='bbox 3673 5710 3753 5758; x_wconf 85' lang='lat' dir='ltr'><strong>est</strong></span> <span class='ocrx_word' id='word_1_961' title='bbox 3789 5706 3841 5752; x_wconf 76' lang='lat' dir='ltr'><strong>et</strong></span> 
     </span>
    </p>
   </div>
  </div>
