4102 6306
270 410 356 465 155

265 532 341 584 τὸν
360 528 393 584 ό
422 528 581 600 λόγος
611 532 916 601 ἠγωνίζετο
945 576 961 599 ,
994 535 1386 611 ἀπολελυμένος
1419 541 1511 595 καὶ
1532 522 1811 609 ἐλεύθερος

266 614 342 669 ὡν.
372 614 469 669 Διά
506 616 666 671 τοῦτο
700 617 759 671 δὲ
794 620 889 672 καὶ
919 620 1292 693 λαμπρότερος
1342 620 1409 696 ἦν
1450 624 1543 677 καὶ
1574 640 1816 694 πανηγυ-

269 698 569 770 ρικώτερος,
619 702 720 755 καὶ
786 702 1048 757 πλειόνων
1095 705 1365 761 ἀπέλαυεν
1416 706 1671 760 ἐπαίνων.
1753 705 1819 757 Ἢ

268 782 360 853 γὰρ
383 783 594 837 διάνοια
623 785 733 838 τῶν
761 787 1068 856 ἀκροατῶν,
1102 790 1229 844 ὅταν
1279 793 1396 861 μετ’
1434 789 1683 853 εὐκολίας
1709 790 1820 851 τοῖς

269 866 565 936 λεγομένοις
604 869 1011 941 παρακολουθῇ,
1065 872 1266 942 πολλῆς
1304 874 1541 937 ἀνέσεως
1584 871 1822 927 ἀπολαύο

267 966 407 1010 ουσα,
447 950 859 1023 προθυμότερον
899 954 1037 1025 πρὸς
1066 954 1157 1008 τὸν
1184 955 1404 1010 ἔπαινον
1434 956 1529 1010 τοῦ
1574 956 1823 1024 λέγοντος

266 1032 601 1104 διεγείρεται.
668 1036 822 1090 Ἐπεὶ
864 1033 958 1093 οὖν
993 1038 1189 1102 ίκανῶς
1231 1041 1375 1110 ὑμᾶς
1408 1038 1825 1109 ἀνεκτησάμεθα

270 1118 320 1171 ἐν
342 1120 462 1180 ταῖς
497 1118 731 1189 ἡμέραις
758 1120 1008 1187 ταύταις,
1033 1123 1186 1177 οὐδὲν
1218 1125 1476 1178 ἐπίπονον
1516 1125 1611 1178 καὶ
1653 1124 1824 1194 τραχὺ

268 1201 392 1272 πρὸς
414 1202 514 1271 τήν
530 1201 802 1273 ὑμετέραν
824 1206 1137 1276 κινήσαντες
1155 1207 1395 1278 ἀγάπην,
1416 1208 1552 1279 φέρε
1570 1207 1635 1278 δὴ
1656 1208 1824 1277 τήμε-

272 1302 352 1354 ρον
384 1286 532 1354 ὑμᾶς
561 1285 721 1339 πάλιν
750 1289 842 1341 ἐπὶ
872 1290 973 1358 τήν
998 1290 1265 1362 προτέραν
1294 1293 1591 1362 ἀγάγωμεν
1618 1306 1827 1361 γυμνα-

272 1367 395 1432 σίαν,
414 1367 458 1439 [Ι
471 1366 563 1439 59]
585 1368 720 1438 πρὸς
734 1370 803 1423 τὰ
819 1371 1191 1445 ἐπιπονώτερα
1210 1373 1318 1427 τῶν
1342 1373 1574 1446 Γραφῶν
1595 1372 1686 1426 καὶ
1703 1371 1828 1425 πολε

272 1452 358 1521 λῆς
386 1452 621 1521 δεόμενα
648 1452 917 1517 συνέσεως
936 1455 1401 1524 χειραγωγοῦντες
1434 1456 1598 1527 ὑμᾶς,
1624 1457 1722 1526 οὑχ
1744 1454 1830 1508 ἵνα

273 1542 643 1605 συντριψιυμεν
670 1534 751 1606 τῷ
778 1536 1033 1608 καμάτῳ,
1070 1538 1185 1592 ἀλλ’
1224 1538 1310 1592 ἵνα
1351 1540 1719 1609 γυμνάσωμεν
1748 1538 1827 1599 είς

272 1617 593 1670 τὺδύνατθαι
630 1620 724 1673 καὶ
738 1618 909 1673 ταῦτα
939 1620 1077 1689 μετά
1108 1621 1411 1691 ἀσφαλείας
1433 1620 1727 1675 διαϐαίνειν
1758 1619 1827 1673 τά

272 1701 455 1771 χωρία.
488 1701 702 1772 Ὥσπερ
729 1696 826 1755 οὖν
865 1702 983 1756 τότε
1006 1704 1157 1774 παρὰ
1190 1704 1290 1775 μὲν
1318 1704 1414 1775 τὴν
1453 1702 1627 1776 ἀρχὴν
1657 1703 1829 1758 ἐδόκει

274 1785 409 1852 μάχη
430 1801 516 1848 τις
554 1780 692 1836 εἶναι
720 1785 815 1838 καὶ
842 1784 1140 1853 φιλονεικία
1172 1786 1282 1840 τῶν
1312 1788 1646 1853 ἀποστόλων,
1675 1788 1828 1840 ἐπει·

270 1867 329 1937 δή
363 1867 422 1920 δὲ
459 1867 738 1937 ἀνέϐημεν
786 1870 914 1932 τοὺς
959 1869 1254 1932 σκοπέλους
1300 1871 1561 1937 ἐκείνους,
1617 1870 1831 1940 εἴδομεν

271 1950 371 2003 ἀνω
420 1948 611 2003 λοιπὸν
652 1950 743 2003 τὸν
788 1953 997 2021 καρπὸν
1043 1953 1135 2007 τοῦ
1197 1953 1531 2023 Πνεύματος,
1588 1953 1829 2023 ἀγάπην,

273 2032 455 2104 χαρὰν,
483 2034 731 2103 εἰρήνην,
760 2036 853 2088 καὶ
880 2036 940 2089 οὑ
987 2036 1212 2106 μάταιος
1239 2040 1369 2108 ήμῖν
1391 2038 1511 2092 οὑδὲ
1535 2036 1787 2109 περιττὸς
1805 2039 1833 2091 6

274 2116 421 2179 πόνος
447 2117 692 2185 ἐγένετο,
726 2117 837 2171 ἀλλ’
863 2120 942 2182 εἰς
967 2120 1300 2192 εὐφροσύνην
1329 2120 1622 2192 κατέληξεν
1642 2139 1655 2151 ο
1690 2119 1833 2173 οὑτω

273 2198 357 2251 καὶ
384 2202 633 2269 σήμερον
680 2200 968 2269 προσδοκῶ
996 2204 1115 2266 ταῖς
1159 2203 1344 2273 εὐχαῖς
1374 2206 1493 2267 ταῖς
1517 2203 1829 2275 ὑμετέραις,

272 2282 331 2336 ἀν
358 2283 497 2353 μετά
521 2284 818 2354 καρτερίας
834 2283 928 2337 καὶ
945 2285 1143 2356 πολλῆς
1167 2289 1266 2357 τῆς
1290 2287 1567 2358 ὑπομονῆς
1583 2288 1682 2359 τὴν
1700 2303 1833 2358 προ-

272 2367 527 2435 κειμένην
559 2366 691 2435 ἡμῖν
738 2366 1074 2439 διανύσωμεν
1103 2368 1241 2433 ὁδὸν,
1292 2371 1387 2424 καὶ
1431 2371 1521 2423 ἐπὶ
1551 2370 1649 2441 τὴν
1678 2387 1837 2441 κορυ-

272 2451 366 2519 φήν
390 2450 572 2517 αὐτὴν
599 2448 868 2519 ἀναϐῆναι
885 2448 1220 2521 δυνηθῶμεν,
1252 2452 1471 2507 ίσόπεδα
1489 2454 1584 2508 καὶ
1605 2453 1723 2507 λεῖα
1742 2452 1836 2506 καὶ

271 2530 427 2587 ὕπτια
467 2532 654 2585 πάντα
676 2533 930 2603 εὑρήσειν
951 2536 1085 2589 ἐκεῖ.
1117 2535 1182 2588 Τί
1222 2537 1338 2589 ποτ’
1372 2532 1464 2591 οὖν
1483 2539 1597 2590 ἐστι
1617 2538 1680 2590 τὺ
1700 2552 1838 2607 προ-

271 2617 513 2683 κείμενον
544 2615 679 2683 ἡμῖν
705 2614 835 2683 νῦν;
866 2616 942 2670 Τὸ
981 2616 1134 2688 παρά
1158 2617 1253 2671 τοῦ
1289 2620 1568 2691 προφήτου
1600 2622 1839 2691 σήμερον

269 2696 613 2765 ἀνσγνωσθέν
634 2714 649 2727 ·
694 2698 892 2766 Κύριε,
931 2701 1044 2754 οὐκ
1078 2701 1149 2755 ἐν
1194 2700 1275 2766 τῷ
1309 2703 1595 2771 ἀνθρώπῳ
1621 2704 1659 2771 ὴ
1701 2702 1841 2767 ὁδὸς

272 2780 472 2843 αὑτοῦ,
508 2779 660 2835 οὐδὲ
708 2782 1021 2850 ἅνθρωπος
1069 2786 1446 2853 πορεύσεται,
1490 2787 1591 2841 καί
1642 2803 1842 2855 κατορ-

270 2867 437 2920 θώσει
464 2864 585 2934 τὴν
635 2867 884 2935 πορείαν
916 2867 1121 2923 αὑτοῦ.
1153 2869 1226 2923 Τὸ
1258 2869 1357 2940 μὲν
1407 2869 1626 2941 ζήτημα
1650 2868 1837 2923 τοῦτο·

268 2950 416 3017 ὑμεῖς
454 2948 536 3011 δὲ,
582 2947 774 3019 ῶσπερ
811 2948 934 3003 τότε
961 2950 1261 3023 παρέσχετε
1311 2952 1408 3023 τὴν
1452 2952 1713 3023 σπουδὴν,
1750 2952 1843 3006 καὶ

266 3033 357 3085 νῦν
394 3031 710 3085 συντείνατε
735 3032 963 3097 ἑαυτούς
984 3051 996 3063 ·
1015 3035 1134 3088 ούδέ
1155 3035 1263 3107 γάρ
1289 3035 1447 3089 τοῦτο
1466 3035 1682 3090 ἐλαττον
1709 3035 1844 3088 ἐκεί-

266 3133 356 3168 νου
377 3115 441 3167 τὸ
471 3116 723 3185 ζήτημα,
760 3114 897 3170 ἀλλά
936 3116 1029 3170 καὶ
1059 3117 1299 3182 πλείονος
1334 3118 1503 3173 δεῖται
1547 3118 1844 3190 φροντίδος.

268 3199 331 3251 Τί
357 3199 593 3268 δήποτες
616 3200 740 3253 Ὀτι
789 3200 823 3270 ή
859 3199 956 3272 μὲν
984 3199 1196 3255 Παύλου
1244 3200 1338 3256 καὶ
1365 3201 1571 3274 Πέτρου
1620 3200 1848 3257 δοκοῦσα

268 3283 367 3351 μὲν
393 3277 538 3336 εἶναι
565 3282 821 3354 διαφορά,
859 3284 958 3337 οὑκ
984 3279 1116 3338 οὖσα
1138 3284 1217 3349 δὲ,
1248 3286 1309 3339 οὑ
1332 3286 1544 3350 πολλοῖς
1576 3286 1848 3359 γνώριμος

265 3361 355 3434 ἦν,
396 3364 522 3418 ὅθεν
548 3365 673 3418 οὑδὲ
705 3365 905 3437 πολλὴν
930 3369 994 3422 ἐκ
1023 3368 1121 3439 τῆς
1153 3369 1374 3438 ἀγνοίας
1402 3370 1549 3434 είκὸς
1579 3365 1648 3442 ἦν
1691 3369 1848 3438 γενέ-

272 3449 397 3502 σθαι
424 3450 527 3518 τὴν
558 3447 795 3519 βλάϐην·
814 3449 954 3520 αὕτη
979 3451 1035 3504 δὲ
1058 3454 1091 3523 ή
1121 3453 1279 3523 ῥῆσις
1310 3452 1587 3525 πανταχοῦ
1620 3452 1851 3525 περιφέ-

276 3548 454 3600 ρεται,
482 3534 541 3583 ἐν
564 3530 784 3597 οἰκίαις,
822 3533 883 3586 ἐν
906 3534 1150 3606 ἀγοραῖς,
1176 3536 1234 3589 ἐν
1259 3535 1485 3609 χώραις,
1514 3539 1574 3591 ἐν
1610 3536 1849 3600 πόλεσιν,

279 3616 339 3666 ἐν
370 3616 444 3683 γῇ
468 3615 560 3667 καὶ
588 3613 826 3688 θαλάττῃ
861 3617 957 3670 καὶ
980 3618 1179 3687 νήσοις·
1206 3620 1300 3672 καὶ
1320 3620 1565 3689 ὅπουπερ
1595 3618 1660 3673 ἂν
1682 3619 1849 3672 ἀπέλ-

283 3696 408 3769 θῃς,
467 3697 665 3769 ἀκούσῃ
708 3698 882 3753 ταῦτα
930 3700 1192 3769 λεγόντων
1233 3703 1471 3757 πολλῶνο
1520 3700 1851 3774 Γέγραπται,

287 3784 411 3833 Οὐκ
446 3782 515 3834 ἐν
542 3780 618 3846 τῷ
648 3783 940 3851 ’ἀνθρώπῳ
975 3786 1014 3854 ἡ
1050 3785 1189 3853 ὁδὸς
1231 3788 1438 3843 αὐτοῦ.
1469 3788 1544 3841 Οὐ
1571 3786 1769 3849 ταύτην
1797 3787 1854 3841 δέ

286 3864 448 3932 μόνον
470 3864 866 3937 μεμελετήκασι
883 3861 988 3939 ’τήν
1027 3868 1207 3939 ῥῆσιν.
1231 3870 1365 3924 ἀλλά
1391 3871 1484 3925 καὶ
1504 3870 1696 3941 ἐτέρας
1715 3871 1857 3941 πρὸς

285 3946 487 4017 ταύτην
515 3948 814 4019 συνείρουσι
836 3958 862 3985 ⁸
897 3951 1172 4018 τοιαύτας,
1198 3953 1278 4007 ὅτι
1312 3954 1392 4008 Οὐ
1423 3952 1530 4007 τοῦ
1553 3952 1854 4019 θέλοντος,

290 4030 430 4083 οὐδὲ
473 4032 579 4086 τοῦ
630 4032 981 4102 τρέχοντος·
1014 4036 1108 4088 καὶ
1156 4037 1270 4106 μετ’
1301 4037 1475 4090 ἐκεῖνο
1504 4036 1683 4104 πάλιν,
1719 4037 1859 4091 Ἐὰν

291 4113 385 4182 μὴν
412 4116 620 4183 Κύριος
663 4116 1029 4188 οίκοδομήσῃ
1077 4115 1263 4183 οἷκον,
1292 4122 1378 4187 εἰς
1406 4120 1601 4189 μάτην
1622 4121 1861 4175 ἐκοπία-

298 4212 415 4249 σαν
431 4201 483 4251 οι
507 4198 959 4267 οἰκοδομοῦντες
996 4203 1199 4257 αὐτόν.
1225 4202 1393 4256 Τοῦτο
1420 4204 1478 4257 δὲ
1503 4201 1731 4268 ποιοῦσι,
1762 4204 1860 4274 τῆς

301 4280 495 4344 οἰκείας
522 4282 792 4353 ῥᾳθυμίας
817 4284 1256 4357 προκαλύμματα
1277 4287 1305 4327 ιι
1328 4286 1427 4351 τὰς
1457 4286 1608 4350 θείας
1638 4286 1860 4359 Γραφὰς

309 4363 740 4443 προϐαλλόμενοι,
764 4368 860 4421 καὶ
879 4367 979 4436 τὴν
1005 4369 1275 4441 σωτηρίαν
1306 4370 1462 4442 ήμῶν
1482 4371 1577 4425 καὶ
1596 4372 1694 4443 τὴν
1716 4370 1862 4423 ἐλπί·

306 4440 367 4494 ὃς.
382 4445 464 4499 διὰ
481 4446 680 4501 τούτων
702 4448 1003 4520 διορύττειν
1029 4440 1428 4523 ἐπιχειροῦντες
1446 4452 1555 4506 τῶν
1578 4440 1855 4524 ῥημάτων.

314 4528 462 4583 Οιῆν
477 4533 581 4603 γάρ
595 4533 783 4603 ἕτερον
804 4535 1207 4589 κατασκευάσαι
1234 4536 1509 4607 βούλονται
1528 4538 1614 4591 διά
1634 4537 1859 4603 τούτων,

316 4612 416 4665 ἀλλ’
444 4617 474 4686 ἢ
499 4618 577 4670 ὄτι
620 4617 835 4681 οὐδενός
884 4619 1054 4688 ἐσμεν
1096 4617 1293 4689 κύριοι.
1334 4621 1519 4675 Πάντα
1553 4620 1757 4691 οἴχεται
1794 4622 1861 4674 τὰ

317 4698 425 4749 καθ’
457 4703 599 4771 ἡμᾶς
619 4719 633 4733 ι
679 4701 803 4771 εἰκῆ
838 4700 1113 4771 βασιλείας
1144 4703 1453 4775 ὑπόσχεσις.
1484 4705 1607 4777 είκῆ
1639 4706 1861 4777 γεέννης

319 4778 508 4853 ἀπειλὴ,
534 4783 656 4855 εἰκῆ
704 4783 861 4854 νόμοι
915 4783 1010 4838 καὶ
1057 4786 1316 4857 τιμωρίαι
1365 4787 1461 4840 καὶ
1500 4788 1747 4853 κολάσεις
1771 4790 1864 4843 καὶ

323 4874 376 4912 τυ
384 4863 607 4930 μδουλαί.

385 4945 442 5011 β’.
454 4948 625 5021 Τίγάρ
638 4949 704 5003 ἀν
718 4966 803 5011 τις
814 4949 1163 5019 παραινέσειε
1175 4951 1253 5021 τῷ
1273 4952 1498 5023 μηδενὸς
1513 4954 1626 5008 όντι
1656 4955 1828 5026 κυρίῳ
1847 4972 1862 5019 ς

318 5025 430 5080 tia
450 5030 506 5084 ἂν
527 5049 606 5096 τις
633 5034 919 5102 ὑπόσχοιτο
959 5034 1036 5105 τῷ
1064 5036 1240 5105 πάσης
1270 5036 1515 5102 ἐξουσίας
1557 5025 1863 5109 ἀπεστερη-

323 5110 489 5181 111w;
516 5113 649 5167 Οὔτε
669 5118 699 5168 6
724 5115 1078 5186 κατορθώσας
1106 5117 1257 5183 ἄξιός
1282 5120 1427 5172 ἐστιν
1451 5120 1674 5175 ἐπαίνου
1694 5161 1709 5185 ,
1742 5120 1867 5175 οὔτε

318 5192 348 5241 ὀ
370 5192 661 5268 διαμαρτὼν
695 5199 998 5263 ὑπεύθυνος
1030 5202 1302 5265 κολάσεως
1332 5203 1425 5257 καὶ
1466 5206 1751 5276 τιμωρίας,
1800 5206 1868 5260 ἂν

322 5277 390 5345 μή
420 5280 492 5349 ἐφ’
530 5279 723 5358 ήμῖνῇ
772 5284 841 5337 τά
870 5285 1144 5356 πρακτέα.
1196 5286 1259 5337 Et
1291 5285 1347 5338 δὲ
1389 5286 1548 5342 τοῦτο
1598 5288 1869 5343 πεισθεῖεν

316 5359 588 5432 ἄνθρωποι,
603 5368 780 5430 οὐδεὶς
804 5365 990 5419 οὐκέτι
1016 5366 1196 5420 λοιπὸν
1221 5368 1322 5421 ούκ
1345 5370 1544 5440 ἀρετῆς
1566 5370 1865 5439 ἀνθέξεται,

316 5444 376 5494 οὑ
405 5449 583 5502 κακίαν
605 5449 992 5520 φεύξεταιε.Εί
1012 5450 1117 5521 γάρ
1140 5449 1235 5505 νῦν
1259 5452 1380 5506 καθ’
1397 5453 1631 5525 ἐκάστην
1657 5454 1868 5525 ἡμέραν

320 5529 439 5595 περὶ
470 5531 681 5603 γεέννης
708 5531 1049 5603 ἐνηχούντων
1072 5534 1245 5604 ήμῶν,
1280 5537 1409 5607 περὶ
1449 5536 1723 5607 βασιλείας
1752 5538 1869 5594 δια-

377 5724 404 5790 3
433 5727 523 5790 fmi
543 5728 660 5775 me;
679 5729 762 5776 καὶ
780 5726 1044 5790 ἑτέρας-ταύ

376 5783 405 5822 δ
432 5786 553 5852 Unus
571 5783 906 5852 προκάλυμμᾶ.
929 5788 1030 5836 Sed

318 5850 681 5911 προκαλύμματα.

376 5910 404 5938 ⁶
435 5910 570 5962 Sam.
593 5914 648 5962 οὐ
668 5913 840 5970 κακίας
866 5911 1095 5976 φεύξεται.
1117 5914 1213 5965 Sed
1232 5916 1399 5964 κακίαν
1430 5917 1625 5967 melius.

1126 5728 1407 5777 συνείρουσι.

1107 5791 1221 5838 avil.
1262 5791 1433 5841 Morel.
1456 5796 1511 5842 et
1551 5803 1725 5843 omnes
1754 5806 1869 5845 mss.

1266 414 1333 471 IN
1373 416 1594 483 ILLUD,
1626 415 1762 474 NON
1798 415 1927 473 EST
1962 418 2030 475 IN
2071 421 2351 489 IIOMINE,
2394 424 2547 481 ETC.

3390 428 3490 482 156

1878 588 1884 592 .
1921 541 2245 611 λεγομένων,
2272 547 2489 608 καὶτὰς
2529 548 2775 610 κολάσεις
2814 548 2912 611 τὰς
2953 548 3253 619 ἀφορήτους
3292 549 3384 598 καὶ
3426 548 3493 599 τά

1922 628 2129 683 ἔπαθλα
2150 630 2217 684 τά
2247 633 2639 704 ὑπερϐαίνοντα
2666 634 2902 689 διάνοιαν
2924 635 3269 703 ἀνθρωπίνην
3307 651 3493 703 προτιο

1919 715 2136 779 θέντων,
2154 717 2298 789 [160]
2317 719 2807 789 συμϐουλευόντων,
2828 721 3302 791 παρακαλούντων,
3318 720 3492 772 πάντα

1920 805 2211 859 κινούντων
2225 806 2397 875 λόγον,
2422 807 2572 878 μόλις
2588 808 2731 871 τινὲς
2750 808 3077 878 ὑπομένουσι
3094 809 3218 872 τοὺς
3238 808 3377 878 ὑπὲρ
3397 807 3493 875 τῆς

1921 892 2120 963 ἀρετῆς
2149 893 2394 964 ἱδρῶτας,
2434 895 2585 965 μόλις
2610 896 2930 961 ἀφίστανται
2960 896 3056 966 τῆς
3086 898 3142 948 ἐν
3168 898 3278 959 τοῖς
3308 896 3489 966 ἀμαρ‹

1922 980 2159 1048 τήμασιν
2178 981 2369 1051 ἡδονῆς
2392 998 2404 1011 ο
2430 981 2494 1034 ἂν
2516 982 2606 1035 καὶ
2628 982 2829 1053 ταύτην
2855 982 3092 1053 ἐκκόψῃς
3122 983 3218 1053 τὴν
3249 983 3494 1053 ἄγκυραν

1922 1066 2021 1137 τὴν
2049 1068 2217 1139 ἱερὰν,
2247 1068 2344 1139 οὑχ
2368 1069 2657 1141 ὁλόκληρον
2691 1070 3118 1141 βαπτισθήσεται
3159 1071 3221 1123 τὸ
3263 1071 3493 1139 σκάφος,

1925 1154 2019 1206 καὶ
2040 1155 2237 1219 πάντες
2275 1157 2583 1227 οἰχήσονται
2629 1157 2908 1228 γενόμενοι
2944 1157 3125 1210 τέλεον
3154 1158 3493 1229 ὑποϐρύχιοι,

1926 1242 2020 1294 καὶ
2044 1240 2212 1295 πολλά
2242 1242 2393 1296 ἔσται
2420 1244 2540 1296 καθ’
2565 1244 2776 1316 ἡμέραν
2795 1245 2863 1298 τὰ
2882 1246 3147 1313 ναυάγιας
3179 1245 3341 1298 Οὑδέν
3365 1246 3493 1317 γὰρ,

1925 1329 2075 1381 οὐδὲν
2103 1328 2273 1392 οὑτως
2306 1331 2637 1386 ἐσπούδακεν
2665 1333 2694 1385 ὁ
2732 1332 2973 1396 διάϐολος
2991 1374 3003 1393 ,
3026 1332 3101 1395 ὼς
3129 1331 3285 1385 τοῦτο
3314 1336 3497 1389 πεῖσαι

1926 1416 2023 1484 τὴν
2051 1415 2392 1488 ἀνθρωπίνην
2416 1419 2613 1489 ψυχὴν,
2647 1421 2727 1475 ὃτι
2746 1419 2867 1473 οὑτε
2891 1421 2947 1473 ἐν
2971 1424 3083 1485 τοῖς
3112 1421 3499 1491 ἁμαρτήμασίν

1928 1503 2073 1554 ἐστιν
2100 1502 2395 1569 ὑπεύθυνος
2413 1506 2704 1573 κολάσεως,
2727 1506 2849 1560 οὔτε
2872 1510 2928 1561 ἐν
2958 1511 3067 1570 τοῖς
3084 1507 3500 1579 κατορθώμασιν

1928 1592 2164 1645 ἐπαίνων
2185 1593 2329 1659 ἄξιος
2360 1594 2457 1649 καὶ
2494 1596 2792 1665 στεφάνων,
2826 1597 2911 1650 ἴνα
2940 1597 3036 1650 καὶ
3064 1596 3172 1649 τῶν
3201 1594 3500 1650 σπουδαίων

1930 1679 2132 1750 ἐκλύσῃ
2173 1680 2270 1745 τὰς
2321 1683 2527 1752 χεῖρας,
2574 1683 2669 1736 καὶ
2717 1682 2884 1754 σϐέσῃ
2913 1683 3012 1754 τὴν
3054 1681 3377 1753 προθυμίαν,
3409 1682 3503 1735 καί⁵

1928 1764 2039 1817 τῶν
2084 1767 2549 1823 ἀναπεπτωκότων
2588 1770 2829 1840 ἐπιτείνῃ
2888 1769 2986 1840 τήν
3042 1769 3351 1839 ὀλιγωρίαν,
3409 1768 3504 1821 καὶ

1931 1851 2144 1924 αὐξήσῃ
2174 1855 2271 1925 τὴν
2299 1855 2589 1926 ρᾳθυμίαν.

2004 1996 2095 2049 Διὸ
2115 1998 2218 2068 χρὴ
2249 2000 2534 2071 προσέχειν
2565 2000 2701 2073 μετά
2731 2002 3016 2079 ἀκριϐείας
3036 2004 3150 2065 τοῖς
3172 2002 3503 2073 λεγομένοις.

1936 2084 2195 2156 Κρημνὸς
2224 2088 2561 2160 ἑκατέρωθέν
2591 2092 2705 2143 ἐστι
2745 2092 2837 2144 καὶ
2892 2091 3100 2161 βόθρος,
3124 2091 3189 2145 ἂν
3216 2090 3289 2161 μὴ
3320 2089 3509 2159 νηφόν-

1935 2190 2044 2236 τως
2063 2174 2383 2246 ἀναγνῶμεν
2406 2177 2467 2230 τὸ
2496 2178 2677 2249 ῥητόν.
2709 2178 2774 2231 Τί
2797 2177 2904 2250 γὰρ
2929 2181 3199 2250 εἴπωμεν;
3226 2179 3307 2231 ὃτι
3351 2176 3509 2246 ἐψεύ-

1938 2278 2068 2314 σατο
2091 2263 2119 2315 ό
2145 2265 2427 2335 προφήτης
2450 2284 2463 2328 ;
2508 2265 2647 2317 Ἀλλ’
2678 2266 3011 2320 ἐπικίνδυνον
3036 2282 3049 2296 ο
3090 2267 3373 2337 προφήτης
3399 2264 3509 2336 γὰρ

1934 2348 1995 2403 οὑ
2022 2349 2307 2418 ψεύδεται·
2350 2352 2419 2407 τὰ
2459 2352 2568 2424 γάρ
2617 2351 2710 2407 τοῦ
2762 2352 2897 2407 Θεοῦ
2931 2354 3224 2423 φθέγγεται
3265 2353 3507 2423 ῥήματα.

1949 2438 2087 2492 Ἀλλ’
2112 2440 2212 2493 οὑκ
2236 2440 2497 2511 ἐψεύσατο
2523 2443 2551 2495 6
2590 2444 2903 2515 προφήτης;
2925 2442 3117 2497 οὑκοῦν
3136 2443 3235 2495 οὑκ
3262 2442 3346 2510 ἐφ’
3379 2442 3511 2511 ήμῖν

1936 2527 2004 2581 τά
2029 2528 2312 2597 πρακτέα;
2358 2529 2518 2584 ’Δλλά
2545 2531 2641 2585 καὶ
2665 2531 2749 2599 ἐφ’
2775 2532 2907 2602 ἡμῖν
2949 2532 3019 2585 τὰ
3043 2529 3311 2601 πρακτέα,
3342 2530 3437 2581 καὶ
3482 2528 3515 2579 6

1938 2617 2224 2686 προφήτης
2258 2616 2358 2671 οὑκ
2385 2616 2649 2687 ἐψεύσατο
2666 2633 2681 2649 ·
2712 2618 2811 2671 καὶ
2834 2618 3116 2688 ἀμφότερα
3136 2616 3307 2669 ταῦτα
3334 2631 3514 2686 παρα-

1942 2704 2232 2774 στήσομεν,
2260 2704 2356 2759 ἐὰν
2386 2706 2709 2777 προσέχητε.
2726 2706 2824 2759 Διὰ
2851 2706 2959 2776 γὰρ
2987 2706 3144 2759 τοῦτο
3168 2704 3509 2775 ἑκατέρωθεν

1942 2791 2117 2857 ἔδειξα
2156 2791 2247 2845 τὸν
2289 2792 2552 2864 κρημνὸν,
2598 2792 2684 2846 ῖνα
2736 2795 2996 2865 νήφοντες
3036 2792 3372 2862 διανύσωμεν
3415 2790 3514 2861 τὴν

1944 2877 2309 2949 προκειμένην
2336 2880 2470 2950 ἡμῖν
2496 2880 2635 2934 ὁδόν.
2672 2879 2763 2951 Μὴ
2805 2880 2911 2952 γὰρ
2933 2880 2995 2951 δὴ
3025 2878 3181 2933 τοῦτο
3209 2879 3366 2949 μόνον
3395 2877 3514 2942 ἐξε-

1942 2967 2214 3036 τάσωμεν,
2238 2966 2319 3030 τὸ,
2366 2970 2487 3022 Οὐκ
2522 2968 2593 3021 ἐν
2627 2966 2706 3033 τῷ
2740 2968 3025 3037 ἀνθρώπῳ
3051 2967 3090 3035 ἠ
3122 2967 3261 3034 ὁδὸς
3289 2964 3474 3020 αὑτοῦ
3498 2980 3514 2996 ο

1945 3052 2080 3107 ἀλλά
2122 3054 2214 3107 καὶ
2247 3055 2345 3124 τὴν
2390 3054 2707 3109 ἀκολουθίαν
2755 3056 2990 3121 ἃπασαν,
3041 3054 3136 3108 καὶ
3185 3055 3323 3125 ὑπὲρ
3359 3052 3516 3105 τίνων

1945 3141 2176 3213 εἴρηται,
2208 3142 2302 3196 καὶ
2336 3142 2489 3213 παρὰ
2520 3143 2663 3208 τίνος
2684 3184 2697 3205 ,
2725 3142 2820 3197 καὶ
2852 3143 2986 3215 πρὸς
3020 3144 3162 3210 τίνα,
3196 3143 3288 3195 καὶ
3326 3140 3413 3193 διὰ
3440 3141 3515 3203 τί,

1948 3230 2041 3281 καὶ
2067 3228 2218 3293 πότε,
2254 3229 2506 3292 καὶπῶς.
2550 3228 2627 3285 Οὑ
2674 3231 2780 3302 γάρ
2812 3232 2975 3303 ἀρκεῖ
3011 3231 3070 3283 τὸ
3106 3230 3303 3299 λέγειν,
3338 3230 3419 3282 ὅτι
3460 3230 3518 3280 ἐν

1947 3318 2065 3378 ταῖς
2106 3316 2145 3367 Γ
2152 3317 2349 3387 ραφαῖς
2379 3316 2709 3388 γέγραπται,
2731 3317 2848 3371 οὑδὲ
2888 3317 3073 3381 ἀπλῶς
3113 3315 3519 3387 παρασπῶντας

1952 3405 2169 3475 ῥήματα
2195 3404 2287 3457 καὶ
2316 3406 2728 3475 σπαράσσοντας
2751 3405 2820 3459 τὰ
2852 3404 2987 3476 μέλη
3011 3405 3103 3457 τοῦ
3136 3403 3384 3473 σώματος
3412 3403 3521 3455 τῶν

1951 3492 2318 3545 θεοπνεύστων
2349 3492 2599 3563 Γραφῶν,
2630 3493 2809 3563 ἔρημα
2846 3490 2939 3544 καὶ
2976 3490 3158 3561 γυμνά
3188 3491 3284 3561 τῆς
3320 3490 3522 3547 οἰκείας

1951 3578 2128 3633 αὑτῶν
2172 3578 2465 3648 συναφείας
2505 3578 2785 3643 λαϐόντας,
2815 3578 2900 3632 ἐπ’
2920 3577 3166 3644 ἐξουσίας
3204 3578 3296 3631 καὶ
3338 3578 3523 3641 ἀδείας

1953 3666 2276 3737 ἐπηρεάζειν
2314 3667 2515 3731 αὑτοῖς.
2546 3665 2701 3720 Οὕτω
2740 3666 2845 3736 γὰρ
2904 3665 3076 3719 πολλά
3131 3665 3377 3737 δόγματα
3415 3666 3525 3719 διε-

1955 3753 2241 3824 φθαρμένα
2262 3754 2340 3816 είς
2364 3752 2454 3805 τὸν
2482 3752 2594 3824 βίον
2610 3752 3095 3823 εἰσενήνεκταιυτὺν
3118 3754 3151 3823 ή
3161 3752 3284 3823 μέτε
3295 3769 3402 3823 ρον,
3431 3752 3524 3805 τοῦ

1954 3842 2197 3896 διαϐόλου
2249 3840 2524 3905 πείθοντος
2567 3841 2693 3904 τοὺς
2726 3838 3127 3913 ρᾳθυμοτέρους
3164 3840 3527 3912 διεστραμμέ-

1957 3925 2109 3990 νωςά
2145 3926 2593 3995 ἀπαγγέλλειντά
2638 3928 2695 3981 ἐν
2739 3927 2861 3991 ταῖς
2907 3927 3149 3998 Γραφαῖς
3192 3928 3447 3994 κείμενα,
3491 3926 3524 3997 ἢ

1958 4013 2367 4087 προστιθέντας,
2383 4013 2417 4085 ἢ
2435 4013 2793 4086 ὑφαιροῦντας
2816 4013 3105 4083 ἐπιζοφοῦν
3128 4014 3226 4084 τὴν
3248 4015 3524 4085 ἀλήθειαν.

1960 4104 2035 4157 υὺ
2060 4102 2237 4156 τοίνυν
2268 4103 2429 4173 ἀρκεῖ
2469 4103 2529 4156 τὸ
2552 4104 2746 4167 εἰπεῖν,
2776 4104 2859 4157 ὅτι
2889 4104 2947 4157 ἐν
2995 4105 3062 4175 τῇ
3110 4103 3299 4173 Γραφῇ
3332 4103 3530 4174 γέγρα-

1961 4208 2112 4253 πται,
2131 4190 2265 4245 ἀλλά
2284 4190 2388 4263 χρὴ
2407 4191 2500 4245 καὶ
2520 4190 2619 4261 τήν
2634 4189 2951 4244 ἀκολουθίαν
2983 4190 3285 4259 ἀναγνῶναι
3306 4192 3485 4244 πᾶσαν
3510 4207 3525 4220 ·

1962 4280 2084 4334 ἐπεὶ
2106 4282 2155 4333 εί
2191 4280 2477 4351 μέλλοιμεν
2508 4279 2816 4333 διακόπτειν
2855 4279 2953 4351 τὴν
2990 4279 3127 4349 πρὸς
3171 4279 3377 4349 ἀλληλα
3407 4295 3530 4331 συν-

1963 4367 2142 4438 έχειαν
2169 4365 2343 4420 αὑτῶν
2377 4366 2469 4420 καὶ
2494 4365 2830 4434 συγγένειαν,
2857 4365 3029 4419 πολλά
3052 4366 3193 4419 οὕτω
3208 4368 3529 4437 τεχθήσεται

1963 4453 2175 4527 πονηρὰ
2208 4454 2472 4524 δόγματα.
2512 4453 2622 4506 Καὶ
2649 4453 2758 4523 γάρ
2794 4454 2853 4506 ἐν
2884 4455 2950 4524 τῇ
2976 4452 3166 4525 Γραφῇ
3195 4454 3527 4523 γέγραπται,

1962 4545 2043 4596 ὅτι
2076 4544 2197 4597 Οὐκ
2225 4541 2355 4595 ἐστι
2382 4539 2545 4606 Θεὸς,
2587 4540 2683 4593 καὶ
2723 4540 2805 4593 ὅτι
2842 4540 3209 4610 Ἀπέστρεψε
3246 4543 3313 4595 τὸ
3339 4543 3528 4610 πρόσ-

1963 4645 2126 4686 ωπον
2155 4629 2361 4690 αὑτοῦ,
2420 4628 2529 4682 τοῦ
2554 4629 2642 4698 μὴ
2677 4630 2934 4694 βλέπειν
2969 4632 3057 4695 εὶς
3091 4630 3286 4697 τέλος,
3321 4634 3413 4685 καὶ
3450 4632 3531 4684 ὅτι

1968 4722 2090 4773 Οὐκ
2116 4717 2426 4785 ἐκζητήσει
2457 4719 2489 4771 ό
2516 4718 2679 4783 Θεός.
2714 4717 2781 4770 Τί
2808 4713 2933 4785 οὖν;
2965 4717 3086 4772 είπέ
3129 4736 3251 4790 μοι·
3285 4720 3383 4772 οὑκ
3418 4718 3532 4772 ἐστι

1964 4806 2127 4871 Θεός;
2160 4804 2293 4859 Ούδὲ
2326 4805 2497 4874 ἐφορᾷ
2540 4804 2610 4857 τὰ
2641 4805 2780 4858 κατὰ
2812 4805 2914 4875 γῆν
2938 4806 3270 4877 πράγματα;
3306 4807 3414 4861 Καὶ
3451 4806 3532 4868 τίς

1965 4893 2120 4946 τοῦτο
2148 4893 2430 4963 ἀνάσχοιτο
2459 4893 2652 4955 εἰπεῖν,
2675 4892 2709 4962 ἢ
2744 4891 3002 4958 ἁκοῦσαι;
3048 4894 3239 4948 Καίτοι
3272 4910 3335 4962 γε
3369 4896 3427 4946 ἐν
3466 4896 3532 4963 τῇ

1967 4981 2154 5051 Γραφῇ
2189 4980 2525 5050 γέγραπται·
2560 4978 2695 5032 ἀλλὰ
2723 4979 2859 5049 μάθε
2882 4979 2999 5043 πῶς
3021 4975 3532 5050 γέγραπται.Εἷπε,

1968 5069 2151 5138 φησὶν,
2180 5066 2383 5135 ἄφρων
2417 5066 2485 5119 ἐν
2530 5065 2742 5134 καρδίᾳ
2777 5066 2984 5125 αὐτοῦ,
3032 5069 3151 5120 Οὐκ
3191 5066 3322 5119 ἐστι
3370 5067 3533 5132 Θεός.

1968 5156 2041 5208 Ού
2064 5155 2160 5225 τῆς
2189 5154 2413 5225 Γραφῆς
2437 5157 2582 5206 ἐστιν
2607 5154 2640 5223 ή
2663 5152 2856 5224 γνώμη
2879 5154 2972 5207 καὶ
3000 5154 3032 5225 ή
3056 5152 3255 5223 ψῆφος,
3288 5150 3422 5205 ἀλλὰ
3438 5153 3537 5223 τῆς

1968 5242 2060 5295 τοῦ
2090 5242 2316 5314 ἄφρονος
2345 5240 2578 5303 διανοίας
2600 5254 2615 5269 ’
2638 5242 2698 5293 οὑ
2724 5242 2789 5293 τὰ
2814 5241 3011 5312 ἑαυτῆς
3054 5237 3206 5294 εἶπεν
3235 5242 3267 5310 ή
3308 5240 3500 5311 Γραφὴ
3521 5279 3537 5304 9

1971 5327 2121 5400 [161]
2148 5328 2282 5381 ἀλλὰ
2310 5329 2378 5381 τὰ
2404 5328 2590 5399 ἐτέρου
2634 5328 2952 5397 ἀπήγγειλε.
2996 5328 3105 5380 Καὶ
3144 5327 3335 5379 πάλινο
3386 5330 3539 5393 Ἕως

1968 5418 2134 5485 τίνος
2179 5417 2531 5486 παρώξυνεν
2582 5419 2616 5471 ό
2657 5416 2883 5484 ἀσεϐὴς
2901 5417 3006 5470 τόν
3033 5419 3208 5480 Θεόν;
3236 5413 3384 5470 Εἷπε
3429 5416 3542 5485 γὰρ

1970 5506 2040 5559 ἐν
2063 5505 2277 5573 καρδίᾳ
2301 5505 2509 5567 αὐτοῦ,
2556 5506 2677 5558 Οὐκ
2706 5503 3033 5571 ἐκζητήσει.
3074 5504 3442 5574 ’Δπέστρεψε
3472 5505 3540 5557 τὸ

1973 5594 2295 5662 πρόσωπον
2336 5593 2543 5659 αὑτοῦ,
2601 5592 2707 5647 τοῦ
2755 5592 2840 5661 μὴ
2896 5591 3153 5656 βλέπειν
3209 5596 3295 5660 εὶς
3345 5594 3536 5661 τέλος.

2035 5791 2190 5851 (11)υο
2213 5806 2325 5841 mss.
2368 5794 2725 5854 διεσταλμένως.
2750 5796 2803 5841 ει
2835 5793 2908 5841 sic
2946 5792 3093 5854 etiam
3129 5792 3275 5842 habet
3317 5794 3461 5845 Savil.
3488 5796 3537 5843 in

1971 5856 2504 5979 gagqumalpévwc
2520 5852 2824 5915 ἀπαγγέλλειν
2841 5852 3282 5921 esseldiuinguere
3293 5858 3371 5907 vel
3392 5859 3539 5908 etiam

2117 5929 2127 5939 ’
2242 5929 2288 5967 ε.

2117 5929 2288 5967 were.
