3992 6300
181 356 261 412 157
988 345 1053 401 ΙΝ
1091 344 1310 411 ILLUD,
1343 341 1615 407 DOMINE,
1652 336 1787 393 NON
1827 339 1956 395 EST
1994 341 2059 396 IN
2091 342 2370 407 ιίΟΜΙΝΕ.
2397 342 2551 403 ETC.

182 464 439 528 sententia,
479 464 575 520 sed
618 462 784 517 animi
815 458 1112 530 insipientis
1141 478 1157 517 :
1190 473 1296 513 non
1326 456 1461 512 dixit
1484 469 1602 526 qua:
1628 467 1726 509 sua

180 569 279 615 sunt
302 559 592 624 Scriptura,
620 553 719 608 sed
748 567 865 623 qua:
892 558 1015 605 sunt
1043 548 1263 603 alterius
1289 543 1634 602 denuntiavit.
1660 541 1729 597 Et

182 668 337 707 nirsns
366 669 381 705 :
415 648 689 722 Usquequo
728 644 940 699 irritavit
969 642 1162 713 impius
1179 640 1383 694 Deum?
1427 636 1569 691 Dixit
1596 634 1729 690 enim

180 750 220 799 in
245 741 382 798 corde
402 758 495 794 suo
517 780 536 805 ,
577 739 701 793 Non
740 736 972 806 requiret.
1017 732 1204 788 Avertit
1247 731 1427 801 faciem
1462 743 1640 793 suam,
1667 742 1729 780 ne

180 842 317 893 rideat
355 838 406 889 in
448 835 602 902 ﬁnem
627 830 810 903 (Psal.
844 829 929 885 10.
962 827 1030 883 15
1054 836 1101 880 et
1125 827 1186 881 11
1212 827 1251 892 ).
1300 825 1369 878 Et
1408 823 1493 877 hic
1543 833 1730 875 rursus

182 927 384 983 hominis
408 925 556 992 impii
584 939 647 978 ac
672 921 885 978 scelesti
910 920 1165 991 judicium
1188 925 1242 971 et
1265 914 1579 971 sententiam
1601 926 1729 983 pro-

183 1021 326 1091 punit.
355 1020 429 1074 Ita
457 1032 672 1086 quoque
698 1013 889 1069 medici
912 1012 1085 1067 facere
1113 1008 1315 1074 solent,
1346 1008 1651 1061 insanorum
1677 1012 1733 1058 et

182 1109 443 1163 amentium
476 1115 693 1176 peccata
731 1102 876 1160 sanis
922 1117 985 1157 ac
1027 1099 1326 1155 valentibus
1370 1104 1627 1163 narrant,
1674 1104 1732 1149 ut

183 1202 421 1256 cautiores
449 1199 583 1253 istos
608 1197 854 1253 reddant.
885 1195 1017 1250 Cum
1046 1194 1203 1264 igitur
1222 1192 1422 1247 sanitas
1447 1190 1639 1244 animae
1663 1187 1733 1243 sit

186 1298 347 1366 pietas,
374 1292 592 1346 morbus
618 1300 793 1345 autem
824 1298 875 1343 et
904 1287 1181 1342 infirmitas
1206 1299 1412 1339 summa
1435 1284 1600 1339 Deum
1628 1282 1730 1336 mi-

186 1387 307 1440 nime
332 1398 488 1438 nosse
511 1423 529 1448 ,
576 1382 862 1453 impiorum
891 1380 1049 1435 verba
1078 1383 1483 1442 commemorat,
1524 1388 1631 1428 non
1675 1381 1734 1428 ut

182 1493 235 1532 ea
259 1487 445 1531 temere
471 1474 775 1540 audiamus,
802 1471 896 1528 sed
922 1480 978 1526 ut
1003 1470 1069 1524 ab
1093 1470 1158 1524 iis
1183 1469 1562 1525 abstineamus.
1596 1465 1734 1534 Quid

186 1570 419 1639 insipiens
441 1566 657 1631 dixerit,
684 1573 885 1628 narrat,
916 1571 973 1618 ut
996 1570 1053 1617 tu
1074 1561 1286 1632 sapiens
1312 1559 1426 1624 tias,
1453 1567 1508 1614 et
1534 1557 1732 1613 dictum

186 1662 288 1730 ejus
307 1660 518 1715 minime
547 1658 744 1729 probes
769 1674 785 1710 :
812 1655 938 1727 quid
962 1654 1155 1725 impius
1176 1652 1398 1714 dixerit,
1426 1658 1637 1715 narrat,
1681 1655 1739 1702 ut

187 1767 233 1808 tu
258 1754 573 1823 impietatem
618 1751 811 1821 fugias.
855 1748 1037 1818 Neque
1062 1761 1193 1802 vero
1229 1746 1402 1801 solum
1432 1758 1464 1798 a
1487 1749 1737 1798 contextu

188 1846 409 1915 serieque
434 1842 697 1899 sermonis
721 1839 996 1896 avellenda
1020 1838 1133 1893 loca
1162 1851 1269 1891 non
1297 1844 1440 1900 sunt,
1464 1833 1555 1889 sed
1576 1832 1738 1889 etiam

190 1953 302 1992 sana
328 1946 376 1991 et
402 1936 601 2004 integra
629 1941 751 1987 sunt
779 1929 1115 2000 proferenda,
1145 1927 1387 1997 nihilque
1409 1924 1739 1981 addendum.

256 2028 434 2082 Abusus
471 2026 569 2081 loci
596 2023 754 2079 Pauli
796 2039 858 2077 ea:
890 2020 1056 2091 Epist.
1080 2020 1147 2073 ad
1174 2019 1403 2074 Corinth.
1430 2019 1481 2073 1.
1500 2047 1570 2058 -—
1591 2014 1741 2071 Multi

194 2131 319 2175 certe
344 2118 581 2188 quaedam
611 2115 773 2172 etiam
804 2114 907 2168 alia
935 2111 1313 2167 circumferunt
1340 2126 1402 2165 ex
1433 2109 1736 2179 Scripturis,

198 2228 301 2280 qua:
317 2211 591 2279 depravate
616 2208 864 2277 allegant.
888 2204 1149 2274 Scriptum
1174 2212 1253 2258 est
1274 2202 1437 2268 enim,
1460 2199 1738 2271 inquiunt:

200 2303 247 2355 Si
276 2301 429 2355 uraris
453 2342 470 2366 ,
499 2314 721 2353 uxorem
748 2296 927 2351 ducito
961 2311 978 2350 :
1009 2309 1270 2363 nusquam
1302 2302 1475 2347 tamen
1524 2290 1627 2344 hoc
1671 2291 1743 2346 ita

202 2396 425 2464 scriptum
449 2402 562 2456 est;
592 2389 688 2446 sed
716 2403 822 2459 quo
851 2396 1002 2457 pacto
1032 2387 1100 2440 sit
1135 2385 1389 2455 scriptum
1422 2382 1696 2437 considera
1725 2398 1741 2436 :

202 2484 313 2538 Dico
336 2494 493 2538 autem
513 2499 614 2536 non
643 2480 811 2551 nuptis
835 2488 885 2534 et
910 2478 1090 2543 viduis,
1114 2479 1294 2531 bonum
1322 2475 1423 2529 illis
1446 2484 1536 2540 est,
1563 2475 1607 2529 si
1629 2490 1743 2527 ma-

204 2588 331 2630 neant
350 2619 365 2642 ,
390 2578 511 2631 sicut
534 2584 581 2628 et
604 2590 695 2643 ego
728 2589 747 2628 :
773 2572 908 2641 quod
935 2572 977 2626 si
1002 2588 1102 2624 non
1128 2587 1181 2624 se
1213 2572 1491 2636 continent,
1521 2568 1746 2635 nubant;

205 2670 358 2722 mlius
378 2668 507 2722 enim
528 2674 599 2721 est
620 2665 806 2719 nubere
826 2680 977 2735 quam
1004 2663 1083 2716 uri
1110 2663 1184 2732 (1.
1214 2660 1332 2717 Cor.
1357 2661 1407 2714 7.
1437 2660 1490 2716 8.
1523 2658 1600 2729 9).
1632 2660 1746 2714 An-

206 2780 299 2816 non
323 2763 466 2832 igitur
490 2759 631 2816 idem
655 2767 757 2822 est,
782 2757 973 2827 inquit,
996 2755 1053 2811 Si
1072 2755 1265 2820 uraris,
1282 2768 1506 2809 uxorem
1531 2751 1749 2808 ducito?

208 2856 461 2909 Enimvero
507 2854 634 2908 licet
670 2850 811 2907 idem
853 2858 1025 2913 esset,
1055 2862 1163 2901 non
1207 2845 1484 2917 oportebat
1528 2854 1706 2898 tamen
1730 2884 1749 2910 ,

208 2948 381 3001 omissa
405 2955 538 3001 recta
566 2944 856 3013 Scriptura:
894 2940 1207 3011 allegatione
1225 2980 1241 3004 ,
1264 2952 1383 2993 eam
1424 2945 1751 3009 pervertere,

208 3047 398 3110 suisque
435 3038 611 3092 verbis
655 3035 945 3105 Scriptura:
986 3046 1138 3087 sensa
1166 3028 1402 3099 proferre
1434 3046 1447 3080 ε
1474 3028 1583 3097 jam
1626 3041 1754 3082 vero

208 3135 407 3187 multum
444 3129 759 3186 oﬂ'endimus
799 3127 974 3181 inesse
1012 3122 1320 3178 discrimen.
1348 3120 1403 3176 Si
1428 3120 1571 3175 enim
1599 3118 1756 3173 abso-

210 3227 304 3279 lute
328 3225 513 3279 dixeris
531 3265 547 3288 ,
575 3221 634 3278 Si
661 3218 835 3275 uraris
857 3260 873 3285 ,
902 3230 1122 3271 uxorem
1167 3214 1348 3270 ducito
1371 3254 1386 3279 ,
1416 3211 1624 3269 cunctis
1665 3210 1755 3281 qui

208 3319 533 3389 virginitatem
562 3328 781 3370 servare
813 3312 954 3367 ultro
978 3316 1274 3363 statuerunt
1324 3310 1643 3376 potestatem
1678 3304 1757 3358 fa-

209 3413 295 3472 cis.
317 3427 425 3466 cum
462 3411 691 3480 primum
718 3405 881 3462 libido
911 3404 1013 3458 illis
1041 3402 1308 3473 negotium
1337 3400 1562 3455 facesset
1581 3438 1597 3465 ,
1630 3397 1757 3451 inita

212 3517 315 3555 cum
336 3502 439 3557 Deo
466 3508 623 3570 pacta
664 3494 918 3557 violandi,
946 3502 1103 3564 atque
1126 3492 1193 3546 ad
1223 3491 1432 3561 nuptias
1475 3487 1759 3558 transfuga:

215 3609 345 3648 more
371 3590 697 3656 transeundi,
725 3603 789 3644 ac
813 3587 1060 3657 promissi
1087 3585 1277 3656 prioris
1300 3581 1665 3639 obliviscendi.

274 3686 319 3739 3.
353 3684 496 3750 Quod
522 3685 566 3736 si
607 3681 873 3750 intelligas
897 3720 915 3747 ,
937 3693 1071 3748 quos
1098 3677 1394 3747 alloquatur
1418 3674 1631 3737 Paulus,
1659 3671 1762 3727 hoc

220 3784 305 3830 est.
323 3790 423 3835 non
454 3790 648 3829 omnes
670 3774 893 3844 passim,
917 3790 1104 3829 verum
1122 3790 1236 3840 eos,
1261 3773 1350 3843 qui
1368 3772 1609 3827 nondum
1630 3785 1759 3841 pro-

217 3858 443 3912 misione
482 3874 541 3912 se
567 3858 983 3921 obstrinxerim,
1014 3858 1212 3929 poteris
1254 3857 1469 3911 noxiam
1516 3856 1658 3911 hanc
1695 3870 1761 3909 ac

216 3949 542 4014 perniciosam
568 3951 759 4006 tollere
785 3951 1113 4005 facultatem.
1134 3948 1262 4003 Dico
1275 3946 1637 4016 enim,inquit,
1657 3961 1762 3999 non

215 4042 363 4108 nuptis
383 4051 428 4095 et
448 4044 639 4107 viduis,
663 4058 772 4097 non
792 4042 990 4112 iisquae
1012 4041 1323 4095 viduitatem
1341 4041 1639 4111 promisere
1664 4039 1758 4112 sed

215 4135 266 4187 ἱίς
281 4155 390 4206 quae
412 4152 589 4203 neque
610 4136 735 4197 hoc,
752 4110 929 4203 neque
947 4132 1075 4187 illud
1100 4110 1484 4187 decreverunt:
1510 4132 1606 4187 sed
1623 4110 1782 4186 tam»

218 4245 348 4298 qnain
378 4230 428 4284 in
457 4228 638 4284 medio
679 4225 907 4297 quodam
936 4224 1217 4280 interstitio
1244 4223 1452 4279 consilii
1492 4222 1766 4292 utriusque

218 4331 487 4375 Versantur.
530 4318 775 4387 Exempli
830 4330 987 4371 causa
1019 4332 1033 4368 :
1072 4315 1262 4370 mulier
1297 4315 1557 4386 quapiam
1595 4316 1766 4368 virum

219 4427 344 4466 suum
372 4412 580 4475 amisit,
612 4409 912 4481 nequedum
943 4407 1079 4478 apud
1125 4403 1431 4475 se'statuit,
1458 4422 1631 4478 neque
1675 4406 1768 4460 de-

218 4505 381 4565 crevit,
408 4520 474 4557 an
506 4518 535 4556 a
561 4518 623 4558 se
648 4509 891 4570 oporteat
914 4500 1035 4571 eligi
1066 4500 1373 4555 viduitatem
1396 4541 1414 4567 ,
1444 4514 1512 4554 an
1536 4513 1662 4553 vero
1685 4498 1767 4553 al-

219 4606 366 4652 terum
394 4598 645 4652 maritum
679 4595 892 4650 induci:
927 4593 1063 4650 hanc
1097 4609 1196 4665 ego
1234 4593 1527 4651 admoneo.
1558 4592 1767 4663 inquit,

219 4689 388 4742 imum
410 4704 529 4743 esse
549 4696 611 4742 ut
636 4686 707 4740 ita
730 4693 1075 4756 permaneat:
1103 4685 1243 4755 quod
1269 4684 1314 4738 si
1339 4699 1474 4739 onus
1496 4682 1637 4738 ferre
1662 4698 1767 4737 non

218 4783 383 4850 possit,
408 4782 575 4837 nubat
602 4801 618 4838 :
649 4794 743 4835 eas
755 4793 884 4834 vero
910 4793 1028 4849 quae
1044 4778 1153 4848 jam
1185 4791 1448 4847 aggressa:
1471 4783 1613 4840 sunt,
1634 4783 1689 4830 et
1716 4777 1767 4830 in

217 4890 378 4928 carum
403 4874 584 4929 album
615 4880 742 4926 sunt
766 4869 949 4925 relatae
972 4910 989 4935 ,
1014 4884 1132 4939 quas
1170 4868 1476 4922 viduitatem
1502 4866 1767 4932 tolerant,

217 4979 391 5021 etcum
418 4967 528 5020 Deo
553 4971 767 5035 pactum
785 4960 1036 5025 inierunt,
1063 4975 1167 5013 non
1193 4959 1299 5028 jam
1322 4957 1431 5012 vult
1453 4957 1517 5011 ad
1544 4958 1769 5012 alterum

217 5073 357 5126 me
377 5054 771 5112 matrimonium
799 5051 1014 5107 reverti.
1044 5050 1326 5120 Propterea
1351 5050 1418 5105 de
1443 5050 1545 5104 illis
1583 5048 1650 5103 ad
1676 5048 1771 5103 Ti-

214 5148 465 5203 motheum
499 5146 742 5201 scribens
777 5143 855 5198 sic
883 5142 958 5197 ait
986 5160 998 5196 :
1026 5141 1450 5196 Adolescentiores
1484 5149 1648 5193 autem
1692 5141 1771 5193 vi-

214 5243 331 5295 duas
364 5241 546 5295 devita.
576 5238 701 5293 Cum
744 5236 877 5290 enim
919 5235 1190 5289 luxuriata:
1216 5233 1403 5305 fuerint
1448 5234 1503 5286 in
1550 5232 1768 5295 Christo,

208 5332 379 5384 nubere
418 5331 587 5384 volunt
616 5328 853 5382 habentes
896 5326 1296 5385 damnationem,
1322 5324 1439 5392 quia
1467 5325 1680 5393 primam
1709 5324 1773 5392 ﬁ-

206 5428 313 5475 dem
336 5424 527 5476 irritam
555 5422 777 5491 fecaunt
799 5418 820 5489 (
844 5421 893 5473 l.
914 5417 1046 5471 Tim.
1069 5419 1123 5473 5.
1159 5418 1243 5471 11.
1276 5416 1552 5487 19.).V'ides
1582 5425 1640 5471 ut
1681 5432 1771 5470 eas

204 5516 285 5569 hic
312 5516 530 5584 castiget
567 5529 631 5568 ac
666 5512 871 5583 puniat,
903 5520 956 5564 et
995 5509 1249 5563 obnoxias
1277 5524 1447 5578 poma:
1477 5524 1538 5563 ac
1571 5508 1770 5578 judicio

201 5624 315 5663 esse
337 5608 481 5664 diem
502 5647 518 5675 ,
542 5607 682 5678 quod
726 5606 855 5659 inita
896 5618 1017 5656 cum
1060 5602 1170 5656 Deo
1201 5610 1349 5671 pacta
1378 5601 1690 5666 violarint‘,
1718 5612 1771 5657 et

200 5741 437 5852 “lignus
458 5738 601 5801 Cod.,
641 5744 786 5802 pacta
824 5731 1193 5794 conculcarunt,
1232 5732 1404 5783 eadem
1431 5746 1624 5791 prorsus
1655 5748 1771 5785 scn-

1831 459 2111 527 promissis
2144 476 2250 515 non
2288 460 2576 516 steterint?
2603 459 2782 531 itaque
2815 477 2882 520 ex
2913 462 3014 519 hoc
3042 461 3161 520 loco
3190 440 3434 523 manifeJ

1830 562 1969 606 stum
1995 560 2097 617 est,
2126 552 2325 609 dictum
2356 553 2483 609 illud
2527 570 2634 609 non
2676 555 2742 609 ad
2782 571 2873 611 eas
2907 573 3026 628 qua:
3050 557 3415 624 promiserant

1831 659 1952 700 esse
1978 645 2236 701 directum
2266 663 2279 698 :
2313 646 2513 701 idcirco
2551 662 2659 703 non
2699 663 2819 705 esse
2848 650 2976 706 illud
3007 660 3205 708 temere
3233 652 3413 723 profe-

1832 736 2056 790 rendum
2082 775 2098 803 ,
2128 736 2223 792 sed
2274 738 2568 792 noscendas
2611 754 2733 795 esse
2773 756 3064 811 personas,
3095 759 3227 814 quas
3263 744 3409 801 Scri.

1834 836 2003 896 pturze
2033 828 2207 883 verbis
2237 829 2339 884 illis
2364 830 2721 899 alloquuntur.

1905 918 2100 973 Abusus
2120 920 2326 975 alterius
2343 922 2441 975 loci
2458 921 3034 990 Scriptura—Rursus
3056 927 3216 982 alium
3240 929 3413 983 locum

1833 1010 2253 1080 circumferunt,
2281 1012 2430 1081 cujus
2458 1028 2562 1067 non
2603 1013 2675 1067 illi
2702 1014 2916 1084 quidem
2946 1026 3263 1075 structuram
3295 1036 3414 1089 per.

1834 1113 2067 1167 vertunt,
2086 1104 2178 1159 sed
2203 1104 2345 1159 aliud
2365 1105 2459 1171 illi,
2479 1106 2616 1174 quod
2640 1108 2690 1160 in
2712 1105 2979 1176 Scriptura
3004 1123 3107 1163 non
3131 1114 3413 1180 reperitur,

1834 1192 2107 1260 adjiciunt.
2140 1193 2284 1249 Talis
2309 1195 2452 1249 enim
2481 1205 2562 1249 est
2587 1195 2781 1250 diaboli
2810 1197 3030 1263 malitia,
3062 1208 3121 1253 ut
3149 1200 3230 1255 vel
3261 1202 3414 1256 addi-

1836 1285 1998 1349 tione,
2029 1286 2110 1341 vel
2151 1286 2511 1343 subtractione
2532 1329 2548 1352 ,
2569 1288 2655 1342 vel
2684 1288 3082 1358 depravatione,
3111 1301 3197 1345 aut
3221 1292 3418 1351 immu-

1839 1376 2036 1432 tatione
2055 1386 2333 1433 contextus
2359 1380 2658 1448 perniciosa
2682 1380 2929 1449 dogmata
2953 1381 3274 1437 iutroducat.
3289 1384 3419 1450 Quis

1838 1467 1925 1519 ille
1953 1483 2111 1536 porro
2141 1468 2294 1523 locus
2333 1470 2457 1524 est?
2487 1468 2658 1524 Meum
2692 1481 2796 1535 est,
2823 1471 3027 1542 inquit,
3071 1483 3420 1543 argentum,et

1839 1575 2002 1612 meum
2029 1577 2209 1614 aurum
2237 1560 2407 1633 (Agg.
2436 1562 2492 1616 2.
2522 1561 2632 1633 9);
2663 1571 2717 1619 et
2739 1564 2825 1619 cui
2852 1565 3072 1621 voluero
3099 1566 3239 1622 dabo
3269 1567 3418 1622 illud.

1838 1652 2006 1723 llujus
2022 1652 2119 1707 loci
2144 1668 2263 1722 pars
2276 1654 2489 1725 quidem
2507 1663 2592 1710 est
2612 1656 2682 1710 ita
2696 1656 2857 1723 dicta,
2872 1672 2997 1728 pars
3014 1674 3142 1713 vero
3157 1660 3292 1714 dicta
3314 1676 3418 1713 non

1840 1754 1944 1811 est,
1988 1744 2086 1800 sed
2125 1744 2371 1801 alicunde
2406 1746 2634 1817 adjecta.
2656 1747 2789 1802 Nam
2824 1748 2951 1804 illud
2975 1750 3220 1819 quidem,
3251 1751 3425 1806 Meum

1840 1845 1914 1890 est
1941 1846 2206 1907 argentum
2223 1877 2239 1903 ,
2267 1846 2314 1891 et
2340 1853 2505 1891 meum
2529 1847 2601 1893 est
2625 1854 2809 1892 aurum
2827 1880 2843 1905 ,
2871 1838 3006 1893 dixit
3035 1839 3290 1911 propheta
3317 1859 3332 1896 :
3362 1842 3427 1895 il-

1844 1926 1935 1981 lud
1957 1935 2159 1993 autem,
2185 1927 2280 1982 Cui
2308 1927 2528 1983 voluero
2553 1927 2695 1983 dabo
2720 1928 2870 1997 illud,
2896 1945 3003 1984 non
3035 1930 3161 1985 item
3185 1930 3433 2000 sequitur

1843 2018 1897 2073 in
1935 2017 2232 2088 Scriptura,
2258 2018 2353 2075 sed
2379 2034 2446 2073 ex
2485 2018 2691 2074 inscitia
2720 2019 2861 2090 vulgi
2896 2028 3076 2074 uatum
3112 2020 3425 2076 circumfer-

1845 2118 1951 2164 tur.
2004 2109 2282 2178 Quodnam
2331 2126 2491 2181 porro
2543 2110 2668 2167 inde
2712 2112 2951 2168 exuritur
2999 2113 3426 2169 detrimentum?

1845 2200 1991 2257 Multi
2018 2202 2292 2268 scelerati,
2320 2212 2373 2256 et
2408 2202 2821 2272 praestigiatores
2844 2244 2860 2270 ,
2882 2213 3041 2273 atque
3066 2205 3429 2274 intemperan-

1847 2302 1951 2360 tes,
1979 2294 2070 2365 qui
2095 2308 2165 2349 ne
2189 2294 2332 2364 digni
2353 2294 2567 2365 quidem
2591 2304 2734 2362 sunt,
2756 2296 2844 2365 qui
2866 2296 2995 2350 solis
3020 2295 3175 2365 hujus
3201 2313 3431 2365 conspe-

1846 2396 1934 2441 ctu
1962 2386 2223 2451 fruantur,
2255 2397 2347 2441 aut
2380 2387 2593 2453 vivant,
2620 2397 2711 2440 aut
2741 2386 2896 2457 hujus
2923 2388 3039 2442 caeli
3061 2389 3301 2457 spiritum
3333 2389 3432 2442 du-

1847 2488 1992 2545 cant,
2020 2478 2200 2533 multis
2219 2477 2408 2548 Opibus
2436 2476 2725 2545 abundant,
2747 2477 2871 2533 dum
2891 2479 3067 2533 omnia
3094 2480 3427 2543 subvertuut,

1849 2569 2127 2624 viduarum
2156 2570 2344 2625 domos
2369 2568 2645 2638 diripiunt,
2668 2569 2936 2638 orphanos
2959 2570 3207 2639 spoliant,
3239 2571 3431 2625 advers

1851 2674 1942 2715 sus
1970 2659 2252 2715 inferiores
2271 2659 2587 2715 eﬂ‘eruntur.
2619 2658 2817 2715 Valens
2842 2675 2971 2730 ergo
2990 2660 3233 2715 diabolus
3260 2662 3431 2715 homi-

1853 2751 2008 2807 nibus
2058 2750 2380 2821 persuadere
2430 2751 2642 2806 divitias
2711 2752 2946 2819 desuper
3008 2760 3169 2820 atque
3217 2766 3282 2806 ex
3339 2752 3431 2806 Dei

1854 2842 2129 2912 largitione
2173 2856 2410 2909 manare,
2439 2849 2500 2896 ut
2536 2857 2603 2897 ex
2646 2841 2749 2896 hoc
2779 2856 3022 2912 magnam
3049 2842 3435 2911 blasphemiam

1854 2936 2081 2991 Domino
2122 2935 2414 3006 impingat,
2442 2944 2649 3005 sumpta
2682 2934 2782 2990 hac
2829 2933 3118 3005 Scriptura:
3172 2937 3434 2990 sententia

1857 3043 1974 3098 qua:
2007 3029 2084 3082 sic
2112 3028 2307 3082 habet:
2339 3026 2513 3083 Meum
2540 3037 2613 3081 est
2635 3036 2919 3099 argentum,
2948 3037 2994 3082 et
3038 3045 3202 3081 meum
3228 3038 3299 3083 est
3345 3045 3439 3081 au-

1857 3136 1985 3186 rum,
2020 3121 2177 3174 aliam
2203 3136 2321 3190 qua:
2348 3120 2401 3175 in
2421 3119 2698 3190 Scriptura
2726 3136 2831 3176 non
2859 3128 2960 3186 est,
2992 3120 3185 3187 adjecit
3209 3120 3390 3175 dicens
3420 3138 3436 3174 :

1859 3211 1928 3266 Et
1975 3211 2059 3266 cui
2090 3211 2310 3266 voluero
2354 3211 2493 3266 dabo
2538 3210 2687 3266 illud.
2722 3212 2791 3267 At
2816 3226 2919 3266 non
2961 3212 3032 3267 ita
3061 3212 3186 3266 dicit
3212 3214 3439 3280 Agga‘us

1862 3303 2118 3373 pr0plieta
2145 3322 2157 3357 :
2188 3303 2280 3359 sed
2308 3319 2428 3358 cum
2455 3318 2519 3358 ex
2544 3303 2887 3359 barbarorum
2916 3305 3132 3376 regione
3159 3304 3444 3359 rediissent

1859 3396 2048 3463 Judmi,
2078 3406 2131 3452 et
2160 3396 2503 3451 iustauraturi
2533 3397 2788 3466 templum
2819 3404 3017 3462 essent,
3050 3404 3209 3467 atque
3234 3395 3299 3449 ad
3330 3397 3438 3464 pri-

1861 3490 2057 3544 stinum
2088 3488 2428 3560 splendorem
2459 3489 2693 3544 evecturi
2720 3529 2736 3553 ,
2764 3503 2884 3542 cum
2915 3491 3066 3557 egeni
3092 3495 3273 3543 essent
3300 3498 3352 3543 et
3377 3489 3445 3544 ab

1864 3578 2103 3634 hostibus
2146 3578 2483 3635 circumfusis
2529 3578 2775 3644 obsessi,
2804 3579 2966 3633 multa
2996 3586 3271 3648 premente
3312 3594 3447 3646 pau-

1866 3680 2068 3741 pertate
2090 3711 2107 3737 ,
2133 3685 2233 3725 nec
2272 3670 2392 3724 ullae
2424 3669 2700 3725 facultates
2726 3668 2967 3723 alicunde
2997 3677 3317 3739 apparerent
3342 3710 3356 3732 ,
3391 3671 3445 3723 in

1865 3764 2141 3819 meliorem
2185 3777 2334 3832 spem
2381 3762 2498 3816 illos
2526 3762 2709 3817 volens
2752 3761 2991 3833 erigere,
3027 3777 3089 3815 ac
3129 3762 3449 3831 persuadere

1866 3865 1921 3909 ut
1949 3854 2017 3909 de
2043 3854 2150 3909 fine
2173 3853 2523 3920 confiderent,
2547 3868 2611 3908 ex
2639 3868 2863 3923 persona
2893 3854 2984 3908 Dei
3014 3853 3164 3919 dicit,
3182 3853 3349 3907 Meum
3373 3863 3445 3907 est

1865 3955 2151 4017 argentum,
2180 3954 2226 3997 et
2276 3961 2440 3999 meum
2485 3954 2558 3999 est
2596 3960 2812 4008 aurum;
2839 3954 2885 3999 et
2929 3946 3022 3999 erit
3063 3945 3227 4015 gloria
3271 3946 3451 3999 domus

1868 4038 2013 4091 istius
2039 4036 2304 4090 novissima
2339 4052 2489 4105 super
2513 4037 2727 4102 primum
2754 4034 2914 4106 (Ibid.
2942 4051 2989 4088 υ.
3021 4036 3130 4106 10).

1940 4130 2222 4199 Scriptura:
2248 4128 2393 4183 verba
2418 4130 2664 4200 quomodo
2691 4131 2973 4183 tractanda.
2989 4129 3176 4184 —Sed
3199 4128 3323 4200 quid
3352 4130 3453 4183 hoc

1870 4224 1934 4278 ad
1960 4223 2326 4294 propositum?
2346 4222 2486 4277 dicet
2506 4223 2716 4293 aliquis.
2741 4222 2892 4291 Quod
2919 4237 3023 4277 non
3046 4231 3288 4292 oporteat
3308 4222 3453 4277 Scri-

1868 4327 2036 4388 ptura:
2065 4316 2354 4371 sententias
2390 4325 2590 4370 temere
2618 4316 2854 4384 arripere
2875 4355 2890 4379 ,
2921 4322 3080 4384 atque
3115 4328 3146 4367 a
3173 4314 3311 4369 serie
3339 4328 3445 4367 sero

1871 4410 2042 4464 monis
2070 4417 2124 4464 et
2159 4408 2455 4479 argumenti
2496 4407 2750 4461 afﬁnitate
2777 4405 3035 4461 divellere
3064 4424 3078 4459 :
3106 4420 3277 4474 neque
3315 4403 3455 4458 nuda

1869 4506 2030 4559 verba
2050 4502 2307 4558 sumenda
2326 4502 2452 4565 sint,
2481 4514 2774 4570 eorumque
2797 4498 3034 4555 subsidio
3060 4497 3311 4553 destituta
3338 4512 3457 4563 qua:

1870 4607 2163 4666 sequuntur
2181 4604 2273 4650 aut
2291 4594 2620 4666 praecedunt,
2643 4602 2701 4647 ut
2717 4608 2815 4664 per
2832 4607 2894 4647 ea
2917 4602 3115 4648 temere
3134 4590 3455 4646 calumniam

1871 4701 2139 4745 struamus
2163 4696 2217 4743 et
2244 4688 2573 4743 cavillemur.
2604 4687 2801 4741 Annon
2844 4684 2986 4741 enim
3012 4683 3298 4740 absurdum
3338 4692 3456 4745 est,

1874 4792 1930 4835 ut
1959 4783 2009 4835 in
2036 4780 2249 4851 judiciis
2267 4780 2505 4850 quidem,
2536 4779 2623 4834 ubi
2644 4778 2711 4833 de
2734 4776 2892 4833 rebus
2913 4776 3257 4833 saecularibus
3282 4775 3454 4829 disce-

1875 4882 2105 4942 ptamus,
2128 4872 2309 4927 omnia
2332 4871 2451 4941 jura
2480 4880 2659 4925 nostra
2686 4869 2740 4925 in
2766 4868 2996 4925 medium
3022 4867 3371 4939 proferamus,
3405 4875 3457 4921 et

1874 4965 1985 5019 loca
2006 5005 2021 5029 ,
2053 4972 2322 5033 tempora,
2357 4975 2563 5027 causas,
2601 4974 2858 5031 personas
2883 5002 2899 5027 ,
2930 4959 3139 5030 aliaque
3177 4958 3455 5012 innumera

1874 5052 2229 5124 producamus
2248 5092 2265 5119 ,
2294 5067 2415 5107 cum
2445 5067 2573 5108 vero
2615 5053 2768 5106 nobis
2804 5050 2872 5107 de
2896 5051 3002 5105 vita
3029 5060 3224 5104 aeterna
3265 5062 3459 5117 propo-

1874 5146 2031 5201 situm
2051 5146 2120 5201 sit
2139 5154 2427 5212 certamen,
2459 5154 2657 5200 temere
2681 5152 2736 5199 et
2761 5144 3149 5199 inconsiderate
3169 5133 3459 5207 Scriptura:

1875 5236 1988 5292 loca
2014 5236 2386 5308 proferamus?
2413 5237 2490 5291 Ac
2521 5238 2689 5307 legem
2718 5235 2933 5305 quidem
2960 5234 3156 5303 regiam
3186 5245 3345 5286 nemo
3374 5238 3456 5284 te-

1875 5343 2022 5384 mere
2042 5338 2093 5382 et
2115 5327 2503 5383 inconsiderate
2529 5327 2789 5391 recitabit,
2820 5325 2911 5381 sed
2936 5324 3034 5379 nisi
3060 5332 3266 5393 tempus
3288 5329 3456 5387 notet,

1875 5437 1935 5475 ac
1966 5422 2316 5491 legislatorcm
2347 5419 2620 5488 designet,
2663 5426 2715 5472 et
2740 5419 2999 5487 integram
3031 5414 3171 5468 illam
3204 5421 3360 5483 atque
3390 5412 3459 5467 il-

1876 5515 2091 5567 libatam
2155 5522 2409 5582 preponat
2438 5554 2453 5576 ,
2501 5512 2787 5581 castigatur
2840 5508 3254 5579 gravissimaque
3304 5521 3458 5575 pmna

1876 5603 2156 5657 mulctatur
2185 5623 2197 5657 :
2232 5617 2326 5656 nos
2357 5618 2482 5655 vero
2506 5602 2630 5655 dum
2661 5616 2763 5653 non
2796 5600 2965 5667 legem
2997 5598 3278 5649 humanam
3305 5637 3320 5662 ,
3360 5598 3455 5651 sed

1876 5711 2157 5772 Supernam
2184 5710 2246 5748 ac
2267 5694 2332 5749 de
2355 5694 2485 5748 cwlo
2506 5693 2774 5762 delapsam
2798 5690 3101 5750 recitamus,
3128 5698 3323 5742 tantam
3347 5704 3455 5756 prze

1878 5791 2028 5845 [illitis
2050 5787 2426 5857 negligentiam
2455 5787 2701 5846 feremus,
2728 5790 2782 5834 ut
2804 5779 2920 5849 ejus
2944 5790 3116 5851 partes
3137 5796 3197 5836 ac
3221 5780 3457 5837 membza
