3992 6300
596 342 703 398 139

590 456 986 527 ὤδαετμειιιιιιδῖ
1014 453 1143 521 Quis
1178 454 1280 508 hoc
1310 455 1458 509 venia
1499 452 1714 521 dignum
1751 452 2003 507 censeat?
2034 448 2165 505 For-

593 558 740 604 tasse
765 547 902 602 ultra
948 545 1163 601 modum
1205 543 1497 599 orationem
1526 542 1788 614 produxi,
1837 550 1889 595 at
1919 556 2023 595 non
2054 542 2170 596 sine

586 656 769 706 eausa,
799 654 982 694 verum
1014 646 1072 692 ut
1096 652 1128 692 a
1161 652 1318 707 prava
1349 634 1738 691 consuetudine
1767 649 1861 690 vos
1887 633 2167 687 abducam.

584 732 662 787 Ne
686 733 845 802 igitur
867 730 1235 801 defatigemur,
1256 728 1427 784 donec
1453 728 1519 783 ad
1542 728 1702 785 linem
1733 727 2128 797 pervenerimus
2151 748 2164 783 :

586 833 865 895 propterea
896 837 1127 895 namque
1154 822 1260 877 nati
1290 837 1496 884 sumus.
1526 836 1630 875 non
1661 830 1718 875 ut
1745 820 1965 875 edamus
1995 835 2059 875 ac
2083 819 2167 875 bt-

585 917 778 971 bamus
799 958 813 981 ,
836 924 891 971 et
912 915 1195 970 induamur
1212 954 1228 979 ,
1256 912 1349 968 sed
1375 923 1433 967 ut
1456 912 1643 967 vitium
1668 910 1931 982 fugiamus
1950 952 1966 979 ,
1997 926 2059 966 ac
2087 911 2169 965 di-

582 1008 763 1061 vinam
780 1005 1008 1076 amplexi
1026 1002 1415 1075 philosophiam
1436 1002 1680 1057 virtutem
1701 1012 1984 1057 sectemur.
2004 1001 2166 1057 Natos

583 1098 725 1152 enim
746 1111 869 1152 esse
896 1110 997 1152 nos
1021 1109 1125 1151 non
1152 1104 1209 1149 ut
1231 1094 1453 1150 edamus
1480 1109 1542 1150 ac
1568 1094 1829 1160 bibamus,
1859 1093 1953 1149 sed
1974 1093 2041 1148 ad
2064 1095 2165 1152 alia

581 1190 826 1261 quadam
868 1190 1036 1245 multo
1079 1188 1282 1259 majora
1325 1188 1651 1258 melioraque
1693 1187 1989 1257 pratstanda
2015 1227 2030 1252 ,
2060 1202 2166 1257 quo

583 1294 742 1355 pacto
768 1284 906 1340 Deus
927 1282 1139 1346 doceat,
1160 1280 1302 1346 audi,
1325 1289 1378 1336 et
1403 1295 1562 1350 quam
1589 1278 1774 1335 aderat
1803 1294 2016 1334 causam
2042 1293 2166 1348 pro-

584 1391 702 1447 pter
727 1393 884 1448 quam
908 1376 1177 1431 hominem
1201 1375 1511 1444 procrearit.
1544 1373 1678 1429 Cum
1706 1372 1851 1428 enim
1881 1372 2030 1426 illum
2055 1370 2164 1425 for-

584 1480 750 1525 ntaret
774 1510 787 1533 ,
823 1468 907 1523 bis
946 1466 1123 1523 verbis
1166 1480 1291 1520 usus
1333 1474 1453 1520 est:
1490 1462 1765 1518 Faciamus
1801 1463 2053 1517 hominem
2096 1462 2165 1515 ad

581 1563 847 1632 imaginem
888 1569 1111 1615 nostram
1176 1568 1222 1613 et
1257 1559 1324 1612 ad
1352 1556 1729 1612 similitudinem
1753 1555 1914 1627 (Gen.
1948 1556 1997 1610 1.
2029 1554 2099 1608 26
2117 1553 2160 1626 ).

651 1655 707 1708 4.
753 1653 859 1708 Deo
919 1652 1172 1723 quomodo
1209 1650 1399 1705 similes
1438 1648 1729 1719 eﬂt'eiamur.
1755 1674 1825 1688 --
1847 1647 2012 1702 Porro
2050 1646 2163 1701 Deo

580 1745 784 1800 similes
810 1743 1082 1799 reddimus
1101 1757 1206 1797 non
1235 1740 1362 1797 dum
1406 1739 1739 1796 comedimus
1756 1779 1771 1803 ,
1798 1738 2050 1803 bibimus,
2072 1744 2162 1791 aut

584 1836 889 1899 induimur;
919 1835 1059 1892 Deus
1098 1835 1240 1890 enim
1272 1848 1447 1904 neque
1484 1833 1755 1900 comedit,
1784 1846 1961 1902 neque
1985 1830 2156 1897 bibit,

580 1942 752 1998 neque
782 1927 1015 1982 induitur
1043 1943 1060 1980 :
1090 1925 1185 1981 sed
1209 1926 1335 1980 dum
1358 1925 1618 1995 justitiam
1646 1938 1979 1986 exercemus,
2010 1921 2160 1977 beni-

578 2024 829 2090 gnitatem
850 2017 1185 2084 exhibemus,
1208 2017 1366 2072 mites
1384 2025 1438 2072 et
1456 2015 1680 2071 modesti
1702 2030 1765 2070 ac
1786 2012 2160 2070 misericordes

578 2113 632 2166 in
663 2112 905 2180 proximo
921 2125 1128 2177 sumus,
1156 2110 1407 2165 virtutem
1429 2125 1644 2165 omnem
1667 2118 1969 2166 sectamur:
2002 2107 2158 2178 siqui-

576 2205 699 2260 dem
723 2220 1009 2261 commune
1033 2205 1188 2260 nobis
1209 2213 1292 2259 est
1321 2205 1449 2259 illud
1473 2219 1593 2260 cum
1622 2204 1919 2258 belluarum
1946 2211 2155 2268 natura,

575 2298 717 2366 quod
760 2298 1089 2353 comedimus
1124 2306 1181 2351 et
1207 2296 1435 2351 bibimus
1459 2335 1475 2359 ,
1522 2310 1696 2365 neque
1736 2293 2025 2365 quidquam
2053 2292 2156 2346 illis

576 2389 676 2441 hac
702 2389 754 2441 in
785 2403 843 2441 re
870 2397 1204 2457 praestamus.
1240 2385 1393 2441 Unde
1429 2400 1557 2457 ergo
1578 2385 1636 2439 lit
1658 2426 1672 2449 ,
1703 2395 1760 2438 ιιι
1787 2384 1886 2439 illis
1914 2382 2154 2437 antecel-

578 2475 749 2533 lamus
768 2479 796 2532 Ὶ
819 2478 969 2546 Quod
997 2478 1242 2533 nimirum
1273 2477 1337 2533 ad
1365 2478 1644 2549 imaginem
1667 2486 1721 2532 et
1756 2476 2153 2532 similitudinem

579 2569 669 2626 Dei
696 2571 891 2625 conditi
920 2571 1106 2625 simus.
1138 2570 1215 2626 Ne
1245 2570 1402 2639 igitur
1426 2569 1776 2639 defatigemur
1796 2567 1920 2622 dttm
1949 2581 2151 2622 sermo-

576 2676 699 2716 nem
725 2661 793 2716 de
835 2661 1030 2716 virtute
1060 2662 1383 2717 instituimus
1410 2702 1425 2726 ,
1468 2661 1560 2715 sed
1591 2660 1805 2715 allatam
1837 2659 1889 2713 in
1917 2658 2149 2714 medium

574 2754 936 2823 proplteticam
963 2754 1097 2808 hanc
1121 2754 1438 2809 sententiam
1459 2753 1741 2823 diligenter
1767 2749 2147 2821 expendamus,

570 2848 688 2917 quis
712 2862 831 2901 eam
849 2844 1715 2916 protulerit,etquorumcausa,et
1737 2858 1843 2915 quo
1873 2854 2111 2913 tempore
2132 2884 2146 2909 ,

567 2949 624 2994 et
649 2953 806 3006 quem
837 2938 1110 3007 alloquens
1129 2978 1145 3005 ,
1172 2945 1229 2992 et
1260 2950 1371 3007 quo
1401 2936 1455 2991 in
1479 2945 1621 2991 statu
1648 2951 1735 2992 res
1778 2945 1886 2991 tum
1927 2945 2106 2992 essent
2130 2977 2146 3003 ,

566 3032 748 3088 omnia
778 3030 990 3085 demum
1023 3028 1438 3099 pervestigenius
1463 3069 1479 3095 ,
1523 3043 1641 3098 qua:
1679 3026 1745 3082 ad
1773 3024 2148 3082 inveniendum

564 3128 681 3180 usui
712 3137 835 3180 esse
862 3131 1104 3193 possunt.
1132 3121 1182 3176 ls
1209 3120 1446 3192 quidem.
1476 3120 1565 3190 qui
1598 3118 1854 3189 protulit,
1884 3117 2148 3173 Jeremias

563 3228 644 3272 est
671 3217 953 3288 propheta,
975 3213 1101 3268 dum
1122 3228 1226 3267 non
1251 3212 1465 3283 quidem
1488 3226 1585 3281 pro
1605 3226 1685 3278 se,
1704 3225 1887 3265 verum
1913 3224 2009 3279 pro
2028 3208 2148 3263 aliis

562 3327 749 3382 preces
768 3312 1004 3378 offerret,
1031 3324 1126 3379 pro
1144 3306 1341 3362 ludatis
1364 3306 1600 3376 ingratis,
1622 3304 1864 3374 stupidis,
1892 3302 1981 3375 qui
2002 3303 2148 3358 nullo

561 3405 721 3458 modo
732 3404 921 3474 corrigi
940 3408 1202 3473 poterant.
1220 3400 1307 3468 qui
1327 3397 1498 3468 puniri
1514 3396 1807 3462 debebant,
1830 3404 1886 3451 et
1906 3406 2147 3451 extremo

559 3496 817 3566 supplicio
833 3495 1095 3561 mulctari,
1118 3494 1184 3549 de
1203 3492 1396 3567 quibus
1415 3489 1541 3545 dicit
1563 3489 1639 3544 illi
1665 3488 1805 3544 Deus
1825 3507 1841 3544 :
1859 3486 1985 3543 Noli
2002 3504 2148 3543 orare

559 3602 652 3659 pro
690 3587 877 3658 papula
906 3587 999 3640 hoc
1024 3628 1041 3654 ,
1070 3588 1190 3657 quia
1222 3602 1325 3639 non
1363 3582 1638 3641 cundiam
1674 3589 1723 3633 te
1748 3578 1892 3651 (Jer.
1933 3578 1985 3632 7.
2014 3576 2142 3650 16).

558 3683 638 3735 At:
676 3678 918 3735 nonnulli
956 3678 1172 3749 quidem
1229 3677 1331 3732 hoc
1373 3676 1441 3731 de
1480 3669 2002 3730 Nabuchodonosore
2038 3668 2143 3725 dici

558 3777 839 3824 autumant
871 3782 885 3819 :
921 3785 1041 3823 nam
1067 3769 1316 3839 quoniam
1360 3767 1561 3823 bellum
1595 3766 1700 3820 illis
1729 3768 1847 3818 erat
1888 3760 2143 3815 barbarus

556 3862 820 3926 illaturus,
844 3861 1133 3930 urbemque
1156 3860 1447 3924 deleturus,
1471 3868 1630 3929 atque
1654 3856 1898 3913 abductis
1919 3853 2142 3925 captivis

556 3954 832 4010 abiturus.
862 3969 982 4007 cum
1012 3952 1332 4022 persuadere
1357 3952 1603 4007 omnibus
1633 3953 1791 4007 vellet
1814 3993 1829 4017 ,
1875 3966 1978 4005 non
2015 3964 2138 4005 eum

559 4048 770 4116 propria
800 4046 995 4099 virtute
1019 4045 1099 4099 vel
1130 4046 1364 4115 potentia
1392 4046 1657 4100 civitatem
1685 4054 2134 4116 expugnaturum,

557 4140 651 4195 scd
678 4141 748 4194 ob
785 4139 1002 4193 istorum
1034 4148 1245 4208 peccata
1273 4179 1288 4205 ,
1330 4138 1441 4192 Deo
1468 4137 1667 4193 bellum
1703 4137 1833 4193 illud
1877 4147 2095 4207 gerente
2120 4178 2135 4202 ,

558 4245 718 4305 atque
743 4235 999 4289 adversus
1025 4234 1212 4287 urbem
1238 4246 1389 4287 suam
1428 4232 1576 4285 illum
1616 4230 1913 4287 deducente
1933 4271 1949 4294 .
1979 4231 2098 4286 Scio
2118 4272 2134 4297 ,

557 4329 793 4391 Domine,
817 4327 1006 4397 inquit,
1029 4327 1149 4396 quia
1174 4342 1274 4379 non
1302 4334 1375 4379 est
1415 4326 1469 4379 in
1494 4324 1694 4379 homine
1718 4324 1797 4377 ria
1816 4325 1947 4395 ejus.
1978 4339 2137 4394 neque

557 4423 705 4474 homo
733 4419 843 4488 ibit,
875 4429 921 4473 et
941 4420 1121 4491 diriget
1149 4436 1370 4491 gressum
1392 4435 1556 4474 suum.
1584 4420 1819 4486 Quorum
1848 4419 2132 4472 verborum

559 4516 644 4568 hic
670 4528 860 4568 sensus
886 4522 966 4567 est
999 4529 1013 4566 τ
1047 4513 1170 4567 Hmc
1199 4513 1283 4567 via
1306 4552 1321 4576 ,
1348 4512 1552 4581 inquit,
1580 4526 1681 4581 qua
1709 4524 1850 4565 nunc
1878 4508 2134 4564 barbarus

555 4605 773 4672 incedit,
795 4606 918 4659 dum
946 4606 1098 4660 nobis
1128 4606 1229 4661 hoc
1248 4606 1444 4661 bellum
1468 4606 1643 4671 infert,
1678 4621 1780 4659 non
1803 4602 1870 4658 ab
1890 4596 2006 4672 ipso
2027 4613 2130 4671 est,

556 4712 728 4767 neque
752 4696 973 4752 feliciter
1000 4697 1196 4752 bellum
1224 4697 1362 4753 istud
1388 4697 1634 4764 confecit,
1662 4712 1723 4750 ac
1748 4696 2017 4751 victoriam
2045 4712 2132 4749 re-

554 4791 824 4861 portavit:
858 4805 921 4844 ac
948 4789 1047 4844 nisi
1094 4800 1149 4844 tu
1176 4805 1273 4844 nos
1316 4790 1370 4844 in
1413 4790 1528 4861 ejus
1570 4804 1755 4844 manus
1785 4786 2091 4842 tradidisses
2114 4829 2132 4855 ,

553 4897 840 4953 numquam
867 4891 1240 4952 expugnasset,
1274 4891 1365 4936 aut
1393 4883 1626 4936 vicisset.
1669 4882 1869 4936 Idcirco
1906 4896 2126 4951 precor,

552 4978 741 5046 inquit,
772 4991 835 5031 ac
854 4978 1077 5047 supplex
1106 4991 1222 5040 oro,
1253 4976 1464 5046 quando
1495 4977 1562 5030 ita
1593 4977 1682 5030 tibi
1711 4976 1812 5031 hoc
1837 4976 2007 5029 visum
2029 4985 2129 5041 est,

551 5080 609 5121 ιιι
638 5069 899 5139 supplicio
929 5068 1119 5123 modus
1147 5068 1483 5124 adhibeatur.
1520 5069 1728 5137 Corripe
1756 5084 1985 5138 namque
2011 5084 2129 5134 nos,

552 5162 755 5231 inquit,
779 5171 1117 5216 verumtamen
1147 5162 1199 5215 in
1216 5162 1416 5232 judicio
1435 5203 1449 5228 ,
1483 5171 1527 5215 et
1557 5178 1656 5214 non
1684 5162 1734 5213 in
1762 5165 1933 5231 furore
1978 5158 2128 5230 (Jer.

552 5255 639 5308 10.
666 5254 736 5308 21
758 5254 798 5323 ).
829 5254 934 5310 Sed
963 5256 1211 5325 quoniam
1243 5236 1365 5309 huic
1403 5254 1721 5323 expositioni
1761 5253 2133 5308 contradicunt

551 5347 818 5414 nonnulli,
839 5364 1013 5418 neque
1034 5347 1243 5404 barbari
1265 5361 1424 5402 causa
1445 5346 1642 5401 dictum
1665 5345 1767 5400 hoc
1786 5360 1907 5401 esse
1930 5347 2129 5413 volunt,

550 5437 644 5492 sed
670 5438 737 5493 de
758 5439 1026 5494 communi
1053 5439 1324 5494 hominum
1346 5447 1554 5505 natura,
1574 5439 1930 5494 necessarium
1951 5447 2033 5493 est
2077 5446 2134 5493 ut

552 5543 673 5582 cum
701 5528 820 5584 istis
843 5529 1198 5585 decertemus.
1227 5530 1360 5596 Quid
1385 5545 1512 5599 ergo
1552 5544 1830 5599 possumus
1858 5530 1938 5583 his
1966 5544 2133 5599 Oppo-

556 5618 725 5673 nere?
750 5618 1009 5687 Quoniam
1037 5637 1134 5691 pro
1162 5620 1464 5675 hominibus
1492 5619 1676 5675 orabat
1699 5660 1714 5685 ,
1759 5620 1847 5690 qui
1874 5634 2130 5690 peccave-

552 5720 710 5775 rant,
743 5728 840 5781 pro
882 5716 1073 5783 quibus
1113 5732 1266 5769 orare
1310 5730 1451 5785 saepe
1493 5713 1790 5783 prohibitus
1827 5722 1943 5768 erat
1969 5732 1983 5767 :
2011 5728 2133 5783 pro-

553 5812 735 5871 pterca
764 5816 909 5860 curat
936 5846 950 5869 ,
983 5814 1040 5860 ut
1081 5806 1263 5861 civitas
1303 5807 1447 5878 prior
1470 5807 1645 5878 lugeat
1672 5822 1685 5860 :
1715 5820 1837 5863 nam
1882 5804 2131 5876 quoniam

1322 336 1378 393 S.
1419 334 1697 393 JOANNIS
1735 330 2205 391 CHRYSOSTOMI
2248 332 2559 393 ARCHIEP.
2601 336 3126 399 CONSTANTINOP.

3716 359 3806 416 160

2275 450 2487 544 assidue
2531 452 2758 521 dicebat,
2787 456 2903 511 Noli
2930 474 3083 514 orare
3105 476 3201 531 pro
3228 462 3326 517 illis
3344 506 3359 529 ,
3386 480 3498 523 eam
3524 469 3676 537 ipsam
3700 494 3799 544 qua

2273 540 2596 613 benignitate
2616 546 2880 617 indigebat
2900 551 3126 619 priorem
3147 553 3423 621 submittit,
3448 568 3501 613 nt
3517 576 3681 618 ansam
3702 540 3805 626 inde

2270 635 2499 706 aliquam
2517 647 2571 693 et
2585 640 2876 707 speciosam
2895 646 3226 701 occasionem
3246 648 3460 717 arripiat
3480 667 3572 722 pro
3601 654 3693 711 illis
3715 659 3805 716 Deo

2273 744 2460 798 preces
2511 731 2788 798 offerendi,
2818 746 2979 805 atque
3006 737 3073 793 ad
3100 740 3266 810 ipsam
3314 740 3488 813 dirigit
3512 747 3803 818 orationem,

2269 822 2466 892 aitque,
2507 821 2598 878 νω
2619 827 2907 880 contritioni
2934 836 3035 882 tute
3058 844 3077 882 :
3101 830 3293 884 doloris
3316 833 3462 902 plena
3492 845 3560 889 est
3581 838 3714 908 plaga
3736 851 3805 895 tua

2270 913 2402 983 (Jer.
2428 915 2773 990 10.19-22).
2803 918 2936 973 Tum
2959 920 3076 975 inlit
3095 920 3181 975 illa
3208 939 3221 975 :
3248 921 3411 977 Plane
3431 926 3520 979 hoe
3554 939 3620 981 est
3652 930 3807 987 vulnus

2267 1021 2453 1073 nteum,
2478 1007 2855 1063 tabernaculum
2882 1028 3045 1066 meum
3072 1013 3237 1081 periit,
3263 1014 3416 1085 pelles
3442 1034 3560 1072 metu
3579 1023 3805 1077 conscissa!

2267 1108 2403 1166 sunt,
2431 1100 2528 1168 ﬁlii
2551 1102 2648 1154 mei
2676 1110 2724 1156 et
2747 1118 2859 1157 oves
2886 1121 3011 1158 mea:
3033 1106 3262 1160 exierunt
3286 1124 3318 1160 a
3353 1126 3462 1177 me,
3491 1120 3536 1164 et
3570 1130 3663 1167 non
3683 1127 3804 1170 sunt.

2268 1186 2508 1246 Pastares
2538 1194 2633 1248 ntei
2658 1194 2807 1249 stulte
2832 1206 3075 1266 egerunt,
3102 1208 3149 1250 et
3181 1197 3452 1255 Dominum
3478 1220 3573 1257 non
3596 1208 3807 1275 exquisie-

2267 1291 2407 1335 runt.
2447 1282 2560 1338 Vox
2587 1287 2867 1341 auditionis
2905 1289 3037 1341 venit
3056 1328 3071 1351 ,
3100 1298 3149 1343 et
3176 1293 3517 1347 commotionis
3552 1312 3727 1366 magna:
3755 1299 3807 1352 ab

2265 1373 2498 1441 aquilone
2514 1416 2530 1438 ,
2552 1386 2605 1428 ut
2632 1386 2786 1446 ponat
2801 1377 3022 1431 civitates
3052 1378 3193 1432 Juda
3206 1379 3257 1433 in
3278 1381 3654 1451 desolationem,
3674 1397 3713 1440 et
3728 1405 3805 1440 eu-

2266 1464 2365 1518 bile
2390 1483 2667 1535 passerum.
2690 1468 2889 1524 Deinde
2915 1478 3190 1540 postquam
3210 1471 3297 1526 illa
3324 1488 3471 1528 suam
3491 1476 3804 1535 calamitatem

2265 1554 2577 1624 deploravit,
2622 1554 2803 1628 adjicit
2836 1577 2848 1613 :
2883 1558 3125 1626 Domine,
3150 1577 3251 1616 non
3274 1574 3346 1616 est
3377 1564 3585 1619 hominis
3604 1570 3675 1620 via
3697 1571 3802 1635 ejus.

2262 1646 2397 1715 Quid
2426 1649 2627 1717 igitur?
2649 1652 2773 1719 quia
2799 1652 3139 1721 lamentatur,
3169 1655 3314 1711 dicet
3339 1658 3543 1728 aliquis,
3574 1663 3805 1730 pernicio-

2261 1757 2377 1795 sum
2418 1743 2609 1813 dogma
2654 1746 2706 1799 in
2754 1745 3011 1802 mundum
3066 1747 3309 1817 invexit,
3358 1760 3530 1806 nostra
3579 1763 3805 1823 potestate

2261 1848 2361 1889 nos
2387 1836 2620 1903 privans,
2646 1847 2700 1891 et
2726 1836 3020 1905 afﬁrmans,
3052 1855 3157 1895 non
3189 1855 3310 1896 esse
3332 1843 3529 1898 arbitrii
3559 1848 3707 1901 nostri
3734 1864 3805 1902 res

2260 1926 2519 1995 gerendas
2540 1925 2567 1978 ?
2587 1925 2930 1998 Nequaquam
2957 1971 2973 1995 ,
3009 1929 3105 1984 sed
3144 1940 3203 1986 et
3233 1915 3357 1986 dum
3404 1934 3731 2002 lamentatur,
3760 1938 3804 1992 id

2259 2018 2560 2073 confirmat.
2594 2018 2728 2074 Cum
2754 2022 2896 2076 enim
2938 2021 3199 2089 dixisset,
3248 2023 3370 2078 Non
3398 2036 3468 2079 est
3508 2029 3705 2083 hominis
3737 2030 3804 2084 uia

2258 2113 2369 2183 ejus
2396 2154 2411 2179 ,
2442 2111 2659 2168 minime
2690 2115 2874 2180 tacuit,
2907 2114 3000 2170 sed
3032 2115 3251 2185 adjecit,
3281 2115 3458 2188 Neque
3480 2119 3620 2174 homo
3642 2122 3737 2181 ibit.
3759 2132 3801 2176 et

2256 2202 2439 2275 diriget
2464 2220 2690 2275 gressum
2715 2222 2884 2260 suum.
2928 2205 3079 2272 Quod
3108 2216 3291 2262 autem
3315 2208 3436 2264 dicit
3463 2209 3591 2266 hanc
3616 2221 3802 2267 senten-

2259 2294 2381 2348 tiam
2414 2293 2571 2350 habet
2604 2313 2616 2348 :
2643 2295 2758 2350 Non
2792 2305 2958 2351 totum
2988 2306 3070 2352 est
3096 2297 3148 2351 in
3196 2308 3376 2353 nostra
3418 2310 3692 2371 potestate,
3722 2303 3799 2358 sed

2254 2388 2395 2443 aliud
2426 2388 2639 2461 quidem
2686 2388 2739 2444 in
2777 2399 2955 2445 nostra
2981 2431 2996 2456 ,
3018 2389 3162 2445 aliud
3195 2406 3325 2446 vero
3362 2391 3412 2446 in
3455 2393 3543 2447 Dei
3567 2396 3709 2449 situm
3732 2406 3801 2450 est

2255 2488 2534 2550 potestate.
2568 2479 2699 2536 Nam
2732 2490 2790 2536 ut
2814 2481 3012 2551 optima
3041 2497 3269 2553 qumque
3292 2483 3560 2554 eligamus,
3587 2486 3796 2553 velimus,

2254 2579 2309 2625 et
2330 2584 2492 2640 agere
2524 2571 2906 2626 contendamus
2931 2613 2946 2638 ,
2977 2585 3306 2644 omnemque
3342 2574 3568 2630 laborem
3595 2577 3799 2633 exantle-

2252 2675 2391 2728 mus,
2423 2662 2590 2716 nostri
2618 2669 2701 2716 est
2727 2662 2934 2717 arbitrii
2966 2679 2982 2719 :
3014 2672 3073 2717 ut
3095 2672 3279 2718 autem
3304 2664 3371 2719 ad
3396 2666 3589 2720 exitum
3621 2683 3675 2721 ea
3700 2682 3798 2737 per-

2251 2752 2527 2817 ducamus,
2558 2768 2731 2823 neque
2758 2754 3075 2811 intercidere
3097 2755 3364 2823 sinamus,
3399 2768 3554 2827 utque
3577 2759 3637 2811 ad
3662 2758 3793 2813 linem

2251 2855 2395 2901 recte
2424 2845 2679 2901 factorum
2703 2846 3097 2921 perveniamus,
3121 2847 3176 2902 id
3201 2863 3331 2903 vero
3354 2848 3572 2904 caelestis
3598 2858 3671 2903 est
3689 2864 3792 2920 gra-

2249 2937 2357 2991 tiae.
2387 2936 2620 2992 Partitus
2644 2937 2787 2992 enim
2835 2946 2919 2992 est
2962 2936 3243 2993 nobiscum
3286 2938 3529 2993 virtutem
3569 2939 3722 3003 Deus,
3749 2948 3795 2994 et

2249 3044 2421 3101 neque
2442 3044 2552 3085 rem
2576 3039 2737 3084 totam
2764 3030 2815 3085 in
2836 3038 3014 3085 nostra
3041 3032 3199 3086 sitam
3223 3046 3344 3087 esse
3366 3031 3527 3086 voluit
3544 3041 3791 3102 potestate,

2250 3139 2318 3179 ne
2346 3124 2398 3177 in
2448 3124 2752 3194 superbiam
2783 3123 3106 3191 efferamur,
3154 3139 3330 3196 neque
3377 3132 3538 3181 totum
3566 3124 3655 3179 sibi
3698 3124 3793 3193 ipse

2248 3214 2494 3282 sumpsit,
2526 3229 2596 3269 ne
2624 3229 2722 3269 nos
2748 3214 2956 3270 inertia:
2984 3214 3248 3270 dedamus
3277 3233 3291 3269 :
3319 3216 3413 3271 sed
3438 3216 3670 3285 exiguum
3686 3212 3791 3283 quid

2247 3307 2517 3363 laboribus
2558 3308 2755 3363 nostris
2795 3308 3100 3378 relinquens
3122 3350 3136 3372 ,
3161 3309 3425 3379 majorem
3470 3320 3659 3379 partem
3696 3308 3791 3378 ipse

2246 3400 2478 3456 conficit.
2524 3400 2592 3458 Ut
2616 3402 2757 3457 enim
2787 3402 3017 3457 sciamus
3039 3441 3054 3466 ,
3083 3416 3193 3472 quo
3233 3413 3387 3472 pacto
3415 3402 3460 3456 si
3506 3416 3587 3456 res
3612 3409 3707 3454 tota
3749 3400 3792 3453 in

2246 3503 2508 3563 potestate
2536 3503 2718 3549 nostra
2748 3493 2956 3559 fuisset,
2988 3493 3188 3548 multos
3211 3494 3263 3548 id
3295 3494 3347 3548 in
3370 3491 3658 3563 superbiam
3676 3490 3794 3560 egis-

2243 3593 2346 3650 set,
2376 3594 2429 3639 et
2453 3583 2750 3649 extulisset,
2776 3583 3053 3639 audiamus
3077 3583 3207 3655 qttid
3239 3584 3535 3640 Phariszeus
3555 3583 3715 3647 dicat,
3745 3581 3787 3633 in

2242 3684 2494 3745 quantam
2525 3675 2859 3730 insolentiam
2889 3674 3058 3731 elatus
3091 3686 3270 3743 esset,
3300 3692 3406 3746 quo
3446 3683 3593 3745 pacto
3621 3671 3794 3743 magni-

2243 3768 2344 3823 fice
2362 3768 2685 3839 loqueretur,
2711 3784 2873 3839 seque
2896 3770 2990 3823 toti
3018 3768 3133 3824 orbi
3160 3778 3427 3824 terrarum
3451 3769 3666 3823 fastum
3686 3779 3792 3833 prato

2243 3862 2405 3919 ferret
2446 3862 2620 3930 (Luc.
2652 3862 2784 3932 18).
2809 3863 3095 3933 PrOpterea
3138 3879 3246 3918 non
3293 3872 3351 3918 ut
3374 3871 3546 3918 totum
3592 3877 3619 3915 a
3661 3857 3791 3914 nobis

2242 3955 2529 4026 penderet,
2563 3954 2759 4021 effecit,
2788 3954 3025 4027 quinimo
3065 3955 3332 4025 permisit,
3362 3964 3417 4009 ut
3441 3955 3489 4008 in
3519 3967 3682 4007 nostra
3711 3965 3789 4019 po-

2242 4058 2432 4106 testate
2457 4048 2652 4119 aliquid
2676 4054 2852 4115 esset,
2882 4057 2941 4103 ut
2970 4063 3068 4103 nos
3085 4048 3208 4117 jure
3230 4063 3298 4103 ac
3325 4048 3513 4101 merito
3533 4041 3788 4099 coronaudi

2239 4144 2536 4214 speciosam
2555 4142 2889 4197 occasionem
2919 4142 3200 4211 arriperet.
3230 4142 3408 4210 Atque
3433 4138 3530 4193 hoc
3557 4139 3637 4191 illa
3659 4147 3789 4205 para—

2238 4236 2359 4291 bola
2389 4233 2752 4295 declaravit,in
2773 4248 2875 4302 qua
2896 4230 3300 4295 dicit,hontines
3324 4230 3464 4287 circa
3490 4227 3788 4283 undecimam

2237 4326 2423 4382 horam
2455 4326 2697 4380 inventos
2735 4338 2794 4379 se
2821 4324 2872 4385 in
2903 4323 3110 4377 vineam
3149 4322 3215 4376 ad
3247 4322 3567 4393 operandam
3608 4318 3790 4372 misisse

2241 4417 2450 4489 (Matth.
2477 4417 2567 4471 20.
2598 4416 2651 4470 0.
2678 4431 2784 4485 sqq.
2804 4412 2847 4485 ).
2877 4413 3112 4468 Tametsi
3148 4413 3275 4483 quid
3307 4412 3511 4482 operari
3542 4408 3787 4464 undecima

2239 4510 2371 4564 liora
2422 4508 2749 4578 potuerunt?
2789 4508 2858 4561 At
2901 4505 3249 4560 nihilominus
3294 4505 3361 4560 ad
3402 4504 3648 4573 integram
3697 4498 3789 4553 illis

2234 4601 2461 4657 dandam
2490 4599 2787 4655 mercedem
2815 4598 2976 4653 breve
3006 4606 3334 4651 momentum
3361 4597 3469 4650 Deo
3493 4593 3704 4651 sull‘ecit.

2310 4693 2407 4747 llic
2436 4694 2694 4764 propheta:
2719 4693 2857 4745 locus
2886 4689 3159 4744 libertatem
3195 4689 3393 4743 arbitrii
3419 4705 3516 4742 non
3542 4686 3697 4755 eripit.
3721 4710 3783 4722 -—

2238 4786 2409 4854 Atque
2453 4793 2512 4838 ut
2554 4784 2816 4851 intelligas
2847 4782 2946 4835 hoc
2976 4780 3287 4850 prophetam
3326 4794 3449 4833 vere
3480 4779 3668 4839 dicere,
3709 4788 3788 4826 ne-

2235 4892 2338 4946 que
2370 4892 2466 4930 nos
2493 4875 2703 4929 arbitrii
2734 4854 2973 4929 libertate
3004 4874 3232 4942 privare,
3253 4871 3345 4926 sed
3374 4870 3442 4924 de
3463 4880 3633 4924 rerum
3660 4865 3786 4919 exitu

2237 4968 2620 5042 philosophari,
2646 4968 2766 5021 audi
2799 4965 2924 5037 quid
2961 4965 3195 5034 adjiciat.
3244 4963 3375 5019 Nam
3402 4978 3520 5017 cum
3552 4959 3786 5018 dixisset,

2237 5061 2360 5117 Non
2385 5070 2456 5117 est
2479 5062 2532 5114 in
2561 5059 2759 5112 homine
2783 5058 2861 5111 uia
2883 5057 3012 5124 ejus,
3052 5056 3229 5109 statim
3255 5052 3493 5124 adjungit
3537 5068 3553 5104 :
3602 5046 3790 5112 Corripe

2234 5174 2344 5219 nos,
2374 5153 2607 5216 Domine,
2653 5159 2993 5203 verumtamen
3017 5148 3071 5200 in
3085 5145 3304 5217 judicio,
3343 5153 3391 5197 et
3423 5142 3598 5195 nonin
3637 5138 3790 5205 furore

2238 5248 2447 5319 (Jerem.
2488 5245 2574 5300 10.
2606 5243 2725 5313 24).
2762 5242 2818 5296 Si
2859 5240 3001 5295 enim
3034 5237 3239 5293 arbitrii
3277 5236 3445 5290 nostri
3472 5232 3595 5287 nihil
3623 5235 3785 5289 esset,

2234 5318 2426 5396 frustra
2453 5341 2674 5403 diceret,
2717 5334 2927 5405 Corripe
2966 5349 3078 5398 nos,
3106 5330 3344 5396 Domine,
3392 5334 3712 5382 verumtamen
3740 5318 3788 5370 in

2226 5435 2444 5507 judicio.
3342 5418 3343 5421 “

2306 5526 2360 5581 5.
2404 5524 2486 5579 Ea:
2524 5523 2711 5576 indicto
2749 5515 2997 5588 supplicio
3024 5515 3227 5571 libertas
3253 5510 3451 5564 arbitrii
3474 5510 3696 5577 infertur.
3725 5526 3789 5542 --

2235 5616 2373 5686 Quid
2397 5616 2536 5673 enim
2564 5614 2675 5668 ﬁeri
2706 5620 2879 5681 potest
2904 5608 3168 5677 injustius,
3200 5618 3356 5676 quam
3383 5612 3439 5654 ut
3468 5599 3537 5653 illi
3567 5597 3785 5686 plectan-

2235 5685 2341 5774 tur,
2381 5723 2602 5777 quorum
2646 5721 2711 5759 ex
2753 5702 2973 5757 arbitrio
3020 5717 3123 5754 non
3153 5697 3381 5769 pendent
3410 5708 3495 5747 res
3529 5685 3783 5782 gerendae.

2239 5810 2329 5856 aut
2365 5808 2421 5854 ut
2462 5797 2701 5853 homines
2744 5794 2817 5850 illi
2864 5808 3046 5863 punias
3092 5791 3404 5853 sustineant,
3457 5794 3671 5852 quorum
3710 5789 3782 5827 ria
