4102 6306
289 441 384 495 159

285 559 433 611 τοῦτο
460 555 784 626 ἐγενόμεθα,
818 558 916 627 οὐχ
955 558 1041 611 ἴνα
1079 559 1341 629 φάγωμεν
1375 562 1469 614 καὶ
1503 561 1736 631 πίωμεν,
1768 562 1862 614 καὶ

286 639 719 713 περιϐαλώμεθα,
756 642 873 695 ἀλλ’
903 643 989 695 ἵνα
1041 643 1302 713 φύγωμεν
1345 645 1566 707 κακίαν,
1610 645 1859 715 ἑλώμεθα

281 723 333 776 δὲ
358 723 560 792 ἀρετὴν
580 764 595 786 ,
623 724 729 793 τῆς
778 724 927 787 θείας
960 726 1342 796 ἐπιλαϐόμενοι
1376 728 1711 797 φιλοσοφίας.
1738 729 1861 781 ’Ὁτι

282 806 383 878 γὰρ
408 808 509 876 οὐχ
546 807 637 862 ἴνα
669 809 934 879 φάγωμεν
977 810 1071 862 καὶ
1124 810 1339 880 πίωμεν
1393 812 1715 883 ἐγενόμεθα,
1746 812 1862 865 ἀλλ’

283 891 361 958 ἰφ“
390 890 601 960 ἐτέροις
626 891 806 961 πολλῷ
839 892 1048 961 μείζοσι
1074 894 1167 945 καὶ
1204 893 1488 962 βελτίοσιν,
1513 896 1744 948 ἄκουσον
1766 895 1861 948 τοῦ

285 972 414 1026 Θεοῦ
463 975 559 1027 καὶ
599 975 700 1045 τὴν
751 976 930 1029 αἰτίαν
980 962 1425 1049 λέγοντοςξέφπῇ
1465 978 1557 1030 τὸν
1580 977 1864 1048 ἄνθρωπον

287 1056 522 1126 ἐποίησε.
577 1059 929 1112 Διαπλάττων
964 1060 1074 1131 γὰρ
1123 1060 1305 1124 αὐτὸν,
1350 1058 1496 1115 οὕτω
1532 1061 1649 1125 πώς
1691 1079 1859 1133 φησι·

287 1140 635 1209 Ποιήσωμεν
666 1140 983 1209 ᾶνθρωπον
1014 1143 1141 1199 κατ’
1193 1144 1399 1198 εὶκόνα
1438 1144 1731 1214 ἡμετέραν
1764 1145 1863 1199 καί

288 1225 409 1277 καθ’
451 1225 759 1291 ὁμοίωσιν.

347 1307 408 1361 δ’.
435 1306 654 1377 Ὅμοιοι
670 1308 727 1360 δέ
742 1307 877 1361 Θεοῦ
894 1309 1156 1380 γινόμεθα
1176 1310 1274 1363 οὐκ
1291 1310 1559 1374 ἐσθίοντες
1576 1314 1668 1363 καὶ
1684 1310 1864 1364 πίνον·

284 1406 368 1455 τες
394 1391 494 1443 καὶ
523 1390 969 1463 περιϐαλλόμενοι
992 1410 1005 1423 ⁸
1038 1394 1169 1457 Θεὸς
1214 1396 1319 1466 γάρ
1348 1392 1470 1447 οὔτε
1503 1394 1702 1456 ἐσθίει,
1742 1392 1865 1446 οὔτε

286 1475 445 1541 πίνει,
469 1472 596 1527 οὔτε
626 1475 1011 1546 περιϐάλλεται
1033 1493 1048 1506 ο
1080 1476 1217 1529 ἀλλὰ
1243 1476 1589 1547 δικαιοσύνην
1625 1475 1865 1530 ἀσκοῦν-

284 1574 403 1623 τες,
473 1558 890 1629 φιλανθρωπίαν
955 1559 1388 1630 ἐπιδεικνύμενοι
1414 1601 1429 1625 ,
1490 1560 1717 1630 χρηστοὶ
1770 1559 1866 1613 καὶ

286 1643 545 1704 ἐπιεικεῖς
587 1640 773 1707 ὄντες,
809 1644 935 1706 τοὺς
956 1642 1180 1713 πλησίον
1214 1642 1511 1705 ἐλεοῦντες,
1536 1644 1714 1695 πᾶσαν
1743 1642 1867 1712 ἀρε-

283 1727 377 1794 τὴν
424 1724 720 1790 διώκοντες
743 1741 758 1754 ·
793 1726 915 1779 ἐπεὶ
944 1726 1005 1779 τὸ
1057 1729 1251 1797 φαγεῖν
1280 1729 1375 1781 καὶ
1400 1727 1463 1780 τὸ
1500 1729 1643 1780 πιεῖν
1689 1727 1865 1780 κοινὸν

286 1808 416 1878 πρὸς
459 1809 566 1877 τὴν
608 1809 718 1860 τῶν
762 1809 973 1877 ἀλόγων
1007 1810 1168 1878 φύσιν
1212 1813 1344 1881 ἡμῖν
1388 1812 1525 1875 ἐστι,
1582 1810 1677 1863 καὶ
1714 1810 1865 1863 οὐδὲν

285 1890 505 1945 ἐκείνων
558 1891 703 1944 κατά
745 1892 903 1945 τοῦτο
945 1894 1199 1963 ἀμείνους
1243 1896 1430 1965 ἐσμέν.
1490 1893 1651 1947 Ἀλλά
1700 1892 1867 1946 πόθεν

285 1974 434 2042 ἡμῶν
459 1975 495 2044 ἡ
527 1975 806 2046 ύπεροχή;
838 1976 932 2029 Ἐκ
956 1977 1049 2029 τοῦ
1070 1978 1192 2030 κατ’
1230 1977 1416 2030 εἰκόνα
1446 1975 1581 2029 Θεοῦ
1611 1975 1865 2044 γενέσθαι

285 2057 369 2109 καὶ
413 2057 697 2127 ὁμοίωσιν.
756 2058 847 2130 Μὴ
904 2059 1083 2112 τοίνυν
1134 2061 1510 2131 ἀποκάμωμεν
1548 2062 1673 2123 τοὺς
1722 2058 1865 2130 ὑπὲρ

284 2143 480 2209 ἀρετῆς
501 2139 779 2204 κινοῦντες
815 2142 1023 2211 λόγους,
1048 2142 1161 2195 ἀλλ’
1194 2144 1492 2214 ἀγαγόντες
1527 2143 1625 2214 τὴν
1647 2160 1863 2214 προφη-

284 2224 432 2293 τκὴν
476 2224 687 2294 ταύτην
716 2226 872 2295 ῥῆσιν
901 2228 979 2289 εἰς
1006 2228 1189 2296 μέσον,
1220 2213 1663 2297 μετάάκριϐείας
1696 2213 1866 2298 αὐτὴν

283 2307 781 2379 διερευνησώμεθα,
830 2309 925 2363 καὶ
957 2309 1218 2380 μάθωμεν
1243 2322 1269 2351 ι
1298 2310 1380 2372 τίς
1408 2312 1437 2363 6
1474 2310 1709 2381 εἰρηκὼς
1731 2352 1743 2372 ,
1772 2308 1865 2363 καὶ

285 2390 412 2461 ὑπὲρ
438 2393 631 2455 τίνων,
677 2394 771 2446 καὶ
814 2395 964 2457 πότε,
995 2395 1091 2449 καλ⁵
1132 2395 1269 2465 πρὸς
1296 2395 1437 2459 τίνα,
1469 2395 1564 2448 καὶ
1606 2393 1723 2457 πῶς
1757 2393 1867 2448 τῶν

286 2475 629 2547 πραγμάτων
679 2476 1064 2548 διακειμένων,
1109 2479 1202 2531 καὶ
1250 2478 1427 2532 πάντα
1460 2476 1648 2542 ἁπλῶς
1682 2477 1868 2542 ἐξετά-

284 2558 459 2621 ζοντες
491 2557 563 2611 τά
590 2559 732 2629 πρὸς
760 2559 859 2628 τὴν
890 2559 1106 2630 εὕρεσιν
1136 2559 1506 2616 συντελοῦντα.
1552 2560 1613 2614 Ὀ
1645 2560 1745 2632 μὲν
1773 2556 1867 2615 οὖν

279 2640 515 2713 εἰρηκὼς
560 2641 835 2712 Ἱερεμίας
874 2643 1022 2695 ἐστὶν
1067 2645 1095 2696 6
1150 2645 1460 2715 προφήτης,
1488 2644 1547 2696 οὺ
1579 2644 1684 2714 μὴν
1727 2645 1865 2716 ὑπὲρ

281 2725 493 2789 ἑαυτοῦ,
529 2725 650 2779 ἀλλ’
687 2727 826 2796 ὑπὲρ
860 2726 1062 2796 ἐτέρων
1086 2726 1185 2797 τὴν
1214 2727 1494 2798 ἱκετηρίαν
1523 2728 1865 2797 ποιούμενος,

282 2809 413 2880 ὑπὲρ
443 2807 719 2863 Ἰουδαίων
740 2808 849 2862 τῶν
878 2809 1229 2878 ἀγνωμόνων,
1246 2808 1355 2861 τῶν
1378 2810 1868 2882 άναισθὴτων,τῶν

282 2891 620 2962 ἀδιορθώτως
647 2892 902 2961 ἐχόντων,
933 2891 1043 2945 τῶν
1070 2890 1393 2961 ὀφειλόντων
1425 2893 1754 2963 κολασθῆναι
1772 2893 1868 2946 καλ⁵

280 2976 370 3046 τὴν
391 2976 638 3048 ἐσχάτην
670 2976 958 3047 ὑπομεῖναι
980 2976 1269 3047 τιμωρίαν,
1290 2977 1417 3047 περὶ
1445 2969 1519 3029 ὧν
1545 2975 1869 3047 φησιναύτῷ

280 3064 306 3113 6
328 3059 457 3122 Θεός
478 3076 493 3088 ·
519 3059 618 3127 Μὴ
648 3061 995 3129 προσεύχου
1032 3062 1165 3129 περὶ
1199 3060 1305 3115 τοῦ
1338 3061 1490 3114 λασῦ
1516 3061 1752 3123 τούτου,
1781 3059 1871 3113 ὅτι

278 3146 387 3198 οὐκ
416 3143 861 3212 εἰσακούσομαί
905 3158 1055 3197 σου·
1088 3142 1181 3197 καί
1225 3161 1374 3207 τινες
1418 3142 1516 3215 μέν
1553 3161 1686 3213 φασι
1714 3143 1871 3197 τοῦτο

281 3229 405 3299 περὶ
464 3225 563 3279 τοῦ
616 3226 1088 3298 Ναϐουχοδονόσορ
1146 3226 1453 3297 λέγεσθαι·
1504 3226 1691 3297 ἐπειδὴ
1761 3226 1871 3297 γὰρ

281 3310 505 3379 ἔμελλεν
534 3310 952 3383 ἐπιστρατεύειν
980 3312 1163 3375 αὐτοῖς
1209 3313 1237 3364 6
1286 3310 1580 3381 βάρϐαρος,
1632 3310 1724 3363 καὶ
1772 3311 1872 3380 τὴν

281 3395 433 3446 πόλιν
467 3393 777 3463 ἀφανίζειν,
805 3393 956 3467 [164]
984 3395 1078 3449 καὶ
1104 3394 1284 3448 λαϐὼν
1305 3393 1687 3466 αἰχμαλώτους
1712 3393 1873 3446 ἀπιέ-

284 3496 393 3539 ναι,
425 3478 745 3547 βουλόμενος
798 3480 982 3531 πεῖσαι
1046 3478 1288 3543 πάντας,
1338 3478 1419 3531 ὅτι
1472 3478 1532 3531 οὐ
1589 3477 1742 3548 παρά
1774 3478 1873 3549 τὴν

287 3562 493 3615 οἰκείαν
556 3563 708 3631 ἰσχὺν
749 3563 843 3615 καὶ
868 3562 1095 3632 δύναμιν
1143 3563 1243 3634 τῆς
1270 3562 1476 3625 πόλεως
1512 3563 1870 3633 περιγίνεται,

294 3645 434 3697 ἀλλά
466 3645 610 3715 παρά
631 3645 698 3698 τά
715 3645 925 3699 τούτων
942 3646 1332 3716 ἁμαρτήματα,
1361 3645 1456 3699 τοῦ
1479 3645 1612 3699 Θεοῦ
1640 3663 1875 3716 στρατηο

298 3727 521 3795 γοῦντος
560 3730 648 3782 τόν
688 3729 946 3799 πόλεμον,
972 3730 1067 3782 καὶ
1092 3729 1557 3800 χειραγωγοῦντος
1587 3729 1748 3782 αὑτὸν
1782 3729 1874 3782 ἐπὶ

298 3812 400 3881 τὴν
445 3812 642 3865 οἰκείαν
699 3813 877 3878 πόλιν,
906 3814 1105 3883 φησίν·
1149 3810 1315 3876 Οἶδα,
1366 3814 1563 3879 Κύριε,
1612 3812 1701 3866 ὅτι
1736 3811 1874 3881 οὑχί

299 3895 407 3949 τοῦ
458 3895 769 3964 ἀνθρώπου
807 3897 847 3966 ή
906 3897 1045 3963 ὁδὸς
1095 3897 1303 3959 αὑτοῦ,
1358 3896 1500 3950 οὐδὲ
1567 3895 1876 3966 ἅνθρωπος

303 3981 670 4046 πορεύσεται,
693 3980 795 4033 καί
835 3979 1199 4049 κατορθώσει
1229 3981 1345 4048 τὴν
1378 3980 1625 4047 πορείαν
1664 3979 1871 4033 αὑτοῦ.

311 4063 372 4113 ⁸0
391 4063 445 4115 δὲ
473 4062 621 4131 λέγει
658 4064 901 4117 τοιοῦτόν
939 4065 1088 4117 ἐστιν
1107 4082 1120 4095 ο
1147 4067 1181 4135 ἡ
1214 4064 1330 4128 ὁδὸς
1358 4064 1517 4135 αὓτη,
1550 4064 1734 4134 φησὶν,
1758 4063 1823 4133 ἣν
1847 4063 1876 4114 6

309 4144 571 4219 βάρϐαρος
600 4148 809 4219 βαδίζει
837 4148 933 4201 νῦν
964 4147 1372 4219 ἐπιστρατεύων
1405 4150 1556 4219 ἡμῖν,
1593 4147 1713 4218 ούχὶ
1747 4148 1878 4218 παρ’

311 4228 492 4282 ἑαυτοῦ
523 4232 691 4296 ἐστιν,
733 4231 854 4285 οὐδὲ
896 4233 1103 4294 ἐκεῖνος
1157 4229 1486 4302 κατώρθωσε
1524 4231 1614 4284 τὸν
1643 4231 1878 4302 πόλεμον

313 4310 486 4366 τοῦτον
511 4314 602 4367 καὶ
638 4314 739 4384 τὴν
771 4314 948 4385 νίκην,
982 4314 1099 4367 ἀλλ’
1117 4316 1164 4368 εἰ
1194 4314 1268 4386 μὴ
1290 4317 1354 4367 σὺ
1382 4313 1703 4385 παρέδωκας
1731 4315 1880 4384 ἡμᾶς

318 4396 425 4458 ταῖς
458 4397 660 4450 ἐκείνου
714 4398 923 4468 χερσὶν,
964 4399 1065 4451 οὐκ
1110 4396 1177 4452 ἂν
1218 4398 1542 4469 ἐκράτησεν,
1571 4396 1692 4450 οὑδέ
1723 4413 1878 4469 περι-

323 4477 530 4543 εγένετο.
549 4479 648 4533 Διά
669 4480 850 4542 τοῦτο,
876 4482 1028 4551 φησὶ,
1044 4480 1231 4552 δέομαι
1264 4482 1356 4535 καὶ
1380 4480 1663 4542 ἀντιϐολῶ,
1690 4479 1879 4552 ἐπειδὴ

324 4561 463 4615 τοῦτο
499 4563 663 4629 εδοξε,
721 4564 861 4634 μετά
904 4564 1103 4635 μέτρου
1160 4564 1413 4633 γενέσθαι
1455 4564 1552 4634 τὴν
1584 4563 1876 4635 τιμωρίαν.

328 4644 634 4701 Παίδευσον
682 4646 860 4718 ἡμᾶς,
899 4647 1068 4716 πλὴν
1113 4647 1185 4701 ἐν
1229 4649 1464 4717 κρίματι
1482 4648 1529 4713 δ,
1552 4647 1648 4701 καί
1676 4646 1762 4716 μὴ
1811 4647 1882 4701 ἐν

332 4728 488 4795 θυμῷ.
513 4731 646 4784 Ἀλλ’
671 4732 857 4800 ἐπειδή
890 4748 1034 4793 τινες
1061 4731 1198 4802 πρὸς
1220 4731 1379 4785 τοῦτο
1407 4731 1770 4799 ἀντιλέγουσι,
1787 4733 1883 4785 καὶ

333 4810 568 4884 σῦχὶπερὶ
604 4814 701 4868 τοῦ
732 4814 1014 4886 βαρϐάρου
1050 4816 1215 4882 φασὶν
1262 4814 1538 4886 εἰρῆσθαι,
1590 4814 1727 4868 ἀλλά
1754 4814 1885 4883 περὶ

336 4894 417 4961 τῆς
444 4899 609 4969 κοινῆς
640 4898 855 4967 φύσεως
887 4896 998 4950 τῶν
1028 4886 1349 4967 ἀνθρώπων,
1376 4899 1591 4968 ἀνάγκη
1620 4899 1715 4951 καὶ
1747 4897 1886 4967 πρὸς

337 4976 526 5044 τούτους
552 4981 1035 5052 ἀπομαχήσασθαι.
1079 4980 1143 5033 Τί
1192 4976 1285 5033 οῦν
1317 4982 1432 5033 ἐστι
1484 4981 1618 5052 πρὸς
1663 4980 1886 5042 τούτους

338 5062 504 5137 fiam;
524 5067 600 5119 ὅτι
618 5067 761 5137 ὑπὲρ
784 5064 1087 5135 ἀνθρώπων
1118 5065 1517 5135 ἡμαρτηκότων
1548 5065 1724 5135 ἠξίου,
1745 5064 1885 5135 ὑπὲρ

338 5132 401 5192 ὧν
417 5146 634 5221 ἐκωλύθη
654 5132 1234 5213 πολλάκιςάξιοῦνέδιά
1244 5132 1407 5201 τοῦτο
1422 5148 1520 5218 τὴν
1537 5132 1688 5201 πόλιν
1709 5132 1887 5217 παραν-

338 5230 556 5305 ξτκευάζει
579 5233 847 5305 θρηνῆσαι
872 5231 1107 5302 πρῶτον⁸
1129 5232 1315 5302 ἐπειδὴ
1328 5232 1436 5302 γὰρ
1452 5232 1689 5301 συνεχῶς
1710 5231 1885 5299 ἔλεγε,

333 5300 413 5370 Μὴ
438 5310 569 5374 ἀξίου
584 5300 721 5386 ὺπέρ
738 5300 947 5375 αὐτῶν,
976 5315 1073 5383 τὴν
1097 5300 1359 5385 δεομένην
1380 5300 1548 5385 αὐτὴν
1576 5300 1675 5385 τῆς
1697 5314 1886 5382 φιλαν-

336 5389 552 5460 θρωπίας
580 5399 798 5469 καθίησι
835 5397 1087 5469 πρώτην,
1125 5399 1211 5451 ἴνα
1240 5399 1451 5453 ἐκεῖθεν
1484 5401 1739 5469 ἀφορμήν
1767 5415 1891 5451 τινα

336 5480 420 5529 xz‘.
449 5483 698 5551 πρὸφασιν
724 5484 953 5551 εὔλογον
987 5483 1128 5554 λάϐῃ
1152 5483 1253 5552 τῆς
1287 5484 1423 5554 πρὸς
1449 5484 1539 5536 τὸν
1581 5484 1713 5536 Θεὸν
1749 5483 1890 5553 ὑπὲρ

333 5560 501 5641 αὐτῶν¹
516 5566 805 5639 ἱκετηρίας,
828 5568 927 5620 καὶ
955 5566 1089 5637 πρὸς
1117 5566 1287 5631 αὐτὴν
1307 5566 1577 5620 ἀποτείνει
1598 5566 1690 5619 τὸν
1712 5565 1890 5633 λόγον,

333 5645 420 5697 καί
447 5664 621 5719 φησιν’
648 5653 796 5707 Οὐαὶ
841 5650 927 5716 τῷ
964 5651 1362 5719 συντρίμματί
1390 5668 1508 5705 σου
1527 5669 1540 5682 ·
1570 5652 1805 5721 ἀλγηρὰ
1853 5652 1893 5719 ἠ

331 5836 750 5954 ωἱὲαὲὲμξῗωμεν
789 5844 944 5893 deest
965 5845 1015 5892 in
1054 5841 1241 5892 duobus
1262 5857 1397 5903 mss.,
1438 5843 1619 5904 legitur
1654 5846 1817 5892 autem
1845 5846 1894 5894 in

387 5958 413 5998 δ
441 5962 562 6016 Unus
582 5970 630 6017 ἐν
645 5967 816 6031 κρίσει.

1114 440 1180 498 IN
1220 443 1449 511 ILLUD,
1490 445 1774 514 DOMINE,
1815 444 1955 501 NON
2000 446 2125 502 EST
2165 446 2231 501 ΙΝ
2273 446 2560 512 ΗΟΜΙΝΕ,
2590 447 2741 503 ETC.

3440 443 3539 498 160

1970 564 2171 632 πληγή
2195 580 2332 617 σου.
2365 559 2497 617 Εἶτα
2522 562 2706 632 ἐκείνη
2735 561 2901 633 φησίν
2920 577 2933 592 ’
2968 562 3193 625 Ὄντως
3226 561 3402 615 τοῦτό
3420 579 3539 629 μου

1963 650 2027 702 τὸ
2060 650 2289 719 τραῦμά
2332 651 2523 715 ἐστινζ
2582 652 2622 718 ἡ
2668 649 2871 718 σκηνή
2917 666 3035 718 μου
3082 647 3287 708 ὤλετο,
3314 652 3373 701 αὶ
3415 648 3539 718 δέρο

1954 739 2083 805 ρεις
2125 756 2244 806 μου
2286 737 2787 803 διεσπάσθησαν,
2848 739 2902 790 οι
2954 736 3073 791 υίοί
3129 754 3247 806 μου
3307 738 3406 792 καὶ
3468 738 3539 790 τὰ

1960 824 2224 894 πρόϐατά
2242 844 2362 895 μου
2389 824 2647 893 ἐξῆλθεν
2678 826 2778 879 ἀπ’
2807 825 2973 893 ἐμοῦ,
3011 824 3109 877 καὶ
3139 826 3249 878 οὐκ
3276 825 3454 878 εἰσίν.
3477 827 3543 879 Ol

1960 912 2235 983 ποιμένες
2262 930 2380 981 μου
2409 915 2881 982 ήφρονεύσαντο,
2920 912 3017 965 καί
3050 912 3154 966 τὸν
3180 914 3397 980 Κύριον
3430 914 3540 964 οὐκ

1961 1000 2346 1069 ἐξεζήτησαν.
2380 1001 2551 1069 Φωνὴ
2589 1000 2780 1068 ἀκοῆς
2821 1010 2843 1038 ο
2881 1000 3113 1069 ἔρχεται
3156 1000 3252 1053 καί
3285 998 3539 1067 σεισμοῦ

1956 1086 2224 1157 μεγάλου
2252 1088 2369 1142 ἀπὸ
2393 1086 2606 1159 βορῤιῖ,
2642 1088 2748 1142 τοῦ
2778 1087 2947 1152 τάξαι
2983 1088 3090 1154 τὰς
3126 1090 3332 1153 πόλεις
3357 1086 3542 1141 Ἰούδα

1962 1177 2050 1241 εὶς
2084 1175 2426 1246 ἀφανισμὸν
2462 1177 2560 1230 καὶ
2590 1175 2797 1244 κοίτην
2833 1174 3159 1243 στρουθῶν.
3193 1172 3322 1228 Εἶτα
3358 1173 3541 1245 ἐπειδὴ

1963 1262 2305 1334 ἐτραγῴδησε
2336 1262 2433 1334 τὴν
2460 1264 2663 1316 οἰκείαν
2693 1264 2975 1334 συμφορὰν
3005 1263 3206 1333 ἐκείνη,
3226 1262 3394 1331 ⁸φησί,
3421 1262 3541 1315 Κύ-

1956 1368 2081 1419 ριε,
2121 1352 2256 1420 οὐχί
2301 1351 2408 1405 τοῦ
2446 1349 2759 1420 ἀνθρώπου
2800 1351 2838 1418 ἠ
2878 1351 3016 1416 ὁδὸς
3058 1348 3263 1403 αὑτοῦ.
3307 1348 3371 1401 Τί
3416 1342 3541 1415 οῦν;

1964 1438 2150 1511 ἐπειδὴ
2173 1439 2377 1511 θρηνεῖ,
2403 1440 2745 1510 φησὶ,δόγμα
2767 1438 3006 1509 ὀλέθριον
3034 1439 3321 1508 εἰσήγαγεν
3344 1437 3422 1499 εἰς
3445 1436 3542 1505 τὴν

1963 1528 2313 1599 οἰκουμένην,
2347 1531 2447 1598 τὴν
2487 1527 2732 1591 ἐξουσίαν
2777 1526 2931 1596 ἡμῶν
2974 1524 3403 1596 ἀφαιρούμενος,
3450 1524 3545 1577 καὶ

1964 1616 2138 1684 λέγων
2165 1618 2265 1671 οὐκ
2292 1618 2377 1685 ἐφ’
2401 1619 2533 1688 ἡμῖν
2553 1613 2690 1669 εἶναι
2713 1616 2780 1669 τὰ
2802 1615 3076 1686 πρακτέα;
3104 1613 3385 1683 Οὐδαμῶς,
3409 1612 3546 1667 ἀλλὰ

1965 1706 2059 1758 καί
2095 1704 2307 1774 θρηνῶν
2342 1704 2715 1773 ἀσφαλίζεται.
2755 1701 2938 1756 Εἰπὼν
2972 1702 3101 1773 γὰρ,
3141 1704 3223 1757 ὅτι
3258 1701 3403 1771 Οὐχὶ
3438 1701 3544 1755 τοῦ

1964 1792 2276 1860 ἀνθρώπου
2304 1793 2343 1861 ἡ
2372 1793 2511 1859 ὁδὸς
2546 1794 2732 1848 αὑτοῦ
2750 1834 2765 1860 ,
2796 1791 2895 1845 οὐκ
2916 1791 3241 1861 ἐσιώπησεν,
3266 1791 3381 1845 ἀλλ’
3411 1792 3547 1862 ἐπή-

1965 1896 2155 1949 γαγεν,
2182 1880 2333 1934 Οὐδὲ
2352 1880 2660 1949 ἅνθρωπος
2688 1881 3059 1949 πορεύσεται,
3073 1879 3172 1932 καὶ
3190 1878 3547 1946 κατορθώσει

1965 1966 2081 2035 τὴν
2099 1970 2346 2034 πορείαν
2369 1968 2577 2023 αὑτοῦ.
2598 1970 2662 2021 "O
2690 1968 2749 2020 δὲ
2779 1967 2947 2035 λέγει,
2970 1965 3212 2019 τοιοῦτόν
3239 1967 3386 2019 ἐστιν
3404 1983 3417 1997 ·
3448 1966 3547 2019 οὐκ

1965 2055 2050 2125 ἐφ’
2074 2058 2204 2127 ἡμῖν
2227 2059 2344 2108 ἐστι
2364 2056 2423 2109 τὸ
2448 2057 2576 2116 πᾶν,
2610 2054 2746 2108 ἀλλά
2771 2054 2833 2107 τὸ
2860 2056 2959 2124 μὲν
2991 2055 3077 2123 ἐφ’
3102 2056 3256 2125 ἡμῖν,
3288 2055 3349 2107 τὸ
3371 2054 3429 2106 δέ
3456 2055 3549 2106 ἐπὶ

1965 2142 2043 2213 τῷ
2063 2141 2199 2212 Θεῷ.
2227 2143 2302 2195 Τὸ
2324 2142 2421 2213 μὲν
2448 2142 2554 2213 γάρ
2582 2142 2796 2195 ἑλέσθαι
2825 2143 2892 2195 τὰ
2919 2141 3197 2206 κάλλιστα,
3231 2144 3325 2194 καὶ
3355 2140 3546 2211 βουλη-

1968 2228 2145 2299 θῆναι,
2179 2230 2274 2283 καὶ
2296 2229 2611 2295 σπουδάσαι,
2640 2231 2734 2282 κοιλ⁹
2752 2228 2927 2281 πάντα
2942 2229 3233 2298 ὑπομεῖναι
3248 2228 3426 2291 πόνον,
3448 2228 3550 2297 τῆς

1966 2318 2240 2388 ἡμετέρας
2285 2317 2405 2370 ἐστὶ
2448 2317 2753 2387 προθέσεως
2786 2334 2797 2344 ’
2830 2317 2891 2370 τὸ
2925 2316 2981 2370 δὲ
3021 2318 3102 2379 εἰς
3134 2316 3286 2379 τέλος
3323 2318 3549 2384 ἀγαγεῖν

1966 2407 2134 2465 αὐτὰ,
2167 2408 2261 2459 καὶ
2294 2407 2367 2476 μὴ
2400 2410 2747 2478 συγχωρῆσαι
2774 2406 3068 2468 διαπεσεῖν,
3105 2405 3201 2460 καὶ
3242 2404 3376 2477 πρὸς
3417 2403 3550 2459 αὐτὸ

1965 2494 2026 2547 τὸ
2060 2493 2233 2565 πέρας
2261 2493 2433 2547 ἐλθεῖν
2458 2494 2566 2547 τῶν
2590 2493 3047 2564 κατορθωμάτων,
3073 2493 3173 2562 τῆς
3197 2492 3400 2547 άνωθέν
3430 2493 3550 2545 ἐστι

1966 2581 2202 2653 χάριτος.
2254 2582 2574 2653 Ἐμερίσατο
2619 2580 2727 2652 γὰρ
2771 2581 2907 2654 πρὸς
2943 2582 3089 2653 ἡμᾶς
3134 2581 3233 2651 τὴν
3277 2580 3474 2653 ἀρετὴν
3521 2579 3551 2631 6

1965 2670 2116 2735 Θεὸς,
2147 2670 2240 2723 καὶ
2261 2670 2383 2723 οὔτε
2412 2671 2495 2738 ἐφ’
2520 2672 2651 2740 ἡμῖν
2677 2668 2856 2738 ἀφῆκε
2880 2669 2940 2722 τὸ
2967 2671 3075 2722 πᾶν
3097 2667 3255 2733 εἶναι,
3273 2669 3359 2729 ἵνα
3380 2670 3453 2739 μὴ
3473 2671 3551 2732 είς

1966 2756 2220 2811 ἀπόνοιαν
2241 2755 2615 2827 ἐπαιρώμεθα,
2644 2754 2791 2827 [165]
2811 2753 2933 2807 οὔτε
2954 2756 3112 2820 αὐτὸς
3133 2757 3192 2810 τὸ
3216 2757 3321 2809 πᾶν
3339 2755 3549 2821 ἐλαϐεν,

1969 2850 2055 2904 ἵνα
2088 2849 2162 2922 μὴ
2191 2852 2269 2913 εἰς
2308 2848 2576 2921 ῥᾳθυμίαν
2598 2849 2976 2920 ἀποκλίνωμεν
3002 2866 3016 2879 ·
3045 2849 3157 2901 ἀλλ’
3188 2849 3364 2917 ὀλίγον
3392 2849 3552 2916 ἀφεὶς

1968 2939 2061 2991 ἐπὶ
2090 2942 2201 3002 τοῖς
2232 2939 2519 3010 ἡμετέροις
2551 2938 2761 3003 πόνοις,
2799 2938 2860 2992 τὸ
2894 2937 3051 2992 πλέον
3084 2937 3245 3000 αὐτὸς
3275 2936 3549 3006 κατορθοῖ.

1970 3028 2092 3080 Ὅτι
2124 3026 2232 3097 γάρ
2258 3028 2304 3078 εἰ
2329 3025 2389 3078 τὸ
2418 3028 2525 3079 πᾶν
2555 3022 2621 3097 ἦν
2650 3026 2733 3094 ἐφ’
2764 3027 2916 3097 ἡμῖν,
2941 3025 3165 3087 πολλοὺς
3194 3024 3258 3078 ἀν
3284 3023 3443 3077 τοῦτο
3470 3026 3552 3087 εἰς

1969 3114 2223 3167 ἀπόνοιαν
2271 3113 2444 3184 ἐπῆρε
2490 3113 2584 3168 καὶ
2630 3113 3063 3184 ἐξετραχήλισεν,
3116 3110 3403 3181 ἀκούωμεν
3457 3109 3552 3163 τοῦ

1968 3203 2279 3274 Φαρισαίου,
2300 3202 2352 3255 τί
2370 3220 2551 3272 φησιν,
2574 3204 2652 3265 εἰς
2675 3202 2803 3272 ὅσην
2823 3200 3138 3266 ἀλαζονείαν
3162 3202 3413 3270 ἐπήρετο,
3438 3198 3554 3262 πῶς

1969 3292 2388 3363 ἐμεγαληγόρει,
2422 3292 2513 3344 καὶ
2547 3292 2644 3361 τῆς
2678 3291 3001 3361 οἰκουμένης
3036 3289 3252 3358 ἀπάσης
3286 3288 3553 3363 ἐφρόνησε

1973 3360 2211 3451 μείζοναξ
2252 3360 2350 3435 Διά
2387 3381 2543 3434 τοῦτο
2583 3360 2644 3432 οὐ
2690 3379 2752 3432 τὸ
2790 3360 2899 3431 πᾶν
2941 3377 3097 3448 ἡμῶν
3134 3376 3408 3447 ἐποίησεν,
3442 3360 3557 3429 ἀλλ’

1972 3470 2149 3540 ἀφῆκέ
2176 3487 2227 3524 τι
2263 3468 2348 3539 ἐφ’
2386 3471 2516 3541 ἡμῖν
2545 3464 2707 3531 εἶναι,
2739 3469 2826 3520 ἵνα
2853 3466 3208 3537 εὐπρόσωπον
3248 3465 3389 3536 λάϐῃ
3425 3464 3558 3535 πρό-

1972 3574 2132 3627 φασιν
2151 3557 2243 3611 τοῦ
2272 3557 2493 3620 δικαίως
2515 3558 2661 3626 ἡμᾶς
2679 3553 2995 3624 στεφανοῦν.
3015 3554 3126 3607 Καὶ
3152 3552 3309 3606 τοῦτο
3326 3552 3558 3622 ἐδήλωσε

1970 3647 2058 3699 διά
2086 3647 2183 3717 τῆς
2213 3645 2525 3716 παραϐολῆς
2543 3644 2774 3713 ἐκείνης,
2790 3642 2906 3695 καθ’
2924 3640 2989 3711 ἣν
3007 3657 3190 3712 φησιν,
3217 3640 3298 3693 ὅτι
3316 3642 3440 3710 περί
3461 3639 3558 3709 τὴν

1972 3734 2262 3804 ἑνδεκάτην
2299 3732 2449 3804 ὥραν
2480 3729 2655 3802 εὑρὼν
2693 3728 3035 3800 ἀνθρώπους,
3074 3727 3318 3797 ἔπεμψεν
3356 3729 3435 3789 εἰς
3467 3726 3559 3779 τὸν

1973 3820 2269 3891 ἀμπελῶνα
2297 3818 2640 3890 ἐργάζεσθαι.
2672 3815 2863 3870 Καίτοι
2889 3816 2942 3869 τί
2969 3817 3027 3869 ἐν
3051 3818 3119 3887 τῇ
3148 3815 3408 3886 ἑνδεκάτῃ
3440 3812 3560 3886 ὥρᾳ

1974 3910 2325 3981 εἰργάσαντο;
2359 3906 2496 3960 Ἀλλ’
2522 3907 2670 3975 ὅμως
2696 3905 2895 3975 ἤρκεσε
2916 3904 2992 3973 τῷ
3014 3902 3131 3973 Θεῷ
3152 3903 3246 3956 καὶ
3270 3904 3302 3971 ή
3335 3901 3560 3972 βραχεῖα

1973 3999 2067 4053 τοῦ
2110 3995 2298 4068 καιροῦ
2339 3989 2478 4066 ῥοπὴ
2518 3993 2653 4064 πρὸς
2694 3992 2755 4045 τὸ
2790 3990 2971 4046 δοῦναι
3012 3991 3104 4045 τὸν
3150 3990 3340 4062 μισθὸν
3376 3991 3560 4055 αὐτοῖς

1975 4083 2400 4157 ἀπηρτισμένον.

2046 4174 2155 4226 Καὶ
2178 4172 2265 4225 ἵνα
2300 4170 2476 4242 μάθῃς
2500 4170 2581 4223 ὅτι
2605 4167 2760 4222 τοῦτο
2784 4166 3000 4239 ἀληθῶς
3028 4170 3057 4221 6
3081 4168 3366 4239 προφήτης
3402 4166 3561 4237 φησὶ,

1977 4263 2071 4315 καὶ
2097 4260 2196 4313 οὐκ
2222 4260 2530 4329 ἀφαιρεῖται
2551 4256 2651 4327 τὴν
2675 4256 2922 4323 ἐξουσίαν
2948 4258 3115 4327 ἡμᾶς,
3144 4256 3280 4311 ἀλλά
3312 4256 3442 4327 περὶ
3468 4255 3563 4308 τοῦ

1978 4350 2162 4408 τέλους
2196 4347 2303 4400 τῶν
2342 4345 2679 4417 πραγμάτων
2716 4343 2949 4397 ἐνταῦθα
2990 4344 3289 4413 φιλοσοφεῖ,
3331 4342 3567 4396 ἀκουσον

1978 4440 2074 4508 τῆς
2109 4436 2419 4506 ἐπαγωγῆς.
2447 4434 2629 4488 Εἰπὼν
2650 4433 2779 4505 γὰρ,
2811 4435 2933 4487 Οὐκ
2960 4433 3029 4486 ἐν
3051 4433 3337 4501 ἀνθρώπῳ
3359 4433 3397 4498 ὴ
3425 4430 3570 4496 ὁδὸς

1978 4528 2184 4593 αὐτοῦ,
2221 4526 2383 4587 εὐθὺς
2423 4524 2705 4596 ἐπιφέρει,
2748 4522 3086 4577 Παίδευσον
3127 4521 3314 4591 ἡμᾶς,
3366 4522 3563 4588 Κύριε,

1980 4616 2147 4683 πλὴν
2184 4614 2255 4666 ἐν
2292 4614 2503 4681 κρίσει,
2547 4611 2646 4664 καί
2684 4610 2769 4680 μὴ
2815 4610 2884 4663 ἐν
2918 4608 3101 4679 θυμῷζ
3142 4610 3205 4662 Et
3243 4608 3352 4678 γάρ
3399 4608 3572 4678 μηδὲν

1979 4706 2115 4768 ὅλως
2138 4705 2220 4773 ἐφ’
2243 4706 2379 4774 ἡμῖν
2402 4697 2491 4773 ἦν,
2522 4699 2791 4773 περιττῶς
2820 4698 2991 4768 ἔλεγε,
3019 4698 3360 4755 Παίδευσον
3387 4695 3565 4767 ἡμᾶς,

1981 4794 2149 4860 πλὴν
2178 4794 2248 4847 ἐν
2279 4794 2492 4861 κρίσει.

2052 4890 2114 4936 ε’.
2128 4883 2192 4935 Τί
2211 4882 2319 4954 γάρ
2333 4881 2397 4935 ἂν
2416 4880 2743 4951 ἀδικώτερον
2763 4877 2857 4931 τοῦ
2883 4876 3205 4941 κολάζεσθαι
3225 4878 3349 4939 τοὺς
3366 4877 3463 4929 οὐκ
3483 4876 3570 4929 6v—

1982 4989 2079 5034 τας
2101 4970 2320 5042 κυρίους
2343 4969 2452 5021 τῶν
2484 4967 2790 5039 πρακτέων,
2816 4967 2908 5019 καὶ
2926 4965 3190 5037 τιμωρίαν
3220 4965 3441 5033 ὑπέχειν
3472 4965 3567 5017 άν-

1985 5059 2253 5131 θρὼπους,
2271 5052 2395 5128 ὦνή
2419 5057 2535 5120 ὸδὸς
2557 5057 2650 5110 καὶ
2666 5056 2694 5108 6
2716 5055 2827 5125 βίος
2846 5055 2946 5109 οὑκ
2961 5055 3052 5107 ἐπὶ
3067 5056 3132 5125 τῇ
3154 5052 3333 5106 αὐτῶν
3352 5051 3572 5121 ἐξουσίᾳ

1985 5153 2189 5213 κεῖται;
2210 5150 2370 5201 Ὥστε
2392 5148 2519 5201 ὅταν
2539 5146 2794 5217 φαίνηται
2815 5145 2906 5200 τὸν
2925 5144 3056 5197 Θεὸν
3077 5141 3408 5212 παρακαλῶν
3432 5142 3568 5212 ὑπὲρ

1985 5240 2077 5292 τοῦ
2116 5240 2189 5311 μὴ
2224 5237 2587 5309 σφοδροτέραν
2616 5236 2867 5305 γενέσθαι
2891 5234 2991 5304 τὴν
3016 5232 3284 5304 τιμωρίαν
3314 5230 3431 5284 κατ’
3469 5230 3569 5283 αὺ-

1985 5327 2114 5392 τῶν,
2145 5327 2293 5380 οὐδὲν
2318 5326 2502 5397 ἕτερον
2528 5325 2561 5396 ἢ
2596 5324 2754 5377 τοῦτο
2778 5322 3053 5393 ἐμφαίνει,
3083 5323 3163 5374 ὃτι
3185 5319 3325 5385 ἄξιοι
3354 5317 3447 5371 τοῦ
3482 5334 3569 5369 κο-

1987 5415 2240 5479 λάζεσθαι
2278 5416 2371 5468 καὶ
2405 5414 2673 5484 τιμωρίαν
2708 5411 2929 5482 ὑπέχειν
2966 5409 3071 5462 είσί
3104 5425 3119 5439 ·
3153 5407 3310 5459 τοῦτο
3335 5406 3390 5457 δὲ
3418 5404 3572 5458 οὐδὲν

1988 5506 2173 5575 ἕτερον
2195 5504 2229 5573 ἢ
2256 5503 2317 5556 τὸ
2342 5501 2683 5567 αὐτεξούσιον
2718 5500 3028 5569 συνίστησιν
3046 5495 3096 5549 δ.
3126 5497 3191 5549 Εἰ
3224 5494 3333 5567 γάρ
3361 5494 3434 5564 μὴ
3470 5493 3569 5547 κύ,-

2055 5661 2078 5690 ε
2106 5658 2253 5722 ςενη,
2282 5658 2333 5705 in
2354 5661 2509 5722 lexlu_
2533 5661 2688 5722 φωνῆς
2702 5651 3089 5722 ἀκοήλιίη-ωετε,
3115 5648 3571 5722 φωνῂιάκρῆς..σιιφ

2064 5689 2071 5690 κ
2106 5689 2253 5706 ραι...
2354 5689 2491 5706 ww.
2533 5689 2688 5717 7..."...
2702 5689 2824 5710 μη-..
2937 5689 3089 5711 ...-.,,.
3117 5689 3245 5722 Γ...
3271 5689 3432 5705 -..-.,..
3463 5689 3571 5719 TT.

1990 5733 2107 5783 vera
2137 5721 2283 5767 lectio
2303 5724 2399 5783 εει,
2424 5730 2475 5766 ει
2496 5716 2708 5783 ὶιιῲειιιι·
2730 5716 2777 5763 in
2805 5689 2891 5783 Ε’ἀ.
2914 5712 3056 5783 Rom_.
3080 5727 3175 5783 των
3200 5713 3241 5758 0
3257 5710 3283 5756 '.
3307 5710 3477 5783 μοι-ει.
3505 5722 3571 5758 sl-

1992 5782 2178 5830 milil‘er
2199 5782 2327 5842 φωνὴ
2354 5773 2534 5842 ἀκοῆς,
2549 5778 2698 5825 Pau|o
2729 5781 2838 5842 nos!
2856 5786 2987 5842 μεμε
3009 5773 3074 5828 εἰς
3092 5773 3370 5836 ἀφορισμὸν,
3399 5784 3571 5820 verum

1994 5846 2058 5900 εἰς
2076 5835 2336 5904 ἀφωίσμόν
2358 5835 2706 5904 Ιεςοηόυῐη,θι
2725 5835 2799 5886 Sic
2816 5835 2956 5904 LXX:

2053 5891 2079 5943 δ
2110 5891 2262 5951 ἐεινίιῖ
2284 5891 2439 5965 putat
2463 5891 2729 5965 lugendum
2767 5903 3008 5965 συνιστᾷν,
3056 5901 3109 5946 et
3142 5908 3274 5965 ,γρηὶ
3293 5894 3472 5965 πιςιίηιι
3510 5891 3575 5965 ειιό

2000 5970 2183 6018 seriem
2204 5957 2447 6027 quidam
2458 5962 2655 6012 videtur
2669 5974 2682 6022 ;
2695 5961 2781 6010 sed
2792 5957 3066 6019 συνίστησιν
3084 5962 3233 6012 etiam
3253 5957 3368 6008 rem
3386 5959 3569 6017 potest.
