4102 6306
576 384 677 441 ml

578 517 680 569 ριοι
718 498 827 553 τῶν
870 497 1159 571 πρακτέων
1202 494 1364 572 ἦσαν,
1404 501 1523 571 οὐχὶ
1563 502 1869 573 πραοτέραν
1907 501 2012 554 ἔδει
2050 500 2149 571 τὴν

572 581 837 651 τιμωρίαν
876 581 1058 647 ἀξιοῦν
1085 584 1279 644 αὐτοὺς
1312 584 1563 655 ὑποσχεῖν
1599 598 1649 645 ι,
1681 584 1816 638 ἀλλὰ
1844 585 1979 653 μηδὲ
2012 584 2149 647 ὅλως

574 664 895 729 κολάζεσθαι
932 682 945 692 ’
984 668 1183 737 μᾶλλον
1223 667 1278 720 δέ
1316 669 1435 720 οὐδὲ
1475 667 1748 733 ἀξιώσεως
1790 668 1897 721 ἔδει
1928 686 1941 699 ο
1980 670 2008 721 6
2040 668 2146 739 γάρ

572 746 703 809 Θεὸς
725 748 783 799 ού
807 749 973 803 δεῖται
998 748 1091 802 τοῦ
1115 750 1552 821 παρακαλοῦντος
1578 751 1757 811 αὐτὸν,
1786 751 1924 804 ὥστε
1955 752 2028 822 μὴ
2055 769 2147 803 κο-

572 829 730 882 λάσαι
754 832 877 894 τοὺς
906 831 1245 895 ἀνευθύνους.
1283 834 1392 886 Καὶ
1422 833 1472 885 τί
1496 833 1657 901 λέγω,
1682 835 1710 886 ὀ
1735 833 1885 897 Θεὸς,
1914 835 2047 887 ὅπου
2081 851 2144 903 γε

570 913 688 965 οὐδὲ
715 913 993 983 ἄνθρωπος
1018 914 1139 967 νοῦν
1168 915 1337 985 ἔχων;
1366 917 1532 970 Ὅταν
1563 914 1655 971 οὖν
1685 918 1938 988 φαίνηται
1966 936 2146 989 παρα-

572 994 753 1048 καλῶν
778 999 805 1048 ὀ
838 999 1115 1067 προφήτης
1140 998 1280 1068 ὑπὲρ
1315 1000 1597 1061 Ἰουδαίων,
1622 1000 1697 1063 ὡς
1727 1001 1863 1073 ὑπὲρ
1891 1004 2143 1071 ἡμαρτη-

572 1077 741 1130 κότων
760 1078 977 1146 εὔδηλον
1000 1079 1080 1131 ὅτι
1109 1081 1443 1150 παρακαλεῖ·
1466 1084 1706 1154 ἁμαρτία
1734 1084 1788 1135 δέ
1808 1084 1927 1136 τότε
1953 1085 2139 1155 φαίνε⁸

568 1177 679 1224 ται,
707 1162 834 1214 ὅταν
866 1163 1052 1231 ἡμεῖς,
1081 1162 1231 1226 ὄντες
1262 1165 1437 1235 κύριοι
1473 1166 1564 1219 τοῦ
1602 1166 1675 1237 μὴ
1706 1167 2016 1238 παραϐῆναι
2050 1168 2141 1220 τὸν

568 1246 753 1314 νόμον,
795 1244 1235 1314 παραϐαίνωμεν.
1280 1244 1438 1299 Ὥστε
1482 1248 1743 1301 πάντοθεν
1782 1248 1938 1319 δῆλον
1985 1252 2136 1319 ἡμῖν,

567 1325 649 1378 ὅτι
680 1327 774 1379 καὶ
803 1329 889 1392 ἐφ’
922 1330 1052 1397 ἡμῖν
1083 1328 1176 1381 καὶ
1213 1331 1304 1381 ἐπὶ
1342 1329 1418 1399 τῷ
1448 1330 1565 1400 Θεῷ
1594 1331 1662 1384 τὰ
1692 1332 1931 1403 ἡμέτερα
1964 1336 2138 1386 κεῖται

567 1408 983 1481 κατορθώματα.
1003 1411 1251 1464 Τοιοῦτόν
1274 1415 1387 1465 ἐστι
1405 1415 1591 1478 καὶτὸ,
1615 1418 1695 1468 Οὐ
1712 1415 1817 1469 τοῦ
1834 1416 2135 1482 θέλοντος,

563 1492 706 1545 οὐδὲ
744 1492 849 1546 τοῦ
892 1492 1225 1561 τρέχοντος,
1265 1496 1423 1550 ἀλλὰ
1464 1498 1566 1552 τοῦ
1604 1499 1921 1565 ἐλεοῦντος
1965 1501 2135 1555 Θεοῦ.

565 1575 673 1627 Καὶ
700 1576 840 1638 τίνος
868 1575 1051 1628 ἕνεκεν
1077 1578 1284 1649 τρέχω;
1313 1579 1445 1650 φησί
1466 1597 1480 1610 ·
1512 1582 1655 1645 τίνος
1685 1582 1739 1634 δέ
1761 1582 1946 1635 ἐνεκεν
1977 1583 2133 1646 θέλω,

562 1659 609 1708 εί
643 1657 715 1728 μὴ
745 1659 804 1710 τὸ
834 1660 941 1711 πᾶν
970 1661 1027 1711 ἐν
1056 1661 1179 1729 ἐμοὶ
1210 1663 1415 1727 κεῖται;
1451 1664 1567 1716 Ἵνα
1597 1664 1682 1717 διὰ
1715 1665 1807 1718 τοῦ
1839 1666 2011 1718 θέλειν
2042 1667 2135 1719 καὶ

560 1739 653 1791 τοῦ
688 1741 897 1811 τρέχειν
934 1742 1211 1813 ἐπισπάσῃ
1254 1744 1345 1797 τοῦ
1388 1745 1521 1798 Θεοῦ
1556 1748 1654 1817 τὴν
1688 1748 1859 1819 ῥοπὴν
1900 1749 1994 1801 καὶ
2034 1750 2135 1820 τὴν

560 1820 792 1885 εὔνοιαν,
824 1823 964 1877 ὥστε
998 1826 1311 1897 συμπρᾶξαι
1345 1829 1439 1881 καὶ
1464 1832 1620 1900 χεῖρα
1653 1831 1835 1901 ὀρέξαι
1874 1834 1967 1884 καὶ
1999 1832 2137 1901 πρὸς

558 1906 621 1956 τὸ
650 1906 797 1971 τέλος
824 1911 1070 1976 ἀγαγεῖν.
1114 1910 1238 1963 Ἐἀν
1272 1911 1383 1981 γὰρ
1410 1913 1603 1986 ἀνέλῃς
1629 1914 1804 1977 τοῦτο,
1834 1916 1925 1968 καὶ
1951 1916 2136 1988 παύσῃ

556 1989 765 2059 τρέχων
788 1992 879 2044 καὶ
905 1991 1091 2053 θέλων,
1119 1991 1243 2047 οὔτε
1266 1997 1294 2047 ὀ
1314 1994 1445 2058 Θεὸς
1468 1996 1642 2066 ὀρέξει
1667 2002 1841 2070 χεῖρα,
1867 2000 1980 2054 ἀλλ’
2000 2001 2136 2055 ἀπο-

559 2073 813 2142 στήσεται
846 2076 939 2130 καὶ
965 2077 1145 2139 αὐτός.
1180 2078 1349 2131 Πόθεν
1378 2078 1534 2131 τοῦτο
1563 2080 1746 2150 δῆλον;
1782 2083 2046 2135 ΙἌκουσον
2082 2083 2135 2136 τί

557 2174 688 2226 φησι
725 2161 790 2228 τῇ
834 2160 1205 2231 Ἰερουσαλήμ.
1228 2160 1393 2235 ’[166]
1426 2164 1690 2232 Ποσάκις
1712 2166 1985 2235 ἠθέλησα
2002 2169 2131 2221 ἐπι-

552 2241 919 2309 συναγαγεῖν
964 2242 1036 2295 τὰ
1077 2243 1257 2296 τέκνα
1298 2262 1435 2309 σου,
1484 2248 1579 2301 καὶ
1616 2250 1728 2302 οὐκ
1760 2249 2131 2317 ἠθελήσατες

568 2320 731 2404 Ἰδοὺ,
758 2322 991 2391 ἀφίεται
1019 2327 1053 2378 ό
1079 2321 1242 2392 οἶκος
1266 2328 1431 2395 ὑμῶν
1459 2330 1693 2399 ἔρημος.
1734 2333 1915 2403 Ὁρᾷς,
1945 2336 2129 2404 ἐπειδὴ

552 2404 652 2487 οὐκ
672 2403 960 2475 ἠθέλησαν,
981 2406 1096 2469 πῶς
1113 2409 1320 2479 ἀπέστη
1346 2412 1438 2464 καὶ
1459 2414 1485 2465 6
1503 2414 1632 2477 Θεὸς
1650 2433 1664 2480 ;
1689 2415 1786 2470 Διά
1802 2418 1956 2469 τοῦτο
1974 2403 2131 2487 χρεία

553 2486 682 2554 ἡμῖν
706 2490 797 2541 καὶ
820 2487 913 2541 τοῦ
946 2488 1117 2543 θέλειν
1145 2493 1239 2544 καὶ
1264 2494 1357 2546 τοῦ
1385 2496 1621 2566 τρέχειν,
1652 2498 1737 2551 ἵνα
1765 2499 1858 2551 καὶ
1885 2486 1981 2554 τὸν
2000 2486 2130 2554 Θεὸν

550 2569 1001 2654 ἐπισπασώμεθα.
1024 2573 1194 2627 Τοῦτο
1218 2572 1309 2628 οὖν
1330 2595 1458 2646 φησι
1478 2580 1569 2632 καὶ
1593 2583 1621 2633 6
1648 2584 2047 2654 προφήτης,ὀτι
2069 2586 2131 2637 τὸ

551 2652 892 2739 γατορθῶσαι
908 2656 1006 2709 οὐκ
1033 2658 1090 2710 ἐν
1113 2659 1261 2729 ἡμῖν,
1284 2660 1397 2714 ἀλλ’
1433 2664 1492 2716 ἐν
1511 2666 1575 2735 τῇ
1594 2664 1686 2718 τοῦ
1704 2665 1837 2718 Θεοῦ
1868 2652 2089 2739 βοηθείᾳ
2111 2684 2125 2699 ο

647 2736 940 2823 δέ-ἐλέσθαι
966 2742 1022 2792 ἐν
1047 2743 1180 2812 ἡμῖν
1211 2744 1303 2796 καὶ
1334 2746 1391 2799 ἐν
1415 2748 1480 2817 τῇ
1518 2748 1762 2819 ἡμετέρᾳ
1790 2736 2127 2823 προαιρέσει.

549 2817 759 2905 Ούκοῦν
782 2821 831 2871 εί
850 2822 906 2873 ἐν
918 2824 982 2892 τῇ
1012 2824 1106 2875 τοῦ
1131 2824 1500 2900 Θεοῦβοηθεέᾳ
1514 2830 1574 2881 τὸ
1590 2817 2125 2905 κατορθῶσαιίφησὶ,

548 2900 653 2954 κᾶν
684 2903 757 2974 μὴ
786 2904 1137 2987 κατορθώσω,
1169 2909 1422 2981 οὐδεμίαν
1445 2912 1512 2965 ἀν
1531 2915 1649 2984 εἴην
1681 2900 1887 2981 δίκαιος
1918 2900 2125 2987 ὑπομέ-

547 3001 659 3071 νειν
698 2986 880 3071 αἰτίαν
898 3004 931 3071 ’ᾗ
970 2989 1098 3043 ὃταν
1134 2991 1242 3063 γὰρ
1298 2993 1365 3046 τὰ
1409 2996 1538 3065 παρ’
1580 2997 1816 3067 ἐμαυτοῦ
1861 2986 2127 3071 παράσχω

548 3067 743 3153 πάντα,
758 3069 849 3121 καὶ
860 3068 1069 3141 θελήσω
1079 3113 1091 3135 ,
1104 3073 1200 3127 καὶ
1216 3074 1428 3145 προέλω
1434 3095 1551 3147 μαι,
1566 3081 1774 3134 καὶτῶν
1788 3067 2127 3153 πραγμάτων

546 3148 800 3240 ἅψωμαι,
836 3154 867 3207 ὀ
902 3155 959 3240 δέ
997 3155 1089 3209 τοῦ
1125 3158 1308 3223 τέλους
1353 3161 1536 3232 κύριος
1570 3163 1647 3216 ὢν
1682 3165 1755 3236 μὴ
1799 3148 2123 3240 συμπράξῃ,

548 3236 692 3322 μηδὲ»
727 3239 883 3322 χεῖρα
917 3238 1101 3311 ὀρέξῃ,
1141 3244 1343 3308 παντὸς
1374 3246 1728 3318 ἀπήλλαγμαι
1761 3236 2123 3322 ἐγκλήματος.

556 3317 695 3405 Ἀλλ’
718 3320 817 3372 οὐκ
849 3321 963 3374 ἐστι
992 3323 1182 3391 ταῦτα,
1223 3327 1322 3380 οὐκ
1351 3328 1496 3382 ἐστιν
1517 3347 1531 3361 ·
1560 3317 1837 3402 ἀμήχανον
1869 3317 2002 3405 γάρ,
2038 3336 2124 3390 θε-

541 3400 820 3489 λησάντων
854 3406 1009 3476 ἡμῶν
1043 3409 1136 3463 καὶ
1177 3411 1553 3482 προελομένων
1587 3400 2119 3489 καὶνίβουληθέντων,

541 3485 632 3538 τὸν
659 3486 797 3575 Θεὸν
834 3489 1236 3575 ἐγκαταλιπεῖν.
1283 3496 1346 3548 Εἰ
1383 3496 1490 3567 γὰρ
1522 3501 1635 3563 τοῖς
1670 3485 1743 3571 μὴ
1778 3485 2121 3575 βουλομένοις

546 3572 931 3658 παραινεῖ-καὶ
963 3575 1339 3643 συμϐουλεύει,
1372 3580 1458 3631 ἵνα
1501 3579 1768 3651 θελήσωσι
1801 3585 1893 3638 καὶ
1924 3572 2119 3658 βουλη-

542 3649 704 3737 θῶσι,
745 3654 924 3726 πολλῷ
963 3658 1163 3727 μᾶλλον
1192 3661 1315 3724 τοὺς
1357 3649 1713 3734 αἱρουμένους
1741 3668 1840 3722 οὐκ
1888 3649 2122 3737 ἐγκατα-

539 3732 815 3805 λιμπάνει.
844 3740 1214 3824 »Ἐμϐλέψατε
1258 3745 1386 3817 γὰρ,
1422 3732 1585 3818 φησὶ,
1621 3753 1709 3815 είς
1739 3732 1993 3821 ἀρχαίας
2028 3772 2121 3824 γε·

538 3824 712 3885 νεὰς,
761 3822 859 3876 καὶ
899 3823 1085 3879 ιδετε.
1139 3828 1233 3894 Τίς
1277 3828 1541 3897 ἤλπισεν
1590 3833 1687 3885 ἐπὶ
1739 3837 1979 3903 Κύριον,
2017 3822 2116 3892 καὶ

539 3905 966 3972 κατῃσχύνθη;
1010 3908 1050 3977 ἢ
1094 3911 1180 3975 τίς
1229 3910 1493 3980 ἐνέμεινε
1525 3915 1653 3981 ταῖς
1703 3916 1977 3984 ἐντολαῖς
2007 3923 2116 3974 at)-

538 3984 718 4049 τοῦ),
750 3987 849 4039 καί
894 3990 1209 4056 ὑπερεῖδεν
1240 3995 1463 4057 αὐτόν;
1508 3997 1618 4050 Καὶ
1650 3999 1811 4054 πάλιν
1844 4003 1872 4054 6
1910 4002 2116 4067 Παῦλός

538 4082 722 4156 φησιν,
753 4067 825 4156 ΔἨ
859 4067 931 4156 δὲ
961 4071 1135 4139 ἐλπίς
1160 4075 1232 4127 οὐ
1260 4080 1669 4147 καταισχύνει,
1709 4083 1743 4151 ἡ
1779 4083 1933 4148 ἐλπὶς
1964 4088 1997 4156 ἡ
2035 4088 2115 4150 είς

538 4149 629 4201 τὸν
666 4150 817 4204 Θεόν.
858 4152 1162 4227 Ἀμήχανον
1205 4158 1315 4229 γὰρ
1360 4160 1454 4213 τοῦ
1496 4163 1682 4228 τέλους
1722 4149 1997 4223 ἐκπεσεῖν.
2022 4149 2113 4225 τὸν

534 4231 631 4326 ὀλῃ
678 4232 885 4326 διανοίᾳ
929 4239 1026 4326 ἐπὶ,
1066 4239 1156 4293 τὸν
1208 4241 1340 4296 Θεὸν
1382 4243 1699 4313 ἐλπίζοντα,
1751 4253 1843 4305 καὶ
1870 4253 1937 4307 τά
1980 4256 2110 4326 παρ’

534 4318 729 4402 ἑαυτοῦ
772 4321 949 4376 πάντα
985 4325 1324 4394 εἰσφέροντα.
1368 4330 1478 4384 Καὶ
1516 4332 1697 4397 πάλιν,
1730 4337 1953 4402 Πιστός
1988 4318 2117 4394 δέ’-ό

536 4401 701 4467 Θεὸς,
731 4403 798 4470 ὃς
824 4407 937 4459 οὐκ
963 4407 1131 4463 ἐάσει
1156 4409 1310 4479 ὑμᾶς
1338 4415 1735 4484 πειρασθῆναι
1769 4401 1977 4487 ὑπὲρίὸ
2015 4421 2118 4476 δύ-

597 4559 623 4629 ξ
650 4557 781 4629 pug
793 4562 1109 4629 l_!_lss._aﬁtob;
1129 4566 1332 4629 ὑπέχειν.

595 4619 621 4691 ξι
650 4618 697 4666 In
748 4620 899 4701 Edi’t}
920 4625 1055 4701 Ro_m.
1069 4686 1080 4699 '
1097 4618 1197 4701 τῶν
1218 4618 1262 4677 ’ὁ
1278 4628 1290 4648 ’
1312 4629 1590 4701 legjtuf‘ri;
1608 4632 1907 4701 €v_a1t€_crreuae
1932 4638 2115 4701 Κυρίῳ,

530 4684 613 4756 τεᾳὶ
633 4684 1012 4756 κατῃσχύνθηιῆ
1036 4686 1105 4742 τίς
1124 4689 1323 4756 ἐνέμεινε
1346 4684 1414 4753 τῖς»
1440 4684 1586 4756 φόϐῳή
1610 4694 1783 4755 αῦτοῦ;
1810 4707 1903 4746 elc.
1932 4684 2113 4748 νρὶίιὶιέ

530 4741 906 4850 ξέἐῖἔροειίῐοοα
930 4741 1015 4797 illi
1040 4741 1269 4799 ul’mchti
1309 4741 1422 4803 sesi:
1449 4741 1750 4809 loll‘éreba'nil.‘
1772 4741 2017 4810 Ξιῖίιῖὸοτο
2035 4741 2115 4811 ἑόὶ

1335 383 1392 439 S.
1430 382 1714 441 JOANNIS
1744 381 2241 440 CHRYSOSTOMI
2279 380 2598 439 ARCHIEP.
2639 379 3181 441 CONSTANTINOP.

3686 387 3777 442 162

2250 505 2455 556 νασθε.
2498 501 2656 556 ἀλλὰ
2688 501 2928 564 ποιήσει
2966 497 3088 551 σὺν
3122 495 3201 561 τῷ
3232 497 3519 566 πειρασμῷ
3562 502 3651 553 καὶ
3675 505 3777 567 τὴν

2247 584 2521 649 ἔκϐασιν,
2574 586 2682 639 τοῦ
2736 585 3032 638 δύνασθαι
3094 580 3249 649 ὑμᾶς
3310 582 3657 651 ὑπενεγκεῖν.
3693 585 3780 639 Διά

2244 667 2399 720 τοῦτο
2437 671 2691 740 παραινεῖ
2723 667 2883 735 σοφός
2924 684 3006 729 τις
3052 665 3213 735 ἀνὴρ,
3244 664 3434 732 λέγων’
3474 663 3693 727 Τέκνον,
3731 666 3782 720 εί

2244 751 2546 819 προσέρχῃ
2578 749 2890 804 δουλεύειν
2933 749 3148 815 Κυρίῳ,
3183 748 3490 815 ἐτοίμασον
3534 746 3640 813 τὴν
3677 750 3782 814 ψυ-

2243 831 2363 901 χήν
2408 851 2523 887 σου
2567 836 2653 898 εὶς
2701 832 3052 901 πειρασμόν.
3099 830 3368 883 Εὔθυνον
3404 829 3513 896 τὴν
3555 830 3783 899 καρδίαν

2242 929 2378 977 σου,
2410 916 2507 967 καὶ
2549 914 2941 981 καρτέρησον,
2969 911 3066 967 καὶ
3098 912 3184 981 μὴ
3225 913 3495 979 σπεύσῃς
3530 911 3594 963 ἐν
3618 910 3782 977 καιρῷ

2240 997 2565 1066 ἐπαγωγῆς.
2588 997 2928 1065 Κολλήθητι
2948 996 3129 1060 αὐτῷ,
3153 996 3248 1049 καὶ
3271 995 3354 1064 μὴ
3383 993 3660 1061 ἀποστῇς.
3685 995 3784 1048 Καὶ

2241 1080 2427 1151 ἕτερος
2455 1084 2711 1152 παραινεῖ
2736 1081 2918 1150 λόγος⁸
2959 1082 3020 1135 '0
3049 1081 3118 1134 δὲ
3143 1081 3463 1149 ὑπομείνας
3488 1080 3571 1145 είς
3604 1078 3782 1145 τέλος,

2239 1158 2419 1226 οὗτος
2454 1162 2813 1228 σωθήσεται.

2324 1245 2508 1298 Ταῦτα
2557 1246 2613 1298 δὲ
2662 1247 2839 1300 πάντα
2890 1244 3115 1308 κανόνες
3157 1244 3264 1297 εἰσὶ
3307 1244 3400 1297 καὶ
3443 1244 3554 1315 ὅροι
3586 1246 3671 1297 καὶ
3706 1244 3782 1299 δύο

2238 1343 2423 1396 γματα
2476 1326 2743 1396 ἀκίνητα’
2783 1328 2879 1381 καὶ
2930 1328 3011 1381 δεῖ
3060 1326 3217 1380 τοῦτο
3271 1328 3569 1396 πεπηγέναι
3629 1329 3682 1379 ἐν
3725 1330 3785 1399 τῇ

2237 1410 2380 1479 ψυχῇ
2417 1413 2482 1481 τῇ
2526 1411 2788 1481 ἡμετέρᾳ,
2831 1411 2912 1463 ὃτι
2942 1410 3224 1480 ἀμήχανόν
3257 1427 3377 1462 τινα
3413 1409 3606 1479 σπουδῇ
3659 1409 3788 1478 χρώ-

2240 1510 2396 1562 μενον
2439 1493 2532 1546 καὶ
2575 1492 2919 1563 μεριμνῶντα
2966 1493 3106 1563 ὑπὲρ
3148 1491 3246 1561 τῆς
3284 1490 3474 1544 ἐαυτοῦ
3514 1491 3785 1560 σωτηρίας,

2237 1576 2330 1628 καὶ
2372 1576 2441 1629 τά
2473 1574 2602 1646 παρ’
2623 1574 2814 1628 ἐαυτοῦ
2855 1576 3030 1629 πάντα
3071 1574 3530 1645 ἐπιδεικνύμενον,
3570 1575 3789 1643 ἐγκατα-

2236 1657 2513 1726 λειφθῆναί
2541 1675 2671 1711 ποτε
2703 1659 2852 1728 παρά
2881 1657 2973 1712 τοῦ
3004 1658 3160 1713 Θεοῦ.
3189 1659 3304 1711 Οῦκ
3336 1657 3553 1721 ἀκούεις
3580 1658 3628 1710 τί
3670 1674 3789 1727 φησι

2238 1741 2371 1812 πρὸς
2397 1741 2484 1793 τὸν
2513 1742 2714 1812 Πέτρον
2736 1758 2750 1807 ;
2779 1742 2992 1812 Σίμων,
3019 1742 3237 1811 Σίμων,
3266 1741 3520 1807 ποσάκις
3544 1742 3791 1809 ᾐτήσατο

2238 1826 2270 1875 ό
2313 1823 2586 1890 Σατανᾶς
2616 1824 2888 1878 σινιάσαι
2931 1824 3087 1894 ὑμᾶς
3129 1825 3210 1891 ὠς
3260 1823 3367 1878 τὸν
3414 1824 3602 1885 σῖτον,
3646 1822 3793 1892 κάγὼ

2232 1906 2486 1975 ἐδεήθην
2517 1908 2649 1977 περὶ
2679 1909 2817 1973 σοῦ,
2846 1910 2947 1963 ἵνα
2968 1909 3054 1978 μὴ
3085 1909 3339 1976 ἐκλείπῃ
3373 1909 3410 1976 ἡ
3440 1909 3638 1971 πίστις
3663 1922 3787 1961 σου.

2240 1990 2409 2044 Ὅταν
2444 1991 2541 2062 μὲν
2566 1992 2675 2062 γὰρ
2707 1992 2789 2066 ἴδῃ
2813 1993 2903 2046 τὸν
2935 1993 3128 2063 φόρτον
3156 2004 3178 2031 ε
3210 1993 3384 2063 μείζω
3417 1994 3513 2062 τῆς
3538 1990 3792 2061 ἡμετέρας

2232 2074 2511 2145 δυνάμεως
2560 2076 2707 2138 ὄντα,
2753 2076 2934 2146 ὀρέγει
2984 2079 3158 2149 χεῖρα,
3192 2076 3292 2129 καὶ
3341 2075 3669 2143 ἐπικουφίζει
3712 2076 3791 2126 τὸν

2234 2159 2577 2229 πειρασμόν
2620 2159 2745 2212 ὅταν
2801 2159 2858 2212 δὲ
2911 2158 2993 2230 ἴδῃ
3042 2159 3102 2223 ἐξ
3161 2158 3371 2222 οίκείας
3419 2158 3679 2228 ῥᾳθυμίας
3711 2156 3795 2209 καὶ

2230 2242 2520 2312 ὀλιγωρίας
2548 2241 2646 2314 τὴν
2671 2243 2875 2297 οἰκείαν
2905 2243 3253 2313 προδιδόντας
3287 2243 3579 2313 σωτηρίαν,
3608 2241 3697 2294 καὶ
3724 2240 3792 2311 μὴ

2232 2325 2588 2394 βουλομένους
2606 2326 2866 2395 σωθῆναι,
2888 2325 3081 2395 ἀφίησι
3108 2326 3199 2378 καὶ
3217 2324 3698 2395 ἐγκαταλιμπάνει.
3724 2325 3792 2376 UO

2229 2408 2337 2479 γὰρ
2382 2408 2647 2478 βιάζεται,
2679 2409 2800 2463 οὐδὲ
2833 2408 3152 2477 ἀναγκάζει,
3188 2410 3288 2462 καὶ
3321 2410 3458 2480 ὅπερ
3495 2408 3585 2461 ἐπὶ
3610 2408 3701 2478 τῆς
3726 2408 3795 2460 δι-

2227 2490 2516 2555 δασκαλίας
2544 2492 2734 2554 ἐποίει,
2765 2492 2921 2546 τοῦτο
2958 2494 3049 2545 καὶ
3082 2492 3325 2547 ἐνταῦθα
3368 2494 3592 2561 γίνεται.
3622 2491 3794 2544 Καθά-

2232 2591 2337 2645 περ
2364 2574 2472 2643 γάρ
2498 2577 2614 2627 ἐκεῖ
2639 2577 2761 2640 τοὺς
2800 2576 2873 2646 μὴ
2907 2576 3155 2640 θέλοντας
3185 2577 3432 2639 ἀκούειν,
3462 2575 3573 2628 ἀλλ’
3599 2576 3795 2641 ἀποπη-

2228 2656 2453 2720 δῶντας,
2478 2658 2573 2726 οὑχ
2599 2652 2797 2723 εἷλκεν,
2826 2658 2973 2731 [167]
2997 2659 3115 2713 οὐδὲ
3138 2659 3414 2723 ἐϐιάζετο,
3436 2662 3546 2721 τοῖς
3570 2656 3625 2710 δὲ
3649 2673 3795 2726 προσ⁸

2230 2738 2409 2809 έχουσι
2437 2740 2644 2793 διέλυσε
2691 2743 2761 2794 τά
2808 2743 3014 2812 ἀσαφῆ,
3047 2743 3139 2795 καὶ
3180 2743 3255 2795 τά
3308 2743 3606 2811 αἰνίγματα
3639 2737 3794 2793 ἐποίει

2230 2823 2467 2892 φανερά·
2497 2823 2638 2876 οὕτω
2666 2824 2730 2895 δὴ
2763 2827 2855 2877 καὶ
2886 2824 2979 2877 ἐπὶ
3008 2824 3117 2877 τῶν
3147 2824 3526 2896 πραγμάτων·
3560 2823 3677 2885 τοὺς
3707 2821 3793 2890 μὲν

2229 2904 2564 2976 ἀναλγήτους
2600 2907 2694 2959 καὶ
2735 2907 2835 2960 οὐκ
2866 2906 3146 2971 ἐθέλοντας
3182 2908 3289 2961 οῦκ
3331 2906 3649 2977 ἀναγκάζει,
3687 2903 3793 2956 οὐδὲ

2232 2987 2494 3057 βιάζεται,
2535 2990 2661 3052 τοὺς
2702 2990 2759 3043 δὲ
2812 2990 3286 3062 προαιρουμένους
3336 2992 3631 3044 ἐπισπᾶται
3676 2985 3797 3058 μετά

2230 3072 2429 3143 πολλῆς
2457 3073 2556 3144 τῆς
2589 3074 2963 3146 σφοδρότητος.
2993 3076 3091 3129 Διά
3120 3076 3291 3130 τοῦτο
3318 3077 3414 3131 καὶ
3443 3079 3472 3130 6
3501 3075 3694 3144 Πέτρος
3716 3088 3802 3141 φη-

2229 3155 2313 3208 σίν
2333 3171 2346 3185 ο
2378 3156 2495 3208 Ἐπ’
2524 3156 2809 3225 ἀληθείας
2841 3158 3401 3230 καταλαμϐάνομαι,
3433 3159 3521 3213 ὅτι
3546 3159 3613 3211 ἐν
3642 3152 3803 3208 παντί

2224 3238 2381 3293 ἔθνει
2418 3241 2452 3291 ὁ
2487 3241 2855 3308 φοϐούμενος
2903 3241 3010 3295 τὸν
3051 3243 3218 3307 Θεὸν,
3288 3245 3389 3297 καὶ
3437 3240 3803 3313 ἐργαζόμενος

2224 3320 2638 3390 δικαιοσύνην,
2678 3323 2885 3391 δεκτὸς
2916 3326 3075 3392 αὐτῷ
3106 3327 3269 3381 ἐστι-
3326 3327 3437 3382 Καὶ
3479 3330 3507 3381 ὀ
3538 3325 3802 3396 προφήτης

2222 3405 2354 3457 αὐτὸ
2387 3406 2543 3458 τοῦτο
2569 3410 2823 3476 παραινεῖ
2849 3406 3052 3475 λέγων·
3090 3410 3224 3463 Ἐὰν
3269 3412 3505 3479 θέλητε,
3528 3409 3623 3462 καί
3650 3410 3803 3460 εἱσα-

2222 3488 2486 3556 κούσητέ
2505 3506 2646 3556 μου,
2685 3488 2757 3542 τὰ
2798 3491 2989 3560 ἀγαθὰ
3017 3490 3127 3560 τῆς
3153 3492 3275 3561 γῆς
3294 3496 3579 3563 φάγεσθε·
3620 3491 3720 3544 ἐὰν
3743 3486 3804 3541 δὲ

2215 3569 2303 3639 μὴ
2327 3571 2566 3639 θέλητε,
2602 3572 2756 3640 μηδὲ
2791 3575 3184 3642 εἱσακούσητέ
3199 3594 3355 3645 μου,
3389 3576 3650 3647 μάχαιρα
3666 3571 3805 3641 ὑμᾶς

2225 3654 2552 3708 κατέδεται.
2578 3654 2762 3708 Ταῦτα
2791 3652 2883 3710 οὖν
2915 3656 3133 3722 εἰδότες,
3161 3659 3264 3711 καὶ
3305 3662 3389 3713 ὅτι
3429 3661 3525 3713 καὶ
3560 3660 3617 3711 τὸ
3646 3656 3802 3709 θέλειν

2220 3737 2314 3789 καὶ
2341 3737 2645 3811 τὸοτρέχειν
2682 3741 2740 3792 ἐν
2785 3742 2917 3810 ἡμῖν
2948 3743 3087 3806 ἐστι,
3124 3742 3217 3794 καὶ
3254 3744 3347 3796 διὰ
3390 3744 3488 3795 τοῦ
3522 3743 3690 3796 θέλειν
3723 3738 3806 3792 καὶ

2216 3819 2312 3872 τοῦ
2337 3821 2551 3891 τρέχειν
2576 3822 2665 3874 τὸν
2693 3822 2826 3875 Θεὸν
2852 3824 3211 3895 ἐπισπώμεθα
3244 3828 3390 3899 πρὸς
3421 3828 3521 3898 τὴν
3548 3825 3803 3897 ἡμετέραν

2225 3901 2496 3972 βοήθειαν,
2544 3906 2977 3977 ἐπισπασάμενοι
3025 3909 3081 3963 δέ
3130 3910 3321 3977 αὐτὸν,
3380 3912 3520 3983 πρὸς
3571 3911 3630 3964 τὸ
3669 3908 3805 3968 τέλος

2215 3984 2415 4057 ἥξομεν
2433 3988 2539 4039 τῶν
2568 3988 2934 4059 πραγμάτων·
2959 3990 3227 4046 διαναστῶ
3237 4012 3365 4064 μεν,
3400 3995 3697 4064 ἀγαπητοὶ,
3721 3991 3803 4045 καὶ

2216 4073 2395 4125 πᾶσαν
2430 4071 2662 4143 σπουδὴν
2707 4074 3101 4146 ὲπιδειξώμεθα
3149 4079 3205 4130 ἐν
3239 4082 3308 4149 τῇ
3361 4080 3465 4150 τῆς
3500 4078 3675 4149 ψυχῆς
3705 4094 3805 4129 σω·

2213 4154 2378 4224 τηρίᾳ
2411 4152 2511 4223 τῆς
2539 4156 2833 4226 ἡμετέρας,
2862 4158 2949 4211 ἵνα
2977 4158 3171 4230 μικρὸν
3199 4160 3451 4216 ἐνταῦθα
3483 4165 3807 4232 πονήσαντες

2213 4237 2423 4307 χρόνον,
2473 4240 2612 4291 κατά
2656 4238 2747 4291 τὸν
2791 4241 2981 4312 ἀγήρω
3027 4244 3120 4296 καὶ
3161 4244 3444 4299 ἀθάνατον
3492 4247 3663 4300 αἰῶνα
3707 4243 3807 4297 τῶν

2218 4319 2497 4373 ἀθανάτων
2527 4321 2919 4393 ἀπολαύσωμεν
2955 4326 3201 4394 ἀγαθῶν·
3239 4322 3321 4383 ὧν
3364 4331 3587 4398 γένοιτο
3618 4330 3809 4388 πάντας

2217 4404 2365 4473 ἡμᾶς
2397 4405 2693 4475 ἐπιτυχεῖν,
2725 4407 2907 4477 χάριτι
2934 4410 3027 4462 καὶ
3053 4410 3454 4485 φιλανθρωπίᾳ
3485 4414 3586 4467 τοῦ
3612 4410 3808 4481 Κυρίου

2218 4484 2376 4569 ἡμῶν
2412 4487 2585 4558 Ἰησοῦ
2617 4490 2874 4559 Χριστοῦ,
2909 4492 3027 4561 μεθ’
3052 4486 3112 4545 οῦ
3139 4492 3216 4564 τῷ
3246 4484 3439 4567 Πατρὶ
3465 4498 3501 4569 ἡ
3531 4496 3679 4562 δόξα,
3704 4494 3815 4563 ἅμα

2218 4566 2296 4637 τῷ
2327 4569 2468 4636 ἀγίῳ
2503 4571 2799 4640 Πνεύματι,
2827 4573 2921 4628 νῦν
2948 4575 3041 4629 καὶ
3068 4577 3176 4643 ἀεὶ,
3206 4579 3307 4632 καὶ
3343 4566 3429 4644 είς
3464 4566 3593 4644 τοῦς
3623 4578 3813 4637 αἰῶνας

2219 4650 2327 4704 τῶν
2361 4653 2589 4708 αἰώνων.
2630 4656 2687 4707 ’Λ
2694 4658 2820 4727 μήν.

2282 4829 2306 4858 ο
2324 4826 2455 4877 Uan
2476 4829 2530 4877 τὸ
2554 4832 2758 4892 φορτίον.
