3992 6300
189 444 256 501 161
981 446 1051 504 IN
1084 447 1309 517 lLLUD,
1350 448 1629 517 DOMINE,
1664 450 1802 509 NON
1838 453 1968 512 EST
2006 452 2074 510 IN
2110 454 2391 522 HOMINE,
2432 454 2583 515 ETC.

192 573 355 632 Vlqu
400 573 510 618 non
564 558 641 617 sit
685 557 745 617 in
790 577 974 619 eorum
1003 564 1173 633 posita
1214 565 1517 633 potestate?
1558 565 1737 637 Itaque

197 669 284 710 cunt
305 653 465 711 Deum
490 652 712 709 videtur
733 668 908 720 orare,
941 669 1008 710 ne
1030 654 1262 715 graviori
1292 670 1447 724 paena
1473 656 1735 712 mulcten-

197 758 271 814 tur,
288 746 408 802 nihil
435 745 584 802 aliud
608 746 824 813 indicat,
856 762 1015 817 quam
1034 747 1220 817 dignos
1247 762 1341 803 eos
1365 763 1485 804 esse
1512 748 1599 819 qui
1622 749 1737 818 ple—

194 848 377 904 ctantur,
409 853 472 893 ac
499 853 717 909 penam
744 840 1041 894 sustineant
1068 856 1083 894 :
1116 838 1218 895 hoc
1237 850 1416 895 autem
1436 840 1567 895 nihil
1589 840 1734 897 aliud

191 948 318 1002 quam
342 932 641 985 libertatem
664 930 871 986 arbitrii
896 930 1188 984 constituit.
1233 930 1288 985 Si
1333 931 1480 986 enim
1522 946 1610 986 res
1636 946 1732 1002 ge-

190 1022 334 1079 rendae
363 1023 579 1077 illorum
602 1020 740 1090 juris
767 1028 821 1075 et
858 1021 1061 1075 arbitrii
1102 1036 1210 1076 non
1252 1031 1452 1087 essent,
1495 1036 1601 1077 non
1622 1022 1735 1091 jam

194 1129 236 1170 ut
256 1114 433 1169 mitiori
462 1113 727 1183 supplicio
761 1112 1101 1168 afﬁcerentur
1143 1111 1249 1182 peti
1288 1121 1586 1182 oporteret,
1636 1113 1731 1168 sed

195 1221 267 1262 nec
286 1206 384 1260 ullo
407 1204 568 1259 modo
599 1203 772 1273 puniri
805 1221 818 1257 :
848 1204 955 1257 imo
974 1219 1102 1258 vero
1131 1219 1303 1274 neque
1325 1205 1575 1275 precibus
1598 1221 1732 1275 opus

192 1307 337 1352 esset:
366 1310 467 1351 non
502 1296 645 1350 enim
676 1294 1021 1363 deprecatore
1047 1294 1245 1365 indiget
1282 1296 1440 1359 Deus,
1483 1304 1541 1351 ut
1580 1296 1733 1350 inno-

192 1403 333 1446 centes
360 1405 463 1443 non
506 1389 709 1459 puniat.
738 1388 805 1442 Et
832 1388 967 1459 quid
989 1389 1129 1457 dico,
1171 1388 1331 1453 Deus,
1375 1400 1495 1444 eum
1525 1406 1625 1445 nec
1650 1391 1732 1444 ul-

190 1482 251 1537 lus
277 1481 419 1536 homo
447 1480 726 1551 prudens?
752 1480 973 1548 Quando
1003 1479 1161 1550 igitur
1202 1496 1299 1551 pro
1337 1479 1536 1537 Judaais
1574 1498 1730 1537 orare

190 1575 457 1644 prophetam
483 1573 749 1637 videmus,
779 1572 909 1627 satis
937 1572 1104 1642 liquet
1136 1586 1258 1627 eum
1295 1588 1393 1643 pro
1427 1573 1728 1629 hominibus

188 1682 312 1721 orare
355 1666 439 1735 qui
489 1665 761 1734 peccarint
801 1683 815 1717 :
860 1674 968 1719 tum
999 1679 1123 1719 vero
1152 1664 1387 1719 cernitur
1428 1674 1719 1734 peccatum,

187 1772 280 1811 cum
310 1770 461 1825 penes
489 1769 589 1808 nos
613 1762 696 1808 est
724 1764 775 1807 ut
804 1754 973 1824 legem
1014 1770 1118 1807 non
1156 1754 1624 1823 transgrediamnr,
1674 1763 1729 1812 et

188 1861 328 1903 tamen
353 1863 466 1902 eam
492 1847 930 1916 transgredimur.
953 1845 1094 1917 Ergo
1120 1846 1350 1917 undique
1378 1847 1531 1902 nobis
1551 1849 1722 1903 mani-

183 1945 337 1997 festum
361 1950 458 2004 est,
496 1955 622 1995 cum
648 1940 701 1993 in
735 1949 935 2005 nostra,
969 1950 1075 1992 tum
1108 1939 1159 1992 in
1193 1939 1282 1994 Dei
1320 1948 1581 2009 potestate
1622 1940 1724 1994 sita

182 2052 276 2092 esse
304 2043 441 2090 recte
470 2034 629 2088 facta.
660 2032 845 2088 Simile
874 2032 1001 2086 illud
1029 2041 1112 2086 est
1133 2034 1313 2097 etiam,
1348 2032 1465 2087 Non
1493 2034 1723 2100 volentis,

180 2147 306 2195 neque
336 2129 599 2194 currentis,
641 2128 733 2181 sed
778 2126 1054 2180 miserantis
1083 2137 1155 2180 est
1191 2125 1287 2180 Dei
1327 2126 1503 2197 (Rom.
1531 2127 1586 2182 9.
1611 2127 1722 2197 to).

180 2228 229 2279 Et
251 2240 390 2294 quam
416 2223 486 2277 ob
513 2236 734 2277 causam
760 2235 940 2285 curro,
965 2220 1151 2290 inquit,
1204 2220 1287 2274 vel
1314 2237 1468 2288 quam
1497 2221 1566 2275 ob
1594 2236 1723 2274 cau-

180 2334 267 2372 sam
305 2316 435 2380 volo,
491 2313 599 2368 nisi
643 2322 752 2367 tota
784 2326 871 2367 res
899 2312 948 2365 in
976 2328 1095 2365 tneo
1122 2312 1186 2365 sit
1214 2312 1435 2365 arbitrio
1461 2312 1559 2366 sita
1582 2311 1605 2363 τ’
1656 2311 1726 2367 Ut

180 2411 385 2463 nimirum
420 2407 548 2463 dum
592 2405 698 2471 vis,
742 2415 800 2461 et
822 2405 945 2460 dum
973 2406 1169 2471 curris,
1202 2404 1437 2458 divinant
1468 2404 1723 2458 auxilium

175 2512 217 2555 et
249 2500 660 2557 benevolentiam
715 2498 818 2577 tibi.
854 2498 1137 2561 concilies,
1184 2498 1261 2553 sic
1299 2506 1355 2551 ut
1399 2507 1449 2551 te
1488 2497 1721 2565 adjuvet,

175 2612 224 2651 ac
258 2611 453 2649 manum
486 2594 750 2663 porrigat,
791 2601 951 2661 atque
982 2591 1046 2644 ad
1079 2592 1235 2645 linem
1265 2607 1429 2660 usque
1451 2592 1722 2660 perducat.

173 2689 216 2743 Si
236 2688 362 2743 enim
386 2690 488 2742 hoc
514 2684 823 2747 sustuleris,
853 2692 908 2738 et
935 2698 1155 2739 currere
1180 2683 1336 2736 simul
1364 2691 1417 2737 et
1454 2683 1591 2738 velle
1626 2683 1723 2737 de-

173 2780 318 2845 sieris,
343 2792 515 2847 neque
544 2791 766 2830 manum
794 2774 1026 2844 porriget
1057 2774 1213 2838 Dens,
1242 2772 1335 2827 sed
1359 2783 1412 2827 et
1451 2773 1562 2841 ipse
1599 2773 1724 2826 abs-

173 2872 313 2927 cedet.
360 2871 510 2926 Unde
548 2861 814 2924 autemid
849 2868 1099 2922 constat?
1128 2867 1265 2920 Audi
1308 2865 1433 2936 qttid
1472 2867 1613 2921 dicat
1639 2866 1727 2921 Je-

174 2964 445 3034 rosolymm:
472 2961 690 3028 Quoties
708 2957 845 3012 volui
871 2974 1170 3029 congregare
1191 2958 1324 3025 ﬁlios
1351 2968 1480 3020 tuos,
1502 2968 1547 3011 et
1570 2960 1727 3012 nolui-

173 3055 281 3107 stis?
303 3053 419 3107 Ecce
445 3052 755 3118 relinquitur
784 3050 963 3103 domus
990 3057 1149 3102 vestra
1170 3048 1367 3103 deserta
1395 3048 1603 3117 (Matth.
1631 3050 1722 3105 25.

174 3147 266 3214 Ξῖ).
292 3145 461 3211 Vides,
493 3145 753 3212 quoniam
786 3143 857 3195 illi
888 3142 1189 3207 noluerunt,
1221 3157 1328 3212 quo
1372 3152 1524 3211 pacto
1568 3144 1725 3198 etiam

175 3239 292 3293 Deus
312 3238 606 3294 abscessit?
651 3238 943 3307 Propterea
988 3237 1138 3291 nobis
1170 3252 1379 3308 quoque
1407 3253 1540 3307 opus
1566 3249 1647 3294 est
1674 3248 1730 3293 nt

173 3330 385 3394 velimus,
427 3340 481 3385 et
506 3344 815 3393 currantus,
864 3343 972 3399 quo
998 3327 1164 3382 Deum
1191 3328 1345 3383 nobis
1369 3330 1526 3383 etiam
1552 3331 1731 3385 conci-

174 3422 358 3476 liemus.
404 3422 515 3478 Hoc
563 3423 726 3491 igitur
766 3428 870 3484 est,
919 3419 1058 3489 quod
1088 3419 1163 3474 ait
1192 3419 1470 3489 propheta,
1522 3420 1729 3476 felicem

172 3514 347 3568 exitum
388 3529 572 3568 rerum
623 3513 678 3567 in
730 3520 994 3581 potestate
1042 3519 1222 3564 nostra
1267 3510 1426 3565 situm
1455 3526 1559 3565 non
1589 3525 1728 3577 esse,

173 3617 333 3657 verum
359 3603 423 3658 ab
447 3603 648 3659 auxilio
678 3602 911 3671 pendere
937 3601 1112 3655 divino
1144 3620 1158 3654 :
1190 3612 1248 3655 ut
1271 3610 1445 3656 autem
1477 3601 1732 3673 eligamus

177 3697 220 3749 in
243 3697 383 3751 nobis
406 3708 460 3752 et
482 3697 536 3751 in
567 3696 793 3751 arbitrio
824 3703 1006 3749 nostro
1050 3695 1208 3749 situm
1256 3709 1396 3750 esse.
1448 3694 1732 3749 Enimvero

174 3790 212 3840 si
236 3806 398 3845 rerum
428 3805 655 3860 prosper
685 3799 777 3843 aut
804 3789 1018 3843 sinister
1045 3789 1217 3843 exitus
1240 3789 1307 3844 ab
1332 3790 1529 3843 auxilio
1553 3789 1734 3843 diﬁno

176 3883 370 3950 pendet,
395 3882 537 3938 dicet
562 3882 784 3951 aliquis,
819 3879 951 3933 nulli
980 3880 1239 3934 obnoxius
1270 3881 1480 3935 crimini
1526 3881 1733 3935 censeri

176 3974 325 4029 debeo
365 3991 381 4029 :
433 3988 555 4028 cum
604 3974 749 4027 enim
806 3971 1001 4035 omnia,
1050 3987 1169 4041 qua:
1219 3985 1457 4026 mearum
1508 3972 1735 4041 partium

178 4074 301 4129 sunt,
336 4065 712 4135 praestitero,et
736 4062 976 4129 voluero,
999 4072 1053 4117 et
1081 4062 1312 4133 elegero,
1342 4072 1396 4117 et
1425 4079 1536 4118 rem
1566 4064 1733 4132 ipsam

181 4176 433 4231 aggressus
474 4160 650 4225 fuero,
697 4163 744 4213 is
784 4172 917 4212 vero
962 4173 992 4211 a
1038 4158 1191 4225 cujus
1241 4166 1498 4227 potestate
1543 4157 1736 4228 pendet

187 4265 399 4318 eventus,
446 4268 534 4307 me
565 4266 671 4307 non
710 4250 993 4320 adjuverit,
1026 4265 1199 4320 neque
1239 4265 1450 4303 manum
1483 4266 1736 4319 porrexe-

191 4345 259 4409 rit,
283 4345 419 4399 omni
447 4359 567 4399 sum
592 4343 817 4398 crimine
856 4342 1128 4397 liberatus.
1182 4340 1374 4395 Verum
1398 4357 1509 4395 non
1538 4342 1607 4395 ita
1632 4351 1734 4407 est,

194 4437 323 4501 plane
343 4450 443 4491 non
468 4445 553 4490 est
581 4435 654 4489 ita
681 4451 695 4486 :
724 4449 897 4504 neque
915 4434 1056 4488 enim
1089 4433 1203 4487 fieri
1234 4440 1426 4502 potest,
1455 4441 1512 4489 ut
1549 4433 1593 4487 si
1640 4448 1740 4487 nos

200 4526 503 4594 vulnerimus,
546 4526 895 4596 elegerimus,
944 4539 1008 4580 ac
1052 4525 1412 4589 statuerimus,
1462 4525 1600 4580 Deus
1642 4540 1740 4579 nos

207 4618 515 4692 derelinquat.
558 4620 617 4676 Si
645 4620 788 4675 enim
814 4634 908 4673 eos
930 4619 1017 4688 qui
1046 4619 1231 4672 nolunt
1262 4618 1506 4672 hortatur
1530 4626 1587 4672 et
1613 4633 1740 4672 con-

212 4712 308 4765 sulit
335 4717 421 4779 eis,
464 4721 525 4768 ut
568 4712 740 4767 velint
776 4720 830 4765 et
855 4719 1109 4773 statuant,
1134 4710 1303 4763 multo
1339 4710 1504 4779 magis
1532 4724 1626 4764 eos
1651 4710 1740 4779 qui

220 4804 322 4857 ultro
344 4807 539 4877 eligent,
562 4820 667 4860 non
695 4804 1046 4873 derelinquat.
1075 4801 1326 4871 Respicite
1362 4817 1612 4870 namque,
1654 4803 1738 4855 in-

220 4894 322 4960 quit,
347 4896 741 4967 ingenerationes
770 4894 1025 4963 antiquas,
1069 4901 1116 4947 et
1152 4892 1331 4957 videte,
1380 4892 1491 4961 quis
1530 4892 1742 4962 speravit

225 4980 264 5033 ia
301 4983 547 5055 Dominum,
601 4994 650 5042 et
692 4984 938 5054 confusus
983 4983 1094 5036 est?
1130 4992 1216 5035 aut
1246 4982 1358 5052 quis
1384 4982 1656 5041 permansit
1691 4983 1743 5036 in

230 5076 421 5132 nudatis
443 5080 561 5149 eius,
594 5089 643 5134 et
673 5076 907 5149 despexit
938 5092 1050 5129 cum
1087 5074 1275 5145 (Eccli.
1304 5075 1357 5128 2.
1393 5075 1478 5129 11.
1507 5075 1637 5143 l2)?
1681 5075 1746 5129 Et

230 5180 363 5225 rursus
390 5173 453 5227 ait
488 5173 702 5239 Paulus,
757 5171 896 5241 Spes
932 5185 1032 5222 non
1058 5167 1320 5238 confundit
1367 5167 1537 5239 (Rom.
1564 5168 1617 5223 5.
1650 5168 1740 5237 5),

216 5274 309 5328 Spes
346 5266 567 5322 nimirum
617 5267 673 5321 in
717 5264 920 5318 Deum.
967 5258 1299 5329 impossibile
1352 5260 1493 5313 enim
1539 5268 1641 5325 est,
1690 5269 1746 5314 ut

207 5354 330 5411 linem
361 5362 693 5435 propositum
713 5371 835 5413 non
885 5351 1206 5423 adipiscatur
1235 5351 1278 5406 is
1307 5350 1395 5421 qui
1425 5358 1533 5405 tota
1564 5360 1741 5405 mente

3324 457 3427 512 M2

1841 567 1897 623 in
1930 566 2100 624 Deum
2124 578 2320 639 sperat,
2343 576 2398 624 et
2422 584 2542 639 qua:
2564 582 2779 623 suarum
2807 577 2929 623 sunt
2956 565 3183 638 partium
3211 578 3423 639 pra‘stat

1839 660 2039 714 omnia.
2064 660 2129 715 Et
2158 674 2365 725 rursus,
2388 657 2584 715 Fidelis
2607 670 2774 714 autem
2797 659 2957 725 Deus,
2982 661 3066 729 qui
3091 677 3191 714 non
3211 662 3426 731 patietur

1838 765 1926 806 vos
1953 752 2134 805 tentari
2159 768 2314 823 supra
2338 752 2394 805 id
2415 752 2551 821 quod
2570 753 2795 822 potestis,
2818 753 2911 806 sed
2932 754 3078 820 faciet
3105 770 3218 806 cum
3262 762 3424 807 tenta-

1840 845 1973 899 tione
2001 855 2295 916 proventum
2313 888 2328 911 ,
2361 856 2417 899 ut
2444 846 2645 917 possitis
2669 848 2911 900 sustinere
2938 845 3016 915 (1.
3040 845 3158 901 Cor.
3184 846 3269 901 10.
3310 847 3421 915 15).

1840 934 2042 991 Idcirco
2085 937 2336 992 admonet
2362 938 2574 1007 sapiens
2602 940 2680 990 vir
2706 937 2920 1007 quidam
2947 937 3135 993 dicens
3170 956 3184 995 :
3214 936 3341 1003 Fili,
3379 938 3424 992 si

1837 1030 2048 1084 accedas
2072 1032 2141 1083 ad
2167 1031 2447 1084 servitutem
2477 1030 2698 1094 Domini,
2744 1047 2979 1100 praepara
3018 1032 3242 1085 animam
3284 1040 3422 1084 tuam

1837 1121 1906 1173 ad
1933 1122 2270 1176 tentatiouem.
2302 1122 2478 1193 Dirige
2501 1139 2589 1175 sor
2616 1132 2777 1184 tuum,
2806 1131 2852 1174 et
2879 1122 3089 1187 sustine,
3117 1132 3166 1176 et
3189 1139 3251 1176 ne
3276 1122 3422 1192 festi-

1839 1228 1926 1265 nes
1946 1213 2000 1265 in
2027 1221 2247 1284 tempore
2281 1213 2615 1267 obductionis.
2646 1213 2961 1285 Conjungere
2991 1213 3086 1276 illi,
3129 1223 3175 1267 et
3200 1231 3262 1267 ne
3288 1230 3424 1268 res»

1838 1305 2127 1376 das(Eccli.
2146 1306 2199 1360 2.
2222 1306 2271 1361 1.
2295 1306 2372 1376 2).
2395 1307 2542 1361 Alius
2570 1322 2780 1375 quaque
2804 1321 2983 1361 sermo
3012 1322 3109 1361 nos
3134 1306 3418 1362 admonet:

1839 1394 1937 1459 Qui
1963 1406 2127 1449 autent
2155 1398 2535 1466 penseveraverit
2567 1414 2721 1468 usque
2753 1398 2804 1450 in
2831 1397 3004 1465 ﬁnem,
3039 1397 3118 1451 hic
3138 1399 3304 1452 salvus
3326 1398 3419 1452 erit

1837 1484 2047 1556 (Matth.
2088 1488 2172 1542 to.
2205 1488 2319 1556 22).

1916 1576 2003 1631 Vir
2026 1580 2168 1633 bome
2190 1580 2460 1635 voluntatis
2500 1597 2602 1634 non
2630 1581 2876 1634 deseritur
2903 1596 2935 1634 a
2966 1580 3089 1635 Deo.
3136 1579 3272 1634 Deus
3318 1598 3419 1635 non

1834 1672 1933 1723 vim
1956 1669 2103 1737 alfert
2131 1682 2218 1724 aut
2239 1672 2388 1741 cogit.
2416 1702 2487 1712 -—
2512 1672 2680 1726 Porro
2709 1672 2823 1726 hmo
2848 1673 3023 1726 omnia
3054 1672 3245 1742 regula:
3272 1681 3417 1735 sunt,

1834 1761 1997 1832 leges.
2030 1777 2093 1817 ac
2116 1763 2329 1817 decreta
2359 1765 2739 1829 immutabilia;
2789 1774 2843 1819 et
2887 1764 2987 1819 hoc
3025 1765 3078 1818 in
3124 1774 3302 1819 mente
3330 1780 3420 1817 ve-

1832 1863 1943 1909 stra
1986 1855 2057 1908 sit
2105 1855 2266 1909 fixum
2309 1865 2541 1924 oportet,
2593 1856 2706 1911 fieri
2737 1872 2843 1910 non
2876 1871 3051 1926 posse,
3084 1865 3139 1910 ut
3184 1856 3273 1927 qui
3300 1866 3417 1909 stu-

1832 1944 1977 1999 dium
2005 1944 2272 2010 adhibeat,
2302 1955 2354 1999 et
2379 1946 2446 1999 de
2484 1960 2577 1999 sua
2600 1946 2769 2000 salute
2796 1947 2865 2001 sit
2889 1946 3173 2013 sollicitus,
3222 1956 3277 2001 et
3301 1962 3417 2001 om-

1832 2037 1919 2090 nia
1948 2051 2065 2105 quaa
2086 2051 2299 2091 suarum
2328 2038 2697 2107 suntpartium
2722 2048 3059 2109 exsequatur,
3090 2040 3133 2093 is
3161 2054 3413 2109 umquam

1830 2142 1861 2180 a
1894 2127 2003 2181 Deo
2028 2128 2323 2183 deseratur.
2351 2129 2466 2183 Non
2496 2129 2649 2183 audis
2678 2130 2803 2199 quid
2832 2130 2989 2184 Petro
3012 2129 3186 2184 dicat?
3208 2129 3411 2199 Simon,

1833 2218 2031 2282 Simon,
2068 2222 2259 2290 quoties
2299 2222 2530 2292 expetivit
2558 2233 2780 2286 satanas,
2804 2234 2858 2277 ut
2887 2225 3125 2279 cribraret
3167 2241 3252 2278 vos
3286 2226 3417 2279 sicut

1831 2312 2049 2364 triticum
2078 2328 2094 2365 :
2121 2329 2210 2383 ego
2236 2323 2401 2366 autem
2431 2315 2569 2367 oravi
2598 2332 2686 2379 pro
2712 2324 2777 2374 te,
2827 2324 2879 2367 ut
2921 2332 3019 2367 non
3049 2316 3253 2380 deﬁciat
3286 2316 3413 2383 ﬁdes

1832 2413 1919 2459 tua
1947 2405 2096 2476 (Luc.
2119 2406 2211 2460 22.
2240 2407 2331 2462 ⁸51.
2361 2408 2473 2473 32).
2521 2407 2651 2461 Nam
2698 2424 2821 2463 eum
2852 2411 3047 2464 viribus
3076 2412 3271 2465 nostris
3294 2427 3415 2467 esse

1831 2499 2001 2565 majus
2035 2500 2224 2554 viderit
2268 2516 2425 2565 onus,
2469 2516 2680 2554 manum
2711 2502 2948 2571 porrigit.
2978 2518 3039 2556 ac
3072 2504 3413 2557 tentationem

1830 2589 2003 2644 reddit
2042 2591 2297 2645 leviorem
2346 2609 2360 2645 :
2406 2606 2526 2645 cum
2573 2607 2699 2645 vero
2752 2608 2847 2645 nos
2882 2609 2947 2646 ex
2993 2593 3204 2662 propria
3248 2595 3415 2664 negli-

1829 2683 2004 2752 gentia
2047 2681 2240 2736 viderit
2267 2698 2331 2735 ac
2373 2682 2576 2737 desidia
2623 2683 2889 2752 propriam
2917 2685 3137 2737 salutent
3166 2686 3413 2753 prodere,

1832 2790 2003 2843 neque
2030 2773 2165 2829 velle
2197 2774 2412 2840 salvari,
2444 2784 2566 2829 tune
2597 2774 2919 2843 derelinquit
2958 2792 3020 2829 ac
3049 2775 3268 2831 deserit.
3315 2777 3417 2832 Ne-

1831 2883 1935 2935 que
1978 2869 2119 2921 enim
2159 2868 2263 2921 vim
2307 2868 2478 2931 affert,
2511 2879 2600 2923 aut
2643 2871 2802 2938 cogit,
2851 2870 3097 2939 quodque
3140 2871 3264 2924 dum
3314 2872 3415 2927 do-

1832 2959 2056 3012 ctrinam
2102 2958 2353 3024 traderet,
2398 2961 2607 3030 agebat.
2647 2961 2698 3014 id
2729 2961 2886 3014 etiam
2917 2960 3001 3014 hic
3032 2961 3105 3014 ﬁt.
3164 2960 3231 3016 Ut
3274 2963 3415 3015 enim

1836 3052 1943 3105 illic
1973 3067 2088 3118 eos,
2129 3052 2220 3121 qui
2246 3052 2431 3107 audire
2463 3054 2732 3116 nolebant,
2768 3053 2859 3105 sed
2907 3052 3270 3118 discedebant,
3311 3071 3421 3109 non

1836 3143 2097 3209 trahebat,
2130 3158 2301 3212 neque
2340 3148 2443 3196 vim
2474 3144 2769 3197 afferebat:
2798 3143 2892 3198 sed
2926 3145 3009 3204 iis.
3058 3145 3145 3212 qui
3181 3144 3421 3199 attende-

1834 3234 1959 3289 bant
1981 3237 2207 3290 obscura
2235 3236 2493 3300 solvebat,
2522 3244 2576 3289 et
2604 3236 2883 3304 aertigmata
2926 3236 3201 3290 manifesta
3231 3236 3422 3290 redde-

1835 3329 1925 3383 bat
1953 3346 1967 3382 :
1998 3330 2067 3383 ita
2097 3329 2347 3382 nimirum
2388 3339 2444 3383 et
2469 3329 2522 3383 in
2554 3329 2710 3383 rebus
2739 3330 2867 3399 ipsis
2903 3347 2914 3381 :
2955 3344 3049 3383 eos
3093 3333 3180 3397 qui
3226 3329 3421 3398 stupidi

1831 3431 1975 3487 sunt,
2004 3429 2058 3476 et
2102 3421 2323 3475 minime
2349 3420 2552 3487 volunt,
2606 3437 2709 3475 non
2741 3422 2900 3490 cogit,
2955 3438 3126 3491 neque
3167 3423 3271 3477 vim
3321 3421 3424 3475 illis

1834 3510 2147 3567 affertzeos
2176 3524 2377 3576 autem,
2424 3514 2514 3583 qui
2556 3513 2696 3567 ultro
2738 3514 2941 3581 eligunt
2988 3518 3200 3566 summo
3248 3514 3424 3567 studio

1836 3603 1934 3658 sibi
1973 3605 2243 3659 conciliat.
2290 3605 2577 3674 l’r0pterea
2626 3604 2755 3657 dicit
2782 3607 2939 3657 etiam
2968 3604 3198 3659 Petrus:
3236 3604 3298 3658 In
3338 3622 3423 3659 ve-

1836 3695 1984 3748 ritate
2009 3696 2249 3765 comperi,
2298 3696 2414 3765 quia
2454 3695 2508 3747 in
2542 3694 2677 3747 omni
2716 3704 2879 3763 gente,
2934 3695 3017 3762 qui
3061 3698 3198 3746 timet
3238 3693 3423 3757 Deum,

1838 3795 1884 3840 et
1913 3798 2149 3853 aperatur
2171 3786 2447 3859 justitiam,
2476 3795 2709 3855 acceptus
2731 3796 2800 3839 est
2822 3786 2897 3839 illi
2919 3784 3053 3855 (Act.
3080 3787 3162 3841 10.
3200 3788 3285 3842 54.
3309 3789 3424 3857 '55).

1843 3878 1910 3932 Et
1942 3878 2176 3946 propheta
2197 3878 2292 3932 hoc
2314 3875 2480 3945 ipsum
2498 3874 2837 3930 admonetbis
2856 3876 3041 3930 verbis:
3063 3874 3115 3930 Si
3146 3878 3424 3943 volueritis,

1840 3982 1886 4025 et
1911 3970 2170 4023 audieritis
2195 3984 2293 4035 me,
2323 3967 2453 4021 bona
2481 3975 2628 4021 terra:
2651 3964 2925 4021 comedetis
2944 3982 2963 4019 :
2985 3963 3035 4020 si
3059 3980 3228 4022 autem
3255 3970 3424 4023 nolue-

1840 4064 1972 4127 ritis,
2002 4076 2159 4129 neque
2186 4060 2513 4114 exaudieritis
2538 4075 2636 4133 me,
2664 4060 2864 4130 gladius
2886 4060 3140 4116 devorabit
3166 4077 3251 4115 vos
3276 4060 3427 4131 (Isai.

1842 4157 1895 4211 1.
1927 4156 2011 4210 19.
2036 4153 2151 4221 20).
2180 4153 2307 4220 Quae
2336 4168 2456 4207 cum
2484 4152 2555 4207 ita
2582 4164 2707 4207 nota
2735 4163 2788 4208 et
2816 4154 3088 4222 explorata
3116 4154 3223 4209 sint
3251 4154 3427 4219 nobis,

1841 4259 2002 4317 atque
2034 4246 2086 4300 in
2119 4254 2297 4299 nostra
2330 4253 2596 4314 potestate
2641 4246 2798 4300 situm
2826 4261 2947 4300 esse
2997 4256 3054 4300 ut
3096 4247 3343 4309 velimus,
3376 4254 3433 4300 et

1843 4353 2156 4402 curramus,
2211 4352 2447 4406 nosque,
2515 4336 2639 4390 dum
2704 4337 2949 4390 volumus
3010 4337 3380 4406 currimusque
3409 4379 3427 4403 ,

1846 4432 2012 4485 Deum
2062 4428 2217 4482 nobis
2253 4428 2632 4483 conciliaturas
2692 4427 2757 4482 ad
2824 4428 2941 4497 ejus
2993 4429 3249 4483 auxilium
3292 4428 3433 4483 obti-

1850 4520 2125 4585 nendum;
2192 4534 2258 4572 eo
2310 4535 2470 4587 porro
2514 4519 2667 4573 nobis
2708 4520 3023 4585 conciliato,
3095 4534 3194 4573 nos
3254 4536 3431 4575 rerum

1844 4613 2044 4668 exitum
2120 4621 2536 4680 assequuturos;
2585 4610 2875 4665 excitemus
2913 4626 3031 4675 nos,
3077 4610 3429 4675 dilectissimi,

1844 4716 2004 4773 atque
2064 4702 2133 4756 ad
2193 4705 2421 4757 salutem
2469 4701 2663 4755 anima:
2734 4712 2930 4757 nostra:
2978 4718 3137 4757 onme
3198 4702 3431 4757 studium

1846 4800 2205 4861 conferamus,
2254 4805 2312 4849 ut
2353 4810 2477 4850 cum
2526 4795 2791 4849 modicum
2823 4794 2876 4849 in
2923 4798 3021 4850 hac
3050 4799 3152 4849 vita
3198 4796 3434 4849 laborem

1847 4889 2323 4953 exantlaverimus,
2382 4889 2437 4943 in
2484 4897 2686 4943 atterno
2731 4898 2788 4943 et
2837 4890 3119 4943 immortali
3174 4904 3289 4943 arvo
3343 4889 3435 4943 illo

1848 4984 2002 5038 bonis
2054 4980 2446 5035 immortalibus
2484 4979 2821 5051 perfruamur
2853 4998 2866 5032 :
2900 4996 3017 5050 qua:
3070 4978 3226 5032 nobis
3264 4979 3436 5029 omni—

1847 5077 1947 5133 bus
1971 5085 2029 5129 ut
2049 5075 2378 5142 contingant,
2427 5073 2558 5127 faxit
2588 5074 2754 5143 gratia
2800 5081 2854 5128 et
2881 5071 3180 5141 benignitas
3228 5070 3435 5123 Domini

1851 5169 2017 5224 nostri
2065 5167 2190 5222 Jesu
2220 5167 2440 5233 Christi,
2486 5183 2606 5222 cum
2630 5182 2737 5239 quo
2768 5166 2909 5220 Patri
2938 5165 3126 5235 gloria.
3169 5165 3443 5235 simulque

1858 5267 2045 5313 sancto
2088 5257 2330 5327 Spiritui,
2362 5272 2501 5315 nunc
2540 5267 2595 5315 et
2632 5272 2862 5328 semper,
2890 5266 2940 5311 et
2970 5255 3023 5311 itt
3063 5261 3433 5315 sacculasaecu-

1854 5351 2050 5406 lorum.
2084 5353 2273 5405 Amen.
