3992 6300
562 404 663 458 165
1291 404 1346 460 S.
1374 401 1656 463 JOANNlS
1685 400 2163 456 CHRYSOSTOM]
2193 402 2506 458 ARCIIIEP.
2541 400 3079 459 CONSTANTINOP.
3651 416 3736 465 ιω

564 690 1311 715 αφ’--.ηκ--σ--σ-η-
1324 695 1386 701 --ηη
1396 694 1841 702 ____.___.____.——.

648 706 764 714 —-——-
774 705 900 714 ...α-ο
909 706 1841 715 ..ο-*η--ο-τ-ε-ῌ--ῌ

648 706 764 714 -μ-
774 705 1626 717 -ωω-ᾓη--ο-τ--νο--ᾓ

2447 684 3641 712 m

2384 699 3716 716 -ι-*οᾙ-ᾝ--ᾑὲ

1076 1098 1151 1158 ΙΝ
1208 1098 1414 1159 DUAS
1462 1093 1858 1157 HOMILIAS
1915 1095 2023 1156 DE
2069 1092 2701 1155 PROPHE'I‘IARUM
2752 1091 3302 1153 OBSCURITATE

637 1391 940 1448 Admodum
970 1391 1191 1449 diflicile
1215 1402 1300 1447 est
1330 1401 1543 1461 tempus
1570 1390 1829 1456 indicare,
1851 1404 1960 1460 quo
1991 1390 2076 1445 hae
2094 1390 2216 1446 duas
2237 1388 2473 1445 homilia:
2498 1387 2699 1447 habita:
2731 1389 2905 1444 fuere.
2936 1388 3157 1444 Certum
3193 1387 3404 1458 quidem
3441 1397 3521 1443 est
3546 1388 3751 1459 priorem

571 1532 777 1603 aliquot
810 1533 1005 1590 diebus
1053 1535 1278 1590 alteram
1310 1535 1675 1605 praecessisse,
1703 1534 2062 1606 posteriorem
2103 1549 2234 1590 vero
2262 1535 2353 1590 die
2389 1533 2667 1589 Dominica
2697 1533 2899 1589 dictam
2930 1532 3118 1587 fuisse.
3151 1531 3206 1586 id
3233 1532 3373 1585 enim
3399 1539 3598 1586 constat
3619 1545 3677 1584 ex
3701 1528 3756 1583 iis

564 1682 686 1738 qua:
714 1668 973 1723 dicuntur
1006 1668 1059 1722 in
1086 1668 1317 1724 llomilia
1338 1668 1425 1724 cui
1452 1668 1664 1735 titulus,
1700 1667 1977 1724 Dwmones
2003 1685 2106 1723 non
2129 1669 2420 1741 gubernare
2464 1669 2740 1725 mundum.
2769 1666 2848 1723 Ibi
2886 1668 3055 1734 enim,
3097 1665 3252 1722 Tom.
3289 1666 3349 1729 ll,
3381 1683 3432 1736 p.
3466 1666 3582 1732 ΞΠ,
3612 1666 3665 1731 Β,
3690 1666 3759 1721 sic

564 1809 677 1865 ait:
711 1808 879 1880 Atque
910 1809 1005 1863 hoc
1047 1810 1255 1880 quidem
1288 1810 1354 1864 ab
1389 1812 1531 1865 omni
1566 1822 1798 1882 tempore
1826 1811 1947 1881 jam
1984 1812 2235 1877 innotuit,
2280 1813 2572 1882 prresertim
2609 1829 2644 1866 α
2696 1811 2972 1866 Dominica
3010 1809 3293 1879 superiore.
3329 1806 3614 1875 Numquam
3644 1807 3762 1861 enim

565 1948 744 2004 divina
765 1948 905 2003 vobis
933 1948 1141 2020 eloquia
1172 1951 1445 2021 fastidium
1475 1968 1661 2021 parere
1689 1950 1908 2006 diesiile
1943 1953 2235 2021 prwsertim
2257 1952 2528 2006 indicavit.
2553 1949 2760 2006 Ibidem
2784 1957 2989 2016 autem,
3019 1949 3074 2003 in
3106 1945 3380 2004 concionis
3412 1944 3603 1999 scilicet
3632 1940 3762 2011 priu-

566 2086 733 2156 cipio,
768 2087 858 2142 illa
883 2088 1065 2143 omnia
1086 2088 1279 2144 ordine
1304 2090 1501 2160 repetit
1524 2106 1647 2160 quae
1676 2090 1730 2144 in
1763 2091 1929 2161 hujus
1951 2089 2233 2146 concionis
2256 2091 2363 2144 line
2391 2087 2624 2152 dixerat,
2657 2085 2803 2156 quod
2832 2085 2888 2139 in
2917 2100 3068 2140 more
3094 2098 3218 2138 esse
3244 2081 3611 2152 Chrysostomo
3626 2088 3764 2130 nemo

569 2222 777 2288 nescit;
810 2223 1067 2280 nimirum
1098 2225 1208 2298 agit
1231 2225 1300 2281 de
1331 2227 1533 2282 sanctis
1554 2227 1826 2299 justisque
1853 2228 2005 2295 viris,
2049 2229 2143 2299 qui
2187 2243 2284 2283 sua
2311 2228 2554 2299 ipsorum
2593 2235 2837 2299 peccata,
2861 2241 2971 2280 non
3010 2233 3193 2279 autem
3232 2222 3423 2289 aliena,
3452 2235 3567 2277 cum
3595 2217 3765 2273 doloris

573 2357 962 2429 significatione
1011 2362 1535 2426 commemorabam,
1596 2363 1774 2420 allatis
1817 2365 1985 2420 etiam
2040 2363 2335 2437 Scriptum
2390 2365 2524 2420 locis
2561 2366 2702 2420 bene
2746 2363 2931 2420 multis
2977 2373 3141 2433 atque
3179 2358 3433 2430 exemplis
3467 2365 3763 2416 sanctorum,

571 2490 761 2544 eadem
788 2490 930 2546 serie
959 2500 1015 2547 et
1034 2493 1460 2549 accuratissime.
1482 2494 1616 2549 Nam
1646 2496 1790 2565 quod
1817 2497 2122 2567 exemplum
2162 2496 2458 2552 desiderari
2487 2496 2542 2550 in
2590 2496 2693 2552 hac
2723 2495 2963 2552 secunda
3001 2495 3270 2553 concione
3301 2492 3611 2564 querebatur
3631 2487 3772 2543 Tille-

574 2632 835 2695 montius,
884 2632 968 2689 vir
1013 2634 1308 2707 diligentia:
1351 2645 1408 2692 et
1434 2637 1800 2693 accurationis
1839 2638 2301 2710 singularissimae,
2339 2655 2539 2710 nempe
2585 2638 2717 2695 illud
2745 2638 2912 2705 Petri,
2954 2637 3060 2693 Exi
3102 2654 3136 2691 α
3172 2654 3279 2702 me,
3306 2636 3429 2708 quia
3459 2635 3534 2689 vir
3568 2642 3775 2702 peccator

572 2787 711 2833 sum,
740 2769 850 2840 jam
876 2784 941 2825 ex
971 2770 1169 2826 Codice
1196 2769 1508 2827 Colbcrtino
1531 2774 1837 2829 restitutum
1873 2774 2061 2831 habes.
2094 2774 2279 2847 Itaque
2300 2785 2512 2833 certum
2545 2776 2993 2847 exploratumque
3029 2782 3115 2830 est
3147 2774 3427 2831 homiliam
3458 2774 3589 2829 hanc
3608 2787 3773 2827 secun-

574 2901 699 2958 dam
732 2902 800 2957 de
824 2902 1238 2975 Prophetiarum
1274 2905 1605 2963 obscuritate
1624 2908 1821 2964 dictam
1847 2908 2016 2965 fuisse
2060 2910 2340 2966 Dominica
2371 2910 2713 2982 praecedente
2735 2910 3054 2967 concionem
3076 2909 3230 2964 illam
3253 2924 3411 2979 supra
3443 2915 3773 2962 memoratam.

574 3040 796 3096 Certum
836 3041 1056 3110 perinde
1094 3042 1313 3099 videtur
1361 3045 1525 3101 hasce
1546 3045 1680 3101 duas
1702 3046 1995 3102 conciones
2021 3046 2324 3102 Antiochia:
2351 3048 2562 3103 habitas
2586 3046 2783 3115 fuisse;
2815 3047 2943 3118 quia
2979 3061 3178 3119 nempe
3208 3046 3609 3118 Chrysostomus
3633 3040 3701 3096 sic
3724 3038 3779 3092 de

575 3176 834 3249 episcopo
865 3177 1102 3247 loquitur
1132 3177 1188 3231 in
1213 3179 1434 3235 humilia
1464 3182 1724 3248 secunda,
1755 3198 1907 3237 num.
1935 3183 1989 3249 5,
2030 3191 2090 3238 ut
2117 3200 2229 3240 non
2261 3200 2340 3251 se,
2386 3186 2480 3242 sed
2502 3185 2667 3241 alium
2690 3184 3010 3257 episcopum
3043 3200 3165 3242 esse
3201 3184 3527 3242 subindicet.
3551 3185 3621 3240 De
3662 3198 3784 3239 anno

576 3320 759 3367 autem
790 3312 928 3367 nihil
955 3314 1298 3384 exploratum
1336 3316 1585 3371 habetur.
1612 3316 1746 3373 \‘idc
1766 3316 1938 3374 Tomo
1959 3319 2024 3386 ll,
2056 3337 2111 3392 p.
2137 3321 2265 3377 245.

650 3448 768 3506 Erit
799 3452 940 3510 forte
960 3453 1233 3527 quispiam
1260 3456 1352 3525 qui
1379 3471 1584 3513 annum
1620 3471 1680 3513 se
1710 3456 1839 3513 hinc
1868 3457 2135 3528 expiscari
2177 3475 2339 3531 posse
2368 3469 2539 3532 putet,
2560 3461 2706 3531 quod
2754 3462 2811 3517 in
2841 3461 3083 3519 Homilia
3110 3463 3295 3534 prima
3320 3462 3389 3519 de
3415 3459 3785 3533 Prophetiarum

560 4410 861 4457 υτιιιτη
892 4413 970 4454 ΕΤ
997 4412 1428 4457 PERCOMHODE
1459 4412 1740 4467 FACTUM,
1787 4412 1870 4455 UT
1912 4412 2286 4458 PBOPHETIB
2327 4415 2409 4457 DE
2439 4416 2707 4460 CHRISTO
2745 4418 2824 4460 ET
2865 4418 3173 4463 GENTIBUS
3218 4421 3435 4474 υκρυε
3488 4417 3805 4471 ,ιυοῶοιιυη

1316 4511 1797 4555 REPROBATIONE
1838 4511 2133 4555 onscuum
2177 4514 2426 4569 essum,
2475 4516 2961 4561 ocuonsrauxo
3006 4500 3115 4582 (a).

1841 4661 2290 4718 -——-—@Qm

644 4807 692 4860 Ι.
725 4805 1000 4860 Sententia:
1020 4803 1174 4860 Isaia:
1196 4822 1310 4859 cum
1332 4804 1597 4861 altitudine
1619 4805 1773 4862 maris
1801 4810 2143 4879 conferuntur.

572 4898 910 4970 l'fmperientire
929 4908 974 4953 et
995 4897 1361 4953 exercitationis
1382 4898 1665 4952 commoda.
1688 4928 1760 4939 —
1779 4897 2148 4970 Propheticam

564 4995 718 5050 vobis
746 4992 906 5049 hodie
930 4994 1053 5047 volo
1081 5006 1319 5047 mensam
1350 4991 1634 5058 instruere,
1662 5000 1824 5063 atque
1850 4992 1905 5046 in
1934 4992 2152 5062 pelagus

566 5086 844 5155 sapientia:
892 5083 1041 5141 lsaize
1081 5083 1311 5140 meditor
1349 5084 1643 5138 orationem
1691 5083 1998 5139 immittere.
2046 5085 2151 5140 Sed

570 5176 697 5246 quid
719 5175 951 5233 faciam?
976 5174 1169 5230 Dubito
1189 5190 1253 5229 ac
1272 5184 1472 5241 metuo,
1495 5190 1565 5229 ne
1582 5190 1704 5229 cum
1726 5190 1758 5230 e
1778 5184 1933 5245 portu
1951 5179 2153 5247 egressi

570 5266 853 5332 fuerimus,
882 5275 1044 5337 atque
1067 5265 1134 5320 ad
1170 5264 1487 5335 profundum
1514 5267 1893 5322 sententiarum
1919 5270 2153 5338 prephe-

573 5369 643 5414 tre
670 5360 1100 5431 pervenerimus,
1132 5358 1272 5429 quod
1303 5360 1475 5413 nautis
1502 5358 1793 5428 contingit,
1822 5360 1912 5429 qui
1938 5361 2156 5430 naviga-

570 5452 705 5505 tioni
732 5460 931 5507 assueti
972 5467 1077 5507 non
1103 5460 1264 5516 sunt,
1301 5450 1560 5519 vertigine
1595 5450 1917 5508 laboremus.
1944 5452 2075 5507 Nam
2102 5463 2159 5508 et

575 5543 652 5599 illi
678 5560 798 5598 cum
826 5546 1004 5600 relicta
1038 5554 1176 5600 terra
1215 5558 1281 5599 ex
1321 5553 1543 5613 utraque
1571 5553 1722 5612 parte
1751 5545 1900 5599 navis
1940 5545 2158 5615 pelagus

580 5635 828 5702 viderint,
862 5654 959 5692 nec
984 5637 1124 5692 aliud
1153 5636 1437 5709 quidquam
1468 5645 1662 5704 przeter
1689 5652 1835 5691 mare
1858 5652 1922 5691 ac
1945 5640 2155 5701 caelum,

580 5728 916 5785 tenebricosa
942 5732 1198 5801 vertigine
1225 5730 1585 5800 corripiuntur
1607 5770 1621 5795 ,
1651 5745 1707 5785 et
1745 5746 1847 5784 una
1876 5745 1996 5785 cum
2024 5732 2157 5786 mari

578 5873 710 5992 mata)
741 5869 926 5922 Collata
955 5879 1064 5916 cum
1094 5866 1267 5918 Codice
1285 5867 1438 5930 Regio
1468 5864 1622 5929 2545,
1663 5874 1716 5919 et
1743 5879 1854 5917 cum
1877 5864 2157 5918 Colbertiuo

2296 4686 2595 4705 —-————

2258 4810 2526 4880 navigium
2560 4812 2610 4864 in
2651 4811 2834 4867 orbem
2865 4808 3171 4867 existimant
3209 4808 3564 4866 circumferri.
3610 4804 3715 4861 Non
3744 4810 3811 4853 ta-

2258 4916 2380 4956 men
2410 4918 2476 4956 ex
2508 4911 2694 4956 natura
2739 4904 2935 4969 maris,
2979 4903 3073 4957 sed
3115 4903 3255 4972 quod
3303 4900 3564 4970 inexperti
3604 4898 3703 4950 sint
3739 4891 3815 4961 qui

2259 4993 2529 5063 navigant,
2553 4992 2867 5047 oboriuntur
2890 4994 3174 5063 vertigines
3202 5010 3215 5045 :
3247 4994 3430 5049 cu-teri
3461 4989 3667 5063 quidem
3687 4994 3817 5040 certe

2260 5096 2435 5140 nautze
2458 5084 2613 5140 nudis
2635 5086 2946 5154 corporibus
2970 5087 3095 5141 etin
3123 5085 3312 5142 mediis
3337 5083 3584 5140 ﬂuctibus
3608 5081 3657 5135 in
3678 5084 3821 5146 caput

2263 5196 2323 5237 se
2346 5181 2622 5251 dejiciunt,
2651 5196 2824 5251 neque
2851 5180 2957 5236 tale
2980 5181 3261 5251 quidquam
3285 5180 3577 5250 patiuntur,
3606 5171 3694 5229 sed
3713 5183 3820 5224 cum

2262 5275 2327 5328 ad
2356 5274 2526 5344 ipsum
2554 5271 2871 5342 profundum
2899 5272 3300 5338 descenderint,
3335 5272 3501 5325 tutius
3520 5311 3537 5337 ,
3567 5281 3718 5338 quam
3746 5259 3824 5331 qui

2264 5364 2316 5419 in
2339 5364 2642 5432 pavimento
2662 5363 2877 5434 degunt,
2904 5364 3010 5418 illic
3031 5373 3325 5428 versantur,
3352 5372 3409 5417 et
3434 5362 3561 5415 licet
3579 5372 3689 5423 ore,
3713 5368 3826 5407 ocu-

2264 5457 2362 5521 lis,
2389 5470 2454 5510 ac
2493 5464 2603 5509 toto
2629 5470 2852 5524 corpore
2882 5456 3200 5525 salsuginem
3238 5453 3538 5523 excipiant,
3570 5463 3676 5503 nun
3702 5456 3829 5513 agre

2265 5548 2462 5603 ferunt.
2489 5547 2717 5603 Tantum
2745 5547 2941 5602 bonum
2964 5558 3045 5602 est
3068 5548 3399 5609 exercitatio,
3425 5555 3627 5598 tantum
3650 5538 3826 5593 malum

2264 5650 2347 5697 est
2377 5641 2637 5711 imperitia
2668 5657 2681 5694 :
2709 5641 2786 5695 sic
2827 5640 2923 5695 ista
2954 5640 3266 5710 persuadet,
3298 5648 3358 5691 ut
3399 5636 3562 5692 etiam
3592 5645 3704 5703 qum
3730 5627 3829 5681 fur-

2265 5733 2534 5788 midabilia
2556 5742 2679 5787 sunt
2697 5743 3118 5798 contemnamus,
3143 5733 3227 5785 illa
3250 5746 3381 5784 vero
3402 5729 3587 5792 efficit,
3613 5734 3670 5779 ut
3686 5721 3829 5777 etiam

2268 5835 2375 5879 tuta
2405 5836 2647 5896 suspecta
2682 5825 2789 5880 sint
2818 5826 2970 5881 nobis
2991 5868 3004 5884 .
3031 5840 3097 5880 ac
3121 5820 3517 5880 reformidanda
3548 5816 3833 5874 vidcantur.

2266 5917 2401 5975 Nam
2428 5918 2482 5975 lii
2506 5918 2716 5991 quidem
2747 5920 2799 5975 iu
2841 5918 3157 5976 sublimibus
3184 5914 3437 5974 sedentes
3462 5912 3621 5971 navis
3640 5905 3827 5968 tabula-
