4102 6306
574 291 679 350 165

570 409 856 480 πνεύματα
873 401 1161 473 ἐπιθυμίας
1185 399 1423 469 πονηρᾶς
1447 396 1645 466 πολλὴν
1673 388 2000 463 ἐμποιοῦντα
2022 396 2049 424 ι
2070 382 2138 452 τῇ

568 499 776 570 διανοίᾳ
801 498 900 567 τὴν
932 495 1206 563 σύγχυσιν.
1260 490 1397 544 Ἀλλ’
1433 490 1463 541 6
1493 488 1591 559 μὲν
1628 487 1850 557 ἄπειρος
1874 484 1968 538 καὶ
1995 483 2136 553 ἀμε-

568 593 811 661 λέτητος,
842 586 1142 659 ἀρχομένου
1165 582 1259 637 τοῦ
1290 580 1554 654 χειμῶνος
1581 579 1681 650 τῆς
1702 578 1891 649 ὀργῆς,
1938 575 2139 640 εὐθέως

570 682 722 757 [169]
737 680 1064 753 θορυϐεῖται,
1081 676 1425 748 ταράττεται,
1444 673 1731 735 κλονεῖται,
1751 671 1981 741 περιορᾷ
2000 686 2140 739 γινο-

575 776 741 847 μένην
776 769 1104 843 ὑποϐρύχιον
1135 768 1232 838 τὴν
1269 766 1447 836 ψυχὴν
1481 764 1584 817 ὑπὸ
1621 762 1730 816 τῶν
1778 760 1996 823 παθῶν,
2044 760 2139 812 καὶ

570 870 828 936 ναυάγιον
859 864 1251 935 ὑπομένουσαν·
1278 860 1307 912 6
1338 860 1394 912 δέ
1422 859 1683 929 ἔμπειρος
1719 855 1812 911 καὶ
1843 852 2139 925 μεμελετη-

571 960 684 1024 κὼς
713 960 782 1012 τά
814 957 1035 1012 τοιαῦτα
1060 956 1244 1026 φέρειν
1277 951 1557 1022 γενναίως,
1604 950 1852 1021 καθάπερ
1882 948 2141 1018 κυϐερνή-

569 1069 673 1122 την
712 1052 802 1106 ἐπὶ
836 1050 945 1103 τῶν
970 1049 1189 1109 οἰάκων,
1225 1045 1366 1099 οῦτω
1394 1043 1484 1098 τὸν
1512 1042 1768 1113 λογισμὸν
1811 1042 1993 1095 ἐπάνω
2028 1040 2139 1093 τῶν

572 1146 759 1200 παθῶν
776 1144 1025 1206 καθίσας,
1052 1142 1112 1193 οὐ
1139 1139 1401 1210 πρότερον
1428 1136 1719 1205 ἀφίσταται
1745 1135 1921 1188 πάντα
1948 1132 2134 1196 ποιῶν,

571 1243 677 1303 ἕως
709 1239 773 1293 ἂν
798 1235 1095 1306 κατευθύνῃ
1128 1234 1188 1286 τὸ
1223 1232 1427 1301 σκάφος
1460 1229 1595 1300 πρὸς
1623 1230 1712 1282 τὸν
1734 1226 1905 1282 εὖδιον
1928 1227 2029 1295 τῆς
2052 1245 2140 1296 φι-

572 1331 826 1398 λοσοφίας
847 1327 1058 1398 λιμένα.
1093 1326 1270 1394 Ὅπερ
1314 1319 1405 1377 οῦν
1452 1323 1544 1375 ἐπὶ
1564 1323 1661 1393 τῆς
1690 1321 1955 1391 θαλάττης
1992 1318 2139 1387 γίνε-

571 1440 686 1485 ται,
708 1423 802 1475 καὶ
832 1421 924 1473 ἐπὶ
948 1420 1047 1490 τῆς
1071 1418 1307 1481 διανοίας
1346 1416 1653 1486 συμϐαίνει.
1681 1413 1837 1467 τοῦτο
1859 1414 1951 1465 καὶ
1979 1412 2036 1464 ἐν
2073 1413 2137 1481 τῇ

577 1515 833 1585 ἐξηγήσει
869 1516 975 1567 τῶν
1013 1510 1244 1583 Γραφῶν
1286 1508 1602 1579 συμπίπτει·
1637 1506 1846 1576 ἀνάγκη
1890 1503 2140 1577 θορυϐεῖ-

580 1609 723 1673 σθαι,
756 1604 1144 1676 ταράττεσθαι,
1183 1602 1402 1657 ἐπειδάν
1432 1601 1735 1672 ἐξέλθωμεν
1764 1600 1843 1662 εἰς
1878 1598 1939 1651 τὸ
1975 1596 2141 1650 πέλα-

575 1718 690 1769 γος,
712 1699 811 1752 οὐκ
833 1698 1017 1767 ἐπειδὴ
1042 1696 1102 1749 τὸ
1122 1695 1353 1762 πέλαγος
1375 1694 1621 1765 φοϐερὸν,
1639 1693 1752 1747 ἀλλ’
1777 1692 1961 1762 ἐπειδὴ
1980 1693 2141 1761 ἡμεῖς

574 1795 623 1847 οί
669 1791 918 1854 πλέοντες
962 1790 1194 1861 ἄπειροι.
1236 1785 1353 1841 Ὅτι
1386 1785 1493 1857 γὰρ
1523 1787 1687 1848 ἔστιν,
1737 1784 1954 1839 εῠκολον
1983 1783 2141 1854 φύσει

575 1885 734 1953 λόγον
781 1884 941 1946 ὄντα,
981 1881 1235 1935 δύσκολον
1271 1878 1524 1948 γενέσθαι
1568 1878 1719 1948 παρά
1761 1879 1859 1949 τὴν
1888 1878 2141 1948 ἀπειρίαν

572 1976 684 2030 τῶν
712 1973 1033 2037 ἀκουόντων,
1053 1972 1259 2025 Παῦλον
1283 1972 1409 2042 ὑμῖν
1431 1972 1851 2043 παραστήσομαι
1868 1970 2140 2041 μάρτυρα.

579 2067 761 2121 Εἰπὼν
790 2068 893 2138 γάρ
920 2067 1000 2118 ὅτι
1030 2064 1260 2135 Χριστὸς
1306 2063 1518 2130 ἐγένετο
1549 2064 1834 2134 ἀρχιερεὺς
1878 2061 2017 2114 κατά
2044 2061 2143 2130 τὴν

571 2154 729 2229 ’τάξιν
754 2160 1116 2231 Μελχισεδὲκ,
1156 2159 1248 2212 καὶ
1283 2157 1459 2228 ζητῶν
1500 2157 1583 2222 τίς
1628 2160 1771 2210 ἐστιν
1806 2158 1834 2209 6
1875 2156 2142 2226 Μελχισε-

577 2255 692 2318 δὲκ,
727 2256 997 2324 ἐπήγαγε·
1034 2253 1169 2318 Περί
1216 2248 1287 2308 οὗ
1337 2252 1530 2317 πολὺς
1571 2251 1716 2319 ἡμῖν
1760 2253 1794 2304 ό
1830 2251 2011 2319 λόγος
2044 2248 2145 2303 καὶ

578 2347 1078 2415 δυσερμήνευτος.
1106 2344 1167 2396 Τί
1189 2344 1384 2412 λέγεις,
1404 2338 1447 2396 ὦ
1470 2344 1703 2413 μακάριε
1724 2342 1897 2395 Παῦλε
1917 2359 1932 2407 ;
1950 2342 2147 2413 Δυσερ-

584 2437 843 2508 μήνευτός
875 2454 955 2488 σοι
997 2435 1073 2505 τῷ
1117 2436 1488 2506 πνευματικὴν
1516 2435 1691 2505 ἔχοντι
1724 2434 1943 2503 σοφίαν,
1972 2432 2050 2503 τῷ
2075 2433 2144 2486 τὰ

579 2529 863 2600 ἀπόρρητα
891 2530 1107 2598 ῥήματα
1136 2526 1449 2585 ἀκούσαντι,
1476 2527 1551 2597 τῷ
1585 2527 1717 2596 πρὸς
1743 2526 1924 2597 τρίτον
1967 2526 2146 2597 ἁρπα-

578 2623 727 2691 γέντι
758 2621 1013 2692 ούρανόνς
1076 2622 1137 2674 Εἰ
1196 2620 1278 2673 σοὶ
1326 2621 1787 2691 δυσερμήνευτος,
1821 2619 1925 2671 τίνι
1979 2637 2146 2673 κατα-

577 2713 812 2783 ληπτός;
852 2713 1025 2782 Ἐμοὶ,
1066 2712 1218 2783 φησὶ,
1251 2713 1701 2781 δυσερμήνευτος,
1760 2711 1820 2765 ού
1866 2711 2015 2781 παρά
2045 2709 2143 2782 τὴν

576 2808 783 2860 οἰκείαν
836 2805 1152 2865 δυσκολίαν,
1190 2806 1324 2859 ἀλλά
1369 2805 1518 2875 παρά
1566 2804 1664 2876 τὴν
1704 2803 1985 2857 ἀσθένειαν
2035 2804 2146 2857 τῶν

579 2899 898 2952 ἀκουόντων.
943 2897 1123 2950 Είπὼν
1148 2898 1274 2968 γάρ,
1298 2898 1802 2965 Δυσῳμήνευτος,
1836 2899 2140 2968 ἐπήγαγεν·

589 2990 832 3054 Ἐπειδὴ
850 2989 1057 3055 νωθροὶ
1076 2990 1351 3058 γεγόνητε
1370 2990 1494 3054 ταῖς
1513 2989 1739 3055 ἀκοαῖς.
1758 2990 1918 3059 Ὁρᾷς
1941 2989 2022 3042 δτι
2047 2990 2143 3059 οὐχ

560 3083 614 3148 ¹ἡ
658 3079 815 3148 φύσις
847 3079 939 3133 τοῦ
984 3079 1162 3148 λόγου,
1193 3080 1305 3134 ἀλλ’
1342 3083 1373 3151 ἡ
1424 3081 1646 3151 ἀπειρία
1689 3081 1796 3134 τῶν
1841 3082 2146 3135 ἀκουόντων

580 3172 834 3225 δύσκολον
879 3172 972 3225 τὸν
1017 3174 1077 3225 οὐ
1123 3171 1374 3226 δύσκολον
1417 3173 1703 3241 ἐποίησεν;
1760 3174 1833 3226 υύ
1885 3173 2043 3243 μόνον
2089 3173 2146 3227 δὲ

579 3263 854 3322 δύσκολον,
908 3263 1042 3317 ἀλλά
1080 3266 1174 3318 καὶ
1216 3264 1381 3318 πολὺν
1422 3268 1564 3319 ποιεῖ
1589 3266 1679 3320 τὸν
1708 3266 1913 3337 βραχὺν
1942 3269 1975 3338 ή
2007 3268 2145 3338 αὐτὴ

582 3359 749 3412 αἰτία·
771 3358 956 3430 διόπερ
978 3358 1097 3429 οὐχὶ
1116 3360 1552 3429 δυσερμήνευτον
1576 3361 1774 3432 ἔφησεν
1799 3358 1940 3415 εἶναι
1963 3362 2142 3432 μόνον,

579 3448 713 3503 ἀλλὰ
737 3449 829 3502 καὶ
862 3448 1045 3511 πολὺν,
1089 3450 1182 3504 καὶ
1212 3450 1304 3503 τοῦ
1339 3453 1576 3521 μήκους,
1615 3454 1707 3506 καὶ
1737 3454 1835 3524 τῆς
1863 3454 2146 3519 δυσκολίας

581 3540 798 3605 ἀναθεὶς
831 3542 930 3612 τὴν
970 3543 1146 3596 αἰτίαν
1185 3546 1248 3615 τῇ
1283 3545 1577 3616 νωθρότητι
1604 3546 1702 3616 τῆς
1735 3547 1923 3617 ἀκοῆς.
1961 3548 2147 3602 Καθά-

580 3649 688 3703 περ
718 3632 825 3704 γάρ
850 3634 941 3687 ἐπὶ
970 3634 1079 3687 τῶν
1108 3635 1530 3705 ἀρρωστούντων
1562 3638 1659 3691 οὐκ
1694 3640 1987 3706 ἀναγκαῖον
2022 3640 2146 3693 σύν-

580 3742 745 3794 τομον
774 3725 871 3779 καί⁹
891 3727 1309 3798 ἐσχεδιασμένην
1343 3730 1664 3799 παραθεῖναι
1694 3733 1989 3802 τράπεζαν,
2011 3734 2145 3788 ἀλλὰ

580 3815 663 3869 δεῖ
684 3819 1094 3889 παρασκευάσαι
1128 3820 1195 3875 τά
1230 3821 1372 3875 σιτία
1413 3821 1663 3892 διάφορα,
1700 3823 1783 3876 ἵνα
1828 3824 1895 3878 ἂν
1934 3825 2088 3879 τοῦτο
2119 3826 2147 3879 6

581 3909 804 3978 κάμνων
830 3909 905 3979 μὴ
932 3910 1161 3982 βουληθῇ
1202 3913 1538 3982 μεταλαϐεῖν,
1564 3916 1625 3968 τὸ
1653 3914 1836 3986 ⁷έτερον
1855 3916 2013 3990 λάϐῃ·
2045 3916 2148 3971 κᾶν

582 4002 757 4052 ἐκεῖνο
800 4001 873 4070 μὴ
928 4006 1234 4071 προσίηται,
1293 4003 1351 4055 τὸ
1397 4004 1521 4058 ἄλλο
1553 4006 1809 4077 δέξηται·
1859 4006 1959 4061 κᾶν
1991 4008 2148 4062 τοῦτο

581 4092 989 4161 διακρούσηται,
1027 4094 1347 4164 ἐπιλάϐηται
1379 4096 1627 4168 θατέρου,
1674 4101 1768 4154 καὶ
1810 4105 1878 4172 τῇ
1908 4102 2147 4174 ποικιλίᾳ

581 4183 691 4235 τῶν
742 4182 1043 4253 βρωμάτων
1077 4185 1175 4255 τὴν
1225 4185 1508 4241 δυσκολίαν
1554 4192 1891 4261 νικήσωμεν,
1940 4195 2032 4249 καὶ
2069 4196 2146 4266 τῷ

584 4274 905 4344 πολυτρόπῳ
934 4276 1034 4345 τῆς
1057 4277 1333 4349 τραπέζης
1357 4279 1415 4331 τὸ
1450 4281 1771 4353 δυσάρεστον
1798 4285 1895 4354 τῆς
1922 4287 2145 4359 γνώμης

582 4365 1023 4436 θεραπεύσωμεν·
1047 4367 1187 4422 οῦτω
1216 4369 1472 4434 πολλάκις
1510 4373 1602 4425 καὶ
1640 4375 1730 4427 ἐπὶ
1767 4376 1866 4446 τῆς
1904 4395 2147 4449 πνευμα-

580 4457 737 4527 τικῆς
782 4457 1072 4521 ἑστιάσεως
1110 4461 1214 4532 χρὴ
1246 4465 1436 4517 ποιεῖν.
1472 4464 1641 4519 Ὅταν
1684 4465 1928 4532 ἀσθενεῖς
1973 4463 2143 4539 ὼμεν,

581 4550 748 4602 πολὺν
782 4553 1299 4621 παρασκευάσασθαι
1330 4556 1434 4627 χρὴ
1458 4556 1549 4610 τὸν
1572 4557 1727 4626 λόγον
1755 4560 1848 4613 καὶ
1882 4562 2144 4631 ποικίλον,

580 4641 894 4710 παραϐολάς
933 4644 1023 4696 καὶ
1047 4645 1461 4716 παραδείγματα
1509 4648 1728 4719 ἔχοντα,
1766 4651 2143 4717 κατασκευὰς,

579 4732 673 4785 καὶ
692 4732 989 4801 περιόδους,
1009 4735 1103 4787 καὶ
1123 4736 1208 4788 ἐτε
1219 4753 1285 4807 ρα
1302 4737 1468 4792 πολλά
1487 4740 1726 4805 τοιαῦτα,
1743 4742 1827 4795 ἵνα
1847 4742 1911 4795 ἐκ
1928 4743 2145 4798 πάντων

585 4824 739 4897 ῥᾳδία
758 4824 980 4894 γένηται
999 4829 1130 4897 ήμῖν
1158 4829 1264 4881 τῶν
1293 4834 1673 4903 συμφερόντων
1700 4835 1732 4905 ή
1753 4836 1981 4904 αἵρεσις.
2000 4837 2145 4907 Πλὴν

578 4917 691 4970 ἀλλ’
722 4918 769 4970 εί
802 4919 895 4971 καὶ
939 4919 1103 4982 πολὺς
1155 4921 1183 4973 6
1229 4920 1384 4991 λόγος
1422 4926 1516 4979 καὶ
1558 4926 2013 4999 δυσερμήνευτος,
2046 4932 2145 4984 οὐκ

577 5010 946 5080 ἀπεστέρησεν
976 5011 1171 5075 αὐτοὺς
1212 5013 1309 5083 τῆς
1351 5014 1694 5082 διδασκαλίας
1737 5020 1829 5073 τοῦ
1878 5021 2143 5091 Μελχισε-

574 5100 667 5153 δέκ
685 5117 698 5129 ·
731 5100 808 5171 τῷ
835 5100 932 5171 μὲν
951 5105 1057 5174 γάρ
1087 5108 1277 5169 εἰπεῖν,
1299 5108 1495 5174 Πολὺς
1515 5109 1609 5166 καὶ
1638 5113 2140 5182 Δυσερμήνευτος,

575 5190 881 5261 ἀναστήσας
910 5194 1088 5247 αὐτῶν
1118 5196 1215 5264 τὴν
1241 5198 1490 5269 σπουδήν,
1525 5200 1611 5253 ἵνα
1634 5203 2028 5273 προθυμότεροι
2050 5208 2142 5273 γέ-

573 5297 770 5334 νωνται
822 5286 949 5352 περὶ
1001 5286 1099 5355 τήν
1145 5288 1436 5358 ἀκρόασιν·
1484 5290 1560 5361 τῷ
1606 5291 1662 5345 δέ
1709 5299 2010 5367 παρασχεῖν
2041 5298 2140 5368 τὴν

571 5372 871 5441 τράπεζαν,
901 5378 1263 5447 χαρισάμενος
1294 5381 1471 5434 αὐτῶν
1500 5385 1565 5455 τῇ
1607 5385 1887 5457 ἐπιθυμία.

646 5462 709 5531 β’.
727 5460 878 5538 [⁸170]
903 5466 1071 5520 Τοῦτο
1090 5469 1145 5522 δὲ
1166 5471 1257 5523 καὶ
1278 5472 1438 5542 ήμεῖς
1459 5474 1788 5545 ποιήσωμεν·
1809 5480 1855 5531 εἰ
1876 5480 1965 5533 καὶ
1983 5482 2140 5535 ἀπει-

571 5570 663 5621 ρον
680 5556 740 5609 τὸ
757 5558 989 5630 πέλαγος
1002 5560 1110 5617 τῶν
1128 5563 1442 5636 προφητῶν,
1464 5568 1557 5622 καὶ
1575 5569 1741 5624 πολλά
1756 5571 1870 5625 ἐκεῖ
1884 5574 1952 5627 τά
1974 5573 2133 5644 βάθη,

603 5752 606 5763 ~
630 5723 656 5752 ⁸
678 5722 758 5774 Sic
783 5740 907 5780 unus
926 5733 1053 5793 cod.,
1078 5734 1159 5786 alii
1186 5736 1427 5788 ποιοῦντα.

1336 276 1394 335 S.
1433 270 1715 333 JOANNIS
1749 261 2234 326 CHRYSOSTOMI
2270 261 2592 322 ARCI'IIEP.
2633 265 3182 326 CONSTANTINOP.

3702 270 3800 326 166

2244 382 2741 455 κατατολμήσωμεν
2764 384 2866 455 τῆς
2909 384 3174 456 θαλάττης
3219 382 3360 438 κατά
3390 382 3489 455 τήν
3532 383 3804 456 ήμετέραν

2239 473 2468 545 δύναμιν
2491 492 2506 505 ·
2539 475 2736 546 μᾶλλον
2766 477 2824 529 δὲ
2855 476 2930 548 μὴ
2965 476 3107 530 κατά
3129 476 3227 548 τὴν
3252 475 3526 547 ἡμετέραν
3553 475 3802 546 δύναμιν,

2236 567 2372 622 άλλά
2399 569 2536 623 κατὰ
2563 569 2661 640 τὴν
2680 569 2886 624 ἀνωθεν
2927 569 3215 640 δεδομένην
3245 570 3374 639 ήμῖν
3412 569 3591 641 χάριν,
3629 568 3692 620 οὐ
3718 568 3805 622 διὰ

2235 661 2333 731 τὴν
2379 660 2652 733 ήμετέραν
2687 662 3026 735 παρρησίαν,
3075 662 3210 716 ἀλλά
3255 660 3345 715 διά
3386 661 3485 731 τὴν
3534 660 3807 731 ὑμετέραν

2236 754 2502 822 ὠφέλειαν
2534 756 3033 827 κατατολμήσωμεν
3056 756 3154 826 τῆς
3180 754 3465 825 θαλάττης,
3497 755 3597 809 κάν
3629 753 3808 825 τούτῳ

2238 846 2830 918 Παῦλον-μιμούμενοι.
2874 848 2996 902 Ὅτι
3021 848 3129 919 γὰρ
3172 848 3274 900 οὐκ
3303 845 3671 917 ἀπεστέρησεν
3710 847 3811 899 αύ-

2235 941 2363 1004 τοὺς
2390 938 2484 995 τοῦ
2533 939 2689 1008 λόγου
2720 938 2813 993 τοῦ
2854 939 2995 994 κατά
3033 939 3125 994 τὸν
3171 939 3525 1009 Μελχισεδὲκ,
3577 940 3810 994 ἄκουσον

2236 1032 2346 1087 τῶν
2373 1033 2518 1104 ἐξῆς.
2546 1032 2728 1087 Εἰπὼν
2764 1033 2917 1101 γοῦν,
2944 1032 3085 1101 Περὶ
3111 1028 3184 1087 οὗ
3220 1031 3413 1098 πολὺς
3437 1033 3471 1085 ό
3498 1032 3681 1101 λόγος
3707 1030 3811 1085 καί

2238 1124 2738 1195 δυσερμήνευτος,
2774 1127 3071 1196 ἐπήγαγεν·
3100 1122 3287 1191 οὗτος
3311 1125 3422 1193 τὰρ
3458 1127 3491 1178 ό
3517 1126 3815 1193 Μελχισει

2238 1216 2375 1281 δὲκ,
2402 1217 2701 1285 βασιλεὺς
2728 1217 3117 1287 δικαιοσύνης
3135 1233 3149 1247 ·
3184 1217 3388 1271 ἔπειτα
3413 1216 3482 1271 δὲ
3509 1218 3608 1271 καὶ
3623 1218 3814 1282 ,βασι-

2239 1310 2384 1377 λεὺς
2411 1310 2620 1379 Σαλὴμ
2644 1350 2658 1376 ,
2690 1310 2724 1363 ὅ
2752 1310 2883 1366 ἐστι
2923 1310 3221 1375 ,βασιλεὺς
3246 1308 3510 1379 εἰρήνης,
3545 1307 3814 1377 ἀπάτωρ,

2240 1402 2478 1471 ἀμήτωρ
2499 1440 2515 1465 ,
2562 1403 3033 1472 ἀγενεαλόγητος
3052 1442 3070 1467 ,
3098 1401 3251 1471 μήτε
3293 1401 3493 1472 ἀρχὴν
3532 1400 3776 1471 ἡμερῶν
3799 1440 3817 1465 .

2234 1494 2387 1563 μήτε
2418 1492 2566 1561 ζωῆς
2596 1492 2769 1559 τέλος
2797 1492 2970 1562 ἔχων·
3009 1492 3459 1563 ἀφωμοιωμένος
3494 1493 3563 1546 δὲ
3590 1492 3670 1559 τῷ
3702 1490 3820 1558 Υἱῷ

2239 1585 2345 1639 τοῦ
2378 1586 2522 1640 Θεοῦ
2547 1587 2713 1655 μένει
2742 1585 2931 1653 ἱερεὺς
2968 1586 3055 1652 εἰς
3094 1584 3163 1638 τὸ
3205 1585 3496 1653 διηνεκές.
3526 1581 3674 1659 Ἆρα
3712 1589 3822 1641 οὐκ

2240 1676 2499 1748 ἐτάραξεν
2529 1676 2681 1747 ὑμῶν
2703 1676 2801 1740 τὰς
2825 1676 2995 1740 ἀκοὰς
3022 1678 3148 1749 περὶ
3181 1675 3469 1748 ἀνθρώπου
3495 1677 3822 1748 διαλεγόμε-

2241 1785 2329 1830 νος
2360 1769 2388 1821 6
2420 1767 2627 1831 Παῦλος
2656 1768 2751 1821 καὶ
2772 1768 2963 1836 λέγων,
3002 1766 3275 1836 Ἀπάτωρ,
3306 1768 3582 1837 ἀμήτωρ;
3620 1771 3738 1823 Καὶ
3764 1770 3819 1823 τί

2240 1858 2402 1928 λέγω,
2440 1858 2567 1931 περὶ
2602 1857 2920 1930 ἀνθρώπους
2955 1860 3016 1913 El
3041 1859 3149 1932 γὰρ
3178 1861 3305 1930 περὶ
3335 1860 3427 1914 τοῦ
3470 1860 3709 1932 Χριστοῦ
3734 1860 3825 1915 λέ-

2240 1969 2389 2021 γοιτο
2409 1951 2584 2015 τοῦτο,
2609 1952 2708 2005 οὐκ
2742 1952 2809 2006 ἂν
2840 1952 3035 2024 πολλὴν
3074 1954 3168 2006 καὶ
3204 1952 3376 2016 οὕτως
3423 1953 3822 2025 ἡμῖν’·παρέχοι

2242 2044 2503 2117 ζήτησιν;
2555 2047 2617 2099 Εί
2656 2045 2763 2119 γάρ
2806 2046 3055 2119 ἀπάτωρ,
3097 2046 3213 2109 πῶς
3261 2046 3419 2112 Υἱός;
3455 2048 3503 2100 εί
3552 2048 3823 2121 ἀπάτωρ,

2240 2138 2359 2202 πῶς
2386 2140 2729 2210 Μονογενής;
2770 2140 2828 2192 '0
2869 2139 2978 2211 γάρ
3027 2140 3140 2204 υἱὸς
3176 2140 3378 2211 ὀφείλει
3408 2141 3619 2213 πατέρα
3642 2142 3818 2213 ἐχειν,

2244 2229 2364 2281 ἐπεὶ
2388 2230 2488 2282 οὐκ
2509 2228 2575 2288 ἂν
2607 2228 2692 2298 εἴη
2726 2228 2862 2293 υἱός.
2902 2227 3059 2281 Ἀλλὰ
3085 2228 3179 2282 καὶ
3200 2228 3428 2299 ἀπάτωρ
3450 2229 3596 2283 ἐστὶν
3625 2232 3655 2285 6
3687 2231 3825 2297 Υἱὸς

2241 2317 2335 2370 τοῦ
2362 2317 2515 2383 Θεοῦ,
2567 2319 2661 2371 καὶ
2707 2320 2961 2389 ἀμήτωρ.
3022 2318 3176 2385 Πῶς;
3225 2317 3478 2389 Ἀπάτωρ
3517 2319 3615 2390 τὴν
3662 2320 3824 2374 κάτω

2242 2405 2514 2476 γέννησιν,
2541 2407 2773 2476 ἀμήτωρ
2809 2407 2904 2478 τὴν
2928 2408 3040 2461 ἄνω
3062 2424 3077 2438 ·
3121 2405 3245 2459 οὕτε
3276 2405 3384 2476 γὰρ
3417 2407 3508 2460 ἐπὶ
3547 2406 3654 2476 γῆς
3687 2408 3823 2478 ἔσχε

2244 2497 2478 2568 πατέρα,
2519 2495 2642 2550 οὔτε
2672 2499 2729 2551 ἐν
2761 2497 2977 2569 οὐρανῷ
3015 2498 3247 2569 μητέρα.
3289 2497 3825 2568 Ἀγενεαλότητος.

2257 2586 2626 2640 Ἀκουέτωσαν
2658 2588 2707 2639 οἰ
2750 2587 2850 2656 τὴν
2878 2587 3066 2641 οὐσίαν
3103 2586 3266 2641 αὑτοῦ
3300 2586 3829 2658 πολυπραγμονοῦν-

2242 2692 2354 2738 τες·
2382 2675 2556 2727 καίτοι
2587 2676 2730 2738 τινές
2756 2675 3086 2745 νομίζουσιν,
3121 2675 3203 2729 ὅτι
3231 2674 3293 2727 τὸ
3327 2676 3830 2744 Ἇτενεαλότητος

2241 2763 2400 2816 τοῦτο
2421 2764 2547 2834 περὶ
2571 2763 2669 2834 τῆς
2699 2764 2811 2818 ἀνω
2852 2765 3154 2834 γεννήσεως
3194 2764 3429 2835 εἴρηται.
3473 2765 3535 2817 Οἱ
3576 2763 3674 2834 μέν
3706 2764 3826 2835 γὰρ

2243 2852 2502 2922 αἰρετικοὶ
2539 2853 2657 2906 ούδέ
2685 2852 2839 2906 τοῦτο
2863 2853 3155 2923 βούλονται·
3189 2855 3281 2907 καὶ
3320 2854 3428 2925 γὰρ
3470 2854 3563 2907 καὶ
3601 2853 3829 2926 ἐκείνην

2244 2944 2758 3015 πολυπραγμονοῦσι
2791 2945 2889 2999 καὶ
2932 2943 3404 3016 περιεργάζονται·
3453 2944 3502 2997 οί
3547 2943 3603 2996 δέ
3643 2946 3828 2997 ἐπιει·

2244 3036 2495 3106 κέστεροι
2522 3036 2727 3091 τούτων
2768 3037 2951 3108 ἐκείνῃ
2999 3037 3097 3107 μὲν
3137 3036 3577 3108 παραχωροῦσιν,
3630 3036 3828 3090 οὐκέτι

2243 3127 2299 3181 δέ
2352 3128 2447 3181 καί
2503 3127 2630 3197 περὶ
2659 3125 2861 3195 ταύτης
2898 3127 2997 3197 τῆς
3038 3128 3189 3180 κάτω
3226 3127 3534 3197 νομίζουσιν
3566 3125 3828 3198 εἰρῆσθαι

2244 3215 2325 3280 τὸ,
2359 3216 2871 3285 Ἀγενεαλόγητος.
2895 3216 3167 3286 Δείξωμεν
3186 3211 3277 3269 οὖν
3292 3218 3373 3270 ὅτι
3402 3216 3527 3286 περί
3548 3217 3829 3288 ἑκατέρας

2246 3304 2557 3371 γεννήσεως
2575 3304 2732 3356 τοῦτο
2747 3304 2774 3356 6
2795 3302 3005 3367 Παῦλος
3023 3298 3162 3376 εἶπε,
3185 3304 3279 3358 καὶ
3298 3304 3540 3375 περὶτῆς
3563 3303 3702 3366 ἀνω,
3730 3305 3828 3357 καὶ

2247 3391 2373 3461 περὶ
2400 3390 2498 3460 τῆς
2526 3391 2695 3444 κάτω·
2724 3391 2817 3443 καὶ
2841 3390 2948 3461 γὰρ
2978 3390 3071 3442 καὶ
3101 3390 3280 3459 ἐκείνη
3311 3390 3530 3461 φρικτὴ,
3556 3391 3652 3444 καὶ
3677 3392 3829 3463 αῦτη

2250 3478 2652 3549 μυστικωτάτη.
2701 3477 2799 3530 Διά
2845 3476 3001 3531 τοῦτο
3049 3479 3144 3531 καὶ
3197 3478 3425 3541 Ἡσαΐας
3475 3480 3643 3549 φησὶ,
3703 3479 3831 3548 Τὴν

2247 3567 2459 3636 γενεὰν
2483 3567 2667 3620 αὑτοῦ
2690 3567 2781 3631 τίς
2808 3565 3150 3635 διηγήσεται
3173 3583 3191 3629 ;
3234 3565 3391 3619 Ἀλλά
3419 3583 3483 3618 πε
3494 3567 3544 3637 ρὶ
3571 3567 3828 3640 ἐκείνης.

2248 3656 2432 3724 φησὶν,
2476 3649 2595 3707 εἷπε
2624 3654 2721 3724 τῆς
2749 3654 2879 3710 ἀνω.
2911 3654 2976 3707 Τί
2994 3651 3088 3707 οὖν
3115 3654 3346 3725 ἐροῦμεν
3376 3655 3592 3726 Παύλῳ,
3634 3658 3825 3727 ἀμφο-

2246 3743 2409 3813 τέρας
2439 3742 2647 3797 είπόντι
2666 3742 2765 3807 τὰς
2793 3743 3089 3812 γεννήσεις,
3119 3745 3211 3796 καὶ
3234 3744 3351 3796 τότε
3381 3745 3717 3813 ἐπαγαγόντι
3739 3745 3826 3810 τὸ,

2258 3833 2782 3903 Ἀγενεαλόγητος;
2819 3834 3085 3905 Πρότερον
3133 3834 3239 3905 γὰρ
3283 3834 3485 3899 είπὼν,
3529 3835 3824 3903 Ἀπάτωρ,

2248 3921 2505 3990 ἀμήτωρ,
2535 3922 2656 3976 τότε
2684 3922 2929 3993 ἐπήγαγε
2962 3923 3042 3986 τὸ,
3079 3924 3593 3991 Ἀγενεαλόγητος,
3620 3922 3713 3975 ἵνα
3747 3922 3826 3993 μὴ

2252 4010 2411 4081 μόνον
2442 4010 2561 4063 κατ’
2607 4010 2820 4080 ἐκείνην
2860 4010 2957 4082 τὴν
2994 4011 3277 4081 γέννησιν,
3314 4011 3436 4065 καθ’
3475 4010 3543 4081 ἢν
3583 4012 3829 4083 ἀμήτωρ

2249 4099 2415 4159 ἐστὶν,
2462 4097 2598 4152 ἀλλά
2640 4098 2732 4152 καὶ
2770 4098 2910 4152 κατά
2952 4098 3177 4170 ταύτην,
3208 4098 3330 4152 καθ’
3362 4098 3429 4170 ἢν
3460 4099 3691 4170 ἀπάτωρ
3729 4095 3826 4171 ἦν,

2248 4188 2348 4257 τὴν
2373 4187 2521 4241 κάτω
2550 4185 2714 4255 λέγω,
2747 4187 3175 4258 ἀγενεαλόγητον
3198 4184 3338 4241 εἶναι
3368 4188 3684 4262 πιστεύσῃς.
3719 4188 3827 4242 Διά

2248 4275 2406 4329 τοῦτο
2428 4277 2740 4348 ἀμφοτέρας
2759 4277 2891 4342 θεὶς,
2908 4278 3028 4331 τότε
3048 4274 3173 4331 εἷπε
3188 4278 3266 4337 τὸ,
3298 4278 3355 4333 Ἀ
3364 4280 3826 4347 γενεαλόγητος·

2251 4364 2345 4417 καὶ
2373 4364 2480 4436 γάρ
2509 4366 2602 4418 καὶ
2631 4364 2769 4436 αῦτη
2801 4367 2833 4435 ή
2882 4366 3030 4420 κάτω
3072 4367 3486 4441 ἀκατάληπτος,
3540 4367 3625 4421 ἴνα
3680 4368 3832 4439 πρὸς

2251 4451 2462 4522 ἐκείνην
2515 4452 2647 4522 μηδέ
2706 4454 3024 4524 παρακύψαι
3080 4456 3455 4528 τολμήσωμεν.
3509 4455 3573 4507 EE
3606 4454 3719 4523 γὰρ
3755 4454 3832 4507 τά

2250 4539 2558 4610 προπύλαια
2583 4541 2677 4595 τοῦ
2710 4541 2836 4595 ναοῦ
2860 4544 3001 4596 οὓτω
3034 4544 3238 4614 φοϐερὰ
3264 4544 3356 4597 καὶ
3380 4544 3671 4613 ἀπρόσιτα,
3702 4544 3833 4607 πῶς

2248 4627 2329 4689 είς
2354 4628 2421 4679 τὰ
2458 4627 2628 4681 ἀδυτά
2655 4646 2738 4693 τις
2769 4630 3026 4685 εἰσελθεῖν
3046 4633 3414 4703 ἐπιχειρήσεις
3447 4633 3568 4685 Ὀτι
3592 4633 3693 4702 μὲν
3713 4632 3835 4702 γὰρ

2246 4714 2507 4785 ἐγεννήθη
2544 4718 2607 4769 ἐκ
2636 4719 2729 4771 τοῦ
2764 4720 2996 4789 Πατρὸς.
3028 4715 3161 4774 οἴδα·
3187 4721 3247 4773 τὸ
3274 4721 3332 4774 δὲ
3372 4721 3506 4786 πῶς,
3533 4722 3634 4775 οὐκ
3677 4717 3831 4777 οἶδα.

2249 4801 2370 4856 Ὅτι
2415 4803 2605 4874 ἐτέχθη
2652 4807 2715 4858 ἐκ
2760 4806 2856 4875 τῆς
2904 4807 3209 4877 παρθένου,
3261 4809 3597 4879 ἐπίσταμαι·
3632 4809 3732 4862 τὸν
3771 4809 3837 4863 δὲ

2245 4889 2442 4961 τρόπον
2490 4890 2608 4943 οὐδὲ
2656 4893 2886 4947 ἐνταῦθα
2920 4895 3337 4964 καταλαμϐάνω.
3386 4896 3686 4967 Ἐκατέρας
3712 4897 3838 4967 γὰρ

2249 4976 2401 5050 [171]
2432 4977 2647 5047 φύσεως
2671 4983 2703 5052 ή
2731 4981 2982 5051 γέννησις
3009 4983 3368 5053 ὁμολογεῖται,
3412 4986 3507 5039 καὶ
3551 4987 3836 5059 ἑκατέρας

2245 5068 2274 5119 ό
2293 5068 2490 5139 τρόπος
2515 5068 2814 5138 σεσίγηται.
2843 5071 2953 5124 Καὶ
2974 5072 3161 5142 ὥσπερ
3182 5072 3414 5127 ἐνταῦθα
3436 5074 3527 5127 ἐπὶ
3554 5075 3652 5146 τῆς
3675 5094 3839 5147 παρ-

2246 5156 2432 5220 θένου,
2463 5157 2563 5211 οὐκ
2608 5156 2762 5220 εἰδὼς
2801 5157 2911 5226 ἐγὼ
2958 5161 3076 5223 πῶς
3108 5164 3172 5216 ἐκ
3217 5163 3483 5233 παρθένου
3517 5166 3796 5237 ἐγεννήθη
3818 5209 3837 5232 ,

2244 5243 2489 5314 όμολογῶ
2521 5246 2601 5299 ὅτι
2637 5248 2896 5319 ἐγεννήθη
2922 5289 2936 5313 ,
2970 5249 3064 5303 καὶ
3108 5251 3210 5304 οὐκ
3249 5251 3457 5323 ἀναιρῶ
3492 5252 3551 5305 τὸ
3586 5256 3843 5325 πρᾶγμα

2243 5331 2329 5385 διὰ
2358 5333 2456 5402 τὴν
2486 5333 2704 5401 ἄγνοιαν
2734 5333 2826 5387 τοῦ
2855 5335 3075 5405 τρόπου·
3107 5336 3248 5391 οὕτω
3273 5340 3364 5392 καὶ
3395 5340 3456 5392 σὺ
3480 5340 3711 5409 ποίησον
3738 5344 3845 5397 ἐπὶ.

2238 5418 2333 5471 τοῦ
2357 5421 2587 5491 Πατρός·
2605 5422 2653 5474 εί
2673 5421 2764 5474 καὶ
2782 5422 2880 5475 οὐκ
2900 5419 3047 5487 οἶδας
3074 5424 3189 5488 πῶς
3209 5426 3493 5497 ἐγεννήθη,
3522 5427 3603 5488 τὸ,
3623 5427 3844 5495 Ἐτεγο

2240 5508 2417 5576 νήθη,
2451 5510 2779 5581 ὁμολόγησον
2810 5513 2861 5569 δ.
2893 5512 3009 5566 Κᾶν
3037 5514 3173 5587 λέγῃ
3201 5533 3280 5569 σοι
3310 5518 3339 5568 6
3363 5516 3631 5586 αἰρετικδς
3651 5556 3665 5579 ,
3704 5518 3847 5583 Πῶς

2299 5679 2499 5751 ρξεγὶι,
2536 5686 2590 5730 ει
2631 5682 2833 5751 Ιίσμξεὶο
2874 5683 3137 5751 legendum
3166 5686 3375 5751 videtur,
3401 5690 3439 5738 εἰ
3480 5689 3531 5737 δὲ
3572 5688 3659 5738 οὐκ
3694 5692 3851 5747 οἶδας

2241 5745 2341 5799 πῶς
2366 5743 2598 5803 ἐγέννησε,
2622 5744 2675 5792 τὸ
2696 5745 2908 5805 ἐγέννησε
2932 5743 3242 5808 ὁμολόγησον.
3364 5743 3373 5751 ’
3657 5790 3661 5792 γ
