3992 6300
280 261 365 316 MS
1247 266 1339 322 DE
1380 264 1913 325 PROPIIETIARUM
1953 268 2452 338 OBSCURITATE.
2489 281 2530 340 1.

273 376 331 429 tis
366 375 530 429 etiam
573 375 692 446 ipso
719 391 784 431 ex
814 388 1027 447 aspectu
1056 379 1313 449 vertigine
1342 381 1736 451 corripiuntur:
1766 382 1843 437 il1i

272 477 386 517 vero
413 478 515 519 nec
542 465 597 520 in
636 466 830 523 mediis
868 468 1110 524 ﬂuctibus
1137 470 1534 539 perturbantur.
1569 473 1679 528 Hoc
1706 483 1758 527 et
1790 478 1842 529 in

270 562 437 610 mente
464 563 648 611 nostra
675 558 856 613 evenit
881 575 896 612 :
927 560 1187 630 siquidem
1214 572 1267 617 et
1297 562 1463 631 ipsam
1487 579 1629 632 sazpe
1651 564 1841 621 fluetus

270 644 719 713 perturbationum
769 649 1029 705 invadunt
1074 653 1244 706 multo
1294 653 1515 708 marinis
1558 655 1836 721 saeviores,

269 735 418 791 veluti
447 739 683 807 procella
716 739 1004 796 iracundiae
1023 784 1039 809 ,
1067 759 1186 815 qua:
1211 747 1460 802 deorsum
1501 764 1596 804 cor
1635 752 1834 822 dejicit,

268 836 318 883 et
341 844 513 898 prava:
544 832 848 903 cupiditatis
889 837 1068 902 venti,
1117 839 1206 909 qni
1248 841 1469 899 multam
1509 847 1741 901 excitant
1782 850 1834 903 in

272 932 436 980 mente
464 926 947 983 conturbationem.
968 931 1144 1001 Atque
1169 933 1212 986 is
1238 926 1449 1003 quidem
1476 940 1564 1007 qui
1592 940 1832 1010 inexper-

273 1026 345 1071 tus
389 1028 469 1073 est
513 1029 567 1074 et
605 1022 1013 1088 inexercitatus,
1056 1024 1341 1094 incipiente
1383 1028 1477 1083 ine
1498 1037 1833 1101 tempestate,

276 1113 507 1165 continuo
549 1114 822 1177 turbatur,
854 1126 1223 1171 commovetur
1245 1160 1259 1183 ,
1291 1120 1555 1190 agitatur,
1601 1124 1847 1179 animam

278 1202 379 1255 sinit
402 1203 465 1256 ab
487 1202 763 1258 affectibus
787 1207 1076 1278 submergi,
1103 1223 1167 1263 ac
1197 1210 1525 1281 naufragium
1555 1214 1659 1283 pati
1692 1233 1703 1267 :
1736 1216 1825 1283 qui

281 1308 383 1347 vero
403 1306 642 1364 expertus
667 1307 721 1352 et
739 1299 1064 1353 exercitatus
1086 1312 1165 1354 est
1189 1301 1253 1357 ad
1277 1303 1390 1358 haec
1414 1307 1591 1359 omnia
1624 1309 1823 1375 patien-

282 1395 346 1439 ter
383 1385 588 1441 ferenda
609 1430 624 1454 ,
672 1397 936 1458 tamquam
962 1391 1369 1461 gubernatorem
1396 1395 1464 1449 ad
1502 1396 1707 1451 clavum
1734 1413 1820 1454 se-

281 1479 483 1545 dentem,
517 1484 588 1537 ita
618 1486 877 1540 rationem
908 1502 1065 1557 supra
1098 1490 1520 1559 perturbationes
1551 1496 1677 1551 istas
1705 1499 1819 1552 col-

280 1572 427 1637 locat,
458 1590 624 1644 neque
666 1578 812 1646 prius
840 1578 1053 1634 absistit
1092 1583 1338 1639 omnibus
1384 1587 1592 1640 tentatis
1616 1630 1629 1651 ,
1661 1606 1817 1658 qnam

280 1667 507 1735 navigium
534 1668 597 1722 ad
624 1672 957 1740 tranquillum
984 1674 1327 1745 phil050phiaa
1352 1691 1559 1750 portum
1584 1683 1816 1745 duxerit.

278 1755 401 1822 Quod
426 1757 574 1827 igitur
601 1759 657 1813 ﬁt
686 1760 735 1814 in
764 1764 918 1828 mari,
948 1773 1003 1819 et
1024 1765 1166 1835 quod
1194 1767 1247 1822 in
1272 1779 1449 1825 mente
1476 1775 1689 1838 accidit,
1714 1775 1817 1831 hoc

276 1859 320 1902 et
356 1852 399 1904 in
439 1855 760 1923 expositione
806 1855 1195 1928 Scripturarum
1237 1865 1418 1918 evenit
1448 1883 1460 1920 :
1490 1872 1811 1924 commoveri

275 1957 463 2000 necesse
487 1957 565 2000 est
606 1962 668 2002 ac
699 1950 897 2005 turbari
918 1993 932 2017 ,
977 1962 1255 2024 postquam
1281 1956 1332 2010 in
1372 1958 1585 2030 pelagus
1613 1965 1812 2032 egressi

275 2033 511 2103 fuerimus,
538 2053 642 2093 non
663 2040 803 2109 quod
834 2042 1164 2100 formidabile
1192 2048 1260 2100 sit
1288 2048 1521 2119 pelagus,
1548 2052 1643 2106 sed
1668 2053 1809 2123 quod

272 2122 497 2195 inexperti
525 2129 689 2185 simus
727 2146 827 2185 nos
853 2136 943 2203 qui
976 2137 1302 2206 navigamus.
1330 2139 1462 2195 Nam
1490 2144 1807 2212 orationem,

274 2230 371 2282 qua:
394 2231 476 2271 sua
504 2229 689 2276 natura
718 2223 787 2277 sit
823 2222 1022 2291 facilis,
1068 2228 1139 2282 ob
1168 2229 1480 2299 imperitiam
1507 2234 1806 2291 auditorum

271 2305 499 2362 difficilem
526 2310 676 2380 ﬁeri,
711 2313 934 2371 Paulum
963 2318 1112 2372 vobis
1137 2325 1326 2372 testem
1356 2324 1640 2393 proferam.
1672 2329 1804 2385 Cum

270 2400 383 2454 enim
407 2402 661 2461 Christum
692 2406 912 2464 dixisset
958 2409 1269 2467 Pontiﬁcem
1312 2415 1477 2473 fuisse
1514 2422 1802 2478 secundum

268 2493 470 2549 ordinem
496 2498 865 2565 Melchisedec.
907 2505 1341 2577 qumsivissetque
1380 2511 1498 2580 quis
1526 2512 1803 2572 Melchise-

265 2585 345 2639 dee
369 2600 509 2656 esset,
531 2591 758 2661 adjecit:
783 2592 863 2648 De
890 2612 988 2664 quo
1016 2600 1226 2668 grandis
1254 2602 1394 2657 nobis
1418 2621 1583 2661 sermo
1603 2649 1618 2673 ,
1647 2619 1693 2662 et
1718 2610 1801 2664 in-

264 2684 495 2744 terpretata
521 2681 735 2751 difﬁcilis
763 2684 946 2753 (Hebr.
974 2688 1027 2743 5.
1058 2691 1171 2761 11).
1205 2692 1341 2761 Quid
1369 2696 1464 2761 ais,
1495 2697 1647 2753 beate
1667 2700 1801 2757 Pau-

260 2766 337 2821 le?
374 2770 541 2828 Tibine
582 2775 817 2832 difficilis
863 2789 945 2834 est
989 2782 1377 2855 interpretatu,
1421 2791 1508 2860 qui
1538 2793 1798 2864 Spirituali

257 2860 398 2924 polles
422 2867 668 2932 sapientia
690 2908 705 2934 ,
737 2869 826 2939 qui
856 2887 1046 2928 arcana
1090 2876 1251 2931 verba
1296 2860 1582 2950 audivisti,
1612 2886 1702 2955 qui
1731 2888 1797 2942 ad

254 2955 434 3008 tertium
474 2968 648 3027 raptus
689 2976 748 3015 es
774 2963 1006 3018 ca-lum?
1047 2966 1102 3020 Si
1136 2968 1227 3023 tibi
1255 2969 1487 3028 difficilis
1518 2985 1600 3030 est
1629 2978 1796 3033 inter-

248 3055 461 3112 pretatu,
500 3066 525 3102 a
569 3067 677 3121 quo
722 3057 916 3123 poterit
964 3060 1385 3130 comprehendi?
1411 3064 1536 3122 Mihi
1564 3069 1795 3127 difﬁcilis

244 3147 318 3188 est
346 3137 664 3210 interpretatu
686 3188 701 3211 ,
742 3146 945 3217 inquit,
978 3166 1080 3205 non
1113 3152 1182 3206 ob
1222 3170 1371 3210 suam
1403 3157 1791 3230 difﬁcultatem,

244 3226 334 3280 sed
356 3229 414 3281 ob
431 3232 723 3289 auditorum
748 3238 1127 3298 inﬁrmitatem.
1159 3244 1446 3318 Postquam
1470 3254 1611 3308 enim
1638 3255 1789 3323 dixit,

238 3316 550 3390 Interpretatu
595 3330 845 3399 difﬁcilis,
893 3334 1129 3397 adjunxit
1170 3355 1185 3390 :
1224 3316 1477 3405 Quoniam
1518 3316 1791 3404 imbecilles

238 3413 349 3480 facti
365 3417 468 3471 estis
487 3419 555 3472 ad
574 3422 901 3479 audiendum.
931 3426 1089 3483 Vides
1111 3445 1216 3486 non
1240 3443 1479 3488 naturam
1505 3442 1786 3506 sermonis,

235 3505 319 3558 sed
359 3509 643 3566 auditorum
675 3514 991 3585 imperitiam
1022 3520 1289 3579 difﬁcilem
1320 3541 1441 3581 eum
1471 3505 1783 3599 reddidisse,

236 3596 313 3661 qui
342 3597 553 3657 difficilis
584 3606 804 3662 minime
832 3609 932 3663 fuit
953 3611 977 3659 Ἰ
1014 3612 1193 3684 Neque
1223 3633 1348 3671 vero
1379 3619 1646 3678 difficilem
1674 3596 1786 3680 tan;

237 3693 353 3751 tum,
375 3692 457 3744 sed
478 3702 532 3748 et
553 3696 811 3765 grandem
838 3700 999 3756 efficit
1023 3719 1163 3768 eum,
1190 3710 1275 3776 qui
1308 3709 1480 3766 brevis
1504 3714 1573 3768 sit
1599 3717 1784 3773 cadent

231 3788 371 3832 causa
397 3799 409 3835 :
435 3798 761 3856 quapropter
790 3805 896 3844 non
943 3794 1101 3848 modo
1138 3797 1406 3854 difﬁcilem
1438 3802 1782 3874 interpretatu

226 3881 335 3923 eum
360 3887 472 3928 esse
497 3876 649 3943 dixit,
679 3895 864 3934 verum
895 3884 1051 3938 etiam
1080 3889 1375 3954 grandem,
1405 3903 1456 3946 et
1498 3895 1783 3965 longitudi-

224 3959 331 4024 nis,
358 3974 406 4018 et
430 3964 757 4025 difficultatis
786 3986 999 4029 causam
1040 3979 1348 4035 adscribens
1374 3985 1581 4039 aurium
1616 3988 1782 4044 imbe-

222 4052 425 4107 cillitati.
455 4057 586 4113 Nam
618 4061 755 4116 sicut
790 4063 913 4118 dum
942 4082 1114 4135 :egros
1141 4086 1389 4127 curamus
1430 4092 1534 4130 non
1574 4091 1783 4147 oportet

220 4147 531 4206 subitaneam
562 4164 614 4207 et
642 4166 826 4224 paratu
856 4158 1064 4214 facilem
1093 4180 1330 4219 mensam
1363 4167 1466 4222 illis
1489 4184 1778 4239 apponere,

220 4238 301 4291 sed
330 4242 464 4296 varia
492 4254 618 4299 sunt
649 4248 753 4301 illis
779 4249 955 4304 edulia
982 4254 1236 4321 paranda,
1266 4267 1322 4312 ut
1350 4259 1392 4312 si
1422 4238 1651 4330 aegrotus
1680 4238 1781 4319 hoc

216 4341 410 4395 gustare
438 4337 703 4402 noluerit,
735 4339 960 4396 alterum
987 4355 1162 4398 sumat
1196 4360 1209 4398 :
1238 4347 1376 4416 quod
1417 4350 1461 4403 si
1502 4350 1627 4405 illud
1673 4369 1779 4408 non

218 4419 473 4488 admittat,
503 4427 648 4482 aliud
678 4441 918 4499 acceptet
946 4450 960 4486 :
994 4445 1085 4489 aut
1112 4436 1156 4489 si
1189 4435 1289 4491 hoc
1318 4440 1592 4509 repudiet,
1624 4443 1776 4500 alteri

221 4524 409 4568 manum
441 4517 643 4585 injiciat
663 4560 679 4586 ,
710 4529 765 4575 et
800 4522 1036 4578 ciborum
1069 4527 1320 4583 varietate
1362 4530 1626 4585 fastidium
1655 4536 1774 4588 vin-

223 4614 396 4667 camus,
429 4622 491 4661 ac
520 4608 830 4666 diversitate
857 4628 1057 4669 mensae
1083 4617 1245 4671 animi
1274 4620 1387 4688 ejus
1412 4622 1773 4679 morositatem

224 4693 495 4765 mitigemus
520 4718 536 4755 :
562 4701 635 4755 ita
658 4718 1026 4773 saepenumero
1056 4708 1107 4761 in
1135 4710 1495 4779 spiritualibus
1514 4717 1774 4772 conviviis

226 4798 289 4838 εει
310 4790 581 4858 agendum.
611 4794 743 4849 Cum
773 4794 969 4851 infirmi
999 4800 1185 4865 simus,
1230 4802 1394 4856 multa
1432 4812 1489 4859 et
1514 4808 1660 4861 varia
1689 4808 1770 4863 in-

226 4878 454 4936 stituenda
468 4894 551 4938 est
569 4888 763 4953 oratio,
784 4904 901 4959 qua:
922 4894 1346 4961 comparationes
1367 4894 1577 4965 habeat,
1598 4915 1773 4954 exem-

226 4966 294 5033 Pla
313 5013 327 5035 ,
361 4972 834 5035 demonstrationes
855 5021 872 5047 ,
901 4982 1185 5037 verborum
1226 4987 1479 5041 circuitus
1504 5029 1520 5054 ,
1563 4989 1770 5061 aliaque

229 5062 361 5116 multa
396 5069 685 5136 ejusmodi,
719 5081 777 5126 ut
804 5088 869 5127 ex
911 5074 1160 5129 omnibus
1189 5074 1360 5131 facilis
1396 5078 1464 5132 sit
1490 5079 1642 5133 nobis
1670 5096 1769 5137 eo-

227 5163 326 5205 rum
345 5196 358 5219 ,
384 5173 493 5226 quae
521 5159 627 5215 sint
670 5162 944 5232 profutura
968 5205 984 5231 ,
1031 5165 1287 5221 delectus.
1337 5166 1619 5224 Enimvero
1649 5170 1772 5227 licet

230 5245 409 5306 grandis
433 5262 569 5305 esset
593 5263 751 5324 atque
792 5255 1141 5325 interpretatu
1170 5255 1399 5313 difﬁcilis
1445 5259 1534 5314 ille
1567 5274 1767 5329 sermo,

232 5344 510 5407 nequaquam
538 5343 652 5398 illos
677 5344 923 5399 doctrina
951 5346 1019 5401 de
1039 5345 1390 5403 Melchisedec
1419 5350 1645 5419 privavit
1666 5349 1763 5423 (a),

232 5432 330 5474 cum
356 5436 401 5481 et
434 5429 647 5489 dicendo
672 5435 935 5506 grandem
979 5436 1123 5491 illum
1153 5453 1273 5493 esse
1300 5448 1457 5510 atque
1496 5439 1765 5510 interpre-

234 5518 323 5567 tatu
341 5516 585 5580 difﬁcilem
609 5528 826 5583 illorum
854 5527 1087 5583 studium
1110 5531 1372 5598 excitarit,
1400 5543 1453 5586 ut
1477 5532 1765 5590 alacriores

274 5668 337 5733 (ο)
362 5680 435 5730 ltic
455 5691 499 5734 et
521 5686 638 5737 infra
664 5686 987 5739 Colbertinus
1017 5688 1066 5737 in
1089 5688 1249 5741 multis
1270 5690 1451 5741 deficit.

3414 282 3532 363 tce

1957 383 2145 442 ﬁerent
2167 391 2233 444 ad
2252 394 2572 452 audiendum
2600 417 2614 454 :
2637 410 2690 457 et
2716 402 2838 459 dum
2870 403 2975 463 illis
2997 425 3232 468 mensam
3261 414 3532 484 instruxit,

1952 492 2137 535 eorum
2166 485 2436 551 cupiditati
2470 491 2623 545 fuerit
2652 495 2997 567 obseqnutus.

2018 592 2074 647 2.
2107 596 2375 665 Scriptura
2400 619 2547 657 sacra
2572 612 2820 675 quomodo
2850 620 3133 672 tractanda.
3161 621 3427 678 Αηοηιωοι
3447 645 3530 683 re-

1948 684 2170 757 darguit.
2202 691 2452 748 Adversus
2481 697 2740 756 ha'rcticos
2768 706 2830 759 de
2874 720 3062 766 a'terna
3092 712 3276 771 Christi
3314 738 3527 791 genera-

1945 778 2098 833 tione.
2125 780 2389 841 Generatio
2410 789 2558 844 etiam
2580 803 2775 850 terrena
2798 797 2982 856 Citriin
3007 824 3106 861 non
3128 812 3521 885 intelligitur.—

1942 871 2054 929 lloc
2083 892 2180 932 nos
2210 896 2420 952 quoque
2445 884 2735 944 faciamus:
2771 900 2976 952 tametsi
3007 905 3382 971 prophetarum
3425 913 3525 967 im-

1940 979 2185 1022 mensum
2223 982 2304 1026 est
2330 975 2563 1047 pelagus,
2588 982 2871 1054 multa-que
2894 989 3069 1045 insunt
3095 994 3200 1050 illic
3220 1003 3521 1071 voragines,

1936 1057 2190 1115 audacter
2212 1080 2331 1133 ,pro
2370 1080 2549 1125 nostra
2578 1074 2712 1128 virili
2742 1088 2890 1145 parte
2932 1074 3088 1138 mare'
3122 1086 3517 1157 ingrediantur;

1935 1148 2042 1203 imo
2066 1168 2213 1217 vero,
2238 1173 2343 1211 non
2375 1176 2471 1229 pro
2498 1178 2673 1220 nostra
2698 1170 2835 1225 virili
2869 1187 3037 1243 parte,
3068 1180 3161 1233 sed
3187 1196 3340 1248 prout
3366 1190 3520 1244 nobis

1932 1254 2161 1311 superna
2200 1252 2368 1318 gratia
2407 1268 2717 1314 concessum
2761 1261 2954 1331 fuerit,
3003 1286 3106 1325 non
3160 1275 3348 1333 ﬁducia
3398 1283 3513 1338 freti

1930 1343 2109 1388 nostra
2132 1378 2145 1395 .
2178 1339 2271 1393 sed
2319 1348 2665 1411 procuranda:
2694 1354 2935 1411 utilitatis
2961 1372 3151 1416 vestra:
3179 1381 3335 1423 causa
3369 1388 3515 1430 mare

1928 1422 2182 1482 audacter
2208 1429 2585 1503 ingrediatnur,
2619 1452 2671 1496 et
2703 1443 2754 1496 in
2784 1444 2883 1500 hoc
2908 1466 3117 1521 quoque
3146 1455 3365 1514 Paulum
3394 1464 3512 1518 imi-

1929 1522 2119 1571 tetnur.
2151 1519 2301 1587 Quod
2333 1527 2474 1581 enim
2507 1533 2746 1590 oratione
2774 1537 2841 1592 de
2871 1538 3225 1602 Melchisedec
3264 1550 3381 1606 illos
3407 1561 3507 1609 mi-

1922 1713 2042 1753 cum
2072 1702 2326 1771 dixisset,
2378 1710 2449 1764 De
2486 1730 2583 1779 quo
2622 1720 2830 1787 grandis
2873 1740 3036 1778 sermo
3057 1769 3069 1789 ,
3103 1741 3149 1783 et
3178 1732 3506 1803 interpretum

1921 1790 2138 1860 di/ﬁcilis
2158 1836 2171 1857 ,
2215 1798 2407 1867 adjecit
2436 1820 2447 1855 :
2474 1802 2574 1857 Hic
2601 1810 2733 1862 enim
2762 1810 3127 1883 Mclcltisedec,
3161 1838 3250 1876 rex
3266 1790 3501 1893 jitstitiw,

1919 1882 2101 1937 deinde
2128 1897 2294 1942 autem
2336 1902 2380 1944 et
2424 1911 2513 1949 rex
2540 1896 2711 1952 Solem
2733 1943 2749 1967 ,
2791 1906 2927 1975 quod
2963 1920 3033 1961 est
3071 1928 3159 1965 rex
3193 1916 3371 1984 pacis,
3396 1921 3505 1976 sine

1917 1985 2063 2044 patre
2080 2018 2094 2039 ,
2142 1979 2250 2033 sine
2274 1994 2461 2051 matre,
2491 1990 2599 2043 sine
2625 1996 2915 2067 genealogia
2934 2039 2952 2063 ,
2990 2017 3145 2071 neque
3170 2005 3363 2061 initium
3388 2013 3501 2066 dic-

1916 2082 2051 2134 rum,
2082 2087 2239 2141 neque
2265 2077 2378 2130 vita:
2402 2080 2553 2146 ﬁnem
2584 2084 2770 2140 habens
2793 2104 2811 2141 :
2834 2093 3140 2151 assimilatas
3173 2110 3341 2155 autem
3360 2102 3500 2159 Filio

1913 2150 2013 2207 Dei
2038 2170 2205 2211 manet
2232 2165 2466 2219 sacerdos
2495 2169 2544 2220 in
2576 2184 2866 2241 perpetuum
2894 2181 2911 2247 (
2936 2178 3091 2234 Hebr.
3124 2184 3173 2237 7.
3207 2150 3499 2255 -ὧο-Ᾰνι-ιί

1914 2261 2018 2302 non
2040 2260 2244 2306 vestras
2264 2269 2422 2313 aures
2444 2264 2771 2328 perturbavit
2792 2268 2857 2323 de
2882 2271 3094 2329 homine
3113 2278 3271 2331 verba
3296 2280 3496 2340 faciens

1912 2339 2129 2408 Paulus,
2157 2360 2220 2401 ac
2246 2347 2451 2416 dicens,
2484 2353 2610 2409 Sine
2634 2368 2795 2425 patre,
2824 2363 2931 2417 sine
2954 2376 3112 2420 matre
3132 2369 3158 2423 Ρ
3186 2370 3319 2438 Quid
3347 2375 3490 2437 όίυυ,

1909 2430 1978 2487 de
2008 2433 2270 2493 homine?
2310 2440 2439 2497 Nam
2466 2444 2511 2498 si
2557 2446 2657 2502 hoc
2683 2448 2750 2505 de
2776 2451 2986 2508 Christo
3014 2459 3171 2514 etiam
3202 2462 3491 2529 diceretur.

1910 2540 2087 2584 nonne
2115 2529 2193 2585 sic
2221 2533 2380 2589 etiam
2421 2539 2640 2594 multam
2671 2548 2942 2613 quaerendi
2984 2556 3319 2612 occasionem
3349 2575 3489 2630 pra:-

1908 2615 2100 2677 beret?
2141 2623 2196 2680 Si
2225 2629 2369 2683 enim
2398 2639 2481 2687 est
2524 2634 2639 2689 sine
2684 2648 2852 2707 patre,
2899 2649 3165 2711 quomodo
3196 2615 3396 2710 Filius?
3441 2659 3487 2713 si

1906 2711 2023 2769 sine
2050 2714 2226 2785 Patre,
2256 2725 2523 2791 quomodo
2546 2726 2894 2801 Unigenitus?
2924 2738 3087 2795 Filius
3113 2745 3253 2799 enim
3281 2758 3486 2819 patrem

1905 2803 2104 2863 habere
2127 2809 2309 2879 debet,
2338 2816 2530 2889 alioqui
2563 2822 2701 2879 filius
2732 2842 2836 2882 non
2865 2830 2985 2885 erit.
3016 2834 3262 2893 Attamen
3282 2803 3344 2896 et
3370 2803 3488 2901 sine

1902 2907 2053 2967 patre
2082 2900 2250 2961 Filius
2278 2907 2368 2963 Dei
2398 2922 2500 2978 est,
2531 2923 2586 2969 et
2613 2917 2729 2973 sine
2757 2932 2956 2981 matre.
2983 2925 3101 2994 Quo
3130 2931 3341 2990 tandem
3370 2954 3486 2991 mo-

1901 2989 2015 3045 do?
2059 2991 2189 3051 Sine
2232 3007 2381 3067 patre
2424 3005 2712 3063 secundum
2759 2989 3027 3075 terrenam
3061 3026 3479 3092 generationem,

1900 3081 2017 3136 sine
2044 3095 2216 3143 matre
2239 3091 2529 3148 secundum
2555 3099 2824 3157 caelestem
2856 3124 2870 3159 :
2899 3122 3019 3161 nam
3047 3126 3218 3181 neque
3246 3116 3296 3170 in
3329 3122 3485 3177 terris

1900 3174 2081 3233 habuit
2123 3192 2326 3252 patrem
2348 3226 2364 3251 ,
2397 3203 2568 3258 neque
2597 3202 2823 3251 matrem
2862 3199 2915 3254 in
2945 3202 3111 3258 cadis.
3144 3206 3268 3263 Sine
3295 3228 3481 3280 genea-

1897 3268 2053 3339 logia.
2086 3272 2312 3330 Audiant
2334 3318 2349 3341 ,
2382 3283 2470 3348 qni
2515 3281 2632 3351 ejus
2672 3291 2957 3345 essentiam
2986 3295 3196 3352 curiose
3234 3268 3481 3359 sciuntu-

1898 3367 2023 3416 tur:
2055 3367 2265 3421 tametsi
2311 3369 2638 3429 arbitrantur
2683 3379 2936 3449 quidam,
2981 3386 3121 3454 quod
3166 3389 3249 3444 hic
3288 3393 3483 3452 dicitur

1896 3452 2023 3509 Sina
2042 3458 2362 3531 genealogia,
2389 3464 2457 3519 ad
2482 3466 2749 3524 cmfestem
2767 3452 3163 3542 generationem
3189 3485 3477 3552 pertinere.

1893 3544 2023 3600 Nam
2064 3548 2303 3607 hazretici
2345 3571 2412 3610 ne
2461 3558 2561 3613 hoc
2605 3562 2819 3631 quidem
2850 3569 3076 3623 volunt:
3108 3544 3302 3629 etenim
3330 3579 3477 3635 illam

1892 3648 2103 3709 quoque
2125 3645 2337 3701 curiose
2358 3658 2662 3707 scrutantur
2685 3665 2738 3710 et
2759 3658 3029 3727 inquirunt
3052 3680 3063 3715 :
3089 3667 3175 3734 qui
3199 3683 3325 3723 vero
3350 3682 3477 3729 sunt

1891 3729 2030 3784 inter
2072 3732 2191 3789 illos
2236 3736 2610 3808 modestiores,
2653 3746 2726 3800 ἱιΙι
2765 3754 3092 3818 generationi
3141 3757 3241 3813 hoc
3278 3778 3472 3819 conce-

1889 3822 2024 3878 dunt
2051 3842 2065 3879 :
2096 3825 2163 3881 de
2196 3836 2410 3886 terrena
2443 3849 2546 3889 non
2575 3836 2702 3893 item
2742 3841 2941 3898 dictum
2983 3850 3287 3907 existimant
3322 3857 3472 3925 illud,

1890 3915 2017 3969 Sine
2042 3921 2359 3992 genealogia.
2410 3924 2767 3987 Ostendamus
2812 3935 2972 4005 igitur
3015 3939 3115 3995 hoc
3155 3943 3222 3998 de
3254 3915 3473 4019 utraque

1889 4005 2111 4064 Paulum
2151 4017 2501 4082 generatione
2538 4021 2768 4093 dixisse,
2801 4027 2868 4083 de
2907 4031 3104 4088 ca-lesti
3134 4038 3292 4094 simul
3321 4053 3374 4096 et
3388 4005 3471 4101 'de

1887 4110 2097 4159 terrena
2131 4123 2146 4160 :
2179 4122 2300 4163 nam
2332 4120 2384 4164 et
2409 4111 2493 4166 illa
2524 4118 2798 4173 tremenda
2829 4131 2940 4190 est,
2986 4135 3039 4180 et
3083 4126 3199 4184 haec
3243 4137 3499 4207 mystica.

1886 4197 2136 4253 maxime.
2162 4200 2446 4272 Propterea
2469 4206 2677 4263 dicebat
2697 4213 2856 4267 etiam
2881 4215 3060 4284 Isaias,
3085 4219 3467 4283 Generationem

1884 4288 1995 4357 ejus
2016 4291 2127 4360 quis
2151 4296 2402 4349 ennrrabit
2431 4297 2579 4371 (lsai.
2603 4301 2691 4358 55.
2715 4304 2781 4375 8)
2802 4306 2825 4358 ἲ
2850 4308 3007 4378 Atqui
3032 4310 3099 4367 de
3126 4314 3215 4368 illa
3240 4319 3461 4382 caelesti.

1886 4380 2089 4451 inquit,
2138 4383 2241 4442 hoc
2280 4386 2431 4445 dixit.
2482 4392 2617 4460 Quid
2668 4410 2796 4465 ergo
2843 4397 3007 4454 Paulo
3054 4403 3327 4471 dicemus,
3372 4380 3461 4481 qni

1884 4481 2162 4543 utramque
2204 4482 2599 4547 generationem
2648 4494 3118 4559 commemoravit,
3162 4514 3225 4552 ac
3268 4498 3465 4558 deinde

1880 4563 2032 4632 illud,
2058 4566 2183 4623 Sine
2208 4574 2520 4643 genealogia,
2548 4578 2861 4647 subjunxit?
2890 4582 3022 4639 Cum
3054 4589 3195 4642 enim
3226 4604 3347 4647 ante
3374 4595 3459 4648 di-

1879 4656 2078 4725 xisset,
2109 4660 2234 4715 Sine
2272 4674 2448 4733 patre,
2494 4668 2603 4721 sine
2641 4680 2834 4739 matre,
2876 4688 2994 4743 post
3029 4679 3270 4749 adjunin
3292 4729 3307 4749 ,
3340 4686 3464 4741 Sine

1880 4751 2209 4822 genealogia,
2240 4762 2299 4808 ut
2327 4770 2433 4810 non
2465 4758 2624 4813 modo
2649 4764 2940 4819 secundum
2977 4768 3116 4824 illam
3156 4780 3459 4841 generatio-

1878 4856 2024 4910 nem,
2066 4845 2356 4901 secundum
2385 4862 2543 4918 quam
2572 4860 2651 4905 est
2679 4855 2794 4909 sine
2823 4866 2997 4914 matre
3018 4902 3032 4925 ,
3063 4864 3154 4915 sed
3182 4867 3339 4919 etiam
3369 4884 3461 4923 se-

1878 4933 2110 4988 cundum
2133 4935 2289 5001 hanc,
2313 4940 2607 4995 secundum
2632 4958 2788 5012 quam
2818 4959 2933 5002 erat
2960 4951 3075 5006 sine
3102 4961 3270 5021 patre,
3296 4965 3458 5013 terre-

1876 5039 1998 5079 nam
2024 5025 2168 5095 dico,
2196 5030 2312 5086 sine
2337 5033 2645 5105 genealogia
2676 5037 2846 5107 ipsum
2873 5057 2990 5096 esse
3018 5046 3221 5099 credas.
3258 5047 3459 5105 Idcirco

1875 5125 2095 5189 utraque
2120 5122 2292 5192 posita
2337 5124 2504 5192 dixit,
2537 5128 2660 5183 Sine
2686 5132 2978 5205 genealogia
3003 5176 3019 5202 ,
3048 5152 3168 5191 nam
3200 5138 3317 5197 hanc
3345 5149 3456 5196 ter-

1875 5226 2006 5266 rena
2034 5216 2414 5284 comprehendi
2445 5236 2549 5275 non
2582 5232 2795 5292 potest,
2828 5237 2886 5280 ut
2916 5228 2967 5281 in
3014 5229 3159 5284 illam
3189 5247 3255 5286 ne
3283 5236 3453 5301 respi-

1874 5319 1997 5359 cere
2023 5308 2238 5376 quidem
2264 5311 2575 5370 audeamus.
2608 5316 2737 5370 Nam
2768 5319 2812 5372 si
2844 5321 3020 5387 templi
3045 5323 3300 5377 vestibula
3331 5339 3456 5382 sunt

1872 5395 2007 5450 adeo
2036 5398 2294 5456 terribilia
2325 5411 2379 5458 et
2418 5404 2687 5462 inaccessa
2710 5450 2723 5472 ,
2754 5425 2859 5478 quo
2885 5419 3038 5479 pacto
3073 5413 3122 5466 in
3155 5414 3267 5483 ipsa
3297 5417 3453 5488 adyta

1873 5495 2152 5557 penetrare
2202 5494 2322 5563 quis
2380 5496 2646 5553 audebit?
2693 5498 2942 5555 Genitum
2991 5504 3132 5558 enim
3180 5522 3242 5561 ex
3298 5507 3454 5565 Patre

1869 5578 2036 5637 fuisse
2080 5585 2191 5638 scio
2234 5603 2249 5640 :
2290 5601 2395 5658 quo
2441 5598 2631 5660 pacto,
2682 5592 2885 5646 nescio.
2937 5594 3017 5649 Ex
3055 5597 3255 5667 virgine
3304 5600 3449 5655 illum

1872 5675 2038 5739 fuisse
2075 5691 2255 5737 natum
2286 5685 2441 5750 novi;
2489 5682 2706 5738 modum
2748 5691 2926 5738 autem
2995 5701 3065 5743 ne
3108 5686 3194 5745 hic
3234 5691 3451 5759 quidem
