3992 6300
520 235 615 288 16⁸1

514 367 788 422 assequar.
821 350 952 406 Nam
983 350 1253 421 utriusque
1282 359 1483 404 natura:
1526 350 1926 418 generationem
1957 362 2086 401 con-

517 445 727 498 ﬁtemttr
747 485 760 505 ,
789 452 843 496 et
869 441 1140 512 utriusque
1168 441 1381 495 modum
1415 451 1670 496 tacenms.
1715 441 1778 493 Et
1805 441 1941 493 sicut
1969 453 2089 492 eum

512 537 580 591 de
612 537 812 606 virgine
841 535 1033 605 agitur,
1062 535 1159 589 etsi
1188 534 1366 588 nescio
1395 549 1500 604 quo
1527 543 1680 603 pacto
1704 533 1772 586 sit
1797 547 1861 585 ex
1888 531 2091 600 virgine

511 640 827 698 generatus,
872 635 1048 680 tamen
1089 641 1210 680 eum
1253 633 1560 694 generatum
1607 624 1767 677 fuisse
1810 621 2088 687 conﬁteor,

514 736 612 773 nec
653 735 762 773 rem
808 718 936 772 tollo
965 726 1181 786 prapter
1221 716 1571 786 ignorantiam
1603 714 1743 768 modi
1775 730 1788 767 :
1821 714 1888 767 ita
1922 711 2004 764 l‘ac
2036 721 2088 765 tu

511 826 743 880 quoque,
772 825 892 863 eum
919 809 986 863 de
1017 810 1170 863 Patre
1196 811 1367 876 agitur
1397 825 1409 861 :
1444 807 1565 862 licet
1592 807 1795 860 nescias
1823 805 2089 874 quomodo

513 903 679 957 Filius
725 903 792 956 sit
829 901 1074 971 genitus,
1121 915 1242 954 eum
1287 900 1446 954 fuisse
1485 899 1717 967 genitum
1763 896 2017 951 conﬁtere
2047 896 2084 948 ί.

510 994 660 1059 Quod
689 995 730 1047 si
759 994 956 1061 dixerit
983 992 1074 1046 tibi
1107 991 1387 1045 limreticus
1408 1033 1421 1056 ,
1451 989 1730 1056 Quomodo
1765 987 1975 1057 genitus
2008 995 2090 1040 est

508 1103 572 1138 ex
603 1088 756 1138 l’atre
797 1085 1003 1138 Filius?
1049 1091 1280 1136 mentem
1327 1081 1443 1149 ejus
1490 1083 1540 1134 in
1589 1089 1782 1134 terram
1829 1079 2084 1146 deprime,

507 1189 667 1246 atque
696 1177 767 1230 illi
793 1176 954 1230 dicito
983 1197 995 1231 :
1029 1174 1300 1228 Descende
1329 1174 1395 1227 de
1420 1173 1587 1237 cazlis,
1618 1186 1682 1226 ac
1712 1172 1836 1224 mihi
1866 1171 2088 1224 demon-

505 1280 616 1323 stra
637 1311 651 1334 ,
679 1267 947 1338 quomodo
977 1282 1043 1320 ex
1067 1266 1272 1335 virgine
1313 1265 1380 1318 sit
1420 1273 1598 1328 natus,
1631 1271 1848 1329 tumque
1885 1261 1971 1314 illa
2000 1275 2087 1314 me

506 1375 653 1430 roga.
679 1359 870 1414 Retine
899 1358 1069 1420 illum,
1101 1365 1159 1412 et
1183 1357 1459 1411 obsessum
1490 1370 1639 1425 urge,
1669 1367 1843 1423 neque
1879 1352 2086 1406 resilire

506 1451 668 1506 sinito
697 1459 788 1504 aut
829 1449 879 1504 in
911 1448 1271 1520 labyrinthum
1304 1446 1763 1501 ratiocinationem
1807 1459 1866 1498 se
1910 1441 2084 1510 prori-

509 1556 637 1609 pere
665 1558 677 1593 :
704 1556 888 1594 verum
915 1540 1104 1604 retine,
1122 1552 1176 1597 et
1195 1541 1484 1610 strangula,
1509 1551 1612 1590 non
1637 1551 1816 1600 manu,
1844 1533 1936 1588 sed
1964 1547 2085 1587 ora-

508 1634 683 1698 tione;
716 1649 784 1688 ne
811 1631 1179 1686 distinctiones
1222 1630 1295 1683 illi
1325 1640 1377 1683 et
1415 1629 1605 1697 eﬁ'ugia
1642 1626 1938 1690 concedas,
1966 1639 2084 1694 qua:

504 1724 670 1794 cupit.
702 1724 835 1778 Hine
863 1724 921 1776 ﬁt
945 1730 1001 1776 ut
1025 1737 1118 1776 eos
1141 1720 1451 1792 perturbent
1479 1730 1533 1775 et
1552 1725 1940 1782 eommoveant,
1968 1716 2085 1784 qui-

506 1818 726 1872 buscum
757 1816 1048 1886 disputant,
1081 1813 1218 1884 quod
1251 1827 1346 1867 nos
1372 1812 1477 1868 illis
1504 1813 1879 1881 obscquamur,
1913 1822 2084 1877 neque

503 1925 598 1964 eos
621 1909 686 1964 ad
715 1897 1404 1976 sacrarum'Scripturarum
1433 1904 1574 1973 leges
1599 1903 1891 1971 adigamus.
1918 1899 2084 1955 Undi-

501 2016 605 2071 que
651 1999 809 2070 igitur
856 1999 933 2053 illi
976 2011 1190 2052 rnurum
1231 2011 1296 2050 ex
1339 1994 1654 2050 testimoniis
1686 1993 2080 2062 Scripturarum

501 2105 746 2160 oppone,
776 2105 839 2143 ac
874 2105 942 2143 ne
975 2088 1177 2143 hiscere
1206 2085 1420 2156 quidem
1454 2085 1666 2155 poterit.
1699 2084 1792 2137 Dic
1823 2082 1934 2148 illi,
1965 2081 2081 2148 Quo

504 2195 659 2252 pacto
701 2199 766 2238 ex
813 2182 1015 2252 virgine
1060 2190 1214 2234 natus
1252 2181 1375 2233 est“!
1423 2195 1530 2232 non
1575 2178 1864 2242 absistam,
1910 2189 2081 2244 neque

503 2273 771 2329 recedam.
817 2274 974 2343 Atqui
1022 2272 1237 2326 modum
1281 2269 1426 2324 eﬂ'ari
1468 2285 1571 2323 non
1615 2269 1831 2339 poterit,
1873 2265 2082 2320 tametsi

504 2368 649 2421 omni
687 2381 786 2435 ope
814 2375 1114 2434 conatuque
1139 2363 1444 2418 contendat.
1471 2362 1603 2416 Cum
1632 2361 1772 2414 enim
1804 2360 1943 2413 Deus
1984 2372 2082 2411 oc-

503 2456 743 2521 cluserit,
769 2456 889 2524 quis
906 2455 1014 2523 jam
1040 2453 1340 2508 reserabit?
1367 2452 1491 2506 Sola
1516 2451 1618 2506 Iide
1643 2450 1838 2520 percipi
1859 2457 2082 2520 possunt

503 2548 650 2600 talia.
681 2546 830 2614 Quod
857 2547 901 2599 si
932 2561 1038 2598 non
1066 2545 1395 2612 acquiescas,
1419 2543 1510 2596 sed
1540 2543 1772 2596 rationes
1796 2540 2078 2611 disquiras,

503 2639 690 2692 iisdem
733 2645 786 2692 te
811 2637 1016 2700 verbis,
1057 2636 1248 2704 quibus
1282 2634 1624 2689 Nicodemum
1651 2632 1914 2698 Christus,
1947 2629 2078 2684 aifa-

503 2732 602 2786 bor
625 2749 638 2782 :
673 2730 733 2784 Si
761 2740 956 2782 terrena
984 2729 1090 2782 dixi
1118 2728 1288 2794 vobis,
1316 2738 1363 2781 et
1392 2745 1492 2781 non
1518 2727 1736 2791 creditis,
1764 2725 2012 2796 quomodo
2037 2723 2083 2778 si

503 2822 680 2874 dixero
708 2821 843 2874 vobis
872 2819 1116 2883 caelestia,
1142 2819 1353 2873 credetis
1381 2819 1556 2887 (Joan.
1588 2819 1639 2873 3.
1673 2818 1812 2887 19.)?
1840 2818 1913 2872 De
1938 2818 2077 2870 nati-

501 2913 665 2965 vitate
691 2911 799 2964 disi
829 2926 894 2964 ex
921 2910 1144 2979 virgine,
1171 2925 1342 2980 neque
1372 2910 1532 2975 nosti,
1555 2925 1722 2978 neque
1749 2909 1955 2963 hiscere
1981 2924 2080 2962 au-

500 3005 632 3069 des,
677 3013 730 3058 et
769 3003 958 3058 escium
986 3004 1197 3057 curiose
1241 3001 1538 3056 scrutaris?
1579 3003 1754 3071 Atque
1799 3001 1997 3053 utinam
2027 3000 2078 3054 in

501 3096 689 3149 czelum
714 3135 729 3160 ,
757 3104 810 3149 et
836 3110 943 3149 non
973 3096 1025 3148 in
1065 3095 1340 3148 Dominum
1369 3094 1484 3148 eteli
1525 3097 1734 3149 curiose
1763 3093 2077 3163 inquireres.

503 3187 566 3242 Si
593 3197 788 3240 terrena
815 3185 924 3241 dixi
965 3185 1133 3252 vobis,
1170 3196 1216 3240 et
1254 3202 1355 3239 non
1385 3185 1607 3240 creditis.
1655 3184 1770 3239 Non
1801 3184 1972 3251 dixit,
2016 3184 2082 3239 Et

503 3292 608 3332 non
640 3275 1034 3346 persuademini
1056 3318 1071 3341 ,
1108 3276 1202 3332 sed
1222 3316 1238 3340 ,
1273 3275 1392 3330 Non
1417 3277 1616 3329 creditis
1636 3317 1650 3339 ,
1678 3292 1784 3346 quo
1811 3277 1976 3330 verbo
2005 3275 2080 3330 si-

499 3367 714 3437 gniﬁcat
745 3376 954 3421 terrena
983 3367 1144 3421 etiam
1180 3367 1285 3422 ﬁde
1319 3365 1574 3437 indigere.
1617 3365 1768 3433 Quod
1798 3366 1840 3420 si
1870 3377 2081 3421 terrena

503 3460 607 3516 ﬁde
638 3459 910 3530 indigent,
942 3459 1111 3513 multo
1136 3459 1304 3529 magis
1328 3457 1579 3513 caelestia.
1607 3457 1934 3526 Quamquam
1966 3465 2080 3510 tum

501 3552 792 3609 Nicodemo
817 3551 885 3606 de
913 3559 1065 3620 partu
1095 3551 1262 3605 multo
1304 3551 1496 3607 minori
1529 3549 1839 3620 loquebatur
1869 3566 1884 3601 :
1912 3548 2079 3618 siqui-

502 3645 626 3701 dem
654 3645 720 3700 de
747 3644 1013 3715 baptismo
1037 3659 1218 3700 sermo
1243 3653 1379 3711 erat,
1405 3652 1459 3699 et
1483 3644 1552 3698 de
1577 3643 1836 3714 Spirituali
1862 3658 2083 3713 regene-

504 3740 712 3793 ratione
742 3756 755 3790 :
783 3739 880 3793 sed
907 3739 1021 3793 tunc
1044 3755 1256 3809 quoque
1287 3738 1387 3794 lide
1413 3736 1914 3808 comprehendenda
1940 3736 2083 3790 dice-

504 3831 613 3885 bat.
652 3830 919 3885 Czeterum
952 3840 1159 3885 terrena
1192 3832 1279 3885 illa
1307 3831 1531 3896 vocavit,
1561 3846 1666 3885 non
1695 3829 1837 3900 quod
1871 3839 2080 3883 terrena

505 3923 633 3983 sint,
665 3921 759 3974 sed
797 3922 936 3990 quod
966 3923 1306 3991 perﬁciantur
1343 3923 1395 3976 in
1424 3932 1581 3986 terra,
1611 3932 1663 3978 et
1687 3922 1827 3992 quod
1858 3923 1900 3976 si
1931 3935 2080 3975 eom-

509 4021 764 4082 parentur
787 4029 907 4066 cum
934 4027 1159 4082 superna
1185 4014 1270 4066 illa
1296 4023 1348 4067 et
1375 4014 1622 4069 ineffabili
1645 4015 1934 4074 nativitate,
1965 4028 2082 4083 qua:

473 4115 740 4173 ,meutem
767 4119 977 4158 omnem
1008 4114 1310 4173 exsuperat,
1342 4105 1456 4159 hate
1485 4116 1694 4160 terrena
1719 4107 1842 4160 sint.
1870 4106 1922 4161 Si
1955 4121 2082 4174 ergo

511 4197 624 4252 ﬁeri
665 4211 768 4250 non
813 4204 1028 4266 potest,
1077 4206 1135 4251 ut
1177 4196 1338 4251 sciam
1383 4213 1488 4267 quo
1533 4207 1688 4266 pacto
1727 4215 1974 4253 renascor
2015 4215 2082 4253 ex

505 4289 681 4359 aquis,
712 4285 804 4340 sed
834 4286 936 4340 ﬁde
961 4287 1072 4342 sola
1110 4303 1198 4342 res
1238 4288 1324 4342 illa
1352 4289 1605 4358 capienda
1632 4297 1730 4352 est,
1765 4306 1934 4359 neque
1964 4305 2081 4343 mo-

506 4380 607 4433 dus
641 4378 851 4432 curiose
890 4379 1203 4434 scrutandus
1233 4399 1246 4434 :
1275 4390 1483 4450 quanta:
1526 4382 1684 4434 fuerit
1723 4381 1823 4435 hoc
1864 4382 2083 4435 insania:

511 4471 576 4523 ad
606 4471 1022 4539 iuvestigaudam
1051 4473 1316 4528 carlestem
1359 4473 1608 4543 unigeniti
1641 4473 1756 4528 Filii
1787 4475 2084 4542 generatio-

511 4578 630 4616 nem
657 4562 1004 4630 cogitationes
1030 4562 1287 4618 humanas
1324 4565 1637 4632 admittere,
1682 4581 1744 4618 ac
1772 4565 1949 4631 modi,
1978 4582 2083 4634 quo

507 4654 643 4707 facta
673 4653 771 4716 sit,
800 4655 1056 4707 rationem
1087 4656 1340 4725 exigere?

577 4745 630 4797 5.
683 4742 833 4796 Vetus
862 4742 1232 4799 Testamentum
1250 4747 1533 4801 obscurum.
1562 4747 1663 4801 Cur
1691 4747 1914 4802 obscura
1939 4758 2083 4803 erant

507 4834 1030 4904 proﬁtenda—Satis
1060 4836 1216 4905 igitur
1240 4837 1658 4892 demonstratum
1685 4849 1767 4893 est
1791 4854 1896 4908 quo
1929 4849 2082 4908 pacto

504 4927 619 4978 sine
643 4935 793 4995 patre
814 4941 876 4979 ac
901 4926 1017 4980 sine
1043 4937 1212 4982 matre
1250 4928 1320 4982 sit
1362 4931 1662 4999 unigenitus
1692 4930 1782 4984 Dei
1813 4929 1998 4992 Filius,
2028 4939 2083 4985 et

502 5032 609 5084 quo
651 5029 803 5084 paeto
851 5018 967 5071 sine
1010 5017 1317 5088 genealogia
1363 5019 1652 5073 secundum
1690 5031 1967 5088 utramque
1990 5035 2083 5089 ge-

505 5109 834 5164 nerationem
866 5125 881 5161 :
914 5109 1180 5179 reliquum
1220 5119 1302 5164 est
1331 5120 1386 5163 ut
1433 5110 1499 5164 ad
1541 5110 1592 5164 id
1628 5110 1769 5180 quod
1809 5110 1976 5164 instat.
1998 5126 2083 5164 re-

501 5198 742 5268 deamus,
793 5210 1072 5272 postquam
1122 5215 1424 5256 sermonem
1468 5201 1535 5255 de
1589 5201 1942 5257 Melchisech
2026 5203 2078 5257 in

565 5356 582 5385 ¹
622 5355 801 5416 Melius,
827 5359 875 5406 ni
900 5356 1055 5417 fallor,
1080 5356 1352 5419 legeretur,
1377 5357 1756 5419 assentientibus
1779 5359 1924 5407 etiam
1954 5360 2080 5407 Savi-

505 5412 570 5462 lio
594 5424 645 5485 et
668 5412 874 5476 ttaleSio,
911 5419 1017 5469 licet
1042 5412 1238 5468 "nescius
1266 5419 1502 5527 Suomario
1536 5417 1693 5481 filium
1713 5419 1946 5483 genuerit,
1970 5434 2080 5469 eum

505 5487 716 5527 centusse
735 5480 974 5527 con/itere.
1002 5489 1111 5527 Nam
1150 5482 1226 5527 hic
1302 5493 1328 5527 e
1354 5487 1490 5527 Patre
1523 5482 1700 5527 agitur.
1724 5489 1777 5527 ut
1799 5481 1941 5527 mulo
1963 5491 2078 5527 ante

500 5480 718 5548 genuisse
735 5480 974 5542 con/itere.
1002 5489 1111 5530 Nam
1127 5546 1134 5548 ξ
1150 5482 1226 5529 hic
1266 5480 1328 5529 de
1354 5487 1490 5548 Patre
1523 5480 1700 5548 agitur,
1713 5480 1777 5530 'ut
1799 5481 1941 5548 paulo
1963 5491 2078 5531 ante

505 5539 564 5608 tle
588 5538 789 5608 Yirgine
813 5538 984 5608 matre.
1011 5546 1168 5592 Lectio
1190 5551 1352 5608 tamen
1390 5541 1541 5591 altera
1557 5538 1680 5608 ierri
1707 5538 1846 5604 posse
1867 5544 2077 5608 videtur,

503 5605 554 5644 et
577 5598 787 5661 alioduin
804 5607 1017 5666 omnium
1041 5605 1392 5666 exemplarium
1430 5598 1718 5653 auctoritate
1739 5606 1990 5661 asseritur,
2018 5598 2076 5654 il;

501 5670 693 5722 mittiue
718 5665 885 5723 probat
907 5674 1112 5716 Joannes
1130 5665 1310 5716 Boisius
1333 5669 1379 5716 iu
1404 5672 1528 5716 notis
1555 5667 1798 5716 sat‘iliauis
1818 5681 1863 5728 ιι.
1889 5669 1996 5714 857.

1205 230 1262 289 s.
1300 229 1576 288 JOANNIS
1612 229 2085 286 cunvsosrout
2125 229 2437 286 ARCIIIEP.
2478 229 3008 288 CONS'I‘ANTINOP.
3628 254 3712 310 ωε

2203 345 2430 404 alterum
2458 346 2599 401 diem
2631 347 2934 416 rejeeimus,
2961 362 3024 402 ac
3051 349 3342 419 prophetica
3375 356 3621 428 :enigmata
3640 381 3716 420 au-

2202 435 2361 490 dituri
2407 447 2644 490 nostram
2674 438 3018 492 attentionem
3051 440 3346 497 excitemus.
3383 443 3577 505 Similes
3599 457 3718 509 enim

2201 536 2327 582 sunt
2372 529 2740 598 mnigmatibus
2797 545 3072 583 sermones
3127 532 3428 602 prophetici,
3474 541 3721 612 multisque

2198 617 2598 673 difﬁcultatibus
2620 619 2900 687 obseptum
2931 630 3012 675 est
3038 619 3198 675 Vetus
3221 622 3588 684 Testamentum
3607 671 3620 694 ,
3646 650 3724 689 ne-

2198 726 2301 781 que
2336 710 2515 766 faciles
2567 712 2841 767 intellectu
2874 723 2994 767 sunt
3025 713 3143 767 libri
3169 731 3185 768 :
3212 714 3402 771 Novum
3427 730 3587 776 autem
3609 725 3724 781 dilu-

2197 803 2369 857 cidius
2414 813 2497 858 est
2540 813 2594 858 et
2634 804 2858 858 facilius.
2917 805 3148 873 Ecquam
3179 808 3383 862 tondent
3423 810 3487 865 ob
3516 828 3724 882 causam,

2195 894 2337 950 dicet
2360 896 2570 965 aliquis,
2609 896 2721 951 haec
2749 897 2819 950 ita
2849 907 2973 951 sunt
3016 901 3318 967 constituta,
3356 901 3473 958 licet
3510 905 3571 960 de
3592 910 3729 964 rebus

2196 987 2412 1054 majoris
2441 990 2695 1040 momenti
2724 997 2908 1058 agatur
2939 990 2988 1042 in
3017 989 3184 1054 Novo,
3216 993 3280 1046 de
3303 1009 3459 1063 regno
3485 999 3728 1066 caelorum,

2195 1078 2261 1133 de
2285 1081 2672 1134 resurrectione
2699 1097 3005 1151 corporum,
3024 1095 3076 1137 et
3100 1085 3443 1142 ineﬂ'abilibus
3465 1090 3558 1144 illis
3579 1092 3728 1157 bonis,

2193 1186 2311 1237 qua:
2341 1180 2392 1224 et
2412 1171 2694 1225 humanam
2735 1183 2969 1228 mentem
2993 1175 3256 1228 excedunt
3285 1177 3305 1228 ’ἶ
3331 1177 3462 1243 Quid
3504 1180 3646 1248 igitur
3685 1183 3732 1236 in

2192 1276 2372 1326 cmtsa,
2401 1272 2456 1316 ut
2477 1262 2717 1317 obscura:
2746 1265 2852 1317 sint
2878 1266 3167 1333 prOphetia:
3191 1268 3210 1319 ?
3238 1267 3394 1321 Multa
3419 1269 3604 1323 Judaeis
3630 1273 3733 1327 ista:

2192 1353 2328 1406 mala
2359 1353 2667 1422 prmdicunt,
2695 1369 2757 1409 ac
2785 1354 2900 1410 fore
2928 1367 2985 1409 ut
3008 1358 3288 1425 ejiciantur
3313 1360 3401 1422 illi,
3427 1377 3518 1414 nos
3535 1364 3733 1429 recipia-

2192 1456 2332 1506 mur,
2372 1451 2430 1497 ut
2449 1441 2703 1511 templum
2721 1451 3012 1507 evertatur,
3031 1456 3129 1495 nec
3145 1443 3374 1510 amplius
3389 1445 3652 1507 excitetur,
3691 1460 3738 1506 ut

2191 1531 2476 1587 concidant
2517 1531 2883 1604 Jerosolyma,
2910 1542 2965 1587 et
2985 1533 3233 1589 omnibus
3268 1535 3375 1588 sint
3403 1537 3574 1605 pervia
3605 1556 3615 1589 :
3643 1549 3737 1593 tum

2191 1639 2319 1678 vero
2342 1623 2513 1678 ειυόωί
2545 1623 2830 1678 errabundi
2856 1666 2869 1690 ,
2919 1641 3014 1695 per
3041 1627 3343 1681 universum
3388 1628 3562 1684 orbem
3593 1639 3741 1683 terra-

2184 1733 2308 1790 .rum
2337 1716 2733 1788 diSpergantur,
2784 1734 2848 1774 ac
2895 1721 3112 1775 civitate
3160 1721 3421 1784 destituti,
3467 1738 3532 1776 ne
3557 1733 3741 1776 veteres

2190 1810 2403 1879 quidem
2430 1811 2565 1865 ritus
2591 1812 2876 1879 retineant,
2923 1813 3017 1868 sed
3049 1829 3238 1868 omnes
3286 1815 3389 1867 illis
3418 1830 3501 1869 res
3531 1813 3744 1885 ipsorum

2190 1902 2399 1972 priores
2441 1902 2770 1967 auferantur.
2826 1905 3144 1975 prophetiae,
3187 1907 3466 1972 sacriﬁcia,
3522 1909 3746 1960 sacerdo-

2189 1993 2340 2059 tium,
2369 2002 2423 2048 et
2449 2010 2694 2064 regnum.
2725 1993 2906 2064 Neque
2935 2010 3060 2051 vero
3079 2004 3284 2050 tantum
3317 1998 3438 2065 ista,
3468 1998 3557 2051 sed
3586 2008 3636 2051 et
3661 2000 3749 2052 alia

2187 2083 2353 2136 multa
2380 2084 2642 2153 ejusmodi
2672 2085 3028 2152 przedicebant
3047 2086 3346 2155 prephetm,
3376 2085 3499 2144 dum
3523 2087 3748 2140 innume-

2187 2188 2274 2227 ras
2303 2175 2415 2229 suis
2459 2175 2607 2230 libris
2653 2176 2937 2247 tragmdias
2985 2177 3374 2234 immiscereut.
3426 2178 3502 2233 Ne
3528 2181 3677 2249 igitur
3695 2181 3754 2234 ab

2187 2265 2336 2319 initio
2366 2265 2535 2320 Judaei
2561 2265 2845 2321 manifeste
2875 2267 2991 2322 haec
3015 2269 3320 2335 audientes,
3369 2283 3462 2323 eos
3511 2271 3755 2324 interﬁce-

2187 2364 2307 2409 rent
2329 2358 2418 2426 qui
2465 2357 2580 2412 hzec
2623 2357 2894 2423 dicebant,
2947 2358 3412 2429 interpretationis
3463 2359 3756 2414 difﬁcultate

2189 2448 2563 2516 praedictiones
2593 2451 2947 2514 occultarunt,
2975 2467 3038 2506 ac
3062 2453 3232 2506 multa
3263 2453 3589 2507 obscuritate
3611 2453 3754 2507 rebus

2185 2536 2375 2605 offusa,
2406 2553 2502 2608 per
2522 2553 2707 2594 eorum
2735 2556 2852 2608 qua:
2885 2541 3206 2596 dicebantur
3229 2543 3615 2597 obscuritatem
3642 2560 3748 2612 pro-

2188 2629 2468 2698 phetarum
2519 2631 2871 2688 incolumitati
2924 2635 3336 2690 consuluerunt.
3372 2636 3525 2692 Unde
3555 2653 3675 2690 vero
3715 2638 3758 2689 id

2186 2723 2438 2774 constat?
2466 2721 2722 2778 Rationes
2751 2725 2891 2778 enim
2919 2740 2949 2778 a
2975 2726 3128 2780 nobis
3156 2727 3453 2782 reddenda:
3477 2739 3618 2791 sunt,
3643 2738 3764 2781 tam-

2185 2811 2286 2865 etsi
2317 2813 2452 2866 inter
2478 2815 2680 2869 amicos
2706 2815 2868 2870 verba
2900 2816 3122 2872 facimus
3156 2837 3171 2872 :
3199 2819 3470 2887 siquidem
3501 2821 3644 2873 multi
3667 2821 3763 2872 lor-

2188 2903 2341 2958 tassis
2379 2903 2570 2959 adsunt
2641 2923 2746 2961 non
2787 2907 2964 2963 amici.
3021 2909 3244 2964 Discant
3287 2912 3454 2981 igitur
3484 2911 3595 2966 haec
3620 2912 3766 2966 etiam

2187 2991 2282 3058 illi,
2310 3003 2366 3047 ut
2393 3005 2447 3048 et
2476 2996 2631 3050 amici
2675 2997 2773 3066 ipsi
2824 2999 2973 3053 ﬁant.
3000 2999 3138 3064 Dixi,
3163 3004 3211 3055 si
3249 3001 3426 3056 Judaei
3455 3003 3770 3057 audivissent

2185 3084 2344 3149 mala,
2397 3101 2515 3155 qua:
2570 3089 3023 3156 comprehensura
3068 3091 3194 3146 illos
3227 3101 3419 3155 erant,
3452 3108 3515 3147 ac
3560 3093 3685 3157 fore,
3721 3103 3774 3148 ut

2187 3183 2402 3245 propter
2420 3174 2692 3232 Christum
2718 3181 3100 3236 exseindantur
3123 3181 3481 3256 Jerosolyma
3515 3187 3566 3238 in
3599 3201 3773 3254 perpe-

2187 3274 2356 3333 tuum,
2411 3283 2508 3322 nee
2549 3285 2799 3339 umquam
2852 3273 3082 3341 amplius
3126 3275 3531 3344 instaurentur,
3589 3278 3698 3330 lucc
3735 3276 3775 3331 si

2186 3359 2466 3428 perspicue
2495 3375 2522 3412 a
2547 3361 2822 3430 prophetis
2851 3364 3206 3429 audivissent,
3227 3367 3523 3422 confestim
3556 3384 3668 3432 eos,
3698 3368 3779 3436 qui

2188 3449 2301 3504 hzec
2322 3451 2694 3520 loquebantur,
2727 3453 3069 3509 occidissent.
3101 3455 3264 3512 Unde
3297 3459 3467 3528 igitur
3498 3459 3551 3513 id
3582 3457 3780 3529 liquet?

2187 3541 2421 3596 Primum
2450 3544 2663 3614 quidem
2707 3561 2771 3600 ex
2822 3548 3057 3616 ipsorum
3094 3551 3350 3606 moribus
3383 3571 3396 3605 :
3430 3551 3618 3607 furiosi
3653 3553 3784 3606 enim

2186 3644 2340 3690 erant
2363 3651 2425 3691 ac
2447 3637 2686 3692 belluini.
2721 3639 2954 3710 Populus
2990 3651 3072 3696 est
3097 3657 3327 3713 semper
3354 3646 3551 3700 sitiens
3582 3643 3783 3713 sangui-

2188 3741 2309 3780 nem
2335 3730 2734 3796 prophetarum,
2764 3746 2952 3786 manus
2989 3748 3178 3788 eorum
3215 3737 3274 3790 in
3308 3737 3560 3791 emdibus
3591 3753 3648 3791 se
3669 3753 3789 3790 san-

2186 3825 2391 3871 ctorum
2422 3833 2790 3876 exercuerant.
2821 3823 2946 3878 llaec
2965 3825 3229 3881 adversus
3254 3829 3385 3884 illos
3410 3846 3636 3899 magnus
3656 3829 3788 3882 Elias

2189 3909 2506 3965 vociferatur
2543 3912 2728 3968 dicens
2771 3932 2783 3967 :
2825 3915 3062 3991 Domine,
3105 3919 3404 3988 prophetas
3438 3930 3554 3980 tuos
3609 3921 3794 3974 occide-

2187 4012 2323 4068 runt,
2351 4003 2533 4056 altaria
2556 4014 2640 4056 tua
2666 4005 2926 4059 diruerant
2958 4009 2974 4078 (
3002 4009 3053 4062 5.
3080 4009 3210 4077 Reg.
3259 4011 3352 4067 19.
3383 4013 3456 4066 10
3488 4017 3531 4084 ).
3562 4012 3794 4067 Christus

2191 4095 2400 4159 iterum,
2432 4093 2734 4164 Jerusalem,
2757 4097 3068 4165 Jerusalem,
3103 4119 3222 4172 qua:
3256 4107 3458 4160 occidit
3509 4108 3797 4178 prophetas,

2188 4195 2234 4239 et
2263 4187 2454 4258 lapidat
2474 4205 2575 4252 eos,
2599 4191 2684 4261 qui
2705 4191 2772 4243 ad
2794 4193 2955 4262 ipsam
2992 4195 3129 4247 missi
3158 4207 3286 4250 sunt
3320 4199 3550 4268 (Matth.
3574 4200 3663 4254 ‘23.
3691 4200 3796 4268 57).

2189 4278 2258 4332 Et
2281 4279 2442 4334 Isaias
2462 4282 2679 4336 eosdem
2720 4299 2980 4339 accusans
3006 4287 3087 4341 his
3116 4303 3439 4348 consonam
3471 4311 3665 4350 vocem
3691 4298 3805 4349 mit-

2190 4381 2307 4426 tens
2343 4374 2448 4428 ait:
2475 4372 2661 4428 Manus
2683 4387 2856 4430 vestra:
2893 4379 3055 4448 plena:
3075 4391 3194 4433 sunt
3226 4386 3502 4453 sanguine
3543 4393 3560 4455 (
3587 4385 3714 4438 1εαί.
3755 4386 3804 4439 Ι.

2190 4465 2302 4534 15).
2335 4465 2400 4519 Ει
2424 4481 2607 4521 rursus
2629 4467 2870 4522 Christus
2905 4487 2918 4521 :
2952 4468 3133 4523 Patres
3163 4475 3332 4528 vestri
3362 4477 3671 4530 occiderunt
3691 4494 3810 4546 pro—

2190 4555 2383 4625 phetas,
2409 4573 2494 4610 vos
2523 4567 2687 4611 autem
2723 4558 2946 4627 ipsorum
2985 4562 3264 4630 mdiﬁcatis
3299 4578 3654 4622 monumenta
3685 4585 3703 4620 :
3729 4569 3812 4618 im-

2189 4648 2318 4715 plete
2338 4664 2623 4700 mensuram
2650 4660 2849 4718 patrum
2871 4661 3141 4704 vestrorum
3161 4653 3408 4723 (Matth.
3441 4658 3542 4714 2‘5.
3575 4659 3672 4713 5|.
3703 4657 3816 4726 '52).

2187 4739 2348 4795 Vides
2397 4749 2455 4793 ut
2499 4751 2553 4795 et
2596 4741 2850 4796 Dominus
2879 4754 2932 4796 et
2961 4743 3098 4797 servi
3149 4744 3484 4803 homicidas
3531 4751 3656 4804 illos
3701 4766 3820 4804 es~e

2189 4833 2484 4887 testentur?
2511 4832 2646 4898 Quid
2671 4842 2970 4901 estautem,
3002 4835 3223 4905 Implete
3259 4855 3582 4895 mensuram
3619 4851 3825 4912 patrum

2186 4924 2498 4977 vestrorum?
2524 4923 2603 4976 Me
2631 4939 2865 4994 quoque,
2895 4927 3084 4997 inquit,
3118 4929 3374 4985 occidite
3409 4951 3425 4985 :
3457 4934 3688 5003 adjicite
3713 4950 3827 4986 ser-

2186 5031 2373 5070 vorum
2400 5015 2634 5070 czrdibus
2662 5031 2844 5070 necem
2879 5018 3108 5072 Domini.
3137 5019 3300 5075 Licet
3326 5024 3490 5078 enim
3514 5026 3674 5082 mille
3695 5025 3832 5080 occi-

2186 5105 2365 5159 derint
2411 5105 2675 5170 homines,
2729 5116 2783 5159 at
2825 5120 3113 5163 conservos
3157 5125 3376 5166 omnes
3436 5131 3450 5167 :
3514 5131 3646 5168 cum
3702 5133 3831 5171 vero

2185 5207 2370 5251 contra
2400 5197 2679 5252 Dominum
2721 5212 2912 5253 manus
2963 5198 3384 5270 extenderunt,
3419 5215 3560 5260 tunc
3609 5206 3833 5277 impleta

2186 5305 2430 5344 mensura
2457 5300 2579 5345 est:
2612 5299 2666 5344 et
2703 5291 2915 5345 merito.
2968 5292 3240 5359 Quamdiu
3310 5300 3476 5352 enim
3538 5301 3839 5353 Dominum

2185 5399 2290 5437 non
2314 5383 2645 5450 occiderunt,
2675 5399 2825 5454 spem
2864 5384 3048 5438 salutis
3075 5385 3432 5452 habuerunt,
3485 5401 3546 5446 et
3583 5401 3644 5445 ut
3675 5391 3842 5445 adve-

2186 5477 2338 5531 niens
2361 5492 2528 5547 agnus
2557 5477 2650 5532 Dei
2677 5486 2894 5546 peccata
2924 5477 3104 5530 mundi
3132 5476 3394 5546 tolleret,
3433 5493 3847 5552 exspectarunt

2185 5566 2364 5636 (Joan.
2398 5569 2448 5622 1.
2471 5565 2565 5639 29)
2598 5586 2612 5623 :
2641 5577 2921 5637 pestquam
2950 5579 3124 5621 autem
3170 5571 3485 5625 medicum
3536 5575 3844 5628 interiece-

2187 5669 2328 5725 runt,
2354 5668 2407 5714 et
2432 5660 2481 5712 in
2497 5659 2915 5729 propitiatorium
2945 5659 3112 5728 ipsum
3127 5664 3562 5719 contumeliosi
3595 5665 3845 5731 fuerunt,
