4102 6306
274 391 368 449 187

274 505 529 578 ἐγεννήθη
556 506 625 559 ἐκ
661 504 761 559 τοῦ
794 502 1005 575 Πατρδς
1035 504 1065 557 6
1104 502 1266 567 Υἱός;
1299 503 1649 558 κατάσπασον
1680 492 1846 553 αὐτοῦ

270 604 323 655 τὸ
349 601 607 672 φρόνημα
644 599 729 662 εἰς
753 599 854 668 τὴν
879 597 1004 668 γῆν,
1029 597 1123 650 καὶ
1148 596 1269 650 είπὲ
1296 595 1431 666 πρὸς
1459 594 1641 649 αὐτόν·
1658 592 1846 649 Κατά-

272 696 387 768 σηθι
420 697 487 749 ἐκ
521 693 636 747 τῶν
661 691 931 765 οὐρανῶν,
968 693 1062 745 καὶ
1108 691 1278 758 δεῖξον
1320 689 1440 754 πῶς
1483 687 1745 759 ἐγεννήθη
1781 690 1847 743 ἐκ

270 795 359 865 τῆς
381 790 683 863 παρθένου,
717 790 813 843 καὶ
844 788 966 841 τότε
995 787 1179 840 ἐκεῖνα
1213 785 1411 857 ἐρώτα.
1462 785 1719 855 Κάτασχε
1749 783 1848 837 αὐ·-

268 885 370 948 τὺν,
400 883 499 937 καὶ
532 880 843 953 περίστηθι,
874 878 971 934 καὶ
1015 878 1088 949 μή
1133 879 1279 949 ἀφῇς
1304 876 1675 946 ἀποπηδῆσαι,
1712 875 1847 947 μηδέ

269 975 620 1047 ἀναχωρῆσαι
647 975 728 1037 είς
758 972 849 1026 τὸν
876 970 1197 1043 λαϐύρινθον
1223 970 1333 1024 τῶν
1362 968 1657 1041 λογισμῶν·
1709 968 1846 1023 ἀλλά

268 1065 524 1134 κάτασχε,
544 1063 640 1117 καὶ
657 1060 974 1126 ἀπόπνιξον.
996 1062 1070 1132 μὴ
1089 1063 1155 1132 τῇ
1180 1060 1343 1133 χειρὶ,
1365 1060 1499 1115 ἀλλά
1518 1059 1596 1130 τῷ
1620 1061 1842 1132 ῥήματι·

270 1157 338 1229 μή
366 1157 476 1227 δῷς
520 1154 674 1226 αὐτῷ
704 1151 986 1217 διαστολὰς
1019 1152 1114 1206 καὶ
1148 1152 1437 1222 διαφυγάς,
1482 1152 1551 1216 ἀς
1577 1152 1842 1223 βούλεται.

280 1251 517 1304 Ἐκεῖθεν
576 1248 805 1320 θόρυϐον
866 1246 1153 1318 ἐμποιοῦσι
1226 1250 1339 1312 τοῖς
1406 1246 1843 1317 διαλεγομένοις,

265 1344 446 1413 ἐπειδὴ
476 1344 647 1413 ἡμεῖς
688 1341 870 1405 αὐτοῖς
899 1340 1318 1411 ἀκολουθοῦμέν,
1367 1339 1464 1393 καὶ
1494 1340 1595 1393 οὐκ
1638 1339 1846 1408 ἄγομεν

264 1435 362 1490 ὐπὸ
385 1436 517 1498 τούς
552 1433 755 1504 νόμους
794 1432 903 1485 τῶν
937 1432 1096 1487 θείων
1125 1432 1378 1504 Γραφῶν.
1414 1431 1644 1503 Περίθες
1667 1432 1846 1485 τοίνυν

260 1526 404 1597 αὐτῷ
432 1525 644 1596 τειχίον
673 1523 956 1590 πάντοθεν,
987 1523 1086 1588 τὰς
1112 1524 1221 1579 ἀπὸ
1249 1524 1357 1579 τῶν
1382 1524 1613 1596 Γραφῶν
1643 1541 1847 1596 μαρτυ-

263 1620 400 1691 ρίας,
429 1620 530 1673 καὶ
573 1618 696 1673 οὐδὲ
748 1621 910 1690 χᾶναι
941 1618 1250 1689 δυνήσεται.
1294 1618 1430 1672 Εἰπὲ
1473 1618 1611 1693 πρὸς
1659 1618 1841 1682 αὐτὸν,

253 1707 375 1771 Πῶς
402 1707 676 1780 ἐγεννήθη
704 1708 769 1761 ἐκ
796 1709 896 1779 τῆς
918 1707 1223 1779 παρθένους
1260 1707 1362 1761 οὐκ
1389 1708 1695 1778 ἀφίσταμαι
1722 1708 1843 1761 οὐδὲ

258 1797 547 1869 ἀναχωρῶ.
596 1796 737 1850 Ἀλλ’
767 1797 867 1849 οὐκ
904 1796 971 1851 ἀν
1008 1795 1121 1867 ἔχοι
1149 1794 1243 1848 τὸν
1267 1795 1469 1867 τρόπον
1505 1797 1698 1861 εἰπεῖν,
1738 1796 1843 1850 κᾶν

261 1891 433 1962 μυρία
477 1890 781 1961 φιλονεικῇ.
810 1889 979 1944 Ὅταν
1006 1889 1113 1961 γάρ
1159 1889 1189 1942 6
1227 1887 1358 1953 Θεὸς
1387 1888 1684 1961 ἀποκλείσῃ
1706 1929 1721 1953 ,
1757 1888 1843 1954 τίς

259 1981 459 2048 ἀνοίξει
487 1981 714 2046 λοιπόν;
747 1979 931 2034 Πίστει
975 1979 1293 2050 παραδεκτά
1328 1980 1398 2035 τὰ
1424 1980 1648 2036 τοιαῦτα
1681 1981 1839 2055 μόνῃ.

260 2075 320 2127 Εἰ
344 2075 402 2127 δέ
428 2075 535 2128 οὐκ
560 2073 754 2146 ἀνέχῃ.
780 2072 913 2126 ἀλλά
934 2072 1226 2144 λογισμοὺς
1249 2072 1544 2144 ἐπιζητεῖς,
1570 2073 1680 2141 ἐρῶ
1703 2074 1841 2145 πρὸς

264 2162 340 2226 σέ,
370 2162 401 2215 ὃ
422 2161 567 2233 πρὸς
594 2161 688 2214 τὸν
722 2160 1028 2231 Νικόδημον
1059 2162 1088 2214 6
1114 2161 1368 2231 Χριστός·
1404 2162 1474 2214 El
1512 2160 1586 2214 τὰ
1610 2162 1842 2231 ἐπίγεια

265 2250 431 2309 εἶπον
450 2253 621 2324 ὑμῖν,
650 2252 748 2307 καὶ
774 2254 848 2307 οὐ
882 2253 1214 2319 πιστεύετε,
1255 2252 1404 2320 πῶς,
1434 2253 1542 2308 ἐὰν
1573 2254 1646 2308 τὰ
1664 2254 1842 2308 ἐπου-

267 2344 435 2413 ράνια
479 2346 655 2407 εἴπω,
700 2344 1090 2409 πιστεύσετες
1127 2345 1262 2417 Περὶ
1308 2345 1409 2414 τῆς
1459 2347 1523 2398 ἐκ
1569 2345 1839 2415 παρθένου

270 2438 567 2508 γεννήσεως
598 2432 751 2490 εἷπον
770 2475 786 2501 ,
838 2437 931 2490 καὶ
964 2436 1061 2489 οὐκ
1080 2435 1247 2501 οἶδας,
1284 2436 1405 2490 οὐδέ
1427 2438 1587 2507 χᾶναι
1614 2437 1837 2512 τολμᾷς,

274 2531 358 2582 καὶ
382 2530 472 2583 τὸν
492 2528 727 2599 οὐρανὸν
745 2528 1114 2601 περιεργάζῃ;
1146 2528 1272 2582 Ero:
1306 2528 1403 2600 μὲν
1441 2523 1535 2583 οὖν
1560 2528 1650 2582 τὸν
1679 2529 1843 2599 οὐρα-

276 2621 377 2683 νὸν,
398 2621 492 2674 καὶ
524 2621 601 2691 μὴ
626 2619 720 2673 τὸν
738 2620 1015 2690 Δεσπότην
1027 2619 1134 2673 τῶν
1154 2620 1400 2692 οὐρανῶν
1420 2620 1841 2692 ἐπολυπραγμό-

279 2732 397 2779 νεις.
427 2717 491 2769 El
528 2714 604 2769 τὰ
631 2715 863 2785 ἐπίγεια
882 2710 1054 2768 εἷπον
1075 2714 1239 2785 ὑμῖν,
1278 2714 1375 2769 καὶ
1406 2718 1476 2770 οὐ
1504 2716 1838 2772 πιστεύετε.

280 2807 383 2860 οὐκ
407 2804 578 2871 εἶπεν,
616 2806 679 2859 οὐ
712 2807 985 2873 πείθεσθε,
1015 2806 1151 2872 ἀλλ’,
1175 2808 1257 2861 Οὐ
1278 2802 1611 2871 πιστεύετε,
1628 2808 1841 2871 δεικνὺς

281 2899 418 2968 ἡμῖν,
460 2900 540 2952 ὅτι
582 2900 679 2953 καὶ
706 2899 777 2952 τὰ
807 2900 1026 2969 ἐπίγεια
1068 2901 1303 2963 πίστεως
1349 2900 1539 2954 δεῖται.
1584 2901 1647 2954 EE
1682 2900 1739 2953 δέ
1772 2900 1841 2955 τά

282 2990 481 3057 ἐπίγεια
512 2990 749 3050 πίστεως
788 2990 982 3052 δεῖται,
1013 2989 1191 3061 πολλῷ
1240 2989 1438 3062 μᾶλλον
1483 2992 1552 3044 τὰ
1589 2989 1837 3062 οὐράνια.

281 3081 460 3136 Καίτοι
484 3082 602 3137 τότε
626 3082 705 3154 τῷ
740 3083 1036 3154 Νικοδήμῳ
1061 3084 1190 3155 περὶ
1214 3083 1373 3136 τόκου
1402 3082 1669 3151 διελέγετο
1704 3081 1839 3135 πολὺ

281 3174 561 3238 ἐλάττονος·
606 3175 738 3248 περὶ
781 3173 874 3228 τοῦ
910 3174 1286 3246 βαπτίσματος
1330 3175 1437 3247 γὰρ
1481 3176 1510 3229 6
1556 3175 1713 3243 λόγος
1747 3169 1837 3246 ἦν,

282 3268 370 3319 καὶ
395 3266 488 3337 τῆς
515 3267 928 3338 ἀναγεννήσεως
952 3266 1052 3337 τῆς
1081 3268 1476 3338 πνευματικῆς·
1495 3268 1610 3321 ἀλλ’
1631 3268 1836 3338 ἔλεγεν,

279 3358 359 3412 δτι
389 3360 477 3412 καὶ
516 3359 685 3413 ταῦτα
728 3359 909 3413 πίστει
952 3360 1068 3413 ἐστὶ
1109 3361 1451 3432 καταληπτά.
1497 3361 1745 3431 Ἐπίγεια
1781 3363 1839 3415 δὲ

280 3448 415 3501 αὐτὰ
438 3450 706 3513 ἐκάλεσεν,
730 3451 831 3503 οὐκ
857 3449 1045 3521 ἐπειδὴ
1066 3450 1283 3519 ἐπίγειά
1312 3451 1479 3515 ἐστιν,
1514 3451 1627 3504 ἀλλ’
1652 3451 1837 3524 ἐπειδὴ

279 3542 340 3595 ἐν
376 3544 439 3612 τῇ
472 3545 538 3613 γῇ
582 3544 836 3607 τελεῖται,
879 3543 975 3596 καὶ
1017 3545 1083 3615 τῇ
1122 3543 1406 3613 συγκρίσει
1428 3543 1529 3613 τῆς
1561 3544 1673 3597 ἀνω
1714 3561 1839 3612 γεν-

279 3635 483 3705 νήσεως
528 3636 617 3706 τῆς
661 3637 976 3708 ἀπορρήτου
1031 3635 1126 3688 καὶ
1178 3636 1355 3689 πάντα
1402 3635 1838 3707 ὐπερόαινούσης

278 3727 422 3791 νοῦν,
451 3728 650 3797 ἐπίγεια
677 3728 850 3783 ταῦτά
880 3729 1046 3781 ἐστιν.
1095 3729 1157 3782 EE
1204 3728 1417 3791 τοίνυν,
1464 3728 1582 3793 πῶς
1611 3730 1838 3797 ἀναγενο

275 3820 449 3890 νῶμαι
477 3822 539 3875 ἐκ
561 3821 664 3875 τῶν
693 3821 923 3881 ὑδάτων.
950 3822 1012 3875 οὐ
1048 3819 1271 3874 δυνατὸν
1299 3820 1497 3875 εἰδέναι
1515 3861 1530 3885 ,
1572 3820 1711 3875 ἀλλά
1747 3821 1837 3875 πί-

278 3930 388 3967 στει
420 3914 550 3987 μόνη
575 3913 977 3987 παραδέχεσθαι
1030 3912 1113 3967 δεῖ
1158 3913 1221 3966 τὸ
1257 3912 1557 3984 γινόμενον,
1605 3913 1699 3967 καὶ
1745 3912 1836 3968 τὸν

277 4004 462 4075 τρόπον
489 4006 562 4078 μή
593 4005 1075 4077 περιεργάζεσθαι·
1104 4003 1278 4076 πόσης
1299 4004 1366 4059 ἂν
1390 4006 1473 4075 είη
1501 4005 1718 4076 μανίας,
1741 4006 1837 4060 ἐπὶ

277 4097 365 4166 τῆς
398 4100 502 4153 ἀνω
541 4100 849 4171 γεννήσεως
887 4097 981 4152 τοῦ
1037 4097 1357 4169 μονογενοῦς
1384 4098 1516 4152 Υίοῦ
1542 4098 1834 4170 λογισμοὺς

280 4188 631 4260 ἀνθρωπίνους
662 4193 853 4257 κινεῖν,
904 4190 1000 4246 καὶ
1029 4190 1231 4265 τρόπου
1263 4192 1567 4264 γεννήσεως
1603 4191 1834 4255 εὐθύνας

283 4281 512 4337 ἀωιτεῖν
532 4302 548 4350 ;

341 4381 403 4441 γ’.
434 4376 553 4441 Πῶς
580 4376 678 4446 μὲν
708 4371 802 4430 οῦν
824 4375 1053 4448 ἀπάτωρ
1078 4375 1171 4431 καὶ
1201 4376 1433 4447 ἀμήτωρ
1461 4376 1490 4428 ὁ
1522 4374 1830 4447 Μονογενὴς

288 4464 392 4531 Υἱὸς
418 4469 504 4522 τοῦ
538 4468 696 4533 Θεοῦ,
731 4469 932 4533 ἱκανῶς
976 4466 1368 4531 ἀποδέδεικται,
1410 4469 1507 4522 καὶ
1540 4467 1657 4527 πῶς
1704 4468 1834 4534 ἀγε-

289 4558 574 4631 νεαλόγητος
613 4561 882 4634 ἑκατέραν
922 4560 1023 4632 τήν
1054 4560 1340 4631 γέννησιν·
1372 4558 1557 4613 λοιπὸν
1592 4558 1651 4612 δὲ
1695 4557 1832 4632 πρὸς

291 4646 339 4699 τὺ
365 4649 496 4724 [UE]
523 4657 746 4722 ἐπεῖγον
778 4655 1153 4725 ἀπαγάγωμεν
1173 4666 1223 4720 ει,
1254 4654 1347 4707 τὸν
1384 4653 1540 4722 λόγον
1571 4652 1662 4705 τὸν
1704 4652 1833 4723 περὶ

293 4739 367 4793 τοῦ
389 4745 704 4817 Μελχισεδὲκ
736 4747 817 4810 είς
868 4747 1059 4817 ἑτέραν
1104 4746 1317 4818 ἡμέραν
1370 4743 1829 4814 ἀναϐαλλόμενοι,

293 4834 368 4886 καὶ
412 4836 849 4910 διαναστήσωμεν
896 4838 997 4908 τὴν
1046 4837 1237 4909 ἀκοὴν,
1295 4835 1648 4909 προφητικῶν
1700 4836 1828 4909 μέλ-

292 4922 441 4994 λοντες
477 4932 692 4988 ἀκούειν
718 4931 1076 5003 αἰνιγμάτων.
1118 4931 1410 5002 Δίνίγμασι
1441 4930 1549 5001 γὰρ
1574 4930 1716 4983 ἔοικε
1762 4929 1830 4984 τά

292 5023 582 5092 πρκητικά,
613 5024 706 5076 καὶ
754 5022 923 5094 πολλὴ
973 5022 1226 5075 δυσκολία
1266 5023 1325 5073 ἐν
1362 5024 1427 5093 τῇ
1459 5021 1665 5093 παλαιᾷ
1699 5023 1828 5075 Δια-

292 5102 425 5182 θήκῃ.
462 5116 551 5168 καὶ
588 5114 965 5186 δυσεπίληπτα
1004 5114 1073 5167 τὰ
1105 5113 1313 5184 βιϐλία·
1356 5116 1390 5185 ἡ
1432 5113 1487 5165 δέ
1524 5113 1700 5185 Καινὴ
1733 5129 1830 5166 σα-

292 5204 491 5275 φεστέρα
537 5207 630 5259 καὶ
681 5205 1045 5276 εὐκολωτέρα.
1093 5204 1203 5258 Καὶ
1235 5205 1378 5268 τίνος
1423 5203 1627 5265 ἕνεκεν.
1669 5205 1825 5273 φησὶ,

288 5292 434 5347 ταῦτα
457 5298 589 5352 οῦτω
615 5298 1034 5361 διατετύπωται,
1076 5297 1252 5350 καίτοι
1280 5298 1312 5367 ή
1346 5295 1523 5367 Καινὴ
1553 5295 1680 5367 περὶ
1711 5312 1828 5366 μει-

289 5381 431 5445 ζόνων
469 5389 763 5459 διαλέγεται
795 5390 1155 5461 πραγμάτων,
1188 5390 1316 5459 περ)⁸
1344 5386 1620 5460 βασιλείας
1661 5387 1824 5458 οὐρα-

288 5473 396 5540 νῶν,
425 5482 509 5531 καὶ
540 5482 805 5552 σωμάτων
834 5480 1204 5544 ἀναστάσεως,
1232 5479 1326 5533 καὶ
1357 5479 1467 5533 τῶν
1498 5480 1825 5553 ἀπορρήτων

287 5566 530 5635 ἀγαθῶν,ἀ
554 5577 647 5629 καὶ
686 5573 1028 5648 ἀνθρώπινον
1062 5574 1377 5645 ὑπερϐαίνει
1419 5574 1571 5642 νοῦν;
1603 5574 1699 5637 Τίς
1730 5570 1825 5627 οὖν

289 5658 319 5725 ἡ
350 5662 479 5718 αἰτία
513 5666 600 5719 τοῦ
637 5666 735 5732 τὰς
782 5666 1118 5740 προφητείας
1163 5668 1393 5735 ἀσαφεῖς
1430 5662 1609 5732 εἷναι;
1646 5666 1825 5719 Πολλά

291 5752 604 5822 προλέγουσιν
635 5759 907 5823 Ἰουδαίοις
927 5752 1087 5813 αὗται
1125 5760 1295 5813 κακά·
1318 5760 1411 5813 καὶ
1438 5758 1519 5811 ὅτι
1552 5758 1821 5829 ἐκϐληθή-

344 5857 856 5929 ‘Savilinsjegendqm
896 5866 1127 5927 opinatur
1166 5866 1549 5929 ἐπαναγάγωμεν,
1575 5868 1663 5917 sed
1703 5874 1823 5929 pulo

294 5913 564 5986 ἀπηάτωμεν
583 5913 710 5975 θεῖε
730 5913 932 5977 habere.

558 6013 826 6076 PATBOL.
867 6015 988 6077 Gn.
1036 6014 1192 6078 LVI.

1263 384 1351 441 DE
1388 376 1939 441 PROPHETIARUM
1977 376 2487 439 OBSCURITATE.
2528 383 2545 437 I

3428 390 3531 447 168

1958 510 2141 551 σονται
2179 496 2279 568 μιν
2326 498 2544 566 ἐκεῖνοι,
2594 500 2755 571 ήμεῖς
2798 502 2857 556 δέ
2904 504 3403 577 είσδεχθησόμεθα·
3443 511 3539 563 καὶ

1950 586 2035 642 ὅτι
2081 589 2515 662 καταλυθήσεται
2566 591 2666 662 μὲν
2714 592 2746 644 6
2780 595 2937 659 ναὸς,
2987 599 3082 651 καὶ
3126 599 3307 653 οὐκέτι
3352 599 3539 655 λοιπὸν

1949 682 2335 754 ἀναστήσεται,
2368 686 2616 738 πεσεῖται
2643 685 2701 739 δὲ
2727 686 2800 740 τὰ
2837 689 3206 761 Ἱεροσόλυμα,
3240 694 3335 747 καὶ
3367 696 3538 748 πᾶσιν

1949 772 2103 828 ἔσται
2144 774 2313 845 βατά·
2356 775 2599 831 Ἰουδαῖοί
2646 794 2706 831 τε
2739 778 3007 852 πλανῆται
3055 784 3361 855 γενόμενοι,
3395 803 3538 841 παν-

1947 866 2117 937 ταχοῦ
2149 868 2250 939 τῆς
2283 870 2609 941 οἰκουμένης
2654 872 3139 946 διασπαρήσονται,
3179 881 3272 932 καὶ
3303 879 3402 949 τῆς
3436 880 3536 933 πό-

1948 957 2084 1021 λεως
2114 960 2468 1026 ἐκπεσόντες,
2516 963 2637 1016 οὐδέ
2685 964 2785 1037 τὴν
2823 965 3098 1020 πολιτείαν
3135 968 3316 1033 ἕξουσι
3353 970 3535 1025 λοιπὸν

1946 1049 2046 1120 τήν
2085 1052 2341 1122 ἀρχαίαν,
2384 1053 2522 1107 ἀλλὰ
2551 1055 2730 1109 πάντα
2778 1057 2959 1110 αὐτῶν
3007 1059 3435 1132 ἀφαιρεθήσεται
3467 1062 3536 1116 τά

1947 1143 2214 1216 πρότερα,
2256 1146 2351 1201 καὶ⁸
2383 1151 2731 1219 προφητεῖαι,
2758 1151 2852 1204 καὶ
2883 1150 3084 1219 θυσίαι,
3114 1153 3211 1206 καὶ
3243 1156 3532 1227 ἱερωσύνη.

1948 1236 2044 1290 καὶ
2082 1236 2348 1306 βασιλεία.
2390 1241 2469 1294 Οὐ
2504 1242 2664 1312 μόνον
2708 1242 2765 1296 δέ
2811 1244 3017 1309 ταῦτα,
3068 1246 3207 1300 ἀ).λά
3256 1250 3351 1302 καὶ
3399 1249 3534 1306 ἀλλα

1947 1329 2120 1383 πολλά
2160 1330 2390 1386 τοιαῦτα
2433 1334 2727 1405 προέλεγον
2756 1338 2806 1389 οί
2841 1338 3140 1410 προφῆται,
3176 1343 3374 1413 μυρίας
3404 1361 3537 1414 τρα-

1946 1422 2150 1494 γῳδίας
2185 1426 2298 1489 τοῖς
2349 1427 2571 1492 οἰκείοις
2618 1431 3118 1501 ἐγκαταμιγνύντες
3151 1432 3395 1504 βιϐλίοις.
3437 1437 3532 1492 Ἰν’

1947 1510 2042 1569 οὖν
2067 1516 2119 1569 οί
2152 1516 2392 1571 Ἰουδαῖοι
2429 1519 2504 1590 μὴ
2537 1522 2723 1590 σαφῶς
2762 1522 3096 1589 ἀκούσαντες
3124 1526 3274 1598 παρά
3304 1527 3405 1600 τήν
3435 1531 3534 1601 ἀρ-

1947 1609 2073 1679 χὴν,
2101 1608 2539 1681 διαχειρίσωνται
2566 1614 2693 1677 τοὺς
2719 1614 2982 1684 λέγοντας
3010 1617 3206 1683 ταῦτα,
3236 1623 3303 1692 τῇ
3337 1622 3531 1677 δυσκο-

1944 1699 2037 1773 λία
2063 1701 2162 1772 τῆς
2202 1702 2503 1773 ἑρμηνείας
2544 1706 2871 1777 ἀπέκρυψαν
2909 1711 3010 1772 τὰς
3039 1714 3400 1785 προρρήσεις,
3438 1720 3533 1771 καὶ

1946 1793 2149 1864 πολλὴν
2196 1794 2467 1864 ἀσάφειαν
2518 1798 2786 1868 κατέχεαν
2825 1800 2854 1841 ι)
2897 1801 3005 1856 τῶν
3057 1807 3416 1877 πραγμάτων,
3464 1812 3531 1881 τῇ

1946 1885 2184 1957 ἀσαφείᾳ
2206 1886 2315 1941 τῶν
2349 1886 2658 1957 λεγομένων
2689 1892 2801 1953 τοῖς
2832 1890 3047 1960 λέγουσι
3086 1899 3535 1966 παρασκευάζον-

1945 1992 2037 2039 τες
2068 1976 2389 2046 ἀσφάλειαν.
2434 1979 2544 2031 Καὶ
2574 1979 2740 2033 πόθεν
2766 1980 2926 2050 δῆλον
2957 1982 3147 2046 τοῦτο;
3176 1987 3267 2040 Δεῖ
3293 1988 3402 2060 γάρ
3436 1990 3531 2043 καὶ

1945 2065 2173 2131 εὐθύνας
2196 2068 2344 2138 ἡμᾶς
2371 2068 2738 2133 ἀπαιτεῖσθαι,
2768 2072 2818 2124 εί
2851 2074 2943 2127 καὶ
2974 2076 3031 2128 ἐν
3066 2076 3240 2144 φίλοις
3268 2078 3528 2152 λέγομεν·

1946 2159 2041 2212 καὶ
2086 2159 2194 2231 γὰρ
2239 2160 2423 2215 πολλοὶ
2477 2161 2606 2226 ίσως
2665 2165 2759 2217 καὶ
2804 2165 2914 2219 τῶν
2953 2168 3015 2221 οὐ
3069 2169 3239 2238 φίλων
3285 2174 3529 2246 πάρεισι.

1944 2249 2381 2305 Μανθανέτωσαν
2405 2252 2587 2306 τοίνυν
2610 2252 2783 2307 ταῦτα
2828 2256 3089 2322 κάκεῖνοι,
3123 2259 3211 2313 ἵνα
3253 2262 3348 2315 καὶ⁵
3376 2264 3529 2317 αὐτοὶ

1944 2343 2089 2413 φίλοι
2116 2344 2397 2413 γένωνται.
2423 2342 2608 2411 Εἶπον,
2636 2347 2718 2400 ὃτι
2756 2348 2803 2400 εί
2834 2348 3072 2419 ἥκουσαν
3095 2352 3143 2405 οἱ
3186 2354 3431 2409 Ἰουδαῖοι
3460 2358 3531 2411 τά

1946 2436 2210 2504 μέλλοντα
2259 2436 2457 2499 αὐτοὺς
2504 2438 2915 2510 καταλήψεσθαι
2963 2444 3142 2507 κακὰ,
3195 2446 3290 2498 καλ⁸
3334 2448 3417 2501 ὃτι
3459 2448 3531 2503 τὰ

1954 2526 2302 2599 Ἰεροσόλυμα
2348 2526 2613 2581 ἁλώσεται
2660 2530 2747 2583 διά
2777 2530 2870 2583 τὸν
2916 2533 3152 2604 Χριστὸν
3191 2536 3291 2608 τήν
3328 2537 3528 2593 ἅλωσιν

1943 2617 2145 2689 ταύτην
2171 2616 2270 2687 τήν
2301 2617 2587 2682 ἀθάνατον,
2614 2619 2709 2673 καὶ
2739 2620 2839 2674 οὐκ
2872 2621 3101 2692 ἔχουσαν
3131 2625 3452 2699 μεταδολὴν,
3480 2631 3528 2682 εί

1944 2708 2184 2779 ήκουσαν
2229 2708 2479 2780 φανερῶς
2520 2709 2673 2780 παρὰ
2710 2711 2819 2764 τῶν
2856 2714 3150 2785 προφητῶν
3190 2715 3398 2782 ταῦτα,
3437 2720 3528 2773 εὐ-

1946 2799 2082 2863 θέως
2105 2800 2171 2855 ἂν
2201 2800 2330 2864 τοὺς
2370 2802 2543 2857 ταῦτα
2572 2802 2830 2871 λέγοντας
2854 2805 3202 2861 ἀπέκτειναν.
3235 2809 3405 2863 Πόθεν
3434 2807 3526 2865 οῦν

1943 2893 2101 2947 τοῦτο
2126 2893 2313 2965 δῆλον;
2348 2895 2571 2966 Πρῶτον
2621 2896 2721 2966 μὲν
2757 2896 2868 2950 ἀπὸ
2905 2897 3015 2951 τῶν
3060 2900 3281 2970 τρόπων
3309 2902 3523 2955 αὐτῶν·

1947 2988 2163 3057 μανικοὶ
2186 2986 2295 3058 γάρ
2324 2989 2419 3041 καὶ
2458 2986 2742 3061 θηριώδεις
2782 2984 2943 3060 ἦσαν.
2970 2990 3151 3061 Δῆμός
3181 2993 3328 3045 ἐστιν
3359 2994 3529 3065 αίμά-

1942 3092 2052 3129 των
2080 3077 2167 3131 ἀεὶ
2207 3077 2377 3147 διψῶν
2408 3078 2785 3150 προφητικῶν,
2817 3081 2873 3132 αί
2915 3082 3093 3151 χεῖρες
3120 3080 3301 3135 αὐτῶν
3333 3084 3527 3155 ἐμελέ-

1942 3186 2116 3240 τησαν
2155 3171 2213 3224 ἐν
2248 3174 2367 3236 ταῖς
2405 3175 2642 3242 σφαγαῖς
2680 3172 2787 3228 τῶν
2831 3173 3019 3242 ἀγίων.
3060 3174 3245 3230 Ταῦτα
3279 3178 3308 3230 6
3352 3179 3527 3249 μέγας

1956 3263 2143 3328 Ἠλίας
2174 3265 2353 3319 αὐτῶν
2397 3266 2641 3339 καταδοᾷ
2673 3267 2877 3335 λέγων·
2901 3271 3097 3337 Κύριε,
3126 3270 3269 3337 τοὺς
3296 3274 3525 3343 προφή-

1942 3372 2050 3422 τας
2089 3372 2206 3411 σου
2253 3356 2634 3421 ἀπέκτειναν,
2674 3357 2748 3412 τὰ
2790 3360 3187 3431 θυσιαστήριὰ
3233 3378 3351 3420 σου
3386 3382 3525 3419 κατ-

1922 3447 2242 3518 έσκαψαν.
2282 3449 2340 3503 Ὀ
2383 3450 2617 3525 Χριστὸς
2650 3452 2833 3517 πάλιν,
2867 3454 3276 3526 Ἰερουσαλὴμ,
3315 3457 3524 3525 Ἰερου-

1941 3541 2170 3610 σαλὴμ,
2200 3543 2239 3610 ἡ
2271 3543 2682 3599 ἀποκτείνασα
2706 3545 2845 3612 τοὺς
2874 3548 3204 3617 προφήτας,
3238 3549 3337 3603 καί
3363 3554 3523 3605 λιθο-

1942 3632 2211 3687 ϐολοῦσα
2234 3632 2375 3697 τοὺς
2409 3634 2907 3703 ἀπεσταλμένους
2932 3637 3083 3704 πρὸς
3112 3637 3324 3705 αὑτήν.
3356 3641 3467 3693 Καὶ
3496 3641 3523 3692 6

1951 3723 2180 3787 Ἡσαΐας
2215 3724 2425 3795 συνῳδὰ
2453 3725 2663 3789 τούτοις
2691 3726 2873 3780 αὐτῶν
2901 3729 3243 3800 κατηγορῶν,
3272 3730 3400 3785 ἐϐόα
3417 3749 3430 3761 ·
3452 3736 3523 3788 Al

1941 3814 2136 3887 χεῖρες
2171 3815 2339 3886 ὑμῶν
2376 3818 2626 3887 αἵματος
2657 3817 2926 3886 πλήρεις.
2969 3822 3080 3875 Καὶ
3112 3821 3276 3876 πάλιν
3306 3823 3337 3877 6
3384 3825 3429 3877 Χ
3439 3842 3523 3895 ρι-

1943 3910 2068 3973 στός
2086 3924 2103 3942 ·
2140 3913 2204 3963 Οί
2242 3911 2494 3978 πατέρες
2529 3909 2697 3981 ὑμῶν
2729 3912 3088 3968 ἀπέκτειναν
3119 3914 3260 3981 τοὺς
3292 3915 3521 3986 προφή-

1926 4017 2069 4067 τας,
2107 4000 2277 4070 ὑμεῖς
2321 3999 2391 4054 δὲ
2435 4001 2797 4072 οἰκοδομεῖτε
2840 4005 2913 4060 τὰ
2956 4005 3238 4076 μνήματα
3283 4006 3485 4061 αὐτῶν
3508 4024 3519 4038 ·

1937 4092 2297 4162 πληρώσατε
2320 4094 2390 4148 τὸ
2416 4094 2638 4165 μέτρον
2674 4095 2794 4151 τῶν
2826 4098 3098 4167 πατέρων
3126 4098 3313 4169 ὑμῶν.
3356 4100 3517 4171 Ὁρᾷς

1940 4186 2057 4250 πῶς
2093 4186 2185 4239 καὶ
2212 4188 2241 4239 6
2266 4186 2541 4256 Δεσπότης
2570 4188 2665 4242 καὶ
2693 4190 2742 4241 οἱ
2771 4188 2945 4243 δοῦλοι
2988 4191 3297 4261 μιαιφονίαν
3338 4192 3519 4245 αὐτῶν

1941 4277 2308 4348 μαρτυροῦσι;
2356 4278 2423 4332 Τί
2473 4278 2532 4332 δέ
2573 4281 2722 4333 ἐστι·
2769 4280 3134 4348 Πληρὼσατε
3183 4282 3251 4336 τὸ
3296 4281 3520 4352 μέτρον

1937 4365 2058 4420 τῶν
2108 4368 2377 4437 πατέρων
2429 4370 2625 4440 ὐμῶνς
2682 4369 2831 4443 [175]
2877 4373 3287 4438 Ἀποκτείνατε,
3346 4377 3516 4445 φησὶ,

1937 4461 2111 4532 κάμέ·
2154 4464 2414 4534 πρόσθετε
2456 4468 2570 4529 τοῖς
2597 4466 2863 4530 δουλικοῖς
2892 4468 3084 4538 αἵμασι
3125 4469 3225 4539 τὴν
3266 4468 3516 4523 δεσποτι-

1937 4556 2039 4625 κὴν
2083 4558 2318 4627 σφαγήν.
2357 4558 2418 4610 Εἰ
2461 4557 2569 4629 γὰρ
2601 4560 2830 4629 μυρίους
2878 4559 3117 4627 ἔσφαξαν
3158 4560 3511 4633 ἀνθρώπους,

1935 4645 2071 4699 ἀλλά
2099 4649 2412 4713 συνδούλους
2449 4651 2692 4714 πάντας·
2720 4652 2808 4704 ὅτε
2840 4650 2897 4704 δὲ
2935 4651 3076 4705 κατά
3111 4653 3206 4705 τοῦ
3244 4655 3513 4707 Δεσπότου

1934 4739 2035 4802 τὰς
2062 4742 2249 4811 χεῖρας
2275 4742 2565 4807 ἐξέτειναν,
2592 4743 2714 4797 τότε
2751 4744 3041 4816 ἐπληρώθη
3075 4745 3133 4799 τὸ
3160 4746 3357 4819 μέτρον
3378 4764 3391 4777 ·
3421 4749 3515 4803 καὶ

1935 4832 2178 4896 εἰκότως.
2206 4834 2349 4898 Ἕως
2394 4835 2492 4905 μὲν
2531 4835 2637 4907 γὰρ
2678 4837 2778 4889 οὐκ
2810 4836 3137 4892 ἀπέκτειναν
3184 4839 3275 4892 τὸν
3310 4841 3516 4893 Δεσπό·

1932 4942 2054 4996 την,
2103 4922 2248 4997 εἶχον
2279 4927 2470 4982 ἐλπίδα
2516 4928 2823 5001 σωτηρίας,
2872 4932 2965 4984 καὶ
2999 4930 3342 5002 προσεδόκων
3372 4933 3452 4985 ὅτι
3483 4933 3513 4985 6

1934 5017 2102 5087 ἀμνὸς
2140 5016 2236 5072 τοῦ
2284 5018 2417 5073 Θεοῦ
2451 5019 2621 5073 ἐλθὼν
2662 5023 2784 5092 ἀρεῖ
2828 5020 2928 5093 τήν
2974 5022 3248 5094 ἁμαρτίαν
3292 5020 3387 5074 τοῦ
3417 5022 3511 5074 κό-

1935 5125 2106 5177 σμου·
2162 5111 2350 5183 ἐπειδὴ
2388 5112 2444 5165 δὲ
2480 5112 2571 5165 τὸν
2623 5114 2806 5187 ἰατρὸν
2852 5114 3261 5185 διεχειρίσαντο,
3297 5114 3392 5167 καὶ
3428 5115 3511 5176 εἰς

1932 5202 2065 5256 αὐτὸ
2090 5203 2149 5256 τὸ
2178 5204 2488 5276 ἱλαστήριον
2519 5204 2769 5277 ὕϐρισαν.
2802 5208 2895 5261 καὶ
2920 5208 3011 5261 τὸν
3039 5206 3261 5259 ἐλθόντα
3290 5204 3509 5275 ἀφεῖναι

1930 5296 2001 5350 τὰ
2030 5296 2398 5367 ἁμαρτήματα
2430 5299 2879 5371 ἀπεστράφησαν,
2914 5300 3092 5369 πάσης
3129 5298 3314 5351 λοιπὸν
3355 5296 3510 5350 ἐλπί-

1929 5388 2018 5452 δος
2048 5387 2326 5453 ἐξέπεσον.
2353 5389 2454 5443 Διά
2493 5390 2651 5444 τοῦτο
2684 5391 2867 5461 λέγει·
2895 5388 3261 5459 Πληρώσατε
3291 5389 3359 5442 τὸ
3398 5386 3510 5458 μέ·-

1930 5497 2074 5548 τρον
2117 5478 2234 5533 τῶν
2278 5480 2550 5548 πατέρων
2598 5479 2785 5549 ὑμῶν.
2828 5478 2971 5540 Ναὶ,
3036 5476 3233 5547 φησίν·
3267 5475 3381 5530 ἀλλ’
3421 5476 3504 5529 ὅτι

1933 5572 2031 5643 μὲν
2065 5574 2336 5643 μιαιφόνοι
2380 5574 2473 5628 καὶ
2514 5575 2757 5641 ἐναγεῖς,
2792 5571 3165 5626 ἀποδέδεικται
3198 5570 3264 5623 ὲκ
3294 5568 3506 5624 πολλῶν

1933 5663 2277 5735 μαρτυριῶν·
2311 5664 2473 5719 πόθεν
2513 5664 2571 5718 δὲ
2606 5664 2782 5736 δῆλον,
2818 5665 2900 5717 ὄτι
2931 5662 3039 5715 τῶν
3072 5662 3364 5733 προφητῶν
3402 5662 3507 5716 οὐκ

1930 5759 1995 5811 ἂν
2030 5757 2337 5826 ἐφείσαντο,
2368 5759 2416 5811 εί
2450 5759 2691 5830 ἥκουσαν
2735 5758 2815 5810 ὅτι
2852 5754 2922 5810 τά
2954 5750 3299 5828 Ἱεροσόλυμα
3332 5773 3505 5812 κατα-

1988 5924 2018 5965 δ
2044 5924 2156 5976 Mss.
2189 5928 2427 5990 κατέχεον.

3095 6013 3165 6076 11
