3992 6300
199 438 275 497 {69
1136 447 1222 501 DE
1261 447 1794 504 PROPllETlARUM
1832 449 2328 509 OBSCURITATE.
2368 456 2407 510 l.

203 569 387 626 eumque
430 557 525 627 qui
568 567 813 622 venerat,
842 569 895 613 ut
937 570 1153 629 peccata
1181 560 1489 625 dimitteret,
1517 561 1748 616 aversati

207 659 314 716 sunt,
337 651 476 706 omni
509 665 609 718 spe
642 651 893 722 deinceps
915 652 1242 708 exciderunt.
1270 654 1552 724 Propterea
1581 654 1707 709 dicit
1731 673 1744 707 :

206 744 382 815 implete
404 760 701 797 mensuram
728 755 929 814 patrum
961 755 1256 801 vestrorum.
1304 749 1480 813 Certe,
1535 749 1703 817 inquit
1732 766 1744 801 :

206 846 247 891 et
263 835 420 890 multis
448 836 667 906 quidem
691 847 958 891 ostensum
981 847 1064 892 est
1092 839 1428 905 testimoniis,
1456 840 1749 895 homicidas

208 929 301 982 illos
317 942 374 983 ac
398 927 635 982 nefarios
664 926 830 984 fuisse
861 947 873 981 :
908 929 1047 984 unde
1077 946 1204 985 vero
1233 941 1443 985 constat
1471 933 1590 986 illos
1618 948 1744 1001 pro-

208 1021 349 1090 phetis
374 1022 594 1078 minime
620 1022 936 1092 parcituros,
965 1024 1008 1077 si
1051 1023 1377 1096 Jerosolyma
1410 1040 1655 1080 eversum
1685 1024 1747 1077 iri

211 1113 533 1179 audivissent,
568 1123 621 1168 et
650 1123 978 1169 cessaturam
1008 1115 1201 1185 legem,
1250 1133 1313 1171 ac
1358 1115 1474 1170 fore
1501 1125 1557 1169 ut
1585 1115 1748 1170 Vetus

210 1203 565 1258 Testamentum
590 1206 935 1260 immutetur?
962 1206 1016 1260 ld
1045 1207 1257 1276 quidem
1283 1222 1344 1262 ex
1371 1208 1454 1272 iis,
1475 1223 1590 1277 qua:
1607 1206 1746 1260 dicta

212 1305 322 1362 sunt,
346 1295 577 1351 maxime
614 1307 833 1367 apparet
865 1317 877 1352 :
910 1308 1273 1353 verumtamen
1331 1315 1395 1352 ex
1434 1298 1563 1368 ipsis
1605 1298 1747 1352 Scri-

213 1388 348 1456 pturis
393 1389 812 1443 manifestiorem
869 1389 1146 1458 subjiciam
1211 1389 1742 1445 demonstrationem.

212 1476 314 1532 Nam
335 1479 602 1548 siquando
628 1480 939 1550 praphetam
986 1481 1249 1535 dicentem
1289 1481 1587 1546 audierunt,
1631 1481 1744 1536 fore

215 1568 532 1623 utlerusalem
567 1571 890 1638 temporario
930 1572 1138 1626 excidio
1170 1572 1590 1637 exscinderetur,
1621 1587 1742 1625 cmn

213 1660 304 1713 illos
321 1668 512 1714 mutare
528 1671 757 1716 mentem
777 1663 1095 1727 Oportuisset
1124 1671 1177 1717 et
1197 1664 1324 1717 iram
1348 1665 1434 1717 Dei
1453 1663 1741 1733 depellere,

213 1750 252 1803 in
275 1751 559 1821 prophetam
589 1751 825 1807 furorem
855 1754 1170 1808 ell'uderunt.
1210 1758 1381 1825 Atque
1424 1757 1524 1810 hoc
1560 1772 1740 1810 verum

211 1856 320 1904 esse.
358 1857 422 1895 ex
465 1843 698 1898 historiis
740 1844 870 1914 ipSts
923 1845 1245 1917 intelligetis.
1275 1848 1601 1903 Obsidebant
1645 1848 1740 1900 ali-

212 1934 383 2001 quando
406 1934 666 1991 civitatem
695 1937 929 2008 ipsorum
964 1939 1161 2004 Persae,
1188 1951 1346 2011 atque
1394 1941 1560 2010 ipsam
1611 1941 1740 1995 foris

213 2027 474 2082 barbaricus
502 2030 764 2085 exercitus
805 2032 1236 2087 circumvallabat
1271 2051 1283 2086 :
1317 2049 1414 2088 nec
1455 2035 1737 2088 obscurmn

211 2121 594 2190 cratpericulum
625 2123 765 2193 quod
795 2123 1122 2190 imminebat,
1171 2124 1262 2179 sed
1311 2125 1362 2179 in
1411 2127 1599 2180 mediis
1627 2135 1735 2178 tum

212 2211 373 2281 laqueis
389 2214 504 2267 urbs
526 2213 848 2282 Jerusalem,
873 2219 1089 2271 armatis
1108 2220 1352 2272 omnibus
1373 2228 1426 2274 et
1446 2220 1586 2272 illam
1609 2218 1738 2272 foris

212 2304 681 2370 circumsidentibus,
736 2307 1048 2363 versabatur
1100 2325 1116 2364 :
1169 2320 1400 2365 attamen
1460 2326 1578 2365 cum
1630 2321 1733 2364 tam

213 2405 321 2449 Certa
347 2397 472 2450 mala
521 2413 616 2452 eos
665 2411 989 2468 premerent,
1045 2403 1295 2471 quoniam
1344 2418 1654 2473 progressus
1683 2405 1733 2456 iu

210 2487 395 2540 medium
441 2487 575 2542 dixit
605 2489 710 2544 illis
738 2489 1017 2554 Jeremias,
1047 2490 1159 2546 fore
1199 2501 1258 2546 ut
1287 2493 1338 2546 in
1366 2508 1552 2548 manus
1575 2493 1733 2548 Chal-

207 2578 397 2632 deorum
418 2580 600 2635 civitas
635 2581 966 2648 traderetur;
995 2585 1198 2638 tametsi
1239 2600 1410 2656 neque
1461 2586 1734 2656 prophetia

205 2667 278 2722 fuit
303 2670 407 2738 hoc,
437 2687 554 2726 cum
578 2673 816 2742 ipsorum
842 2674 978 2728 oeuli
1012 2690 1129 2744 quae
1150 2686 1404 2731 eventura
1439 2687 1617 2733 essent
1649 2680 1732 2732 in-

203 2771 466 2828 tuerentur;
509 2764 631 2834 quia
661 2773 839 2819 tamen
884 2780 949 2820 ea
989 2782 1106 2835 quae
1157 2768 1432 2823 manifesta
1476 2780 1645 2834 erant,
1679 2779 1734 2824 et

199 2866 352 2906 eorum
376 2854 538 2911 oculis
586 2854 1006 2910 observabantur
1047 2855 1277 2922 dicebat,
1326 2860 1539 2914 scelesti
1567 2860 1641 2913 illi
1670 2876 1732 2914 ac

197 2946 383 3015 stupidi,
411 2957 463 3002 et
481 2964 606 3018 erga
637 2947 1010 3004 benefactores
1037 2949 1226 3019 ingrati
1253 2952 1330 3006 sic
1361 2952 1728 3019 insanierunt,

195 3046 238 3088 ut
267 3038 567 3105 proditorem
597 3040 742 3094 illum
784 3049 838 3094 et
881 3056 1180 3096 eversorem
1210 3044 1626 3110 arbitrarentur,
1667 3062 1732 3100 ac

189 3127 403 3183 dicerent
430 3149 442 3183 :
476 3130 574 3184 Hic
604 3131 832 3186 dissolvit
879 3149 1054 3186 manus
1089 3135 1263 3202 populi
1284 3136 1432 3205 hujus
1462 3136 1609 3207 (Jer.
1639 3138 1728 3193 58.

188 3221 256 3287 4).
283 3224 511 3277 Attamen
539 3225 892 3279 confirmabat
913 3265 929 3290 ,
971 3235 1200 3281 attamen
1226 3228 1457 3296 ipsorum
1489 3230 1731 3284 alacrita—

189 3323 279 3367 tem
308 3316 578 3382 excitabat,
606 3327 661 3371 et
687 3317 754 3371 ad
784 3316 948 3370 Deum
973 3317 1217 3383 ducebat,
1236 3334 1432 3388 eosque
1460 3321 1654 3375 invicto
1675 3330 1731 3376 et

186 3404 548 3476 inexpugnabili
577 3423 731 3462 muro
756 3408 1187 3463 circumvallabat
1216 3428 1229 3463 :
1269 3411 1360 3463 sed
1389 3411 1461 3464 illi
1486 3412 1729 3466 nihilho-

185 3511 284 3549 rum
311 3498 674 3570 intelligentes,
699 3500 924 3554 interﬁci
941 3500 1347 3568 eumjubebant.
1377 3501 1520 3555 Talia
1539 3504 1730 3573 quippe

185 3588 302 3643 bene
340 3590 401 3645 de
439 3607 498 3645 se
544 3592 749 3645 meritis
781 3592 996 3661 praemia
1027 3606 1238 3660 semper
1265 3592 1644 3662 rependebaut,
1677 3603 1729 3647 et

185 3696 286 3735 cum
324 3699 408 3736 rex
459 3684 767 3754 ignovisset.
809 3698 879 3738 ne
927 3684 1003 3737 sic
1045 3683 1256 3753 quidem
1297 3694 1590 3750 cesserunt,
1636 3685 1728 3738 sed

183 3776 403 3843 quoniam
432 3791 625 3831 necare
653 3791 760 3831 non
788 3784 1049 3846 poterant,
1079 3777 1130 3830 in
1167 3776 1261 3830 luti
1292 3776 1463 3830 lacum
1486 3777 1727 3847 projece-

181 3877 304 3920 runt.

236 3959 285 4012 4.
310 3958 454 4024 Quod
483 3959 525 4014 si
551 3961 886 4030 temporaria:
905 3961 1223 4032 captivitatis
1258 3964 1583 4019 mentionem
1616 3963 1726 4019 ﬁeri

179 4066 266 4104 non
292 4053 542 4120 tulerunt,
571 4068 679 4123 quo
708 4053 918 4108 tandem
965 4065 1118 4123 pacto
1147 4065 1414 4124 perpetua:
1452 4057 1727 4110 servitutis

181 4144 552 4209 pradictionem
584 4145 813 4200 audituri
842 4146 1095 4200 fuissent?
1120 4145 1173 4202 Si
1196 4161 1313 4201 cum
1339 4147 1558 4203 dixisset
1578 4148 1729 4204 Jere-

182 4236 312 4295 nitas,
343 4229 394 4289 In
418 4236 744 4309 Babylonem
765 4236 998 4303 abibitis,
1025 4252 1194 4308 neque
1221 4247 1501 4308 potuerunt
1518 4240 1723 4308 audire,

182 4327 254 4380 sed
276 4344 390 4382 eum
419 4330 509 4400 qui
539 4329 746 4383 dixerat
783 4329 1063 4398 punierunt
1091 4346 1105 4384 :
1146 4331 1188 4384 si
1220 4331 1504 4401 prophetas
1525 4333 1727 4386 audiis-

185 4431 280 4473 sent
306 4422 542 4476 dicentes
565 4463 581 4484 ,
625 4419 741 4475 fore
769 4431 825 4474 ut
863 4437 969 4476 non
1015 4421 1066 4476 in
1101 4421 1446 4494 Babylonem,
1475 4423 1569 4478 sed
1592 4439 1724 4493 quo-

188 4526 472 4578 quoversuni
505 4528 604 4583 per
646 4512 828 4567 orbem
877 4523 1134 4567 terrarum
1184 4513 1594 4584 dispergamini,
1630 4529 1727 4568 nec

191 4605 380 4672 amplius
415 4601 758 4669 revertamini
784 4644 798 4664 ,
845 4619 1018 4658 nonne
1047 4604 1168 4658 talia
1197 4603 1482 4659 dicentium
1514 4605 1727 4676 sangui-

191 4710 288 4749 nem
309 4695 799 4761 ebibissenttouod
830 4697 872 4750 si
899 4697 1047 4751 vobis
1066 4696 1204 4752 istud
1225 4697 1398 4751 adhuc
1419 4697 1724 4766 conjectura

198 4787 366 4842 ridetur
389 4805 531 4848 esse,
554 4787 1010 4842 demonstratione
1036 4788 1179 4841 clara
1219 4789 1475 4858 probabo,
1507 4804 1610 4843 non
1642 4799 1727 4843 tu-

197 4879 454 4934 tumluisse
483 4879 659 4933 futura
693 4877 794 4932 illis
818 4878 1150 4943 denuntiare,
1179 4885 1440 4944 nostrum,
1475 4880 1686 4949 inquam
1711 4921 1726 4946 ,

195 4968 417 5026 honorem
447 4981 500 5026 et
520 4969 947 5039 reprobatiouem
976 4970 1202 5023 illorum.
1220 4970 1325 5023 Cur
1341 4972 1504 5034 enim,
1529 4984 1729 5038 quaeso,

195 5055 487 5130 Stephanum
529 5063 793 5132 primitias
827 5074 1118 5137 martyrum
1146 5058 1498 5131 lapidaruut?
1555 5073 1732 5113 nonne

195 5153 311 5218 quod
337 5154 431 5208 hoc
459 5155 535 5210 illi
569 5154 784 5212 crimini
805 5156 1082 5207 verterent
1112 5143 1474 5216 dicerentque.
1523 5148 1607 5201 Vir
1637 5150 1732 5202 iste

200 5240 394 5298 lenitur
416 5239 563 5291 verba
592 5235 951 5303 blasphemia?
989 5233 1152 5295 Dixit,
1183 5233 1347 5293 aiunt,
1374 5232 1612 5298 quoniam
1648 5228 1740 5284 Je-

197 5340 270 5376 ειη
298 5329 500 5383 destruet
529 5329 772 5392 tensplum
803 5327 966 5387 istud,
995 5334 1042 5377 et
1072 5323 1278 5375 mutabit
1301 5323 1449 5388 ritus,
1482 5337 1608 5389 quos
1633 5332 1739 5374 tra-

197 5416 307 5466 didit
337 5418 526 5488 Moyses
555 5422 688 5488 (Act.
721 5419 776 5471 6.
810 5418 898 5469 Η.
929 5413 1042 5479 l4),
1070 5422 1226 5482 atque
1254 5413 1451 5466 idcirco
1482 5411 1628 5464 illum
1663 5412 1738 5463 Ia-

197 5506 380 5570 pidibus
407 5513 708 5565 obruerunt.
734 5509 789 5563 Si
817 5517 927 5560 tum
953 5506 1065 5560 huic
1090 5505 1271 5558 audire
1300 5520 1402 5556 non
1427 5510 1732 5570 potuerunt,

195 5595 335 5665 idque
367 5617 478 5658 cum
516 5618 603 5658 res
647 5603 778 5668 ipse
819 5597 977 5652 ﬁdem
1021 5595 1150 5664 ipsis
1192 5595 1444 5660 deinceps
1477 5593 1729 5655 iacerent,

194 5695 432 5755 quomodo
452 5697 733 5763 prophetas
757 5693 873 5744 hzec
896 5689 1309 5758 przenuntiantes
1331 5683 1609 5740 tulissent?
1635 5685 1736 5735 Au-

197 5779 365 5848 diristi,
411 5786 767 5848 dilectissime,
814 5789 1031 5850 propter
1077 5778 1328 5844 templum
1360 5817 1374 5839 ,
1419 5785 1470 5828 et
1517 5783 1732 5842 propter

198 5875 433 5943 r‘tllliionis
460 5884 806 5940 mutationem
833 5876 903 5932 ab
934 5875 1040 5931 illis
1068 5888 1187 5930 eum
1220 5873 1378 5949 fuisse
1411 5871 1728 5939 lapidatum:

3342 467 3438 522 I70

1856 563 2140 634 audi,an
2189 577 2342 635 pacto
2369 568 2582 626 Christo
2627 573 2788 629 etiam
2842 574 2984 630 istud
3034 574 3202 646 ipsum
3234 579 3435 634 crimen

1855 654 2126 724 objiciunt.
2149 655 2294 712 Dixit
2339 661 2501 726 enim,
2533 663 2796 733 inquiunt,
2824 666 2956 721 iste:
2984 666 3176 722 Soluite
3197 671 3436 739 templum

1855 747 1968 811 hoc,
1998 758 2043 800 et
2073 749 2124 802 in
2155 749 2309 803 tribus
2334 750 2507 805 diebus
2532 755 2757 809 excitabo
2789 757 2960 827 illud(
2993 757 3175 812 Matth.
3207 759 3296 816 26.
3326 762 3387 817 61
3417 779 3433 827 ;

1852 838 2006 892 Joan.
2030 839 2082 893 2.
2114 841 2179 896 l9
2204 841 2245 913 ).
2277 843 2435 898 Vides
2463 845 2660 915 ubique
2693 849 2874 918 templi
2895 850 3338 918 destructionem,
3369 870 3433 909 ac

1853 931 2126 1000 religionis
2155 936 2500 990 mutationem
2527 937 2689 992 bilem
2715 940 2821 994 illis
2851 943 3122 998 movisse?
3149 943 3273 1000 ldeo
3292 946 3435 1000 dice-

1856 1019 1985 1074 hant
2017 1023 2114 1077 hoc
2141 1025 2354 1093 quidem
2386 1029 2680 1096 prophetia,
2710 1031 2804 1084 sed
2843 1032 3119 1089 evidenter
3149 1051 3255 1090 non
3283 1037 3432 1091 diee-

1851 1110 1996 1166 bant.
2029 1113 2152 1168 ldeo
2180 1116 2398 1171 Paulum
2437 1119 2600 1173 etiam
2642 1121 2942 1178 interﬁcere
2965 1125 3263 1194 voluerunt,
3287 1128 3428 1197 quod

1853 1203 1953 1258 illis
1987 1207 2330 1274 persuaderet
2372 1218 2426 1263 ut
2472 1212 2780 1281 religionem
2831 1227 3116 1272 mutarent.
3147 1218 3298 1274 Unde
3328 1221 3430 1276 hoc

1853 1293 2064 1363 liquet?
2099 1295 2249 1352 Vides
2271 1341 2283 1360 ,
2310 1302 2488 1369 frater,
2537 1301 2726 1373 inquit,
2760 1315 2878 1375 quot
2907 1308 3065 1361 millia
3095 1321 3212 1363 sunt
3249 1313 3300 1364 in
3330 1311 3428 1365 Ju-

1850 1386 1986 1448 daeis,
2013 1391 2097 1458 qui
2127 1392 2467 1460 crediderunt,
2516 1407 2561 1448 et
2604 1414 2772 1452 omnes
2813 1401 2897 1454 isti
2925 1403 3191 1457 audierunt
3237 1406 3300 1458 de
3337 1416 3383 1458 te
3407 1448 3423 1472 ,

1848 1477 1982 1544 quod
2003 1479 2353 1536 discessionem
2380 1485 2558 1540 doceas
2585 1503 2617 1540 a
2643 1487 2747 1558 lege
2769 1491 2900 1560 (Act.
2932 1491 3021 1545 2|.
3046 1493 3114 1548 20
3215 1495 3427 1551 Fideles

1847 1566 2027 1624 doceri
2065 1588 2123 1626 se
2164 1573 2547 1631 discessionem
2598 1595 2627 1633 a
2672 1581 2788 1651 lege
2838 1601 2940 1638 non
2970 1588 3340 1655 patiebantur;
3373 1600 3426 1646 et

1847 1660 1934 1727 qui
1967 1662 2197 1718 nondum
2230 1667 2565 1722 crediderant
2593 1713 2607 1736 ,
2629 1675 2898 1742 quomodo
2923 1679 3107 1732 audire
3131 1682 3426 1748 potuissent

1847 1749 1978 1813 fore,
2010 1761 2067 1805 ut
2092 1755 2179 1808 lex
2221 1757 2506 1827 aliquando
2537 1764 2811 1817 cessaret?
2855 1767 2930 1819 Ac
2970 1767 3182 1822 Jutlmos
3209 1771 3422 1840 quidem

1847 1839 2220 1900 interfecturos
2251 1847 2412 1904 fuisse
2444 1853 2749 1920 prophetas,
2776 1856 2818 1908 si
2850 1857 2972 1926 quid
3006 1859 3108 1913 tale
3138 1839 3419 1918 manifeste

1847 1936 2236 2002 prtedixissent.
2264 1943 2580 1998 testimoniis
2613 1947 2787 2002 allatis
2814 1951 3164 2018 ostendimus,
3197 1971 3259 2009 ex
3307 1957 3424 2026 ipso

1842 2025 2000 2081 beato
2045 2027 2295 2095 Jeremia,
2341 2048 2404 2087 ac
2447 2045 2836 2108 protomartyre
2877 2041 3167 2111 Stephano,
3195 2061 3260 2098 ex
3308 2025 3421 2116 ipso

1841 2112 2075 2184 Christo,
2100 2128 2155 2172 el.
2175 2125 2416 2191 apostolo
2444 2125 2626 2180 Paulo.
2651 2128 2910 2185 Omnibus
2934 2133 3077 2186 enim
3105 2135 3290 2190 eadem
3318 2112 3421 2190 cri-

1843 2208 1970 2262 mini
2002 2211 2210 2280 dantes,
2249 2231 2341 2269 eos
2370 2216 2435 2270 de
2465 2218 2642 2273 medio
2688 2222 3034 2277 sustulerunt.
3067 2224 3212 2295 Ipsos
3239 2236 3416 2282 autem

1843 2301 2179 2370 prophetiCtis
2202 2308 2363 2362 etiam
2394 2308 2556 2364 libros
2583 2313 2962 2370 combusturos
2998 2332 3092 2371 eos
3133 2318 3296 2374 fuisse
3321 2362 3334 2385 ,
3370 2323 3413 2375 si

1839 2405 1957 2459 quae
1982 2393 2118 2448 dicta
2141 2395 2351 2452 fuerant
2379 2403 2789 2470 cognovissent,
2824 2403 2926 2460 hoc
2954 2422 3168 2478 quoque
3212 2425 3306 2480 per
3337 2412 3417 2465 hi-

1840 2487 2057 2540 storiam
2090 2491 2375 2558 quamdam
2410 2495 2635 2562 probare
2679 2505 2914 2567 satagam
2943 2500 3091 2554 vobis
3120 2503 3412 2565 occultam.

1838 2577 1930 2631 sed
1961 2595 2076 2648 qua:
2123 2586 2400 2639 manifesta
2430 2589 2682 2644 continuo
2721 2591 2848 2645 ﬁet:
2884 2592 2954 2646 ita
3002 2595 3236 2649 conabor
3272 2597 3414 2651 illam

1839 2683 2129 2738 exponere.
2165 2674 2416 2740 Qumnam
2447 2679 2603 2748 igitur
2631 2681 2718 2734 illa
2745 2680 2964 2736 historia
3001 2685 3087 2750 sit,
3114 2686 3311 2742 audite.

1909 2760 2138 2818 Historia
2166 2766 2229 2819 de
2251 2765 2492 2822 Ieremia.
2512 2801 2582 2810 —
2599 2771 2664 2824 Et
2688 2777 2879 2844 factum
2909 2787 2981 2830 est
3005 2777 3056 2830 in
3079 2795 3212 2831 anno
3236 2791 3414 2848 quarto

1835 2850 2036 2906 Joacim
2058 2856 2152 2922 lilii
2177 2856 2336 2912 Josia:
2363 2862 2498 2930 regis
2539 2861 2699 2929 Juda,
2733 2863 2862 2919 dixit
2903 2866 3152 2922 Dominus
3178 2871 3246 2922 ad
3269 2871 3414 2924 Jere-

1836 2945 2021 2998 miam:
2047 2947 2222 3001 Scribe
2241 2952 2407 3004 omnia
2433 2954 2598 3019 verba,
2629 2971 2740 3024 qute
2770 2957 3003 3026 loquutus
3037 2977 3146 3012 sum
3170 2963 3238 3013 ad
3265 2972 3340 3024 te,
3383 2982 3415 3016 a

1835 3034 2009 3090 diebus
2035 3037 2194 3092 Josite
2218 3057 2374 3110 usque
2409 3044 2478 3095 ad
2513 3045 2644 3097 diem
2674 3047 2804 3099 hanc
2850 3047 2869 3119 (
2903 3049 3012 3102 Jer.
3045 3051 3130 3104 56.
3182 3052 3232 3105 1.
3277 3052 3312 3104 2
3341 3054 3358 3122 )
3392 3069 3406 3102 ;

1835 3125 1937 3180 hoc
1963 3137 2063 3193 est,
2096 3133 2272 3185 omnia
2327 3134 2464 3187 mala
2512 3151 2629 3203 qua:
2679 3138 2852 3208 cogito
2901 3140 3073 3196 facere
3116 3141 3214 3195 eis.
3246 3143 3399 3208 Vide,

1833 3219 1957 3287 quid
1988 3219 2246 3289 benignus
2273 3238 2335 3276 ac
2361 3226 2610 3293 providus
2639 3226 2779 3282 dicat
2804 3230 2961 3284 Deus.
2993 3231 3123 3286 Nam
3161 3235 3409 3302 quoniam

1834 3311 2037 3380 singula
2061 3314 2312 3370 nolebant
2341 3316 2545 3382 audire,
2581 3318 2804 3391 Collige,
2845 3322 3036 3392 inquit,
3071 3325 3157 3377 illa
3187 3327 3362 3378 omnia
3388 3368 3404 3391 ,

1832 3417 1894 3456 ac
1922 3413 2125 3458 metum
2150 3421 2304 3475 auge,
2338 3416 2401 3461 ut
2431 3409 2514 3462 vel
2544 3409 2643 3464 hac
2684 3414 2890 3466 ratione
2934 3415 3265 3482 resipiscam.
3305 3417 3411 3471 Rc-

1831 3496 2121 3549 eordamini
2144 3499 2385 3565 promissi
2414 3502 2581 3554 nostri
2607 3520 2619 3554 :
2653 3501 2703 3554 iu
2727 3507 3021 3572 qurstioue
3046 3507 3269 3573 positum
3297 3520 3400 3572 est,

1835 3595 1889 3638 ut
1914 3588 2256 3643 ostendamus
2286 3605 2379 3645 eos
2409 3591 2571 3646 libros
2598 3596 2740 3661 ipsos
2768 3594 3094 3649 laceraturos
3123 3597 3283 3652 fuisse
3317 3641 3330 3659 .
3365 3602 3408 3653 si

1833 3691 2021 3732 cuncta
2060 3695 2176 3748 qum
2204 3681 2360 3735 hodie
2386 3684 2742 3752 contigerunt,
2774 3685 2875 3738 illis
2907 3686 2958 3740 in
2985 3697 3215 3742 mentem
3238 3691 3412 3744 venis-

1832 3779 1969 3824 sent.
2002 3770 2156 3826 Forte
2183 3775 2383 3826 audient
2411 3776 2958 3843 mala(adha:rcndum
2979 3780 3116 3831 enim
3142 3789 3223 3833 est
3245 3779 3410 3833 histo-

1833 3863 1925 3916 rite
1955 3863 1990 3931 ),
2022 3880 2133 3933 quae
2171 3867 2330 3936 cogito
2362 3871 2526 3936 facere
2560 3868 2629 3919 eis
2656 3909 2670 3932 ,
2714 3876 2759 3920 et
2810 3879 3091 3921 avertentur
3132 3887 3164 3922 a
3210 3873 3290 3924 via
3317 3890 3408 3925 sua

1835 3956 2029 4028 prava(
2059 3955 2194 4009 Ibid.
2225 3974 2270 4010 υ.
2304 3959 2337 4010 5
2362 3960 2401 4026 ).
2447 3956 2628 4026 Forte,
2664 3957 2789 4012 dicit
2830 3959 3009 4013 Deus?
3062 3977 3184 4014 nutu
3227 3963 3404 4031 igitur,

1836 4065 2036 4118 qumso,
2072 4049 2244 4103 futura
2277 4051 2482 4119 ignorat
2506 4053 2528 4104 ?
2552 4065 2654 4102 non
2683 4051 2826 4103 novit
2855 4066 2920 4104 an
2953 4052 3177 4106 audituri
3209 4055 3333 4117 sint,
3360 4056 3404 4108 is

1834 4143 1921 4211 qui
1957 4143 2102 4195 novit
2132 4144 2306 4195 omnia
2333 4154 2612 4212 antequam
2648 4143 2797 4207 fiant,
2828 4145 2914 4212 qui
2946 4145 3105 4198 corda
3132 4157 3403 4200 scrutatur

1833 4242 1885 4288 et
1911 4248 2084 4297 renes,
2109 4234 2195 4302 qui
2223 4233 2485 4288 discretor
2510 4243 2592 4287 est
2620 4234 2999 4303 cogitationum
3023 4244 3076 4290 et
3102 4237 3357 4290 mentium
3383 4280 3398 4299 ,

1832 4326 1987 4396 cujus
2007 4327 2173 4380 oculis
2214 4326 2351 4380 nuda
2383 4335 2435 4380 et
2460 4337 2640 4394 aperta
2690 4335 2813 4380 sunt
2841 4326 3064 4380 omnia?
3089 4327 3198 4382 Cur
3223 4339 3402 4383 autent

1831 4418 2010 4483 dixit,
2045 4415 2198 4470 Forte
2242 4417 2492 4470 audient?
2519 4416 2647 4469 Nam
2675 4427 2729 4471 et
2780 4416 2895 4470 hare
2949 4432 3123 4485 opera:
3175 4422 3404 4488 pretium

1833 4512 1990 4566 fuerit
2018 4527 2112 4565 vos
2133 4511 2399 4573 didicisse,
2431 4519 2646 4580 propter
2672 4525 2764 4563 eos
2784 4510 2874 4579 qui
2904 4511 3173 4579 unigenito
3201 4512 3287 4565 Dei
3317 4512 3404 4565 Fi-

1834 4604 1904 4658 lio
1932 4603 2278 4673 ignorantiam
2309 4602 2581 4671 objiciunt.
2615 4601 2755 4654 Ecce
2804 4601 2947 4654 enim
2987 4601 3143 4655 Pater
3191 4619 3401 4672 quoque

1834 4696 2123 4765 ignorantis
2171 4695 2345 4749 verbis
2393 4695 2603 4748 utitur:
2653 4692 2935 4762 siquidem,
2983 4691 3157 4759 Forte,
3191 4709 3288 4747 vox
3321 4704 3404 4747 est

1835 4790 2124 4858 ignorantis
2152 4809 2164 4843 :
2193 4795 2554 4841 verumtamen
2577 4802 2905 4856 nequaquam
2929 4786 3153 4857 ignorat.
3179 4787 3400 4854 Quando

1839 4881 1998 4951 igitur
2027 4891 2079 4935 et
2109 4879 2301 4934 Filium
2347 4880 2448 4934 tale
2489 4878 2614 4948 quid
2655 4879 2918 4933 dicentem
2949 4879 3234 4941 audiveris,
3258 4894 3406 4932 eam-

1835 4974 1954 5028 dem
1996 4975 2310 5028 sententiam
2342 4972 2570 5043 suscipe.
2605 4971 2736 5026 Nam
2781 4987 2900 5027 cum
2949 4972 3112 5026 Filius
3155 4973 3258 5035 sit,
3291 4970 3394 5023 ubi-

1836 5079 1938 5133 que
1961 5063 2172 5117 Patrem
2204 5063 2456 5116 imitatur.

1909 5151 2235 5206 Praesciemia
2259 5169 2356 5208 non
2381 5159 2451 5204 est
2474 5169 2625 5206 causa
2650 5151 2857 5224 peccati.
2875 5180 2945 5190 —
2965 5147 3068 5204 Sed
3096 5145 3404 5205 dill'eramlts

1841 5229 2096 5295 tantisper
2141 5229 2236 5281 has
2283 5229 2733 5283 concertationum
2766 5231 3094 5297 occasiones.
3124 5247 3193 5288 ne
3216 5246 3246 5287 ι
3280 5245 3398 5297 pro-

1840 5322 2012 5384 posito
2040 5331 2350 5389 argumento
2397 5323 2732 5377 discedamus
2756 5340 2769 5375 :
2792 5338 3090 5392 quaeramus
3119 5338 3215 5376 cur
3240 5325 3401 5390 dicat,

1837 5411 1996 5465 Forte
2039 5415 2262 5466 audient.
2313 5414 2370 5468 Si
2419 5415 2658 5478 dixisset,
2694 5415 2940 5476 Audierit,
2975 5416 3176 5485 absque
3221 5412 3402 5480 Forte,

1837 5502 2024 5555 falsum
2057 5503 2405 5555 fuissettnon
2453 5504 2592 5556 enim
2639 5513 2789 5555 erant
2834 5505 3083 5556 audituri.
3129 5506 3181 5560 Si
3213 5523 3398 5559 verum

1833 5595 2076 5654 dixisset,
2097 5593 2212 5648 Non
2243 5596 2478 5657 audient,
2513 5597 2700 5650 frustra
2746 5611 2849 5647 non
2881 5596 3141 5649 audituris
3173 5597 3402 5664 prophe-

1835 5695 1941 5739 tam
1973 5687 2223 5739 misisset.
2257 5687 2437 5758 Neque
2478 5689 2674 5742 idcirco
2719 5695 2920 5739 tantum
2941 5729 2955 5748 ,
2988 5688 3079 5741 sed
3112 5704 3176 5742 ne
3205 5689 3308 5742 vim
3339 5706 3403 5744 ac

1836 5780 2202 5832 necessitatem
2227 5779 2454 5847 aliquam
2485 5780 2547 5832 sd
2573 5795 2674 5832 non
2699 5778 2992 5835 parendum
3021 5780 3212 5835 all'erre
3234 5781 3400 5848 ipsius

1837 5871 2170 5940 prmscientia
2219 5881 2526 5939 putaretur,
2577 5879 2855 5937 propterea
2908 5885 3029 5925 cum
3074 5874 3402 5929 dubitatione
