3992 6300
625 412 719 469 ‘I'M

620 528 847 598 quadam
881 528 991 583 hrec
1028 528 1189 584 verba
1222 531 1457 600 protulit,
1491 548 1557 586 ne
1588 530 1724 588 forte
1752 531 1994 588 dicerent
2018 533 2201 604 aliqui,

620 619 873 675 l’ra-dixit
917 620 1077 685 Deus,
1118 629 1173 675 et
1200 623 1417 677 omnino
1446 625 1665 679 evenire
1693 625 1974 693 oportebat
2009 644 2021 681 :
2060 626 2203 696 quod

616 715 684 769 de
712 714 844 769 Juda
876 713 1052 769 solent
1080 714 1279 771 dicere.
1313 716 1586 781 Przrdixit,
1618 718 1884 788 inquiunt,
1920 735 2041 773 eum
2076 735 2203 789 pro-

616 806 843 859 ditorem
894 805 1148 870 futurum,
1179 815 1234 861 et
1278 807 1477 863 idcirco
1521 808 1761 877 proditor
1807 809 1980 865 factus
2025 819 2126 865 cst.
2157 810 2204 867 0

612 896 971 951 dementiam!
1005 913 1038 952 o
1060 898 1477 967 impudentiam!
1511 899 1693 970 Neque
1733 901 1874 956 enim
1911 901 2199 970 praescien-

612 989 682 1042 tia
714 988 929 1042 malitia:
953 1004 1111 1043 causa
1137 988 1253 1055 fuit,
1285 991 1357 1045 mi
1384 990 1546 1046 homo
1575 1008 1589 1044 :
1618 992 1772 1046 absit.
1802 992 1917 1047 Non
1948 994 2089 1048 enim
2114 1009 2197 1048 re-

612 1085 712 1138 bus
745 1084 935 1139 futuris
961 1083 1117 1138 affert
1140 1084 1533 1151 necessitatem,
1562 1085 1656 1140 sed
1687 1086 1939 1155 praevidet
1970 1095 2195 1141 tantum.

608 1175 726 1231 Non
756 1178 875 1246 quia
907 1176 1150 1247 praedixit
1190 1176 1449 1241 Christus,
1481 1178 1649 1231 factus
1688 1186 1771 1232 est
1798 1177 2038 1246 proditor
2070 1178 2195 1243 ille;

608 1269 704 1323 sed
732 1269 851 1338 quia
876 1268 1114 1337 proditor
1143 1268 1348 1323 futurus
1366 1278 1500 1336 erat,
1522 1269 1764 1324 Christus
1789 1268 1985 1323 idcirco
2008 1270 2198 1339 praedi-

608 1362 703 1414 xit.
731 1360 806 1415 Ne
828 1361 985 1431 igitur
1006 1359 1091 1415 hic
1110 1360 1268 1415 etiam
1294 1361 1474 1416 dicant
1498 1376 1619 1415 eum
1641 1377 1746 1415 non
1774 1360 2048 1416 audituros
2074 1362 2196 1416 illus

607 1453 828 1515 dixisse,
860 1468 923 1507 ac
954 1454 1275 1523 paenitentiae
1322 1455 1459 1508 viam
1505 1453 1609 1507 illis
1653 1454 2007 1523 praeclusisse,
2051 1469 2193 1522 pra:-

608 1548 771 1611 veuit,
803 1558 959 1617 atque
1002 1563 1214 1602 onmem
1245 1548 1578 1604 occasionem
1613 1547 1717 1602 illis
1746 1548 2037 1617 praeripuit,
2065 1546 2190 1601 dum

606 1638 881 1708 propheta:
903 1638 1053 1704 dixit,
1085 1636 1241 1692 Forte
1267 1638 1493 1693 audient.

678 1729 730 1784 5.
762 1729 1133 1785 Recordamini
1162 1731 1408 1800 promissi
1440 1747 1454 1784 :
1486 1746 1608 1784 nam
1636 1732 1836 1787 idcirco
1862 1732 2072 1788 assidue
2097 1748 2191 1787 vn-

604 1818 687 1873 bis
732 1820 783 1873 in
826 1820 1136 1875 memoriam
1169 1820 1297 1875 illud
1343 1836 1556 1885 revoco,
1592 1837 1658 1878 ne
1699 1838 1820 1877 cum
1868 1825 2187 1879 solutionem

602 1913 863 1981 attulere,
912 1914 1224 1985 qumstionis
1277 1915 1429 1970 initio
1484 1914 1856 1985 disputationis
1901 1921 2189 1988 proposita:

601 2006 720 2060 sitis
749 2006 1109 2061 immemores.
1157 2006 1437 2074 Quodnam
1468 2007 1628 2077 igitur
1658 2008 1785 2063 illud
1817 2008 1950 2063 fuit?
1979 2009 2033 2065 Si
2078 2011 2186 2064 sci-

600 2098 807 2152 visscnt
832 2097 1003 2153 Judaei
1045 2108 1302 2153 eventura
1344 2098 1448 2153 illis
1478 2098 1645 2153 fuisse
1688 2101 1847 2167 mala,
1890 2117 2008 2172 qua:
2034 2116 2185 2156 com-

599 2188 1001 2258 prehenderunt
1029 2190 1147 2245 illos
1177 2189 1336 2262 (haec,
1362 2191 1598 2260 inquam,
1623 2192 1759 2247 mala
1785 2209 1902 2261 qua:
1924 2209 2066 2249 nunc
2092 2209 2185 2249 eos

599 2282 885 2354 detinent),
913 2283 1057 2353 ipsos
1086 2284 1252 2339 libros
1282 2284 1686 2343 dilacerasscut.
1721 2301 1891 2355 neque
1922 2286 2089 2341 sacris
2118 2287 2182 2340 li-

599 2375 729 2430 teris
768 2376 1151 2446 pepercissent.
1189 2375 1295 2431 Sed
1325 2376 1390 2430 ad
1434 2375 1707 2431 historiam
1752 2378 2053 2433 redeamus.
2086 2377 2184 2433 His

598 2466 787 2520 auditis
821 2475 963 2520 vocat
1002 2465 1251 2520 Jeremias
1279 2466 1583 2539 discipulum
1612 2484 1758 2520 suum
1785 2466 1991 2522 Baruclt
2019 2468 2183 2539 ﬁlium

601 2555 795 2623 Nerine,
826 2566 874 2611 et
901 2557 972 2611 ait
1000 2556 1078 2611 illi
1101 2573 1119 2611 :
1143 2557 1319 2613 Scribe
1342 2559 1393 2611 in
1417 2559 1544 2611 libro
1564 2559 1699 2612 mala
1724 2560 1914 2625 omnia,
1941 2576 2053 2629 qua:
2079 2560 2184 2615 illis

596 2658 834 2702 eventura
854 2658 972 2702 sunt
998 2646 1133 2718 (Jer.
1160 2648 1249 2703 56.
1273 2650 1352 2717 4).
1378 2648 1514 2716 Quid
1542 2650 1641 2705 hoc
1663 2650 1738 2705 rei
1764 2651 1881 2704 est?
1908 2650 1998 2705 tibi
2021 2665 2047 2702 a
2075 2651 2183 2706 Deo

595 2739 902 2795 mandatum
925 2749 1028 2808 est,
1057 2750 1111 2795 et
1129 2740 1445 2810 discipulum
1473 2740 1637 2796 mittis
1655 2741 1680 2793 ?
1706 2757 1831 2795 num
1852 2740 2050 2813 refugis
2073 2758 2181 2812 prae

595 2832 827 2887 timore?
853 2848 979 2885 num
1010 2832 1250 2888 vereris?
1280 2849 1405 2887 num
1451 2832 1809 2888 reformidas?
1850 2834 1894 2888 si
1927 2842 1983 2889 tu
2013 2834 2183 2889 refor-

592 2926 787 2991 midas,
815 2941 921 2995 quo
948 2934 1101 2995 pacto
1125 2924 1418 2996 discipulus
1454 2926 1707 2981 audebit?
1732 2927 1799 2981 At
1828 2926 1960 2981 nihil
1991 2927 2178 2981 horum

592 3025 716 3082 est;
745 3015 958 3071 additur
998 3015 1141 3071 enim
1169 3031 1368 3071 causa:
1411 3031 1531 3070 nam
1571 3031 1690 3071 cum
1730 3016 1973 3082 dixisset,
2006 3017 2180 3072 Scribe

591 3126 652 3163 ac
672 3109 798 3180 lege,
830 3108 1105 3179 subjunxit
1134 3126 1148 3162 :
1175 3107 1287 3180 Ego
1315 3108 1448 3163 enim
1475 3109 1698 3163 detineor
1717 3109 1770 3163 in
1793 3125 1990 3163 carcere
2014 3108 2173 3179 (Ibid.

591 3218 638 3256 υ.
673 3202 753 3273 5).
785 3202 828 3257 Ο
857 3203 1381 3272 magnanimitatem!
1416 3202 1471 3257 in
1503 3202 1727 3257 vinculis
1753 3210 1886 3267 erat,
1915 3212 1969 3257 et
1997 3217 2026 3256 a
2056 3217 2177 3272 pro-

590 3292 767 3363 phetia
791 3308 894 3347 non
920 3293 1240 3349 abstinebat.
1263 3293 1611 3349 Attendamus
1634 3294 1762 3363 justi
1786 3293 2174 3361 fortitudinem,

590 3387 815 3457 ejusque
857 3386 1020 3441 animi
1079 3386 1489 3456 philosOphiam.
1536 3385 1651 3440 Non
1701 3385 1835 3440 dixit
1884 3386 2023 3456 apud
2072 3402 2173 3442 se:

588 3478 720 3533 Tant
762 3481 924 3534 multa
958 3480 1085 3534 mihi
1130 3487 1351 3550 pr0pter
1396 3478 1535 3533 hanc
1580 3478 1831 3548 loquendi
1876 3478 2174 3534 libertatem

593 3571 729 3624 mala
781 3571 1122 3641 contigerunt
1162 3588 1175 3625 :
1232 3569 1511 3626 innumera
1562 3568 1773 3640 profudi
1830 3570 2026 3635 verba,
2076 3586 2175 3626 nec

587 3662 874 3733 quidquam
904 3661 1125 3732 profeci,
1158 3678 1330 3734 neque
1360 3663 1493 3719 lucri
1525 3664 1651 3717 mihi
1694 3663 1792 3718 fuit
1818 3665 1983 3731 aliud,
2013 3680 2171 3735 quam

591 3764 648 3808 ut
676 3754 727 3807 iu
757 3754 964 3809 vincula
990 3755 1288 3824 conjicerer
1314 3772 1328 3808 :
1356 3754 1580 3810 necdum
1619 3770 1703 3810 me
1734 3756 1872 3811 Deus
1897 3771 1924 3809 a
1951 3756 2172 3812 vinculis

588 3843 849 3908 liberavit,
878 3853 933 3898 et
959 3860 1044 3898 me
1086 3860 1270 3899 rursus
1295 3846 1363 3900 ad
1406 3847 1523 3902 illas
1571 3847 1773 3902 belluas
1802 3849 2002 3903 mittit?
2030 3849 2172 3904 Nihil

590 3935 781 3990 horum
809 3945 900 3988 aut
928 3936 1080 4003 dixit,
1108 3946 1200 3991 aut
1227 3938 1512 4007 cogitavit;
1545 3940 1639 3993 sed
1671 3940 1723 3995 id
1768 3957 1931 3996 unutn
1958 3952 2171 4012 specta-

589 4026 700 4091 bat,
748 4036 804 4079 ut
851 4025 1058 4081 Domini
1102 4039 1425 4097 praeceptum
1454 4031 1734 4099 perficeret
1775 4048 1788 4084 :
1837 4043 1892 4088 et
1920 4036 2169 4103 quoniam

590 4133 685 4187 per
712 4116 948 4187 seipsum
975 4133 1081 4172 non
1109 4127 1339 4188 poterat,
1372 4135 1466 4189 per
1485 4121 1800 4192 discipulum
1830 4125 1957 4180 illud
1985 4128 2172 4195 imple-

586 4208 685 4263 vit.
713 4207 845 4279 Lege
869 4224 1098 4280 namque
1125 4210 1250 4278 illis,
1281 4211 1472 4282 inquit,
1500 4223 1546 4268 et
1569 4215 1651 4268 dic
1680 4217 1849 4270 omnia
1877 4219 2029 4273 mala.
2062 4220 2170 4291 Ego

587 4301 720 4355 enim
749 4301 972 4356 detineor
997 4303 1047 4355 in
1082 4319 1281 4358 carcere
1308 4303 1468 4374 (Ibid.
1497 4321 1544 4361 tt.
1574 4305 1650 4379 6).
1681 4307 1746 4361 Et
1771 4309 1978 4365 dicebat
2016 4311 2167 4368 Jcre-

588 4395 743 4460 mias,
789 4403 844 4448 et
888 4394 1093 4449 Baruch
1139 4397 1405 4453 scribebat
1435 4400 1485 4453 iu
1532 4400 1687 4455 libro.
1715 4401 1910 4473 Jejunii
1962 4414 2170 4476 tempus

587 4483 706 4550 fuit,
733 4499 853 4540 cum
885 4485 999 4541 hazc
1024 4486 1211 4542 flerent
1240 4506 1253 4543 ε
1286 4489 1477 4545 festum
1510 4491 1759 4559 instabat,
1787 4494 1926 4565 quod
1956 4497 2023 4551 ad
2053 4513 2170 4554 mc-

586 4575 839 4645 tropolim
881 4592 1066 4633 omnes
1091 4581 1312 4636 vocabat
1341 4599 1355 4635 :
1382 4598 1693 4640 communes
1715 4586 1909 4657 quippe
1934 4602 2165 4643 conven-

587 4676 672 4722 tus
700 4668 783 4738 agi
822 4671 1077 4740 oportuit,
1106 4673 1534 4744 quandoquidem
1562 4675 1629 4732 de
1670 4678 1985 4733 necessariis
2011 4680 2171 4735 rebus

585 4757 985 4815 deliberandum
1014 4761 1066 4816 in
1095 4764 1326 4819 comitiis
1355 4764 1474 4821 fuit.
1523 4765 1791 4838 Ingressus
1815 4777 1887 4823 est
1924 4770 1992 4823 ad
2020 4773 2166 4841 prin-

585 4853 722 4921 cipes
754 4848 981 4921 Baruclt,
1008 4864 1054 4907 et
1079 4855 1194 4925 legit
1215 4856 1269 4908 in
1289 4858 1498 4917 auribus
1524 4862 1809 4930 principum
1830 4862 1999 4914 omnia
2020 4863 2169 4916 verba

587 4948 693 4999 lucc
719 4943 881 5015 (Ibid.
912 4962 962 4999 υ.
1005 4946 1205 5017 14,15)
1238 4965 1251 4999 :
1282 4955 1337 5003 et
1365 4963 1579 5004 causam
1623 4954 1783 5005 etiam
1815 4950 1950 5007 dixit
1982 4971 1993 5007 :
2028 4952 2164 5008 For-

585 5049 718 5095 tasse
760 5054 1008 5110 namque,
1055 5040 1243 5109 inquit,
1282 5042 1427 5096 cadet
1468 5046 1815 5099 misericordia
1853 5056 2012 5100 vestra
2052 5058 2170 5103 ante

584 5136 764 5204 facient
790 5131 996 5187 Domini
1021 5130 1179 5204 (Ibid.
1208 5151 1256 5187 υ.
1287 5134 1341 5205 7)
1367 5151 1384 5188 :
1417 5151 1483 5190 ne
1502 5138 1869 5193 existimarent
1890 5155 2012 5193 eum
2035 5148 2168 5194 tam-

518 5238 523 5245 ·
583 5238 744 5295 quam
773 5232 1137 5280 accusatorem
1176 5222 1292 5280 llth
1334 5225 1535 5293 dicere,
1583 5228 1677 5283 sed
1716 5238 1774 5283 ut
1806 5243 1926 5284 cum
1965 5231 2032 5286 ad
2074 5246 2169 5287 eos

582 5314 852 5370 sanandos
876 5314 1087 5371 venisse
1128 5315 1301 5385 ipsum
1342 5317 1762 5386 intellexissent,
1808 5322 2072 5392 aequiores
2104 5340 2167 5379 ac

582 5406 922 5478 benigniores
951 5406 1324 5464 redderentur.
1353 5408 1489 5477 Quid
1518 5426 1648 5482 ergo
1676 5412 1787 5467 illi?
1811 5413 1945 5469 Cum
1969 5417 2167 5485 gratias

586 5512 744 5568 agere
789 5499 1135 5569 oportuisset,
1182 5514 1303 5555 cum
1348 5517 1470 5556 eum
1514 5501 1750 5571 laudare,
1795 5520 1915 5561 eum
1956 5507 2166 5573 etl‘erre,

586 5590 716 5645 nihil
740 5591 933 5647 borum
958 5601 1137 5663 agunt,
1169 5593 1264 5649 sed
1291 5594 1547 5650 abeuntes
1575 5598 2022 5654 annuntiaverunt
2054 5600 2165 5671 regi

586 5697 706 5751 qua:
730 5684 927 5753 scripta
957 5694 1110 5740 erant
1136 5685 1188 5739 in
1216 5685 1373 5752 libro,
1401 5698 1455 5742 et
1483 5686 1845 5758 deposuerunt
1889 5690 2080 5745 librum
2112 5692 2165 5746 in

584 5770 747 5827 dumo
771 5773 1000 5828 Elisama
1032 5774 1194 5845 (Ibid.
1223 5793 1269 5831 υ.
1302 5780 1418 5851 20).
1450 5777 1519 5832 Et
1552 5796 1667 5833 cum
1695 5781 1929 5847 misisset,
1963 5782 2165 5853 inquit,

585 5878 677 5916 rex
705 5862 896 5929 Juden,
930 5880 1092 5921 unum
1119 5883 1183 5923 ex
1214 5870 1610 5939 apparitoribus
1648 5873 1777 5940 suis,
1813 5874 1995 5930 librum
2014 5877 2169 5947 jussit

1354 415 1410 473 S.
1451 415 1728 475 JOANNIS
1761 417 2236 477 CHRYSOSTOMI
2276 419 2591 476 ARCHIEP.
2631 422 3163 483 CONSTANTINOP.
3735 426 3812 504 πε

2312 532 2508 599 a/ferri.
2534 534 2603 587 Et
2626 536 2825 590 sedebat
2864 555 2955 593 rea:
3000 540 3054 594 in
3099 541 3244 596 domo
3288 544 3476 601 hiemali
3502 551 3619 621 (Jer.
3646 557 3808 615 56.94.

2312 624 2409 695 22)
2434 643 2448 679 :
2472 627 2669 682 mensis
2689 629 2886 699 quippe
2910 646 3080 686 nonus
3099 643 3231 699 erat,
3252 633 3349 692 hoc
3366 648 3442 693 est
3453 639 3718 703 November
3731 653 3810 722 (α),

2307 726 2366 770 et
2389 731 2587 771 nonum
2617 720 2848 789 appellat
2876 736 2905 775 a
2935 722 3124 779 Martio
3150 731 3460 785 numerando
3488 751 3500 787 :
3529 751 3638 792 nam
3662 750 3709 795 et
3734 720 3815 800 hoc

2308 803 2589 875 diligenter
2615 809 3004 867 observandum
3032 825 3131 869 est.
3156 814 3209 871 Si
3238 820 3374 874 enim
3397 835 3426 875 a
3451 824 3716 893 Septembri
3741 850 3819 891 nu-

2306 909 2584 964 merasset,
2616 900 2788 957 hiems
2828 913 2939 959 tum
2984 909 3240 977 temporis
3277 925 3393 967 esse
3432 929 3529 970 non
3571 917 3814 981 debuisset.

2305 987 2414 1044 Cur
2441 991 2599 1061 igitur
2623 993 2724 1049 huc
2744 996 2901 1050 etiam
2919 997 3257 1070 adjungitur?
3280 1018 3341 1057 ex
3359 1004 3420 1059 iis
3440 1021 3551 1075 qua:
3573 1024 3822 1080 sequuntur

2304 1090 2490 1148 aperte
2514 1098 2824 1153 cognosces.
2849 1086 2917 1140 Et
2937 1092 3078 1159 focus
3096 1091 3227 1161 ignis
3250 1103 3362 1147 ante
3386 1095 3522 1150 illum
3544 1113 3563 1152 :
3582 1104 3818 1169 carbones,

2303 1173 2492 1243 inquit,
2534 1178 2784 1244 quoniam
2834 1180 2997 1249 frigus
3041 1192 3176 1237 erat.
3204 1183 3403 1241 Videtis
3430 1196 3485 1242 ut
3518 1190 3635 1245 nihil
3660 1208 3685 1246 a
3706 1194 3824 1250 Scri-

2301 1276 2455 1333 ptura
2483 1281 2632 1321 sacra
2656 1270 2969 1325 omittatur?
2997 1272 3059 1326 Et
3079 1274 3334 1331 carbones
3354 1277 3486 1346 ignis
3510 1290 3625 1336 ante
3646 1283 3821 1352 ipsum:

2298 1364 2351 1408 et
2372 1356 2832 1413 circumsistebant
2856 1375 2980 1416 eum
3008 1374 3236 1433 satrapa:
3260 1382 3274 1419 :
3306 1367 3490 1424 allatus
3514 1360 3594 1425 est
3614 1372 3737 1428 liber
3756 1377 3823 1430 in-

2299 1449 2534 1503 numeris
2559 1447 2865 1505 redundans
2887 1450 3044 1507 bonis
3069 1454 3350 1525 (malorum
3379 1461 3565 1530 quippe
3593 1467 3824 1533 pmphetia

2295 1536 2556 1591 malorum
2608 1551 2724 1593 erat
2765 1544 3138 1617 propulsatio),
3185 1555 3241 1602 et
3284 1548 3566 1619 legebatur.
3608 1554 3829 1613 Memoris

2294 1629 2443 1692 mihi,
2474 1646 2675 1700 quzeso,
2704 1642 2873 1689 estote
2903 1638 3172 1705 promissi.
3202 1638 3268 1693 Et
3292 1656 3407 1695 cum
3432 1643 3618 1714 legisset
3640 1648 3719 1702 ille
3744 1659 3826 1704 tres

2294 1721 2541 1791 pagellas,
2566 1733 2767 1792 sumpto
2795 1727 3015 1796 scapello
3042 1729 3213 1796 scidit,
3252 1741 3299 1785 et
3323 1731 3376 1785 in
3403 1736 3565 1801 focum
3590 1736 3708 1806 ignis
3734 1757 3831 1809 pro-

2286 1812 2433 1882 jecit,
2458 1812 2614 1868 donec
2641 1824 2799 1869 totum
2823 1818 3052 1872 volumen
3081 1820 3263 1890 defecit
3292 1821 3452 1895 (Ibid.
3476 1841 3523 1879 υ.
3548 1825 3653 1894 25).
3677 1829 3829 1894 Vides,

2291 1912 2443 1958 utne
2490 1904 2640 1960 libris
2678 1907 2893 1975 quidem
2926 1912 3187 1979 parcant?
3213 1922 3272 1968 ut
3290 1929 3367 1970 'ne
3408 1930 3436 1968 a
3468 1917 3627 1972 literis
3649 1921 3830 1989 quidem

2290 1996 2458 2050 sacris
2497 1997 2838 2054 abstineant?
2865 2001 3126 2065 Quoniam
3175 2006 3533 2076 captivitatem
3576 2008 3834 2068 Jerusalem

2288 2088 2616 2156 continebat,
2636 2104 2757 2145 eum
2775 2094 3036 2148 conscidit
3060 2110 3079 2148 :
3098 2105 3157 2150 et
3182 2112 3305 2151 cum
3332 2099 3631 2169 prophetam
3658 2118 3749 2156 non
3770 2103 3836 2157 in-

2288 2181 2545 2245 venisset,
2584 2182 2638 2236 in
2670 2182 2849 2238 literas
2881 2185 3012 2241 iram
3058 2187 3269 2243 eﬂ'udit.
3298 2190 3399 2258 Qui
3427 2206 3553 2263 ergo
3582 2208 3663 2247 res
3688 2194 3837 2248 inani-

2288 2282 2458 2326 matas
2489 2274 2562 2327 ita
2590 2276 2943 2345 persequitur,
2975 2278 3021 2332 si
3046 2279 3225 2333 anima
3259 2281 3534 2351 praeditum
3563 2275 3858 2347 invenisset,’

2286 2361 2411 2432 quid
2442 2378 2548 2417 non
2580 2364 2827 2421 fecisset?
2850 2366 2981 2422 Nam
3006 2371 3462 2438 quemadmodum
3482 2388 3634 2428 sava:
3660 2376 3838 2439 bellum,

2285 2468 2407 2507 cum
2435 2469 2528 2509 eos
2572 2456 2912 2527 arripuerint,
2954 2461 3040 2530 qui
3070 2476 3194 2517 eum
3224 2464 3357 2533 ipsis
3382 2464 3666 2531 decertant,
3708 2478 3754 2521 et
3780 2467 3839 2521 illi

2284 2544 2480 2603 deinde
2508 2549 2706 2605 relictis
2732 2551 2783 2605 in
2811 2566 2904 2606 ore
2926 2553 3226 2609 belluarum
3258 2557 3507 2626 pellibus,
3536 2558 3717 2628 quibus
3734 2561 3845 2612 ami-

2282 2640 2515 2709 ciuntur,
2545 2641 2866 2713 aufugerim,
2904 2645 3020 2701 illas
3043 2646 3247 2704 deinde
3274 2649 3583 2720 discerpunt
3606 2652 3841 2714 dentibus,

2283 2739 2342 2784 ut
2369 2733 2438 2785 ita
2470 2733 2699 2788 furorem
2743 2749 2895 2790 suum
2941 2738 3236 2807 expleant:
3288 2741 3362 2794 ita
3394 2741 3639 2796 nimirum
3680 2752 3729 2795 et
3766 2757 3847 2796 rex

2282 2821 2426 2878 fecit.
2448 2823 2561 2880 Non
2591 2824 2811 2881 oﬂ'endit
2834 2843 2976 2895 eum,
3006 2829 3093 2898 qui
3116 2829 3321 2885 librum
3346 2832 3580 2898 tenebat,
3605 2841 3656 2887 et
3679 2833 3845 2886 librum

2279 2916 2542 2971 conscidit
2572 2935 2585 2971 :
2616 2933 2789 2989 neque
2834 2922 3093 2976 conscidit
3134 2924 3345 2992 solum,
3376 2924 3474 2980 sed
3515 2934 3577 2980 'et
3607 2924 3656 2978 in
3697 2923 3848 2979 focum

2282 3006 2417 3078 ignis
2449 3009 2650 3079 injecit,
2676 3020 2734 3066 ut
2762 3027 2829 3066 ne
2857 3013 3096 3083 reliquiae
3115 3016 3345 3086 quidem
3374 3031 3441 3072 ex
3470 3016 3634 3071 literis
3659 3016 3752 3070 illis
3774 3029 3848 3068 re-

2280 3109 2506 3156 starent.
2531 3101 2635 3157 Sed
2674 3103 2907 3158 nondum
2934 3119 3148 3161 omnem
3184 3108 3307 3178 ejus
3344 3108 3633 3163 amentiam
3664 3119 3851 3177 perspe-

2280 3201 2420 3247 ctam
2450 3191 2690 3249 habetis:
2711 3196 2874 3265 probe
2898 3212 3025 3252 vero
3049 3198 3259 3264 scietis,
3279 3201 3327 3255 si
3353 3199 3643 3255 narrationi
3659 3198 3854 3266 diligen-

2279 3292 2362 3339 ter
2385 3285 2736 3342 atteudcritis.
2767 3286 2883 3343 Non
2913 3289 3054 3344 enim
3083 3289 3224 3346 dixit
3254 3306 3381 3347 eum
3427 3302 3540 3347 toto
3581 3290 3714 3345 lecto
3738 3288 3855 3343 libro

2279 3375 2471 3432 deinde
2496 3377 2667 3449 ipsum
2695 3381 2966 3437 exussisse
2990 3398 3003 3434 :
3035 3382 3309 3452 quiuimo,
3339 3383 3472 3440 Cum
3494 3394 3593 3438 tres
3612 3394 3858 3453 quatuorve

2281 3467 2506 3537 pageltas
2551 3468 2770 3540 legisset,
2819 3472 2987 3541 ipsum
3033 3475 3313 3529 conscidit.
3344 3474 3427 3531 Ne
3467 3477 3638 3547 ipsum
3667 3472 3858 3544 quidem

2277 3557 2521 3613 lcetionis
2547 3559 2708 3616 tinem
2731 3565 3078 3633 exspectavit,
3104 3566 3205 3621 sed
3234 3567 3309 3623 ab
3336 3568 3459 3637 ipso
3483 3568 3738 3638 prommio
3757 3579 3861 3619 con-

2276 3650 2451 3707 festim
2477 3662 2818 3723 exasperatus
2838 3644 2939 3711 est.
2964 3656 3262 3727 Pmptcrea
3294 3668 3471 3715 tutum
3496 3675 3602 3715 non
3622 3666 3735 3715 erat
3756 3672 3861 3727 pro-

2277 3742 2451 3814 phetis
2480 3744 2652 3799 futura
2694 3746 2870 3801 omnia
2901 3748 3038 3803 mala
3064 3748 3276 3807 Judaeis
3298 3762 3498 3822 aperte
3526 3752 3722 3807 dicere.
3746 3750 3861 3804 Nam

2275 3836 2319 3889 si
2350 3837 2706 3906 captivitatem
2733 3838 2800 3893 ad
2826 3848 3034 3910 tempus
3061 3842 3301 3897 futuram
3330 3843 3528 3899 audire
3553 3843 3761 3898 minime
3782 3854 3864 3911 po-

2276 3925 2395 3989 tuit,
2419 3928 2689 3996 quomodo
2713 3941 3017 3999 perpetuam
3042 3930 3261 3989 discere
3288 3934 3687 3990 sustinuisset?
3707 3934 3868 4003 Neque

2274 4026 2555 4073 contentus
2581 4020 2681 4074 hoc
2706 4019 2803 4074 fuit
2824 4037 2915 4076 rex
2940 4040 2953 4076 :
2986 4022 3080 4078 sed
3108 4026 3285 4092 misit,
3318 4026 3523 4098 inquit,
3551 4028 3620 4083 ad
3647 4041 3869 4098 quaeren-

2273 4109 2399 4165 tium
2427 4112 2620 4183 ubique
2650 4114 2981 4183 prOphetam,
3010 4116 3102 4171 sed
3128 4134 3244 4173 non
3275 4122 3495 4176 invenit
3522 4137 3646 4176 eum
3676 4138 3690 4175 :
3718 4118 3875 4175 occul-

2273 4202 2403 4257 tavit
2444 4203 2585 4257 enim
2632 4203 2779 4258 illum
2814 4205 2951 4261 Deus
2995 4206 3155 4275 (Ibid.
3204 4224 3258 4263 υ.
3309 4210 3438 4283 26).
3473 4212 3630 4267 Illum
3674 4209 3873 4281 quidem

2272 4303 2385 4347 tum
2430 4293 2568 4359 loco,
2598 4305 2824 4351 caeteros
2856 4305 3032 4352 autem
3064 4301 3376 4369 prophetas
3418 4318 3614 4359 eorum
3649 4300 3879 4358 obscuri-

2273 4391 2380 4438 tate
2405 4400 2524 4453 qua:
2547 4384 2862 4440 dicebantur
2885 4387 3191 4444 occultavit.

2341 4473 2398 4529 6.
2427 4473 2609 4544 Neque
2628 4484 2984 4532 vero'tantum
3013 4494 3080 4534 ex
3106 4479 3191 4536 his
3224 4482 3400 4541 nobis
3431 4484 3669 4557 liquebit
3691 4525 3706 4549 ,
3754 4480 3884 4551 apud

2269 4561 2483 4619 Judteos
2510 4565 2679 4621 audax
2703 4566 2829 4622 illud
2860 4566 3063 4625 facinus
3084 4574 3377 4631 exstitisse
3398 4618 3415 4641 ,
3449 4577 3730 4646 animique
3751 4572 3885 4643 peri-

2270 4654 2403 4709 culis
2431 4664 2634 4712 temere
2663 4671 2783 4713 sese
2806 4659 3125 4727 objicieutis,
3152 4674 3509 4723 eventurum
3530 4668 3780 4740 gentibus
3803 4666 3893 4720 ho-

2333 4785 2405 4848 (a)
2439 4793 2520 4857 Ila:
2543 4786 2948 4857 voces,__lioc_esl
2983 4794 3262 4857 November,
3310 4798 3514 4852 desunt
3546 4803 3599 4851 in
3634 4808 3745 4851 Mss.
3776 4799 3890 4850 Ibid.

2268 4845 3175 4923 ιξξτὲτέἐίέζιίξιίιύδωανιξωειτινίηιυεο
3189 4845 3202 4923 ξ
3218 4845 3599 4923 milia»:
3626 4845 3890 4915 εἷὲἱιίῐιῖἓὶ

2268 4908 2529 4987 amantist
2898 4908 3154 4987 Ut'sutem
3188 4908 3898 4987 intelligam—{clariusqu

2268 4968 2605 5051 llic-sibivelit
2628 4970 2992 5051 gurgsostomus
3015 4991 3027 5027 :
3056 4986 3165 5029 Hac
3186 4968 3540 5051 εέέιὲῗέἦιῖί,
3556 4968 3899 5051 (Equitem;

2271 5033 2779 5111 Ἦὶθδνιξιιςᾷιξξςληρημῤ,
2816 5046 3030 5111 tuncque
3068 5053 3164 5111 rex
3186 5033 3905 5111 sedebatvi—n'domoﬁhiemali

2270 5101 2323 5165 et
2345 5099 2459 5142 aute
2484 5095 2657 5153 focum,
2682 5095 3085 5165 frigortsscilicet
3124 5095 3444 5165 depellendi
3459 5095 3905 5164 Eadsai‘tlum—am

2269 5163 2377 5235 tiam:
2386 5168 2551 5235 ponus
2573 5159 2805 5235 mensisa
2836 5162 2946 5235 pio,
2971 5159 3271 5235 quiprim'us
3295 5178 3419 5220 erat
3757 5181 3906 5221 staec-

2268 5216 2491 5296 dopicutn
2502 5221 2791 5296 numerandi
2808 5216 2965 5296 ritum
2978 5216 3253 5296 Antiochiae
3281 5216 3911 5296 υἱὲὀῦςῖιῇἶῆῖῦἷῖιῶἱὲ-

2268 5286 2423 5359 915.3
2443 5282 2841 5359 assesasses
2858 5288 3147 5359 Septembri.
3182 5301 3317 5359 pars
3358 5282 3595 5345 oeten:
3623 5282 3908 5359 ξῆλωει

2269 5352 2427 5416 nonus
2439 5343 2627 5416 mensis
2646 5343 2813 5416 incidit
2828 5348 2877 5395 in
2900 5343 3068 5416 lanium
3101 5343 3154 5399 et
3172 5343 3427 5416 Iunium;
3624 5343 3911 5407 nituisse

2270 5413 2368 5473 non
2380 5404 2426 5449 in
2438 5409 2633 5473 tempus
2647 5404 2904 5473 hibernum
2928 5409 3169 5471 incidunt;
3189 5424 3367 5473 quare
3394 5404 3545 5468 aliud

2270 5463 3053 5545 1599,939'399‘9‘3150E‘2'nwi
3075 5463 3263 5545 me
3297 5463 3917 5545 ΧειῑῶἶῶὖῖἷῶΤῶ

2829 5526 3103 5605 ερδΐιξειΐῖοο
3118 5526 3307 5605 P8min
3323 5526 3534 5601 Μετῧῖ
3543 5526 3918 5605 ἷιῖὶιῖιῗιειῖὦέι

2269 5596 2382 5655 pars
2401 5593 2508 5655 ejus
2530 5593 2579 5635 in
2604 5593 2815 5655 Martium
2854 5593 3049 5655 incidat,
3089 5593 3270 5655 sicque
3310 5612 3495 5653 nonus
3517 5593 3726 5655 mensis
3747 5620 3777 5654 a
3800 5602 3921 5653 Xan-

2270 5646 3050 5729 Ei.°ej".s9?enerse.ﬁncid.ed
3080 5662 3152 5729 -“P.
3179 5646 3273 5729 his
3315 5646 3926 5729 ἀίἀῐιῖτῖῦιῐςῶἓτ

2270 5715 2434 5779 autem
2459 5709 2535 5779 hic
2556 5714 2859 5779 suetanuarii
2882 5709 3099 5779 verterat
3122 5725 3310 5771 l-ronto
3336 5709 3924 5779 ﬁngisfiuﬁﬁiﬁeil

2268 5768 2581 5850 92939999}:
2605 5773 2821 5850 9-99.04
2837 5768 3299 5850 κνυ¹εοβς²ιιιίιιεςζ
3311 5768 3929 5850 Ᾰῦῧόἒῖιὲῖιῖῐέιῖἔιὶἧῖἓ

2269 5830 2583 5904 atacedonicis
2605 5830 2854 5904 nteusibus
2874 5830 2987 5892 usos
3008 5838 3176 5893 fuisse.
3214 5830 3929 5904 video'lsééﬁiihwaé'iilts

2271 5892 2569 5945 Macedonico
2594 5902 2644 5946 et
2666 5896 2830 5950 solari.
