4102 6306
240 373 319 428 ,ιη
763 416 767 418 γ
1167 365 1261 420 DE
1302 354 1850 420 PROPHETIARUM
1898 355 2400 417 OBSCURITATE.
2443 360 2482 416 ι.

235 490 455 562 φιϐὁλως
485 487 699 541 τέθεικε
736 488 806 542 τὰ
856 486 1107 556 ῥήματα,
1149 484 1234 537 ἵνα
1268 484 1343 554 μὴ
1391 480 1592 549 λέγωσί
1628 493 1794 540 τινες,

232 587 306 640 ὅτι
340 583 603 653 προεῖπεν
648 582 678 632 6
715 577 869 640 Θεὸς,
901 578 997 631 καὶ
1043 576 1260 639 πάντως
1296 575 1402 628 ἔδει
1438 572 1725 642 γενέσθαι·
1764 569 1794 623 6

235 678 317 733 καὶ
356 675 485 739 περὶ
514 672 614 727 τοῦ
666 672 835 727 Ἰούδα
881 670 1116 738 λέγουσι.
1160 669 1428 737 Προεῖπε,
1479 666 1673 736 φησὶν,
1716 663 1803 715 ὅτι

235 768 489 839 προδότης
523 765 699 829 ἔσται,
734 764 829 818 καὶ
855 761 945 815 διά
978 760 1135 814 τοῦτο
1164 759 1430 830 προδότης
1457 756 1691 824 ἐγένετο.
1736 754 1801 806 Ὠ

234 862 319 933 τῆς
342 858 554 919 ἀνοίας,
580 855 627 908 ὦ
648 858 745 925 τῆς
764 850 1167 923 ἀναισχυντίας.
1190 849 1329 904 Οὐδὲ
1351 847 1464 918 γάρ
1485 848 1524 917 ή
1551 846 1801 916 πρόγνω-

237 970 328 1015 σις,
358 951 638 1019 ἄνθρωπε,
671 949 769 1016 τῆς
802 943 1067 1015 πονηρίας
1116 941 1297 995 αἰτία·
1341 940 1416 1011 μὴ
1447 939 1676 1009 γένοιτο.
1725 935 1800 988 Οὐ

236 1045 330 1116 γάρ
359 1045 510 1096 ἐστιν
531 1039 911 1108 ἀναγκαστικὴ
938 1036 1045 1089 τῶν
1079 1033 1374 1105 μελλόντων
1404 1030 1642 1093 ἔσεσθαι,
1668 1029 1803 1084 ἀλλά

238 1134 613 1209 προγνωστικὴ
648 1132 825 1203 μόνον.
860 1130 975 1184 Οὐκ
1003 1127 1188 1197 ἐπειδὴ
1218 1126 1473 1196 προεῖπεν
1493 1126 1520 1177 6
1550 1122 1801 1194 Χριστὸς,

237 1230 310 1283 διὰ
338 1226 498 1280 τοῦτο
519 1224 738 1293 ἐγένετο
763 1224 969 1285 ἐκεῖνος
992 1218 1255 1290 προδότης
1277 1233 1292 1248 ·
1317 1218 1431 1272 ἀλλ’
1460 1217 1648 1286 ἐπειδὴ
1678 1232 1806 1287 προ-

235 1319 376 1387 δότης
403 1316 603 1387 ἔμελλε
635 1313 911 1383 γενέσθαι,
934 1312 1023 1365 διὰ
1042 1311 1197 1364 τοῦτο
1212 1312 1471 1381 προεῖπεν
1491 1311 1520 1363 6
1548 1308 1803 1378 Χριστός.

237 1413 339 1466 ἰνα
364 1406 463 1463 οὖν
496 1408 578 1480 μὴ
610 1408 707 1460 καὶ
744 1405 980 1459 ἐνταῦθα
1012 1404 1262 1473 λέγωσιν,
1286 1404 1369 1456 ὅτι
1402 1397 1561 1456 εἷπεν.
1596 1402 1679 1454 ὃτι
1707 1401 1808 1453 οὐκ

233 1503 576 1567 ἀκούσονται,
599 1501 695 1554 καὶ
720 1498 1045 1553 ἀπέκλεισεν
1072 1497 1255 1560 αὐτοῖς
1279 1495 1379 1566 τῆς
1402 1494 1687 1565 μετανοίας
1708 1490 1807 1563 τὴν

232 1599 357 1660 666v,
393 1593 697 1666 προλαϐὼν
728 1592 1036 1647 ἀνέσπασεν
1067 1589 1247 1643 αὐτῶν
1270 1588 1369 1658 τὴν
1408 1587 1703 1659 πρόφασιν,
1731 1586 1811 1638 εἰ·

234 1689 336 1743 πὼν
362 1689 447 1759 τῷ
477 1688 759 1759 προφήτῃ,
784 1686 965 1750 Ἴσως
985 1684 1369 1738 ἀκούσονται.

288 1790 345 1836 ε’.
383 1778 782 1851 Μνημονεῦετε
822 1778 922 1849 τῆς
963 1775 1338 1846 ὑποσχέσεως·
1388 1775 1478 1828 διὰ
1516 1773 1626 1845 γάρ
1654 1774 1811 1827 τοῦτο

235 1872 465 1943 συνεχῶς
514 1872 666 1941 ὑμᾶς
714 1870 1150 1941 ὑπομιμνήσκω,
1201 1868 1267 1921 ἵν’
1296 1868 1423 1921 ὅταν
1457 1866 1720 1935 ἐπαγάγω
1748 1865 1810 1918 τὺ

236 1965 628 2035 συμπέρασμα,
676 1961 751 2033 μὴ
778 1960 1107 2030 ἐπιλάθησθε
1128 1958 1222 2013 τοῦ
1249 1957 1573 2029 ζητηθέντος
1595 1960 1725 2028 ἡμῖν
1751 1959 1821 2011 ἐν»

234 2058 365 2127 ἀρχῇ
390 2053 703 2123 κεφαλαίου
728 2064 776 2106 ι.
816 2051 880 2104 Τί
913 2050 969 2103 δέ
997 2046 1066 2122 ἦν
1100 2049 1293 2115 τοῦτο;
1336 2050 1456 2102 Ὀτι
1498 2050 1546 2100 εί
1586 2048 1811 2118 ᾔσθοντο

235 2150 277 2201 οἱ
302 2148 572 2211 Ἰουδαῖοι,
609 2147 693 2199 ὅτι
728 2144 951 2215 ἔμελλεν
985 2144 1167 2207 αὐτοῖς
1197 2142 1574 2214 συμϐήσεσθαι
1615 2141 1683 2194 τὰ
1720 2158 1817 2194 κα-

235 2242 515 2313 τειληφότα
539 2240 743 2301 αὐτοὺς
770 2238 919 2291 δεινά
945 2235 1139 2307 (ταῦτα
1170 2235 1235 2307 δὴ
1279 2235 1423 2303 λέγω
1452 2234 1520 2287 τὰ
1545 2232 1640 2287 νῦν
1675 2250 1800 2288 κατι

238 2336 408 2404 έχοντα
460 2330 873 2405 αὐτοῦς),αὒτά
900 2330 970 2383 τὰ
1020 2328 1200 2400 βιϐλία
1243 2326 1311 2381 ἀν
1356 2325 1686 2395 κατέκοψαν,
1718 2326 1813 2379 καὶ

237 2430 321 2480 οὐκ
348 2426 413 2482 ἂν
449 2424 747 2493 ἐφείσαντο
774 2423 896 2477 οὐδέ
926 2420 1034 2475 τῶν
1080 2420 1240 2474 θείων
1265 2420 1629 2491 γραμμάτων.
1670 2420 1809 2473 Ἀλλ’

238 2519 319 2571 ἐπὶ
334 2518 439 2589 τήν,
471 2515 724 2585 ἱστορίαν
754 2512 1020 2583 ἔλθωμεν.
1057 2511 1246 2565 Ταῦτα
1273 2510 1544 2577 ἀκούσας
1579 2513 1612 2564 ό
1646 2510 1810 2578 Ἰερε-

233 2612 375 2679 μίας,
409 2607 603 2661 κα.λεῖ
622 2605 733 2661 τὸν
761 2603 1039 2675 μαθητὴν
1059 2602 1243 2657 αὑτοῦ
1271 2602 1508 2671 Βαροὺχ
1539 2601 1673 2657 υἱὸν
1696 2605 1816 2671 Νη-

232 2703 369 2769 ρίου,
389 2701 495 2755 καὶ
538 2700 712 2769 λέγει
742 2698 894 2766 πρὸς
919 2699 1135 2752 αὐτόν·
1176 2696 1424 2764 Γράψον
1457 2699 1545 2762 είς
1574 2697 1816 2761 ,βιϐλίον

238 2794 413 2849 πάντα
434 2795 518 2848 τὰ
546 2792 863 2863 μέλλοντα
892 2790 1097 2857 αὐτοῖς
1134 2778 1383 2846 ἔσεσθαι
1410 2789 1595 2845 δεινά.
1629 2790 1695 2843 Τί
1723 2790 1816 2859 γέ·

236 2904 379 2954 γονε;
405 2888 473 2940 σὺ
514 2886 804 2954 ἐπετάγης
834 2882 985 2954 παρὰ
1015 2882 1109 2935 τοῦ
1137 2883 1296 2945 Θεοῦ,
1328 2883 1422 2935 καὶ
1448 2882 1540 2936 τὸν
1572 2881 1817 2953 μαθητὴν

236 2981 455 3050 πέμπεις
479 2996 501 3043 ;η
526 2974 645 3049 ἄρα
684 2976 761 3048 μὴ
781 2976 1018 3046 δειλιᾷς;
1042 2971 1151 3045 ἆρα
1188 2974 1262 3046 μὴ
1287 2976 1558 3045 ἀγωνιᾷς;
1594 2970 1704 3046 ἄρα
1741 2975 1817 3046 μὴ

233 3071 497 3137 δέδοικαςς
526 3073 583 3124 εἰ
617 3070 685 3123 σὺ
725 3068 989 3131 δέδοικας,
1030 3067 1147 3129 πῶς
1177 3068 1206 3119 6
1238 3066 1484 3137 μαθητὴς
1520 3066 1815 3137 τολμήσει;

247 3164 382 3217 Ἀλλ’
404 3166 559 3217 οὐδὲν
591 3161 832 3215 τούτων·
880 3160 1200 3232 πρόσκειται
1228 3159 1337 3230 γὰρ
1362 3162 1395 3230 ἡ
1435 3158 1623 3212 αίτία·
1646 3159 1819 3214 είπῶν

235 3256 354 3326 γὰρ,
409 3254 655 3326 Γράψον
688 3255 785 3307 καὶ
831 3252 1124 3320 ἀνάγνωθι,
1154 3252 1468 3323 ἐπήγαγεν·
1508 3254 1651 3324 Ἐγὼ
1709 3253 1819 3323 γὰρ

236 3349 553 3419 ιατέχομαι
575 3348 650 3401 ἐν
674 3345 751 3415 τῇ
781 3345 1048 3416 φυλακῇ.
1075 3346 1139 3398 Ὢ
1162 3345 1579 3417 μεγαλοψυχίας.
1616 3348 1706 3401 Ἐν
1740 3347 1819 3417 τῷ

235 3440 593 3511 δεσμωτηρίῳ
620 3435 713 3510 ἦν,
746 3439 840 3493 καὶ
880 3439 982 3509 τῆς
1023 3438 1362 3510 προφητείας
1390 3440 1490 3493 οὐκ
1530 3440 1816 3509 ἀφίστατο.

238 3531 602 3602 Προσέχωμεν
621 3534 689 3603 τῇ
724 3531 951 3603 ἀνδρείᾳ.
968 3532 1060 3585 τοῦ
1094 3531 1323 3597 δικαίου,
1356 3533 1452 3585 καὶ
1487 3536 1554 3603 τῇ
1581 3533 1679 3602 τῆς
1706 3533 1818 3587 6m.-

234 3623 383 3685 νοίας
404 3623 714 3693 φιλοσοφίᾳ.
731 3624 848 3677 Οὐκ
863 3622 1014 3695 [176]
1036 3621 1155 3677 εἷπε
1177 3623 1313 3694 πρὸς
1334 3624 1522 3678 ἐαυτόν
1540 3640 1555 3655 ·
1570 3624 1821 3678 Τοσαῦτά

238 3730 329 3782 μοι
356 3714 502 3767 δεινά
522 3714 847 3784 συμϐέϐηκε
879 3713 970 3766 διά
986 3713 1085 3784 τὴν
1113 3715 1423 3787 παρρησίαν
1456 3714 1691 3785 ταύτην·
1726 3732 1819 3785 μυ-

234 3806 384 3875 ρίους
401 3807 665 3876 ἀνήλωσα
693 3805 905 3873 λόγους,
924 3806 1020 3860 καὶ
1042 3807 1194 3861 οὐδὲν
1220 3805 1422 3877 ῶνησα,
1453 3806 1574 3859 οὐδὲ
1606 3805 1821 3874 ἐγένετό

234 3896 322 3967 μοί
346 3914 400 3950 τι
422 3898 621 3963 πλέον,
656 3898 773 3951 ἀλλ’
800 3898 838 3968 η’
865 3898 927 3950 τὸ
950 3898 1192 3952 δεδέσθαι
1221 3898 1408 3969 μόνον·
1449 3899 1541 3953 καὶ
1567 3898 1719 3951 οὔπω
1753 3915 1820 3969 με

229 3989 331 4042 τῶν
360 3990 594 4061 δεσμῶν
624 3989 897 4043 ἀπέλυσεν
928 3992 959 4043 6
986 3990 1139 4054 Θεὸς,
1187 3991 1281 4044 καὶ
1325 3991 1486 4045 πάλιν
1511 3992 1714 4062 πέμπει
1752 4008 1819 4061 με

234 4082 363 4150 1:96;
380 4083 510 4147 τοὺς
533 4083 723 4152 θῆρας
750 4082 1026 4148 ἐκείνουςς
1070 4084 1235 4139 Οὐδὲν
1267 4083 1471 4138 τούτων
1504 4085 1605 4138 οὐκ
1644 4080 1816 4149 εἶπεν,

232 4174 337 4227 οὐδὲ
366 4177 699 4247 ἐνενόησεν·
740 4175 857 4229 ἀλλ’
887 4176 945 4229 ἐν
986 4176 1148 4247 μόνον
1177 4177 1416 4240 ἐσκόπει,
1448 4179 1595 4241 ὅπως
1616 4178 1818 4250 ἀνυσθῇ

231 4262 285 4315 τὸ
308 4266 617 4337 ἐπίταγμα
648 4263 745 4318 τοῦ
778 4267 1050 4321 Δεσπότου
1072 4282 1086 4295 ·
1121 4268 1216 4321 καὶ
1246 4267 1367 4320 ἐπεὶ
1397 4268 1462 4321 δι’
1491 4268 1686 4322 ἐαυτοῦ
1719 4270 1822 4321 οὐκ

237 4354 429 4429 ἴσχυσε,
455 4361 552 4415 διά
603 4358 700 4413 τοῦ
744 4359 987 4430 μαθητοῦ
1032 4360 1435 4415 κατεσκεύασεν
1465 4362 1614 4417 αὐτό.
1663 4361 1821 4416 Ἀνά-

239 4456 398 4515 γνωθι
423 4452 569 4522 γὰρ,
597 4450 786 4521 φησὶν,
810 4451 1033 4518 αὐτοῖς,
1057 4456 1155 4505 καὶ
1182 4453 1313 4506 εἰπὲ
1336 4452 1530 4507 πάντα
1550 4452 1621 4507 τὰ
1644 4454 1817 4508 κακά.

248 4536 382 4608 Ἐγὼ
409 4541 531 4610 γὰρ
593 4539 927 4609 κατέχομαι
975 4541 1046 4595 ἐν
1078 4540 1155 4610 τῇ
1194 4542 1461 4611 φυλακῇ.
1490 4543 1601 4596 Καὶ
1639 4544 1823 4612 έλεγεν

248 4626 530 4701 Ἱερεμίας,
555 4632 659 4685 καὶ
682 4631 927 4701 ἔγραφεν
951 4634 981 4685 6
1008 4631 1222 4704 Βαροὺχ
1246 4634 1305 4685 ἐν
1330 4633 1536 4705 βιϐλίῳ.
1553 4636 1821 4704 Νηστείας

243 4722 415 4793 καιρὸς
464 4718 541 4793 ἦν
568 4764 585 4787 ,
624 4723 721 4775 ὅτε
768 4721 942 4775 ταῦτα
977 4723 1223 4791 ἐγίνετο·
1269 4725 1428 4797 ἑορτὴ
1476 4727 1818 4798 ἐφειστήκει,

248 4814 439 4878 πάντας
469 4813 734 4868 καλοῦσα
760 4814 899 4884 πρὸς
924 4815 1020 4885 τὴν
1053 4818 1413 4888 μητρόπολιν·
1443 4818 1548 4872 ἔδει
1577 4819 1685 4891 γὰρ
1718 4838 1831 4874 κοι-

243 4899 317 4951 ἢν
350 4902 627 4967 γενέσθαι
672 4901 769 4953 τὸν
809 4901 1082 4970 σύλλογον,
1128 4905 1312 4974 ἐπειδὴ
1344 4907 1472 4976 περὶ
1514 4907 1824 4977 ἀναγκαίων

244 4997 578 5065 πραγμάτων
638 4993 867 5064 ἔμελλεν
906 4996 939 5064 ἡ
985 4996 1246 5066 ἐκκλησία
1278 4996 1513 5052 ἔσεσθαι.
1561 5002 1825 5069 Εὶσῆλθε

241 5085 375 5151 πρὸς
442 5086 602 5150 τοὺς
665 5084 968 5153 ἄρχοντας
1020 5089 1053 5139 ὁ
1114 5088 1350 5157 Βαροὺχ
1376 5128 1391 5153 ,
1432 5089 1530 5143 καί
1594 5090 1825 5162 ἀνέγνω

239 5176 317 5240 τίς
349 5177 419 5230 τὰ
452 5173 586 5231 ὦτα
634 5176 754 5229 τῶν
794 5176 1102 5244 ἀρχόντων
1147 5177 1378 5245 πάντας
1415 5180 1556 5247 τοὺς
1600 5182 1826 5250 λόγους

240 5268 481 5334 τούτους
505 5286 521 5301 ·
548 5268 654 5320 καὶ
682 5261 804 5320 εἷπε
831 5267 924 5321 καὶ
939 5267 1035 5339 τὴν
1066 5267 1243 5323 αἰτίαν
1262 5287 1276 5300 ·
1305 5272 1480 5339 Ἴσως
1508 5273 1636 5344 γὰρ,
1668 5275 1821 5344 φησὶ,

241 5361 503 5415 πεσεῖται
532 5360 610 5413 τὸ
651 5358 825 5426 ἕλεος
857 5358 1025 5428 ὑμῶν
1054 5361 1310 5417 ἐνώπιον
1342 5366 1561 5431 Κυρίου
1583 5383 1597 5397 ·
1625 5366 1712 5419 ἵνα
1748 5367 1822 5438 μὴ

240 5451 531 5517 νομίσωσιν
573 5453 670 5504 ὅτι
697 5451 771 5514 ὡς
806 5453 1109 5523 κατήγορος
1148 5454 1350 5523 ἔλεγεν,
1393 5456 1528 5510 ἀλλά
1563 5457 1823 5528 μαθόντες

239 5538 317 5593 ὅτι
338 5540 695 5611 θεραπεῦσαι
722 5543 921 5605 αὐτοὺς
945 5545 1191 5612 ἀφῖκται,
1213 5546 1601 5620 ἐπιεικέστεροι
1626 5551 1823 5620 γένωνο

239 5646 342 5682 ται.
372 5633 438 5684 Τί
473 5629 573 5687 οὖν
611 5634 850 5699 ἐκεῖνοι;
884 5634 1010 5687 Δέον
1043 5637 1273 5707 χάριτας
1311 5641 1662 5712 ὁμολογῆσαι,
1706 5643 1823 5698 δέον

240 5719 547 5789 ἐπαινέσαι,
600 5723 724 5776 δέον
768 5724 1074 5795 θαυμάσαι,
1124 5728 1274 5785 οὐδὲν
1321 5732 1526 5789 τούτων
1558 5735 1819 5804 ποιοῦσιν,

305 5847 330 5874 ⁸
355 5843 410 5894 In
429 5845 578 5898 (ΞΟΠ).
604 5848 872 5909 κεφαλαίου
890 5850 1046 5901 deest.

1900 474 2015 528 ἀλλ’
2045 476 2371 541 ἀπελθόντες
2408 478 2735 550 ἀνήγγειλαν
2762 478 2840 549 τῷ
2872 477 3079 549 βασιλεῖ
3115 475 3180 531 τὰ
3226 494 3473 548 γεγραμ-

1904 564 2042 633 μένα
2084 565 2141 617 ἐν
2167 565 2248 631 τῷ
2286 567 2503 637 βιϐλίῳ,
2530 569 2624 622 καὶ
2654 568 2714 622 τὸ
2760 567 2961 637 βιϐλίον
2992 566 3259 621 ἀπέθεντο
3300 568 3357 620 ἐν
3393 566 3473 635 τῷ

1898 652 2032 722 οίκῳ
2066 652 2351 724 Ἐλισαμᾶ.
2398 655 2511 710 Καὶ
2555 655 2834 725 πέμψας,
2878 656 3071 726 φησὶν,
3098 657 3131 709 ὁ
3171 652 3473 718 ,βασιλεὺς

1900 739 2009 794 τὸν
2042 742 2280 812 Ἰουδήν
2302 744 2330 785 1³
2352 783 2369 810 ,
2400 745 2496 797 ἐνα
2529 744 2652 798 τινὰ
2688 744 2799 798 τῶν
2836 744 3257 815 παρεστηκότων
3303 741 3477 811 αὐτῷ,

1900 828 2192 885 ἐκέλευσε
2223 832 2583 902 κομισθῆναι
2617 831 2683 886 τὸ
2717 834 2985 898 βιϐλίον.
3017 833 3126 885 Kal
3159 831 3415 899 ἐκάθητο
3441 834 3479 884 ὁ

1897 917 2200 985 βασιλεὺς
2221 918 2291 973 ἐν
2312 920 2454 991 οἶκῳ
2472 918 2779 991 χειμερινῷ
2796 937 2810 950 ·
2837 920 2944 992 μὴν
2960 920 3068 990 γὰρ
3101 918 3315 981 ἐννατος
3338 915 3404 990 ἦν
3421 928 3480 980 ο,

1901 1006 2145 1060 τουτέστι
2168 1007 2472 1080 Νοέμϐριος
2491 1024 2504 1040 ·
2541 1008 2759 1064 ἔννατον
2798 1008 2907 1063 ἀπὸ
2935 1007 3029 1060 τοῦ
3061 1005 3324 1060 Ξανθικοῦ
3354 1006 3476 1076 ἀριμ-

1904 1093 2059 1164 θμῶν
2090 1095 2266 1164 λέγει·
2299 1097 2382 1149 δεῖ
2415 1096 2525 1168 γάρ
2561 1098 2657 1149 καὶ
2684 1096 2857 1150 ταῦτα
2886 1094 3127 1168 ἀκριϐῶς
3156 1095 3372 1149 εἰδέναι.
3412 1094 3489 1147 Εἰς

1904 1180 2012 1253 γάρ
2048 1182 2157 1235 ἀπὸ
2188 1183 2289 1236 τοῦ
2307 1184 2428 1237 Δίου
2460 1184 2703 1255 ἠρίθμει,
2733 1185 2830 1237 οὐκ
2856 1182 3085 1255 ἔμελλεν.
3114 1182 3479 1235 έσεσθαιτότε

1904 1269 2129 1340 χειμών.
2157 1270 2313 1334 Τίνος
2340 1267 2431 1325 οὖν
2464 1271 2649 1326 ἕνεκεν
2677 1273 2772 1326 καὶ
2802 1273 2959 1325 τοῦτο
2983 1272 3337 1342 πρόσκειται;
3382 1271 3478 1323 Ἐκ

1906 1358 2010 1411 τῶν
2048 1358 2184 1429 μετά
2228 1359 2403 1414 ταῦτα
2447 1361 2571 1434 εἴση
2613 1359 2818 1429 σαφῶς.
2867 1359 2975 1414 Καὶ
3016 1358 3257 1427 ἐσχάραν
3288 1356 3479 1425 πυρὸς

1905 1446 2246 1516 ἔμπροσθεν
2274 1449 2461 1504 αὑτοῦ
2481 1450 2618 1502 ’δάνθ
2629 1449 2825 1521 ρακιά,
2842 1448 2996 1519 φησὶ,
3027 1448 3157 1501 διότι
3192 1445 3361 1517 ψῦχος
3387 1442 3474 1515 ἦν.

1919 1534 2114 1604 Ὀρᾶτε
2152 1534 2271 1600 πῶς
2306 1537 2458 1590 οὐδὲν
2488 1536 2968 1608 παραλιμπάνεται
2997 1538 3062 1607 τῇ
3094 1535 3213 1606 θεία
3253 1534 3476 1606 Γραφῇ,;

1908 1624 2019 1676 Καὶ
2062 1623 2332 1695 ἀνθρακιά
2375 1624 2546 1695 πυρὸς
2580 1624 2887 1695 έμπροσθεν
2932 1622 3127 1676 αὐτοῦ·
3179 1621 3272 1674 καὶ
3327 1638 3483 1690 περι-

1912 1712 2233 1781 εστήκεισαν
2257 1712 2306 1764 οἱ
2336 1712 2612 1783 σατράπαι
2635 1729 2647 1742 ·
2673 1710 2936 1782 ἐκομίσθη
2957 1710 3018 1763 τὸ
3042 1708 3243 1779 βιϐλίον
3274 1707 3481 1779 μυρίων

1911 1799 2080 1868 γέμον
2108 1798 2293 1855 καλῶν
2339 1800 2406 1870 (ή
2436 1798 2542 1869 γὰρ
2579 1800 2686 1853 τῶν
2714 1798 2899 1853 κακῶν
2945 1798 3247 1869 προφητεία
3295 1796 3481 1850 κακῶν

1911 1889 2189 1961 ἀναίρεσις
2214 1883 2336 1959 ἦν),
2369 1888 2461 1941 καὶ
2501 1887 2914 1956 ἀνεγινώσκετο.
2953 1872 3327 1957 Μνημονεύετέ
3368 1902 3487 1955 μοι,

1912 1975 2249 2047 παρακαλῶ,
2287 1976 2387 2046 τῆς
2421 1976 2784 2046 ὑποσχέσεως.
2831 1975 2943 2028 Καὶ
2987 1975 3057 2027 ἐν
3093 1975 3172 2039 τῷ
3200 1971 3486 2041 ἀναγινώ-

1912 2082 2087 2119 σκειν
2130 2065 2317 2120 αὐτὸν
2347 2064 2501 2132 τρεῖς
2548 2063 2830 2128 σελίδας,,
2873 2062 3073 2117 λαϐὼν
3101 2063 3214 2131 τὴν
3256 2063 3485 2132 σμίλην

1912 2153 2155 2222 ἔκοψεν,
2190 2154 2287 2207 καὶ
2320 2154 2539 2209 ἔϐαλεν
2558 2156 2644 2219 εὶς
2682 2152 2799 2220 τὴν
2836 2152 3106 2222 ἐσχάραν
3131 2151 3236 2206 τοῦ
3273 2152 3483 2219 πυρὸς,

1912 2241 2023 2305 ἕως
2047 2242 2287 2306 ἐξέλιπε
2313 2241 2377 2294 τὸ
2404 2242 2647 2305 βιϐλίον
2683 2240 2863 2296 ἅπαν.
2912 2237 3064 2303 Εἶδες
3104 2239 3222 2303 πῶς
3257 2240 3318 2292 o6
3363 2242 3483 2308 φεί-

1911 2329 2086 2383 δονται
2115 2328 2236 2383 οὺδέ
2268 2328 2375 2381 τῶν
2411 2327 2628 2398 βιϐλίων
2651 2345 2675 2392 ;.
2695 2327 2812 2391 πῶς
2849 2328 2970 2381 οὐδὲ
3006 2327 3113 2380 τῶν
3142 2326 3498 2398 γραμμάτων.

1912 2419 2018 2473 τῶν
2040 2419 2197 2472 θείων
2225 2418 2546 2488 ἀπέχονταις
2582 2417 2809 2491 Ἐπειδὴ
2835 2416 3211 2488 αἰχμαλωσίαν
3254 2414 3363 2487 εἶχε
3387 2418 3488 2487 τῆς

1926 2506 2298 2577 Ἰερουσαλὴμ,
2329 2505 2599 2576 κατέκοψε
2619 2522 2633 2535 ·
2670 2506 2765 2560 καὶ
2805 2506 2903 2577 οὐχ
2935 2505 3111 2577 εὑρὼν
3147 2505 3239 2560 τὸν
3271 2509 3486 2577 προφή-

1914 2614 2033 2667 την,
2063 2598 2144 2659 είς
2166 2599 2234 2649 τά
2272 2597 2575 2668 γράμματα
2608 2596 2705 2668 τὴν
2745 2597 2913 2668 ὀργὴν
2942 2597 3173 2666 ἀφῆκεν.
3216 2597 3272 2650 '0
3308 2596 3500 2649 τοίνυν·

1912 2689 2026 2749 τοῖς
2061 2685 2288 2757 ἀψύχοις
2340 2685 2482 2739 οῦτω
2513 2685 2801 2758 πολεμῶν,
2846 2689 2895 2739 εἰ
2937 2687 3027 2740 τὸν
3075 2686 3253 2757 ψυχὴν
3296 2684 3500 2756 ἔχοντα.

1915 2770 2060 2847 5695,
2083 2774 2135 2827 τί
2165 2776 2265 2829 οὐκ
2296 2774 2361 2829 ἂν
2394 2775 2721 2846 είργάσατο;
2755 2774 3021 2846 Καθάπερ
3048 2775 3155 2845 γὰρ
3178 2776 3246 2828 τὰ
3276 2775 3491 2845 χαλεπά

1913 2864 2022 2917 τῶν
2050 2865 2275 2938 θηρίων,
2304 2866 2521 2919 ἐπειδὰν
2563 2865 2931 2919 ἐπιλάϐωνται
2963 2866 3071 2919 τῶν
3113 2866 3498 2918 πυκτευόντων.

1915 2953 2119 3020 αὐτοῖς,
2150 2949 2268 3006 εἶτα
2286 2955 2483 3007 ἐκεῖνοι
2514 2953 2814 3023 διαφύγωσι
2836 2954 3226 3017 καταλιπόντες
3252 2952 3402 3026 [177]
3432 2955 3504 3005 ἐν.

1915 3044 1993 3115 τῷ
2021 3046 2248 3116 στόματι
2279 3045 2386 3099 τῶν
2414 3044 2616 3117 θηρίων
2648 3046 2684 3101 ἀ
2718 3046 3071 3117 περίκεινται»
3088 3047 3349 3117 δέρματα,
3378 3046 3490 3099 λοι-

1917 3135 2017 3187 πὸν
2049 3135 2189 3188 αὐτὰ
2226 3134 2626 3206 περιτρώγουσι
2654 3134 3124 3207 παραμυθούμενα
3161 3136 3252 3189 τὸν
3285 3134 3455 3206 θυμόν
3474 3150 3501 3165 ’ν

1916 3224 2057 3278 οῦτω
2077 3225 2141 3294 δὴ
2167 3226 2307 3279 καὶὸ
2327 3225 2577 3296 βασιλεὺς
2598 3226 2870 3296 ἐποίησεν.
2893 3227 3006 3297 Οὐχ
3033 3218 3159 3299 εὗρε
3189 3226 3279 3280 τὸν
3299 3226 3501 3297 ἔχοντα,

1918 3315 1980 3368 τὸ
2025 3314 2246 3385 βιϐλίον,
2290 3317 2387 3369 καὶ
2429 3317 2563 3370 αὐτὸ
2602 3317 2663 3370 τὸ
2698 3316 2897 3385 βιϐλίον
2939 3316 3246 3386 κατέκοψε·
3285 3315 3382 3369 καὶ
3428 3316 3492 3369 o6

1920 3404 2186 3472 κατέκοψε
2214 3404 2395 3475 μόνον,
2431 3405 2567 3458 ἀλλά
2600 3405 2696 3458 καὶ
2727 3405 2980 3458 ἐνέϐαλεν
3017 3407 3097 3467 είς
3122 3405 3222 3475 τὴν
3256 3404 3494 3475 ἐσχάραν

1918 3493 2021 3546 τοῦ
2033 3494 2223 3566 πυρὸς,
2260 3495 2347 3546 ἵνα
2384 3494 2517 3564 μηδέ
2548 3491 2795 3563 λείψανον
2823 3494 2980 3566 μείνῃ
3011 3493 3120 3546 τῶν
3151 3492 3510 3564 γραμμάτωνι

1919 3576 2163 3629 ἐκείνων.
2195 3575 2329 3629 Ἀλλ’
2364 3575 2576 3630 οὐδέπω
2611 3578 2792 3630 πᾶσαν
2825 3578 3026 3645 ἔγνωτε
3060 3576 3224 3629 αὑτοῦ
3247 3578 3346 3647 τὴν
3386 3594 3492 3646 μαε-

1918 3660 2037 3712 νίαν
2057 3674 2068 3686 ·
2100 3659 2308 3711 εἷσεσθε
2341 3659 2398 3711 δέ
2438 3659 2645 3729 σαφῶς,
2669 3660 2765 3713 ἐὰν
2798 3659 2936 3730 μετά
2967 3658 3249 3729 ἀκριϐείας
3273 3658 3351 3729 τῷ
3377 3658 3494 3728 διη-

1917 3746 2124 3813 γήματι
2166 3742 2488 3813 προσέχητε.
2534 3744 2609 3795 06
2649 3742 2761 3812 γὰρ
2807 3738 2979 3804 εἶπεν,
3016 3744 3096 3796 ὅτι
3140 3743 3403 3811 ἀναγνοὺς
3433 3743 3501 3796 τὺ

1921 3826 2122 3896 βιϐλίον
2156 3826 2321 3888 ἅπαν,
2354 3823 2529 3890 οὕτως
2573 3826 2839 3880 ἔκαυσενι·
2879 3825 2992 3880 ἀλλ’
3037 3827 3134 3880 Ἐν
3176 3827 3255 3893 τῷ
3288 3828 3493 3895 ἀναγι-

1919 3912 2179 3965 νώσκειν
2227 3912 2415 3965 αὑτὸν
2451 3912 2613 3980 τρεῖς,
2639 3911 2888 3977 σελίὸας
2927 3912 2965 3980 ἢ
3012 3912 3311 3980 τέσσαρας
3330 3951 3346 3977 ,
3393 3912 3494 3976 ἐξ·

1918 3996 2128 4064 ἐτεμεν
2153 3996 2320 4049 αὐτό.
2355 3996 2468 4049 Οὐκ
2506 3996 2789 4067 ἀνέμεινεν
2817 3996 2937 4049 οὐδὲ
2966 3996 3027 4048 τὸ
3057 3996 3209 4059 τέλος
3234 3997 3334 4065 τῆς
3365 3996 3495 4050 ἀνα-ο

1919 4078 2194 4148 γνώσεως,
2244 4078 2371 4133 ἀλλ’
2400 4079 2461 4144 ἐξ
2487 4080 2664 4132 αὐτῶν
2701 4080 2807 4132 τῶν
2836 4080 3135 4150 προοιμίων
3164 4079 3362 4142 εὐθέως
3401 4077 3492 4142 ἐξ·

1918 4160 2193 4233 ηγριὼθη.
2220 4163 2317 4216 Διά
2348 4162 2517 4216 ταῦτα
2547 4164 2647 4217 οὐκ
2677 4158 2743 4233 ἦν
2772 4163 3010 4232 ἀσφαλὲς
3047 4165 3159 4226 τοῖς
3187 4164 3495 4233 προφήταις

1934 4246 2208 4309 Ἰουδαίοις
2240 4246 2418 4315 λέγειν
2456 4247 2595 4318 μετὰ
2627 4248 2923 4318 σαφηνείας
2958 4248 3134 4301 πάντα
3165 4246 3234 4300 τά
3262 4247 3505 4317 ἐσόμεναι

1920 4329 2088 4385 δεινά.
2128 4331 2193 4383 Εἰ
2229 4331 2338 4401 γὰρ
2371 4332 2704 4402 πρόσκαιρον
2735 4330 2836 4382 οὐκ
2864 4329 3093 4399 ἤνεγκεν
3121 4330 3494 4400 αἰχμαλωσίαν

1923 4413 2176 4477 ἀκοῦσαι,
2203 4415 2304 4486 τὴν
2338 4414 2561 4485 διηνεκῆ
2599 4414 2716 4473 πῶς
2750 4414 2816 4468 ἂν
2844 4414 3100 4483 ὑπέμεινε
3134 4414 3358 4484 μαθεῖν;
3385 4416 3496 4467 Καὶ

1922 4497 2042 4550 οὐδὲ
2084 4498 2243 4569 μέχρι
2279 4498 2468 4552 τούτου
2522 4499 2653 4569 ἔστη
2687 4499 2716 4551 6
2751 4498 3035 4569 βασιλεύς·
3084 4498 3199 4552 ἀλλ’
3246 4498 3491 4568 έπεμψε,

1922 4582 2076 4651 φησὶ,
2100 4580 2282 4650 ζητεῖν
2315 4580 2592 4654 πανταχοῦ
2620 4583 2712 4635 τὸν
2740 4584 3040 4655 προφήτην,
3066 4582 3181 4635 ἀλλ’
3208 4583 3307 4653 οὐχ
3336 4574 3495 4651 εὗρεν

1923 4664 2084 4718 αὐτόν
2102 4682 2116 4695 ·
2145 4665 2350 4738 ἔκρυψε
2375 4666 2484 4738 γὰρ
2522 4666 2683 4719 αὐτὸν
2711 4668 2739 4720 6
2762 4666 2913 4730 Θεός.
2951 4667 3186 4720 Ἐκεῖνον
3224 4666 3322 4736 μὲν
3346 4666 3505 4736 τόπιρ,

1921 4747 2042 4801 τότε
2066 4747 2269 4819 ἔκρυψε
2290 4788 2306 4814 ,
2344 4751 2471 4813 τοὺς
2517 4749 2573 4803 δέ
2604 4748 2796 4813 ἀλλους
2824 4751 3107 4822 προφήτας
3144 4752 3212 4822 τῇ
3257 4748 3497 4821 ἀσαφείᾳ.

1922 4828 2033 4883 τῶν
2068 4830 2400 4901 λεγομένων.

1995 4920 2070 4977 ς’.
2087 4915 2201 4966 Οὐκ
2227 4915 2335 4967 ἀπὸ
2352 4913 2556 4968 τούτων
2570 4913 2626 4968 δέ
2645 4915 2802 4984 μόνον
2817 4917 2948 4987 ἡμῖν
2966 4915 3389 4986 ἔσταιφανερὸν,
3414 4915 3509 4967 ὅτιι

1923 4996 2192 5067 τολμηρὸν
2212 4993 2280 5068 ἦν
2309 4998 2461 5070 παρά
2488 4999 2758 5063 Ἰουδαίοις
2778 5002 2870 5054 καὶ
2897 4999 3073 5071 ψυχῆς
3104 4999 3503 5072 ῥιψοκινδύνου,

1923 5079 2022 5150 τὴν
2050 5080 2314 5151 ἐσομένην
2347 5084 2460 5145 τοῖς
2500 5081 2674 5135 ἔθνεσι
2700 5083 2863 5154 τιμὴν
2906 5084 3000 5137 καὶ
3039 5084 3228 5147 δόξαν,
3260 5083 3353 5135 καὶ
3398 5081 3504 5152 τὴν

1923 5163 2304 5237 διαδεξομένην
2335 5167 2575 5231 ἐκείνους
2607 5168 2832 5239 ἀτιμίαν
2871 5168 3081 5238 λέγειν,
3119 5167 3253 5221 ἀλλά
3290 5165 3383 5219 καὶ
3430 5167 3500 5218 ἐκ

1923 5248 2033 5300 τῶν
2060 5249 2272 5303 Παύλου
2313 5252 2591 5322 ῥημάτων.
2623 5248 2788 5316 Οὗτος
2821 5252 2950 5321 γοῦν
2987 5251 3109 5305 ἰδών
3135 5267 3255 5304 τινα
3288 5249 3499 5319 προφή-

1922 5348 2022 5401 την
2052 5333 2245 5402 μικρὸν
2269 5334 2670 5404 παρανοίξαντά
2688 5354 2740 5389 τι
2766 5336 2866 5404 τῆς
2896 5336 3249 5406 προρρήσεως
3271 5333 3495 5401 ταύτης,

1924 5414 2019 5467 καὶ
2051 5417 2382 5488 σαφέστερον
2414 5419 2521 5471 τῶν
2556 5419 2728 5473 ἄλλων
2756 5419 2996 5485 εἰπόντα,
3026 5419 3121 5471 καὶ¹
3146 5416 3217 5470 τά
3256 5416 3500 5488 ἡμέτερα.

1985 5561 2013 5626 13
2042 5558 2181 5626 ροιι).
2209 5563 2289 5609 τὸν
2334 5563 2566 5626 Ἰουδιείμ.

1989 5621 2193 5690 (⁵.11τίῖις,Δ
2214 5628 2429 5690 τουτέστι
2469 5621 2745 5690 Νοέμϐριος,
2778 5626 2959 5676 desunt
2993 5627 3041 5674 in
3076 5638 3164 5674 ms.
3204 5625 3327 5690 Ibid.
3371 5624 3497 5688 Reg.

1923 5682 2150 5751 Ξανθικὸς
2173 5686 2199 5731 6
2226 5687 2434 5751 Μάρτιος
2471 5682 2778 5751 καὶπρὼτος,
2822 5696 2875 5751 οι
2912 5690 3191 5751 paulqpost
3228 5689 3289 5737 ad
3334 5682 3501 5751 voce?!)

1925 5748 2039 5819 ρίου
2050 5746 2417 5819 ξιιμτηοςκλΔίος
2439 5746 2804 5819 -ξρκτῷϐριος,
2833 5746 2951 5819 Ιιξὶιξ.
2976 5746 3111 5819 (tolli.
3142 5752 3181 5797 εί
3199 5752 3288 5819 γὰρ
3312 5746 3507 5819 ἀποτοοῦ

1914 5802 2184 5875 Mati-59?»?
2207 5802 2414 5875 ἠρίθμες
2457 5813 2489 5850 ν
2502 5810 2648 5862 idesis
2691 5802 2800 5875 ὶιιιὼ
2819 5813 2884 5860 ad
2916 5802 3350 5875 ξιιιενργειαιῖοιὶεηι
3376 5807 3495 5862 Lati:

1924 5878 2033 5915 nam
2048 5872 2204 5917 notata
2224 5877 2334 5921 sum
2374 5871 2505 5922 Enn.
