3992 6300
212 342 300 402 ηδ
1131 336 1220 395 DE
1258 331 1789 393 PROPHETIARUM
1828 329 2319 393 OBSCURITATE.
2365 338 2406 393 Ι.

216 474 372 516 iorem
401 467 454 513 et
481 456 733 531 gloriam.
756 465 812 513 et
833 473 953 528 qua:
975 454 1096 510 illos
1114 464 1401 525 exceptura
1427 461 1572 507 esset
1605 453 1753 523 igno-

209 552 400 607 miniam
418 565 660 615 narrare,
678 547 1020 607 sedetiamex
1032 543 1636 620 ipsisPauliverbis.llic
1653 544 1757 600 ita-

208 659 292 715 que
308 658 423 697 cum
442 642 767 712 prophetam
788 639 1077 710 quemdam
1096 639 1305 693 videret
1328 638 1603 707 paululum
1625 638 1753 708 quid

210 733 544 805 praedictionis
571 732 738 803 hujus
799 738 1151 795 reserantem,
1196 739 1252 785 et
1291 730 1551 801 apertius,
1589 747 1753 801 quam

209 831 299 894 alii,
327 839 434 883 tum
465 828 610 883 bona
649 836 855 891 nostra,
891 835 1006 880 tum
1036 826 1250 881 illorum
1286 825 1425 880 mala
1453 822 1749 892 dicentem,
1776 872 1779 877 ,

212 923 478 993 obstupuit,
512 930 569 977 et
592 920 872 982 audaciam
904 920 1046 976 illius
1071 920 1301 978 miratus
1323 926 1427 985 est,
1456 918 1542 982 his
1574 917 1752 974 verbis

211 1027 377 1073 utens:
401 1016 577 1069 Isaias
612 1024 789 1068 autem
818 1014 998 1077 audet,
1039 1022 1087 1071 et
1126 1013 1270 1075 dicit,
1298 1009 1549 1075 Inventus
1573 1028 1751 1069 sumta

209 1114 291 1150 non
315 1094 639 1164 querentibus
666 1110 745 1153 me
765 1107 785 1146 :
808 1090 979 1163 palam
998 1090 1215 1161 apparui
1234 1090 1318 1156 iis,
1348 1091 1435 1160 qui
1465 1107 1541 1142 me
1559 1107 1658 1142 non
1677 1090 1759 1142 in.

210 1185 518 1256 tet-rogabunt.
550 1181 676 1237 Dixi
693 1224 708 1248 ,
740 1181 874 1236 Ecce
896 1198 987 1253 ego
1004 1222 1021 1248 ,
1044 1181 1179 1253 genti
1191 1222 1217 1246 ,,
1233 1180 1319 1248 qui
1342 1197 1441 1241 non
1468 1190 1762 1234 vocaverunt

207 1294 361 1330 nomen
385 1291 549 1331 meum
574 1273 759 1345 (Rom.
782 1273 871 1328 10.
895 1272 1002 1339 20;
1032 1272 1160 1327 lsai.
1188 1272 1278 1327 65.
1308 1273 1331 1326 1
1357 1269 1398 1343 ).
1429 1272 1759 1341 Quamquam

208 1372 244 1422 si
273 1370 461 1430 mtllum
488 1384 555 1423 ex
583 1367 929 1437 praedictione
955 1366 1248 1439 periculum
1279 1365 1763 1436 impendebancur

205 1461 320 1515 dixit
346 1458 552 1521 Paulus,
577 1457 744 1512 Isaias
766 1468 931 1511 autem
953 1457 1121 1521 audet,
1147 1466 1193 1510 et
1220 1456 1362 1521 dicit,
1391 1454 1631 1510 Inventus
1652 1472 1762 1510 tum

204 1574 231 1605 ιι
251 1570 341 1611 non
367 1550 694 1623 querentibus
717 1567 795 1603 me
811 1550 837 1604 .7
869 1550 1095 1611 Maxima
1123 1565 1306 1604 revera
1333 1548 1638 1614 Judzeorum
1666 1564 1761 1604 ac-

205 1644 407 1701 cusatio.
440 1644 542 1710 Qui
573 1658 682 1705 non
707 1641 1017 1712 quarrebant
1040 1642 1391 1706 invenerunt,
1421 1650 1476 1696 et
1499 1641 1587 1711 qui
1611 1656 1759 1711 qua:-

206 1742 391 1802 rrbant,
420 1752 517 1810 spe
544 1734 782 1790 frustrati
804 1744 928 1797 sunt
956 1751 985 1798 :_
1004 1734 1094 1805 qui
1118 1749 1226 1799 non
1255 1734 1561 1798 audierunt,
1587 1732 1764 1787 credi-

207 1830 413 1896 derunt,
458 1836 517 1882 et
554 1826 646 1900 qui
694 1825 975 1889 audierunt
994 1867 1024 1892 ,.
1063 1825 1131 1885 in,
1157 1840 1373 1894 crucem
1409 1823 1757 1880 sustulerunt.

209 1925 464 1993 Propterea
482 1921 741 1977 audacem
766 1904 1051 1991 appellavit
1076 1916 1287 1979 lsaiam.
1310 1915 1550 1971 Maxima:
1566 1916 1763 1986 quippe

209 2031 367 2070 revera
395 2015 487 2068 fuit
513 2013 752 2070 audacice
774 2054 790 2079 ,
832 2013 885 2067 in
914 2010 1088 2069 medio
1110 2026 1296 2065 eorum
1323 2024 1456 2077 quos
1478 2009 1763 2064 accusabat

210 2115 430 2169 stantem,
457 2104 658 2161 nemini
684 2104 953 2175 parcendo
974 2102 1365 2157 accusationem
1392 2101 1653 2157 intentare
1672 2142 1687 2165 ,
1709 2109 1764 2155 et

212 2201 311 2253 illos
332 2198 531 2269 quidem
558 2214 655 2273 per
683 2197 1017 2277 prOphetiam
1062 2206 1245 2267 aperte
1285 2196 1488 2250 honore
1516 2195 1724 2267 privare
1743 2236 1759 2261 ,

214 2290 323 2344 alios
350 2305 467 2345 vero
495 2288 560 2343 ad
582 2288 815 2349 debitam
841 2288 941 2346 illis
955 2287 1174 2357 gloriam
1206 2285 1564 2341 introducere.
1598 2288 1763 2340 Accu-

217 2390 391 2443 satores
426 2381 541 2457 ejus
572 2388 723 2435 erant
764 2393 952 2433 omnes
994 2378 1083 2449 qui
1129 2378 1181 2432 in
1208 2376 1410 2448 judicio
1453 2376 1759 2431 audiebant.

218 2476 324 2541 Quis
341 2485 505 2528 autem
527 2474 653 2537 dum
674 2471 931 2542 judicium
953 2480 1205 2527 exercent
1222 2470 1442 2533 inimici,
1466 2468 1764 2544 periculum

222 2568 380 2636 poterit
398 2566 635 2621 evitare?
664 2565 976 2633 PrOpterea,
1002 2563 1191 2633 inquit,
1224 2562 1386 2617 Audet
1407 2570 1452 2617 et
1478 2562 1621 2616 dicit.

282 2658 353 2713 Ne
379 2669 487 2721 mite
515 2668 711 2728 tentpus
739 2656 1070 2728 intelligerent
1098 2661 1275 2728 futura
1300 2654 1471 2711 Iudici
1492 2696 1508 2723 ,
1545 2656 1767 2710 obscura:

116 2818 121 2823 _
222 2751 697 2820 {mntpropltetim
724 2779 798 2789 —
821 2747 1017 2803 Verum
1060 2748 1161 2802 hoc
1197 2749 1371 2818 ipsum
1406 2746 1529 2801 volo
1566 2746 1764 2801 clarius

222 2844 566 2907 demonstrare.
598 2841 803 2897 Idcirco
828 2841 897 2897 de
917 2840 1114 2896 Judmis
1138 2855 1201 2895 ac
1224 2839 1376 2895 nobis
1398 2838 1623 2894 obscure
1645 2854 1767 2906 pro-

224 2938 479 2991 nuntiatum
506 2946 585 2991 est
608 2936 661 2990 in
689 2934 999 3006 Scripturis,
1042 2950 1110 2988 ne
1132 2943 1255 2987 ante
1277 2941 1486 3001 tempus
1511 2932 1767 3001 intellige-

222 3040 330 3086 rent
354 3047 456 3102 quze
481 3029 797 3085 dicebantur
825 3027 1014 3083 Judmi.
1047 3028 1219 3095 Atque
1244 3026 1404 3095 hujus
1430 3025 1504 3080 rei
1531 3023 1775 3094 produco.

222 3132 394 3178 testem
417 3138 593 3195 magna
622 3137 758 3177 voce
783 3123 1104 3177 clamantem
1128 3120 1372 3186 Paulum,
1397 3135 1462 3174 ex
1487 3120 1595 3174 alto
1619 3120 1764 3172 voci-

223 3216 469 3279 ferentem,
498 3215 680 3270 tubam
696 3212 986 3279 caelestem,
1010 3228 1101 3267 vas
1125 3211 1419 3275 electionis,
1448 3210 1644 3267 Christi
1671 3225 1767 3279 pa-

224 3305 557 3377 ranymphum.
585 3305 845 3375 Despondi
869 3304 1002 3357 enim
1029 3319 1134 3369 vos,
1174 3303 1363 3375 inquit,
1392 3303 1481 3363 uni
1510 3304 1639 3366 uiro,
1663 3303 1767 3357 vir-

223 3398 366 3466 ginem
400 3408 580 3452 castam
606 3396 839 3451 ethibere
870 3394 1067 3450 Christo
1102 3394 1194 3461 (2.
1226 3393 1343 3448 Cor.
1374 3396 1459 3448 11.
1487 3394 1578 3462 Ξ).
1619 3393 1770 3448 Hunc

222 3490 354 3545 vobis
389 3501 569 3545 testem
615 3490 855 3558 produco
904 3488 1167 3542 dicentem
1216 3495 1440 3557 aperte,
1488 3496 1769 3557 propterea

222 3582 442 3635 nonnulla
467 3584 519 3636 in
554 3581 734 3636 Veteri
758 3580 1104 3635 Testamento
1137 3578 1305 3639 fuisse
1330 3578 1595 3641 occultata
1616 3620 1631 3644 ,
1660 3594 1768 3634 non

218 3674 391 3727 omnia.
417 3672 468 3728 Si
488 3673 633 3727 enim
662 3673 839 3725 omnia
871 3671 1090 3725 fuissent
1111 3670 1336 3726 obscura
1358 3711 1379 3737 ,
1404 3670 1601 3729 frustra
1630 3671 1769 3725 illius

222 3769 380 3822 saeculi
408 3767 708 3821 hominibus
734 3765 961 3819 fuissent
985 3763 1123 3818 dicta
1152 3781 1166 3817 :
1196 3763 1454 3833 siquidem
1480 3762 1769 3833 prophetiae

217 3856 337 3911 bella
365 3859 634 3913 continent
658 3899 673 3923 ,
724 3872 844 3925 qua:
872 3855 939 3909 ad
968 3865 1175 3925 tempus
1207 3862 1315 3908 tum
1341 3863 1489 3924 gesta
1519 3863 1675 3921 sunt,
1716 3864 1772 3911 et

216 3950 361 4006 fames
384 3961 435 4007 et
460 3961 636 4021 pestes
664 3968 678 4003 :
708 3950 983 4005 continent
1008 3957 1061 4003 et
1086 3963 1204 4019 quae
1231 3946 1389 4002 hodie
1412 3947 1767 4019 contigerunt,

213 4044 519 4097 vocationem
549 4041 823 4104 Ecclesitc,
856 4038 1276 4110 repudiationem
1302 4054 1607 4110 synagogas,
1640 4039 1771 4109 legis

215 4133 606 4205 abrogationcm.
649 4133 777 4187 Hice
819 4140 992 4185 autem
1029 4132 1173 4201 ipsos
1202 4146 1358 4187 nosse
1388 4130 1629 4197 nolebat,
1676 4130 1771 4185 sed

216 4226 295 4281 illa
318 4243 426 4295 quze
453 4229 694 4297 ipsorum
722 4224 1051 4294 temporibus
1078 4222 1410 4278 accidebant.
1439 4225 1611 4294 Atque
1632 4223 1772 4278 istud

219 4318 369 4386 ipsum
395 4319 629 4375 conabor
659 4316 969 4381 ostendere,
1002 4315 1118 4371 haec
1145 4316 1265 4381 sola
1284 4316 1399 4371 ﬁeri
1422 4316 1647 4378 obscura
1677 4331 1772 4370 vo-

222 4409 390 4476 luisse,
422 4410 488 4465 de
518 4409 676 4465 nobis
704 4416 759 4464 et
782 4407 851 4463 de
892 4421 1187 4481 synagoga,
1215 4422 1333 4477 quae
1360 4422 1501 4462 nunc
1529 4408 1771 4478 contige-

223 4514 341 4567 runt,
368 4518 571 4559 necnon
592 4502 729 4573 legis
751 4500 1148 4571 abrogationem
1176 4518 1190 4554 :
1214 4499 1317 4555 hoc
1340 4515 1467 4554 vero
1487 4516 1593 4554 non
1614 4516 1774 4570 opor-

226 4595 386 4650 tuitex
430 4596 519 4651 illo
560 4605 802 4665 tempore
839 4594 1107 4664 cognitum
1133 4594 1236 4648 illis
1271 4592 1452 4649 fuisse.
1498 4593 1632 4648 Nam
1673 4594 1775 4649 sia

228 4689 454 4757 principio
478 4688 797 4744 didicissent
823 4686 1003 4757 legem
1014 4686 1080 4741 ad
1110 4696 1318 4755 tempus
1340 4687 1650 4747 duraturam
1669 4727 1684 4752 ,
1713 4686 1775 4739 il-

232 4779 315 4832 lam
340 4782 547 4835 omnino
571 4778 1021 4849 contempsissent
1048 4795 1061 4832 :
1090 4788 1308 4849 propter
1346 4778 1448 4833 hoc
1475 4779 1647 4849 ipsum
1678 4793 1774 4832 oc-

235 4870 395 4926 cultam
421 4872 560 4927 illam
586 4886 710 4928 esse
740 4871 924 4925 voluit.
955 4869 1071 4925 Non
1105 4873 1246 4926 enim
1291 4885 1504 4925 omnem
1549 4869 1777 4940 prophe-

235 4960 337 5014 tiam
374 4963 629 5017 occultam
672 4961 861 5027 fuisse,
910 4976 1093 5015 verum
1143 4959 1282 5016 hanc
1323 4969 1524 5015 tantum
1570 4970 1777 5030 partem

240 5046 370 5106 fuisse
394 5052 611 5107 velatam
635 5093 651 5118 ,
700 5053 825 5106 audt
854 5067 961 5120 quo
990 5060 1143 5121 pacto
1173 5051 1324 5111 nobis
1356 5064 1634 5122 utrumque
1665 5069 1778 5107 ma-

242 5139 395 5197 nifeste
414 5142 603 5198 Paulus
624 5142 911 5210 ostendat,
952 5152 1005 5197 et
1033 5143 1344 5197 occultatam
1374 5143 1535 5198 fuisse
1566 5146 1733 5213 legem
1761 5185 1774 5206 ,

238 5241 282 5283 et
314 5234 397 5289 bac
420 5237 468 5290 in
496 5246 647 5307 parte
674 5245 904 5291 tantum.
933 5233 1065 5290 Cum
1091 5234 1232 5289 enim
1262 5235 1521 5289 scriberet
1555 5237 1622 5289 ad
1669 5236 1777 5289 Co-

239 5322 443 5391 rinthios,
473 5328 552 5382 his
572 5329 754 5384 verbis
779 5337 864 5383 est
893 5342 1020 5382 usus
1050 5346 1063 5383 :
1099 5346 1117 5379 ι
1149 5325 1410 5386 Habentes
1438 5327 1594 5395 igitur
1622 5328 1777 5381 talem

236 5432 378 5487 Spem,
406 5424 559 5478 multa
588 5423 781 5478 ﬁducia
810 5422 1010 5476 utimur
1041 5440 1054 5475 :
1082 5433 1136 5475 et
1165 5437 1267 5475 non
1295 5422 1431 5475 sicut
1454 5420 1661 5492 Moyses
1686 5438 1777 5490 po-

234 5510 367 5565 nebat
389 5514 616 5569 velamen
643 5529 807 5583 super
829 5510 1018 5566 faciem
1042 5527 1210 5575 suam,
1236 5520 1293 5565 ut
1313 5527 1417 5566 non
1445 5511 1782 5566 intenderent

232 5604 308 5658 lilii
334 5606 480 5664 lsi-uel
506 5609 557 5663 in
588 5608 752 5662 ﬁnem
785 5608 903 5676 ejus
931 5604 1074 5676 quod
1115 5614 1402 5660 evacuatur
1425 5646 1442 5675 ,
1482 5605 1577 5660 sed
1606 5606 1780 5661 obtusi

229 5708 334 5751 sunt
356 5713 533 5756 sensus
554 5714 769 5755 eorum.
796 5696 982 5766 Usque
1010 5697 1061 5750 in
1092 5696 1406 5753 hodiernum
1454 5695 1596 5753 enim
1640 5698 1783 5753 diem

230 5786 427 5860 tdipsum
452 5792 693 5849 velamen
732 5788 785 5846 in
815 5787 1049 5846 lectione
1086 5787 1286 5845 Veteris
1305 5784 1631 5851 Tcstamenti
1659 5805 1776 5846 uta-

3349 351 3445 405 171

1867 460 1957 506 net
1993 467 2099 508 non
2140 454 2456 523 revelatum,
2488 459 2739 529 quoniam
2762 459 2821 521 in
2843 459 3058 519 Christo
3097 476 3383 521 evacuatur
3422 486 3441 517 ο

1862 546 1953 617 (2.
2000 545 2117 605 Cor.
2156 548 2214 606 5.
2258 547 2349 603 12.
2376 549 2505 621 ﬂ).
2548 549 2843 608 Obscurum
2878 564 2961 610 est
3004 554 3261 619 fortasse,
3302 559 3445 628 quod

1864 638 2125 709 legimus;
2172 641 2349 711 itaque
2391 641 2677 699 dilucidius
2724 645 2861 706 illud
2895 647 3181 704 reddamus
3224 665 3446 707 necesse

1864 742 1968 798 est,
1999 742 2054 789 et
2080 734 2248 803 ipsam
2278 735 2551 791 historiam
2580 738 2734 793 vobis
2774 740 2837 797 in.
2876 743 3186 800 memoriam
3219 758 3445 799 revoce-

1863 839 2000 879 mus.
2030 825 2162 883 Nam
2192 842 2313 883 cum
2336 829 2568 898 acceptis
2586 829 2640 884 in
2663 839 2845 887 monte
2866 832 3059 888 tabulis
3084 833 3446 893 descensurus

1862 928 2005 974 esset
2024 919 2254 991 Moyses,
2283 922 2562 980 ineﬁ'abih's
2588 923 2604 955 ⁸
2626 924 2871 995 quaedam
2896 934 2951 981 et
2980 927 3239 986 mirabilis
3267 945 3331 984 ex
3357 930 3449 987 illa

1863 1022 2045 1067 sancta
2072 1013 2208 1069 faeie
2230 1015 2399 1087 gloria
2430 1015 2550 1071 talis
2568 1017 2869 1083 emicabat,
2911 1027 2971 1075 ut
3007 1019 3188 1075 nullus
3215 1036 3246 1077 e
3283 1021 3446 1092 vulgo

1864 1102 1931 1159 ad
1962 1105 2108 1160 illum
2131 1107 2389 1163 accedere
2430 1117 2486 1165 et
2522 1125 2643 1164 cum
2681 1109 2772 1167 illo
2805 1110 3037 1182 colloqui
3082 1112 3322 1169 auderet.
3370 1115 3449 1171 Ne

1866 1195 2022 1269 igitur
2048 1198 2242 1267 populo
2272 1214 2484 1268 semper
2504 1199 2810 1259 inaccessas
2829 1211 2993 1268 esset,
3023 1202 3271 1272 imposito
3292 1205 3447 1260 faciei

1862 1304 1974 1344 sua:
2003 1291 2266 1346 velamine
2289 1334 2305 1357 ,
2341 1293 2683 1363 permittebat
2709 1303 2765 1347 ut
2789 1309 2912 1349 cum
2939 1310 3004 1349 eo
3031 1296 3213 1351 venire
3248 1298 3301 1351 in
3330 1298 3451 1351 cola

1865 1383 2098 1451 loquium
2142 1382 2312 1438 Judaei
2340 1394 2561 1453 possent
2604 1384 2813 1454 (Exod.
2843 1386 2931 1441 54.
2956 1387 3196 1457 55.,34).
3224 1391 3297 1443 At
3325 1403 3451 1447 cum

1867 1473 2061 1542 popubi
2088 1473 2214 1531 dum
2245 1484 2545 1530 versaretur
2569 1516 2585 1538 ,
2616 1476 2855 1531 velamen
2885 1477 3139 1547 gerebat;
3182 1478 3447 1538 adDeum

1864 1575 2039 1620 autem
2067 1581 2126 1623 se
2150 1583 2488 1635 convertens,
2516 1583 2702 1623 rursus
2727 1569 2855 1625 illud
2878 1570 3198 1640 deponcbat.
3232 1570 3287 1627 Id
3320 1588 3451 1626 vero

1866 1658 2141 1725 iiebat,ut
2180 1654 2347 1710 simul
2373 1659 2543 1730 major
2571 1660 2704 1716 ﬁdes
2744 1660 3033 1732 legislatori
3074 1663 3450 1718 conciliaretur

1864 1749 2004 1820 apud
2045 1765 2139 1806 eos
2182 1750 2274 1820 qui
2316 1765 2415 1821 per
2464 1754 2637 1821 ipsum
2687 1753 2902 1808 allatam
2954 1756 3227 1824 accepturi
3275 1755 3448 1825 legent

1864 1851 2039 1909 erant,
2071 1854 2125 1898 et
2152 1843 2309 1898 simul
2333 1845 2384 1898 in
2412 1844 2527 1913 ipso
2554 1845 2699 1915 prius
2728 1845 3143 1903 adumbraretur
3168 1847 3333 1918 ﬁgura
3358 1865 3451 1903 ve-

1867 1936 2063 2001 ritatis,
2088 1946 2143 1991 et
2165 1938 2542 1992 incarnationis
2562 1936 2762 1993 Christi
2798 1954 2955 1993 causa
2988 1940 3156 1994 multo
3175 1949 3299 1995 ante
3322 1955 3450 2009 pra:-

1866 2029 2273 2099 signiﬁcaretur.
2318 2029 2450 2084 Nam
2480 2031 2733 2099 quoniam
2764 2030 2955 2084 dicturi
2988 2042 3141 2086 erant
3166 2032 3404 2086 nonnulli
3429 2073 3445 2096 ,

1865 2122 2044 2191 Quare
2074 2137 2177 2177 non
2211 2123 2263 2175 in
2291 2122 2430 2176 nuda
2461 2121 2739 2177 divinitate
2774 2120 3017 2176 Christus
3055 2122 3302 2187 advenit,
3353 2124 3451 2179 sed

1865 2229 2081 2274 carnem
2112 2214 2325 2270 induit?
2352 2214 2521 2269 multo
2546 2222 2671 2269 ante
2690 2228 2789 2284 per
2809 2213 2995 2268 facient
3026 2216 3164 2270 servi
3190 2215 3450 2285 objectio-

1867 2307 2022 2363 nibus
2052 2308 2167 2363 istis
2194 2308 2448 2365 occurrit.
2494 2306 2549 2363 Si
2579 2308 2720 2362 enim
2754 2307 2894 2362 servi
2918 2306 3145 2377 gloriam
3168 2348 3183 2373 ,
3227 2323 3346 2377 quze
3375 2308 3450 2361 illi

1867 2408 2052 2468 postea
2074 2398 2317 2464 obvenit,
2336 2413 2559 2454 cernere
2583 2414 2688 2452 non
2718 2398 3144 2468 potuereJuda-i,
3168 2415 3272 2468 quo
3297 2412 3452 2471 pacto

1867 2492 2060 2547 nudam
2090 2501 2273 2563 postea
2301 2492 2629 2547 divinitatem
2659 2491 2839 2547 videre
2869 2491 3205 2560 potuissent?

1938 2584 1990 2637 7.
2020 2582 2203 2654 Neque
2228 2598 2359 2638 vero
2385 2590 2586 2637 tantum
2614 2583 2716 2637 hoc
2746 2584 2899 2638 nobis
2926 2583 3165 2638 velamen
3200 2582 3327 2637 illud
3353 2583 3419 2639 de
3438 2616 3452 2624 -

1867 2677 2059 2747 signat,
2089 2674 2184 2730 sed
2205 2674 2389 2731 eadem
2422 2691 2561 2729 nunc
2588 2674 2788 2731 Judmis
2812 2676 2948 2730 lecta
2978 2676 3093 2745 lege
3122 2676 3450 2747 contingere.

1868 2785 1985 2841 (pne
2014 2780 2121 2822 tum
2169 2768 2283 2822 visa
2328 2767 2522 2839 Moysis
2568 2766 2702 2822 facie
2744 2768 3143 2837 contingebant.
3198 2768 3265 2823 Ut
3308 2769 3466 2830 enim.

1868 2860 2019 2916 faciei
2050 2860 2364 2931 legislatoris
2390 2860 2611 2931 gloriam
2661 2877 2767 2915 non
2803 2861 3097 2917 cernehant
3118 2902 3134 2927 ,
3174 2860 3313 2931 quod
3343 2880 3454 2916 tne-

1869 2954 2013 3008 diutn
2040 2954 2165 3008 illud
2196 2955 2372 3008 velum
2414 2954 2752 3023 interjectum
2784 2963 2927 3008 esset
2958 2970 2974 3011 :
3005 2954 3080 3009 sic
3110 2969 3283 3024 neque
3313 2970 3461 3011 num:

1871 3048 2001 3118 legis
2027 3058 2250 3118 possunt
2276 3048 2498 3118 gloriam
2528 3047 2743 3103 intueri.
2792 3047 2904 3103 lloc
2928 3063 3055 3103 vero
3076 3049 3235 3103 etiam
3260 3046 3453 3102 adver-

1869 3156 1961 3196 sus
1989 3140 2265 3195 luereticos
2296 3141 2412 3195 usui
2443 3140 2596 3195 nobis
2616 3150 2715 3195 est.
2758 3140 2889 3194 Nam
2916 3142 3036 3211 quia
3068 3149 3253 3211 putant
3277 3140 3455 3194 crimi-

1872 3233 2140 3286 nationem
2178 3232 2308 3301 legis
2349 3246 2457 3300 pm:
2502 3246 2563 3286 se
2601 3230 2738 3285 ferre
2783 3247 2901 3301 qua:
2940 3231 3079 3285 dicta
3116 3239 3272 3297 sunt,
3314 3230 3457 3283 hunc

1871 3324 2048 3378 locum
2088 3322 2327 3393 epistola:
2368 3334 2682 3392 receperunt
2722 3340 2737 3379 :
2779 3331 2833 3377 et
2875 3340 2996 3378 cum
3038 3324 3205 3392 legent
3258 3322 3465 3381 habere.

1869 3416 2112 3470 velamen
2133 3415 2482 3480 audivissent,
2512 3424 2565 3470 et
2592 3414 2856 3479 evacuari,
2885 3413 3026 3485 quod
3058 3415 3199 3468 illam
3228 3414 3456 3469 arbitra—

1872 3519 2053 3564 rentur
2080 3510 2348 3573 accusari,
2396 3509 2575 3564 literas
2612 3508 2996 3571 deseruerunt,
3028 3517 3085 3561 ut
3108 3507 3218 3562 suis
3244 3507 3467 3561 ratioci-.

1873 3600 2175 3656 nationibus
2220 3610 2556 3670 caperentur.
2608 3599 2753 3655 Istud
2799 3600 2941 3654 enim
2988 3600 3161 3670 ipsum
3208 3615 3452 3671 magnam

1872 3711 1993 3751 esse
2043 3696 2212 3766 legem
2263 3694 2513 3749 ostendit.
2563 3692 2695 3747 Nam
2742 3694 2880 3747 sicut
2918 3701 3028 3747 tum
3071 3692 3280 3753 crimini
3322 3692 3471 3751 verti

1872 3787 2041 3858 Moysi
2084 3803 2188 3841 non
2223 3795 2466 3855 poterat,
2496 3784 2637 3854 quod
2667 3798 2829 3852 super
2865 3782 3051 3838 faciem
3082 3784 3325 3845 velamen
3362 3783 3467 3841 lm—..

1874 3882 2043 3945 heret,
2073 3880 2166 3935 sed
2196 3878 2323 3932 illud
2348 3886 2463 3933 erat
2507 3877 2755 3932 indicium
2783 3875 3105 3931 inﬁrmitatis
3129 3873 3467 3937 Judacorum,

1876 3974 2069 4045 Moysis
2097 3988 2223 4027 vero
2254 3971 2369 4025 laus
2406 3970 2673 4035 maxima,
2720 3968 2860 4038 quod
2902 3977 3045 4021 tanta
3080 3966 3249 4036 gloria
3294 3964 3469 4027 facies,

1877 4067 2019 4121 illius
2055 4062 2343 4135 refulgeret
2382 4071 2439 4115 ut
2465 4061 2604 4132 apud
2645 4058 3224 4115 conservosvelamine
3247 4057 3459 4127 indige-

1877 4169 1994 4215 ret:
2025 4159 2093 4211 ita
2124 4173 2333 4227 quoque
2374 4156 2475 4227 legi
2512 4155 2725 4217 accidit.
2773 4152 2887 4209 Nisi
2931 4153 3073 4208 enim
3116 4151 3201 4206 lex
3235 4151 3466 4220 gloriam

1879 4251 2151 4306 habuisset
2167 4251 2511 4314 inaccessam,
2526 4247 2788 4302 velamine
2802 4260 2908 4303 non
2929 4244 3260 4311 indiguisset.
3281 4242 3430 4309 Quan
3444 4271 3460 4280 -

1877 4343 1948 4400 do
1994 4342 2159 4412 igitur
2189 4357 2406 4401 manere
2434 4340 2677 4398 velamen
2706 4338 2836 4393 dicit
2877 4338 2929 4392 in
2978 4337 3205 4393 lectione
3251 4336 3466 4394 Veteris

1878 4434 2224 4499 Testamenti,
2247 4432 2623 4487 obscuritatem
2644 4430 2759 4500 ejus
2780 4429 2909 4484 dicit
2936 4447 2950 4484 :
2973 4429 3186 4498 quando
3206 4443 3333 4482 vero
3354 4444 3463 4487 non

1879 4528 2174 4583 revelatum
2223 4527 2351 4581 dicit
2390 4523 2530 4593 quod
2561 4525 2613 4578 in
2655 4524 2867 4578 Christo
2893 4532 3207 4589 evacuatur,
3253 4530 3462 4591 partem

1879 4636 1997 4678 eam
2030 4620 2163 4689 legis
2192 4619 2344 4672 nobis
2393 4617 2622 4681 indicat,
2666 4615 2875 4670 ratione
2920 4614 3071 4684 cujus
3115 4615 3341 4670 obscura
3373 4614 3466 4673 lex.

1879 4722 1980 4766 est.
2033 4711 2147 4765 Non
2187 4709 2328 4765 enim
2359 4710 2584 4763 obscura
2613 4723 2738 4777 pars
2767 4722 2829 4761 ea
2856 4707 2987 4777 legis
3017 4706 3117 4761 fuit
3152 4723 3270 4777 qua:
3311 4706 3464 4760 nobis

1882 4805 1947 4859 ad
1980 4806 2139 4859 vitam
2171 4814 2223 4858 et
2243 4801 2707 4857 conversationem
2736 4800 3110 4855 instituendam
3132 4800 3462 4864 conferebat,

1883 4902 2095 4970 alioqui
2121 4898 2388 4967 superﬂue
2416 4895 2553 4955 data.
2576 4894 2763 4949 fuisset
2796 4910 2809 4947 :
2841 4893 2937 4948 sed
2976 4910 3051 4949 ea:
3082 4894 3254 4948 solum
3284 4902 3464 4963 partes

1883 4996 2180 5049 obscurata:
2225 5000 2388 5055 sunt,
2435 5006 2500 5044 ex
2541 4988 2732 5062 quibus
2770 5004 2928 5043 nosse
2973 4996 3276 5057 poteramus
3317 4984 3466 5038 illam

1885 5086 2126 5141 evacuari
2151 5100 2242 5153 per
2265 5082 2553 5138 Christum.
2574 5080 2704 5134 Nam
2731 5087 2786 5132 et
2814 5079 2915 5133 hoc
2935 5095 3066 5148 opus
3088 5087 3167 5129 est
3192 5084 3467 5142 sapientia:

1884 5179 2076 5233 divina:
2097 5219 2112 5242 ,
2144 5177 2313 5245 legem
2346 5175 2412 5228 ab
2459 5173 2575 5242 ipso
2619 5171 2912 5236 introduci,
2951 5169 3040 5239 qui
3068 5169 3133 5223 de
3164 5182 3224 5221 ca
3264 5167 3468 5219 diceret

1886 5271 2017 5335 fore,
2042 5280 2100 5324 ut
2122 5268 2385 5331 Christus,
2412 5281 2531 5319 cum
2556 5265 2782 5328 venerit,
2811 5264 2977 5331 legem
3007 5265 3250 5319 evaeuet,
3271 5268 3325 5311 et
3352 5257 3469 5309 foro

1888 5374 1945 5418 ut
1971 5365 2022 5417 in
2062 5363 2178 5431 ipso
2215 5377 2333 5415 esse
2377 5360 2604 5413 desinat.
2648 5359 2773 5411 llaec
2814 5356 2971 5425 igitur
3008 5353 3117 5421 ipsa
3162 5366 3284 5421 pars
3313 5350 3467 5420 legis,

1887 5472 2006 5527 quae
2048 5455 2217 5525 legem
2267 5456 2320 5508 in
2348 5453 2564 5507 Christo
2592 5451 2720 5505 dicit
2746 5447 3025 5508 evacuari,
3077 5446 3186 5498 sola
3229 5444 3323 5497 fuit
3367 5444 3468 5497 oh-

1888 5564 2041 5604 scura
2073 5564 2088 5601 :
2116 5557 2273 5616 atque
2299 5546 2399 5599 hoc
2423 5544 2599 5614 ipsum
2628 5542 2866 5595 indicans
2896 5552 3116 5604 magnus
3145 5535 3338 5590 Paulus
3366 5536 3468 5591 ad-

1884 5641 2060 5712 junxit
2080 5639 2281 5703 dicens,
2303 5637 2424 5691 Non
2439 5635 2730 5697 revelatum,
2752 5629 2886 5699 quod
2901 5630 2953 5681 in
2965 5628 3163 5686 Christo
3177 5638 3465 5686 evacuatur.

1956 5800 1971 5832 ¹
2010 5796 2143 5851 Colb.
2169 5794 2336 5855 habet,
2361 5792 2621 5850 inaccessa,
2650 5798 2755 5850 pro,
2776 5782 3051 5846 incf/“abun.

3414 5861 3420 5867 ε
3442 5832 3458 5859 1
