3992 6300
554 363 658 420 175

553 482 760 538 Etenim
808 496 874 536 ne
925 478 1060 535 forte
1107 493 1226 533 cum
1278 477 1519 532 audisses
1564 476 1616 531 in
1667 475 1894 530 lectione
1924 471 2130 528 Veteris

550 573 874 630 Testamenti
900 586 1116 626 manere
1144 571 1384 625 velamen
1405 610 1420 634 ,
1469 577 1630 624 totam
1657 568 1822 636 ipsam
1849 565 2130 620 obscuram

549 675 604 720 et
631 664 894 719 obtectam
921 677 1040 717 esse
1065 662 1399 716 existimares
1419 700 1435 725 ,
1480 659 1617 714 hanc
1657 656 2014 726 suspicionem
2038 652 2133 707 ad-

551 756 749 810 ditione
790 755 1041 811 correxit.
1075 753 1206 809 Cum
1234 752 1373 808 enim
1397 751 1646 816 dixisset,
1687 750 1926 804 velamen
1965 747 2018 802 in
2050 747 2128 802 le-

552 848 732 901 ctione
777 845 982 900 Veteris
1033 844 1363 900 Testamenti
1409 857 1661 908 manere,
1714 841 1944 911 adjecit,
2006 837 2129 893 Non

549 941 842 1004 revelatum,
873 937 1010 1010 quod
1041 938 1093 991 in
1115 936 1312 990 Christo
1332 943 1620 989 evacuatur.
1667 934 1779 988 Iloc
1805 933 1976 1004 ipsum
1995 973 2009 998 ,
2043 932 2128 986 in-

549 1030 694 1099 quit,
746 1029 1038 1084 revelatum
1074 1041 1178 1082 non
1229 1035 1344 1091 est,
1390 1026 1531 1095 quod
1562 1025 1614 1079 in
1641 1024 1855 1080 Christo
1884 1033 1968 1079 est
2003 1039 2125 1079 eva-

545 1119 810 1175 cuandum
844 1136 860 1172 :
893 1133 1053 1188 porro
1099 1118 1165 1172 iis
1214 1117 1505 1171 revelatum
1558 1132 1663 1170 non
1716 1125 1833 1183 est,
1882 1117 1972 1186 qui
2021 1130 2125 1169 non

545 1212 806 1267 accedunt
829 1210 896 1265 ad
935 1209 1094 1265 fidem
1126 1226 1138 1262 :
1171 1209 1348 1280 itaque
1390 1209 1435 1264 is
1465 1209 1553 1280 qui
1582 1209 1647 1263 ad
1687 1209 1846 1264 fidem
1877 1209 2124 1276 accessit,

544 1313 599 1358 et
628 1306 796 1358 sancti
827 1302 1058 1372 Spiritus
1084 1301 1306 1369 gratiam
1333 1311 1694 1370 consequutus
1733 1309 1851 1365 est,
1883 1316 1987 1354 non
2012 1300 2124 1369 jam

545 1412 666 1450 cum
708 1396 969 1451 velamine
1006 1395 1173 1464 legem
1211 1394 1481 1460 intuetur,
1531 1393 1624 1448 sed
1651 1394 1846 1448 nudam
1875 1393 1989 1462 ejus
2014 1394 2126 1462 glo-

544 1490 680 1544 riam
709 1498 932 1560 spectat.
989 1489 1166 1545 Gloria
1195 1489 1324 1560 legis
1351 1497 1466 1555 est,
1510 1497 1568 1543 ut
1595 1488 1790 1544 docere
1830 1489 1996 1558 possit
2022 1488 2125 1543 sei-

544 1599 692 1653 psam
740 1584 793 1638 in
837 1581 1046 1638 Christo
1093 1583 1376 1648 evacuari,
1423 1592 1482 1637 ut
1532 1582 1633 1637 hoc
1670 1597 1880 1653 quoque
1925 1581 2015 1636 tibi
2056 1582 2125 1635 sit

543 1679 832 1746 Cognitum.
883 1673 1040 1730 Vides
1072 1689 1191 1744 quas
1235 1673 1304 1729 sit
1347 1673 1478 1743 legis
1520 1673 1722 1744 gloria?
1757 1673 1890 1728 Vera
1928 1674 2124 1744 quippe

540 1768 708 1837 gloria
751 1767 868 1838 ejus
900 1775 1017 1831 est,
1067 1764 1280 1836 quando
1322 1765 1585 1821 instruere
1614 1774 1664 1820 te
1709 1765 1940 1837 potuerit
1977 1775 2030 1821 et
2054 1765 2122 1820 ad

541 1860 812 1915 Christum
831 1859 1097 1915 deducere
1122 1877 1134 1913 :
1167 1867 1278 1914 tum
1303 1874 1430 1914 vero
1452 1859 1684 1925 instruit,
1716 1873 1840 1914 cum
1869 1859 2117 1915 evacuari

540 1968 600 2007 se
621 1952 872 2008 ostendit.
905 1952 1083 2023 Itaque
1115 1951 1237 2007 hinc
1258 1952 1420 2007 etiam
1450 1951 1716 2008 haereticis
1745 1952 1901 2008 letale
1927 1952 2121 2007 vulnus

541 2045 812 2116 infligitur.
840 2045 973 2100 Nam
1002 2046 1046 2100 si
1076 2045 1343 2099 contraria
1380 2045 1466 2100 lex
1490 2055 1544 2099 et
1577 2045 1880 2099 adversaria
1907 2044 2121 2098 Christo

540 2147 718 2202 esset,
751 2153 852 2192 nec
879 2139 947 2192 ab
990 2137 1084 2192 illo
1119 2138 1309 2192 tradita
1331 2177 1345 2200 ,
1388 2152 1495 2190 non
1531 2139 1856 2206 oportuisset
1899 2136 2119 2190 Paulum

539 2229 653 2298 ejus
675 2230 894 2300 gloriam
924 2230 975 2285 id
1003 2229 1291 2299 appellare,
1320 2228 1458 2298 quod
1480 2227 1793 2283 accedentes
1817 2226 1882 2282 ad
1913 2243 1970 2282 se
1996 2243 2119 2297 pos-

539 2328 625 2374 set
650 2320 909 2376 inStruere
930 2363 943 2386 ,
975 2337 1071 2393 per
1106 2320 1376 2376 Christum
1408 2321 1573 2391 ipsam
1606 2321 1872 2378 evacuari.
1901 2321 1958 2376 Si
1984 2322 2118 2376 mala

540 2423 683 2468 esset
706 2413 788 2467 lex
813 2430 1018 2480 rursus,
1044 2429 1149 2468 non
1174 2414 1497 2483 oportuisset
1513 2415 1752 2468 velamen
1772 2413 1887 2484 ejus
1901 2415 2116 2479 auferri,

539 2503 634 2556 sed
684 2504 824 2558 illam
873 2507 1032 2559 etiam
1075 2514 1193 2574 post
1236 2505 1462 2575 gratiam
1501 2505 1838 2559 obscuratam
1878 2521 2115 2561 manere.

540 2597 691 2663 Quod
722 2598 768 2652 si
804 2597 906 2652 hoc
940 2613 1132 2652 munus
1160 2607 1243 2653 est
1268 2599 1452 2668 gratim
1473 2640 1487 2662 ,
1519 2608 1578 2653 ut
1611 2599 1928 2654 accedentes
1958 2599 2021 2653 ad
2060 2615 2119 2655 se

539 2691 959 2759 perspicaciores
987 2691 1054 2745 ad
1095 2690 1655 2758 comprehendendam
1699 2692 1869 2762 legem
1898 2693 2114 2759 efﬁciat,

539 2783 619 2837 sic
655 2791 712 2836 ut
750 2781 870 2836 inde
899 2782 1102 2835 initium
1143 2791 1198 2837 et
1234 2783 1443 2837 occasio
1467 2783 1691 2837 ducatur
1717 2783 1890 2838 omnis
1914 2783 2033 2839 fidei
2064 2784 2115 2838 in

537 2872 808 2928 Christum
833 2871 1147 2927 exhibendae
1177 2890 1190 2925 :
1219 2873 1484 2941 quodnam
1511 2874 1752 2944 proferre
1781 2877 1954 2945 majus
1991 2891 2114 2944 pos-

536 2971 623 3019 set
647 2963 785 3019 ullus
818 2973 1188 3034 argumentum
1218 2965 1552 3034 cognationis
1589 2967 1720 3036 legis
1761 2983 1882 3022 cum
1924 2969 2113 3039 gratia,

536 3072 696 3126 quam
715 3071 834 3112 cum
857 3058 1041 3112 oculos
1067 3056 1309 3113 Christus
1337 3059 1507 3128 aperit
1524 3074 1728 3122 eorum,
1752 3061 1840 3131 qui
1857 3062 1921 3116 ad
1947 3063 2114 3132 ipsum

535 3150 831 3216 accedunt,
872 3158 930 3203 ttt
961 3149 1344 3206 institutionem
1373 3152 1650 3221 percipere
1690 3153 1821 3224 legis
1866 3156 2112 3224 possint:

536 3240 626 3294 illa
654 3255 783 3295 vero
805 3256 928 3296 cum
962 3241 1298 3311 apparuerit,
1339 3251 1394 3296 et
1431 3243 1568 3298 facta
1610 3243 1769 3299 fuerit
1813 3246 2112 3314 manifesta,

535 3333 730 3402 poterit
765 3333 932 3386 multa
961 3349 1078 3387 cum
1105 3332 1357 3389 facilitate
1385 3337 1741 3392 transmittere
1763 3338 1901 3405 illos,
1938 3342 2024 3409 qui
2052 3356 2114 3395 ea

534 3439 654 3494 qua;
693 3423 885 3480 Christi
930 3432 1057 3479 sunt
1097 3425 1429 3496 intelligunt?
1475 3426 1600 3482 llaec
1642 3430 1782 3483 enim
1829 3431 2117 3486 ostendunt

535 3531 707 3585 neque
730 3515 995 3570 Christum
1024 3531 1144 3571 cum
1175 3517 1292 3586 lege
1329 3533 1599 3588 pugnare,
1646 3535 1818 3590 neque
1844 3537 1962 3576 cum
1987 3522 2112 3579 Jesu

534 3605 706 3675 legem
731 3606 926 3661 bellum
951 3622 1170 3676 gerere,
1204 3608 1298 3662 sed
1329 3611 1594 3664 contrario
1624 3612 1778 3680 plane
1808 3613 1966 3669 modo
1996 3630 2110 3670 rem

532 3711 594 3753 se
618 3697 813 3753 habere
836 3738 852 3764 ,
881 3714 1001 3754 cum
1032 3698 1120 3752 illa
1147 3699 1361 3770 quidem
1399 3701 1464 3755 ad
1493 3718 1734 3773 magnam
1773 3704 1908 3760 hanc
1938 3707 2113 3776 philo-

533 3787 776 3856 suphiam
803 3788 939 3842 viam
979 3798 1180 3844 sternat
1197 3833 1210 3854 ,
1255 3789 1342 3846 hic
1369 3801 1547 3848 autem
1575 3795 1695 3849 inde
1720 3809 2019 3867 assumptos
2046 3799 2112 3854 ad

532 3892 802 3933 summum
849 3880 1057 3948 pietatis
1101 3883 1308 3935 culmen
1361 3883 1605 3939 adducat.
1659 3886 1763 3940 Pro
1806 3887 1889 3942 his
1935 3898 2111 3945 autem

530 3969 782 4023 omnibus
811 3969 1037 4039 benigno
1064 3971 1174 4026 Deo
1201 3974 1395 4040 gratias
1436 3990 1653 4044 agamus
1676 4019 1690 4044 ,
1747 3981 1833 4048 qui
1864 3995 1958 4049 pro
1986 3997 2114 4037 con-

531 4061 770 4115 venienti
820 4069 1062 4131 tempore
1099 4063 1303 4132 singula
1333 4064 1602 4134 disponit,
1633 4070 1901 4141 variisque
1939 4074 2112 4129 modis

532 4153 759 4209 salutem
786 4164 1022 4209 nostram
1048 4166 1328 4224 procurat,
1358 4167 1412 4211 et
1435 4159 1643 4229 dignam
1676 4163 1837 4230 ipsius
1858 4165 2112 4235 dignitate

532 4261 598 4301 ac
623 4257 766 4300 tanta
794 4247 1122 4316 providentia
1159 4249 1282 4303 vita:
1326 4251 1583 4305 rationem
1613 4269 1708 4322 pro
1734 4257 1934 4312 viribus
1956 4259 2108 4313 exhi-

533 4339 754 4394 beamus
779 4382 795 4404 ,
841 4347 898 4394 ut
939 4339 1110 4394 futura
1153 4342 1311 4396 etiam
1352 4342 1489 4399 bona
1532 4361 1918 4416 consequamur
1948 4369 1960 4399 :
1991 4369 2109 4422 qua:

532 4430 688 4485 nobis
716 4431 962 4486 omnibus
1004 4433 1201 4486 utinam
1245 4435 1577 4505 contingant,
1603 4435 1770 4506 gratia
1794 4450 1848 4495 et
1873 4441 2110 4511 benigni-

533 4531 642 4574 tate
665 4521 872 4575 Domini
898 4523 1061 4576 nostri
1085 4523 1210 4577 Jesu
1239 4523 1454 4589 Christi,
1488 4542 1581 4596 per
1608 4545 1763 4596 quem
1789 4541 1841 4585 et
1865 4548 1986 4587 cum
2003 4551 2108 4604 quo

529 4612 696 4676 Patri,
727 4613 884 4667 simul
911 4629 1028 4668 cum
1051 4615 1245 4684 Spiritu
1275 4627 1478 4682 sancto,
1507 4619 1694 4687 gloria,
1721 4620 1909 4690 honor,
1943 4625 2108 4696 impe-

534 4705 692 4771 rium,
719 4703 772 4759 in
798 4705 993 4759 saecula
1017 4707 1355 4762 smeulorum.
1387 4712 1577 4764 Amen.

527 4900 709 4956 Adhuc
731 4902 783 4955 in
811 4903 1156 4958 obscuritatem
1196 4905 1380 4962 Veteris
1410 4909 1731 4979 Testamenti,
1757 4915 1868 4969 etin
1889 4915 1982 4970 Dei
2000 4919 2103 4974 cle-

600 4995 859 5059 mentiam,
887 5005 932 5049 et
962 4996 1097 5059 quod
1120 4996 1212 5051 alii
1239 4999 1367 5052 alios
1396 5017 1495 5055 non
1539 5003 1748 5059 debeant
1777 5024 2030 5064 accusare.

601 5157 653 5208 l.
694 5155 901 5211 Gaudet
928 5157 1142 5227 quidem
1187 5158 1462 5225 bubulcus,
1510 5162 1636 5218 dum
1680 5164 1817 5221 bene
1843 5168 2019 5225 valere
2043 5187 2106 5228 ac

527 5256 775 5313 vegetum
808 5263 925 5302 esse
964 5248 1108 5302 videt
1148 5259 1444 5304 armentum
1485 5269 1639 5308 suum
1669 5274 1681 5308 :
1711 5258 1906 5326 gaudet
1945 5262 2102 5317 etiam

528 5340 779 5405 agricola,
810 5340 933 5393 dum
957 5350 1265 5395 vernantem
1293 5355 1526 5411 segetem
1554 5349 1754 5403 cernit:
1782 5350 1875 5404 sed
1904 5367 2002 5406 nec
2035 5355 2104 5408 ob

529 5440 762 5497 segetem
791 5432 1040 5498 agriCola,
1090 5448 1190 5487 nec
1231 5433 1300 5488 ob
1341 5449 1464 5489 suas
1492 5436 1655 5491 boves
1683 5439 1940 5496 bubulcus
1968 5443 2104 5501 adeo

528 5519 778 5585 gaudent.
811 5531 866 5574 ut
903 5536 1002 5591 ego
1030 5538 1172 5578 nunc
1212 5525 1415 5592 gaudeo
1456 5533 1511 5581 et
1550 5529 1777 5593 exsulto,
1819 5531 1946 5586 dum
1992 5536 2105 5603 pul-

529 5607 716 5662 chram
742 5609 880 5664 hanc
906 5627 1088 5668 aream
1129 5614 1490 5684 spiritualibus
1534 5618 1790 5688 repletam
1821 5625 2105 5694 manipulis

529 5713 712 5756 cerno.
741 5701 875 5756 Cum
898 5705 1038 5760 enim
1071 5706 1122 5760 in
1153 5716 1230 5761 tot
1257 5722 1319 5762 ac
1348 5708 1478 5764 tales
1502 5725 1658 5766 aures
1679 5727 1919 5782 sparsum
1939 5716 2099 5773 fuerit

532 5796 1302 5868 verbnmpietatis,coufestim
1334 5818 1550 5862 necesse
1579 5817 1682 5876 est,
1712 5817 1769 5864 ut
1793 5810 2023 5881 copiosa:
2040 5825 2100 5867 ac

1257 360 1314 416 S.
1353 357 1633 416 JOANNIS
1669 350 2139 414 CHRYSOSTOMI
2176 351 2490 410 ARCIIIEP.
2529 357 3059 420 CONSTANTINOP.
3656 381 3744 438 ne

2236 481 2457 529 maturas
2484 474 2798 531 obedlentia:
2824 477 2986 547 spicae
3011 490 3301 537 nascantur.
3327 483 3447 543 Nam
3472 490 3514 546 si
3535 493 3639 561 quis
3651 500 3741 553 sul-

2232 565 2309 618 cis
2331 566 2555 621 fertilem
2577 582 2638 621 ac
2659 567 2903 638 pinguem
2933 583 3116 641 agrum
3145 574 3431 645 prociderit,
3451 586 3666 649 quamvis
3679 603 3748 641 se-

2233 655 2374 709 mina
2403 656 2546 727 larga
2573 673 2729 712 manu
2757 675 2859 713 non
2887 660 3095 730 jecerit,
3123 664 3336 719 multum
3359 683 3640 735 proventum
3658 678 3750 731 col-

2231 745 2374 816 liget,
2408 747 2533 801 dum
2573 749 2670 803 loci
2710 759 2895 804 natura
2938 753 3196 807 seminum
3238 757 3470 826 exiguum
3506 777 3748 820 numerum

2231 837 2442 908 propria
2465 840 2657 896 virtute
2686 842 3051 911 multiplicabit
3074 862 3086 897 :
3107 846 3184 900 sic
3204 860 3318 901 cum
3346 848 3394 902 in
3420 851 3607 909 animas
3620 856 3752 911 obse-

2231 941 2454 1002 quentes
2479 947 2541 986 ac
2570 932 2779 1001 pietatis
2805 934 2990 1003 plenas
3019 935 3205 1006 aliquis
3230 942 3493 1007 sparserit,
3517 943 3628 998 licet
3659 949 3747 1001 exi-

2229 1037 2330 1091 gua
2357 1022 2612 1078 doctrina:
2633 1025 2834 1079 semina
2856 1024 3065 1094 jecerit,
3099 1042 3323 1084 messem
3351 1031 3554 1087 uberem
3576 1046 3750 1104 cernet,

2229 1114 2356 1168 dum
2387 1131 2482 1185 per
2505 1117 2803 1172 auditorum
2833 1119 3143 1189 sapientiam
3179 1123 3548 1182 concionatoris
3576 1141 3754 1199 egestas

2229 1208 2596 1264 occultabitur.
2625 1209 2736 1265 Hoc
2761 1220 2814 1266 et
2840 1212 2891 1266 in
2920 1213 3207 1280 piscatione
3235 1217 3498 1288 contingit.
3538 1221 3755 1288 Quamvis

2227 1302 2368 1354 enim
2399 1301 2691 1372 piscatores
2731 1304 2836 1358 sint
2865 1305 3117 1374 imperiti,
3150 1307 3195 1362 si
3227 1317 3396 1364 tamen
3423 1311 3474 1366 in
3513 1314 3668 1369 sinum
3693 1318 3754 1386 pi-

2227 1394 2406 1448 scibus
2448 1395 2805 1450 abundantem
2847 1398 2978 1451 retia
3019 1398 3281 1465 miserint,
3320 1400 3471 1457 facile
3499 1405 3657 1473 praeda
3682 1423 3758 1476 po-

2228 1485 2451 1550 tiuntur,
2484 1485 2607 1540 dum
2632 1486 2838 1541 illorum
2860 1488 3136 1544 abscondit
3153 1491 3459 1560 imperitiam
3475 1509 3759 1552 concurren-

2228 1577 2355 1631 tium
2383 1579 2603 1647 piscium
2635 1580 2937 1635 multitudo.
2971 1581 3122 1648 Quod
3148 1584 3192 1638 si
3227 1585 3279 1638 in
3308 1586 3391 1640 illa
3421 1597 3622 1657 captura
3648 1593 3761 1645 mul-

2226 1667 2397 1724 titudo
2422 1668 2630 1724 illorum
2650 1671 2739 1742 qui
2753 1672 3003 1742 capiendi
3027 1683 3168 1734 sunt,
3193 1690 3550 1746 saepenumero
3567 1679 3669 1749 ejus
3683 1683 3759 1752 qui

2225 1768 2340 1816 rete
2382 1761 2563 1828 mittit,
2595 1761 2873 1832 imperitiae
2902 1765 3170 1821 defectum
3208 1768 3387 1836 sarcit,
3433 1771 3592 1825 multo
3618 1774 3762 1842 magis

2223 1851 2362 1906 istud
2381 1853 2550 1922 ipsum
2574 1855 2624 1908 in
2647 1853 2745 1910 hac
2762 1856 3018 1925 spirituali
3046 1859 3337 1928 piscatione
3363 1862 3632 1933 continget.
3649 1863 3760 1918 Nam

2223 1943 2298 1998 illi
2324 1946 2535 2016 quidem
2565 1948 2739 2016 pisces
2767 1950 2852 2005 ubi
2882 1966 3066 2006 nassas
3093 1961 3150 2008 et
3176 1952 3362 2008 hamos
3406 1955 3605 2010 immitti
3641 1957 3766 2013 vide-

2223 2037 2346 2101 rint,
2380 2037 2657 2094 confestim
2701 2048 2756 2096 et
2799 2041 3095 2114 aufugiunt,
3129 2055 3184 2100 et
3211 2046 3460 2102 exsiliunt
3494 2066 3506 2102 :
3546 2065 3632 2105 vos
3654 2066 3764 2104 vero

2223 2133 2546 2187 contrarium
2586 2133 2774 2205 agitis:
2798 2150 2918 2190 cum
2957 2149 3264 2210 surgentem
3290 2151 3342 2196 et
3369 2140 3612 2198 doctrina:
3637 2159 3767 2214 sage-

2224 2237 2345 2276 nam
2372 2224 2613 2279 videritis
2650 2227 3059 2296 expandentetn,
3088 2246 3199 2286 non
3223 2233 3394 2287 solum
3422 2249 3520 2288 non
3549 2235 3765 2305 aufugitis

2223 2325 2272 2367 et
2304 2315 2545 2381 exsilitis,
2585 2317 2678 2371 sed
2720 2328 2774 2373 et
2814 2320 3038 2375 interius
3068 2323 3290 2393 pergitis
3319 2314 3546 2396 undique
3573 2341 3769 2380 concur-

2223 2412 2421 2468 rentes,
2452 2415 2505 2459 et
2533 2407 2828 2476 proximum
2861 2413 3228 2483 unusquisque
3257 2416 3568 2483 protrudens
3590 2431 3646 2469 ac
3670 2433 3770 2485 pre-

2222 2512 2392 2563 mens,
2425 2498 2568 2566 prior
2611 2499 2724 2567 ipse
2761 2500 2964 2558 insilire
3003 2512 3056 2557 et
3103 2504 3157 2558 in
3192 2506 3325 2560 retia
3367 2505 3535 2561 delabi
3563 2506 3770 2562 festinat.

2220 2588 2337 2653 Quo
2367 2587 2558 2642 factum
2588 2600 2690 2656 est,
2720 2601 2776 2646 ut
2801 2601 3082 2665 numquam
3113 2612 3336 2652 vacuam
3363 2613 3599 2669 sagenant
3622 2610 3774 2654 extra-

2221 2681 2472 2747 xerimus,
2506 2698 2608 2736 non
2635 2685 2745 2752 jam
2787 2685 2856 2740 ob
2903 2697 3139 2744 nostram
3187 2692 3450 2760 peritiam,
3482 2691 3570 2746 sed
3605 2692 3667 2746 ob
3699 2707 3774 2745 ve-

2219 2781 2382 2826 stram
2429 2774 2792 2844 cupiditalem.
2841 2777 2980 2834 Satis
3031 2781 3216 2851 itaque
3259 2798 3359 2837 nos
3389 2799 3554 2852 nuper
3577 2783 3774 2852 dapibus

2219 2863 2467 2932 explevit,
2493 2882 2611 2935 quae
2643 2868 2863 2935 probato
2892 2885 3132 2941 puquue
3157 2882 3342 2928 manat
3361 2889 3489 2928 auro
3522 2875 3703 2945 lingua,
3730 2883 3775 2928 et

2219 2955 2390 3008 mellis
2429 2954 2601 3012 fontes
2649 2973 2742 3014 ore
2788 2961 3074 3028 profundit,
3128 2964 3335 3036 lingua,
3384 2966 3611 3036 inquam,
3654 2957 3786 3020 beati

2220 3045 2389 3111 Pauli,
2418 3049 2499 3103 vel
2522 3049 2719 3118 potius,
2743 3067 2860 3121 qua}
2886 3052 2990 3107 favi
3020 3055 3262 3123 cujusvis
3290 3057 3536 3112 suavitati
3559 3057 3779 3127 spiritua-

2220 3137 2284 3192 lis
2310 3138 2566 3194 doctrina:
2591 3140 2869 3198 dulcedine
2888 3145 3184 3200 antecellit.

2291 3229 2632 3302 Cltrysostomi
2667 3236 2927 3290 modestia.
2962 3236 3140 3292 Prima
3172 3256 3337 3294 causa
3361 3241 3667 3296 obscuritatis
3700 3238 3782 3292 Ve-

2219 3324 2336 3378 teris
2369 3323 2691 3379 Testamenti.
2710 3357 2781 3366 —-
2802 3327 2935 3395 Quia
2963 3345 3090 3384 vero
3129 3347 3234 3400 pro
3280 3348 3344 3388 ea
3390 3349 3510 3403 quae
3535 3347 3625 3386 vos
3650 3332 3786 3385 decet

2219 3414 2574 3485 philosOphia',
2613 3431 2680 3472 ne
2709 3418 2812 3472 mci
2840 3419 3056 3488 quidem
3087 3424 3344 3492 pauperis
3371 3434 3428 3477 et
3471 3423 3686 3478 mendici
3710 3435 3785 3476 res

2219 3507 2578 3574 contemnitis,
2601 3509 2694 3564 sed
2712 3526 2770 3564 ea
2789 3512 3000 3581 quidem
3027 3529 3145 3582 qua:
3167 3525 3299 3570 sunt
3319 3515 3515 3571 eximia
3535 3525 3586 3571 et
3604 3528 3786 3569 summa

2219 3600 2507 3668 miramini,
2541 3611 2737 3656 nostra;
2761 3618 2891 3658 vero
2921 3604 3239 3662 humililatis
3277 3608 3441 3663 verba
3472 3622 3574 3662 non
3613 3608 3788 3676 impro-

2221 3692 2375 3758 batis,
2405 3692 2651 3748 alacriter
2675 3693 2742 3748 ad
2773 3695 3055 3750 dicendum
3082 3699 3321 3766 surrexi,
3368 3709 3429 3754 ut
3456 3699 3682 3755 debitum
3713 3713 3792 3749 vo-

2216 3783 2298 3838 bis
2327 3784 2601 3839 redderem
2628 3787 2768 3856 quod
2795 3803 2962 3857 nuper
2989 3804 3106 3843 sum
3153 3792 3453 3859 pollicitus,
3499 3808 3594 3847 nec
3633 3801 3787 3844 tamen

2219 3877 2468 3946 persolvi,
2497 3878 2622 3933 dum
2653 3879 2948 3949 prolixitate
2975 3881 3238 3939 doctrina:
3262 3885 3522 3954 prohibiti
3546 3900 3718 3938 sumus
3735 3882 3791 3935 ad

2217 3968 2376 4022 linem
2417 3985 2582 4039 usque
2613 3970 2930 4041 pertingere.
2959 3973 3244 4039 Quodnam
3289 3977 3456 4046 igitur
3483 3975 3711 4031 debitum
3737 3974 3792 4026 il-

2219 4059 2307 4112 lud
2330 4060 2458 4113 fuit?
2485 4059 2718 4116 Necesse
2743 4072 2825 4117 est
2848 4064 3012 4128 enim,
3048 4073 3104 4119 ut
3129 4065 3348 4122 initium
3378 4067 3552 4123 mutui
3581 4066 3721 4121 vobis
3747 4064 3794 4118 in

2216 4154 2528 4208 memoriam
2559 4166 2854 4221 revocetur,
2885 4165 2943 4212 ut
2968 4169 3290 4229 argutnento
3321 4161 3444 4232 ipso
3471 4162 3678 4231 cognito
3711 4173 3796 4211 vo-

2216 4246 2296 4301 bis
2321 4247 2588 4302 enarratio
2613 4247 2896 4304 dilucidior
2920 4251 3031 4305 fiat.
3060 4251 3429 4318 Quaesivimus
3455 4263 3568 4308 tum
3610 4263 3798 4321 tempo-

2214 4338 2307 4401 ris,
2339 4355 2441 4410 qua
2479 4340 2546 4396 de
2586 4357 2746 4397 causa
2775 4342 2940 4398 Vetus
2969 4343 3382 4401 Testamentum
3414 4348 3486 4401 sit
3513 4345 3796 4406 obscurius,

2213 4446 2369 4499 quam
2406 4432 2638 4498 Novum;
2667 4433 2891 4490 fortasse
2919 4449 3148 4506 namque
3176 4439 3542 4505 meministis;
3575 4448 3629 4493 et
3651 4452 3800 4490 unam

2214 4523 2469 4578 hactenus
2493 4540 2707 4580 causam
2737 4526 2989 4595 diximus,
3033 4528 3349 4584 auditorum
3398 4532 3799 4590 immanitatem.

2213 4623 2506 4686 testemque
2535 4617 2874 4683 produximus
2896 4619 3115 4673 Paulum
3143 4622 3445 4687 dicentem,
3471 4625 3499 4679 1
3508 4625 3627 4682 stud
3648 4621 3802 4691 ipsum

2210 4707 2434 4761 velamen
2455 4710 2506 4761 in
2534 4708 2743 4764 lectione
2779 4710 2967 4766 Veteris
2995 4711 3310 4767 Testamenti
3341 4727 3518 4767 manet
3544 4731 3642 4767 non
3671 4729 3805 4766 rere-

2212 4801 2387 4863 latum,
2435 4802 2671 4870 quoniam
2699 4803 2753 4856 in
2781 4802 2979 4858 Christo
3009 4816 3289 4858 evacuatur
3339 4807 3420 4878 (2.
3466 4806 3588 4860 Cor.
3611 4805 3663 4861 ’5.
3699 4805 3805 4870 14).

2210 4892 2563 4962 Ostendimus,
2580 4892 3031 4964 quemadmodum
3050 4899 3296 4953 velamen
3323 4899 3522 4955 habuit
3550 4899 3810 4968 legislator

2210 4983 2436 5054 Moyses,
2471 4986 2540 5038 ita
2567 5001 2777 5055 quoque
2799 4988 2966 5057 legem
2994 4989 3235 5045 velamen
3259 4991 3546 5057 habuisse,
3577 4989 3811 5046 obscuri-

2211 5086 2405 5132 tatem:
2435 5078 2528 5132 sed
2558 5095 2730 5148 neque
2769 5080 3056 5150 legislatori
3087 5082 3214 5136 vitio
3257 5085 3616 5149 vertendum,
3646 5097 3814 5151 neque

2211 5170 2310 5239 legi
2339 5171 2547 5224 crimini
2574 5171 2806 5225 dandum
2832 5173 2931 5226 fuit
2961 5174 3222 5237 velamen,
3255 5175 3358 5228 sed
3392 5177 3705 5230 auditorum
3741 5175 3816 5226 in-

2212 5262 2446 5316 firmitati
2476 5262 2834 5318 tribuendum.
2866 5264 2979 5319 Non
3009 5267 3149 5320 enim
3178 5277 3411 5336 propter
3452 5271 3694 5337 seipsum
3731 5283 3818 5319 ve-

2212 5352 2385 5406 lamen
2417 5351 2599 5407 habuit
2641 5354 2869 5424 Moyses,
2914 5356 3008 5410 sed
3039 5357 3160 5426 quia
3203 5357 3446 5426 gloriam
3491 5362 3677 5412 vultus
3703 5359 3820 5428 ejus

2209 5443 2350 5500 ferre
2389 5461 2490 5499 non
2537 5457 2799 5516 poterant.
2837 5447 3059 5516 Quando
3086 5449 3224 5503 enim
3252 5464 3319 5504 se
3350 5452 3720 5508 convertebat
3758 5451 3822 5504 ad

2211 5538 2512 5606 Dominum,
2537 5541 2777 5595 velamen
2802 5541 3097 5597 auferebat.
3126 5543 3214 5597 Sic
3237 5544 3418 5598 etiam
3453 5545 3544 5599 lex
3569 5545 3821 5614 quoniam

2211 5630 2442 5683 nondum
2490 5631 2722 5700 perfecta
2764 5633 3080 5688 documenta
3109 5635 3412 5705 multzeque
3457 5637 3825 5708 philosophia:

2211 5720 2362 5789 plena
2393 5721 2459 5776 de
2496 5721 2707 5777 Christo
2733 5724 2985 5794 Novoque
3017 5725 3374 5780 Testamento
3408 5729 3706 5798 percipere
3734 5744 3818 5797 νον

2211 5821 2344 5870 terat
2365 5815 2645 5886 (siquidem
2673 5817 2759 5872 illa
2782 5819 2980 5889 omnia,
3004 5827 3272 5890 tamquam
3305 5820 3365 5876 in
3393 5819 3670 5880 thesauro
3699 5836 3823 5894 quo-
