4102 6306
542 332 645 392 1⁸1⁸1

537 447 742 516 παλαιᾷ
776 445 1008 516 Γραφῇ),
1040 445 1192 519 [182]
1222 447 1484 517 κάλυμμα
1530 443 1695 517 εἶχεν,
1738 448 1967 510 ἐκείνοις
2004 445 2102 514 μὲν

536 528 1002 594 συγκαταϐαίνων,
1029 531 1159 599 ἡμῖν
1180 529 1236 582 δὲ
1263 531 1443 599 τηρῶν
1469 530 1559 583 τὸν
1604 529 1828 582 πλοῦτον
1859 529 2105 589 ἅπαντα,

532 607 584 659 ἴν
613 649 628 673 ,
660 611 785 661 ὅταν
822 612 1195 682 παραγένηται
1229 613 1257 664 ό
1285 613 1537 682 Χριστὸς,
1569 614 1661 666 καὶ
1696 611 2110 682 ἐπιστρέψωμεν

537 693 675 761 πρὸς
715 693 894 757 αὑτὸν,
933 695 1255 766 περιαιρεθῇ
1287 696 1348 748 τὸ
1380 695 1663 765 κάλυμμα.
1707 696 1902 766 Ὁρᾶτε
1930 693 2109 746 τοίνυν

534 779 614 839 είς
648 776 779 846 ὅσην
812 778 953 846 ἡμᾶς
976 778 1129 843 ἀξίαν
1156 779 1360 847 ἢγαγεν
1385 780 1416 847 ἡ
1439 778 1534 831 τοῦ
1555 776 1790 848 Χριστοῦ
1811 777 2104 849 παρουσία,

534 861 616 921 είς
645 861 742 928 τὴν
774 860 927 926 τάξιν
965 862 1240 929 ἀνάγουσα
1288 861 1585 923 Μωῦσέως.
1634 861 1773 913 Ἀλλ’
1811 861 1940 923 ἴσως
1994 861 2108 931 έρεῖ

533 958 652 1004 “cu;-
690 942 796 994 Καὶ
837 943 980 1005 τίνος
1009 944 1192 996 ἕνεκεν
1234 942 1448 1011 ἐλέγετο
1476 942 1598 1003 τότε
1623 984 1637 1006 ,
1684 945 1732 996 εἰ
1776 944 1849 1014 μὴ
1886 941 2106 1012 ἔμελλεν

533 1024 716 1087 αὐτοῖς
738 1025 880 1095 σαφῆ
912 1020 1049 1079 εἶναι
1070 1026 1139 1079 τὰ
1166 1025 1463 1096 λεγόμενας
1502 1028 1616 1078 ’Ἱνα
1638 1028 1749 1089 τοῖς
1773 1025 1910 1096 μετὰ
1936 1024 2105 1077 ταῦτα

532 1108 753 1178 γένηται
770 1111 1033 1180 χρήσιμα.
1059 1109 1393 1181 Προφητείας
1410 1108 1518 1181 γὰρ
1532 1108 1745 1178 ἀξίωμα
1768 1108 1920 1162 τοῦτό
1936 1110 2102 1172 ἑστιν,

530 1190 627 1261 οὐχ
654 1193 780 1245 ὅταν
810 1193 877 1246 τά
910 1193 1149 1261 παρόντα
1180 1191 1483 1263 ἀπαγγείλῃ
1505 1192 1820 1261 πράγματα,
1843 1191 2105 1243 ἀλλ’ὅταν

529 1275 600 1327 τά
637 1275 892 1345 μέλλοντα
914 1276 1374 1345 προαναφωνήσῃ.
1413 1273 1722 1345 Προφητεία
1748 1274 1803 1329 δὲ
1832 1275 1958 1327 ὅταν
1982 1290 2104 1326 συν-

530 1358 905 1426 εσκιασμένως
938 1356 1181 1426 λέγηται,
1217 1357 1355 1426 μετὰ
1386 1357 1484 1426 τὴν
1511 1357 1619 1409 τῶν
1650 1358 1985 1428 πραγμάτων
2008 1356 2100 1409 έκ-

530 1439 688 1493 ϐασιν
710 1441 917 1508 γίνεται
945 1441 1272 1511 σαφεστέρα,
1310 1440 1415 1511 πρὸ
1428 1440 1484 1492 δὲ
1510 1440 1610 1510 τῆς
1638 1441 1913 1505 ἐκϐάσεως
1944 1442 2102 1495 οὐδα-

532 1525 666 1594 μῶς.
698 1525 1081 1597 ”Ωςτε,ἐπειδὴ
1112 1526 1233 1578 τότε
1262 1524 1357 1595 μὲν
1379 1525 1591 1593 ἐλέγετο
1607 1526 2103 1597 συνεσκιασμένως,

528 1608 711 1678 ἀσαφῆ
740 1604 808 1679 ἦν
827 1625 841 1638 ·
866 1609 953 1662 ὅτε
979 1609 1035 1662 δέ
1071 1609 1340 1680 ἐκϐέϐηκε
1376 1607 1445 1661 τὰ
1482 1609 1797 1679 πράγματα,
1830 1609 1917 1662 διὰ
1943 1609 2101 1663 τοῦτο

529 1692 836 1762 σαφέστερα
863 1685 931 1763 ἦν
963 1693 1032 1745 τὰ
1082 1691 1368 1761 λεγόμενα.
1428 1692 1537 1743 Καὶ
1590 1692 1675 1745 ἵνα
1721 1693 1961 1764 μάθητε,
2016 1693 2099 1745 ὅτι
2173 1750 2179 1755 ,

526 1774 865 1844 προφητεία,
926 1774 1028 1828 κᾶν
1077 1774 1182 1845 πρὸ
1231 1773 1425 1826 πολλοῦ
1475 1774 1694 1845 λέγηται
1751 1775 1842 1829 τοῦ
1886 1775 2098 1846 χρόνου,

532 1856 1012 1926 συνεσκιασμένως
1065 1856 1122 1909 δὲ
1169 1856 1435 1928 λέγηται,
1494 1859 1840 1929 ἀσαφεστέρα
1890 1859 2097 1927 γίνεται

524 1940 625 1992 ἀνα
633 1940 866 2009 μένουσα
880 1940 979 2012 τὴν
995 1941 1058 1994 ἑκ
1072 1940 1179 1993 τῶν
1200 1940 1535 2011 πραγμάτων
1551 1939 1795 2003 ἔκϐασιν,
1808 1942 1901 1994 ἀπ’
1920 1941 2097 1994 αὐτῶν

522 2020 631 2074 τῶν
667 2022 921 2092 μαθητῶν
950 2022 1078 2093 ὑμῖν
1129 2022 1286 2076 τοῦτο
1330 2025 1537 2093 ποιήσω
1575 2024 1825 2096 φανερόν.
1862 2026 2099 2079 Λύσατε

523 2104 629 2159 τὸν
655 2106 806 2159 ναὸν
842 2106 1074 2170 τοῦτον,
1122 2110 1233 2170 τοῖς
1277 2107 1547 2170 Ἰουδαίοις
1576 2108 1759 2175 ἔλεγεν
1791 2109 1819 2159 6
1846 2109 2092 2177 Χριστός.

536 2188 751 2259 Ἐπειδὴ
788 2190 894 2260 7&9
921 2190 1107 2243 ἐδίωκε
1134 2193 1261 2253 τοὺς
1305 2190 1391 2243 διὰ
1424 2190 1522 2261 τῆς
1562 2191 1864 2260 καπηλείας
1892 2194 1969 2255 εἰς
2008 2191 2096 2244 τὸν

522 2270 647 2323 ναὸν
683 2272 1079 2342 ἐνυϐρίζοντας,
1111 2273 1355 2340 λέγουσιν
1377 2275 1573 2325 ἐκεῖνοι
1598 2289 1611 2301 ”
1637 2274 1698 2327 Tl
1717 2273 1967 2342 σημεῖον
1987 2273 2098 2328 δει-

521 2355 723 2420 κνύεις
742 2354 904 2423 ἡμῖν,
923 2355 1009 2409 ὅτι
1026 2356 1211 2409 ταῦτα
1230 2355 1416 2422 ποιεῖς
1438 2373 1456 2419 ;
1478 2356 1586 2408 Καὶ
1602 2357 1737 2427 πρὸς
1763 2357 1919 2411 τοῦτό
1942 2376 2091 2429 φησι·

522 2437 761 2490 Λύσατε
799 2438 903 2489 τὸν
933 2438 1083 2491 ναὸν
1110 2438 1345 2505 τοῦτον,
1392 2438 1491 2491 καὶ
1533 2439 1602 2492 ἐν
1628 2440 1824 2506 τρισίν
1853 2440 2095 2509 ἡμέραις

520 2518 702 2587 ἐγερῶ
728 2521 931 2576 αὐτόν.
977 2521 1231 2586 Ἐκεῖνος
1250 2522 1317 2574 δὲ
1340 2522 1511 2591 ἔλεγε
1527 2525 1659 2591 περὶ
1684 2524 1790 2578 τοῦ
1822 2526 1970 2579 ναοῦ
1987 2527 2093 2581 τοῦ

519 2603 791 2672 σώματος
821 2604 1026 2659 αὑτοῦ.
1058 2606 1099 2657 Τ
1102 2606 1225 2659 οῦτο
1272 2607 1572 2676 προφητεία
1606 2608 1689 2671 τίς
1723 2613 1897 2663 ἐστιν’
1943 2610 2095 2664 οὔπω

519 2686 629 2757 7&9
648 2683 716 2759 ἦν
737 2688 1049 2760 ἐκϐεϐηκὼς
1081 2690 1109 2740 6
1139 2689 1388 2761 σταυρὸς,
1416 2691 1532 2743 οὐδὲ
1571 2693 1604 2761 ἡ
1642 2690 1790 2755 λύσις
1819 2691 1910 2745 τοῦ
1940 2693 2091 2755 ναοῦ,

520 2771 643 2824 οὐδὲ
670 2773 704 2842 ἡ
728 2772 1024 2843 τριήμερος
1050 2774 1364 2836 ἀνάστασις,
1384 2775 1449 2844 ἣν
1474 2773 1634 2835 αὐτὸς
1665 2776 1954 2845 ἐποιήσατο
1990 2776 2095 2831 Καὶ

520 2853 622 2924 ὅρα
669 2854 785 2917 πῶς
816 2856 885 2907 τὰ
910 2856 1192 2926 ἀμφότερα
1245 2856 1382 2925 μετά
1414 2855 1695 2926 ἀκριϐείας
1731 2857 1964 2927 ᾐνίξατο,
2001 2860 2098 2913 καὶ

518 2936 617 3008 την
638 2937 839 3007 τόλμαν
871 2937 967 3008 τὴν
999 2939 1242 3001 ἐκείνων,
1270 2940 1363 2992 καὶ
1389 2937 1487 3009 τὴν
1511 2939 1715 2993 οἰκείαν
1747 2939 1911 2993 αὑτοῦ
1938 2939 2093 2994 δύνα-

522 3036 635 3089 μιν.
677 3021 812 3072 Ἀλλ’
843 3022 990 3091 ὅμως
1017 3023 1114 3075 οὐκ
1133 3022 1353 3094 ᾔδεισαν
1373 3022 1441 3075 τά
1466 3022 1753 3091 λεγόμενα.
1779 3025 1886 3077 Καὶ
1900 3024 1961 3077 τὸ
1992 3025 2093 3095 μὲν

534 3104 816 3167 Ἰουδαίους
859 3106 1103 3173 ἀγνοεῖν,
1150 3106 1301 3159 οὐδὲν
1343 3106 1677 3177 θαυμαστόν·
1714 3107 1860 3175 λέγει
1903 3107 1980 3173 δὲ,
2010 3109 2095 3165 ὅτι

519 3187 638 3239 οὐδὲ
671 3190 719 3240 οί
746 3188 982 3259 μαθηταὶ
1008 3188 1172 3242 αὐτοῦ
1203 3189 1460 3259 συνῆκαν,
1491 3189 1594 3252 ἓως
1623 3189 1824 3253 ἀνέστη
1868 3192 1931 3243 ἐκ
1981 3190 2090 3243 τῶν

518 3270 726 3340 νεκρῶν
748 3289 761 3302 υ
804 3271 912 3324 Καὶ
939 3271 1059 3324 τότε
1097 3272 1469 3327 ἐπίστευσαν
1494 3271 1567 3341 τῇ
1595 3272 1829 3343 Γραφῇ,
1879 3274 1976 3327 καὶ
2010 3272 2091 3340 τῷ

517 3356 696 3423 λόγῳ,
735 3347 783 3420 ᾧ
802 3352 971 3408 εἶπεν
996 3358 1028 3409 ό
1062 3355 1318 3422 Ἰησοῦς.

590 3479 653 3546 β’.
707 3478 864 3548 Ὁρᾷς
897 3478 978 3532 ὃτι
1013 3479 1309 3550 ἐδεήθησαν
1346 3479 1447 3549 τῆς
1480 3478 1569 3532 διά
1599 3479 1708 3534 τῶν
1750 3481 2089 3551 πραγμάτων

516 3561 813 3625 ἐκϐάσεως,
850 3562 936 3616 ἵνα
979 3564 1283 3635 σαφεστέρα
1317 3564 1542 3635 γένηται
1575 3566 1607 3635 ἡ
1641 3566 1965 3634 προφητεία,
1994 3567 2087 3620 καὶ

517 3646 598 3699 ὅτι
636 3643 882 3721 ἔγκλημα
906 3647 1005 3699 οὑκ
1038 3643 1181 3717 εἶχον
1222 3648 1271 3699 οί
1313 3647 1553 3701 Ἰουδαῖοι
1589 3648 1662 3718 μὴ
1692 3649 1965 3713 συνιέντες
1990 3649 2087 3712 τὰς

517 3727 849 3797 προφητείας
891 3728 1100 3793 ὲκείνας
1144 3730 1240 3793 τὰς
1281 3730 1409 3799 περὶ
1441 3730 1677 3801 Χριστοῦ
1711 3731 1817 3801 πρὸ
1851 3731 1950 3800 τῆς
1991 3733 2085 3786 τοῦ

516 3807 750 3880 Χριστοῦ
778 3813 1102 3881 παρουσίας;
1137 3813 1214 3882 Τῇ
1245 3811 1353 3886 γὰρ
1386 3813 1656 3883 παρουσία
1681 3811 1835 3881 δῆλαι
1865 3812 2086 3883 ἔμελλον

517 3892 763 3960 γίνεσθαι
796 3893 890 3945 καὶ
942 3896 1153 3962 σαφεῖς.
1193 3895 1456 3947 Ἀκουσον
1491 3894 1654 3947 αὑτοῦ
1697 3896 1792 3948 τοῦ
1846 3895 2083 3966 Χριστοῦ

515 3971 760 4040 λέγοντος
776 3991 789 4004 ⁸
820 3977 887 4027 Εἰ
913 3974 998 4043 μὴ
1022 3973 1230 4045 ἦλθον,
1254 3975 1352 4029 καὶ
1371 3974 1647 4043 ἐλάλησα
1666 3977 1887 4043 αὐτοῖς,
1905 3979 2086 4046 ἁμαρ-

514 4057 651 4111 τίαν
676 4059 787 4110 οὐκ
826 4054 1011 4126 εἶχον.
1056 4059 1153 4112 Διά
1189 4060 1243 4111 τί
1288 4060 1387 4112 οὐκ
1419 4056 1561 4128 είχον
1601 4061 1904 4131 ἁμαρτίαν,
1952 4065 2000 4115 εί
2027 4064 2082 4116 αἱ

517 4144 842 4211 προφητεῖαι
873 4144 1162 4211 προέλεγον
1182 4159 1195 4208 ;
1218 4144 1339 4197 Ὅτι
1366 4144 1656 4214 προέλεγον
1681 4146 1799 4215 μὲν,
1828 4148 1928 4200 οὐκ
1945 4144 2083 4217 ἦσαν

515 4224 573 4276 δὲ
606 4228 813 4294 σαφεῖς,
848 4225 965 4279 οὐδὲ
1010 4226 1165 4297 δῆλαι
1210 4226 1315 4297 πρὸ
1345 4226 1444 4297 τῆς
1476 4228 1777 4298 παρουσίας
1814 4230 1905 4282 τοῦ
1957 4249 2085 4301 προ-

516 4308 825 4377 λεγομένου.
862 4311 923 4363 Εἰ
956 4311 1063 4380 γὰρ
1109 4311 1203 4363 καὶ
1226 4311 1344 4363 τότε
1376 4314 1569 4379 σαφεῖς
1605 4307 1744 4382 ἦσαν
1778 4314 1958 4376 αὐτοῖς
1990 4316 2084 4368 καὶ

512 4392 690 4463 δῆλαι,
725 4392 881 4463 δῆλον
909 4395 989 4446 ὅτι
1028 4394 1120 4448 καὶ
1143 4394 1247 4464 πρὸ
1264 4394 1361 4463 τῆς
1393 4394 1692 4466 παρουσίας
1717 4395 1879 4449 αὑτοῦ
1906 4399 2083 4468 ἀμαρ-

514 4475 636 4528 τίαν
656 4470 827 4544 εἴχον·
870 4478 917 4528 εἰ
947 4476 1003 4528 δὲ
1025 4477 1299 4548 ἁμαρτίαν
1326 4478 1425 4530 οὐκ
1454 4474 1617 4547 εἶχον,
1645 4475 1866 4546 εὓδηλον
1886 4480 1966 4531 ὅτι
1993 4479 2082 4533 διά

512 4557 609 4628 τὴν
624 4559 887 4626 ἀσάφειαν
908 4560 1081 4613 αὐτῶν
1100 4563 1190 4613 καί
1211 4562 1271 4615 τὸ
1298 4561 1674 4614 συνεσκιάσθαι
1699 4561 1767 4613 τά
1792 4561 2077 4631 λεγόμενα.

513 4640 649 4694 υὺδέ
678 4641 785 4712 7&9
812 4642 1115 4714 ἀπῃτοῦντο
1142 4644 1239 4716 τὴν
1262 4648 1339 4710 είς
1365 4647 1453 4700 τὸν
1482 4645 1714 4718 Χριστὸν
1747 4646 1926 4698 πίστιν
1975 4645 2080 4715 πρὸ

512 4724 612 4794 τῆς
650 4724 742 4776 τοῦ
774 4726 1005 4794 Χριστοῦ
1052 4730 1368 4798 παρουσίας.
1406 4731 1561 4793 Τίνος
1591 4726 1682 4783 οῦν
1724 4730 1908 4783 ἕνεκεν
1949 4746 2081 4800 προ-

514 4808 731 4875 ελέγετο
757 4809 911 4872 τότε;
940 4811 1053 4871 ’Ὶν’,
1085 4812 1212 4865 ὅταν
1248 4814 1643 4885 παραγένηται,
1681 4813 1890 4867 οἴκοθεν
1916 4812 2079 4883 ἔχωσι

512 4893 636 4955 τοὺς
662 4891 1010 4957 διδασκάλους
1028 4892 1317 4964 ἐνάγοντας
1334 4896 1481 4968 [185]
1502 4896 1717 4962 αὐτοὺς,
1747 4900 1842 4950 καὶ
1868 4896 2079 4949 εἰδῶσιν

512 4977 592 5028 ὅτι
638 4978 698 5029 οὐ
747 4979 1063 5047 καινοτομία
1110 4979 1177 5031 τὰ
1226 4981 1502 5049 γινόμενα,
1544 4981 1664 5033 οὐδὲ
1707 4981 2014 5051 πρόσφατος
2043 4982 2077 5051 ἡ

511 5060 785 5130 οἰκονομία
806 5102 820 5124 ,
852 5061 963 5114 ἀλλ’
995 5060 1200 5115 ἄνωθεν
1230 5060 1399 5115 ταῦτα
1428 5064 1521 5115 καὶ
1548 5064 1653 5133 πρὸ
1685 5062 1891 5116 πολλῶν
1943 5080 2077 5133 προ-

511 5144 904 5214 ανεκηρύττετο
934 5144 1166 5216 χρόνων⁶
1197 5145 1256 5197 οὐ
1296 5145 1489 5216 μικρὸν
1516 5146 1572 5198 δὲ
1601 5144 1755 5198 τοῦτο
1770 5147 1847 5208 εἰς
1867 5146 1928 5198 τὸ
1955 5148 2076 5198 ἐπι-

512 5227 816 5279 σπάσασθαι
844 5227 977 5297 πρὸς
1000 5228 1096 5296 τὴν
1123 5228 1303 5280 πίστιν
1326 5227 1537 5291 αὐτούς.
1561 5230 1675 5281 Μία
1700 5228 1798 5297 μὲν
1829 5224 1919 5281 οῦν
1937 5228 2073 5300 αῦτη

509 5308 604 5378 τῆς
621 5309 883 5378 ἀσαφείας
904 5312 1070 5373 αίτία,
1096 5311 1161 5382 ἢν
1186 5312 1277 5364 καὶ
1315 5311 1403 5364 διὰ
1426 5311 1683 5364 πλειόνων
1713 5312 2074 5381 ἀπεδείξαμεν

512 5394 820 5463 μαρτυριῶν
859 5395 917 5446 ἐν
942 5397 1003 5465 τῇ
1036 5394 1275 5465 προτέρα
1303 5394 1553 5461 διαλέξει.
1569 5394 1660 5447 ’ἶν’
1685 5389 1776 5446 οὖν
1809 5394 1882 5465 μὴ
1912 5396 2072 5448 πάλιν

510 5475 652 5543 ὑμᾶς
702 5479 1002 5549 ἐνοχλῶμεν
1045 5480 1113 5533 τὰ
1156 5479 1294 5532 αὑτά
1334 5478 1601 5547 λέγοντες,
1633 5479 1924 5544 ἀναγκαῖον
1973 5480 2070 5550 μὲν

506 5557 710 5627 ταύτης
750 5563 1084 5631 ἀποστῆναι,
1129 5564 1316 5633 ἑτέραν
1338 5562 1394 5615 δὲ
1425 5565 1597 5615 εἰπεῖν
1632 5562 1729 5633 τὴν
1760 5563 1859 5616 οὐκ
1884 5565 2072 5636 ἀσαφῆ

507 5638 602 5690 καὶ
626 5638 917 5707 ἄγνωστον,
955 5643 1092 5698 ἀλλά
1114 5644 1516 5713 δυσκολωτέραν
1538 5646 1669 5714 ἡμῖν
1695 5644 1951 5698 ποιοῦσαν
1970 5645 2067 5717 τὴν

504 5719 746 5775 Παλαιὰν
799 5727 1089 5798 Διαθήκην.
1150 5729 1308 5783 ’Λλλο
1359 5730 1467 5801 γάρ
1529 5730 1642 5782 ἐστι
1705 5729 1869 5800 μηδὲν
1929 5729 2063 5792 ὅλως

504 5802 702 5860 εἰδέναι
731 5805 839 5863 τῶν
868 5810 1198 5882 ἐγκειμένων
1216 5854 1231 5882 ,
1270 5812 1363 5867 καὶ
1392 5816 1522 5886 όρᾷν
1566 5813 1826 5885 κάλυμμα
1852 5812 2060 5867 ἐπικεί-

1248 332 1308 387 5.
1346 330 1629 387 JOANNIS
1666 323 2159 386 CIIRYSOSTOMI
2196 324 2516 390 ARCHIEP.
2557 333 3102 391 CONSTANTlNOP.

3628 345 3724 401 1'18

2215 460 2393 513 μενον,
2425 449 2553 503 ἀλλο
2584 450 2640 503 δὲ
2668 451 2849 523 εὑρεῖν
2878 450 2977 523 μὲν
3002 450 3073 504 τὰ
3094 450 3363 523 λεγόμενα,
3403 453 3533 525 μετά
3575 457 3718 511 πόνου

2209 532 2264 586 δὲ
2296 536 2497 605 εὑρεῖν.

2279 623 2373 686 Τίς
2402 620 2494 679 οῦν
2515 627 2662 679 ἐστιν
2691 628 2725 697 ἡ
2748 626 2976 689 δευτέρα
3002 626 3168 693 αἰτία,
3199 627 3264 681 δι’
3290 630 3353 699 ἢν
3384 629 3728 703 δυσκολωτέρα

2208 710 2241 780 ἡ
2268 710 2479 765 Παλαιὰ
2503 713 2747 784 Διαθήκη
2771 713 2869 783 τῆς
2890 713 3031 778 Νέας
3056 714 3198 767 ἐστίν
3221 732 3235 781 ;
3258 715 3388 787 Οὐχὶ
3414 720 3477 788 τῇ
3507 720 3739 791 ἐγχωρίῳ,

2206 802 2354 869 φωνῇ
2386 799 2580 870 ἔχομεν
2627 802 2726 871 τὴν
2764 802 3006 858 Παλαιὰν
3048 802 3312 873 Διαθήκην
3341 806 3461 875 παρ’
3486 806 3605 876 ἡμῖν
3648 824 3729 872 γε·

2205 889 2529 959 γραμμένην
2549 906 2561 920 ο
2594 889 2707 942 ἀλλ’
2736 891 2903 961 ἑτέρᾳ
2934 890 3038 961 μὲν,
3062 891 3310 963 συνετέθη
3336 892 3558 964 γλώττῃ,
3587 895 3733 965 ἑτέρα

2203 976 2260 1030 δὲ
2311 977 2506 1048 ἔχομεν
2554 978 2720 1049 αὐτὴν
2769 979 3278 1050 ἀναγινωσκομένην
3319 982 3489 1051 ἡμεῖς.
3536 982 3609 1052 Τῇ
3638 984 3743 1052 γὰρ

2216 1064 2482 1136 Ἐϐραίων
2514 1069 2662 1138 φωνῇ
2694 1068 2843 1138 παρά
2872 1067 2972 1138 τὴν
3025 1067 3197 1138 ἀρχὴν
3243 1069 3560 1139 συνεγράφη,
3593 1069 3734 1139 ἡμεῖς

2200 1153 2259 1207 δὲ
2286 1155 2453 1225 αὐτὴν
2488 1159 2553 1226 τῇ
2592 1156 2855 1226 Ἑλλήνων
2887 1155 3269 1227 παρελάϐομεν,
3289 1155 3518 1227 γλώττῃ·
3552 1157 3666 1209 ὅταν
3686 1156 3741 1209 δέ
3829 1228 3832 1231 γ

2202 1240 2413 1309 γλῶττα
2449 1243 2756 1315 ἐρμηνευθῇ
2787 1246 2865 1306 είς
2892 1245 3084 1315 ἑτέραν
3111 1242 3369 1312 γλῶτταν,
3404 1242 3603 1313 πολλὴν.
3637 1242 3749 1311 ἔχει,

2200 1331 2298 1401 τὴν
2329 1331 2641 1385 δυσκολίαν.
2672 1333 2782 1385 Καὶ
2837 1331 3017 1386 ἴσασιν
3073 1331 3346 1402 ἀκριϐῶς,
3399 1331 3508 1383 ὅσοι
3549 1329 3738 1383 πολλῶν

2199 1419 2457 1488 γλωσσῶν
2482 1421 2617 1473 εἰσιν
2655 1418 2927 1491 ἔμπειροι,
2962 1418 3080 1483 πῶς
3107 1419 3167 1472 οὐ
3194 1417 3408 1471 δυνατὸν
3450 1418 3617 1471 πᾶσαν
3653 1417 3755 1488 τὴν.

2201 1510 2496 1579 σαφήνειαν
2533 1510 2633 1579 τῆς
2667 1510 2848 1580 φωνῆς
2886 1510 2986 1580 τῆς
3017 1511 3075 1561 ἐν
3103 1510 3169 1579 τῇ
3200 1507 3369 1576 οἰκείᾳ
3397 1505 3548 1574 φύσει
3570 1507 3741 1576 κειμέ-

2197 1614 2293 1667 νης
2319 1600 2662 1668 μετενεγκεῖν
2682 1599 2762 1661 είς
2785 1597 2881 1668 τὴν
2910 1596 3100 1669 ἑτέραν
3140 1594 3555 1666 μεταϐάλλοντας
3591 1594 3742 1662 γλῶσο

2198 1702 2317 1744 σάν.
2342 1684 2512 1739 Τοῦτο
2533 1683 2624 1740 οὖν
2642 1687 2812 1741 αἴτιον
2830 1688 2931 1756 τῆς
2955 1683 3237 1747 δυσκολίας
3262 1684 3355 1752 τῆς
3374 1685 3429 1735 ἑν
3459 1685 3523 1753 τῇ
3552 1682 3744 1751 Παλαιᾷ

2194 1775 2436 1848 Διαθήκῃ
2454 1775 2782 1848 γέγονε.Πρδ
2802 1774 2909 1846 γὰρ
2923 1772 3246 1844 τριακοσίων
3262 1770 3394 1823 ἐτῶν
3412 1769 3507 1838 τῆς
3523 1770 3610 1822 τοῦ
3624 1771 3744 1840 Χρι-

2196 1863 2321 1916 στοῦ
2351 1864 2673 1934 παρουσίας,
2710 1863 2802 1916 ἐπὶ
2830 1862 3177 1932 ,Πτολεμαίου
3230 1859 3323 1913 τοῦ
3365 1857 3613 1927 βασιλέως
3645 1858 3745 1911 τῶν

2193 1951 2529 2019 Αἰγυπτίων,
2562 1951 2697 2022 πρὸς
2725 1951 2821 2022 τὴν
2862 1950 3085 2003 Ἐλλάδα
3120 1947 3418 2021 μετηνέχθη
3450 1948 3684 2016 γλῶσσαν
3711 1949 3753 2019 ἡκ

2194 2040 2406 2094 Παλαιά
2450 2040 2715 2111 Διαθήκη,
2758 2039 3042 2112 χρησίμως
3082 2039 3285 2110 σφόδρα
3312 2037 3404 2090 καὶ
3436 2035 3739 2104 ἀναγκαίως.

2195 2130 2342 2194 Ἕως
2390 2131 2492 2200 μὲν
2530 2129 2638 2201 γὰρ
2691 2130 2772 2183 ἑνὶ
2821 2130 2962 2184 ἔθνει
3008 2129 3117 2182 τῶν
3167 2127 3435 2181 Ἰουδαίων
3474 2126 3740 2193 διελέγετο,

2192 2216 2382 2288 ἔμενεν
2410 2217 2469 2269 ἐν
2496 2220 2571 2288 τῇ
2595 2216 2833 2287 Ἐϐραΐδι
2866 2218 3038 2288 φωνῇ.
3060 2214 3250 2282 Οὐδεὶς
3271 2214 3376 2287 7&9
3405 2214 3522 2268 τότε
3542 2212 3744 2284 ἔμελλεν

2192 2309 2329 2379 αὐτῇ
2383 2307 2709 2378 προσέχειν,
2752 2306 2846 2359 τοῦ
2891 2305 3080 2359 λοιποῦ
3107 2304 3222 2359 τῶν
3250 2302 3547 2377 ἀνθρώπων
3574 2302 3745 2372 γένους

2193 2398 2271 2458 εἰς
2291 2395 2581 2467 θηριωδίαν
2603 2395 2838 2465 ἐσχάτην
2864 2393 3211 2464 ἑληλακότος.
3246 2391 3459 2462 Ἐπειδὴ
3474 2390 3529 2443 δὲ
3542 2389 3758 2459 ἔμελλεν.

2190 2488 2219 2540 ό
2246 2487 2479 2556 Χριστὸς
2509 2484 2929 2557 παραγίνεσθαι,
2977 2485 3069 2537 καὶ
3097 2485 3202 2554 τὴν
3236 2483 3553 2554 οἰκουμένην
3581 2482 3744 2534 πᾶσαν

2192 2578 2328 2648 πρὸς
2362 2576 2553 2630 ἑαυτὸν
2586 2576 2791 2639 καλεῖν,
2824 2575 2945 2644 οὐχὶ
2969 2575 3056 2627 διὰ
3093 2576 3207 2627 τῶν
3232 2573 3540 2627 ἀποστόλων
3579 2571 3741 2641 μόνον,

2191 2662 2327 2717 ἀλλά
2363 2665 2457 2718 καὶ
2488 2663 2575 2717 διὰ
2604 2662 2713 2716 τῶν
2737 2662 3029 2733 προφητῶν
3065 2662 3181 2731 (καὶ
3210 2661 3320 2732 7&9
3354 2663 3588 2714 κάκεῖνοι
3623 2657 3744 2729 πρὸς

2190 2751 2287 2823 τὴν
2326 2752 2506 2805 πίστιν
2527 2751 2672 2821 ἡμᾶς
2699 2749 3093 2822 χειραγωγοῦσι
3121 2748 3226 2819 τῆς
3248 2746 3345 2801 τοῦ
3372 2745 3600 2818 Χριστοῦ
3620 2744 3746 2812 γνώ-

2194 2842 2373 2914 σεως),
2400 2841 2701 2913 τηνικαῦτα
2724 2840 2907 2894 λοιπὸν
2927 2840 3167 2911 ὡσπερεί
3191 2857 3343 2904 τινας
3360 2850 3387 2878 ⁸
3418 2837 3641 2899 εἰσόδους
3661 2835 3747 2888 καὶ

2188 2930 2339 2993 ὁδοὺς
2364 2930 2461 2991 τὰς
2488 2929 2843 3000 προφητείας,
2874 2928 3133 3000 πρότερον
3161 2926 3662 2995 ἀποκεκλεισμένας
3685 2925 3744 2992 τῇ

2188 3022 2289 3091 τῆς
2342 3019 2589 3091 γλώττης
2642 3020 2910 3090 ἀσαφείᾳ,
2960 3019 3228 3073 πάντοθεν
3286 3017 3565 3088 ἀνοιγῆναι
3622 3030 3747 3084 παρ-

2189 3110 2457 3167 εσκεύασε,
2498 3110 2584 3163 διὰ
2618 3110 2716 3179 τῆς
2749 3108 3064 3180 ἑρμηνείας,
3092 3110 3181 3162 ἵνα
3235 3110 3437 3171 πάντες
3475 3108 3523 3160 οἱ
3552 3108 3613 3159 ἐκ
3651 3102 3750 3157 τῶν

2188 3200 2357 3257 ἐθνῶν
2389 3199 2721 3270 πανταχόθεν
2750 3198 3085 3271 συρρέοντες,
3134 3198 3234 3251 καὶ
3267 3197 3407 3270 μετὰ
3439 3195 3629 3265 πολλῆς
3657 3192 3746 3262 τῆς

2187 3291 2435 3353 εὐκολίας
2461 3290 2665 3353 ταύτας
2691 3288 2964 3351 ὁδεύοντες
3003 3288 3101 3352 τὰς
3132 3288 3291 3352 ὁδοὺς
3320 3328 3335 3351 ,
3374 3287 3442 3342 δι’
3469 3284 3642 3339 αὐτῶν
3667 3282 3750 3335 δυ-

2185 3382 2390 3453 νηθῶσι
2417 3382 2551 3452 πρὸς
2583 3382 2673 3433 τὸν
2705 3379 2925 3451 βασιλέα
2952 3378 3061 3433 τῶν
3090 3379 3398 3449 προφητῶν
3434 3377 3627 3440 ἐλθεῖν,
3665 3372 3754 3427 καὶ

2188 3469 2561 3540 προσκυνῆσαι
2593 3466 2670 3538 τῷ
2700 3469 2978 3538 μονογενεῖ
3005 3464 3100 3519 τοῦ
3125 3466 3273 3519 Θεοῦ
3306 3465 3444 3536 Υίῷ.
3480 3464 3577 3517 Διά
3610 3460 3757 3515 τοῦτο

2185 3559 2291 3629 πρό
2306 3574 2371 3626 γε
2398 3556 2492 3610 τοῦ
2518 3555 2710 3629 χρόνου
2737 3556 2836 3625 τῆς
2871 3554 3173 3626 παρουσίας
3199 3555 3307 3609 τοῦ
3332 3554 3567 3625 Χριστοῦ
3590 3555 3756 3623 ἡρμη-

2183 3645 2451 3716 νεύθησαν
2498 3643 2742 3698 ἅπασαιο
2776 3644 2899 3696 ἐπεὶ
2953 3645 3002 3696 εί
3050 3643 3250 3713 ἔμενον
3300 3644 3361 3697 ἐν
3405 3645 3471 3715 τῇ
3527 3638 3753 3713 Ἐϐραΐδι

2183 3733 2447 3804 διαλέκτῳ
2490 3733 2646 3803 μόνον
2676 3772 2692 3797 ,
2723 3731 2875 3800 ἔλεγε
2933 3730 2991 3785 δὲ
3017 3732 3045 3784 6
3090 3730 3261 3786 Δαυῖδ
3290 3771 3306 3796 ,
3333 3733 3586 3799 Αἴτησαι
3628 3731 3754 3798 παρ’

2182 3817 2350 3891 ἐμοῦ,
2392 3822 2489 3875 καὶ
2522 3819 2692 3874 δώσω
2727 3833 2827 3873 σοι
2859 3819 3003 3888 ἔθνη
3038 3820 3151 3888 τὴν
3176 3820 3593 3889 κληρονομίαν
3622 3831 3750 3877 σου,

2182 3910 2281 3963 καὶ
2298 3909 2412 3979 τὴν
2430 3908 2801 3978 κατάσχεσιν
2816 3923 2931 3962 σου
2958 3907 3031 3961 τὰ
3045 3906 3278 3976 πέρατα
3298 3908 3414 3975 τῆς
3440 3905 3575 3977 γῆς,
3599 3904 3754 3958 πόθεν

2183 3998 2401 4071 ἔμελλεν
2430 3998 2623 4052 εἰδέναι
2658 3998 2719 4051 τὸ
2752 3997 3039 4069 λεγόμενον
3069 4000 3098 4050 ὁ
3125 3997 3325 4067 Σύρος,
3363 3999 3409 4069 ἢ,
3428 3998 3459 4049 ό
3485 3997 3748 4067 Γαλάτης.

2180 4086 2215 4158 ἦ
2242 4089 2271 4140 ό
2296 4083 2579 4149 Μακεδὼν,
2599 4084 2633 4154 ἢ
2659 4085 2688 4137 6
2723 4084 3020 4154 Ἀθηναῖος,
3040 4085 3097 4138 ἐν
3112 4084 3360 4158 ἀσαφείᾳ
3385 4085 3652 4157 μενούσης
3665 4086 3755 4155 τῆς

2181 4176 2434 4247 Γραφῆς;
2477 4176 2649 4229 Πάλιν
2676 4177 2704 4228 6
2739 4172 2965 4236 Ἡσαΐας
3005 4172 3153 4226 ἐϐόα’
3197 4173 3301 4240 Ὠς
3339 4177 3639 4243 πρόϐατον
3661 4173 3752 4225 ἐπὶ

2181 4264 2428 4334 σφαγὴν
2456 4262 2634 4334 ἢχθη,
2690 4260 2839 4335 [184]
2880 4261 2980 4315 καὶ
3002 4262 3083 4328 ὡς
3111 4262 3308 4331 ἀμνὸς
3344 4264 3630 4318 ἐναντίον
3656 4259 3756 4315 τοῦ

2179 4354 2483 4419 κείροντος
2522 4352 2708 4406 αὑτὸν
2749 4349 3005 4420 ἄφωνος.
3058 4351 3169 4403 Καὶ
3221 4352 3428 4406 πάλιν·
3477 4353 3685 4406 Ἔσται
3718 4350 3754 4417 ή

2171 4440 2306 4509 ῥίζα
2330 4442 2437 4495 τοῦ
2466 4439 2704 4501 Ἰεσσαὶ,
2725 4439 2823 4492 καὶ
2843 4442 2876 4493 ό
2890 4439 3294 4509 ἀνιστάμενος
3316 4440 3533 4508 ἄρχειν
3549 4435 3751 4493 ἐθνῶν·

2178 4528 2271 4582 ἐπ’
2297 4527 2456 4594 αὐτῷ
2482 4528 2625 4596 ἔθνη
2646 4527 2943 4582 ἐλπιοῦσι.
2970 4526 3073 4582 Καὶ
3101 4527 3264 4583 πάλιν
3286 4546 3302 4560 ·
3334 4527 3777 4596 Πλησθήσεται.

2178 4616 2217 4683 ἡ
2238 4615 2311 4685 τῆ
2339 4617 2444 4670 τοῦ
2472 4615 2693 4686 γνῶναι
2720 4616 2828 4669 τὸν
2851 4617 3088 4684 Κύριον,
3104 4617 3186 4682 ὡς
3211 4616 3377 4684 ὕδωρ
3396 4616 3560 4670 πολὺ
3587 4629 3758 4668 κατα-

2179 4706 2447 4772 καλύψαι
2484 4703 2820 4770 θαλάσσας.
2868 4704 2978 4757 Καὶ
3019 4706 3048 4755 6
3094 4702 3256 4757 Δαυῖδ
3303 4704 3480 4758 πάλιν
3527 4703 3711 4772 ἔλεγεν
3740 4716 3756 4731 ·

2192 4793 2386 4860 Ἀνέϐη
2446 4796 2479 4847 δ
2530 4794 2674 4859 Θεὸς
2716 4793 2787 4846 ὲν
2821 4790 3166 4863 ἀλαλαγμῷ,
3207 4794 3435 4862 Κύριος
3471 4794 3544 4846 ὲν
3593 4787 3758 4861 φωνῇ

2177 4880 2509 4949 σάλπιγγος
2526 4899 2540 4913 ’
2576 4882 2671 4934 καὶ
2693 4882 2855 4934 πάλιν
2877 4897 2891 4910 ·
2924 4877 3107 4934 Εἶπεν
3138 4882 3171 4934 ὀ
3212 4882 3439 4948 Κύριος
3463 4879 3548 4946 τῷ
3573 4879 3766 4947 Κυρίῳ

2170 4988 2289 5040 μου
2308 4989 2320 5002 ·
2338 4970 2536 5025 Κάθου
2564 4971 2631 5024 ἐκ
2657 4969 2869 5034 δεξιῶν
2883 4988 3022 5039 μου,
3038 4969 3148 5035 ἕως
3160 4972 3321 5028 ἂνθῶ
3341 4970 3494 5036 τοὺς
3511 4967 3761 5042 ὲχᾷρούς

2175 5076 2291 5115 σου
2329 5059 2659 5115 ὑποπόδιον
2682 5058 2801 5112 τῶν
2821 5058 3022 5113 ποδῶν
3053 5074 3190 5115 σου.

2243 5197 2311 5265 γ’.
2366 5193 2519 5249 Ἐπεὶ
2551 5185 2642 5245 οὖν
2676 5192 2769 5245 καὶ
2794 5190 2920 5263 περὶ
2947 5190 3041 5242 τοῦ
3073 5188 3296 5252 πάθους,
3336 5190 3440 5243 καὶ
3490 5188 3623 5254 περὶ
3663 5186 3761 5254 τῆς

2173 5287 2538 5348 ἀναστάσεως,
2580 5284 2673 5337 καὶ
2708 5282 2836 5353 περὶ
2877 5281 2973 5352 τῆς
2999 5280 3336 5351 ἀναλήψεως,
3371 5280 3475 5332 καὶ
3511 5279 3643 5349 περὶ
3670 5276 3765 5345 τῆς

2171 5366 2236 5429 ὲκ
2280 5374 2467 5441 δεξιῶν
2511 5372 2796 5444 καθέδρας,
2836 5370 2930 5423 καὶ
2971 5370 3100 5439 περὶ
3147 5369 3247 5438 τῆς
3286 5368 3562 5438 δευτέρας
3600 5361 3764 5418 αὑτοῦ

2170 5464 2487 5537 παρουσίας.
2504 5462 2603 5515 καὶ
2631 5461 2757 5531 περὶ
2789 5458 3004 5511 πάντων
3023 5456 3224 5510 τούτων
3251 5454 3446 5519 ἁπλῶς
3465 5454 3582 5507 τῶν
3610 5454 3669 5506 ἐν
3700 5450 3769 5520 τῇ

2230 5628 2256 5657 ⁸
2284 5628 2382 5677 Alii
2406 5628 2567 5687 ὥσπερ
2600 5624 2677 5692 ,εἷς
2716 5640 2855 5692 τινας.
2884 5620 3035 5692 δενίί.
3084 5619 3286 5683 ὡσπερεί
3312 5617 3783 5692 τινας.ιρπθηᾴιιηὶ

2166 5696 2322 5752 putat,
2346 5696 2397 5752 el
2421 5683 2574 5752 [plth
2600 5686 2755 5752 locum
2791 5685 2862 5733 sic
2893 5686 3172 5752 restiti-Igna-
3193 5686 3423 5752 cgnatg‘r.
3458 5683 3675 5739 ὠσπεςεί
3702 5692 3777 5752 τις

2162 5740 2241 5806 νας
2264 5740 2401 5804 ὁδοὺς
2439 5748 2834 5808 ἐμπεφραγμένας,
2859 5753 2943 5796 aut
2979 5743 3097 5807 quid
3132 5742 3309 5793 simile.
3338 5740 3455 5803 Ego
3505 5756 3632 5789 vom
3656 5745 3785 5798 μυιο,

2162 5815 2321 5864 locum
2352 5811 2481 5863 bene
2503 5809 2707 5859 habere.
