3992 6300
304 302 398 357 ΓΠ

302 415 435 480 dam,
467 414 517 471 in
546 415 728 471 Veteri
754 416 1098 473 Testamento
1125 419 1355 486 reposita
1390 419 1583 487 erant).
1620 420 1858 475 velamen

303 509 535 573 habebat,
561 510 687 564 dum
720 511 825 565 illis
849 512 1061 581 quidem
1086 527 1144 567 se
1171 513 1574 581 attemperabat,
1601 514 1751 567 nobis
1770 529 1865 567 au-

303 612 400 655 tem
424 601 627 656 divitias
654 618 841 659 omnes
871 605 1194 669 reservabat,
1218 616 1271 659 ut
1298 621 1417 660 cum
1445 605 1685 662 Ghristus
1705 607 1845 660 adve

1246 304 1335 360 ne
1376 303 1902 362 PROPIIETIARUM
1943 306 2430 368 osseumrne.
2478 284 2567 370 tt.'

3435 328 3540 389 178

1971 436 2129 477 mone
2154 422 2653 484 demonstravimus.
2697 430 2773 487 Ne
2800 448 2929 488 vero
2958 434 3219 494 fastidium
3244 441 3394 498 vobis
3422 460 3540 501 rur-

1968 527 2059 567 sus
2089 515 2370 580 pariamus,
2393 520 2441 570 si
2470 519 2655 573 eadem
2685 521 2945 590 dicamus,
2976 541 3152 597 operte
3181 543 3403 600 pretium
3431 534 3535 591 fue-

1966 603 2035 693 rit
2066 604 2134 659 ab
2162 622 2222 660 ea
2248 607 2539 675 discedere,
2571 622 2728 682 atque
2752 616 2970 672 alteram
2998 621 3253 689 proferre,
3282 642 3398 693 quae
3428 644 3534 686 non

299 694 444 755 nerit,
472 702 524 747 et
543 691 608 746 ad
635 695 808 763 ipsum
829 710 927 749 nos
956 697 1395 760 converterimus,
1427 699 1666 753 velamen
1712 698 1863 751 tolla-
1962 692 2069 761 jam
2098 696 2378 752 obscurum
2404 711 2459 755 et
2487 702 2719 771 ignotum
2746 746 2761 769 ,
2788 707 2884 761 sed
2923 708 3191 767 difllcilius
3217 691 3531 772 Testamen-

299 796 395 838 llll'.
426 784 626 840 Videtis
673 803 802 857 ergo
848 788 901 843 in
944 798 1195 859 quantam
1238 804 1336 844 nos
1377 789 1634 844 adventus
1663 788 1857 845 Christi

298 878 581 945 provexerit
628 879 956 949 dignitatem,
1010 882 1097 952 qui
1142 881 1336 953 Moysis
1379 883 1430 936 in
1478 884 1716 938 ordinem
1763 900 1858 938 nos

299 969 541 1023 erexerit.
588 970 657 1023 At
700 969 925 1026 fortasse
968 973 1108 1028 dicet
1153 974 1390 1043 aliquis:
1426 972 1533 1027 Cur
1560 973 1719 1043 igitur
1747 986 1853 1028 tum

298 1058 536 1126 temporis
558 1058 871 1115 dicebantur
898 1060 1008 1129 illa,
1051 1062 1095 1117 si
1140 1063 1419 1117 manifesta
1464 1079 1568 1117 non
1599 1075 1746 1117 erant
1777 1063 1858 1117 fu—

295 1161 402 1201 tura
427 1166 539 1217 quae
577 1150 924 1207 dicebantur?
951 1153 1016 1209 Ut
1041 1156 1269 1224 posteris
1305 1156 1551 1211 nimirum
1584 1158 1727 1211 utilia
1762 1158 1855 1212 fie-

296 1252 423 1294 rent.
455 1241 573 1296 lla‘c
609 1245 753 1297 enim
784 1254 868 1300 est
910 1245 1133 1316 dignitas
1160 1248 1472 1317 prophetite,
1517 1264 1620 1302 non
1664 1258 1719 1302 ut
1766 1264 1852 1303 res

294 1343 567 1401 prmsentes
591 1333 888 1400 denuntiet,
921 1336 1012 1391 sed
1042 1347 1098 1391 ut
1126 1337 1325 1392 futuras
1354 1340 1690 1408 prmnuntiet.
1725 1338 1853 1392 Pro-

294 1426 462 1493 phetia
487 1440 644 1495 porro
673 1442 793 1480 cum
823 1428 1027 1483 occulte
1053 1428 1254 1498 prolata
1304 1428 1482 1495 fuerit,
1514 1438 1633 1500 post
1670 1445 1847 1485 rerum

294 1527 524 1574 eventum
554 1517 613 1572 ﬁt
638 1519 989 1585 manifestior,
1027 1531 1150 1576 ante
1179 1532 1427 1576 eventum
1454 1538 1580 1577 vero
1606 1522 1843 1577 minime.

294 1608 465 1679 Itaque
501 1611 621 1679 quia
668 1619 779 1666 tum
817 1612 1044 1669 obscure
1083 1614 1410 1680 dicebantur,
1442 1615 1630 1683 ignoue
1654 1624 1845 1669 erant:

292 1718 410 1757 cum
424 1713 586 1758 autem
604 1718 691 1760 res
706 1705 1053 1775 contigerant,
1072 1715 1347 1775 propterea
1366 1707 1640 1761 manifeSIa
1669 1716 1843 1771 erant,

292 1810 409 1864 quae
442 1794 572 1849 dicta
598 1793 830 1849 fuerant.
871 1798 1043 1865 Atque
1072 1804 1130 1850 ut
1156 1796 1489 1867 prophetiam
1516 1797 1842 1867 intelligatis,

291 1887 414 1942 licet
437 1888 591 1941 multo
617 1898 740 1943 ante
768 1898 1005 1958 tempore
1028 1889 1167 1944 dicta
1195 1891 1283 1955 sit,
1310 1890 1403 1944 sed
1434 1900 1606 1944 tamen
1637 1891 1845 1947 occulte

292 1978 444 2042 dicta,
469 1979 742 2033 obscuram
774 1994 914 2044 esse,
938 1995 1000 2034 ae
1025 1995 1200 2034 rerum
1231 1990 1478 2035 eventum
1509 1992 1837 2051 exspectare,

294 2070 647 2139 discipulorum
683 2070 922 2141 ipsorum
959 2071 1010 2125 id
1040 2072 1284 2141 exemplo
1309 2074 1687 2142 comprobabo.
1724 2074 1845 2129 Sol-

294 2164 387 2216 uite
404 2164 622 2234 templum
645 2164 740 2218 hoc
762 2162 937 2229 (Joau.
960 2164 1013 2218 2.
1037 2164 1147 2236 l9),
1169 2166 1344 2221 aiebat
1363 2164 1605 2220 Christus
1621 2166 1837 2220 Judzeis.

294 2253 416 2308 Nam
444 2270 552 2310 cum
576 2270 670 2311 eos
698 2256 967 2325 eiecisset,
998 2256 1088 2328 qui
1126 2258 1485 2326 negotiatione
1524 2275 1616 2313 sua
1660 2260 1839 2328 templi

292 2347 598 2401 sanctitatem
647 2348 929 2413 violarant,
979 2348 1231 2403 dixerunt
1280 2350 1352 2403 illi
1393 2368 1406 2404 :
1453 2350 1599 2416 Quod
1641 2350 1840 2419 signum

290 2439 491 2493 ostendis
526 2440 684 2502 nobis,
732 2440 851 2508 quia
892 2441 997 2494 hac
1035 2441 1161 2509 fucis
1184 2438 1343 2508 (Ibid.
1376 2457 1423 2494 υ.
1457 2441 1585 2508 18)?
1610 2441 1742 2496 Tum
1771 2442 1836 2495 ad

292 2528 390 2583 hoc
414 2529 714 2600 respondet:
742 2531 935 2587 Soluite
954 2533 1193 2601 templum
1216 2532 1331 2598 hoc,
1355 2544 1400 2587 et
1423 2534 1475 2586 in
1494 2534 1646 2587 tribus
1667 2534 1837 2587 diebus

290 2624 495 2677 excitabo
517 2624 665 2678 illud.
694 2624 795 2678 Ille
818 2634 985 2679 autem
1007 2625 1197 2679 dicebat
1217 2625 1280 2678 de
1309 2626 1493 2694 templo
1515 2627 1740 2695 corporis
1759 2627 1836 2680 sui

294 2712 437 2785 (Ibid.
464 2730 506 2769 υ.
527 2715 639 2785 2|).
671 2715 784 2771 Hoc
803 2724 979 2771 autem
1001 2716 1273 2787 prophetia
1301 2716 1540 2787 quaedam
1569 2726 1683 2771 est:
1706 2733 1839 2771 non-

292 2803 411 2859 dum
433 2806 607 2876 quippe
631 2821 761 2861 crux
791 2815 1060 2872 evenerat,
1092 2823 1262 2878 neque
1292 2809 1474 2878 templi
1502 2809 1718 2874 solutio,
1742 2824 1836 2864 ne—

293 2913 391 2965 que
413 2908 511 2967 post
534 2909 637 2954 tres
662 2899 777 2955 dies
806 2902 1141 2966 resurrectio,
1172 2917 1330 2972 quam
1360 2902 1473 2971 ipse
1502 2901 1641 2957 fecit.
1666 2903 1743 2956 Ae
1759 2903 1837 2956 vi-

297 2987 366 3041 de
392 3004 518 3057 quam
542 3000 726 3046 exacte
748 3002 970 3063 utraque
996 2993 1302 3063 designarit,
1332 3002 1385 3048 et
1414 2994 1623 3048 illorum
1660 2995 1831 3049 audax

297 3079 494 3146 facinus,
518 3093 566 3137 et
591 3099 739 3138 suam
787 3086 951 3155 ipsius
978 3086 1241 3140 virtutem.
1275 3085 1389 3141 Non
1421 3095 1593 3140 tamen
1622 3102 1682 3141 ea
1709 3102 1831 3156 quae

295 3170 569 3229 dicebantur
592 3185 938 3246 agnoverunt.
964 3177 1038 3232 Ac
1062 3176 1275 3232 Judzeos
1296 3178 1510 3245 quidem
1535 3178 1825 3247 ignorasse,

294 3264 484 3319 minime
510 3268 725 3321 mirum:
750 3276 805 3320 at
852 3283 921 3322 ne
960 3267 1249 3338 discipulos
1277 3269 1486 3338 quidem
1528 3269 1643 3338 ejus
1674 3270 1830 3323 intel-

298 3355 464 3411 lexisse
490 3356 626 3422 dicit,
656 3372 937 3428 quousque
964 3372 992 3413 a
1022 3362 1244 3415 mortuis
1268 3362 1575 3425 resurrexit,
1611 3371 1827 3431 tumque

296 3445 581 3503 Crediderunt
622 3450 908 3521 Scriptum
945 3468 1005 3506 ac
1043 3454 1281 3521 mutaui,
1325 3470 1468 3525 quem
1512 3454 1638 3507 dixit
1676 3452 1827 3508 Iesus

296 3537 428 3604 \Ibid.
448 3558 490 3594 υ.
515 3542 624 3611 22).

353 3629 397 3683 2.
432 3632 576 3688 Vides
612 3644 806 3689 eventu
849 3635 968 3690 illos
1006 3635 1291 3707 indiguisse
1322 3653 1520 3699 rerum,
1549 3646 1605 3690 ut
1634 3635 1819 3689 diluci-

295 3720 390 3775 dior
407 3723 539 3779 ﬁeret
572 3727 871 3797 prophetia,
896 3743 1064 3797 neque
1087 3728 1293 3783 crimini
1323 3728 1631 3782 vertendum
1662 3728 1823 3782 fuisse

295 3812 477 3879 Judaais,
512 3819 647 3887 quod
685 3819 992 3889 prephetias
1019 3820 1133 3874 illas
1153 3820 1221 3875 de
1245 3820 1455 3875 Christo
1483 3832 1602 3875 ante
1627 3821 1821 3875 Christi

295 3906 535 3962 adventum
559 3925 659 3963 non
688 3910 1042 3981 intelligerent
1057 3912 1079 3964 ?
1094 3911 1361 3980 Siquidem
1386 3928 1476 3980 per
1496 3913 1610 3980 ejus
1626 3912 1823 3966 adven-

296 4004 383 4050 tum
423 4001 563 4055 clara:
605 4001 895 4056 reddenda:
933 4002 1139 4057 fuerant
1163 4014 1216 4058 et
1251 4014 1467 4073 aperte.
1500 4006 1633 4058 Audi
1669 4004 1824 4059 Chri-

291 4096 405 4141 stum
448 4091 541 4145 hoe
589 4092 898 4147 dicentem:
943 4092 1004 4148 Si
1050 4111 1148 4147 non
1188 4096 1459 4159 uenissem,
1501 4105 1545 4148 et
1586 4094 1823 4158 loquutus

291 4176 461 4245 fuissem
507 4181 593 4244 eis,
639 4191 901 4249 peccatum
949 4199 1051 4237 non
1097 4183 1334 4239 haberent
1363 4184 1539 4253 (Joan.
1584 4186 1672 4240 15.
1704 4185 1823 4256 2|).

290 4266 431 4332 Quare
470 4282 737 4338 peccaturo
779 4286 886 4326 non
917 4272 1199 4340 habebant,
1230 4275 1274 4328 si
1303 4275 1592 4344 prephetin:
1627 4277 1821 4344 prtedi-

286 4372 441 4415 xerant
459 4364 479 4415 ?
498 4364 625 4431 Quia
650 4364 1003 4433 praedixerant
1024 4366 1253 4435 quidem,
1279 4366 1373 4421 sed
1405 4367 1694 4422 manifesta:
1715 4384 1821 4423 non

282 4468 406 4510 erant
432 4474 595 4528 neque
620 4460 781 4514 clara:
804 4469 927 4515 ante
955 4460 1092 4515 illius
1116 4460 1400 4514 adventum
1424 4462 1510 4531 qui
1543 4460 1822 4530 praedictus

281 4547 442 4604 fuerat.
474 4550 603 4605 Nam
643 4553 687 4607 si
720 4562 832 4606 tum
875 4567 1083 4621 quoque
1123 4552 1414 4606 manifesta:
1455 4552 1557 4606 illis
1586 4562 1640 4605 et
1667 4553 1819 4607 clara:

278 4638 489 4707 fuissent,
518 4642 655 4696 haud
684 4642 905 4697 dubium
931 4644 1057 4713 quin
1092 4640 1250 4697 etiam
1276 4652 1401 4698 ante
1428 4644 1593 4712 ipsius
1619 4644 1820 4699 adven-

277 4744 365 4788 tum
408 4746 674 4803 peccatum
732 4736 1086 4792 habuissent:
1139 4736 1278 4807 quod
1317 4736 1359 4789 si
1398 4746 1673 4807 peccatum
1715 4753 1819 4792 non

274 4826 580 4894 habuerunt,
606 4829 823 4884 dubium
853 4844 958 4884 non
984 4838 1096 4894 est,
1127 4831 1250 4899 quin
1276 4838 1493 4899 propter
1518 4845 1697 4883 earum
1726 4830 1821 4883 ob-

272 4920 572 4982 scuritatem,
601 4929 653 4974 et
684 4920 934 4990 quoniam
957 4918 1165 4973 obtecta
1195 4917 1401 4972 fuerant
1426 4934 1543 4987 qua:
1569 4918 1812 4973 dicebano

272 5020 358 5063 tur.
381 5008 556 5079 Neque
575 5011 713 5065 enim
740 5020 866 5065 ante
884 5010 1081 5065 Christi
1111 5010 1394 5063 adventum
1422 5010 1558 5065 ﬁdes
1584 5012 1635 5063 in
1667 5010 1821 5063 Citri-

269 5115 393 5156 stum
420 5102 484 5155 ab
507 5103 609 5158 illis
629 5103 961 5172 exigebatur.
992 5101 1099 5156 Cur
1138 5102 1316 5171 itaque
1350 5109 1460 5156 tum
1494 5102 1818 5170 praediceba-

270 5195 390 5249 tur?
413 5193 477 5250 Ut
501 5211 615 5251 cum
643 5196 985 5260 advenisset,
1015 5195 1337 5250 domesticos
1378 5193 1625 5248 doctores
1656 5194 1819 5247 habe-

269 5298 373 5342 rent
394 5302 420 5341 a
442 5289 625 5357 quibus
646 5288 1017 5354 incitarentur,
1035 5295 1090 5342 et
1112 5286 1466 5356 intelligerent
1491 5301 1601 5338 rem
1630 5299 1817 5338 novam

266 5396 358 5435 non
389 5393 502 5435 esse
528 5395 643 5450 quze
677 5379 1022 5449 gerebantur,
1051 5393 1224 5448 neque
1250 5386 1520 5433 recentem
1546 5376 1820 5447 dispensa-

266 5472 460 5531 tionem,
489 5471 580 5525 sed
629 5472 748 5526 haec
785 5469 914 5524 olim
951 5477 1005 5524 et
1045 5478 1169 5523 ante
1210 5470 1403 5523 multos
1447 5482 1617 5522 annos
1656 5467 1817 5520 fuisse

266 5570 582 5631 preuuuuata
611 5579 627 5615 :
657 5562 711 5615 id
740 5560 885 5631 quod
911 5575 1015 5614 non
1056 5559 1391 5614 mediocriter
1416 5558 1580 5611 valuit
1604 5556 1668 5610 ad
1697 5558 1817 5610 illos

261 5652 476 5709 adlidem
506 5653 841 5709 alliciendos.
864 5652 991 5708 Haec
1007 5652 1163 5721 igitur
1193 5666 1294 5704 una
1322 5658 1406 5706 est
1432 5663 1590 5703 causa
1619 5648 1815 5703 obscu—

263 5747 409 5804 ritatis
431 5790 444 5815 ,
471 5764 626 5819 quam
656 5746 902 5818 pluribus
926 5745 1241 5800 testimoniis
1278 5745 1332 5799 in
1361 5741 1677 5815 praecedenti
1701 5756 1817 5797 ser-.

1966 796 2073 840 tum
2102 786 2265 843 Vetus
2292 790 2472 846 efﬁcit.
2501 793 2655 847 Aliud
2678 797 2819 851 enim
2840 808 2921 852 est
2945 801 3073 855 nihil
3101 806 3317 859 omnino
3345 824 3527 863 eorum

1962 893 2119 933 nosse
2140 921 2155 945 ,
2196 896 2312 951 qua:
2339 883 2546 949 insunt,
2575 894 2629 940 et
2652 888 2889 943 velamen
2933 891 3233 962 impositum
3263 913 3483 954 cernere
3513 920 3525 955 :

1960 969 2100 1022 aliud
2130 982 2307 1027 autem
2334 974 2575 1032 invenire
2609 993 2728 1047 qua:
2755 980 3003 1038 dicuntur
3024 1020 3041 1050 ,
3079 986 3170 1040 sed
3197 1004 3319 1042 cum
3348 990 3531 1047 labore

1959 1074 2214 1116 Invenire.

2028 1151 2261 1206 Secunda
2302 1171 2455 1210 causa
2501 1157 2812 1215 obscuritatis
2864 1160 3053 1218 Veteris
3090 1163 3414 1223 Testamenti.
3456 1199 3527 1210 —

1955 1245 2205 1312 Qumnam
2234 1248 2394 1317 igitur
2418 1260 2501 1304 est
2526 1255 2754 1307 secunda
2783 1270 2965 1319 causa,
2999 1271 3211 1326 promer
3237 1276 3391 1328 quam
3422 1262 3525 1315 dif-

1955 1338 2142 1393 ﬁcilius
2188 1340 2347 1395 Vetus
2381 1352 2462 1396 est
2499 1344 2899 1400 Testamentum
2942 1364 3097 1418 quam
3139 1350 3376 1406 Novum?
3406 1355 3519 1408 Non

1954 1427 2209 1484 habemus
2242 1434 2421 1487 nativo
2466 1445 2647 1489 nostro
2687 1438 2934 1493 idiomate
2971 1442 3222 1509 scriptum
3255 1445 3392 1513 apttd
3424 1461 3521 1501 nos

1953 1520 2115 1575 Vetus
2145 1524 2571 1581 Testamentum:
2602 1527 2695 1583 sed
2725 1530 2823 1583 alia
2850 1532 3062 1600 quidem
3093 1533 3267 1603 lingua
3305 1552 3519 1606 compo-

1950 1613 2107 1667 situm
2155 1625 2257 1681 est,
2302 1617 2405 1671 alia
2444 1634 2572 1673 vero
2603 1636 2697 1673 nos
2738 1622 2861 1675 illud
2906 1623 3181 1693 legendum
3224 1627 3517 1683 habemus:

1950 1720 2069 1758 nam
2107 1721 2137 1759 a
2172 1709 2428 1778 principio
2467 1711 2722 1767 llebraico
2748 1718 3103 1785 conscriptum
3128 1728 3209 1771 est
3244 1720 3516 1787 idiontate,

1948 1813 2047 1851 nos
2072 1808 2245 1853 autem
2277 1801 2457 1857 Graeca
2490 1803 2664 1874 lingua
2692 1822 2999 1875 expressum
3023 1813 3321 1879 accepimus
3352 1831 3364 1865 :
3394 1828 3513 1867 cum

1946 1903 2075 1943 vero
2106 1890 2159 1944 in
2197 1891 2414 1946 alteram
2465 1895 2692 1965 linguam
2730 1898 3162 1967 interpretatione
3201 1904 3511 1958 translatum

1947 1978 2125 2044 fuerit,
2158 1984 2439 2037 maximam
2468 1986 2625 2040 habet
2654 1987 3038 2042 difﬁcultatem.
3068 1994 3239 2060 Atque
3270 1994 3368 2048 hoc
3391 2010 3512 2064 pro-

1945 2072 2011 2127 be
2036 2074 2226 2138 sciunt,
2249 2078 2564 2147 quicumque
2580 2080 2770 2133 multas
2799 2082 3007 2152 linguas
3032 2085 3244 2149 callent,
3271 2086 3382 2141 ﬁeri
3407 2103 3513 2143 non

1944 2180 2100 2234 posse
2125 2178 2176 2222 ut
2208 2169 2319 2238 pari
2360 2172 2731 2240 perSpicuitate
2764 2178 3055 2231 sententias
3088 2193 3273 2233 omnes
3312 2196 3376 2235 ex
3418 2196 3513 2235 na-

1946 2258 2047 2309 tiva
2090 2272 2182 2311 sua
2232 2259 2403 2328 lingua
2446 2261 2498 2314 in
2547 2262 2765 2316 alteram
2801 2265 3198 2334 interpretando
3227 2270 3512 2325 transfera-

1943 2363 2079 2401 mus.
2114 2349 2234 2403 Hrcc
2266 2349 2426 2419 igitur
2462 2367 2624 2407 causa
2661 2354 2983 2412 difficultatis
3019 2362 3221 2414 exstitit
3251 2362 3302 2415 itt
3336 2362 3509 2418 Veteri

1940 2441 2298 2498 Testamento.
2348 2444 2479 2498 Nam
2524 2455 2645 2499 ante
2693 2447 2884 2502 Christi
2934 2450 3211 2504 adventum
3259 2457 3510 2511 trecentis

1938 2537 2123 2599 annis,
2148 2534 2513 2605 Egyptiorum
2546 2552 2671 2606 rege
2716 2537 3019 2604 Ptolemmo,
3057 2541 3107 2594 in
3138 2542 3373 2597 Cra-cam
3408 2546 3506 2599 lin-

1937 2640 2090 2694 gnam
2115 2626 2426 2679 translatum
2454 2637 2534 2681 est
2569 2628 2962 2683 Testamentum
3000 2630 3162 2685 Vetus
3191 2634 3338 2686 valde
3370 2636 3510 2688 utili-

1940 2725 2020 2769 ter
2047 2724 2099 2770 et
2124 2716 2674 2784 fructuose.Quamdiu
2708 2720 2846 2773 enim
2869 2736 2986 2773 cum
3016 2738 3115 2774 una
3144 2733 3299 2791 gente
3328 2724 3508 2793 loque-

1938 2805 2107 2870 batur,
2158 2808 2209 2861 in
2252 2806 2506 2863 Hebraica
2552 2808 2723 2879 lingua
2767 2812 3029 2865 manebat.
3080 2812 3268 2866 Nullus
3312 2818 3505 2884 quippe

1937 2907 2062 2952 tunc
2089 2900 2320 2953 animum
2345 2900 2420 2954 illi
2448 2900 2778 2956 adhibiturus
2808 2915 2957 2965 erat,
2985 2920 3102 2957 cum
3126 2906 3384 2973 reliquum
3415 2923 3505 2977 ge-

1936 3007 2036 3045 nus
2066 2992 2348 3045 humanum
2371 2992 2437 3046 ad
2467 3008 2726 3046 summam
2752 2996 3128 3048 immanitatem
3154 2999 3499 3064 pervenisset.

1936 3082 2032 3137 Ubi
2078 3098 2204 3136 vero
2242 3082 2483 3137 Christus
2507 3094 2793 3138 eventurus
2842 3085 2962 3148 fttit,
2993 3097 3046 3138 et
3075 3086 3376 3141 universum
3408 3102 3500 3140 or-

1932 3174 2052 3229 bem
2106 3183 2366 3229 terrarum
2415 3175 2481 3228 ad
2524 3192 2582 3229 se
2625 3187 2931 3239 vacaturus,
2975 3193 3077 3230 non
3116 3193 3210 3247 per
3236 3180 3504 3246 apostolos

1932 3275 2136 3319 tantum
2158 3309 2169 3327 .
2202 3266 2294 3320 sed
2331 3282 2426 3336 per
2470 3266 2752 3335 prophetas
2792 3284 3000 3337 quoque
3029 3269 3191 3340 (nam
3223 3281 3275 3323 et
3307 3272 3375 3325 illi
3408 3288 3502 3325 nos

1931 3357 1993 3411 ad
2025 3358 2178 3413 ﬁdem
2210 3358 2524 3424 cognitionis
2548 3356 2743 3412 Christi
2771 3358 3079 3430 deducunt),
3115 3369 3221 3412 tum
3248 3364 3502 3430 temporis

1930 3458 2197 3517 tamquam
2237 3448 2413 3503 aditus
2444 3456 2499 3501 et
2545 3448 2656 3502 vias
2688 3448 2942 3516 quasdam
2987 3450 3309 3517 prophetias,
3346 3461 3500 3506 antea

1930 3542 2121 3611 linguae
2164 3541 2487 3595 obscuritate
2525 3540 2733 3593 clausas
2782 3549 2837 3593 et
2881 3540 3204 3605 obstructas,
3246 3543 3390 3595 omni
3430 3558 3495 3597 ex

1929 3643 2077 3703 parte
2120 3632 2323 3687 curavit
2360 3633 2791 3699 interpretatione
2834 3632 3088 3697 reserari,
3132 3643 3186 3686 ut
3225 3649 3411 3689 omnes
3433 3651 3499 3689 ex

1927 3725 2171 3795 gentibus
2193 3723 2423 3794 undique
2447 3722 2796 3787 conﬂuentes,
2827 3731 2881 3777 et
2910 3723 3072 3777 nmlla
3102 3739 3220 3778 cum
3250 3725 3502 3781 facilitate

1930 3831 2024 3885 per
2074 3814 2167 3867 has
2210 3815 2320 3867 vias
2364 3813 2688 3876 incedentes,
2738 3823 2951 3882 possent
2982 3814 3047 3868 ad
3089 3816 3285 3885 Regem
3325 3818 3497 3885 ipsum

1929 3907 2305 3978 prophetarum
2351 3908 2552 3970 venire,
2603 3916 2759 3975 atque
2800 3907 3123 3976 unigenitum
3167 3910 3255 3963 Dei
3305 3910 3493 3964 Filium

1927 4000 2169 4054 adorare.
2198 3998 2278 4054 0b
2306 4000 2442 4053 hanc
2469 4015 2682 4054 causam
2713 4000 2893 4068 utique
2918 4008 3040 4054 ante
3067 3999 3262 4055 Christi
3303 4003 3499 4057 adven-

1929 4101 2039 4145 tum
2068 4106 2251 4145 otnnes
2283 4091 2714 4160 interpretatione
2759 4100 2884 4146 sunt
2909 4105 3173 4159 expressa:
3202 4109 3216 4145 :
3244 4094 3492 4162 quoniam

1926 4187 1971 4237 si
1992 4183 2041 4237 in
2072 4182 2328 4237 Hebraico
2359 4183 2609 4237 idiomate
2649 4182 2820 4236 solum
2860 4183 3055 4237 relicta:
3082 4194 3260 4237 essent
3283 4226 3297 4248 ,
3329 4185 3493 4240 David

1926 4282 2101 4326 autem
2128 4272 2365 4339 dixisset,
2388 4272 2598 4326 Postulo
2623 4290 2654 4324 a
2681 4289 2778 4336 me,
2812 4282 2857 4325 et
2887 4272 3015 4327 dabo
3042 4272 3127 4326 tibi
3156 4284 3325 4344 gentes
3355 4275 3497 4328 here-

1926 4364 2130 4417 ditatem
2172 4373 2327 4429 tuam,
2382 4373 2428 4418 et
2476 4364 2835 4435 possessionem
2885 4373 3022 4416 tuam
3068 4366 3303 4419 terminos
3353 4376 3499 4419 terra

1926 4457 2095 4527 (Psal.
2118 4458 2171 4512 2.
2196 4458 2273 4526 8),
2299 4457 2439 4512 unde
2466 4459 2726 4527 potuisset
2751 4472 2907 4512 nosse
2934 4457 3073 4526 quod
3100 4457 3295 4511 dictum
3324 4458 3497 4513 fuerat

1926 4550 2113 4621 Syrus,
2142 4550 2229 4605 vel
2255 4550 2458 4615 Galata,
2488 4551 2571 4603 vel
2597 4550 2834 4616 Macedo,
2866 4550 2949 4604 vel
2980 4550 3339 4617 Atheniensis,
3371 4568 3493 4607 cum

1924 4642 2250 4695 obscuritate
2307 4640 2539 4693 involuta
2590 4640 2859 4708 Scriptura
2910 4641 3236 4695 mansisset?
3288 4641 3494 4695 Rursus

1924 4732 2185 4785 clamabat
2209 4731 2372 4785 Isaias
2402 4748 2415 4783 :
2450 4731 2596 4784 Sicut
2626 4731 2728 4782 ovis
2756 4730 2821 4782 ad
2848 4731 3139 4784 occisionem
3180 4732 3358 4784 ductus
3401 4743 3492 4795 est,

1924 4834 1970 4876 et
1993 4825 2121 4877 sicut
2146 4840 2305 4893 agnus
2326 4840 2494 4876 coram
2520 4823 2751 4875 tondente
2786 4839 2839 4875 se
2866 4823 3075 4914 πηνίκ’(
3095 4822 3225 4877 Isai.
3254 4824 3341 4877 55.
3377 4824 3407 4878 7
3432 4828 3447 4889 )
3475 4840 3491 4886 ;

1924 4925 1977 4970 et
2005 4931 2188 4970 rursus
2217 4936 2229 4971 :
2275 4915 2386 4969 Erit
2414 4915 2562 4968 rudia:
2586 4913 2773 4979 Iesse,
2803 4924 2851 4968 et
2871 4920 2956 4985 qui
2980 4913 3248 4988 consurgis
3277 4925 3328 4967 ut
3355 4916 3494 4983 prin-

1923 5026 2037 5079 ceps
2074 5011 2137 5063 sit
2177 5011 2395 5080 gentium
2427 5025 2445 5073 ,°
2484 5011 2536 5062 in
2570 5009 2678 5076 ipso
2706 5019 2873 5077 gentes
2898 5010 3167 5077 sperabunt
3197 5009 3212 5069 (
3248 5005 3372 5058 lsai.
3404 5007 3490 5059 ll.

1925 5104 2034 5173 10);
2057 5112 2110 5157 et
2130 5117 2312 5156 rursus
2342 5120 2354 5155 :
2387 5101 2675 5164 Replebitur
2715 5111 2845 5153 terra
2883 5099 3160 5168 cognitione
3184 5095 3408 5155 Domini,
3441 5106 3494 5148 nt

1922 5196 2066 5263 quasi
2084 5210 2213 5262 aqua
2239 5193 2399 5245 multa
2424 5193 2675 5261 coOperiat
2703 5192 2862 5243 maria
2890 5191 2906 5252 (
2933 5188 3068 5241 Ibid.
3098 5203 3145 5239 υ.
3169 5186 3259 5254 9).
3287 5186 3352 5238 Ει
3385 5186 3488 5238 Da-

1922 5285 2009 5339 vid
2036 5300 2221 5339 rursus
2244 5285 2454 5339 dicebat
2480 5298 2495 5336 :
2526 5284 2761 5355 Ascendit
2787 5282 2925 5334 Deus
2952 5281 3001 5332 in
3022 5278 3343 5347 jubilatione,
3385 5274 3492 5329 Do-

1923 5376 2088 5428 minus
2116 5376 2169 5428 in
2199 5392 2314 5428 voce
2340 5376 2503 5442 tuba:(
2538 5373 2681 5426 Psal.
2713 5373 2801 5425 46.
2835 5372 2866 5425 6
2891 5372 2941 5441 );
2974 5378 3027 5422 et
3072 5380 3254 5419 rursus
3290 5383 3303 5418 :
3356 5365 3495 5421 Dixit

1923 5464 2173 5519 Dominus
2215 5465 2430 5518 Domino
2478 5482 2605 5527 meo,
2656 5464 2791 5517 Sede
2830 5477 2861 5513 a
2908 5458 3095 5512 dextris
3144 5458 3283 5522 meis,
3338 5473 3495 5512 donec

1924 5572 2109 5626 ponam
2153 5556 2381 5609 inimicos
2424 5565 2532 5609 tuos
2564 5552 2838 5608 scabellum
2876 5549 3059 5619 pedum
3094 5557 3293 5601 tuorum
3320 5548 3492 5617 tl’sal.

1925 5647 2227 5799 ioglillum
2266 5737 2419 5808 igitur
2457 5736 2522 5791 dc
2562 5732 2840 5806 passione,
2881 5731 2951 5787 de
2992 5732 3399 5825 resurrectione,
3430 5732 3497 5789 de
