3992 6300
555 296 660 351 179

552 410 887 476 ascensione,
910 409 980 466 de
1003 411 1243 469 sessione
1262 413 1327 468 ad
1350 414 1648 483 dexteram,
1672 415 1740 471 de
1763 417 1998 473 secundo
2021 418 2136 488 ejus

549 502 802 568 adventu,
823 520 884 559 ac
924 504 991 561 de
1029 507 1274 562 omnibus
1313 508 1428 563 istis
1474 509 1525 563 in
1575 508 1903 578 universum,
1933 528 2053 583 quae
2080 513 2133 569 in

550 591 698 647 Novo
738 605 880 663 sunt,
923 594 1321 653 Testamentum
1363 600 1526 656 Vetus
1571 601 1893 670 praedixerit,
1923 619 1990 659 ne
2033 605 2132 660 ista

545 685 792 753 gentibus
819 703 942 742 mox
967 687 1156 744 futuris
1185 690 1359 760 ignota
1380 703 1750 760 remanerent,
1780 710 1845 750 ac
1869 696 1976 751 vim
2002 712 2129 767 pro-

547 776 745 846 plietia:
772 779 1110 848 ignorarent,
1139 793 1262 837 ante
1287 782 1480 839 Christi
1511 784 1795 841 adventum
1823 797 1878 842 ut
1901 804 2129 844 conver-

545 876 784 924 terentur
804 870 1113 941 Scriptum,
1133 874 1303 944 gratia
1327 875 1504 930 divina
1531 877 1776 945 providit,
1803 893 1999 948 easque
2020 895 2125 937 non

542 963 704 1017 modo
730 966 1003 1020 conversis
1035 982 1099 1020 ex
1126 967 1401 1036 gentibus,
1433 969 1525 1023 sed
1556 970 1715 1024 etiam
1747 970 1947 1026 Judzeis
1973 974 2127 1028 utiles

540 1052 803 1121 reddidit,
843 1055 931 1124 qui
973 1055 1166 1126 ubique
1203 1065 1465 1113 terrarum
1504 1059 1728 1129 dispersi
1767 1059 1996 1127 fuerant,
2026 1078 2126 1118 nec

536 1146 768 1215 amplius
813 1147 1124 1203 Hebraicam
1171 1149 1404 1220 linguam
1454 1152 1723 1206 tenebant.
1775 1153 1915 1209 Ecce
1954 1154 2120 1221 enim,

536 1238 762 1293 credidit
781 1240 868 1310 qui
891 1255 1181 1297 conversus
1201 1252 1363 1297 estex
1383 1244 1650 1313 gentibus,
1668 1245 1793 1301 dum
1817 1245 2120 1302 Judzeorum

534 1330 686 1401 signa
717 1332 881 1387 videt.
915 1334 1194 1402 Quomodo
1231 1335 1528 1405 potuissent
1563 1351 1749 1392 rursus
1777 1339 2002 1408 apostoli
2027 1339 2122 1395 Ju—

533 1422 706 1477 daeum
733 1424 996 1481 adducere
1020 1468 1036 1493 ,
1077 1429 1176 1482 nisi
1213 1428 1561 1484 domesticum
1589 1430 1663 1486 illi
1693 1431 1968 1487 doctorem
1994 1448 2117 1503 pro-

533 1513 746 1582 phetam
777 1516 1086 1572 dedissent?
1118 1519 1246 1573 Nam
1276 1519 1322 1575 si
1345 1520 1583 1576 Athenas
1619 1523 1889 1591 ingressus
1923 1525 2116 1582 Paulus

531 1603 878 1675 inscriptione
908 1609 1128 1679 indiguit
1153 1612 1306 1665 altari
1335 1612 1592 1684 insculpta
1618 1615 1769 1686 (Act.
1800 1619 1865 1671 17
1884 1615 1904 1690 )
1923 1659 1938 1684 ,
1967 1628 2021 1674 et
2047 1619 2113 1674 ad

529 1713 712 1753 eorum
741 1701 1143 1758 instructionem
1174 1705 1316 1759 illam
1358 1706 1614 1775 traduxit,
1647 1709 1788 1780 quod
1817 1727 1877 1766 se
1907 1711 2112 1768 facilius

528 1792 756 1859 propriis
782 1792 1015 1862 ipsorum
1056 1796 1220 1852 armis
1257 1812 1351 1853 eos
1389 1811 1808 1870 expugnaturum
1846 1815 2106 1874 speraret,

525 1882 664 1950 quod
705 1883 863 1938 etiam
903 1886 1132 1953 accidit;
1181 1888 1348 1943 multo
1377 1892 1546 1962 magis
1568 1907 1692 1948 cum
1717 1894 1916 1951 Judazis
1944 1913 2108 1968 agens

521 1975 720 2031 auxilio
754 1979 1133 2048 prophetarum
1163 1982 1433 2053 indigebat
1459 2027 1472 2048 ,
1506 2001 1574 2040 ne
1602 1987 1670 2042 ab
1696 1987 1802 2042 illis
1830 1991 1988 2044 etiam
2017 2005 2107 2046 ac-

520 2077 827 2136 cusaretur,
859 2070 1000 2140 quod
1027 2087 1161 2126 nova
1185 2074 1429 2144 quaedam
1476 2091 1539 2130 ac
1575 2080 1854 2150 peregrina
1885 2081 2100 2139 illorum

517 2158 734 2213 auribus
761 2159 1000 2216 inferret.
1032 2163 1099 2218 Et
1125 2179 1240 2231 cur,
1273 2166 1462 2236 inquit,
1488 2183 1589 2222 una
1620 2169 1797 2240 lingua
1831 2187 1936 2227 non
1967 2183 2101 2240 erat,

519 2258 579 2306 ut
604 2251 750 2305 omni
779 2251 1092 2309 difﬁcultate
1116 2254 1502 2312 liberaremur?
1531 2258 1647 2315 Una
1677 2261 1852 2332 lingua
1881 2271 1998 2319 erat
2015 2281 2104 2320 an-

517 2339 760 2410 tiquitus,
789 2344 858 2398 mi
888 2343 1069 2411 homo,
1097 2354 1152 2401 et
1177 2348 1314 2402 sicut
1342 2364 1444 2403 una
1474 2349 1750 2407 hominum
1781 2363 1865 2409 est
1888 2365 2096 2422 natura,

513 2433 591 2487 sic
611 2442 665 2487 et
692 2449 794 2488 una
821 2445 1136 2492 cunctorum
1176 2439 1350 2510 lingua
1386 2451 1522 2496 erat.
1566 2442 1680 2498 Non
1709 2454 1826 2500 erat
1852 2446 1919 2501 ab
1947 2448 2100 2504 initio

513 2525 594 2579 vir
614 2526 752 2581 ullus
773 2528 958 2585 alienae
981 2530 1191 2602 linguae,
1215 2549 1319 2588 non
1343 2545 1457 2589 erat
1480 2536 1697 2592 alterius
1718 2539 1964 2608 loquelae,
1990 2557 2096 2596 non

511 2630 628 2675 erat
651 2621 807 2677 ludus
828 2665 844 2691 ,
873 2640 1045 2695 neque
1074 2626 1248 2682 Thrax
1267 2669 1282 2692 ,
1313 2645 1484 2700 neque
1513 2630 1709 2702 Scytha
1735 2673 1750 2698 ,
1781 2633 1875 2688 sed
1906 2650 2093 2691 omnes

512 2729 615 2767 una
656 2714 829 2786 lingua
870 2717 1240 2788 loquebantur.
1289 2720 1424 2789 Quid
1464 2721 1623 2792 igitur
1665 2724 1717 2777 in
1763 2739 1922 2779 causa
1959 2725 2094 2782 fuit?

511 2805 714 2876 ludigni
749 2807 849 2862 hac
879 2825 978 2862 una
1013 2811 1188 2880 lingua
1217 2813 1310 2866 visi
1341 2828 1527 2868 smnus
1561 2830 1659 2869 nos
1682 2855 1697 2879 ,
1731 2832 1944 2887 semper
1966 2834 2091 2890 erga

507 2897 896 2955 benefactorem
941 2903 1150 2973 ingrati.
1195 2903 1330 2972 Quid
1376 2907 1495 2962 ais?
1534 2907 1708 2977 lingua
1750 2925 1848 2964 nos
1889 2911 2090 2982 indigni

505 2991 603 3044 visi
631 2994 850 3047 sumus?
877 3009 940 3049 ac
965 2995 1135 3051 brutae.
1155 2998 1368 3068 quidem
1387 3003 1683 3058 animantes
1705 3006 1970 3073 propriam
2000 3021 2090 3061 vo—

502 3096 620 3136 cem
652 3082 850 3139 habent
871 3101 1091 3153 omnes;
1117 3089 1298 3145 balant
1322 3106 1451 3146 oves
1475 3103 1531 3147 et
1555 3108 1750 3163 caprae,
1775 3098 1941 3166 mugit
1971 3105 2089 3151 tau-

501 3188 614 3240 rus,
630 3173 803 3230 hinnit
823 3192 1008 3248 equus,
1030 3182 1168 3250 rugit
1189 3183 1292 3249 leo,
1311 3183 1462 3254 lupus
1487 3186 1672 3250 ululat,
1695 3188 1873 3243 sibilat
1890 3188 2082 3244 draco:

500 3281 829 3339 unaquazque
857 3271 1028 3327 bestia
1055 3275 1328 3343 proprium
1365 3291 1556 3332 sonum
1585 3281 1957 3348 conservavit,
1984 3299 2085 3354 ego

497 3373 628 3414 vero
653 3360 800 3415 solus
829 3365 1041 3433 propria
1068 3380 1183 3420 sum
1214 3381 1344 3422 voce
1374 3368 1648 3438 privatus?
1689 3370 1760 3426 Et
1802 3373 2082 3444 sylvestria

497 3463 553 3506 et
595 3467 892 3522 mansueta,
924 3466 978 3512 et
1016 3457 1250 3513 cicurata
1297 3469 1352 3514 et
1393 3476 1499 3514 non
1535 3462 1768 3517 eicurata
1803 3465 2079 3534 animalia,

497 3544 704 3615 singula
728 3548 978 3604 tributam
1009 3550 1108 3605 sibi
1133 3567 1164 3605 a
1193 3553 1457 3622 principio
1484 3569 1667 3610 vocem
1697 3556 2031 3614 retinuerunt
2061 3578 2076 3614 :

495 3653 598 3707 ego
617 3654 742 3694 vero
764 3642 1007 3712 princeps
1028 3644 1241 3698 illorum
1265 3645 1548 3715 ignominia
1570 3663 1687 3702 sum
1711 3652 1952 3705 notatus?
1976 3652 2080 3707 illis

496 3728 728 3786 honores
758 3735 924 3804 erepti
946 3745 1037 3790 aut
1063 3738 1245 3790 mutati
1279 3752 1382 3791 non
1405 3749 1550 3805 sunt,
1578 3755 1678 3810 ego
1703 3757 1830 3796 vero
1853 3758 1972 3798 sum
1998 3745 2082 3798 di-

493 3821 631 3876 vinis
659 3827 968 3879 muneribus
993 3827 1285 3895 spoliatus?
1315 3829 1464 3896 Quod
1507 3840 1710 3886 tantum
1754 3832 1851 3887 fuit
1893 3835 1946 3888 in
1991 3850 2078 3892 me

491 3912 703 3967 scelus?
744 3931 848 3968 non
885 3917 1219 3974 sufﬁciebant
1245 3921 1448 3989 priores
1476 3923 1580 3978 illa:
1607 3924 1816 3994 paena?
1855 3927 2077 3983 Paradi-

491 4016 609 4056 sum
632 4004 759 4059 mihi
781 4020 1138 4073 concesserat,
1161 4020 1214 4065 et
1234 4027 1300 4066 ex
1325 4015 1567 4081 paradiso
1588 4033 1673 4072 me
1698 4019 1882 4088 ejecit;
1913 4022 2075 4076 vitam

490 4095 693 4150 doloris
719 4109 993 4167 expertem
1019 4100 1365 4174 laborumque
1389 4105 1749 4176 traducebam,
1774 4112 1969 4168 sudore
1989 4129 2076 4168 me

489 4202 554 4242 ac
581 4188 761 4244 labore
789 4190 1091 4260 damnavit;
1121 4195 1251 4250 citra
1277 4208 1568 4255 sementem
1603 4211 1656 4256 et
1684 4202 1885 4259 inarata
1916 4207 2074 4263 tellus

488 4282 667 4337 omnia
692 4285 978 4353 praebebat,
1009 4288 1291 4359 imperavit
1327 4292 1400 4346 illi
1449 4304 1505 4349 ut
1543 4296 1722 4365 spinas
1759 4307 1813 4353 et
1853 4300 2073 4356 tribulos

488 4371 683 4442 ferret,
725 4385 779 4431 et
818 4377 870 4431 in
915 4378 1082 4448 ipsam
1117 4397 1300 4437 rursus
1333 4399 1419 4439 me
1454 4389 1716 4443 convertit
1742 4408 1757 4443 :
1786 4401 1956 4446 morte
1985 4409 2071 4449 me

487 4465 794 4534 mulctavit;
826 4469 1108 4527 mulierum
1134 4489 1319 4529 sexum
1351 4477 1628 4534 mulctavit
1656 4489 1836 4549 partus
1865 4482 2066 4538 dolori-

485 4554 586 4609 bus
616 4557 989 4630 laboribusque
1016 4564 1336 4632 subjectum.
1358 4566 1472 4622 Non
1498 4569 1828 4626 sufficiebant
1857 4572 1973 4628 htec
1999 4574 2067 4628 ad

486 4661 722 4718 pinnam,
750 4650 845 4705 sed
870 4668 1053 4708 vocem
1084 4671 1294 4726 quoque
1333 4659 1464 4714 mihi
1507 4661 1736 4732 eripuit,
1768 4672 1824 4718 et
1854 4665 1955 4719 hoc
1983 4680 2070 4719 me

487 4739 690 4796 honore
710 4743 953 4811 privavit,
976 4755 1033 4800 ut
1055 4747 1272 4804 tribules
1293 4765 1356 4805 ac
1374 4753 1598 4821 gentiles
1623 4770 1772 4810 meos
1798 4763 2065 4825 tamquam

483 4833 686 4890 ferinos
708 4850 942 4903 averser,
972 4853 1092 4893 cum
1119 4856 1204 4896 me
1229 4842 1422 4914 lingua:
1451 4845 1733 4902 diversitas
1756 4861 1970 4918 separet
1997 4851 2066 4905 ab

481 4927 694 4983 illorum
707 4944 1014 4999 congressu.
1041 4933 1328 5003 Pr0pterea
1350 4937 1704 5007 objectionem
1725 4943 2062 5011 ampliﬁcavi,

481 5032 541 5076 ut
580 5039 701 5078 cum
744 5026 1063 5082 solutionem
1106 5029 1352 5099 adjecero
1376 5074 1391 5101 ,
1424 5033 1682 5090 illustrior
1705 5036 1796 5090 ﬁat
1823 5038 2061 5093 victoria.

479 5115 537 5171 Si
570 5117 650 5172 his
675 5119 942 5187 omnibus,
973 5123 1162 5193 inquit,
1194 5123 1454 5192 privatum
1483 5142 1570 5181 me
1598 5128 1830 5190 volebat,
1863 5146 1963 5199 qua
1995 5130 2063 5186 de

481 5223 640 5264 causa
675 5212 760 5266 illa
787 5211 916 5266 mihi
942 5213 1050 5282 jam
1077 5230 1107 5270 a
1134 5200 1394 5286 principio
1418 5219 1776 5276 concedebat?
1805 5222 1972 5278 Vultis
1997 5240 2062 5279 ex

479 5299 582 5354 hoc
605 5318 712 5356 uno
733 5305 1052 5362 solutionem
1078 5307 1343 5377 adjiciam,
1364 5309 1430 5365 ab
1458 5309 1557 5366 hac
1587 5312 1697 5382 ipsa
1720 5313 1946 5383 simplici
1968 5316 2065 5370 ob-

470 5391 752 5460 jectione?
797 5395 965 5452 Tanta
1013 5400 1210 5469 quippe
1252 5410 1376 5456 sunt
1417 5417 1592 5457 causae
1633 5403 1829 5460 divinae
1876 5405 2062 5461 ﬁrma-

479 5494 678 5549 menta,
708 5495 764 5540 ut
784 5488 866 5543 vel
896 5491 1007 5558 ipsa
1028 5491 1443 5549 contradicentis
1464 5495 1692 5564 objectio
1713 5498 1856 5552 nullo
1878 5509 2061 5554 nostro

475 5581 816 5635 corroborata
841 5583 1080 5641 subsidio
1095 5587 1160 5640 ad
1173 5587 1394 5642 crimina
1425 5587 1650 5645 sufﬁciat
1671 5592 1978 5648 refellenda.
2003 5594 2060 5648 Si

473 5683 563 5722 me
592 5668 672 5722 his
699 5675 946 5730 omnibus
972 5679 1180 5746 privare
1207 5681 1436 5748 volebat,
1455 5698 1552 5738 cur
1575 5699 1637 5738 ea
1664 5685 1791 5738 mihi
1809 5685 1916 5754 jam
1938 5687 2060 5744 inde

472 5777 502 5817 a
521 5760 784 5832 principio
795 5770 1119 5830 concedebat
1133 5774 1154 5828 ’ἓ
1166 5771 1297 5832 Nam
1319 5785 1372 5834 et
1390 5789 1490 5847 ego
1507 5776 1643 5835 istud
1661 5778 1832 5850 ipsum
1849 5777 2019 5836 dicam
2036 5795 2050 5833 :

1333 299 1392 356 S.
1429 299 1707 359 JOANNIS
1741 299 2219 362 CHRYSOS'I'OMI
2258 306 2578 365 ARCHIEP.
2617 309 3151 371 CONSTANTINOP.

3662 340 3745 397 180

2245 419 2300 474 Si
2342 429 2392 476 te
2437 421 2518 477 his
2541 425 2789 480 omnibus
2819 426 3029 497 privare
3051 429 3283 499 volebat,
3311 451 3456 506 quam
3484 442 3547 497 ob
3569 459 3747 508 causam

2239 515 2602 572 concedebat?
2630 517 2810 590 Itaque
2837 523 3088 591 quoniam
3115 533 3164 579 te
3189 528 3383 596 privare
3407 535 3616 606 nolebat,
3639 557 3743 611 pro-

2239 614 2421 674 pterea
2460 607 2552 664 tibi
2587 610 2697 678 jam
2733 613 2857 669 inde
2880 628 2909 667 a
2942 615 3199 685 principio
3223 619 3318 676 ista
3345 630 3601 684 concessit.
3636 607 3750 701 Quid

2236 711 2364 766 ergo
2384 698 2609 754 accidit?
2635 700 2750 757 Non
2775 712 2828 758 te
2853 704 2992 759 Deus
3014 705 3096 761 his
3121 707 3268 764 bonis
3292 711 3452 781 ejecit,
3481 719 3564 773 sed
3583 729 3630 775 tu
3651 698 3750 794 qua;

2233 790 2356 847 data
2386 793 2596 852 fuerant
2626 799 2874 856 amisisti.
2908 801 2986 858 Tu
3013 803 3161 860 illum
3193 821 3396 878 propter
3420 790 3748 888 benignitatem

2233 882 2410 952 lauda,
2426 889 2565 956 quod
2589 888 2805 959 largitus
2825 893 2895 947 sit
2923 911 2938 946 :
2964 896 3187 965 teipsum
3208 914 3413 971 prepter
3431 882 3658 977 ignaviam
3677 930 3751 968 ac-

2230 989 2378 1042 cusa,
2407 979 2500 1048 qui
2521 979 2717 1035 donum
2745 985 2963 1041 minime
2982 995 3393 1050 conservaveris.
3422 998 3593 1068 Liquet
3620 1005 3752 1071 igitur

2230 1084 2335 1122 non
2357 1085 2478 1126 eum
2508 1073 2600 1143 qui
2621 1074 2867 1145 deposuit
2889 1094 3039 1134 reum
3067 1097 3206 1152 esse,
3231 1101 3409 1142 verum
3435 1105 3545 1145 eum
3572 1096 3649 1164 qui
3668 1097 3748 1153 de-

2228 1162 2458 1230 positum
2487 1165 2713 1234 perdidit
2738 1170 2949 1226 crimini
2977 1172 3260 1231 obnoxium
3288 1192 3421 1234 esse.
3459 1162 3657 1241 Namvse
3680 1188 3750 1242 di-

2225 1250 2388 1322 ligere
2407 1269 2470 1310 ac
2493 1256 2778 1328 benignum
2799 1276 2940 1329 esse,
2959 1273 3015 1319 et
3036 1265 3213 1334 largiri
3239 1269 3460 1328 voluisse
3479 1273 3749 1345 declaravit,

2223 1359 2344 1399 cum
2375 1363 2535 1403 nemo
2563 1364 2778 1422 cogeret
2804 1363 2897 1410 aut
2921 1358 3028 1412 vim
3055 1358 3269 1416 afferret
3287 1403 3302 1428 ,
3341 1378 3456 1420 cum
3491 1368 3618 1422 nulla
3641 1371 3686 1424 in
3708 1382 3752 1428 te

2222 1448 2366 1494 recte
2394 1438 2529 1496 facta
2560 1445 2782 1502 miratus
2805 1458 2948 1504 esset
2969 1491 2984 1514 ,
3017 1467 3190 1522 neque
3227 1454 3457 1512 laborum
3496 1463 3757 1520 retribuere

2221 1529 2521 1585 mercedem
2548 1533 2799 1603 deberet;
2829 1540 2923 1595 sed
2948 1543 3227 1599 confestim
3253 1545 3338 1600 ubi
3369 1547 3620 1617 formavit,
3644 1570 3754 1608 cou-

2217 1615 2390 1672 festim
2412 1622 2476 1675 ad
2499 1622 2640 1680 hunc
2667 1628 3016 1700 principatum
3042 1636 3232 1701 evexit,
3256 1647 3312 1692 ut
3335 1637 3432 1694 hoc
3455 1615 3634 1697 donum
3664 1662 3754 1700 non

2216 1711 2621 1772 retributionem
2663 1723 2945 1792 mercedis,
2987 1726 3082 1781 sed
3126 1743 3328 1785 meram
3370 1734 3579 1802 gratiam
3616 1737 3759 1794 fuisse

2214 1805 2540 1862 ostenderet.
2563 1809 2713 1877 Quod
2734 1815 2778 1868 si
2800 1831 2919 1884 quae
2939 1816 3059 1872 data
3083 1819 3290 1876 fuerant
3309 1838 3412 1878 non
3433 1831 3755 1897 conservasti,

2214 1896 2442 1982 teipsum
2463 1916 2673 1970 accusa,
2703 1922 2806 1962 non
2832 1923 2956 1964 eum
2984 1913 3074 1982 qui
3105 1912 3303 1970 donum
3327 1919 3557 1973 contulit.

2282 1979 2469 2038 Citriin
2507 1992 2748 2045 adventus
2785 1995 2972 2048 antissa
3000 1979 3158 2053 nobis
3199 2001 3417 2055 auctiora
3458 2005 3670 2058 restituit.
3694 2037 3752 2046 —

2210 2072 2346 2129 Num
2373 2074 2533 2146 igitur
2555 2079 2657 2136 hoc
2679 2098 2842 2139 unum
2881 2101 2978 2156 pro
3012 2088 3241 2146 Domino
3268 2092 3442 2148 dicere
3469 2099 3758 2164 possumus?

2206 2164 2417 2222 Sufﬁcit
2440 2170 2656 2238 quidem
2698 2172 2813 2230 haec
2849 2175 3092 2234 defensio
3124 2198 3138 2235 :
3173 2182 3267 2238 sed
3297 2185 3544 2240 immensa
3573 2186 3760 2242 bonitas

2205 2255 2323 2325 ejus
2372 2267 2428 2313 et
2468 2261 2765 2334 benignitas
2795 2266 3077 2326 ineffabilis
3105 2273 3214 2327 alia
3243 2274 3396 2330 nobis
3422 2276 3485 2330 ad
3513 2278 3618 2346 ejus
3639 2293 3750 2333 cau-

2204 2361 2317 2403 sam
2346 2351 2597 2407 tuendam
2627 2354 2957 2415 ﬁrmamenta
2986 2363 3208 2432 copiose
3245 2366 3556 2436 suppeditat.
3594 2368 3760 2439 Neque

2200 2441 2346 2497 enim
2377 2443 2480 2499 hoc
2509 2447 2680 2502 solum
2708 2449 2889 2506 dicere
2917 2453 3060 2522 licet,
3089 2456 3268 2524 ipsum
3294 2459 3502 2528 quidem
3528 2461 3715 2516 dedisse
3734 2503 3749 2526 ,

2204 2542 2254 2587 te
2278 2549 2404 2589 vero
2431 2537 2760 2606 perdidisse;
2806 2559 2928 2598 nam
2956 2554 3010 2600 et
3037 2545 3139 2602 hoc
3175 2559 3328 2617 pacto
3355 2551 3441 2621 qui
3471 2551 3634 2617 dedit,
3659 2553 3750 2607 cri-

2199 2625 2343 2681 mine
2371 2627 2642 2695 liberatur,
2675 2632 2759 2688 vel
2792 2636 2967 2705 potius
2996 2638 3232 2694 maxima
3262 2641 3417 2697 laude
3445 2643 3620 2713 dignus
3645 2659 3752 2698 cen-

2198 2728 2378 2786 setur,
2420 2723 2561 2792 quod
2597 2726 2758 2780 etiam
2801 2731 3098 2797 praevidens
3128 2742 3186 2789 te
3216 2734 3538 2801 perditurum
3563 2738 3753 2792 minimc

2197 2819 2249 2866 te
2268 2811 2408 2867 dono
2429 2815 2649 2885 privarit
2671 2835 2686 2873 :
2711 2819 2804 2874 sed
2825 2820 2967 2876 aliud
2989 2823 3249 2893 quiddam
3268 2828 3438 2896 majus
3465 2828 3573 2883 istis
3597 2829 3760 2884 dicere-

2196 2920 2496 2974 possumus.
2526 2909 2801 2977 Quodnam
2825 2925 3000 2970 autem
3023 2917 3152 2973 illud
3176 2919 3298 2974 est?
3325 2920 3473 2989 Quod
3504 2931 3755 2991 postquam

2193 3011 2257 3050 ex
2287 2999 2500 3068 propria
2528 3003 2845 3073 negligentia
2874 3008 3172 3077 perdidisti,
3202 3028 3390 3067 rursus
3429 3029 3489 3068 ea
3528 3014 3614 3068 tibi
3649 3030 3752 3084 qua:

2192 3090 2500 3157 perdideras
2539 3096 2834 3152 restituerit
2860 3117 2873 3153 :
2904 3100 3010 3155 imo
3039 3118 3145 3157 non
3183 3119 3246 3159 ea
3275 3114 3477 3160 tantum
3505 3122 3618 3177 qua:
3645 3123 3754 3175 per-

2190 3181 2420 3247 dideras,
2444 3185 2538 3240 sed
2567 3186 2648 3242 his
2669 3189 2836 3244 multo
2855 3191 3077 3260 majora.
3110 3194 3248 3250 Nam
3274 3198 3572 3266 paradisum
3602 3197 3755 3266 pcrdi-

2188 3275 2364 3342 deras,
2385 3287 2440 3332 at
2455 3278 2542 3334 ille
2561 3280 2749 3336 caelum
2770 3283 2860 3337 tibi
2885 3284 3052 3339 dedit.
3081 3286 3250 3343 Vides
3271 3304 3376 3360 quo
3400 3298 3549 3358 pacto
3572 3290 3754 3343 lucrum

2188 3367 2360 3435 majus
2378 3379 2461 3423 est
2484 3385 2642 3440 quam
2666 3371 2912 3442 jactura?
2936 3391 3042 3446 quo
3062 3388 3222 3447 pacto
3251 3382 3430 3450 plures
3457 3390 3574 3434 sunt
3601 3395 3717 3448 opes
3731 3379 3760 3431 Ῥ-

2187 3457 2384 3513 Caelum
2417 3461 2511 3516 tibi
2534 3463 2752 3532 largitus
2777 3475 2879 3534 est,
2909 3478 2965 3521 ut
2991 3467 3379 3539 benignitatem
3406 3486 3552 3525 suam
3584 3487 3684 3540 pra:
3704 3485 3756 3524 se

2185 3549 2369 3618 ferret,
2387 3551 2597 3610 diabolo
2616 3556 2854 3612 dolorem
2875 3560 3126 3626 inureret,
3141 3573 3199 3616 et
3216 3563 3542 3627 ostenderet,
3557 3564 3671 3618 licet
3685 3563 3756 3615 iu-

2184 3647 2431 3700 numeras
2446 3648 2626 3717 generi
2644 3661 2826 3705 nostro
2844 3653 3026 3708 tendat
3043 3655 3288 3723 insidias,
3304 3656 3433 3710 nihil
3457 3657 3553 3712 hoc
3566 3657 3632 3711 illi
3649 3672 3756 3736 pro-

2183 3734 2440 3803 futurum,
2467 3752 2586 3792 cum
2607 3739 2674 3794 ad
2697 3742 2951 3808 majorem
2977 3744 3116 3798 Dens
3149 3746 3416 3802 honorem
3441 3764 3536 3802 nos
3559 3734 3752 3802 evehat.

2181 3829 2418 3883 Amisisti
2449 3847 2575 3902 ergo
2601 3834 2921 3902 paradisum,
2953 3845 3006 3891 et
3033 3839 3123 3892 tibi
3155 3840 3301 3896 Deus
3322 3843 3529 3911 aperuit
3547 3842 3722 3898 ctelutn
3739 3857 3763 3905 ;.

2180 3922 2247 3973 ad
2280 3924 2652 3992 temporarium
2681 3925 2960 3982 damnatus
2985 3943 3043 3983 es
3070 3930 3337 3997 laborem,
3361 3941 3419 3988 et
3444 3936 3546 3988 vita
3575 3943 3754 3988 retenta

2179 4012 2374 4067 ditatus
2398 4029 2489 4080 es;
2531 4015 2807 4086 imperavit
2837 4028 3010 4084 terrae,
3044 4031 3102 4075 ut
3127 4024 3317 4092 spinas
3345 4040 3411 4079 ac
3438 4025 3651 4079 tribulos
3672 4022 3760 4077 tibi-

2180 4104 2512 4172 produceret,
2537 4117 2590 4161 et
2611 4108 2839 4163 fructum
2858 4110 2948 4164 tibi
2975 4110 3206 4181 Spiritus
3226 4117 3408 4171 anima
3437 4116 3756 4188 germinavit.

2247 4197 2301 4251 4.
2333 4198 2411 4252 Ae
2439 4198 2558 4252 vide
2587 4209 2782 4268 quanta
2811 4202 2882 4255 sit
2910 4203 3004 4258 Dei
3035 4205 3376 4275 benignitas,
3409 4220 3678 4276 quousque
3704 4220 3758 4259 se

2177 4285 2470 4343 demiserit.
2500 4287 2557 4343 Si
2584 4290 2799 4359 quando
2828 4294 3066 4347 nonnulli
3099 4294 3316 4365 aliquas
3343 4298 3618 4352 facultates
3638 4296 3759 4349 ami-

2176 4382 2344 4435 serint
2363 4422 2378 4446 ,
2424 4383 2549 4436 licet
2591 4384 2820 4453 majores
2843 4399 2908 4439 ac
2933 4387 3284 4455 pretiosiores
3310 4391 3649 4458 acceperint,
3680 4387 3758 4439 illa

2176 4471 2291 4539 ipsa
2331 4487 2448 4541 quze
2495 4473 2786 4528 amiserant
2823 4491 3061 4545 qumrere
3107 4481 3378 4548 cupiunt,
3422 4497 3594 4552 neque
3628 4479 3762 4549 prius

2173 4564 2542 4632 acquiescere,
2574 4581 2730 4635 quam
2759 4567 2870 4635 ipsa
2895 4572 3356 4638 recuperaverint.
3387 4572 3645 4639 Quoniam
3671 4571 3760 4640 igi-

2173 4663 2261 4710 tur
2304 4658 2602 4726 paradisum
2643 4660 2990 4730 perdideras,
3041 4678 3145 4718 non
3187 4665 3390 4720 caelum
3437 4666 3530 4720 tibi
3573 4675 3772 4721 tantum.

2173 4749 2394 4818 largitus
2431 4760 2546 4815 est,
2583 4751 2678 4804 sed
2712 4761 2765 4806 et
2806 4753 3105 4822 paradisum
3135 4763 3191 4809 et
3216 4757 3450 4812 caelum.
3477 4757 3644 4810 Hodie
3670 4771 3764 4807 me-

2171 4859 2286 4896 cum
2331 4844 2430 4897 eris
2475 4845 2528 4897 in
2571 4847 2808 4914 paradiso
2849 4846 2999 4916 (Luc.
3027 4847 3118 4902 23.
3152 4850 3250 4919 45)
3273 4891 3290 4916 ,
3325 4851 3506 4921 inquit
3535 4870 3547 4905 :
3581 4860 3639 4905 ut
3668 4866 3768 4903 non

2171 4936 2330 4991 modo
2368 4936 2637 4993 additione
2677 4940 2970 5006 majorum,
3011 4941 3105 4997 sed
3142 4943 3310 4998 etiam
3341 4961 3527 5000 rerum
3557 4943 3768 4998 amissa-

2171 5045 2288 5082 rum
2317 5032 2720 5098 recuperatione
2750 5032 3016 5088 dolentem
3042 5035 3278 5090 animam
3308 5037 3642 5093 consoletur.
3669 5034 3770 5090 Sed

2169 5121 2233 5175 ad
2279 5123 2380 5178 hoc
2421 5123 2592 5192 ipsum
2637 5127 2996 5195 propositum,
3029 5128 3074 5182 si
3117 5128 3336 5197 placet,
3366 5132 3684 5192 veniamus,
3713 5142 3771 5180 ac

2169 5215 2459 5281 videamus,
2491 5234 2594 5286 quo
2615 5229 2769 5288 pacto
2792 5220 3018 5290 linguam
3043 5220 3468 5290 perdiderimus.
3495 5221 3611 5277 Non
3635 5220 3781 5275 enim

2169 5308 2510 5364 mediocriter
2530 5313 2767 5366 conferet
2788 5313 2853 5367 ad
2880 5314 3218 5370 securitatem
3250 5313 3508 5370 historia.
3533 5315 3664 5370 Nam
3689 5312 3773 5381 qui

2171 5403 2407 5471 pristina:
2436 5405 2736 5458 securitatis
2764 5405 2977 5460 modum
3005 5407 3286 5476 cognovit,
3320 5408 3378 5461 in
3402 5407 3631 5477 reliquis
3656 5420 3774 5459 cau-

2171 5494 2273 5548 tior
2298 5498 2400 5549 erit
2425 5506 2477 5548 et
2502 5496 2757 5550 securior.
2789 5496 2977 5566 Opera:
3005 5499 3228 5566 pretium
3264 5509 3353 5551 est
3374 5508 3559 5552 autem
3585 5508 3642 5549 ut
3661 5512 3778 5548 «mi-

2170 5588 2255 5642 nia
2286 5589 2435 5643 vobis
2461 5590 2704 5645 dicantur
2733 5608 2746 5644 :
2778 5591 2936 5660 quale
2965 5602 3046 5646 est
3065 5633 3078 5656 ,
3109 5605 3271 5645 unam
3303 5591 3478 5646 fuisse
3505 5588 3777 5661 quonde

2168 5682 2405 5737 omnium
2434 5683 2706 5738 hominum
2734 5683 2963 5753 linguam
2991 5693 3148 5752 atque
3174 5683 3226 5736 in
3257 5683 3468 5736 multas
3493 5692 3680 5752 postea
3705 5680 3775 5731 di-

2170 5777 2338 5834 visam
2376 5792 2498 5834 esse
2548 5795 2562 5833 :
2612 5777 2678 5833 ad
2722 5777 2863 5850 quod
2906 5789 3116 5850 tempus
3144 5791 3318 5848 usque
3355 5791 3467 5834 una
3497 5776 3661 5834 fuerit
3689 5781 3784 5843 ,υτ
