4102 6306
338 388 432 444 179

336 508 498 577 Καινῇ
519 503 788 575 κειμένων
815 501 1078 572 προεῖπεν
1098 499 1132 567 ἡ
1163 497 1376 551 Παλαιὰ
1402 496 1666 567 Διαθήκη,
1706 496 1795 549 ἵνα
1826 492 1901 565 μή

332 595 576 662 ἄγνωστα
627 587 765 660 μένῃ
799 586 977 639 ταῦτα
1022 585 1133 646 τοῖς
1168 582 1345 635 ἔθνεσι
1385 583 1497 643 τοῖς
1545 579 1683 649 μετά
1725 577 1899 631 ταῦτα

335 660 610 747 μέλλουσιν
640 669 879 747 ἔσεσθαι,
908 667 1005 719 καὶ
1029 664 1268 747 ἀγνοῶσι
1304 663 1405 733 τῆς
1430 660 1765 747 προφητείας
1799 660 1899 730 τὴν

336 742 499 828 ίσχὺν,
521 742 874 825 ᾠκονόμήσεν
906 751 941 820 ή
965 749 1059 802 τοῦ
1087 746 1221 801 Θεοῦ
1249 744 1537 828 χάριςπρὸ
1565 744 1665 828 τῆς
1689 759 1899 828 παρομ-

332 825 443 903 σίας
471 838 570 891 τοῦ
595 833 833 907 Χριστοῦ
855 830 1254 904 ἐρμηνευθῆναι
1286 828 1385 891 τάς
1414 826 1635 897 Γραφάς
1658 864 1674 889 ,
1703 825 1766 877 οὐ
1786 825 1899 907 τοῖς

331 926 385 993 ἐξ
414 923 585 978 ἐθνῶν
618 906 798 991 μόνον,
839 915 981 971 ἀλλὰ
1025 913 1120 969 καὶ
1163 912 1429 966 Ἰουδαίων
1471 912 1583 993 τοῖς
1627 906 1897 993 πανταχοῦ

328 991 421 1078 τῆς
454 1003 782 1074 οἰκουμένης
833 999 1180 1070 διασπαρεῖσι
1210 996 1305 1049 καὶ
1344 992 1443 1065 τὴν
1486 991 1745 1078 ξΕϐραῖδα
1764 991 1900 1078 *λοι-

332 1074 425 1144 πδν
451 1085 790 1144 ἀποϐαλοῦσι
819 1083 1071 1153 γλῶσσαν
1097 1078 1399 1151 χρησίμους
1441 1075 1613 1139 αὑτὰς
1660 1074 1828 1127 ποιῶν
1854 1083 1895 1127 ⁸.

342 1174 460 1228 Ἰδοὺ
490 1171 623 1242 γάρ,
653 1169 974 1223 ἐπίστευσεν
996 1168 1025 1219 6
1052 1164 1112 1230 ἐξ
1140 1162 1330 1227 ἐθνῶν,
1362 1160 1575 1230 βλέπων
1597 1160 1667 1213 τά
1696 1160 1898 1230 σημεῖα

327 1260 427 1312 τῶν
479 1253 773 1309 Ἰουδαίων.
814 1250 941 1314 Πῶς
982 1244 1129 1319 εἶχον
1176 1247 1342 1301 πάλιν
1399 1243 1775 1312 ἐπαγαγέσθαι
1808 1242 1898 1296 τὸν

338 1339 582 1394 Ἰουδαῖον
605 1338 658 1389 οἰ
680 1334 989 1395 ἀπόστολοι,
1023 1332 1071 1384 εί
1102 1330 1178 1402 μὴ
1213 1328 1433 1399 ἔμελλον
1462 1325 1616 1396 αὐτῷ
1645 1325 1898 1379 διδάσκα-

328 1425 408 1477 λον
425 1421 637 1476 οἴκοθεν
665 1417 927 1490 παρέχειν
954 1415 1044 1468 τὸν
1062 1412 1350 1485 προφήτην
1370 1427 1385 1475 ;
1404 1411 1465 1462 Εἰ
1492 1410 1600 1478 γὰρ
1630 1410 1709 1471 εἰς
1742 1406 1899 1478 Ἀθή-

325 1524 415 1569 νας
434 1502 691 1558 εἰσελθὼν
718 1503 749 1553 ὁ
773 1497 985 1560 Παῦλος
1006 1494 1425 1566 ἐπιγράμματος
1459 1491 1652 1561 ἐδεήθη
1682 1492 1899 1561 ἐγκεκο-

326 1590 597 1662 λαμμένου
626 1583 813 1656 βωμῷ,
826 1582 920 1637 καὶ
937 1582 1036 1651 τήν
1058 1578 1403 1633 διδασκαλίαν
1432 1576 1491 1640 ἐξ
1523 1574 1731 1662 ἐκείνου
1762 1574 1898 1662 πρὸς

327 1659 517 1737 αὐτοὺς
554 1671 873 1741 ἐποιήσατο,
909 1667 1021 1729 τοῖς
1061 1663 1281 1726 οἰκείοις
1310 1662 1489 1715 αὐτῶν
1530 1660 1714 1724 ὅπλοις
1741 1659 1897 1712 εὐκο-

324 1760 552 1829 λιίιτερον
570 1740 817 1826 αἱρήσειν
835 1747 1169 1823 προσδοκῶν,
1185 1746 1324 1816 ὅπερ
1340 1744 1432 1797 καὶ
1446 1744 1664 1812 ἐγένετο
1680 1760 1702 1829 σῃ
1718 1740 1897 1829 πολλῷ

330 1825 524 1917 μᾶλλον
559 1825 1240 1917 ’ἰουδαίοιςδιαλεγόμενος
1261 1829 1430 1917 ἐδεῖτο
1456 1826 1775 1917 συμμαχίας
1795 1825 1897 1917 τῇς

326 1907 430 1982 ἀπὸ
454 1924 567 1977 τῶν
598 1916 922 1992 προφητῶν,
953 1915 1095 1968 ὥστε
1123 1914 1198 1984 μὴ
1225 1911 1320 1966 καί
1360 1911 1599 1973 ἐκείνους
1624 1907 1893 1992 ἐγκαλεῖν,

327 2013 402 2064 ὅτι
429 2006 595 2062 καινά
614 1991 739 2058 τινα
770 2002 866 2056 καὶ
894 1999 1169 2066 ξενίζοντα
1199 1996 1446 2067 εἰσφέρει
1478 1997 1559 2057 εἰς
1600 1993 1699 2055 τάς
1726 1991 1896 2053 ἀκοὰς

326 2092 517 2150 αὐτῶν.
556 2088 670 2143 Καὶ
698 2085 786 2139 διά
802 2083 879 2146 τί,
902 2082 1088 2152 φησὶν,
1120 2080 1220 2133 οὐκ
1246 2075 1317 2150 ἦν
1352 2079 1451 2149 μία
1472 2075 1644 2147 φωνὴ,
1680 2076 1773 2129 καὶ
1792 2074 1896 2127 πά-

328 2194 420 2247 σης
444 2170 595 2244 ἦμεν
614 2165 1025 2247 ἀπηλλαγμένοι
1051 2164 1151 2234 τῆς
1181 2161 1498 2247 δυσκολία;;
1520 2160 1635 2247 Μία
1664 2156 1814 2247 φωνὴ

327 2239 545 2313 παλαίδν
569 2250 662 2324 ἦν,
683 2246 728 2305 ὦ
751 2248 1024 2321 ἄνθρωπε,
1048 2248 1156 2324 καὶ,
1174 2244 1359 2315 ὥσπερ
1379 2243 1475 2324 μία
1502 2241 1662 2312 φύσις
1685 2239 1897 2324 ἀνθρώ-

329 2360 456 2404 πων,
479 2340 583 2393 καὶ
597 2321 709 2407 *μία
724 2332 879 2403 φωνὴ
900 2330 1117 2384 πάντων
1143 2323 1233 2399 ἦν.
1260 2328 1374 2381 Οὐκ
1404 2321 1474 2407 ἦν
1501 2323 1898 2407 ἐτερόγλωσσος

328 2425 412 2480 ἀπ’
442 2404 646 2494 ἀρχῆς,
681 2419 783 2472 οὐκ
805 2412 874 2487 ἦν
907 2412 1239 2485 ἐτερόφωνος
1258 2449 1278 2494 ,Δ
1309 2410 1409 2463 οὐκ
1439 2404 1509 2480 ἦν
1530 2407 1734 2494 Ἰνδὸς,Δ
1771 2404 1895 2460 οὔτε

326 2488 677 2579 Θρᾲξξηοῦτε
730 2498 979 2569 Σκύθης,
1027 2495 1163 2550 ἀλλά
1210 2492 1412 2556 πάντες
1441 2488 1897 2579 μιᾷ-διελέγοντο

327 2572 554 2663 γλωσσῃ.
586 2587 654 2640 Τί
679 2580 772 2641 οὖν
786 2583 981 2653 χέγονε
1009 2581 1070 2633 τὸ
1084 2580 1286 2641 αῖτιον;
1318 2575 1512 2663 φησίν.
1548 2572 1896 2663 Ἀνάξιοι

330 2658 447 2748 μιᾶς
460 2658 672 2741 ταύτης
698 2669 880 2739 φωνῆς
901 2666 1179 2748 ἐφάνημεν
1198 2664 1381 2733 ἡμεῖς,
1480 2658 1792 2748 ἀγνῴμονες
1811 2659 1897 2748 ἀεὶ

328 2742 448 2830 περὶ
490 2758 587 2810 τὸν
620 2751 938 2823 εὐεργέτην.
970 2748 1038 2800 Τί
1070 2746 1277 2830 λέγειςς
1312 2745 1497 2830 φωνῆς
1525 2744 1732 2830 ἀνάξιοι
1765 2742 1897 2830 ἐφά-

327 2825 517 2913 νημεν;
573 2836 672 2892 καὶ
710 2834 780 2888 τὰ
818 2832 916 2899 μὲν
959 2830 1127 2897 ἄλογα
1169 2828 1266 2900 τήν
1300 2828 1541 2913 οἰκείαν-
1560 2827 1742 2898 φωνήν
1784 2825 1897 2913 ἔχει

326 2906 496 2980 πάντα
516 2939 532 2952 θ
563 2920 832 2991 βληχᾶται
862 2913 1131 2985 πρόϐατα,
1175 2910 1454 2983 μηκῶνται
1480 2906 1656 2978 αἶγες,
1710 2909 1894 2978 μυκᾶ-

328 3024 413 3062 ται
436 2990 661 3076 ταῦρος,
684 2999 995 3073 χρεμετίζει
1016 2998 1200 3059 ἵππος,
1246 2994 1501 3066 βρύχεται
1529 2993 1687 3055 λέων,
1723 2990 1898 3063 ὠρύε-

328 3110 415 3146 ται
446 3089 629 3152 λύκος,
652 3082 865 3154 συρίζει
894 3081 1137 3151 δράκων·
1171 3079 1399 3131 ἕκαστον
1422 3076 1533 3130 τῶν
1565 3077 1775 3145 ἀλόγων
1804 3077 1897 3130 τὸν

330 3176 517 3229 οἰκεῖον
539 3170 774 3241 φθόγγον
797 3167 1136 3236 διετήρησεν,
1159 3162 1269 3231 ἐγὼ
1295 3161 1352 3214 δὲ
1384 3162 1544 3231 μόνος
1568 3161 1667 3231 τῆς
1693 3159 1897 3223 οἰκείας

327 3259 702 3326 ἀπεστέρημαι.
730 3251 946 3321 φωνῆςς
998 3250 1106 3302 Καὶ
1131 3248 1200 3300 τὰ
1231 3246 1399 3317 ἄγρια
1436 3247 1530 3300 καὶ
1573 3244 1643 3298 τὰ
1677 3244 1893 3316 ἥμερα,

332 3344 420 3397 καὶ
460 3342 530 3396 τὰ
571 3335 830 3410 χειροήθη
884 3333 978 3388 καὶ
1008 3332 1076 3385 τά
1127 3329 1491 3384 ἀτιθάσσευτα
1532 3326 1647 3391 ζῶα
1687 3327 1897 3397 ἔμεινεν

338 3428 557 3479 ἑκαστον
585 3420 778 3490 ἔχοντα
800 3416 897 3487 τήν
930 3414 991 3480 ἐξ
1014 3413 1186 3485 ἀρχῆς
1216 3410 1690 3481 συγκληρωθεῖσαν
1714 3410 1897 3472 αὐτοῖς

339 3508 513 3577 φωνήν
530 3520 544 3534 ·
578 3503 689 3572 ἐγὼ
710 3501 769 3554 δὲ
793 3501 822 3553 6
841 3500 1022 3569 ἄρχων
1060 3496 1238 3550 αὐτῶν
1269 3493 1551 3565 ήτίμωμαι
1574 3492 1898 3577 ;Ακάκείνοις

350 3574 443 3662 μὲν
463 3574 491 3630 ὃ
511 3588 753 3658 ἀκίνητοι
767 3584 827 3637 αί
849 3582 1028 3653 τιμαὶ,
1055 3578 1164 3646 ἐγὼ
1188 3578 1245 3631 δέ
1266 3577 1522 3662 ἐξέπεσον
1546 3575 1655 3630 τῶν
1681 3574 1899 3662 δωρεῶν

345 3656 433 3728 τοῦ
461 3670 617 3738 Θεοῦς
656 3656 778 3723 Καὶ
817 3666 871 3720 τί
896 3662 1148 3718 τοσοῦτον
1174 3658 1484 3734 ἡμάρτηταί
1517 3674 1637 3730 μοις
1669 3658 1771 3710 οὐκ
1794 3656 1898 3727 ἧρ-

348 3772 467 3810 κουν
500 3756 551 3808 αἰ
581 3752 845 3823 πράτεραι
882 3745 1174 3818 τιμωρίαις
1217 3742 1424 3796 Ἔδωκέ
1460 3758 1548 3823 μοι
1576 3741 1669 3794 τὸν
1718 3740 1896 3823 παρὰτ

349 3822 865 3903 δεισον,καὶίέξέ6αλέ
884 3847 951 3901 με
965 3829 1063 3883 τοῦ
1090 3825 1434 3898 παραδείσου·
1461 3822 1599 3889 ἔζων
1618 3823 1731 3893 βίον
1746 3822 1898 3894 [185]

353 3922 706 3990 ἀταλαίπωρον
726 3916 821 3970 καὶ
840 3914 1018 3968 πόνων
1034 3908 1471 3982 ἀπηλλαγμένον,
1489 3906 1810 3961 κατεδίκασέ
1831 3924 1901 3977 με

356 4007 519 4078 ἱδρῶτι
544 4005 636 4059 καὶ
668 4000 852 4073 μόχθῳ
873 4015 889 4030 ο
916 3998 1175 4067 ἄσπαρτα
1204 3994 1299 4048 καὶ
1334 3992 1572 4078 ἀνήροτα
1610 3992 1787 4078 πάντα
1811 4008 1901 4061 μοι

358 4074 590 4160 παρεῖχεν
629 4089 664 4158 ἡ
705 4085 812 4154 γῆ,
854 4080 1140 4135 ἐκέλευσεν
1177 4078 1314 4147 αὐτῇ
1358 4075 1599 4160 ἀκάνθας
1648 4074 1742 4160 καὶ
1784 4091 1901 4145 τρι-

361 4157 532 4234 ϐόλους
549 4157 983 4236 ἀνενεγκεῖν,κα“ι
1009 4163 1087 4223 εἰς
1111 4161 1281 4231 αὑτήν
1310 4176 1376 4229 με
1394 4157 1554 4213 πάλιν
1569 4157 1896 4227 ἀπέστρεψεο

367 4254 552 4324 θανάτῳ
587 4270 651 4324 με
679 4251 902 4304 ἐκόλασε
922 4265 935 4277 ·
960 4247 1021 4300 τὸ
1040 4245 1150 4299 τῶν
1180 4243 1455 4312 γυναικῶν
1473 4242 1627 4310 γένος
1648 4241 1902 4324 ἐκόλασεν

368 4323 624 4393 ὑποϐαλὼν
668 4336 823 4389 ὠδῖσι
862 4331 956 4385 καὶ
1008 4329 1211 4391 πόνοις.
1257 4328 1369 4381 Ούκ
1412 4325 1574 4396 ήρκει
1605 4323 1778 4377 ταῦτα
1824 4325 1903 4387 εἰς

367 4421 626 4494 τιμωρίαν,
648 4417 787 4474 ἀλλά
812 4416 1020 4483 καὶτῆς
1037 4413 1218 4481 φωνῆς
1243 4426 1308 4480 με
1329 4407 1571 4494 ἐξέϐαλε,
1594 4407 1687 4460 καὶ
1698 4405 1902 4494 ταύτης

371 4488 677 4578 ἀπεστέρησε
707 4501 806 4571 τῆς
850 4499 1036 4567 τιμῆς,
1072 4495 1160 4548 ἵνα
1178 4494 1304 4555 τοὺς
1326 4488 1752 4578 όμοφύλους-καὶ
1774 4491 1903 4578 ὁμμ⁴

371 4590 516 4655 γενεῖς
537 4572 777 4656 καθάπερ
806 4580 1085 4655 θηριώδεις
1110 4575 1558 4647 ἀποστρέφωμαι,
1581 4572 1686 4656 ,τῆς
1718 4572 1903 4656 φωνῆς

373 4654 760 4741 διατειχιζούσης
794 4654 887 4736 μοι
902 4664 999 4735 τὴν
1034 4659 1337 4715 συνουσίαν.
1368 4658 1466 4711 Διά
1510 4655 1670 4741 τοῦτο
1693 4654 1906 4725 ηῦξησα

375 4756 455 4823 τὴν
474 4738 760 4815 ἀντίθεσιν,
804 4751 871 4804 ἵν’
897 4750 1024 4802 ὅταν
1048 4744 1311 4812 ἐπαγάγω
1338 4741 1436 4812 τήν
1457 4740 1628 4803 λύσιν,
1659 4738 1905 4823 λαμπρο-

374 4822 484 4907 τέρα
501 4838 710 4908 γένηται
738 4836 773 4906 ή
803 4833 948 4901 νίκη.
971 4832 1032 4884 Εἰ
1062 4826 1307 4882 ἐϐούλετό
1337 4841 1426 4895 με,
1448 4823 1631 4908 φησίν,
1653 4822 1905 4908 ἐκϐαλεῖν

377 4905 544 4975 τούτων
578 4905 858 4979 ἁπάντων,
896 4912 1039 4974 τίνος
1080 4909 1264 4964 ἐνεκέν
1308 4925 1398 4978 μοι
1440 4905 1581 4961 αύτά
1624 4905 1775 4977 παρά
1803 4905 1904 4975 τὴν

378 5004 521 5075 ἀρχήν
550 5004 745 5067 ἐδίδους
787 4995 1049 5052 Βούλεσθε
1086 4995 1177 5047 ἀπ’
1208 4990 1374 5047 αὐτοῦ
1418 4990 1610 5075 τούτου
1641 4988 1906 5075 ἐπαγάγω

376 5072 634 5155 λύσιν,
665 5086 759 5139 ἀπ’
787 5080 959 5149 αὐτῆς
1009 5077 1109 5148 τῆς
1154 5076 1523 5147 ἀντιρρήσεως
1560 5073 1658 5144 τῆς
1701 5072 1902 5142 ψιλῆςς

378 5169 590 5242 Τοσαύτη
621 5171 727 5241 γὰρ
777 5167 888 5220 τῶν
938 5162 1079 5233 ὑπὲρ
1118 5158 1213 5213 τοῦ
1247 5158 1399 5242 -Θεοῦ
1453 5155 1836 5242 δικαιωμάτων
1870 5156 1904 5225 ή

378 5238 642 5324 πριουσέαέ
671 5238 745 5314 ὥς
782 5247 953 5317 αὐτὴν
983 5244 1079 5297 τοῦ
1125 5240 1491 5324 ἀντιλέγοντος
1516 5238 1615 5310 τὴν
1652 5238 1907 5324 ἀντίρρη-

380 5321 465 5397 σιν,
495 5337 643 5407 μηδὲν
688 5332 822 5404 παρ’
861 5329 1023 5400 ήμῶν
1071 5322 1626 5407 προσλαμϐάνουσαν,
1666 5321 1906 5407 ,ἀρκέσαι

376 5404 506 5488 πρὸς
531 5404 622 5491 τὴν
661 5417 770 5472 τῶν
815 5408 1177 5483 ἐγκλημάτων
1220 5405 1395 5491 λύσιν.
1449 5406 1533 5491 Εἰς
1555 5404 1804 5491 ἐϐούλετό
1839 5421 1907 5491 με

374 5487 592 5557 ἐκϐαλεῖν
616 5502 831 5556 πάντων
850 5495 1077 5559 τούτων,
1105 5492 1246 5555 τίνος
1271 5490 1452 5545 ἐνεκεν
1478 5489 1619 5543 αὐτά
1647 5505 1735 5560 μοι
1758 5487 1908 5560 παρὰ

423 5661 446 5690 ⁸
465 5661 719 5711 Ὁὶοθιιόιιω
762 5654 1026 5706 videbatur
1062 5648 1282 5700 ποιοῦσα·
1306 5662 1414 5697 nam
1455 5648 1805 5698 substantivum
1830 5653 1911 5697 est

367 5732 492 5790 mp9
512 5726 539 5779 ή
557 5722 637 5771 τοῦ
657 5719 778 5769 θεοῦ
804 5718 955 5782 χάρις.
980 5715 1080 5764 Sed
1101 5715 1177 5763 hic
1200 5724 1414 5770 sensum,
1438 5723 1531 5759 non
1563 5711 1725 5769 verba,
1751 5714 1909 5772 respi-

368 5786 423 5831 cil
444 5785 813 5841 Chrysostomus.

420 5844 448 5883 ιι
467 5847 556 5894 Μέν
575 5846 744 5895 deem
774 5847 826 5891 in
846 5837 1043 5889 'Morcl.
1066 5835 1163 5887 Sed
1188 5834 1236 5884 in
1272 5836 1377 5886 aliis
1412 5832 1639 5892 habetur,
1661 5837 1713 5880 et
1734 5832 1811 5881 hic
1832 5844 1909 5881 re-

372 5906 572 5959 «nititur.

1285 373 1375 428 ΒΕ
1412 371 1951 428 PROPHETIARUM
1988 365 2492 426 OBSCURITATE.
2534 365 2598 420 ll.

3404 378 3405 381 ‘
3480 367 3586 426 180

2009 491 2104 561 τὴν
2132 488 2305 562 ἀρχὴν
2340 488 2548 555 ἐδίδους
2596 486 2709 539 Καὶ
2739 485 2849 557 γάρ
2882 486 3037 556 κάγὼ
3066 486 3128 540 τὸ
3157 485 3289 541 αὐτὸ
3334 486 3509 556 λέγω*
3536 491 3587 544 εί

2014 582 2265 637 ἐϐούλετό
2299 599 2357 634 σε
2391 580 2641 635 ἐκϐαλεῖν
2682 580 2897 634 πάντων
2941 584 3164 643 τούτων,
3212 579 3357 642 τίνος
3398 580 3589 633 ἕνεκεν

2006 666 2210 731 ἐδίδου;
2259 665 2421 717 ’Ὥστε
2460 662 2647 733 ἐπειδή
2690 662 2789 715 οὐκ
2822 660 3070 714 ἐϐούλετό
3106 679 3163 714 σε
3199 662 3469 727 ἐκϐαλεῖν,
3500 665 3586 719 διά

2003 749 2161 801 τοῦτο
2187 748 2353 801 ἔδωκέ
2384 764 2466 799 σοι
2491 745 2665 799 ταῦτα
2695 744 2846 816 παρά
2868 745 2968 816 τὴν
3005 745 3201 815 ἀρχήν.
3248 744 3313 798 Τί
3345 742 3439 799 οὖν
3465 748 3588 815 ἐγέο

2002 855 2158 903 νετο;
2193 838 2305 907 Οὐχ
2327 839 2356 890 6
2384 834 2516 900 Θεός
2547 853 2605 888 σε
2628 834 2901 899 ἐξέϐαλεν,
2928 833 3063 888 ἀλλά
3104 836 3168 887 σὺ
3194 834 3481 900 ἀπώλεσας
3517 837 3587 890 τά

2002 920 2245 975 δοθέντα.
2299 920 2535 973 Ἐκεῖνον
2584 916 2833 988 θαύμαζε
2870 917 2970 987 τῆς
3019 915 3451 987 φιλανθρωπίας,
3503 919 3587 972 ὅτι

2005 1005 2298 1077 ἐχαρίσατο
2318 1019 2330 1033 ·
2361 1000 2542 1073 σαυτῷ
2573 1001 2789 1072 μέμφου
2821 999 2922 1070 τῆς
2950 1000 3244 1071 ῥᾳθυμίας,
3273 1001 3354 1054 ὅτι
3383 1001 3445 1054 τὸ
3482 1001 3585 1054 δῶ-

2006 1105 2099 1159 ρον
2119 1088 2220 1141 οὐκ
2243 1086 2535 1158 ἐφύλαξας.
2563 1086 2726 1138 Ὥστε
2752 1084 2932 1155 δῆλον,
2957 1084 3039 1137 ὃτι
3082 1087 3180 1156 οὐχ
3212 1087 3240 1138 6
3263 1102 3583 1158 παρακατα-

2003 1170 2231 1242 θέμενος
2279 1170 2469 1233 αῐτιος,
2503 1169 2618 1221 ἀλλ’
2648 1169 2676 1221 6
2705 1167 2803 1237 τὴν
2850 1168 3327 1239 παρακαταθήκην
3358 1169 3586 1241 προδοὺς

2003 1253 2361 1324 ἐγκλημάτων
2383 1251 2701 1315 ὑπεύθυνος.
2735 1251 2860 1304 Ὅτι
2889 1251 2997 1321 γὰρ
3025 1250 3222 1319 ἐφίλει,
3268 1251 3364 1305 καὶ
3393 1252 3583 1321 φιλάν-

1988 1336 2218 1409 θρωπος
2238 1332 2326 1408 ἦν,
2362 1337 2454 1389 καὶ
2483 1334 2731 1389 ἐϐούλετο
2754 1332 3100 1404 χαρίσασθαι,
3127 1332 3347 1399 ἔδειξεν,
3374 1336 3587 1399 οὐδενὸς

2003 1418 2059 1471 δὲ
2084 1418 2501 1486 ἀναγκάζοντος,
2530 1417 2652 1470 οὐδὲ
2683 1416 2804 1487 βίαν
2831 1416 3187 1482 ἐπιτιθέντος,
3210 1418 3271 1469 οὐ
3294 1418 3361 1470 τὰ
3391 1435 3587 1487 κατορ-

1992 1492 2232 1572 ⁸θώματά
2267 1519 2358 1555 σου
2388 1500 2695 1571 θαυμάσας,
2731 1500 2832 1553 οὐκ
2868 1498 3007 1569 ἔχων
3038 1516 3121 1553 σοι
3144 1500 3319 1553 πόνων
3351 1500 3587 1570 ἀμοιϐὴν

2003 1584 2324 1638 ἀποδοῦναι’
2382 1583 2498 1637 ἀλλ’
2550 1583 2752 1645 εὐθέως
2803 1581 3049 1645 πλάσας,
3103 1581 3301 1645 εὐθέως
3351 1584 3430 1645 εἰς
3487 1585 3587 1654 τὴν

2009 1666 2188 1737 ἀρχὴν
2217 1667 2493 1738 μετήγαγε
2518 1665 2742 1736 ταύτην,
2777 1665 2865 1718 ἵνα
2892 1664 3063 1735 δείξῃ,
3094 1665 3174 1718 ὅτι
3197 1665 3294 1717 οὐκ
3322 1664 3587 1727 ἀντίδοσις

2003 1749 2240 1819 ἀμοιϐῆς
2271 1751 2304 1821 ή
2339 1749 2538 1821 δωρεά,
2565 1748 2701 1802 ἀλλά
2729 1748 2911 1818 γυμνή
2936 1749 2969 1818 ή
3005 1748 3165 1818 χάρις
3192 1743 3279 1818 ἦν.
3313 1746 3455 1800 Εἰδέ
3485 1749 3585 1799 οὐκ

1992 1830 2272 1903 ἐφύλαξας
2305 1833 2374 1885 τὰ
2405 1832 2645 1896 δοθέντα,
2675 1831 2869 1884 σαυτὸν
2898 1830 3080 1899 αἰτιῶ,
3106 1830 3182 1903 μή
3202 1830 3293 1884 τὸν
3318 1830 3586 1885 δεδωκότα

2006 1917 2106 1989 τὴν
2136 1915 2345 1987 δωρεάν
2375 1926 2397 1954 θ
2410 1956 2424 1971 .

2072 1997 2198 2073 Ἆρ’
2247 1997 2340 2054 οὖν
2391 1999 2549 2053 τοῦτο
2601 1998 2760 2069 μόνον
2808 1999 3004 2070 ἔχομεν
3075 1999 3248 2052 εἰπεῖν
3299 1998 3440 2069 ὑπὲρ
3487 1995 3583 2050 τοῦ

2002 2083 2301 2149 Δεσπότου;
2360 2081 2539 2152 Ἰκανὴ
2596 2083 2693 2152 μέν
2742 2077 2835 2135 οὖν
2876 2084 2971 2135 καὶ
3001 2081 3137 2151 αὕτη
3184 2083 3218 2151 ή
3270 2080 3534 2149 ἀπολογία
3567 2097 3582 2111 ·

2003 2167 2123 2221 ἀλλ’
2147 2168 2181 2238 ή
2209 2168 2435 2238 ἀπειρος
2460 2166 2624 2220 αὐτοῦ
2656 2165 2928 2236 ἀγαθότης
2953 2167 3046 2219 καὶ
3074 2166 3108 2236 ή
3136 2164 3372 2237 άρῤητος
3406 2164 3588 2233 φιλανα

2003 2249 2217 2321 θρωπία
2250 2251 2344 2304 καὶ
2393 2249 2587 2320 ἑτέραν
2632 2250 2765 2319 ήμῖν
2820 2247 3139 2319 περιουσίαν
3196 2247 3581 2318 δικαιωμάτων

2002 2334 2252 2406 παρέχει.
2296 2333 2431 2387 (νύδέ
2467 2333 2576 2405 γὰρ
2605 2332 2761 2386 τοῦτο
2783 2332 2943 2403 μόνον
2976 2332 3126 2384 ἐστιν
3161 2334 3355 2394 εἰπεῖν,
3387 2332 3467 2386 ὅτι
3490 2331 3590 2386 αὐ-

2000 2419 2093 2482 τὸς
2121 2420 2218 2489 μὲν
2250 2417 2438 2482 ἔδωκε,
2461 2421 2526 2471 σὺ
2552 2418 2609 2470 δὲ
2626 2416 2914 2480 ἀπώλεσας
2933 2432 2949 2447 ’
2974 2414 3320 2485 ἀπήλλακται
3356 2415 3457 2487 μὲν
3479 2416 3588 2485 γὰρ

1992 2503 2101 2558 ηκαί
2130 2502 2271 2556 οὕτω
2299 2502 2406 2556 τῶν
2437 2501 2799 2573 ἐγκλημάτων
2822 2503 2850 2554 6
2875 2500 3019 2563 δοὺς,
3050 2499 3248 2571 μᾶλλον
3274 2499 3332 2565 δὲ
3368 2500 3463 2553 καὶ
3495 2516 3592 2571 με-

2000 2588 2187 2657 γίστου
2223 2585 2495 2657 θαύματός
2533 2588 2679 2639 ἐστιν
2721 2584 2906 2649 ἄξιος,
2942 2584 3025 2637 ὅτι
3065 2584 3161 2638 καὶ
3203 2583 3470 2648 προειδὼς
3506 2584 3588 2637 δτι

2000 2671 2242 2739 ἀπολεῖς,
2266 2671 2365 2724 οὐκ
2396 2668 2737 2741 ἀπεστέρησέ
2773 2685 2833 2722 σε
2860 2669 2964 2739 τῆς
2991 2667 3201 2738 δωρεᾶς
3241 2683 3256 2699 ο
3290 2666 3430 2737 πλὴν
3454 2666 3591 2719 ἀλλὰ

1988 2755 2097 2809 καὶ
2136 2755 2323 2827 ἕτερον
2360 2752 2540 2823 πολλῷ
2587 2751 2770 2822 μεῖζον
2819 2750 2926 2822 ἔχω
2964 2750 3167 2804 τούτων
3203 2751 3398 2808 εἰπεῖν.
3431 2750 3495 2802 Τί
3532 2749 3590 2802 δέ

2001 2836 2159 2890 τοῦτό
2197 2839 2379 2903 ἐστιν;
2420 2836 2543 2890 Ὅτι
2573 2835 2667 2888 καὶ
2708 2834 2846 2905 μετά
2889 2832 2951 2886 τὸ
2993 2832 3256 2886 ἀπολέσαι
3295 2830 3354 2898 ἐξ
3386 2831 3592 2895 οἰκείας

2005 2919 2295 2990 ῥᾳθυμίας,
2327 2918 2490 2974 πάλιν
2524 2917 2832 2972 ἀποδέδωκέ
2856 2932 2939 2969 σοι
2959 2916 3030 2969 τά
3059 2914 3373 2969 ἀπολωλότα
3398 2930 3415 2946 ο
3453 2914 3591 2985 μᾶλ-

2001 3002 2093 3055 λον
2126 3003 2186 3056 δὲ
2220 3002 2281 3055 οὐ
2310 3002 2379 3055 τά
2407 2999 2724 3055 ἀπολωλότα
2759 2999 2938 3071 μόνον,
2970 2997 3107 3051 ἀλλά
3138 2996 3235 3051 καὶ
3265 2996 3443 3067 πολλῷ
3471 2996 3593 3066 μεί-

2006 3086 2136 3151 ζονα
2165 3084 2391 3139 τούτων.
2432 3084 2741 3148 Ἀπώλεσας
2782 3083 2880 3154 μὲν
2912 3080 3019 3152 γὰρ
3055 3081 3396 3152 παράδεισον,
3422 3078 3590 3133 ἔδωκε

2002 3170 2058 3223 δέ
2092 3187 2174 3224 σοι
2198 3170 2287 3222 τὸν
2312 3168 2555 3239 οὐρανόν.
2593 3168 2755 3239 Ὁρᾷς
2780 3166 2898 3230 πῶς
2929 3166 3184 3236 μείζωνή
3222 3163 3461 3235 ἐμπορία
3489 3162 3592 3232 τῆς

2004 3250 2208 3323 ζημίας
2229 3293 2244 3317 ,
2276 3250 2424 3324 [186]
2460 3252 2577 3316 πῶς
2604 3252 2802 3305 πλείων
2824 3253 2853 3303 6
2874 3249 3131 3313 πλοῦτος;
3164 3247 3372 3302 Ἔδωκέ
3403 3264 3481 3299 σοι
3500 3245 3593 3299 τὸν

2002 3335 2247 3406 οὐρανὸν,
2264 3336 2350 3388 ἵνα
2376 3335 2469 3389 καὶ
2486 3335 2585 3403 τὴν
2596 3335 2802 3388 οἰκείαν
2820 3331 3223 3403 φιλανθρωπίαν
3239 3328 3591 3399 ἐπιδείξηται,

2003 3417 2212 3471 καὶτὸν
2241 3416 2488 3471 διάϐολον
2515 3417 2674 3488 δάκῃ.
2704 3416 2916 3479 δεικνὺς
2944 3415 3025 3468 ὅτι
3057 3413 3162 3467 κᾶν
3194 3413 3362 3484 μυρία
3384 3411 3462 3482 τῷ
3482 3411 3593 3464 τῶν

2002 3499 2100 3552 ἀνθ
2108 3498 2307 3571 ρώπων
2329 3499 2689 3571 ἐπιϐουλεύσῃ
2712 3499 2883 3568 γένει,
2904 3496 3055 3550 οὐδὲν
3075 3496 3224 3549 ἐσται
3242 3494 3400 3547 πλέον
3421 3492 3593 3563 αὐτῷ,

2003 3583 2099 3635 τοῦ
2141 3582 2274 3636 Θεοῦ
2310 3583 2449 3654 πρὸς
2494 3582 2717 3653 μείζονα
2757 3580 2844 3635 ἀεὶ
2885 3579 3051 3650 τιμὴν
3092 3579 3239 3649 ήμᾶς
3280 3576 3593 3645 ἀνάγοντος.

2005 3654 2322 3728 ’Λπὼλεσας
2350 3665 2532 3719 τοίνυν
2560 3665 2910 3735 παράδεισον,
2938 3664 3030 3717 καὶ
3053 3660 3254 3732 ἀνέῳξέ
3288 3677 3370 3714 σοι
3406 3663 3435 3714 6
3461 3660 3593 3724 Θεὸς

2002 3748 2096 3800 τὸν
2119 3748 2345 3820 οὐρανόν
2362 3764 2377 3780 ·
2404 3747 2801 3817 κατεδικάσθης
2823 3746 2971 3815 πόνῳ
2995 3743 3336 3816 προσκαίρῳ,
3366 3743 3460 3796 καὶ
3484 3743 3595 3796 ἐτι-

2009 3831 2187 3902 μήθης
2214 3831 2325 3903 ζωῇ
2355 3832 2556 3902 αἰωνίῳ
2572 3849 2584 3862 ο
2617 3830 2869 3885 ἐκέλευσε
2903 3832 2970 3901 τῇ
2996 3832 3067 3900 γῇ
3090 3827 3332 3892 ἀκάνθας
3359 3828 3452 3881 καὶ
3476 3845 3595 3900 τρι-

1992 3914 2192 3979 ϐόλους
2214 3916 2474 3983 ἐνεγκεῖν,
2492 3914 2585 3968 καὶ
2615 3912 2914 3985 ἐϐλάστησέ
2932 3929 3013 3967 σοι
3045 3911 3255 3984 καρπὸν
3278 3910 3594 3983 Πνεύματος

2007 3999 2041 4068 ἡ
2069 3997 2216 4067 ψυχή
2245 3995 2295 4051 d-

2076 4093 2139 4146 δ’.
2163 4093 2273 4145 Καὶ
2290 4092 2480 4146 σκόπει
2503 4110 2591 4164 μοι
2613 4092 2712 4164 τήν
2728 4094 2916 4162 φιλανθ
2926 4094 3132 4164 ρωπίαν
3146 4094 3237 4149 τοῦ
3253 4094 3407 4154 Θεοῦ.
3429 4097 3589 4170 μέχρι

2008 4175 2174 4229 πόσου
2208 4174 2433 4245 κατέϐη.
2477 4176 2565 4229 Ἐν
2589 4180 2701 4240 τοῖς
2734 4176 3061 4230 ἀπολλύουσι
3094 4193 3214 4230 τινα
3243 4178 3352 4232 τῶν
3378 4181 3591 4233 οἰκείων

2008 4259 2322 4329 κτημάτων,
2361 4260 2465 4312 κᾶν
2506 4258 2729 4329 μείζονα
2761 4261 2964 4313 λάϐωσι
3002 4260 3097 4313 καί
3137 4261 3589 4332 πολυτελέστερα,

2008 4348 2192 4399 ἐκεῖνα
2217 4345 2285 4399 τά
2304 4345 2618 4400 ἀπολωλότα
2637 4347 2817 4417 ζητεῖν
2836 4348 3098 4417 ἐφίενται,
3116 4349 3210 4402 καὶ
3236 4348 3310 4420 μὴ
3328 4350 3592 4420 πρότερον

2009 4428 2456 4500 πληροφορεῖθαι,
2490 4429 2596 4492 ἓως
2634 4428 2701 4483 ἂν
2738 4430 2879 4484 αὐτά
2911 4431 3274 4486 ἀπολάϐωσιν.
3323 4433 3471 4486 Ἐπεὶ
3499 4429 3595 4485 οὖν

2007 4511 2297 4575 ἀπώλεσας
2343 4512 2689 4584 παράδεισον,
2727 4512 2847 4583 οὐχί
2882 4512 2973 4567 τὸν
3010 4514 3234 4585 οὐρανόν
3273 4532 3355 4568 σοι
3396 4516 3593 4569 δέδωκε

2012 4593 2192 4663 μόνον,
2239 4594 2373 4648 ἀλλά
2418 4595 2511 4647 καὶ
2555 4594 2881 4666 παράδεισον
2919 4596 3014 4650 καὶ
3043 4597 3289 4668 οὐρανόν.
3326 4596 3596 4667 Σήμερον

2002 4678 2129 4747 μετ’
2144 4678 2289 4746 ἐμοῦ
2306 4679 2421 4747 ἔσῃ
2441 4677 2605 4744 ἐντῷ
2621 4678 2980 4746 παραδείσῳ,
2996 4680 3160 4753 φησίν
3178 4697 3191 4712 ·
3219 4680 3308 4736 ἵνα
3333 4682 3407 4754 μὴ
3435 4683 3597 4753 μόνον

2007 4762 2074 4832 τῇ
2100 4760 2209 4814 τῶν
2238 4759 2500 4831 μειζόνων
2532 4761 2838 4833 προσθήκη,
2871 4762 3006 4817 ἀλλά
3034 4763 3128 4817 καὶ
3152 4766 3217 4835 τῇ
3247 4765 3355 4818 τῶν
3384 4766 3596 4819 ἀπολω-

2009 4843 2176 4897 λότων
2235 4844 2529 4915 ἀνακτήσει
2588 4845 3050 4917 παραμυθήσηται
3099 4846 3196 4918 τήν
3253 4848 3595 4918 όδυνωμένην

2009 4926 2208 4997 ψυχήν.
2260 4925 2419 4993 Ἀλλ’,
2460 4928 2509 4981 εἰ
2540 4926 2713 4993 δοκεῖ,
2746 4929 2841 4983 καὶ
2884 4930 2973 4982 ἐπ’
3004 4930 3135 4984 αὐτὸ
3165 4930 3322 4983 τοῦτο
3353 4930 3596 4999 ἔλθωμεν

2009 5011 2071 5063 τὸ
2117 5008 2506 5080 προκείμενον,
2556 5010 2651 5064 καὶ
2697 5011 2896 5081 ἴδωμεν
2948 5012 3066 5077 πῶς
3099 5013 3456 5083 ἀπωλέσαμεν
3494 5013 3595 5083 τήν

2012 5088 2213 5163 φωνήν.
2248 5093 2383 5146 Οὐδὲ
2411 5091 2519 5164 γὰρ
2548 5093 2745 5165 μικρὸν
2778 5097 2855 5158 εἰς
2886 5094 3181 5165 ἀσφαλείας
3207 5094 3361 5162 λόγον
3387 5096 3419 5164 ή
3452 5094 3594 5147 ἰστο-

2014 5175 2123 5245 ρία.
2166 5175 2225 5228 '0
2262 5175 2370 5245 γὰρ
2408 5175 2593 5245 μαθὼν
2624 5177 2715 5230 τὸν
2751 5177 2949 5247 τρόπον
2984 5167 3083 5248 τῆς
3121 5177 3390 5248 προτέρας
3418 5176 3596 5244 ἀσφα-

2011 5256 2183 5322 λείας,
2210 5259 2346 5329 πρὸς
2372 5258 2440 5312 τά
2466 5259 2630 5312 λοιπά
2654 5259 3053 5330 ἀσφαλέστερος
3082 5259 3253 5312 ἔσται.
3279 5259 3596 5327 Ἀναγκαῖον

2012 5339 2068 5393 δὲ
2107 5341 2284 5394 πάντα
2321 5342 2456 5412 πρὸς
2494 5343 2640 5413 ὑμᾶς
2672 5345 2848 5397 εἰπεῖν
2883 5357 2899 5375 ο
2938 5337 3068 5407 οἷον,
3104 5342 3183 5395 ὅτι
3220 5341 3317 5411 μία
3351 5340 3501 5411 φωνὴ
3534 5340 3595 5393 τὸ

2013 5423 2242 5477 παλαιὸν
2271 5425 2486 5479 πάντων
2515 5424 2818 5496 ἀνθρώπων
2855 5421 2944 5496 ἦν,
2974 5426 3056 5478 δτι
3095 5428 3175 5488 είς
3209 5425 3406 5488 πολλὰς
3438 5424 3594 5478 ὕστε-

2014 5524 2109 5579 ρον
2133 5507 2395 5577 μετέπεσε
2418 5526 2433 5540 ·
2459 5510 2621 5581 μέχρι
2645 5509 2774 5563 πότε
2801 5508 2897 5579 μία
2917 5504 3009 5579 ἦν.
3029 5508 3119 5561 καὶ
3141 5508 3269 5561 πότε
3298 5509 3597 5580 μετέπεσεν

2014 5591 2095 5653 είς
2126 5592 2324 5655 πολλάς
2352 5609 2370 5624 ο
2404 5595 2500 5647 καὶ
2529 5594 2755 5660 πότερον
2788 5590 2923 5661 αὐτὴ
2954 5590 3134 5661 ἐκείνη
3171 5592 3465 5663 ήφανίσθη,
3500 5593 3595 5649 καὶ

2015 5672 2198 5745 ἕτεραι
2226 5676 2638 5748 εἰσηνέχθησαν,
2669 5678 2702 5747 ἢ
2730 5672 2997 5746 μενούσης
3022 5674 3237 5747 ἐκείνης
3264 5676 3594 5747 ἐπεισήχθη-

2080 5826 2102 5893 ίξ
2124 5825 2254 5893 (ζοΙ-Ι).
2278 5828 2361 5887 τὴν
2382 5831 2533 5893 χάριν.
2594 5836 2595 5839 “

2078 5884 2103 5924 δ
2133 5890 2266 5941 Ευιι).
2295 5884 2473 5951 καρπον
2496 5894 2633 5945 ζωῆς·
2659 5887 2739 5934 καὶ
2758 5885 2946 5935 σκόπει.
