4102 6306
581 362 670 421 181

573 494 673 530 σαν
697 475 753 527 αἰ
784 472 967 527 λοιπαί
991 489 1003 504 ο
1030 470 1118 525 6:6
1143 470 1195 525 τί
1224 470 1509 541 συνεχύθη,
1538 470 1633 523 καὶ
1659 470 1723 522 ἐκ
1746 466 1905 528 ποίας
1931 462 2136 525 αἰτίας·

573 559 692 616 εἶτα
730 561 859 632 ποία
885 558 1087 612 τούτων
1116 558 1223 611 τῶν
1253 557 1462 612 πολλῶν
1493 556 1685 627 φωνῶν
1718 557 1752 625 ἡ
1787 551 1997 608 Παλαιὰ
2024 568 2144 604 συν-

570 651 748 704 ἐκειτο
771 646 1012 716 Διαθήκη
1036 664 1048 675 ·
1075 646 1162 699 6:6
1182 645 1289 716 769
1314 647 1527 713 ἐκείνην
1560 644 1736 698 πάντα
1764 642 1936 695 ταῦτα
1965 639 2144 708 ἐκινήσ

573 754 744 808 σαμεν
777 753 791 766 °
826 736 1052 805 πότερον
1091 738 1155 806 τῇ
1198 735 1401 806 ἀρχαίᾳ
1442 736 1533 787 καὶ
1572 731 1934 803 πρεσϐυτέρᾳ,
1965 729 1997 799 ἢ
2026 731 2144 789 ταῖς

571 824 794 895 ὕστερον
822 821 1326 892 ἐπεισενεχθείσαις.
1356 820 1513 873 Ἀλλά
1539 821 1611 890 μὴ
1628 819 1839 889 δείσητε
1868 834 1881 847 ⁸
1911 815 2013 869 κᾶν
2036 814 2144 885 γὰρ

573 916 648 987 μὴ
674 916 909 986 τήμερον
945 914 1158 968 ἅπαντα
1190 912 1507 982 δυνηθῶμεν
1525 909 1832 972 ἀποδοῦναι,
1856 906 1990 962 ἀλλὰ
2012 907 2147 959 πάν-

569 1021 677 1066 τως
710 1003 837 1073 ὑμῖν
871 1001 1218 1072 ἀποδώσομεν
1252 1000 1496 1071 ὕστερον.
1541 998 1695 1061 Τίνος
1726 992 1818 1050 οὖν
1852 996 2033 1049 ἕνεκεν
2071 993 2145 1064 μὴ

573 1089 855 1159 μέλλοντες
882 1090 1095 1142 ἅπαντα
1127 1088 1363 1158 τήμερον
1391 1086 1727 1149 ἀποδιδόναι,
1761 1084 2011 1137 ἀπάντων
2039 1083 2146 1134 τῶν

569 1176 897 1247 ὀφλημάτων
912 1175 1008 1247 τὴν
1026 1175 1280 1229 ὑπόθεσιν
1304 1175 1431 1245 ὑμῖν
1462 1174 1806 1243 ἀνέγνωμεν;
1838 1174 1953 1225 Ἵνα
1981 1187 2147 1241 προσ-

570 1266 834 1328 δοκῶντες
872 1264 970 1336 τὴν
1018 1266 1299 1328 ἀπόδοσιν,
1334 1264 1625 1326 διαπαντὸς
1665 1262 1802 1315 κατὰ
1841 1260 1963 1315 νοῦν
2001 1261 2147 1329 ἡμᾶς

571 1352 751 1423 ἔχητε.
782 1351 891 1405 Καὶ
920 1353 1026 1424 γὰρ
1056 1354 1084 1403 6
1113 1352 1335 1423 χρυσίον
1361 1352 1467 1405 τινὶ
1494 1350 1762 1413 δανείσας,
1790 1350 1883 1402 καὶ
1909 1346 2146 1401 ὑπεύθυε-

572 1460 659 1495 νον
679 1443 814 1511 ἔχων
836 1441 927 1494 τοῦ
953 1442 1280 1513 ὀφλήματος,
1304 1444 1397 1495 καὶ
1417 1442 1473 1493 ἐν
1495 1440 1761 1514 τραπέζῃ,
1780 1457 1871 1493 και
1894 1441 1951 1491 ἐν
1977 1439 2143 1508 οἰκία,

574 1531 667 1584 καὶ
695 1532 751 1582 ἐν
784 1532 977 1602 ἀγορᾷ,
1010 1533 1104 1584 καὶ
1133 1532 1189 1583 ἐν
1218 1530 1401 1601 κλίνῃ,
1442 1531 1536 1584 καὶ
1570 1527 1844 1600 πανταχοῦ
1875 1528 1965 1581 τὸν
2004 1527 2149 1596 ὀφεί-

572 1616 731 1671 λοντα
769 1617 916 1688 αὐτῷ
954 1616 1278 1687 φαντάζεται
1319 1620 1412 1670 καὶ
1448 1616 1778 1686 ὀνειροπολεῖ
1806 1632 1818 1645 ⁸
1847 1615 1941 1669 καὶ
1977 1617 2005 1668 6
2039 1614 2147 1666 τῶν

572 1721 676 1777 χρη
687 1707 867 1777 μάτων
889 1706 1025 1777 ἔρως
1052 1706 1187 1778 μετά
1213 1705 1319 1758 τῶν
1339 1706 1634 1777 χρημάτων
1660 1704 1910 1757 κάκεῖνον
1934 1704 2023 1754 ἐπὶ
2051 1702 2148 1773 τῆς

572 1793 667 1845 τοῦ
695 1793 1052 1857 δεδανεικότος
1078 1796 1220 1845 ποιεῖ
1239 1791 1523 1855 διαπαντὸς
1544 1790 1928 1862 περιφέρεσθαι
1950 1790 2145 1859 ψυχῆς.

577 1882 695 1933 Ἵνα
725 1876 817 1934 οῦν
847 1881 940 1933 καὶ
967 1883 1125 1951 ἡμεῖς
1147 1883 1211 1951 τῇ
1235 1880 1409 1933 ἐλπίδι
1439 1879 1537 1948 τῆς
1566 1879 1868 1939 ἀποδόσεως
1899 1876 2149 1946 ἐσώμεθα

572 1968 859 2031 διαπαντὸς
892 1970 948 2020 ἐν
981 1970 1101 2031 ταῖς
1135 1968 1424 2037 ὑμετέραις
1462 1967 1738 2030 διανοίαις,
1775 1968 1865 2018 καὶ
1897 1966 1953 2017 ἐν
1982 1965 2147 2035 οἰκίᾳ,

576 2056 669 2107 καὶ
698 2057 753 2107 ἐν
788 2056 990 2126 ἀγορᾷ,
1026 2054 1119 2108 καὶ
1146 2055 1278 2107 ὅπου
1306 2055 1350 2107 6‘
1387 2052 1452 2108 ἂν
1482 2049 1601 2125 ἦτε,
1635 2053 1721 2106 6:6
1755 2052 1911 2106 τοῦτο
1945 2052 2013 2105 τά
2053 2052 2149 2121 μὲν

574 2144 861 2214 ὀφλήματα
884 2145 1335 2215 ὡμολογήσαμεν,
1357 2144 1454 2212 τὴν
1484 2143 1540 2195 δέ
1568 2143 1822 2195 ἀπόδοσιν
1849 2142 2063 2195 ἃπασαν
2088 2141 2148 2194 οὐ

580 2230 877 2301 ποιούμεθα
900 2232 1155 2303 σήμερον,
1180 2232 1266 2284 ἵνα
1288 2232 1352 2301 τῇ
1381 2229 1673 2301 προσδοκίᾳ
1694 2230 1798 2283 τῶν
1822 2230 2152 2298 λειπομένων

576 2317 829 2370 ὑπόθεσιν
843 2318 940 2386 τῆς
965 2336 1030 2370 πε
1040 2319 1091 2389 ρὶ
1108 2320 1140 2388 ή
1150 2318 1263 2387 μῶν
1284 2318 1499 2388 μνήμης
1521 2319 1651 2389 παρ’
1670 2304 1798 2387 ὑμῖν
1815 2316 2152 2385 καταλείψω·

581 2422 697 2475 μεν.
712 2405 934 2474 Μεγάλη
952 2404 1058 2475 γὰρ
1075 2404 1229 2475 ήμῶν
1244 2405 1530 2473 ἀσφάλεια,
1541 2406 1637 2475 τῆς
1652 2407 1680 2457 ὑ
1689 2405 1813 2475 μετέ
1821 2422 1919 2476 ρας
1936 2405 2153 2476 ἀγάπης

577 2492 864 2545 ἀπολαύειν
876 2492 1154 2563 διηνεκῶς.
1164 2491 1212 2563 [1
1222 2492 1312 2564 87]
1326 2493 1388 2563 δή
1397 2510 1498 2564 μου
1514 2493 1752 2546 τοιούτου
1766 2496 1857 2547 καὶ
1876 2493 2149 2547 τοσούτου.

588 2580 648 2632 Ὃ
672 2580 777 2649 γὰρ
791 2580 1008 2650 ἀγάπης
1022 2579 1324 2643 ἀπολαύων,
1343 2580 1435 2634 καὶ
1450 2582 1613 2649 εὐχῆς
1630 2581 1995 2635 ἀπολαύσεται
2021 2581 2155 2634 πάν-

577 2666 939 2731 τως.Τοῦτοδὲ
953 2668 1133 2739 ήλίκον
1145 2668 1289 2721 ἐστὶν
1301 2668 1520 2736 ἀγαθὸν,
1534 2668 1691 2738 δῆλον
1706 2668 1931 2722 ἐκεῖθεν·
1945 2669 2151 2733 Παῦλος

577 2757 803 2820 ἐκεῖνος,
818 2757 848 2809 6
861 2759 941 2821 εἰς
958 2759 1139 2827 τρίτον
1154 2759 1424 2830 ἀρπαγεὶς
1444 2760 1689 2828 οὐρανὸν,
1704 2762 1732 2812 6
1750 2761 1967 2829 ῥήματα
1987 2760 2119 2813 ἀκού
2133 2789 2152 2801 ο

580 2862 678 2909 σας
709 2846 940 2917 ἄρρητα,
968 2848 996 2899 ὁ
1024 2846 1199 2908 πάσας
1233 2849 1628 2916 καπαπατήσας
1660 2848 1759 2908 τὰς
1789 2847 2031 2915 ἀνάγκας
2057 2849 2154 2919 τῆς

580 2935 843 3001 φύσεως,ό
859 2937 913 2986 ἐν
928 2934 1192 3004 ἀσφαλείᾳ
1202 2934 1385 3007 τελείᾳ
1400 2935 1582 2989 λοιπὸν
1602 2934 1868 2999 ὢν,ὲδεῖτο
1886 2937 1979 2990 καὶ
1989 2938 2154 3007 εὐχῆς

577 3022 685 3076 τῶν
714 3023 989 3094 μαθητῶν,
1008 3024 1100 3078 καὶ
1143 3024 1293 3093 ἔλεγε
1328 3042 1341 3055 ’
1360 3025 1775 3093 Προσεύχεσθε
1807 3025 1957 3094 ὑπὲρ
1983 3026 2150 3095 ἐμοῦ,

579 3109 679 3163 ινα
691 3110 897 3177 ρυσθῶ
913 3113 1027 3166 ἀπὸ
1043 3110 1160 3165 τῶν
1186 3113 1589 3166 ἀπειθούντων
1610 3130 1623 3144 ’
1654 3114 1746 3166 καὶ
1766 3114 1944 3175 πάλιν,
1964 3117 2154 3181 Προσο

580 3201 851 3268 εὔχεσθε,
873 3202 972 3255 ἵνα
996 3219 1095 3271 μοι
1120 3200 1266 3270 δοθῇ
1288 3202 1462 3271 λόγος
1482 3202 1549 3255 ἐν
1564 3201 1788 3267 ἀνοίξει
1810 3203 1915 3256 τοῦ
1934 3205 2155 3271 στόμα-

578 3288 681 3354 τός
715 3306 857 3358 μου.
892 3288 1001 3342 Καὶ
1044 3287 1319 3360 πανταχοῦ
1365 3290 1525 3360 ὁρᾶτε
1568 3290 1725 3342 αὐτὸν
1771 3290 1863 3343 καὶ
1904 3290 2155 3343 αἰτοῦντα

578 3378 678 3439 τάς
721 3375 885 3445 εὐχὰς
923 3376 1030 3429 τῶν
1065 3377 1339 3447 μαθητῶν,
1382 3378 1475 3431 καὶ
1513 3376 1935 3448 εὐχαριστοῦντα
1972 3377 2155 3441 αὐτοῖς

582 3463 725 3534 μετά
754 3465 814 3516 τὸ
843 3463 1045 3519 λαϐεῖν.
1077 3465 1193 3518 Ἵνα
1217 3464 1324 3536 γάρ
1356 3465 1428 3535 μὴ
1453 3464 1584 3536 λέγῃ
1620 3482 1718 3529 τις,
1748 3464 1827 3517 ὅτι
1855 3464 1942 3519 6:6
1966 3482 2155 3519 ταπει-

580 3554 911 3626 νοφροσύνην
944 3554 1275 3623 καταφεύγει
1304 3556 1394 3607 ἐπὶ
1419 3553 1515 3618 τὰς
1543 3553 1705 3624 εὐχὰς
1737 3554 1844 3606 τῶν
1875 3553 2153 3623 μαθητῶν,

580 3642 850 3696 δείκνυσιν
888 3643 1064 3696 αὐτῶν
1095 3643 1187 3697 καὶ
1224 3642 1321 3713 τήν
1349 3641 1597 3713 δύναμιν,
1631 3642 1771 3695 οὕτω
1800 3642 1972 3710 λέγων
1992 3658 2008 3673 ·
2051 3645 2156 3710 ’ος

582 3731 651 3784 ἐκ
682 3732 1044 3797 τηλικούτων
1071 3730 1339 3784 θανάτων
1368 3729 1659 3798 ἐρρύσατο
1686 3727 1841 3799 ἡμᾶς
1864 3747 1879 3760 ·
1904 3730 2158 3798 ἠλπίκαμ-

579 3835 692 3888 μεν
733 3818 801 3871 δὲ
845 3818 933 3871 ὅτι
978 3817 1076 3871 καί
1111 3820 1389 3885 ῥύσεται,
1435 3818 2015 3886 συνυπουργούντων
2055 3819 2154 3872 καί

584 3904 749 3975 ὑμῶν
771 3905 845 3973 τῇ
870 3906 1073 3973 δεήσει
1102 3905 1250 3973 ὑπὲρ
1280 3904 1465 3974 ἡμῶν,
1491 3906 1590 3958 ἵνα
1612 3906 1677 3958 τὸ
1704 3908 1789 3971 εἰς
1815 3904 1971 3974 ἡμᾶς
1994 3904 2158 3975 χάριρ

586 4008 709 4061 σμα
738 3992 833 4045 διὰ
858 3992 1103 4045 πολλῶν
1130 3991 1535 4059 εὐχαριστηθῇ
1571 3994 1724 4060 ὑπὲρ
1752 3991 1939 4061 ἡμῶν.

657 4079 719 4130 Εἰ
766 4078 821 4129 δὲ
862 4076 1068 4130 Παῦλον
1107 4076 1365 4131 κινδύνων
1402 4077 1703 4147 ἀπήλλαξεν
1740 4081 1773 4147 ή
1799 4079 1891 4132 τοῦ
1923 4079 2156 4151 πλήθους

588 4165 745 4235 εὐχή,
779 4164 895 4227 πῶς
931 4165 990 4216 οὐ
1039 4164 1245 4233 μεγάλα
1283 4163 1363 4215 δεῖ
1401 4164 1701 4234 προσδοκᾷν
1739 4166 1831 4218 καὶ
1870 4168 2015 4236 ἡμᾶς
2050 4167 2157 4219 61:6

586 4253 787 4323 ταύτης
830 4250 1212 4323 καρπώσεσθαι
1254 4252 1349 4315 τῆς
1386 4252 1745 4323 προστασίας;
1798 4253 2012 4324 Ἐπειδὴ
2048 4254 2156 4326 γὰρ

590 4343 713 4396 καθ’
739 4343 963 4404 ἑαυτοὺς
992 4341 1270 4412 εὐχόμενοι
1300 4340 1544 4404 ἀσθενεῖς
1573 4342 1757 4410 ἐσμεν,
1787 4341 1914 4394 ὅταν
1942 4342 1999 4395 δὲ
2031 4342 2155 4395 συλ-

587 4430 854 4502 λεγῶμεν,
890 4431 1094 4501 ἰσχυροὶ
1124 4428 1383 4498 γινόμεθα
1422 4428 1641 4499 μᾶλλον,
1677 4428 2029 4499 δυσωποῦμεν
2065 4430 2156 4483 :6v

587 4519 718 4571 Θεὸν
744 4516 821 4587 τῷ
849 4516 1040 4588 πλήθει
1069 4517 1161 4570 καὶ
1177 4519 1242 4587 τῇ
1265 4516 1570 4587 συμμαχίᾳ.
1596 4514 1750 4569 Οὕτω
1783 4515 1878 4568 καὶ
1908 4516 2158 4586 βασιλεὺς

586 4605 847 4669 πολλάκις
882 4604 1006 4658 τινὰ
1047 4604 1416 4676 παραπέμψας
1439 4603 1669 4673 θανάτῳ,
1702 4602 1783 4656 ἑνὶ
1812 4604 1908 4674 μὲν
1933 4604 2032 4656 οὐκ
2059 4604 2158 4656 ἐπ-

588 4693 771 4747 ένευσε
796 4692 1033 4763 δεομένῳ
1056 4693 1180 4764 περὶ
1217 4692 1309 4745 τοῦ
1352 4690 1855 4755 καταδικασθέντος,
1901 4690 2054 4744 πόλιν
2099 4690 2156 4745 δὲ

586 4781 873 4852 ὀλόκληρον
911 4779 1330 4852 παρακαλοῦσαν
1365 4780 1706 4851 ἐδυσωπήθη,
1739 4779 1831 4832 καί⁵
1854 4779 1943 4832 τὸν
1969 4780 2058 4831 ἐπὶ
2094 4778 2156 4831 :6

591 4870 857 4943 βάραθρον
879 4869 1221 4939 ἀπαγόμενον
1247 4869 1333 4922 διὰ
1353 4870 1415 4922 :6
1442 4868 1641 4940 πλῆθος
1658 4867 1764 4921 τῶν
1781 4866 2154 4939 παρακαλούν-

586 4977 696 5013 των
734 4958 1008 5029 ἐξήρπασε
1041 4958 1139 5027 τῆς
1178 4956 1492 5027 καταδίκης,
1519 4958 1612 5010 καί¹
1645 4956 1781 5028 πρὸς
1807 4954 1950 5026 ζωὴν
1987 4957 2153 5009 ἐπαν-

588 5050 781 5119 ήγαγε.
800 5047 1046 5117 Τοσαύτη
1075 5048 1109 5117 ή
1137 5045 1362 5115 δύναμις
1391 5046 1487 5115 τῆς
1506 5044 1599 5098 τοῦ
1622 5044 1854 5115 πλήθους
1878 5044 2154 5116 ἱκετηρίας

588 5136 723 5191 ἐστί.
747 5134 843 5187 Διά
873 5134 1030 5188 τοῦτο
1054 5133 1146 5187 καὶ
1170 5132 1401 5187 ἐνταῦθα
1423 5131 1790 5199 συῺεγόμεθα
1820 5130 2040 5195 πάντες,
2067 5132 2155 5185 ἴνα

591 5225 847 5298 μειζόνως
872 5227 949 5286 εἰς
973 5220 1150 5279 οἶκτον
1179 5221 1606 5293 ἐπισπασώμεθα
1635 5223 1723 5275 τὸν
1752 5221 1903 5275 Θεόν.
1938 5220 2153 5291 Ἐπειδὴ

586 5313 695 5383 γὰρ
712 5312 829 5367 καθ’
846 5313 1071 5375 ἑαυτοὺς
1086 5311 1385 5382 εὐχόμενοι,
1412 5309 1589 5372 καθὼς
1606 5308 1773 5379 ἔφθην
1789 5307 1978 5373 εἰπὼν,
1995 5309 2154 5362 ἀσθε-

588 5405 695 5465 νεῖς
712 5404 896 5473 ἐσμεν,
910 5401 1019 5455 61:6
1032 5400 1124 5454 τοῦ
1147 5399 1439 5468 συνδέσμου
1455 5399 1551 5468 τῆς
1571 5399 1787 5468 ἀγάπης
1802 5395 2047 5450 δυσωποῦ
2055 5413 2153 5466 μεν

593 5489 679 5541 τὸν
716 5490 846 5543 Θεὸν
891 5489 1072 5543 δοῦναι
1108 5490 1239 5559 ἡμῖν
1278 5487 1348 5540 τὰ
1388 5485 1700 5557 αἰτούμενα.
1739 5482 1919 5537 Ταῦτα
1965 5484 2020 5537 δὲ
2055 5485 2153 5555 οὐχ

588 5575 774 5638 ἁπλῶς
806 5574 977 5644 λέγω,
1018 5575 1136 5628 οὐδὲ
1175 5574 1240 5629 δι’
1281 5573 1512 5645 ἐμαυτὸν
1560 5574 1746 5644 μόνον,
1787 5572 1899 5625 ἀλλ’
1937 5572 2022 5625 ἵνα
2064 5573 2153 5626 ἀεὶ⁸

592 5659 857 5729 σπεύδητε
893 5662 972 5724 εἰς
995 5662 1092 5725 τάς
1126 5658 1391 5727 συνάξεις,
1432 5661 1516 5714 ἵνα
1556 5662 1630 5731 μή
1668 5661 1883 5729 λέγητε’
1924 5661 1988 5712 Τί
2020 5660 2149 5728 γὰρ,

590 5749 649 5800 ἐν
678 5749 745 5818 τῇ
773 5747 916 5816 οἰκίᾳ
938 5748 997 5799 οὐ
1019 5748 1249 5820 δύναμαι
1292 5748 1576 5815 εὐξασθαι;
1602 5747 1834 5802 Λύνασαι
1869 5747 1968 5818 μὲν
1996 5746 2152 5814 εὐξα-

592 5834 737 5897 σθαι,
765 5835 827 5887 οὐ
861 5836 1123 5906 τοσαύτην
1154 5837 1209 5890 δέ
1239 5836 1461 5909 δύναμυν
1499 5836 1610 5909 ἔχει
1648 5837 1681 5907 ή
1712 5836 1875 5906 εὐχὴ,
1916 5836 1989 5899 ὡς
2016 5836 2144 5890 ὅταν

1289 356 1350 413 5.
1388 352 1671 412 JOANNIS
1705 342 2186 408 CHRYSOSTOMI
2220 342 2536 421 ARCHIEP,
2573 343 3114 401 CONSTANTINOP.

2250 459 2389 529 μετά
2418 460 2526 514 τῶν
2566 459 2743 531 μελῶν
2769 459 2878 513 τῶν
2909 459 3123 513 οἰκείων
3155 458 3377 530 γίνηται,
3413 460 3483 524 ώς
3515 462 3630 516 ὅταν
3654 466 3755 519 616-

2241 543 2439 615 κληρον
2479 544 2541 598 :6
2583 544 2740 615 σῶμα
2782 546 2880 614 τῆς
2934 543 3249 614 Ἐκκλησίας
3298 544 3612 614 ὁμοθυμαδὸν
3650 549 3759 603 ἀνα.

2242 627 2433 698 πέμπῃ
2464 628 2561 697 τὴν
2593 627 2776 697 δέησιν
2812 628 2911 697 μιᾷ
2943 628 3125 696 φωνῇ,
3160 625 3340 696 ἱερέων
3370 628 3642 697 παρόντων,
3679 631 3760 684 καὶ

2239 709 2339 772 τὰς
2362 710 2526 780 εὐχάς
2549 709 2642 763 τοῦ
2666 708 2845 763 κοινοῦ
2874 709 3111 780 πλήθους
3134 709 3512 781 ἀναφερόντων.

2201 826 2237 848 αἱ

2315 852 2375 897 ε’.
2404 844 2591 898 Βούλει
2612 845 2798 916 μαθεῖν
2826 846 2965 917 πόση
2991 846 3134 899 ἐστὶν
3149 846 3182 916 ή
3198 843 3417 915 δύναμις
3434 845 3527 915 τῆς
3550 847 3696 916 εὐχῆς
3715 850 3765 901 ἐν

2245 930 2309 997 τῇ
2346 928 2610 1000 ἐκκλησίᾳ
2642 928 2969 1000 γινομένης;
3011 927 3248 982 Ἐδέδετο
3278 931 3306 982 6
3336 929 3531 1000 Πέτρος
3564 931 3682 982 ποτέ
3717 932 3768 984 ἐν

2244 1012 2323 1081 τῷ
2370 1013 2775 1084 δεσμωτηρίῳι
2801 1014 2896 1066 καὶ
2947 1012 3164 1084 ἁλύσεις
3223 1012 3516 1084 περιέκειτο
3574 1014 3766 1078 πολλάς·

2246 1080 2561 1149 Προσευχὴ
2610 1080 2708 1135 ’δὲ’
2733 1080 2813 1154 ἦν
2862 1082 3111 1150 ἐκτενὴς
3165 1080 3771 1150 ὑπότῆςἘκκλησίας

2246 1165 2375 1231 περί
2422 1164 2607 1219 αὑτοῦ
2655 1164 2956 1236 γινομένη,
2992 1165 3091 1219 καί
3128 1165 3341 1231 εὐθέως
3383 1168 3560 1219 αὐτὸν
3603 1166 3774 1233 ἀπήλ-

2244 1246 2395 1310 λαξε
2418 1246 2524 1301 τοῦ
2554 1246 2975 1317 δεσμωτηρίου.
3006 1247 3072 1300 Τί
3094 1248 3268 1302 τοίνυν
3294 1247 3637 1319 δυνατώτερον
3661 1247 3776 1302 ταύ-

2244 1347 2349 1399 της
2411 1331 2605 1397 γένοιτ’
2660 1332 2726 1385 ἂν
2777 1331 2876 1402 τῆς
2934 1332 3117 1402 εὐχῆς,
3170 1332 3205 1403 ἠ
3264 1333 3387 1395 τοὺς
3441 1331 3649 1395 στύλους
3697 1334 3778 1385 καὶ

2247 1413 2490 1481 πύργους
2524 1414 2622 1483 τῆς
2660 1414 2982 1485 Ἐκκλησίας
3011 1414 3292 1485 ώφέλησες
3331 1412 3535 1477 Παῦλος
3572 1414 3670 1484 γὰρ
3699 1415 3779 1467 καὶ

2247 1497 2450 1565 Πέτρος
2495 1496 2691 1568 πύργοι
2731 1498 2825 1551 καὶ
2862 1497 3043 1551 στῦλοι
3073 1497 3172 1567 τῆς
3214 1496 3544 1565 Ἐκκλησίας·
3587 1497 3779 1549 καὶτοῦ

2251 1579 2349 1648 μὲν
2380 1579 2447 1632 τά
2476 1579 2651 1649 δεσμά
2681 1580 2855 1643 ἔλυσε,
2879 1580 2973 1634 τοῦ
3002 1581 3059 1634 δέ
3081 1582 3140 1634 :6
3164 1581 3337 1652 στόμα
3363 1580 3588 1650 ἀνέῳξεν
3609 1592 3654 1635 ι.
3682 1581 3782 1632 Ἵνα

2247 1662 2304 1716 δὲ
2336 1662 2410 1734 μὴ
2445 1663 2602 1733 μόνον
2636 1664 2744 1721 ἀπὸ
2770 1663 2876 1717 τῶν
2898 1665 3019 1718 τότε
3050 1665 3388 1735 συμϐάντων,
3428 1664 3557 1718 ἀλλά
3581 1663 3666 1716 καὶ
3690 1663 3783 1716 ἀπδ

2247 1747 2354 1799 τῶν
2414 1746 2533 1799 καθ’
2578 1747 2813 1817 ἑκάστην
2860 1748 3195 1818 τελουμένων
3229 1748 3325 1820 τὴν
3365 1748 3588 1820 ἡμέραν,
3616 1747 3786 1814 διπλῆν

2249 1830 2346 1898 τὴν
2377 1830 2604 1900 δύναμιν
2646 1830 3001 1902 ἐπιδείξωμεν
3044 1830 3218 1904 [188],
3261 1834 3423 1904 αὐτῆς
3455 1834 3549 1903 τῆς
3577 1832 3672 1886 ὑπὸ
3703 1830 3786 1884 τοῦ

2248 1914 2417 1985 δήμου
2457 1914 2745 1985 γινομένης
2774 1916 2939 1985 εὐχῆς
2988 1917 3131 1987 ὑμᾶς
3175 1918 3589 1988 ἀναμνήσωμεν.
3618 1915 3789 1969 Καίτοι

2249 2014 2312 2066 γε
2357 1998 2410 2051 εἷ
2456 2015 2540 2059 τις
2581 1999 2687 2051 τῶν
2732 1998 2939 2053 πολλῶν
2980 2000 3132 2070 ὐμῶν
3168 2000 3200 2041 1)
3239 2000 3532 2065 ἐπιτάξειεν
3567 1998 3789 2069 εὔχεσθαι

2251 2078 2372 2133 καθ’
2404 2079 2593 2134 ἑαυτὸν
2622 2081 2762 2152 ὑπὲρ
2794 2082 2891 2151 τῆς
2915 2082 3008 2135 τοῦ
3038 2084 3338 2138 ἐπισκόπου
3373 2083 3652 2154 σωτηρίας,
3674 2082 3792 2133 ἐκα-

2254 2183 2378 2228 στος
2413 2167 2480 2219 ἂν
2504 2168 2921 2238 παραιτήσαιτο,
2949 2168 3025 2231 ὡς
3052 2169 3238 2238 μεῖζον
3265 2168 3325 2222 :6
3360 2168 3569 2239 φορτίον
3591 2166 3679 2235 τῆς
3706 2166 3792 2218 66-

2248 2249 2343 2303 τοῦ
2377 2249 2655 2320 δυνάμεως
2682 2249 2761 2304 δν·
2787 2254 2937 2323 κοινῇ
2972 2251 3028 2305 δὲ
3057 2253 3260 2316 πάντες
3278 2251 3557 2313 ἀκούοντες
3584 2248 3670 2302 τοῦ
3693 2249 3794 2301 δια-

2251 2333 2407 2386 κόνου
2466 2333 2623 2386 τοῦτο
2684 2333 2995 2399 κελεύοντος
3055 2335 3149 2388 καὶ
3204 2336 3480 2403 λέγοντος,
3523 2329 3794 2400 Δεηθῶμεν

2250 2417 2403 2484 ὑπὲρ
2450 2415 2557 2470 τοῦ
2608 2417 2964 2483 ἐπισκόπου,
3012 2419 3107 2473 καὶ
3153 2420 3264 2473 τοῦ
3316 2417 3525 2488 γήρως.
3570 2415 3661 2469 καὶ
3699 2413 3794 2477 τῆς

2252 2500 2627 2567 ἀντιλήψεως
2654 2511 2700 2563 ο,
2756 2501 2853 2554 καί
2890 2502 2991 2555 ἵνα
3030 2500 3326 2571 ὀρθοτομῇ
3363 2501 3469 2555 τὸν
3497 2501 3670 2567 λόγον
3703 2495 3796 2561 τῆς

2251 2583 2554 2649 ἀληθείας.
2603 2584 2702 2638 καί
2744 2584 2895 2653 ὑπὲρ
2935 2583 3053 2638 τῶν
3089 2585 3373 2646 ἐνταῦθα.
3402 2583 3496 2637 καί
3528 2581 3670 2649 ὑπὲρ
3694 2578 3797 2632 τῶν

2251 2666 2622 2736 ἁπανταχοῦ,
2667 2668 2727 2720 οὐ
2788 2668 3140 2736 παραιτεῖσθε
3202 2670 3376 2722 ποιεῖν
3414 2667 3473 2720 τὸ
3524 2666 3795 2733 ἐπίταγμα,

2254 2750 2388 2804 ἀλλά
2425 2753 2539 2821 μετ’
2566 2752 2837 2816 ἐκτενείας
2860 2753 3158 2824 ἀναφέρετε
3186 2754 3289 2821 τὴν
3313 2752 3494 2822 εὐχήν,
3518 2749 3699 2809 εἰδότες
3714 2750 3798 2815 τῆς

2254 2835 2523 2907 ὑμετέρας
2551 2836 2767 2889 συνόδου
2803 2836 2903 2907 τὴν
2940 2837 3185 2907 δύναμιν.
3218 2839 3426 2890 Ἰσασιν
3455 2835 3502 2888 οἰ
3540 2830 3796 2905 μεμυημέ·

2252 2936 2333 2972 νοι
2374 2920 2442 2972 τὰ
2492 2919 2775 2990 λεγόμενα·
2817 2923 2884 2991 τῇ
2932 2920 3040 2991 γάρ
3082 2920 3219 2991 εὐχῇ
3265 2920 3376 2972 τῶν
3413 2915 3799 2987 κατηχουμένων

2253 3002 2463 3055 οὐδέπω
2489 3002 2645 3055 τοῦτο
2671 3002 3083 3074 ἐπιτέτραπται,
3106 3003 3301 3074 ἐπειδὴ
3328 3003 3536 3056 οὐδέπω
3565 2999 3690 3069 πρὸς
3714 2995 3799 3065 τὴν

2253 3086 2564 3156 παρρησίαν
2618 3086 2856 3155 ἔφθασαν
2902 3086 3123 3155 ταύτηνο
3166 3086 3301 3157 ὑμῖν
3342 3086 3398 3139 δέ
3441 3085 3534 3138 καὶ
3564 3084 3693 3154 ὑπὲρ
3717 3080 3803 3149 τῆς

2253 3171 2595 3240 οἰκουμένης,
2628 3170 2721 3224 καὶ
2750 3169 2890 3240 ὑπὲρ
2915 3172 3015 3240 τῆς
3047 3170 3379 3241 Ἐκκλησίας
3405 3171 3501 3240 τῆς
3536 3168 3686 3239 μέχρι
3714 3180 3801 3216 πε·

2256 3254 2431 3324 ράτων
2453 3254 2552 3320 τῆς
2585 3253 2688 3324 γῆς
2721 3254 3105 3325 ἐκτεταμένης,
3130 3255 3229 3309 καὶ
3260 3256 3404 3324 ὑπὲρ
3428 3254 3533 3307 τῶν
3570 3250 3803 3305 διοικούν-

2253 3353 2360 3389 των
2388 3336 2556 3407 αὐτὴν
2581 3338 2894 3390 ἐπισκόπων
2925 3338 3178 3392 ἀπάντων
3206 3338 3634 3409 παρακελεύεται
3656 3336 3804 3388 ποιεί-

2256 3420 2380 3474 σθαι
2412 3420 2511 3484 τὰς
2539 3421 2749 3493 δεήσεις
2779 3424 2807 3474 6
2836 3423 3060 3486 ταύταις
3086 3422 3375 3487 διακονῶν,
3407 3424 3500 3477 καὶ
3532 3419 3804 3474 ὑπακούετε

2258 3504 2394 3576 μετὰ
2414 3505 2740 3577 προθυμίας,
2764 3507 2909 3578 ἔργῳ
2942 3510 3372 3580 μαρτυροῦντες,
3400 3510 3483 3562 ὅτι
3508 3506 3705 3579 μεγάλη
3723 3504 3809 3575 τῆς

2255 3588 2418 3658 εὐχῆς
2470 3590 2503 3657 ἡ
2547 3587 2775 3659 δύναμις⁹
2814 3593 2912 3660 τῆς
2960 3592 3018 3643 ἐν
3067 3592 3338 3664 ἐκκλησία
3374 3592 3485 3646 61:6
3522 3591 3613 3644 τοῦ
3656 3588 3806 3658 δήμου

2257 3669 2557 3741 συμφώνως
2608 3673 3017 3744 ἀναφερομένης
3068 3675 3237 3730 ἐστίν.
3277 3675 3442 3729 Ἀλλά
3485 3672 3592 3745 769
3638 3673 3722 3726 ἐπὶ
3756 3669 3810 3722 :6

2256 3753 2611 3825 προκείμενον
2640 3756 2966 3825 ἐπανίωμεν,
2998 3758 3076 3810 ὅτι
3108 3758 3204 3828 μία
3233 3761 3389 3830 φωνὴ
3422 3755 3487 3828 ἦν
3508 3759 3565 3811 :6
3587 3756 3807 3810 παλαιόν.

2257 3837 2426 3890 Πόθεν
2453 3835 2545 3890 οὖν
2574 3838 2749 3907 δῆλον,
2777 3839 2859 3891 6::
2901 3839 2997 3910 μία
3030 3840 3180 3911 φωνὴ
3209 3837 3313 3912 ἦν;
3353 3842 3463 3896 Καὶ
3494 3836 3574 3911 ἦν
3599 3839 3750 3893 πᾶσα
3774 3836 3809 3905 ἠ

2254 3921 2352 3990 γῆ,
2382 3923 2533 3990 φησὶ,
2576 3920 2776 3989 χεῖλος
2805 3922 2892 3975 ἓν.
2941 3923 3169 3992 Ἀσαφὲς
3203 3926 3271 3977 :6
3301 3926 3609 3997 εἰρημένον.
3655 3924 3711 3975 Ἡ
3751 3919 3810 3989 γῆ

2256 4005 2428 4075 χεῖλος
2460 4004 2604 4075 ἔχεις
2648 4005 2929 4075 Οὐδαμῶς.
2961 4007 3025 4059 Τί
3061 4003 3152 4061 οῦν
3184 4026 3346 4077 φησι,
3382 4010 3478 4063 καὶ
3508 4009 3630 4078 περί
3656 4005 3811 4067 τίνοςς

2256 4088 2329 4140 Οὐ
2375 4088 2503 4159 περί
2542 4088 2743 4159 ταύτης
2771 4089 2917 4157 λέγει
2960 4090 3059 4160 τῆς
3094 4090 3197 4160 γῆς
3222 4093 3330 4161 τῆς
3361 4092 3702 4163 ἀναισθήτου.
3731 4088 3817 4156 τῆς

2256 4170 2531 4240 ἀκινήτοψ
2560 4171 2696 4224 ἀλλά
2718 4172 2780 4225 :6
2806 4172 2982 4225 κοινὸν
3003 4172 3111 4225 τῶν
3140 4174 3237 4226 ἀνθ
3249 4175 3456 4246 ρώπων
3484 4175 3634 4243 γένος
3662 4172 3815 4231 οὕτως

2256 4252 2499 4317 ἐκάλεσε,
2536 4254 2633 4325 τῆς
2663 4254 2866 4316 οἰκείας
2904 4256 3098 4319 αὐτοὺς
3131 4256 3573 4328 ἀναμιμνήσκων
3602 4255 3815 4325 φύσεως,

2256 4336 2353 4405 τῆς
2399 4336 2602 4407 μητρὸς
2649 4340 2727 4401 εἰς
2758 4339 3061 4408 ὑπόμνησιν
3100 4341 3272 4407 ἄγων,
3298 4342 3424 4394 ὅθεν
3458 4341 3712 4409 ἐγένοντο.
3737 4340 3818 4390 Δι-

2256 4418 2422 4471 πλοῦν
2452 4419 2558 4489 γὰρ
2583 4420 2741 4472 τοῦτο
2765 4422 2825 4473 :6
2859 4420 3017 4486 ζῶον,
3045 4423 3073 4475 6
3101 4422 3414 4491 ἄνθρωπος,
3457 4423 3618 4491 λέγω,
3650 4424 3711 4474 ἐκ
3736 4418 3819 4470 δύο

2259 4503 2612 4571 συγκείμενος
2654 4504 2872 4569 οὐσιῶν,
2911 4502 3010 4574 τῆς
3038 4506 3134 4574 μὲν
3171 4507 3466 4579 αἰσθητῆς,
3504 4512 3602 4579 τῆς
3631 4507 3685 4559 δὲ
3706 4521 3820 4573 νοη-

2255 4584 2373 4654 τῆςν
2420 4586 2616 4656 ψυχῆς,
2659 4585 2820 4653 λέγω,
2858 4588 2951 4640 καὶ
2990 4587 3259 4656 σώματος,
3290 4592 3389 4644 καὶ
3420 4593 3478 4644 ἐν
3505 4588 3710 4660 οὐρανῷ
3737 4585 3820 4637 καὶ

2256 4671 2313 4721 ἐν
2349 4671 2417 4739 γῇ
2456 4660 2770 4737 συγγένειαν
2798 4671 2951 4740 ἔχων.
2989 4671 3084 4723 Διά
3113 4672 3211 4742 μὲν
3235 4674 3352 4745 γὰρ
3384 4677 3489 4747 τῆς
3519 4673 3707 4743 νοητῆς
3737 4670 3822 4723 οὐ·

2256 4751 2375 4813 σίας
2403 4755 2647 4805 κοινωνεῖ
2670 4756 2785 4815 ταῖς
2812 4755 2922 4807 ἀνω
2942 4754 3224 4824 δυνάμεσι,
3244 4757 3339 4810 6:6
3368 4758 3427 4811 δὲ
3452 4758 3556 4828 τῆς
3576 4753 3820 4825 αἰσθητῆς

2252 4836 2366 4898 τοῖς
2402 4834 2503 4904 τῆς
2542 4836 2644 4905 γῆς
2683 4836 2948 4906 συνῆπται
2978 4838 3287 4908 πράγμασι,
3317 4840 3620 4912 σύνδεσμός
3649 4854 3729 4901 τις
3756 4834 3823 4888 ὢν

2253 4917 2481 4988 ἀκριϐὴς
2507 4919 2769 4988 ἑκατέρας
2791 4918 2891 4988 τῆς
2913 4920 3342 4984 κτίσεως.”⁸οταν
3383 4926 3486 4994 μὲν
3511 4921 3605 4978 οὖν
3627 4922 3827 4991 πράττῃ

2252 5018 2307 5054 τι
2338 5002 2444 5055 τῶν
2478 5003 2557 5073 τῷ
2585 5002 2703 5072 Θεῷ
2733 5002 3050 5063 δοκούντων,
3080 5008 3458 5077 πνευματικὸς
3484 5008 3715 5075 λέγεται,
3741 5003 3828 5056 καὶ

2253 5084 2373 5137 οὐδὲ
2404 5084 2510 5138 ἀπὸ
2535 5087 2634 5157 τῆς
2656 5086 2831 5157 ψυχῆς
2851 5087 3193 5157 ὀνομάζεται,
3218 5088 3338 5142 ἀλλ’
3370 5091 3468 5158 ἀφ’
3498 5090 3692 5159 ἐτέρας
3722 5086 3830 5156 μεί-

2254 5167 2404 5232 ζονος
2432 5168 2616 5238 τιμῆς,
2647 5170 2752 5222 ἀπὸ
2779 5172 2877 5241 τῆς
2905 5172 2997 5225 τοῦ
3022 5174 3340 5243 Πνεύματος
3372 5174 3677 5244 ἐνεργείας.
3703 5170 3829 5223 0ύᾶ

2253 5251 2362 5322 γὰρ
2403 5252 2562 5322 ἀρκεῖ
2604 5253 2637 5322 ή
2678 5252 2821 5323 ψυχὴ
2864 5255 2994 5324 ἡμῖν
3040 5258 3120 5318 εἰς
3156 5256 3590 5327 κατορθώματα,
3626 5255 3717 5308 ἐὰν
3762 5253 3827 5322 μὴ

2253 5334 2647 5405 ἀπολαύσωμεν
2674 5336 2771 5405 τῆς
2796 5330 3045 5408 βοηθείας
3073 5337 3305 5409 ἐκείνης.
3340 5341 3458 5393 Καὶ
3489 5342 3577 5393 ἴνα
3609 5337 3827 5408 μάθητε.

2252 5417 2355 5483 ὅτι,
2388 5418 2504 5471 οὐδὲ
2537 5424 2568 5489 ή
2610 5418 2757 5488 ψυχὴ
2791 5419 2951 5491 ἀρκεῖ
2987 5420 3117 5490 ήμῖν
3157 5422 3235 5485 εἰς
3273 5421 3707 5493 κατορθώματα·
3747 5417 3832 5472 καὶ

2310 5598 2336 5660 ξ
2362 5595 2494 5646 Colb.
2513 5598 2726 5660 ἢνέῳξεν.

2310 5658 2651 5733 [Qddpqdum
2690 5676 2779 5707 τινι
2818 5664 2959 5721 putat
3002 5658 3151 5708 Savil.
3193 5660 3295 5722 Ego
3338 5660 3525 5722 legere
3564 5658 3729 5709 malim
3751 5658 3836 5705 τιίν

2248 5724 2577 5847 ποέὶίιῖἔιξίῖἷξ
2599 5758 2863 5847 ﬁgendum
2900 5782 3188 5847 conjicilxai
3212 5781 3294 5832 τοῦ
3328 5781 3519 5846 κλήρου
3543 5783 3625 5831 καὶ
3647 5786 3727 5838 τῆς
3757 5776 3835 5827 τοῦ

2256 5846 2524 5907 Πνεύμιτος
2542 5845 2846 5903 ἀντιλήψεως.
