3992 6300
238 370 335 447 tu

253 485 450 560 quando
491 486 546 538 in
591 482 793 538 multas
832 481 1000 537 divisa
1044 479 1203 534 fuerit
1248 496 1264 532 :
1300 486 1356 533 et
1384 492 1509 531 num
1538 477 1628 531 illa
1654 474 1829 531 deleta

256 579 432 642 fuerit,
478 584 643 646 atque
681 575 801 628 alia:
839 570 1185 636 introductae,
1216 584 1282 625 an
1308 583 1437 625 vero
1464 576 1712 623 manente
1742 566 1832 624 illa

255 674 455 742 reliqua:
481 669 591 723 sint
621 667 940 723 introductae
964 685 978 721 :
1001 680 1166 736 quare
1184 664 1402 719 confusa
1428 662 1620 726 fuerit,
1650 667 1703 715 et
1727 675 1830 730 qua

256 768 314 822 de
338 780 487 820 causa
523 780 537 817 :
567 763 766 818 deinde
791 775 1020 833 quanam
1048 775 1113 814 ex
1137 758 1317 813 multis
1342 757 1488 811 hisce
1514 754 1707 825 linguis
1728 753 1833 807 Ve-

257 868 333 914 tus
375 857 777 911 Testamentum
832 852 1195 921 conscriptum
1254 849 1412 905 fuerit
1464 866 1478 903 :
1524 850 1640 918 ejus
1687 846 1830 901 enim

258 951 407 1018 gratia
445 950 512 1005 de
540 949 625 1003 his
654 948 901 1003 omnibus
927 959 1227 1001 sermonem
1259 942 1623 1005 instituimus;
1651 949 1828 995 utrum

260 1048 339 1101 illa
368 1044 644 1114 antiquiori
670 1058 733 1098 ac
759 1042 918 1113 priori
941 1084 956 1107 ,
987 1057 1054 1095 an
1079 1054 1211 1095 vero
1231 1039 1335 1093 illis
1358 1052 1478 1108 qua!
1500 1047 1681 1105 postea
1706 1043 1829 1089 sunt

260 1142 481 1193 invectzc.
510 1136 613 1192 Sed
637 1137 801 1191 nolite
828 1136 1014 1189 timere
1045 1151 1058 1187 :
1090 1132 1330 1201 quamvis
1353 1130 1494 1186 enim
1518 1129 1679 1184 hodie
1699 1144 1832 1183 cnn-

259 1243 331 1285 cta
355 1229 571 1285 reddere
596 1243 702 1283 non
731 1229 1016 1298 possimus,
1044 1225 1264 1281 omnino
1294 1233 1470 1277 tamen
1498 1220 1649 1275 vobis
1680 1229 1827 1289 post-

260 1340 314 1378 ea
340 1321 629 1377 reddemus.
657 1319 765 1376 Cur
793 1320 952 1389 igitur
991 1330 1111 1372 cmn
1156 1316 1316 1371 hodie
1356 1324 1543 1368 cuncta
1571 1312 1826 1367 reddituri

262 1434 356 1471 non
392 1430 625 1471 essemus
645 1455 662 1479 ,
683 1414 927 1467 omnium
955 1411 1104 1465 vobis
1128 1409 1427 1464 debitorum
1457 1417 1826 1476 argumentum

261 1508 575 1563 recitarimus
594 1506 619 1555 ?
646 1504 717 1560 Ut
746 1503 1147 1558 retributionem
1179 1509 1547 1568 exspectantes
1567 1512 1663 1551 nos
1685 1512 1827 1550 sem-

262 1617 349 1670 per
370 1606 534 1654 mente
564 1598 806 1652 versetis.
840 1595 970 1649 Nam
1009 1594 1099 1663 qni
1145 1591 1395 1661 pecunias
1430 1589 1584 1645 alicui
1614 1597 1823 1641 mutua-

260 1702 341 1746 tus
370 1702 445 1747 est
466 1732 480 1755 ,
525 1699 579 1745 et
616 1689 908 1744 obnoxium
949 1686 1115 1739 habet
1164 1683 1462 1738 debitorem
1483 1722 1498 1747 ,
1528 1680 1579 1733 in
1607 1692 1787 1733 mensa
1808 1719 1823 1744 ,

261 1786 311 1838 iu
352 1783 571 1845 aedibus,
621 1781 674 1835 in
724 1779 942 1843 foro,in
996 1778 1169 1839 lecto,
1196 1785 1250 1828 et
1277 1774 1470 1844 ubique
1500 1774 1733 1826 locormn
1760 1770 1827 1825 de

259 1891 351 1927 suo
390 1868 620 1928 debitore
663 1871 888 1940 vigilans
926 1868 1123 1938 cegitat
1149 1877 1205 1921 et
1229 1866 1282 1920 in
1308 1864 1510 1919 somnis
1539 1881 1555 1917 :
1586 1871 1637 1917 et
1668 1878 1829 1933 pecu-

261 1967 449 2019 niarum
488 1978 637 2017 amor
679 1961 877 2024 efﬁcit,
916 1968 978 2013 ιιι
1020 1959 1108 2012 ille
1135 1973 1253 2012 cum
1284 1954 1517 2025 pecuniis
1545 1953 1826 2009 creditoris

260 2058 310 2111 in
348 2056 505 2110 anima
541 2052 966 2108 circumferatur.
998 2052 1065 2105 Ut
1094 2050 1248 2121 igitur
1279 2063 1376 2102 nos
1404 2062 1614 2118 quoque
1643 2045 1824 2099 reddi-

252 2150 407 2203 ‘tionis
440 2164 530 2218 spe
566 2162 780 2217 semper
822 2146 877 2200 in
916 2144 1107 2199 vestris
1137 2142 1402 2197 mentibus
1431 2155 1736 2205 versemur,
1770 2139 1822 2194 in

261 2241 476 2304 aedibus,
524 2240 573 2294 iu
615 2240 731 2292 foro
751 2280 766 2303 ,
798 2247 853 2293 et
891 2236 1207 2307 ubicumque
1230 2234 1437 2289 fueritis
1457 2276 1473 2301 ,
1504 2233 1701 2288 idcirco
1728 2234 1824 2287 de-

257 2332 362 2387 bita
384 2332 582 2403 quidem
610 2330 763 2384 vobis
789 2328 1173 2400 Spopoudimus
1191 2367 1211 2395 ,
1242 2327 1399 2382 hodie
1425 2341 1552 2381 vero
1579 2342 1683 2380 non
1708 2342 1826 2381 om-

262 2424 345 2480 nia
380 2426 730 2494 persolvcmus
752 2465 768 2489 ,
820 2432 879 2476 ut
921 2436 1106 2477 eorum
1131 2462 1147 2486 ,
1194 2438 1313 2490 qua:
1340 2419 1552 2475 residua
1586 2419 1819 2485 fuerint,

261 2516 680 2586 exspectationem
708 2514 859 2569 vobis
890 2524 1157 2583 tamquam
1186 2512 1457 2568 memoritc
1474 2512 1642 2566 nostri
1664 2526 1823 2567 occa-

262 2604 444 2663 sionem
477 2610 858 2674 relinquamus.
890 2608 1013 2663 lltcc
1038 2608 1178 2663 enim
1207 2620 1392 2676 magna
1422 2616 1503 2660 cst
1535 2616 1711 2661 nostra
1740 2620 1821 2660 se-

263 2706 470 2768 curitas,
496 2714 548 2756 ut
569 2704 791 2757 caritate
812 2712 987 2758 vestra
1016 2710 1272 2772 perpetuo
1298 2701 1536 2756 fruamur
1557 2742 1573 2767 ,
1606 2700 1695 2756 tali
1730 2715 1823 2770 po—

267 2795 379 2863 pulo
414 2810 467 2850 ac
511 2804 680 2850 tanto.
729 2795 864 2850 Nam
910 2795 999 2865 qui
1042 2795 1237 2849 fruitur
1278 2794 1527 2860 caritate,
1576 2794 1822 2863 precibus

266 2888 413 2942 etiam
434 2890 640 2942 omnino
669 2887 891 2942 fruetur.
919 2887 1029 2942 Hoc
1053 2901 1183 2943 vero
1206 2895 1459 2958 quantum
1487 2886 1556 2940 sit
1585 2886 1781 2940 bonum
1802 2927 1817 2950 ,

267 2979 379 3034 inde
394 2980 501 3035 licet
523 2981 794 3050 colligere.
818 2979 1013 3036 Paulus
1039 2976 1154 3044 ille,
1186 2979 1276 3046 qui
1305 2977 1518 3033 tertium
1551 2978 1601 3032 in
1630 2978 1818 3033 mulum

270 3083 430 3140 raptus
452 3073 639 3138 fuerat,
665 3073 754 3143 qui
777 3072 1052 3127 audiverat
1073 3086 1265 3127 arcana
1293 3071 1451 3126 verba
1471 3111 1487 3137 ,
1516 3070 1602 3142 qui
1631 3084 1820 3125 omnes

270 3176 446 3219 natura:
476 3167 817 3221 necessitates
848 3165 1160 3233 subegerat,
1191 3164 1280 3231 qui
1308 3163 1538 3233 perfecta
1566 3163 1819 3232 deinceps

267 3256 318 3309 iu
355 3258 609 3312 securitate
658 3256 1036 3327 permanebat,
1065 3256 1315 3327 precibus
1340 3256 1499 3310 etiam
1526 3253 1819 3324 discipulo-

268 3364 372 3402 rum
410 3351 696 3417 indigebat,
740 3366 802 3406 ac
825 3350 1037 3405 diccbat
1068 3368 1082 3404 :
1115 3348 1269 3404 Orate
1293 3366 1387 3420 pro
1415 3365 1494 3402 me
1514 3390 1530 3415 ,
1557 3358 1610 3401 ut
1638 3349 1818 3402 liberer

268 3444 326 3495 ab
342 3444 595 3513 inﬁdelibus
620 3444 797 3517 (Rom.
830 3444 919 3498 15.
958 3441 1048 3499 30.
1076 3443 1170 3512 5i)
1195 3460 1210 3508 ;
1239 3454 1291 3497 et
1323 3457 1504 3497 rursus
1534 3459 1546 3493 :
1583 3442 1737 3496 Orate
1762 3452 1814 3495 ut

268 3535 392 3588 detur
415 3539 526 3591 mihi
559 3555 723 3593 sermo
757 3538 809 3600 in
832 3543 1087 3608 apertione
1115 3539 1217 3593 oris
1243 3539 1338 3591 mei
1363 3536 1581 3607 (Epltes.
1612 3539 1665 3594 6.
1698 3538 1811 3609 19).

271 3628 329 3681 Et
349 3630 516 3701 ubique
536 3631 725 3685 videtis
755 3633 925 3700 ipsum
952 3640 1007 3686 et
1030 3630 1409 3701 discipulorum
1434 3632 1699 3685 orationes
1722 3646 1814 3699 po-

269 3721 464 3785 stulare,
504 3730 556 3777 et
593 3738 717 3787 cum
757 3722 1075 3790 obtinuerit,
1117 3722 1314 3792 gratias
1341 3722 1444 3775 illis
1472 3737 1649 3792 agerc.
1681 3722 1809 3777 Nam

271 3828 327 3867 ne
355 3812 476 3869 forte
515 3815 656 3870 dicat
692 3814 887 3885 aliquis
930 3830 1052 3869 eum
1094 3829 1204 3884 prae
1235 3814 1393 3867 nimia
1428 3812 1723 3869 humilitate
1745 3814 1811 3870 ad

268 3903 606 3975 discipulorum
667 3920 859 3977 preces
914 3904 1240 3975 confugere,
1296 3905 1542 3960 virtutem
1602 3906 1809 3961 illarum

269 3998 501 4066 ostendit,
525 4016 647 4054 cum
677 4000 748 4053 ita
776 3999 1015 4069 loquitur
1038 4016 1049 4051 :
1077 3998 1176 4064 Qui
1201 3997 1264 4053 de
1290 4000 1441 4051 tantis
1462 4001 1699 4052 mortibus
1721 4018 1812 4055 nos

271 4089 451 4158 eripuit;
473 4108 732 4162 speramus
760 4101 926 4144 autem
945 4132 959 4153 ,
990 4092 1226 4161 quoniam
1250 4099 1297 4143 et
1325 4089 1492 4143 adhuc
1516 4090 1689 4160 eripiet
1714 4093 1811 4143 ad-

269 4179 512 4245 jurantibus
536 4193 583 4236 et
620 4184 759 4237 vobis
792 4183 847 4235 in
871 4183 1094 4236 oratione
1113 4198 1205 4252 pro
1232 4183 1397 4244 nobis,
1424 4192 1477 4235 ut
1498 4181 1558 4235 ob
1582 4182 1813 4235 donatio-

271 4290 392 4335 nem,
427 4292 531 4344 qua
571 4278 623 4329 in
663 4276 805 4329 nobis
849 4284 958 4340 est,
1004 4291 1092 4343 per
1131 4275 1315 4327 multos
1347 4274 1525 4345 gratia:
1552 4290 1644 4343 pro
1671 4274 1811 4327 nobis

270 4376 449 4433 agitatur
472 4366 543 4438 (2.
575 4366 693 4420 Cor.
727 4368 779 4419 1.
809 4366 894 4420 10.
927 4364 1040 4434 Η).

330 4455 481 4511 Oratio
508 4458 845 4513 multitudinis
862 4468 1104 4529 quantum
1132 4458 1313 4511 valeat.
1333 4487 1404 4499 —
1424 4456 1576 4525 Quod
1604 4457 1647 4512 si
1671 4459 1810 4511 Pau—

272 4547 359 4601 lum
392 4565 416 4603 a
459 4552 705 4621 periculis
752 4554 921 4607 oratio
947 4551 1301 4607 multitudinis
1326 4551 1604 4615 liberavit,
1633 4567 1808 4606 annon

274 4640 399 4695 etiam
433 4658 460 4696 a
499 4644 653 4699 nobis
680 4644 975 4713 exspectari
1003 4658 1100 4713 par
1127 4650 1241 4709 est,
1272 4653 1328 4697 ut
1358 4659 1423 4697 ex
1451 4642 1550 4697 hoc
1576 4642 1810 4697 subsidio

271 4748 424 4805 magna
444 4737 716 4793 commoda
742 4737 1170 4808 consequamur?
1193 4735 1323 4790 Cum
1351 4737 1492 4792 enim
1524 4736 1715 4790 inﬁrmi
1739 4736 1811 4789 si-

273 4844 395 4899 mus,
432 4833 551 4889 dum
579 4834 682 4890 soli
719 4848 1019 4904 precamur,
1049 4833 1138 4888 ubi
1159 4848 1288 4888 vero
1312 4833 1617 4904 congregati
1646 4833 1811 4888 fueri-

271 4936 365 4977 mus
391 4965 404 4989 ,
456 4926 781 4981 robustiores
810 4967 827 4993 ,
880 4925 1217 4981 multitudine
1267 4939 1330 4980 ac
1376 4925 1631 4981 societate
1680 4925 1809 4979 inita

268 5016 405 5072 Deum
430 5034 724 5076 exoramus.
751 5019 842 5075 Sic
860 5020 1020 5075 etiam
1050 5035 1145 5074 rex
1171 5034 1315 5089 saepe
1342 5034 1465 5074 cum
1490 5021 1716 5091 aliquem
1743 5019 1809 5075 ad

263 5124 458 5167 mortem
492 5113 794 5181 damnarit,
841 5113 932 5168 uni
968 5113 1181 5185 quidem
1227 5114 1397 5169 oranti
1436 5129 1534 5184 pro
1560 5115 1811 5168 damnato

261 5219 350 5257 non
394 5206 597 5271 annuit,
644 5206 715 5261 ab
762 5207 964 5276 integra
990 5220 1119 5275 vero
1143 5204 1355 5260 civitate
1383 5204 1705 5275 deprecante
1734 5204 1811 5259 fu-

254 5296 347 5351 cile
386 5308 621 5352 exoratur
645 5339 661 5363 ,
701 5312 934 5367 eumque
970 5297 1059 5367 qui
1086 5296 1152 5351 ad
1181 5297 1485 5352 barathrum
1512 5298 1812 5353 abduceba-

251 5400 345 5453 tur,
371 5388 432 5443 ob
451 5390 853 5461 deprecaturum
880 5390 1271 5446 multitudinem
1292 5392 1554 5463 supplicio
1584 5391 1765 5447 eximit
1790 5431 1806 5457 ,

246 5496 393 5556 atque
419 5485 481 5540 ad
511 5486 668 5540 vitam
698 5484 928 5541 reducit.
959 5484 1127 5540 Tanta
1149 5486 1231 5539 vis
1250 5494 1331 5539 est
1353 5484 1612 5538 orationis
1634 5483 1811 5537 multi-

247 5580 450 5635 tudinis.
493 5579 694 5636 ldcirco
730 5580 894 5635 etiam
934 5578 1231 5650 colligimur
1258 5588 1313 5633 et
1336 5578 1683 5634 convenimus
1708 5578 1811 5631 huc

243 5685 418 5725 omnes
437 5712 452 5735 ,
506 5679 560 5725 ut
585 5670 955 5726 vehementius
989 5669 1155 5724 Deum
1180 5669 1247 5723 ad
1276 5668 1692 5723 misericordiam
1716 5666 1812 5722 fle-

242 5773 451 5817 culmus.
485 5761 613 5816 Nam
641 5777 763 5817 cum
784 5769 1001 5815 orantes
1020 5759 1151 5828 soli,
1175 5769 1233 5814 ut
1250 5768 1374 5815 ante
1400 5759 1507 5814 dixi
1532 5800 1546 5821 ,
1567 5758 1806 5815 imbecil-

245 5856 312 5908 les
347 5854 514 5909 simus
536 5895 550 5920 ,
594 5870 687 5925 per
712 5853 1139 5922 coniunctionem
1164 5853 1400 5909 caritatis
1423 5853 1587 5908 Deum
1619 5868 1805 5909 exom-

1225 362 1309 419 DE
1349 358 1882 421 PROPIIE‘I'IARUM
1910 359 2408 419 OBSCURITATE.
2449 364 2515 421 ll.

3425 368 3529 427 189

1935 491 2092 543 mus,
2132 484 2193 531 ut
2227 477 2381 533 nobis
2408 478 2673 549 postulata
2698 482 2979 539 concedat.
3012 481 3138 540 Haac
3157 498 3289 540 vero
3316 498 3423 539 non
3448 495 3529 542 te-

1933 580 2084 623 mere
2109 584 2139 623 a
2166 585 2253 624 me
2280 570 2626 639 proferuntur
2646 613 2661 637 ,
2687 589 2860 644 neque
2891 585 3108 646 propter
3131 577 3390 646 meipsum
3412 584 3529 630 tan-

1935 669 2048 713 tum
2074 702 2090 728 ,
2130 662 2223 716 sed
2270 674 2328 717 ut
2354 678 2570 734 semper
2588 666 2654 720 ad
2685 667 2936 723 collectas
2959 671 3253 739 properetis
3277 712 3292 733 ,
3320 686 3417 725 nec
3440 670 3527 725 di-

1933 752 2069 805 catis
2115 768 2129 809 :
2176 756 2367 809 Annon
2412 757 2558 812 enim
2605 773 2764 814 orare
2803 760 2946 815 domi
2987 776 3203 832 possunt
3230 763 3252 817 ?
3284 763 3440 819 Potes
3472 774 3526 818 tu

1932 846 2147 916 quidem
2171 864 2327 903 orare
2349 890 2365 917 ,
2394 849 2488 905 sed
2519 858 2718 906 tantam
2748 852 2995 907 virtutem
3024 869 3127 909 non
3152 856 3310 911 habet
3330 857 3525 922 oratio,

1932 953 2092 1007 quam
2116 940 2205 993 ubi
2226 955 2348 994 cum
2380 942 2607 1011 propriis
2632 943 2888 999 membris
2910 943 3002 1011 fit,
3024 961 3181 1015 quam
3208 961 3327 1002 cum
3354 956 3522 1001 totum

1930 1043 2127 1099 corpus
2168 1031 2421 1087 Ecclesia:
2464 1034 2788 1089 unanimiter
2824 1044 2879 1090 et
2905 1051 3007 1089 una
3033 1052 3161 1092 voce
3187 1054 3373 1107 preces
3399 1038 3523 1093 fnu-

1931 1121 2050 1186 dit,
2101 1122 2465 1179 sacerdotibus
2506 1126 2891 1195 praesentibus,
2931 1142 2996 1181 ac
3036 1129 3198 1183 verba
3223 1131 3522 1185 communis

1930 1223 2101 1267 cretus
2123 1215 2492 1271 offerentibus.

1998 1305 2051 1359 5.
2087 1305 2247 1361 Visne
2271 1307 2479 1362 discere
2503 1318 2697 1379 quanta
2726 1309 2797 1364 sit
2820 1309 2987 1365 virtus
3014 1311 3290 1377 orationis,
3313 1330 3431 1383 qua:
3460 1314 3511 1368 in

1927 1396 2151 1451 ecclesia
2197 1399 2291 1453 fit?
2319 1398 2538 1453 Vinctus
2579 1409 2695 1455 erat
2747 1401 3033 1471 aliquando
3059 1403 3246 1457 Petrus
3293 1405 3345 1457 in
3394 1421 3515 1459 car-

1928 1500 2086 1551 cere,
2140 1504 2203 1542 ac
2242 1490 2421 1544 multis
2449 1491 2653 1546 catenis
2695 1492 3092 1547 circumdatus:
3120 1492 3296 1547 Oratio
3350 1507 3516 1549 autem

1930 1576 2079 1643 [iebat
2105 1580 2215 1631 sine
2234 1580 2599 1635 intermissione
2618 1582 2681 1636 ab
2705 1582 2931 1637 Ecclesia
2956 1601 3047 1653 pro
3073 1602 3128 1638 eo
3158 1586 3296 1655 (Act.
3327 1585 3412 1640 12.
3441 1586 3524 1655 fi),

1929 1679 1984 1724 et
2024 1673 2306 1727 confestim
2341 1674 2487 1728 illum
2515 1674 2697 1729 eduxit
2725 1692 2756 1730 e
2784 1692 3020 1732 carcere.
3066 1677 3201 1746 Quid
3236 1679 3391 1748 igitur
3422 1678 3521 1731 hac

1930 1767 2197 1832 potentius
2234 1764 2344 1819 ﬁeri
2386 1776 2545 1835 queat
2574 1768 2852 1831 oratione,
2900 1786 3018 1836 qua!
3062 1770 3130 1824 de
3172 1771 3431 1824 columnis
3458 1786 3520 1825 ac

1929 1858 2163 1912 turribus
2197 1857 2453 1913 Ecclesia:
2498 1860 2634 1915 bene
2670 1862 2861 1915 merita
2907 1862 3026 1915 est?
3054 1862 3246 1916 Paulus
3283 1862 3424 1916 eriim
3464 1872 3520 1915 et

1931 1950 2119 2005 Petrus
2145 1961 2321 2006 turres
2346 1962 2497 2007 erant
2523 1963 2576 2008 et
2600 1955 2861 2009 columna!
2879 1955 3154 2020 Ecclesitc,
3180 1965 3337 2024 atque
3360 1956 3518 2026 hujus

1927 2042 2142 2111 quidem
2171 2042 2375 2097 vincula
2403 2046 2579 2108 solvit,
2607 2047 2746 2100 illius
2774 2058 2951 2102 autem
2978 2064 3041 2102 os
3068 2050 3295 2117 aperuit.
3326 2051 3429 2103 Sed
3459 2061 3515 2106 ut

1929 2150 2034 2187 non
2066 2136 2237 2190 solum
2268 2151 2330 2189 ex
2366 2136 2459 2196 iis.
2491 2154 2610 2206 quzc
2641 2150 2750 2193 tum
2779 2141 3107 2200 acciderunt.
3138 2141 3231 2194 sed
3261 2143 3421 2196 etiam
3449 2158 3515 2197 ex

1927 2226 2011 2291 iis,
2044 2244 2163 2296 qum
2202 2228 2428 2299 singulis
2471 2230 2662 2285 diebus
2705 2234 3081 2300 perficiuntur,
3110 2234 3373 2302 duplicem
3400 2235 3516 2303 ejus

1931 2320 2181 2375 virtutem
2196 2321 2644 2388 demonStrcnms,
2664 2325 2922 2379 orationis
2948 2326 3113 2395 ipsius
3128 2343 3247 2395 ιιιιειι
3266 2343 3293 2379 a
3322 2329 3516 2397 populo

1927 2413 1982 2465 fit
2015 2414 2164 2467 vobis
2191 2416 2503 2469 memoriam
2533 2416 2865 2471 rcfricenms.
2898 2419 3229 2488 Quamquam
3261 2420 3305 2474 si
3335 2422 3454 2489 quis
3483 2436 3513 2474 e

1925 2502 2080 2572 vulgo
2104 2504 2259 2560 vobis
2286 2506 2593 2576 irruperant,
2627 2516 2685 2561 ιιι
2711 2508 2902 2579 singuli
2932 2524 2994 2564 ac
3022 2510 3120 2565 soli
3151 2525 3249 2580 pro
3275 2511 3509 2582 episcopi

1924 2594 2096 2649 salute
2138 2598 2383 2662 oraretis,
2426 2600 2791 2671 unusquisque
2836 2616 2959 2657 sese
3000 2612 3301 2670 excusaret,
3352 2615 3513 2675 atque

1925 2686 2026 2741 hoc
2062 2697 2335 2759 tamquam
2373 2704 2510 2747 onus
2538 2693 2743 2747 viribus
2772 2693 2883 2747 suis
2913 2694 3087 2765 majus
3115 2710 3145 2749 a
3174 2710 3233 2751 se
3257 2696 3511 2750 arnolire-

1926 2790 2013 2836 tur
2036 2775 2199 2837 :ilum
2227 2798 2356 2838 vero
2377 2786 2737 2841 communiter
2760 2801 2947 2841 omnes
2971 2787 3180 2843 diaconi
3208 2803 3392 2843 vocem
3416 2804 3510 2841 an-

1919 2872 2044 2928 ditis
2068 2873 2119 2927 id
2147 2874 2455 2942 imperantis
2491 2891 2553 2931 ac
2590 2877 2817 2933 dicentis
2837 2920 2850 2940 .
2883 2877 3095 2933 Oremus
3120 2896 3212 2949 pro
3238 2880 3492 2949 episcopo,

1920 2973 1968 3017 et
2013 2974 2278 3029 senectute,
2327 2982 2388 3021 ac
2439 2969 2721 3038 patrocinio
2760 2969 2861 3040 (τι),
2904 2980 3054 3041 atque
3082 2981 3136 3024 ut
3163 2980 3293 3025 recte
3331 2981 3508 3025 tractet

1919 3058 2121 3111 verbum
2148 3060 2369 3114 veritatis
2391 3102 2404 3125 ,
2438 3072 2483 3114 et
2514 3078 2606 3131 pro
2635 3063 2697 3116 iis
2732 3064 2819 3133 qui
2844 3063 2926 3117 hic
2951 3073 3086 3129 sunt,
3118 3073 3163 3117 et
3192 3065 3374 3134 ubique
3403 3076 3507 3119 ter-

1918 3166 2120 3215 rarum,
2152 3150 2291 3220 quod
2323 3152 2641 3221 imperaturo
2670 3165 2752 3209 est
2778 3171 2937 3226 agere
2965 3171 3071 3211 non
3102 3158 3381 3221 recusatis,
3411 3158 3505 3212 scd

1918 3255 2105 3310 magna
2135 3240 2297 3295 animi
2320 3243 2663 3299 contentione
2688 3260 2872 3314 preces
2894 3246 3115 3312 offertis,
3144 3246 3284 3317 quod
3311 3256 3504 3317 quanta

1915 3332 1981 3386 sit
2006 3333 2083 3387 vis
2104 3348 2396 3390 concursus
2419 3338 2578 3391 vestri
2609 3338 2772 3407 probe
2801 3340 3128 3409 intelligatis.
3152 3339 3355 3406 Sciunt,
3380 3341 3504 3411 quid

1916 3424 2112 3491 dicam,
2158 3426 2191 3481 ii
2233 3428 2321 3497 qui
2370 3430 2640 3499 mysteriis
2682 3440 2807 3484 sunt
2851 3431 3229 3485 initiati:nam
3277 3432 3504 3490 orationi

1914 3516 2416 3573 catcclmmcnorum
2437 3520 2670 3577 nondum
2698 3529 2783 3574 est
2805 3520 2930 3574 illud
2958 3521 3297 3590 permissum,
3324 3536 3500 3591 quan-

1913 3606 2202 3677 doquidem
2231 3609 2467 3663 nondum
2512 3610 2578 3663 ad
2618 3609 2754 3665 hanc
2786 3610 3035 3679 loquendi
3082 3610 3349 3665 licentiam
3381 3627 3505 3681 per-

1914 3709 2178 3755 venerunt
2198 3717 2209 3753 ε
2232 3717 2328 3757 vos
2362 3711 2540 3756 autem
2573 3712 2631 3755 ut
2660 3718 2754 3771 pro
2786 3710 2898 3757 toto
2930 3713 3195 3757 terrarum
3228 3703 3379 3767 orbe,
3408 3720 3505 3773 pro

1916 3792 2150 3847 Ecclesia
2178 3810 2295 3863 quze
2322 3795 2385 3849 ad
2417 3802 2575 3849 terra:
2604 3794 2737 3849 fines
2762 3810 2927 3865 usque
2953 3795 3307 3866 protenditur,
3328 3805 3383 3851 et
3408 3812 3504 3866 pro

1915 3885 2181 3955 cpisc0pis
2210 3885 2459 3940 omnilms
2498 3888 2585 3957 qui
2614 3902 2730 3941 eam
2770 3898 2993 3958 regunt,
3025 3903 3211 3959 preces
3233 3889 3465 3945 offeratis
3484 3932 3501 3955 ,

1912 3976 2227 4031 cohortatur
2279 3978 2362 4045 is,
2415 3980 2502 4048 qui
2550 3979 2816 4034 ministrat
2868 3980 2995 4044 illis,
3046 3990 3100 4034 et
3147 3980 3500 4049 obsequiminf

1918 4084 2130 4121 stunmo
2157 4068 2351 4133 studio,
2383 4085 2447 4124 ac
2478 4071 2649 4140 reipsa
2679 4071 2944 4126 tcstamini
2970 4086 3213 4140 magnam
3243 4073 3500 4127 orationis

1913 4174 2031 4212 esse
2062 4159 2346 4225 virtutem,
2394 4176 2512 4229 qtue
2553 4176 2581 4214 a
2636 4162 2830 4230 populo
2876 4164 2929 4216 in
2977 4163 3198 4217 ecclesia
3226 4166 3499 4217 communi

1912 4265 2175 4304 consensu
2204 4252 2474 4305 offeratur.
2512 4253 2702 4307 \‘crum
2734 4252 2799 4306 ad
2834 4256 3160 4323 prepositum
3190 4257 3495 4320 redeamus,

1912 4342 2054 4410 quod
2086 4344 2380 4412 antiquitus
2422 4360 2522 4396 una
2556 4343 2716 4399 fuerit
2750 4345 2944 4415 lingua.
2979 4346 3128 4400 Unde
3154 4348 3312 4415 igitur
3340 4363 3497 4400 uuam

1913 4432 2145 4503 linguam
2193 4433 2356 4489 fuisse
2398 4435 2642 4489 constat?
2690 4436 2753 4488 Et
2798 4446 2903 4489 erat
2944 4439 3106 4491 omnis
3146 4447 3277 4490 terra
3311 4438 3498 4491 fabium

1910 4543 2069 4579 unum
2110 4526 2263 4596 (Gen.
2294 4529 2378 4581 il.
2415 4527 2490 4597 1).
2536 4527 2835 4583 Obscurum
2877 4538 2963 4584 est
3010 4530 3111 4583 hoc
3151 4530 3372 4584 dictum.
3419 4533 3497 4584 An

1912 4617 2107 4673 fabium
2137 4618 2297 4673 habet
2326 4620 2511 4673 terra?
2544 4620 2909 4691 Nequaquam.
2942 4623 3077 4691 Quid
3115 4638 3243 4690 ergo
3280 4625 3412 4678 dicit
3439 4634 3497 4677 et

1910 4711 1979 4767 de
1999 4712 2143 4783 quo?
2173 4711 2288 4766 Non
2319 4712 2385 4765 de
2414 4712 2512 4766 hac
2543 4722 2685 4767 terra
2728 4713 2963 4781 loquitur
2990 4732 3109 4783 qua:
3159 4730 3316 4770 sensu
3348 4728 3498 4770 caret

1909 4811 1965 4858 et
1986 4804 2275 4859 immobilis
2300 4813 2411 4870 est;
2442 4803 2534 4858 sed
2561 4806 2870 4861 universum
2901 4822 3067 4877 genus
3097 4808 3386 4863 lmmanum
3416 4810 3493 4862 sic

1911 4897 2221 4967 appellavit,
2251 4911 2344 4951 eos
2382 4897 2677 4953 admonens
2706 4900 2934 4969 propriae
2963 4910 3185 4967 naturzc,
3229 4910 3453 4955 matrem
3481 4942 3495 4960 ,

1911 5004 1976 5043 ex
2004 5005 2105 5059 qua
2132 4989 2233 5043 orti
2260 4996 2404 5055 sunt,
2428 4988 2534 5043 iliis
2564 4990 2616 5043 in
2646 4993 2959 5046 memoriam
2988 5007 3263 5047 revocans.
3291 4992 3497 5060 Duplex

1912 5080 2050 5132 enim
2074 5088 2155 5134 est
2184 5078 2285 5133 hoc
2310 5079 2526 5139 animal.
2555 5078 2736 5143 homo,
2766 5082 2999 5153 inquam,
3024 5099 3089 5136 ex
3132 5082 3338 5136 duabus
3369 5082 3498 5135 snh-

1911 5172 2118 5225 stantiis
2155 5171 2436 5236 conflatus,
2464 5187 2566 5225 una
2610 5174 2869 5240 sensibili,
2900 5175 3158 5245 spirituali
3183 5175 3373 5240 altera,
3399 5174 3499 5228 hoc

1912 5270 2013 5325 est,
2045 5277 2109 5315 cx
2137 5262 2313 5316 anima
2342 5272 2397 5317 et
2422 5278 2669 5333 corpore,
2701 5266 2787 5319 cui
2817 5281 2939 5320 cum
2968 5265 3269 5320 cmlestibus
3296 5274 3344 5318 et
3376 5280 3497 5319 cum

1915 5353 2253 5407 terrestribus
2298 5356 2546 5425 cognatio
2589 5356 2829 5425 quaedam
2881 5357 3182 5411 intercedit.
3226 5354 3359 5408 Nam
3404 5370 3500 5424 per

1914 5443 2244 5511 Spiritualem
2277 5444 2489 5512 quidem
2521 5446 2871 5499 substantiam
2912 5461 3033 5499 cum
3083 5444 3367 5499 virtutibus
3405 5461 3497 5499 su-

1914 5535 2097 5605 pernis
2128 5536 2437 5604 participat:
2460 5550 2556 5605 per
2591 5537 2899 5591 sensibilem
2936 5551 3056 5589 cum
3081 5535 3242 5590 rebus
3270 5540 3502 5591 terrenis

1914 5628 2227 5696 copulatur,
2270 5636 2325 5681 et
2364 5636 2447 5682 est
2483 5627 2697 5696 quidam
2748 5625 2910 5679 veluti
2955 5639 3124 5680 nexus
3168 5625 3501 5682 ﬁrmissimus

1979 5738 2052 5801 (τι)
2087 5740 2170 5788 Hic
2209 5738 2389 5801 aliquid
2430 5740 2532 5787 vitii
2580 5740 2659 5789 vel
2700 5738 2924 5801 defectus
2964 5752 3076 5789 esse
3114 5738 3323 5801 videtur.
3363 5748 3499 5790 Putat

1919 5799 2123 5865 Joannes
2146 5799 2628 5865 Bolsiusrlegendum,
2654 5807 2697 5849 et
2723 5813 2810 5863 pro
2832 5800 2987 5864 clero,
3013 5810 3058 5854 et
3079 5799 3268 5853 auxilio
3297 5802 3500 5865 Spiritus

1917 5862 2083 5912 sancti.
2110 5869 2200 5912 Sed
2228 5862 2339 5910 illud
2362 5862 2579 5910 divinare
2604 5872 2695 5912 est.
