3992 6300
569 348 672 406 183

563 466 842 534 utriusque
882 470 1158 518 creaturae.
1189 460 1322 516 Cum
1359 461 1521 531 igitur
1565 457 1765 530 aliquid
1803 459 1914 528 agit
1955 471 2144 512 eorum

567 572 687 627 qua:
715 557 822 611 Deo
850 563 973 610 sunt
1009 555 1233 623 placita,
1269 552 1564 617 spiritualis
1601 551 1826 616 dicitur,
1852 560 1907 606 et
1939 565 2040 604 nec
2079 549 2148 605 ab

563 647 678 720 ipsa
719 646 930 718 quidem
959 647 1135 700 anima
1165 661 1360 700 nomen
1401 645 1634 712 accipit,
1665 643 1758 698 sed
1783 643 1852 697 ab
1878 644 1982 697 alio
2007 657 2146 713 quo-

565 739 688 793 dam
730 738 932 792 honore
983 736 1196 803 majori,
1239 751 1271 790 a
1319 736 1549 806 Spiritus
1590 737 1922 804 operatione.
1963 734 2145 802 Neque

565 829 708 882 enim
739 827 805 880 ad
835 836 980 881 recte
1011 828 1148 880 facta
1178 825 1376 880 sufficit
1401 826 1602 892 anima,
1634 825 1734 879 nisi
1762 825 1851 880 illo
1882 825 2146 894 potiamur

562 920 781 973 auxilio.
810 923 985 988 Atque
1015 929 1071 972 ut
1107 917 1417 988 intelligetis
1454 919 1686 973 animam
1725 919 1878 972 nobis
1904 917 1972 972 ad
2000 928 2144 973 recte

565 1010 700 1064 facta
727 1026 832 1064 non
858 1011 1131 1074 sul'llcere;
1171 1018 1224 1065 et
1269 1009 1394 1080 quid
1427 1008 1576 1070 dico.
1604 1007 1671 1063 ad
1699 1017 1846 1064 recte
1882 1007 2051 1062 facta?
2077 1023 2143 1063 ne

563 1100 631 1154 ad
665 1099 764 1155 hoc
788 1099 1004 1169 quidem
1035 1111 1090 1152 ut
1115 1115 1180 1154 ea
1205 1115 1326 1169 quae
1353 1100 1636 1164 dicuntur,
1665 1100 1940 1169 percipere
1970 1100 2143 1166 possi-

569 1208 689 1247 mus
719 1209 733 1247 :
760 1193 1031 1256 Animulis,
1062 1193 1254 1262 inquit,
1280 1193 1428 1246 homo
1447 1209 1548 1247 non
1569 1193 1779 1263 percipit
1803 1210 1862 1248 ea
1885 1208 2002 1261 quae
2026 1201 2143 1246 sunt

565 1283 794 1353 Spiritus
821 1283 900 1354 (l.
932 1282 1052 1338 Cor.
1081 1281 1140 1338 2.
1172 1282 1282 1355 14).
1325 1281 1459 1338 Nam
1499 1294 1556 1338 ut
1593 1284 1863 1338 carnalem
1911 1284 2144 1353 appellat

565 1391 714 1442 eum,
741 1375 833 1443 qui
872 1371 1022 1428 carni
1061 1375 1261 1438 servit,
1307 1374 1386 1429 sic
1413 1374 1700 1429 animalem
1729 1374 1961 1445 appellat
1985 1391 2140 1440 eum,

565 1468 655 1538 qui
685 1465 1176 1523 ratiocinationibus
1196 1464 1440 1522 humanis
1451 1474 1643 1521 cuncta
1667 1467 1943 1536 permittit,
1969 1480 2144 1536 neque

566 1559 796 1628 Spiritus
824 1556 1058 1611 afﬂatum
1087 1557 1296 1627 recipit.
1319 1555 1448 1619 Sed,
1472 1564 1530 1612 ut
1564 1556 1806 1612 dicebam
1827 1597 1844 1622 ,
1883 1572 1982 1611 nos
2015 1558 2142 1613 dum

566 1658 712 1703 recte
754 1647 994 1718 agimus,
1038 1647 1340 1717 spirituales
1375 1647 1774 1704 dicimurzcum
1803 1663 1930 1704 vero
1959 1663 2144 1718 pecca-

568 1758 707 1808 mus,
739 1744 1158 1812 supplantamur,
1186 1752 1242 1798 et
1264 1743 1534 1814 quidpiam
1567 1743 1836 1814 indignum
1869 1745 2144 1798 nobilitate

567 1843 746 1890 nostra
791 1835 1124 1905 peregimus,
1155 1835 1308 1890 nobis
1333 1852 1368 1890 a
1396 1836 1483 1891 vili
1509 1845 1563 1890 et
1590 1835 1794 1906 abjecta
1827 1846 2010 1890 natura
2045 1851 2142 1889 no-

567 1941 690 1980 men
719 1927 962 1996 imponit,
991 1937 1047 1982 et
1072 1941 1171 1982 nos
1196 1936 1390 1982 terram
1419 1927 1666 1996 appellat.
1696 1926 1954 1993 Quoniam
1986 1927 2144 1996 igitur

571 2018 657 2072 hic
699 2033 910 2089 quoque
953 2019 1236 2073 nonnullos
1274 2029 1616 2074 accusaturus
1656 2028 1776 2085 est,
1817 2018 1906 2089 qui
1955 2017 2142 2072 turrim

568 2109 979 2176 tedillcaveraut,
1022 2110 1111 2180 qui
1141 2111 1195 2164 in
1224 2111 1525 2175 superbiam
1551 2107 1678 2165 elati
1704 2120 1878 2176 erant,
1904 2108 1994 2179 qui
2023 2125 2142 2162 ma-

560 2199 708 2269 jores
749 2200 1006 2270 dignitate
1046 2215 1142 2254 sua
1189 2197 1407 2268 spiritus
1444 2199 1546 2253 sibi
1587 2209 1963 2269 sumpserant,
2021 2199 2146 2254 illos

563 2298 740 2344 autem
787 2299 1131 2346 accusaturus
1160 2299 1245 2344 est
1280 2289 1564 2358 superbiai,
1606 2288 1805 2345 idcirco
1836 2305 1868 2344 a
1898 2289 1986 2344 vili
2015 2289 2146 2344 sub-

565 2384 762 2438 stantia
791 2383 941 2438 duxit
965 2381 1376 2453 appellationem
1413 2397 1536 2438 cum
1565 2381 1699 2437 dixit
1723 2400 1737 2436 :
1763 2382 1826 2436 Et
1854 2392 1959 2437 erat
1980 2383 2144 2438 omnis

566 2488 700 2532 terra
725 2478 911 2532 labium
936 2494 1112 2531 unum.
1141 2477 1316 2547 Atque
1355 2485 1411 2531 ut
1438 2475 1653 2530 discatis
1677 2476 1756 2531 sic
1779 2491 1902 2531 eum
1929 2491 2026 2530 nos
2049 2490 2142 2546 ap-

567 2569 771 2638 pellare
787 2584 905 2623 cum
929 2566 1342 2637 peccaverimus,
1362 2566 1623 2622 Adamum
1647 2567 1714 2621 ita
1734 2576 1853 2636 post
1870 2575 2139 2636 peccatum

565 2661 850 2730 appellavit
876 2659 1094 2726 dicens,
1146 2656 1302 2713 Terra
1343 2675 1431 2725 es,
1479 2667 1526 2712 et
1567 2659 1620 2712 in
1656 2675 1846 2712 .erram
1883 2659 2141 2712 reverteris

563 2751 716 2819 (Gen.
749 2753 803 2808 3.
837 2751 928 2822 l9)
953 2769 966 2804 :
991 2751 1199 2805 tametsi
1230 2765 1338 2804 non
1375 2759 1516 2805 terra
1556 2758 1759 2803 tantum
1788 2759 1935 2814 erat,
1968 2750 2060 2803 sed
2087 2758 2142 2805 et

563 2844 792 2896 animam
815 2841 1042 2896 habebat
1057 2841 1430 2896 immortalem.
1447 2839 1553 2896 Cur
1569 2841 1726 2911 igitur
1749 2852 1942 2896 terram
1967 2843 2138 2910 ipsum

560 2933 885 3004 appellavit?
905 2932 1037 3001 Quia
1067 2933 1327 3002 peccavit.
1353 2932 1495 2987 Sane
1517 2948 1637 2986 cum
1661 2931 1833 3001 ipsmn
1863 2932 2138 2998 formaret,

560 3040 663 3078 non
693 3025 762 3078 ita
787 3023 933 3079 illum
967 3023 1430 3094 appellavitzquid
1459 3023 1629 3094 ergo?
1667 3022 1937 3076 Faciamus
1971 3024 2138 3077 homi-

558 3133 673 3170 nem
694 3115 762 3168 ad
786 3114 1054 3187 imaginem
1076 3124 1122 3168 et
1141 3114 1521 3169 similitudinem
1542 3122 1761 3167 nostram
1778 3123 1856 3167 :et
1879 3113 2138 3168 dominen-

553 3218 640 3263 tur
689 3209 905 3277 piscibus
949 3207 1142 3274 maris,
1189 3215 1237 3260 et
1290 3206 1457 3260 bestiis
1507 3215 1673 3261 terra.
1729 3203 1797 3259 Et
1841 3206 1933 3260 erit
1988 3207 2138 3259 timor

555 3317 729 3354 eorum
778 3309 824 3354 et
853 3307 1039 3353 tremor
1065 3314 1220 3366 super
1244 3313 1439 3350 omnem
1467 3305 1651 3350 terram
1683 3294 1836 3367 (Gen.
1870 3297 1921 3350 1.
1949 3295 2049 3360 26;
2079 3296 2133 3351 9.

553 3389 634 3460 2).
681 3389 841 3445 Vides
875 3388 1048 3458 qualis
1092 3395 1239 3442 esset
1283 3396 1484 3441 natura:
1524 3385 1906 3457 praerogativa?
1951 3386 2136 3456 quales

557 3481 829 3538 honores?
857 3481 1031 3551 qualia
1065 3480 1369 3550 prazconia?
1395 3479 1771 3534 Verumtamen
1799 3491 1924 3534 ante
1951 3494 2136 3548 pecca-

555 3585 666 3628 tum
692 3591 707 3629 :
731 3581 850 3644 post
879 3584 1154 3642 peccatum
1183 3582 1361 3628 autem
1395 3571 1686 3640 deinceps:
1709 3569 1871 3624 Terra
1903 3587 1975 3635 es,
2007 3581 2054 3624 et
2082 3571 2133 3623 in

555 3677 742 3719 terram
780 3665 1061 3720 reverteris.
1101 3663 1238 3718 Audi
1283 3679 1409 3718 vero
1451 3662 1764 3718 Malachiam
1814 3678 2026 3733 quoque
2054 3661 2136 3716 id-

555 3757 727 3825 ipsum
757 3757 1062 3811 innuentetn
1083 3798 1099 3820 ,
1126 3756 1206 3810 vel
1256 3756 1433 3824 potius
1465 3754 1626 3808 Deum
1659 3769 1754 3822 per
1780 3753 2130 3824 prophetam:

557 3845 687 3900 Ecce
709 3847 848 3900 enim
878 3849 1020 3899 mitto
1071 3847 1226 3908 vobis,
1258 3845 1448 3914 inquit,
1479 3843 1650 3899 Elian:
1675 3842 1943 3899 Thesbiten
1970 3844 2130 3914 (Mal.

553 3937 606 3991 4.
655 3935 733 4005 5).
771 3937 877 3989 Cur
918 3937 1078 4005 igitur
1117 3936 1317 3990 mittit?
1347 3935 1414 3991 Ut
1448 3946 1706 3990 convertat
1738 3953 1828 3991 cor
1868 3938 2028 4007 patris
2063 3936 2132 3990 ad

552 4028 716 4094 ﬁlium
743 4025 905 4093 (Ibid.
930 4043 977 4079 υ.
1003 4027 1082 4095 6).
1115 4026 1246 4081 Nam
1276 4028 1394 4096 quia
1423 4025 1654 4081 futurum
1679 4038 1782 4092 est,
1811 4038 1866 4082 ut
1895 4039 2130 4084 tremen-

553 4116 678 4169 dum
703 4116 827 4169 illttd
845 4125 899 4170 et
921 4115 1243 4170 horrendum
1265 4116 1511 4171 adveniat
1526 4118 1803 4186 judicium,
1828 4134 1894 4173 ne
1916 4120 2132 4175 inexcu-

551 4205 745 4260 sabiles
765 4221 827 4260 ac
849 4207 1019 4274 pinnis
1040 4206 1298 4260 obnoxios
1315 4207 1676 4277 deprehensos
1695 4209 1899 4279 aliquos
1914 4210 2131 4265 damnet

551 4297 721 4354 Judcx
743 4315 756 4352 :
778 4308 832 4352 ut
862 4313 982 4352 cum
1013 4299 1221 4353 venerit
1249 4299 1370 4366 ille,
1409 4315 1473 4355 ac
1507 4300 1811 4369 prtedixerit
1837 4304 2127 4373 appropin-

551 4405 718 4460 quare
768 4405 831 4446 ac
860 4407 956 4461 pro
983 4392 1183 4445 foribus
1219 4406 1338 4446 esse
1365 4391 1648 4446 adventum
1675 4391 1812 4460 ejus,
1843 4394 1908 4446 ad
1940 4395 2131 4448 melio-

551 4500 665 4540 rem
695 4484 895 4554 (rogem
927 4496 1138 4540 revocet
1161 4485 1433 4552 homines;
1459 4486 1634 4542 solent
1657 4487 1849 4556 quippe
1869 4502 1987 4556 qua:
2005 4496 2132 4544 ante

554 4573 752 4628 multos
788 4589 956 4628 annos
980 4574 1121 4628 dicta
1148 4586 1272 4628 sunt
1316 4576 1366 4630 in
1395 4586 1756 4645 contemptum
1786 4577 2004 4631 venire:
2028 4593 2128 4631 no-

551 4674 716 4720 stram
743 4666 902 4735 igitur
926 4667 1234 4721 memoriam
1260 4683 1523 4722 reuovans
1551 4668 1615 4721 ad
1643 4683 1741 4722 nos
1762 4667 1851 4723 ille
1873 4669 2128 4740 propheta

551 4757 715 4810 venit.
742 4755 848 4812 Sed
878 4757 1132 4826 appellari
1173 4767 1368 4812 terram
1397 4774 1491 4814 eos
1518 4760 1609 4830 qui
1636 4767 1884 4829 peccant,
1916 4759 1967 4814 id
2003 4776 2129 4816 vero

550 4864 690 4904 nunc
722 4849 874 4904 nobis
897 4857 980 4903 est
1005 4849 1497 4906 demonstrandum.

619 4942 672 4995 6.
704 4939 1001 4994 Peccatores
1033 4941 1154 4994 dicti
1180 4951 1332 4996 terra.
1352 4971 1425 4983 -
1447 4943 1580 4998 Cum
1610 4959 1739 5013 ergo
1777 4944 2026 5008 dixisset,
2059 4944 2129 5001 Ut

543 5041 798 5087 convertat
833 5048 921 5086 cor
941 5033 1099 5102 patris
1124 5033 1192 5085 ad
1210 5032 1396 5101 ﬁlium,
1417 5034 1613 5104 adjecit
1639 5034 1753 5091 :Ne
1776 5037 1905 5104 forte
1930 5039 2128 5093 ueniens

544 5124 822 5194 percutiam
871 5133 1055 5177 terram
1108 5124 1348 5192 penitus;
1389 5127 1617 5194 percutit
1649 5135 1826 5180 autem
1880 5128 1999 5182 illos
2036 5131 2124 5198 qui

546 5223 788 5286 peccant.
842 5215 999 5270 Vides
1049 5230 1144 5270 eos
1183 5215 1274 5286 qui
1320 5224 1544 5285 peccant
1589 5225 1783 5270 terram
1832 5219 2128 5287 appellari?

543 5311 680 5364 Alibi
710 5325 894 5364 rursus
919 5308 986 5364 de
1009 5308 1226 5364 Christo
1265 5323 1490 5363 narrans
1516 5309 1770 5378 propheta
1797 5311 1874 5367 sic
1913 5312 2124 5368 aiebat:

543 5396 658 5452 Erit
671 5401 876 5470 justitia
897 5401 1090 5453 cinctus
1116 5400 1341 5453 lumbum
1360 5417 1538 5466 suum,
1566 5410 1615 5454 et
1641 5401 1845 5456 veritate
1871 5403 2126 5457 involutus

542 5502 705 5545 costas
731 5508 850 5545 suas
889 5491 1041 5562 (Isai.
1069 5493 1157 5547 11.
1190 5493 1246 5561 5)
1279 5510 1293 5546 :
1327 5507 1434 5546 non
1471 5492 1613 5563 quod
1659 5494 1709 5546 in
1745 5494 1855 5548 Deo
1883 5496 1953 5549 sit
1979 5509 2126 5551 costa

545 5581 627 5634 vel
654 5582 898 5645 lumbus;
923 5583 1119 5653 quippe
1142 5598 1264 5639 cum
1287 5583 1656 5652 incorporeum
1687 5585 1756 5638 sit
1781 5584 2009 5654 Numen;
2031 5589 2126 5643 sed

551 5685 648 5738 per
677 5670 792 5724 lucc
833 5672 1195 5742 incorruptum
1225 5689 1344 5730 esse
1385 5673 1585 5730 Judicis
1615 5674 1765 5728 istius
1785 5715 1800 5739 ,
1833 5691 2004 5744 neque
2033 5679 2129 5733 de-

545 5759 647 5829 cipi
671 5775 830 5831 posse
849 5762 1103 5830 judicium
1135 5766 1369 5823 declarat
1401 5781 1609 5840 :neque
1636 5766 1744 5838 jam
1779 5769 2005 5838 amplius
2031 5783 2122 5825 ca-

1298 345 1356 402 S.
1394 344 1672 402 JOANNIS
1707 339 2185 400 CIIBYSOSTOMI
2221 340 2538 400 ARCHIEP.
2577 344 3106 402 CONSTANTINOP.
3672 364 3757 423 ig;

2255 454 2662 512 lumniatoribus
2679 499 2696 522 ,
2725 474 2898 529 neque
2925 460 3194 516 maledicis
3213 503 3230 530 ,
3255 479 3347 520 nec
3367 473 3660 540 corruptioni
3685 493 3762 546 per

2255 547 2506 615 pecunias
2531 588 2547 613 ,
2572 563 2672 604 nec
2691 548 2831 619 juris
2868 548 3093 607 inscitia
3137 552 3302 608 locum
3331 556 3454 612 lore.
3480 560 3598 616 Nam
3625 565 3668 619 in
3695 568 3764 624 his

2251 637 2464 706 quidem
2498 637 2714 708 judiciis
2741 651 2795 695 et
2826 642 3081 696 innocens
3119 643 3376 713 plectitur,
3403 659 3453 702 et
3475 667 3587 706 reus
3612 655 3763 712 absol-

2250 729 2409 794 vitur,
2444 731 2566 800 quia
2595 746 2836 802 persrepe
2869 732 2962 802 jus
2999 733 3338 792 labefactatur
3364 755 3377 790 :
3403 754 3513 794 cum
3550 759 3662 799 vero
3686 747 3760 815 ju-

2253 828 2372 874 stus
2409 820 2572 888 judex
2599 833 2654 875 et
2699 824 2788 893 qui
2832 824 3007 892 decipi
3057 825 3270 881 minime
3317 840 3480 898 potest
3503 833 3766 902 advenerit,

2249 911 2338 980 qui
2371 911 2576 979 justitia
2614 915 2818 968 cinctus
2844 925 2925 968 est
2953 916 3191 970 lumbum
3216 933 3386 984 suum,
3413 933 3462 975 et
3488 926 3685 981 veritate
3703 929 3770 982 in-

2248 1003 2458 1057 volutus
2476 1014 2653 1058 costas
2681 1020 2825 1068 suas,
2851 1021 3039 1061 omnes
3064 1009 3390 1064 eXactissime
3412 1011 3494 1080 jus
3514 1028 3650 1068 suum
3685 1019 3767 1071 ob-

2250 1095 2510 1150 tinebunt.
2535 1095 2603 1151 Et
2628 1099 2868 1168 percutiet
2895 1109 3078 1152 terram
3096 1101 3238 1154 verba
3263 1103 3362 1156 oris
3389 1105 3463 1156 sui
3485 1102 3627 1175 (Ibid.
3650 1125 3688 1161 υ.
3705 1110 3768 1180 l).

2248 1188 2421 1257 Atque
2450 1199 2505 1241 ut
2525 1203 2813 1258 cognoscas
2838 1205 2941 1244 non
2969 1190 3036 1245 de
3057 1201 3216 1256 terra,
3245 1193 3336 1247 sed
3361 1194 3425 1249 de
3451 1201 3774 1264 peccatoribus

2248 1293 2370 1333 eum
2422 1279 2589 1348 loqui.
2608 1281 2868 1350 adiunxit,
2891 1280 2959 1335 Et
2985 1284 3038 1337 in
3079 1285 3260 1354 spiritu
3290 1303 3374 1356 per
3399 1289 3525 1342 labia
3549 1291 3774 1361 interﬁciat

2247 1369 2448 1439 impios.
2481 1372 2644 1428 Vides
2687 1372 2774 1428 hic
2817 1375 2977 1429 etiam
3010 1387 3312 1446 peccatores
3354 1396 3468 1437 esse
3497 1392 3675 1438 terram
3698 1401 3777 1455 ap-

2251 1462 2510 1532 pellatos?
2555 1463 2648 1518 llis
2697 1481 2825 1536 ergo
2843 1469 3109 1537 cognitis,
3157 1485 3275 1524 cum
3327 1473 3549 1529 audieris
3597 1492 3776 1531 omnem

2248 1561 2444 1607 terram
2491 1554 2688 1610 labium
2736 1573 2895 1610 unum
2941 1556 3140 1625 fuisse,
3183 1560 3458 1616 humanam
3496 1581 3663 1620 rursus
3699 1582 3780 1620 na-

2247 1649 2420 1697 turam
2467 1644 2698 1716 intellige
2731 1664 2744 1700 :
2777 1649 3042 1718 propriam
3095 1653 3238 1706 enim
3288 1653 3528 1709 vilitatem
3558 1657 3696 1710 nobis
3737 1659 3779 1712 iu

2247 1736 2560 1790 memoriam
2587 1749 2803 1794 revocat
2835 1756 2848 1792 :
2877 1756 3124 1809 magnum
3167 1745 3362 1814 quippe
3388 1746 3572 1800 bonum
3604 1760 3677 1802 est
3700 1765 3778 1803 co-

2245 1828 2549 1896 gnationem
2577 1843 2727 1884 suam
2767 1846 3110 1900 cognoscere,
3139 1849 3202 1888 ac
3229 1836 3365 1890 scire
3383 1878 3398 1902 ,
3429 1839 3607 1907 quibus
3629 1855 3687 1893 ex
3712 1857 3784 1893 rc-

2248 1915 2348 1970 bus
2391 1919 2650 1986 compacti
2705 1920 2892 1974 simus.
2923 1922 3048 1976 ll:ec
3079 1923 3349 1979 sufﬁciens
3388 1937 3467 1980 est
3511 1927 3787 1983 humilitatis

2247 2007 2487 2063 doctrina
2515 2010 2875 2067 consideratio
2915 2025 3117 2070 natume
3153 2034 3166 2068 :
3198 2031 3383 2072 omnes
3423 2000 3787 2089 potest-pertur-

2248 2098 2489 2155 bationes
2535 2102 2725 2157 sedare
2769 2112 2824 2159 et
2887 2107 3325 2175 tranquillitatem
3391 2111 3559 2165 animo
3608 2126 3787 2180 parere.

2246 2191 2536 2263 Pr0pterea
2577 2196 2827 2250 monebat
2869 2197 3084 2266 quidam
3107 2239 3122 2261 ,
3149 2201 3363 2254 Attende
3401 2201 3484 2254 tibi
3510 2204 3600 2272 ipsi
3627 2202 3786 2274 (Eccli.

2243 2282 2334 2338 29.
2361 2284 2495 2352 27),
2528 2287 2760 2356 recogita
2807 2299 3049 2343 naturam
3093 2300 3148 2344 et
3192 2293 3511 2346 creationem
3559 2302 3713 2354 tuam,
3745 2303 3790 2348 et

2245 2375 2470 2431 sufﬁciet
2499 2375 2600 2431 hoc
2629 2377 2724 2432 tibi
2747 2386 2803 2432 ut
2829 2380 3104 2435 modestus
3129 2391 3385 2452 perpetuo
3411 2386 3482 2436 sis
3506 2392 3556 2436 et
3585 2383 3787 2436 humilis.

2248 2465 2530 2537 Propterea
2553 2467 2727 2538 justus
2757 2468 2846 2524 ille
2877 2470 3144 2525 Abraham
3171 2473 3424 2526 continuo
3452 2473 3790 2543 cogitationum

2245 2557 2382 2614 hanc
2400 2571 2577 2615 mente
2595 2562 2854 2626 versabat,
2871 2578 2968 2618 nec
2985 2579 3237 2634 umquam
3257 2564 3323 2619 de
3343 2579 3402 2620 se
3423 2565 3678 2634 magniﬁce
3693 2580 3793 2618 scu-

2246 2653 2427 2708 tiebat.
2455 2653 2612 2709 Certe
2651 2670 2772 2709 cum
2801 2656 2965 2710 Deum
3009 2657 3401 2727 alloqueretur,
3435 2672 3495 2710 ac
3521 2665 3651 2710 tanta
3671 2655 3792 2724 apud

2244 2761 2365 2800 eum
2401 2747 2570 2818 gratia
2597 2749 2838 2816 valeret,
2870 2759 3030 2818 atque
3053 2750 3120 2804 ab
3150 2751 3268 2820 ipso
3318 2749 3662 2804 testimonium
3704 2763 3796 2802 sua:

2243 2837 2455 2892 virtutis
2499 2838 2827 2907 accepisset,
2859 2839 3068 2894 dicebat
3099 2857 3111 2892 :
3147 2839 3266 2912 Ego
3294 2852 3461 2893 autem
3487 2857 3592 2893 sum
3619 2849 3734 2891 terra
3759 2849 3796 2888 et

2241 2929 2369 2982 cinis
2398 2929 2547 2996 (Gen.
2575 2931 2662 2985 18.
2693 2929 2808 3001 27).
2837 2931 2985 2985 Alius
3011 2947 3201 2986 rursus
3233 2931 3502 2986 hominem
3530 2930 3797 2998 arrogantia

2244 3020 2480 3073 inﬂatum
2527 3036 2646 3074 cum
2680 3021 2840 3076 vellet
2886 3023 3182 3092 reprimere
3202 3065 3218 3088 ,
3244 3038 3349 3078 non
3381 3023 3586 3092 longum
3615 3035 3796 3074 sermo-

2243 3127 2365 3165 nem
2410 3111 2673 3177 instituit,
2702 3113 2794 3166 sed
2829 3115 3061 3167 animum
3113 3114 3234 3184 ejus
3263 3124 3468 3168 tantum
3515 3113 3578 3167 ad
3625 3121 3800 3166 natura:

2241 3218 2350 3257 sum
2380 3205 2688 3258 memoriam
2723 3215 2967 3268 revocat,
2993 3221 3229 3275 eumque
3261 3208 3456 3260 acriter
3499 3204 3704 3273 castigat
3732 3201 3799 3253 his

2239 3293 2416 3347 verbis
2448 3311 2462 3347 :
2497 3294 2631 3360 Quid
2655 3296 2877 3364 superbit
2914 3304 3048 3349 terra
3067 3305 3113 3350 et
3150 3298 3283 3351 cinis
3313 3295 3500 3366 (Eccli.
3534 3295 3616 3350 10.
3638 3294 3712 3364 9)?
3736 3293 3802 3346 Tu

2241 3383 2370 3437 mihi
2396 3400 2513 3454 quae
2545 3394 2664 3453 post
2711 3395 2936 3440 mortem
2964 3397 3228 3456 apparent
3277 3383 3805 3442 commemoras?!“-

2241 3475 2410 3544 prime
2441 3477 2609 3544 ipsmn
2642 3477 2927 3531 viventem.
2977 3477 3127 3533 Nunc
3158 3495 3220 3534 se
3264 3489 3463 3533 terram
3497 3493 3557 3532 ac
3596 3479 3803 3530 cinerem

2238 3581 2358 3621 esse
2383 3582 2486 3620 non
2511 3568 2767 3637 agnoscit.
2805 3569 2959 3623 Videt
2985 3572 3231 3638 corporis
3253 3571 3515 3634 formam;
3542 3569 3674 3623 videt
3716 3583 3800 3637 po-

2239 3658 2480 3723 tentiam,
2504 3669 2894 3713 assentatorum
2918 3659 3173 3731 obsequia
3195 3704 3211 3725 ,
3248 3663 3516 3731 parasitos
3541 3669 3803 3714 sectantes.

2240 3751 2486 3806 Vestibus
2539 3755 2787 3822 pretiosis
2818 3754 3070 3818 indutus,
3117 3771 3319 3824 magno
3366 3756 3696 3825 magistratus
3724 3765 3806 3818 ap-

2237 3855 2422 3913 paratu
2446 3843 2750 3910 decoratur,
2782 3845 2928 3899 illutn
2952 3845 3066 3900 hinc
3094 3861 3292 3916 pompa
3324 3846 3548 3914 decipit,
3576 3854 3628 3899 et
3653 3852 3702 3897 ut
3723 3858 3806 3894 ua-

2237 3945 2368 3990 turte
2397 3937 2736 3992 obliviscatur
2762 3939 2945 3993 ellicit.
2980 3940 3192 3995 Scimus
3243 3951 3448 3995 terram
3481 3955 3599 3994 esse
3643 3952 3730 3990 nos
3753 3949 3809 3988 ac

2234 4029 2622 4085 cineremzscd
2654 4047 2749 4086 nos
2795 4033 2886 4102 qui
2944 4042 3308 4102 temperantes
3355 4049 3420 4088 ac
3467 4031 3684 4087 modesti
3733 4043 3811 4083 su-

2236 4134 2355 4173 mus
2377 4128 2458 4172 :at
2484 4120 2571 4176 ille
2597 4121 3106 4176 demonstrationem
3132 4123 3276 4178 hanc
3299 4139 3328 4176 a
3354 4125 3462 4178 line
3485 4123 3688 4178 ductam
3718 4134 3810 4174 non

2235 4221 2545 4281 exspectat,
2589 4229 2763 4282 neque
2805 4214 2871 4268 ad
2920 4215 3122 4269 loculos
3171 4217 3524 4287 tumidosque
3573 4216 3810 4282 majorum

2235 4305 2426 4371 pergit,
2458 4303 2550 4358 sed
2574 4306 2853 4374 praesentia
2885 4307 3122 4374 respicit,
3152 4323 3336 4377 neque
3363 4309 3650 4378 quidquam
3677 4305 3815 4373 cogi-

2235 4400 2313 4446 tat
2334 4393 2402 4448 de
2444 4393 2652 4449 futuris.
2681 4395 2796 4449 lam
2826 4411 2890 4450 ex
2934 4397 3034 4450 hoc
3062 4398 3208 4451 illum
3258 4397 3400 4453 doce
3430 4408 3626 4452 terram
3655 4410 3712 4448 ac
3744 4394 3815 4447 ci-

2235 4502 2417 4542 nerem
2443 4488 2611 4557 ipsum
2642 4505 2780 4544 esse.
2812 4489 2962 4544 Mane
2987 4493 3269 4562 tantiSper,
3303 4493 3506 4560 inquit,
3533 4505 3700 4560 neque
3725 4487 3816 4541 hoc

2233 4579 2466 4644 docebo,
2500 4581 2592 4635 sed
2622 4581 2765 4634 aliud
2798 4584 2961 4636 multo
3011 4583 3272 4651 altjectius
3303 4600 3318 4636 :
3357 4594 3417 4637 ut
3441 4599 3565 4637 cum
3597 4581 3723 4634 fastu
3751 4580 3822 4630 iu-

2235 4673 2517 4735 tumuerit,
2547 4688 2697 4727 suam
2732 4675 2897 4742 ipsius
2924 4674 3177 4728 vilitatem
3220 4685 3490 4746 agnoscat
3517 4692 3534 4734 ;
3568 4685 3622 4729 ut
3653 4675 3826 4727 vivens

2237 4762 2463 4830 accipiat
2485 4763 2822 4817 medicinam.
2851 4765 2981 4819 Cum
3011 4766 3152 4819 enim
3181 4766 3418 4821 dixisset
3442 4809 3458 4832 ,
3497 4765 3636 4831 Quid
3663 4779 3825 4832 super-

2235 4853 2304 4906 bit
2333 4864 2465 4906 terra
2488 4863 2533 4906 et
2557 4855 2713 4908 cinis?
2742 4855 2935 4923 adjecit
2962 4875 2973 4909 :
3010 4856 3266 4920 Quoniam
3316 4859 3373 4911 in
3397 4860 3505 4912 vita
3535 4857 3603 4909 ad
3629 4855 3830 4909 nihilum

2233 4943 2439 4996 redacta
2481 4955 2594 4995 sunt
2621 4942 2795 4995 intima
2819 4947 2927 5014 ejus
2958 4944 3116 5012 (Ibid.
3163 4963 3210 5000 υ.
3245 4948 3364 5017 10).
3400 4949 3542 5016 Quid
3581 4950 3680 5004 hoc
3721 4953 3825 5006 est.

2238 5037 2485 5103 Quoniam
2511 5038 2562 5090 in
2591 5039 2691 5091 vita
2716 5040 2783 5091 ad
2811 5040 3025 5094 nihilum
3065 5044 3274 5096 redacta
3307 5055 3429 5100 sunt
3471 5048 3653 5101 intima
3693 5045 3834 5111 eius?

2232 5128 2526 5183 Obscurum
2573 5140 2654 5184 est
2711 5129 2938 5186 fortasse
2980 5133 3179 5188 dictant
3243 5137 3405 5190 illttd.
3479 5138 3673 5191 lntima
3714 5137 3834 5190 dicit

2234 5220 2503 5286 intestina,
2534 5222 2662 5276 dicit
2692 5223 2913 5290 viscera,
2944 5237 3181 5281 ventrem
3207 5232 3562 5286 stercoribus
3584 5232 3829 5302 plenum,

2233 5327 2295 5364 ac
2340 5314 2519 5366 multis
2562 5315 2811 5370 sordibus
2850 5327 2904 5371 et
2957 5318 3144 5372 fanore
3178 5337 3191 5372 :
3220 5336 3334 5374 non
3390 5325 3539 5392 quod
3597 5334 3836 5377 naturam

2231 5401 2479 5468 damnet,
2509 5405 2602 5459 sed
2633 5407 2771 5460 utad
2801 5408 3153 5463 humilitatem
3186 5409 3454 5468 adducat.
3487 5415 3749 5482 Quoniam
3796 5414 3844 5466 in

2232 5496 2333 5548 vita
2383 5497 2449 5548 ad
2479 5497 2691 5551 nihilum
2737 5501 2942 5554 redacta
2987 5512 3103 5555 sunt
3127 5505 3164 5556 ⁸,
3191 5502 3366 5558 Vides
3429 5523 3598 5576 quam
3634 5508 3754 5560 vilis
3795 5517 3843 5559 ct

2233 5587 2375 5639 ﬂuxa
2406 5589 2474 5641 sit
2519 5598 2695 5644 nostra
2737 5592 3073 5646 substantia?
3099 5593 3213 5647 Noli
3234 5594 3392 5650 diem
3424 5598 3614 5654 obitus
3657 5614 3847 5668 snpe-

2234 5719 2505 5832 CULrColb.,
2529 5725 2753 5784 Quoniam
2775 5737 2824 5775 tn
2847 5726 2940 5776 vita
2957 5727 3061 5786 ejus
3089 5726 3240 5778 vilitas
3285 5737 3496 5781 natura:
3528 5732 3641 5792 ejus
3665 5730 3843 5796 Ρετφέ·
