4054 6320
606 435 1462 509 ⁵τὸν·αὐχένα⁵ἀνατείνοντα,’τὸις
1501 433 1670 505 ὀφρῦς
1709 431 2056 498 ἀνασπῶντα,
2093 432 2184 484 ἐπὶ

611 530 709 584 τοῦ
751 529 1024 599 ὀχήματος
1063 525 1380 600 φερόμενον,
1421 518 1762 586 ἀπειλοῦντα,
1796 523 1874 584 είς
1903 521 2186 591 δεσμωτὴ-

619 635 731 690 ριον
761 615 1113 687 ἐμϐάλλοντα,
1150 613 1365 684 θανάτῳ
1390 611 1768 684 παραδιδόντα,
1791 609 2185 681 ἐπηρεάζοντα,

533 753 541 772 ,
613 705 734 758 εἰπὲ
772 704 907 776 πρὸς
929 703 1108 757 αὐτόν·
1144 703 1205 757 Τί
1243 700 1748 769 ὑπερηφανεύεται
1789 694 1866 768 τῆ
1905 697 2005 751 καὶ
2036 711 2190 752 σπο-

613 794 752 858 66c;
785 791 906 844 Ὅτι
947 789 1045 844 καὶ
1085 788 1156 843 ἐν
1198 788 1274 856 τῇ
1321 786 1434 856 ζωῇ
1470 787 1654 842 αὐτοῦ
1691 783 2082 850 ἐξουδένωται
2117 785 2191 838 τὰ

603 877 897 934 ’ἐνδόσθια
943 877 1149 935 αὐτοῦ.
1179 874 1382 930 ’Ταῦτα
1435 876 1496 929 οὐ
1545 875 1672 947 περὶ
1705 873 1995 946 ἀνθρώπου
2032 869 2189 944 μόνον

619 967 851 1032 ίδιώτου,
902 965 1036 1020 ἀλλά
1091 966 1184 1018 καὶ
1233 951 1364 1036 περὶ
1410 953 1574 1017 αὐτοῦ
1625 961 1719 1016 τοῦ
1751 961 2057 1032 καθημένου
2097 961 2189 1014 ἐπὶ

614 1055 707 1108 τοῦ
748 1057 936 1126 θρόνου
966 1051 1059 1106 τοῦ
1091 1053 1367 1124 βασιλικοῦ
1402 1052 1548 1105 ἐστιν
1584 1053 1776 1104 εἰπεῖν.
1821 1047 1912 1121 Μὴ
1949 1049 2057 1122 γάρ
2087 1048 2189 1119 τὴν

603 1143 904 1214 ’ἁλουργίδα
933 1144 1067 1222 ἴδῃς,
1093 1142 1225 1213 μηδὲ
1258 1129 1318 1194 τὸ
1349 1139 1604 1210 διάδημα,
1632 1138 1766 1208 μηδὲ
1798 1137 1866 1190 τά
1901 1138 2088 1208 ἱμάτια
2120 1135 2188 1188 τά

613 1231 808 1299 χρυσᾶ,
836 1226 949 1282 ἀλλ’
980 1228 1146 1299 αὐτὴν
1189 1229 1288 1298 τὴν
1334 1226 1493 1296 φύσιν
1535 1224 1845 1296 ἐρεύνησον,
1895 1226 1990 1277 καὶ
2036 1224 2185 1276 οὐδὲν

605 1317 732 1386 ’ὄψει
763 1316 922 1370 πλέον
953 1315 1177 1386 ἔχουσαν
1207 1315 1314 1368 τῶν
1339 1312 1564 1367 πολλῶν·
1594 1311 1790 1382 μᾶλλον
1815 1313 1890 1377 δέ,
1910 1313 1957 1364 εί
1987 1310 2183 1381 βούλει,

612 1391 706 1458 καὶ
726 1404 822 1475 τὴν
845 1404 1152 1475 ἁλουργίδα,
1171 1402 1264 1455 καλ¹
1289 1402 1349 1454 τὸ
1373 1400 1627 1470 διάδημα,
1649 1401 1743 1452 καὶ
1767 1400 1832 1451 τὰ
1863 1397 2071 1469 ἱμάτια,
2093 1399 2186 1452 καὶ

611 1490 792 1541 πᾶσαν
836 1488 1083 1560 περίελθε
1116 1489 1212 1558 τὴν
1243 1488 1538 1556 φαντασίαν
1586 1486 1820 1556 ἐκείνην,
1853 1487 1946 1538 καὶ
1983 1485 2184 1538 τούτων

606 1577 788 1630 αὐτῶν
817 1575 935 1646 ὄψει
960 1576 1115 1630 nixu:
1141 1575 1236 1646 τὴν
1259 1569 1542 1645 γῆνοῦσαν
1577 1573 1848 1627 ὑπόθεσιν.
1874 1572 2046 1627 Πᾶσα
2078 1571 2186 1642 γὰρ

601 1663 758 1728 ’δόξα
784 1662 1093 1731 ἀνθρώπου
1129 1663 1208 1727 ὡς
1235 1662 1414 1728 ἄνθος
1447 1662 1681 1731 χόρτου.
1700 1661 1828 1714 Ἰδοὺ
1854 1662 1947 1714 καὶ
1964 1659 2068 1732 γῆς
2096 1661 2186 1713 εὐο

605 1752 920 1824 τελέστερος
938 1751 1109 1818 ἐφάνη
1133 1752 1161 1802 6
1192 1748 1573 1818 καλλωπισμὸς
1605 1751 1808 1812 ἐκεῖνος
1839 1745 2004 1809 ἅπας.
2023 1749 2182 1819 Ὁρᾷς

608 1839 728 1902 πῶς
776 1837 1123 1895 καταστέλλει
1170 1835 1230 1888 τὸ
1267 1835 1529 1906 φύσημα;
1579 1835 1695 1900 πῶς
1727 1835 1978 1907 καθαιρεῖ
2004 1837 2183 1889 πᾶσαν

608 1927 861 1981 ἀπόνοιαν
881 1928 914 1997 ἡ
933 1925 1110 1978 ἔννοια
1133 1923 1231 1994 τῆς
1254 1922 1466 1992 φύσεως
1483 1922 1679 1993 αὐτῆς;
1711 1925 1895 1995 ’Λρκεί
1918 1924 2074 1994 μόνον
2097 1923 2184 1976 λο-

606 2015 858 2084 γίσασθαι
894 2014 1035 2076 τίνες
1069 2013 1254 2082 ἐσμέν,
1291 2010 1386 2065 καὶ
1428 2009 1590 2063 πόθεν
1631 2012 2059 2082 συνεστήκαμεν,
2089 2011 2184 2066 καὶ

606 2105 756 2158 πᾶσα
784 2103 1060 2172 οίχήσεται
1087 2100 1360 2171 λογισμῶν
1384 2099 1628 2154 ἀπόνοια.
1661 2099 1759 2152 Διά
1796 2100 1904 2172 γὰρ
1930 2101 2086 2154 τοῦτο
2119 2103 2182 2155 ἐκ

606 2191 698 2245 δύο
740 2191 934 2245 οὐσιῶν
967 2188 1362 2243 κατεσκεύασεν
1393 2189 1541 2258 ἡμᾶς
1581 2189 1609 2240 6
1640 2187 1793 2254 Θεὸς,
1831 2188 1896 2240 ἵν’
1925 2188 2049 2241 ὅταν
2085 2190 2182 2259 μὲν

607 2282 686 2342 είς
720 2280 976 2332 ἀπόνοιαν
1013 2275 1276 2347 ἐπαρθῇς,
1302 2274 1627 2346 καταστείλῃ
1659 2293 1717 2345 σε
1745 2275 1805 2328 τὸ
1841 2276 2052 2338 εὐτελὲς
2084 2277 2183 2348 τῆς

609 2364 829 2436 σαρκός·
864 2366 991 2418 ὅταν
1013 2363 1069 2418 δέ
1090 2362 1303 2430 ἀνάξιόν
1328 2380 1378 2416 τι
1403 2363 1496 2416 καὶ¹
1521 2361 1742 2430 ἀγεννὲς
1761 2369 1782 2393 ⁸
1809 2361 1908 2432 τῆς
1940 2361 2182 2433 δοθείσης

608 2470 690 2506 σοι
708 2469 781 2505 πα
788 2451 856 2523 ρὰ
872 2451 965 2505 τοῦ
981 2450 1115 2504 Θεοῦ
1131 2451 1296 2521 τιμῆς
1311 2450 1587 2522 ἐννοήσῃς,
1605 2447 1853 2520 ἀναγάγῃ
1868 2464 1928 2501 σε
1944 2449 2078 2520 πρὸς
2093 2450 2182 2502 τὸν

605 2540 714 2592 τῶν
745 2538 1006 2611 οὐρανίων
1027 2538 1303 2607 δυνάμεων
1324 2535 1484 2606 ζῆλον
1515 2538 1548 2606 ἡ
1581 2536 1678 2606 τῆς
1699 2534 1876 2606 ψυχῆς
1911 2535 2180 2603 εὐγένεια.

677 2625 745 2690 ζ’.
783 2626 896 2679 Οὐκ
926 2627 1004 2689 εἰς
1039 2624 1315 2696 ἀναίρεσιν
1340 2623 1396 2676 δέ
1428 2623 1681 2686 ἀπονοίας
1716 2623 1874 2693 μόνον
1905 2623 2183 2692 ἐπιτηδεία

607 2713 640 2782 ἡ
661 2711 947 2781 ἐπίσκεψις
967 2711 1066 2781 τῆς
1093 2708 1322 2778 φύσεωςε
1348 2707 1481 2762 ἀλλά
1501 2709 1603 2762 κᾶν
1627 2709 1788 2782 ἐτέρα
1809 2727 1893 2773 τις
1919 2709 2183 2780 ἐπιθυμία

603 2799 870 2870 διενοχλῇ,
899 2798 1000 2851 κάν
1029 2799 1063 2868 ἡ
1115 2797 1222 2849 τῶν
1273 2797 1591 2868 χρημάτων,
1636 2795 1738 2850 κᾶν
1773 2797 1941 2868 ἡτῶν
1995 2797 2181 2868 σωμά-

603 2905 733 2952 των,
762 2891 796 2960 ἡ
825 2889 1020 2950 ἄτοπος
1043 2885 1180 2956 αῦτη
1216 2887 1308 2940 καὶ
1339 2887 1420 2949 είς
1444 2885 1732 2954 ἀσέλγειαν
1783 2886 2178 2957 ἐκκαλουμένη.

603 2978 816 3049 ἀπόχρη
851 2977 1005 3030 τοῦτο
1030 2977 1108 3040 είς
1135 2974 1485 3048 παραμυθίαν
1507 2975 1599 3028 τοῦ
1625 2975 1848 3039 πάθους.
1885 2974 2053 3029 Ὅταν
2089 2971 2180 3030 οὖν

605 3069 720 3140 ίδῃς
741 3068 972 3135 γυναῖκα
989 3063 1280 3136 εὔμορφον,
1311 3062 1596 3134 λάμποντα
1624 3062 1853 3133 ἔχουσαν
1878 3065 2174 3136 ὀφθαλμὸν,

604 3154 846 3225 φαιδρὸν,
866 3152 1185 3206 στίλϐουσαν
1214 3151 1320 3204 ἀπὸ
1339 3151 1438 3221 τῆς
1470 3153 1720 3222 παρειάς,
1750 3151 2027 3224 ἀμήχανόν
2056 3169 2178 3208 τινα

601 3244 748 3316 ῶραν
774 3244 866 3298 ἐπὶ
885 3242 983 3314 τῆς
1006 3241 1182 3312 ὅψεως
1208 3240 1494 3312 φέρουσαν,
1524 3240 1824 3309 φλέγουσάν
1849 3258 1942 3295 σου
1963 3241 2054 3295 τὸν
2087 3242 2178 3295 λο-

601 3332 819 3404 γισμὸν,
853 3332 948 3386 καὶ
984 3332 1083 3402 τὴν
1111 3330 1402 3402 ἐπιθυμίαν
1427 3330 1716 3396 αὔξουσαν,
1737 3331 1988 3403 ἐννόησον
2008 3333 2176 3404 δτιγῆ

597 3423 662 3477 τὸ
690 3419 1120 3493 θαυμαζόμενον,
1153 3417 1441 3480 ὄτισποδὸς
1470 3419 1530 3470 τὸ
1560 3419 1799 3483 ἐκκαϊον,
1833 3421 1926 3472 καὶ
1971 3419 2176 3472 παύσε-

599 3529 686 3565 ται
732 3508 1042 3579 λυττῶσαὴ
1093 3507 1259 3578 ψυχή·
1292 3505 1630 3574 ἀνακάλυψον
1670 3506 1836 3578 αὐτῆς
1891 3507 1950 3561 τὸ
2003 3507 2177 3580 δέρμα

598 3600 695 3668 τῆς
727 3598 920 3668 ὅψεως,
954 3597 1046 3650 καὶ
1063 3597 1182 3648 τότε
1211 3596 1388 3648 πᾶσαν
1415 3593 1581 3665 αὐτὴν
1606 3593 1726 3663 ὄψει
1759 3595 1859 3666 τῆς
1878 3595 2177 3667 εὐμορφίας

598 3688 696 3758 τὴν
727 3686 1018 3740 εὐτέλειαν·
1055 3685 1130 3755 μὴ
1165 3687 1296 3755 στῇς
1328 3683 1489 3756 μέχρι
1538 3684 1639 3754 τῆς
1671 3683 2011 3752 ἐπιφανείας,
2061 3684 2175 3737 ἀλλ’

599 3776 858 3846 ἐνδοτέρω
885 3774 1098 3844 διάϐηθι
1151 3773 1227 3838 τῷ
1253 3771 1513 3843 λογισμῷ,
1565 3773 1659 3825 καὶ
1696 3772 1846 3825 οὐδὲν
1868 3773 2051 3843 ἕτερον
2088 3774 2177 3826 εῦ-

603 3866 807 3935 ρήσεις,
838 3861 951 3914 ἀλλ’
979 3861 1011 3930 ἢ
1036 3861 1167 3913 ὀστᾶ
1191 3862 1284 3912 καί⁵
1320 3859 1487 3930 νεῦρα
1517 3861 1610 3912 καὶ
1640 3859 1860 3928 φλέϐας.
1920 3859 2056 3913 Ἀλλ’
2078 3861 2177 3912 οὐκ

600 3950 762 4019 ἀρκεῖ
781 3947 982 4014 ταῦτα;
1006 3945 1232 4014 Λόγισαί
1258 3963 1359 4016 μου
1398 3945 1599 4017 ταύτην
1625 3947 2031 4020 ἀλλοιουμένην,
2076 3965 2176 4021 γη-

593 4037 928 4107 ράσκουσαν,
969 4033 1389 4104 ἀρρωστοῦσαν,
1444 4033 1797 4102 ὐφιζάνοντας
1843 4035 2172 4107 ὀφθαλμοὺς,

599 4123 694 4176 καὶ
720 4121 1124 4190 κοιλαινομένας
1146 4122 1396 4191 παρειὰς,
1434 4120 1578 4174 ἆπαν
1606 4123 1904 4194 καταρρέον
1932 4124 1991 4177 τὸ
2017 4124 2176 4187 ἄνθος

601 4213 795 4266 ἐκεῖνο·
825 4209 1073 4281 ἐννόησον
1117 4209 1168 4263 τί
1223 4208 1542 4280 θαυμάζεις,
1584 4212 1676 4263 καὶ
1716 4211 2031 4282 αίσχύνθητί
2081 4230 2172 4266 οτυ

599 4301 697 4371 τὴν
719 4299 915 4370 κρίσιν.
941 4297 1117 4368 Πηλὸν
1153 4298 1446 4369 θαυμάζεις
1462 4299 1555 4352 καὶ
1585 4299 1795 4366 σποδὸν,
1818 4301 1912 4354 καὶ
1943 4302 2087 4364 κόνις
2114 4317 2173 4355 σε

595 4381 811 4442 ἐκκαίει
842 4391 932 4441 καὶ
960 4388 1149 4458 τέφρα.
1170 4389 1242 4442 Οὐ
1297 4387 1616 4461 κατηγορῶν
1643 4393 1743 4460 τῆς
1767 4388 1980 4458 φύσεως
2001 4389 2173 4445 ταῦτα

596 4477 760 4544 λέγω·
796 4474 870 4546 μὴ
886 4475 1109 4544 γένοιτο·
1143 4475 1204 4528 οὐ
1232 4475 1489 4540 κακίζων,
1517 4475 1742 4539 οὐδέείς
1773 4477 2048 4531 εὐτέλειαν
2075 4480 2174 4548 ἐμ-

599 4565 836 4624 ϐάλλων,
872 4563 1004 4616 ἀλλὰ
1035 4563 1297 4635 φάρμακα
1319 4568 1427 4628 τοῖς
1477 4564 1690 4618 νοσοῦσι
1725 4565 2170 4630 κατασκευάζων.

588 4650 750 4727 [199]
775 4650 869 4703 Διά
891 4649 1046 4704 τοῦτο
1077 4654 1104 4704 6
1128 4652 1258 4715 Θεὸς
1289 4652 1540 4722 τοιαύτην
1581 4652 1752 4724 αὐτὴν
1781 4653 2052 4724 ἐποίησεν,
2085 4655 2175 4708 οὐ-

595 4756 704 4803 τως
738 4739 947 4808 εὐτελῆ,
975 4740 1058 4791 ἵνα
1079 4741 1172 4793 καὶ
1196 4739 1294 4810 τὴν
1322 4739 1526 4792 οἰκείαν
1561 4739 1789 4811 δύναμιν
1817 4740 2169 4811 ἐπιδείξηται,

597 4827 692 4883 καὶ
718 4826 814 4898 τὴν
850 4827 1174 4897 κηδεμονίαν
1205 4827 1302 4898 τὴν
1359 4827 1487 4900 περὶ
1513 4828 1678 4899 ἡμᾶς,
1708 4832 1773 4900 τῇ
1804 4829 1905 4899 τῆς
1958 4830 2173 4898 φύσεως

598 4917 700 4989 μὲν
719 4915 965 4984 εὐτελείᾳ
982 4914 1115 4987 πρὸς
1128 4915 1621 4987 ταπεινοφροσύνην
1634 4917 1861 4986 ἐνάγων,
1880 4920 1971 4971 καὶ
1993 4920 2171 4972 πᾶσαν

595 5007 694 5077 τὴν
721 5004 1012 5076 ἐπιθυμίαν
1040 5002 1198 5074 ἡμῶν
1222 5002 1616 5064 καταστέλλων,
1645 5005 1742 5075 τὴν
1763 5004 1818 5056 δὲ
1848 5005 2037 5074 σοφίαν
2067 5007 2172 5058 δει-

594 5092 726 5156 κνὺς
755 5092 853 5162 τὴν
903 5089 1120 5151 ἐαυτοῦ,
1152 5089 1226 5153 ὼς
1258 5091 1352 5144 καὶ
1378 5093 1436 5143 ἐν
1467 5089 1621 5160 πηλῷ
1669 5092 1919 5144 τοσοῦτον
1975 5093 2170 5163 ἰσχύων

591 5178 893 5246 ἐξασκῆσαι
911 5179 1125 5243 κάλλος.
1165 5178 1326 5231 Ὥστε
1359 5179 1486 5232 ὅταν
1515 5179 1829 5242 ἐξευτελίσω
1849 5181 1943 5250 τὴν
1961 5182 2168 5246 οὐσίαν,

587 5270 712 5324 τότε
750 5267 1076 5321 ἐκκαλύπτω
1099 5266 1198 5338 τὴν
1227 5266 1421 5339 τέχνην
1448 5268 1539 5322 τοῦ
1560 5268 1923 5340 Δημιουργοῦ.
1959 5269 2169 5342 ’Ὠσπερ

589 5356 698 5427 γὰρ
719 5354 1160 5425 ἀνδριαντοποιὸν
1204 5353 1325 5408 τότε
1388 5356 1586 5426 μᾶλλον
1642 5357 2008 5428 θαυμάζομεν,
2073 5361 2170 5430 οὐχ

587 5447 716 5498 ὅταν
756 5447 820 5499 ἐκ
864 5446 1092 5517 χρυσίου
1148 5445 1310 5498 καλὸν
1339 5448 1471 5516 ἡμῖν
1516 5445 1664 5519 δείξῃ
1718 5447 1808 5500 τὸν
1856 5448 2169 5518 ἀνδριάντα,

587 5532 701 5584 ἀλλ’
723 5533 850 5585 ὅταν
874 5535 937 5586 ἐκ
963 5531 1136 5604 πηλοῦ
1167 5532 1265 5602 τῆς
1293 5532 1424 5605 ὕλης
1445 5535 1806 5607 ὑποκειμένης
1831 5535 2169 5607 ἀπηρτισμέ-

589 5631 683 5686 νην
719 5621 812 5672 καὶ
843 5621 1048 5693 ἀκριϐῆ
1080 5621 1183 5694 τὴν
1209 5622 1392 5677 εἰκόνα
1449 5623 1747 5696 ἐργάζηται
1800 5625 1939 5678 οὕτω
1963 5627 2054 5679 καὶ
2079 5626 2168 5678 τὸν

646 5792 670 5819 ⁸
695 5790 778 5839 Szn
793 5794 823 5840 Η
847 5794 1018 5854 ἀγενές.

1320 318 1377 372 s.
1417 314 1701 374 JOANNIS
1737 309 2219 372 cnm'sos'rcm
2256 310 2576 372 ARCIIIEP.
2615 313 3159 375 CONS’I‘ANTINOP.
3699 299 3785 384 ιιι

2289 426 2673 509 ἅριστοτέχνην
2692 437 2824 491 Θεὸν
2866 434 3268 507 ἐκπληπόμεθα
3290 437 3374 491 καὶ
3397 435 3674 511 δοξάζομεν,
3721 445 3792 502 δτι

2289 525 2348 579 ἐν
2384 525 2561 596 σποδῷ
2589 527 2682 579 καὶ
2715 526 2871 598 πηλῷ
2893 526 3086 589 κάλλος
3117 524 3382 596 ἀμήχανον
3404 525 3491 580 καὶ
3519 528 3690 598 σοφίας
3711 531 3796 605 ἀρ-

2291 611 2453 682 ῥήτου
2479 612 2624 676 τινὸς
2655 613 2913 680 ἐπίδειξιν
2941 613 3053 676 τοῖς
3089 612 3328 682 σώμασιν
3355 609 3502 684 ἡμῶν
3526 614 3796 674 ἐναπέθετο.

2289 699 2398 751 Καὶ
2427 699 2584 753 τοῦτο
2617 701 2718 754 οὐκ
2774 702 2832 755 ἐν
2872 700 2950 772 τῷ
3001 699 3212 771 σώματι
3269 699 3417 770 μόνον
3467 699 3536 773 τῷ
3560 703 3798 776 ἡμετέρῳ,

2288 785 2422 840 ἀλλά
2453 788 2546 841 καὶ
2575 789 2633 840 ἐν
2660 788 2808 859 πάσῃ
2841 791 2906 858 τῇ
2939 787 3113 841 κτίσει
3153 787 3415 856 ἐποίησεν.
3443 789 3668 854 Εὐτελεῖς
3712 790 3804 862 γὰρ

2289 873 2555 944 πολλαχοῦ
2604 875 2941 946 παραγαγών
2995 875 3094 938 τὰς
3150 873 3352 938 οὐσίας,
3380 875 3467 928 καὶ
3497 876 3586 946 τῆς
3627 879 3802 942 οίκείας

2288 961 2482 1032 τέχνης
2501 964 2696 1034 δεῖγμα
2716 964 2882 1032 σαφὲς
2908 960 3266 1032 ἐγκατέθηκε,
3287 963 3379 1014 καὶ
3397 962 3490 1031 τῆς
3516 962 3614 1017 τῶν
3637 964 3806 1017 οὐσιῶν

2289 1047 2570 1110 ἀσθενείας
2604 1048 2820 1118 ἐλεγχόν
2871 1066 2991 1102 τινα
3014 1047 3386 1120 ἐγκατέμιξεν·
3409 1049 3492 1102 ἵνα
3512 1049 3592 1103 διὰ
3617 1049 3700 1120 μὲν
3724 1053 3805 1119 τὴν

2289 1135 2491 1206 τέχνην
2518 1137 2612 1190 καὶ
2639 1136 2699 1188 τὸ
2733 1135 2925 1199 κάλλος
2947 1135 3232 1209 θαυμάζῃς
3274 1135 3362 1190 τὸν
3380 1135 3714 1208 Δημιουργὸν,
3737 1139 3811 1191 διὰ

2287 1221 2456 1293 δὲτὴν
2487 1223 2768 1277 ἀσθένειαν
2793 1224 2886 1278 καὶ
2909 1223 3005 1294 τὴν
3057 1223 3326 1277 εὐτέλειαν
3365 1225 3460 1292 τῆς
3510 1223 3702 1293 φύσεως
3737 1227 3814 1277 καὶ

2287 1311 2386 1380 τῆς
2405 1311 2594 1373 οὐσίας
2623 1310 2698 1383 μὴ
2747 1313 3128 1383 προσκυνήσῃς
3148 1311 3217 1365 τά
3254 1312 3525 1382 γενόμενα.
3552 1311 3752 1382 Φαιδρὸε
3787 1315 3816 1366 6

2284 1398 2434 1467 ἥλιος
2456 1398 2805 1468 λάμπων,καὶ
2835 1402 3013 1454 πᾶσαν
3035 1398 3367 1468 καταυγάζει
3397 1401 3491 1469 τὴν
3513 1402 3816 1470 οίκουμένην·

2287 1485 2400 1539 ἀλλ’
2430 1486 2691 1558 ἐλθούσης
2723 1489 2824 1557 τῆς
2878 1489 3070 1553 νυκτὸς
3124 1488 3386 1542 ἐκλείπει.
3433 1488 3492 1542 Τί
3538 1488 3658 1556 γὰρ,
3685 1487 3819 1556 φησι,

2284 1577 2706 1643 φωτεινότερον
2735 1576 2956 1645 ﬁlim);
3007 1575 3194 1629 Ἀλλὰ
3224 1575 3323 1628 καὶ
3368 1575 3538 1629 τοῦτο
3570 1574 3820 1628 ἐκλείπει·

2284 1662 2384 1714 οὐκ
2417 1665 2474 1716 ἐν
2496 1664 2648 1716 νυκτὶ
2669 1663 2725 1716 δέ
2760 1663 2940 1733 μόνον,
2985 1663 3119 1716 ἀλλὰ
3151 1663 3247 1716 καὶ
3281 1667 3338 1716 ἐν
3365 1662 3559 1731 ἡμέρᾳ.
3605 1663 3704 1714 Καὶ
3750 1663 3824 1715 διὰ

2283 1749 2442 1802 τοῦτο
2470 1749 2724 1814 πολλάκις
2756 1751 2849 1804 καὶ
2869 1752 2926 1802 ἐν
2956 1750 3138 1822 ἡμέρᾳ
3151 1748 3305 1819 ἥλιος
3333 1747 3686 1815 ἐξέλιπεν,ῖνα
3715 1747 3827 1800 θαυ-

2287 1837 2462 1910 μάζῃς
2503 1838 2600 1909 μὲν
2621 1837 2708 1890 διὰ
2730 1839 2827 1908 τὴν
2859 1839 3051 1908 τέχνην
3088 1837 3178 1892 τὸν
3194 1835 3548 1908 Δημιουργὸν,
3583 1835 3652 1905 μὴ
3685 1849 3828 1904 προσ-

2283 1927 2524 1996 κυνήσῃς
2560 1924 2717 1978 δὲδιά
2737 1925 2834 1996 τὴν
2862 1925 3144 1978 ἀσθένειαν
3173 1925 3240 1977 τὸ
3261 1923 3561 1993 γενόμενον.
3590 1920 3738 1992 Ὁρᾷς
3755 1919 3830 1974 τὸν

2282 2012 2508 2084 οὐρανὸν
2535 2009 2738 2080 τοῦτον,
2772 2013 2955 2080 ἡλίκον
2979 2014 3094 2067 ἐστὶ
3127 2012 3323 2082 σῶμα;
3351 2011 3467 2075 πῶς
3508 2007 3693 2073 καλόνς
3733 2009 3834 2071 πῶς

2282 2099 2622 2164 ἀποστίλϐον,
2671 2102 2764 2154 καὶ
2787 2101 3185 2172 τῶνὴμετέρων
3215 2099 3423 2170 βέλτιον
3441 2097 3694 2168 σωμάτων
3712 2096 3835 2151 κατά

2283 2189 2378 2258 τὴν
2405 2188 2755 2259 ἐπιφάνειαν;
2800 2188 2939 2240 Ἀλλ’
2967 2188 3170 2259 ἄψυχόν
3203 2190 3376 2241 ἐστιν.
3441 2183 3591 2250 Εἶδες
3621 2186 3709 2238 καὶ
3751 2181 3837 2254 τῆς

2283 2276 2478 2346 τέχνης
2502 2275 2600 2347 τὴν
2621 2276 2894 2341 ἐπίδειξιν,
2923 2275 3017 2329 καὶ
3041 2276 3142 2346 τῆς
3166 2275 3459 2338 ἀσθενείας
3486 2275 3574 2328 τὸν
3601 2273 3834 2342 ἐλεγχονς

2283 2366 2412 2437 δρᾷς
2437 2365 2776 2436 ἑκατέρωθέν
2794 2381 2877 2418 σοι
2901 2363 2968 2417 τὰ
2989 2363 3328 2436 ὀχυρώματα
3352 2364 3610 2436 κείμενα;
3632 2363 3736 2416 Ἵνα
3747 2361 3840 2430 γὰρ

2287 2452 2360 2524 μὴ
2389 2451 2806 2523 καταγινώσκῃς
2825 2452 2918 2506 τοῦ
2939 2453 3284 2525 Δημιουργοῦ
3316 2453 3394 2516 ὼς
3427 2449 3697 2514 ἀσθενοῦς,
3719 2447 3838 2502 καλά

2283 2540 2658 2610 ἐποίησεν·ἰνα
2679 2540 2736 2592 δέ
2771 2540 2845 2611 μὴ
2873 2545 3181 2613 προσκυνῇς
3212 2541 3284 2594 τά
3313 2528 3668 2611 γενόμεναὼς
3685 2537 3841 2597 θεοὺς,

2283 2625 2485 2696 ἀσθενῆ
2506 2625 2679 2680 ταῦτα
2708 2628 2773 2681 ἐκ
2802 2628 2998 2700 μέρους
3031 2628 3354 2700 εἰργάσατο.
3375 2628 3562 2682 Ταῦτα
3591 2624 3841 2696 μέμνησθε

2280 2713 2559 2786 διηνεκῶς.

2350 2803 2449 2856 Διά
2479 2802 2636 2856 τοῦτο
2675 2802 2896 2873 Γραφάς
2924 2801 3337 2874 ἐρμηνεύομεν,
3374 2802 3475 2872 οὐχ
3530 2801 3617 2855 ἴνα
3649 2794 3846 2868 Γραφάς

2269 2888 2493 2960 μάθητε
2523 2889 2701 2959 μόνον,
2732 2889 2846 2942 ἀλλ’
2869 2889 2955 2942 ἵνα
2983 2889 3079 2942 καὶ
3114 2889 3185 2942 τά
3229 2890 3337 2961 ἤθη
3393 2887 3732 2960 διορθώσητε.
3762 2887 3846 2936 “Av

2279 2977 2389 3048 γὰρ
2440 2976 2595 3030 τοῦτο
2650 2977 2724 3048 μὴ
2757 2977 3018 3047 γένηται,
3065 2976 3349 3046 περιττῶς
3406 2974 3847 3043 ἀναγινώσκομεν,

2280 3066 2549 3135 περιττῶς
2579 3064 2938 3137 ἐξηγούμεθα.
2972 3065 3188 3134 Ὥσπερ
3224 3063 3340 3134 γάρ
3387 3061 3627 3132 ἀθλητὴς
3659 3063 3734 3124 είς
3758 3076 3848 3111 πα-

2279 3149 2537 3222 λαίστραν
2567 3151 2749 3204 εἰσιὼν
2773 3151 3123 3222 ἀλειφόμενος
3149 3153 3254 3204 καὶ
3299 3150 3598 3205 ἀπολαύων
3625 3151 3728 3201 τῶν
3755 3164 3851 3218 χει-

2281 3243 2392 3313 ρῶν
2416 3242 2510 3296 τοῦ
2556 3243 2920 3315 παιδοτρίϐου,
2955 3245 3022 3297 ἂν
3046 3243 3140 3296 τοῦ
3173 3243 3399 3312 ἀγῶνος
3434 3240 3850 3314 παραγενομένου

2278 3332 2471 3405 ἐλέγξῃ
2495 3333 2706 3405 ἐκείνην
2733 3335 2831 3404 τὴν
2865 3335 3078 3404 τέχνην,
3112 3334 3403 3406 περιττῶς
3430 3332 3658 3405 εἱσὴχθη
3680 3333 3752 3394 εἰς
3773 3329 3858 3398 τὴν

2280 3423 2634 3494 παλαίστραν·
2670 3423 2840 3486 οὕτως
2867 3423 2933 3477 ἂν
2968 3424 3210 3478 ἐνταῦθα
3262 3423 3734 3496 παραγινόμενοι,
3779 3416 3857 3469 καὶ

2279 3511 2638 3585 μανθάνοντες
2677 3512 2748 3565 τά
2791 3512 3144 3583 παλαίσματα
3195 3513 3389 3566 πάντα
3447 3513 3546 3567 καὶ
3591 3511 3687 3574 τὰς
3712 3506 3861 3568 λαϐὰς

2277 3599 2370 3653 τοῦ
2398 3599 2663 3666 διαϐόλου,
2696 3599 2789 3653 τοῦ
2821 3599 3012 3670 καιροῦ
3052 3599 3161 3653 τῶν
3197 3601 3448 3670 ἀγώνων
3475 3600 3719 3660 ἐλθόντος
3749 3597 3862 3648 ὐπο-

2279 3687 2614 3758 σκελισθῆτε,
2648 3687 2681 3758 ἥ
2745 3687 3018 3757 εὔμορφον
3068 3688 3194 3756 ὄψιν
3233 3689 3472 3752 ἰδόντες,
3513 3687 3550 3759 ἡ
3585 3685 3718 3758 πρὸς
3749 3679 3865 3736 ἀπό·

2276 3793 2422 3828 νοιαν
2455 3775 2803 3847 ἐπαρθέντες,
2845 3773 2878 3845 ἦ
2910 3773 3078 3844 ἑτέρῳ
3104 3775 3220 3830 τινὶ
3269 3775 3511 3846 πονηρῷ
3538 3771 3866 3845 χειρωθέντες

2276 3862 2539 3934 λογισμῷ,
2578 3863 2752 3933 μάτην
2773 3862 3003 3917 ἐνταῦθα
3029 3862 3345 3934 εἰσήλθετε.
3391 3860 3696 3934 Μέμνησθε
3714 3857 3867 3911 τοίνυν

2276 3951 2382 4004 τῶν
2405 3951 2596 4019 λόγων,
2641 3952 2699 4003 οὐ
2720 3949 2829 4003 τῶν
2867 3949 3008 4003 κατὰ
3036 3951 3134 4020 τῆς
3178 3952 3420 4020 φύσεως
3449 3952 3555 4020 τῆς
3601 3946 3871 4018 ἡμετέρας.

2276 4037 2410 4092 ἀλλά
2423 4038 2531 4091 τῶν
2547 4037 2687 4092 κατά
2700 4038 2798 4108 τῆς
2815 4036 3102 4108 ἐπιθυμίας
3117 4039 3220 4108 τῆς
3237 4037 3664 4094 ἀκολάστου.οὐ
3681 4034 3873 4104 φύσεως

2277 4127 2322 4199 [ι
2334 4125 2424 4198 95]
2446 4126 2691 4197 ἔγκλημα
2704 4127 2772 4179 τὰ
2791 4126 2910 4196 εἰρη
2919 4124 3072 4194 μένα,
3092 4125 3242 4178 ἀλλὰ
3274 4126 3596 4198 ἐπιθυμίας
3616 4125 3646 4165 b
3664 4123 3729 4176 τά
3746 4118 3882 4185 λεγό-

2279 4234 2433 4288 μενα.
2472 4216 2654 4287 Ταύτῃ
2679 4213 3063 4270 καταστέλλετε
3117 4213 3309 4285 θυμὸν
3334 4258 3352 4283 ,
3413 4215 3568 4270 οὕτω
3622 4211 3878 4284 πραΰνατε

2277 4304 2582 4375 ἐπιθυμίαν,
2610 4302 2754 4356 οὕτω
2784 4303 3100 4356 κατασπᾶτε
3129 4303 3444 4358 ἀπόνοιαν.
3475 4304 3594 4359 Καὶ
3623 4299 3702 4373 ἦν
3735 4297 3886 4353 πᾶσα

2273 4393 2313 4460 ’ἦ
2335 4391 2411 4462 ’Υῆ
2434 4392 2633 4460 χεῖλος
2649 4389 2738 4455 ἓν,
2764 4390 2861 4443 καὶ
2890 4388 3056 4459 φωνὴ
3075 4391 3186 4458 μία
3206 4390 3446 4445 πᾶσιν.
3465 4391 3606 4444 Ἰδοὺ
3631 4389 3689 4441 τὸ
3704 4385 3883 4452 (nm-J-

2277 4497 2434 4551 μενον
2469 4480 2568 4534 ἔτι.
2603 4479 2678 4532 υύ
2707 4477 2834 4550 περὶ
2863 4477 3063 4546 ταύτης
3089 4476 3118 4527 6
3158 4477 3365 4546 λόγος,
3409 4479 3534 4533 ἀλλ’
3570 4478 3655 4532 δτι
3703 4474 3887 4532 πάντες

2272 4569 2322 4620 οἱ
2355 4566 2630 4637 ἄνθρωποι
2656 4566 2837 4635 φωνὴν
2869 4559 3013 4634 εἶχον
3052 4563 3207 4635 μίαν.
3248 4566 3364 4619 Διά
3394 4567 3453 4618 τί
3511 4566 3574 4619 δὲ
3628 4563 3801 4635 χεῖλος
3839 4558 3892 4610 ἓν

2272 4655 2496 4708 ἐκάλεσε
2533 4654 2632 4724 τὴν
2654 4655 2836 4723 φωνήν
2859 4669 2874 4717 ;
2905 4650 3062 4715 Ἔθος
3098 4655 3166 4723 τῇ
3194 4653 3416 4725 Γραφῇ
3450 4653 3606 4708 οὓτω
3624 4651 3806 4707 καλεῖν
3831 4646 3893 4700 τὰ

2274 4745 2513 4815 ῥήματα,
2544 4743 2815 4812 γλῶσσαν.
2860 4743 3184 4810 ’Δναγκαῖον
3224 4742 3290 4796 δέ
3334 4747 3441 4797 καὶ
3485 4744 3656 4797 τοῦτο
3712 4739 3894 4794 εἰδέναι

2270 4831 2358 4886 διά
2392 4833 2514 4894 τοὺς
2546 4830 2854 4900 αίρετικοὺς
2879 4868 2894 4891 ,
2947 4831 3070 4891 τοὺς
3117 4832 3616 4901 κατηγοροῦντας
3667 4829 3766 4898 τῆς
3807 4825 3891 4894 δη·

2274 4919 2558 4992 μιουργίας
2579 4916 2670 4971 τοῦ
2694 4917 2850 4982 Θεοῦ,
2873 4917 2998 4980 τοὺς
3032 4916 3314 4984 λέγοντας
3337 4959 3354 4981 ,
3412 4922 3504 4973 ὅτι
3557 4919 3797 4986 πονηρὸν
3847 4912 3900 4966 τὸ

2273 5007 2448 5078 σῶμα.
2491 5005 2704 5074 Ἐπειδὴ
2727 5005 2834 5075 γὰρ
2859 5005 2926 5058 τά
2956 5003 3169 5074 πονηρά
3199 5007 3521 5076 κινήματα
3548 5006 3653 5074 τῆς
3675 5002 3899 5060 διανοίας

2269 5097 2381 5157 τοῖς
2413 5093 2599 5165 μέλεσι
2638 5093 2730 5146 τοῦ
2776 5093 3022 5163 σώματος
3078 5093 3112 5162 ἡ
3161 5091 3391 5164 Γραφὴ
3451 5095 3643 5148 καλεῖ·
3707 5087 3816 5146 οἷόν
3859 5107 3903 5141 τι

2270 5183 2429 5251 λέγω·
2449 5183 2791 5248 Ἢκόνησαν
2813 5176 3103 5248 γλῶσσαν
3129 5181 3362 5234 αὐτῶν
3402 5183 3565 5235 ὡσεὶ
3606 5182 3817 5250 ὄφεως·
3852 5177 3903 5228 Ἡ

2268 5271 2518 5342 γλῶσσα
2537 5267 2733 5323 αὐτῶν
2748 5267 3009 5338 μάχαιρα
3031 5265 3224 5330 ὀξεῖα·
3253 5269 3611 5340 νομίζουσιν
3632 5267 3729 5325 οὖν
3754 5282 3904 5326 τινες.

2269 5361 2350 5414 ὅτι
2377 5360 2505 5430 περὶ
2541 5358 2638 5428 τῆς
2670 5357 2911 5426 γλώττης
2949 5354 3183 5425 εἴρηται.
3247 5358 3381 5409 Οὐκ
3418 5360 3653 5431 εἴρηται
3687 5358 3746 5410 δὲ
3794 5353 3906 5421 περὶ

2268 5451 2367 5520 τῆς
2391 5449 2653 5518 γλώττης·
2694 5447 2767 5518 μὴ
2787 5446 3009 5514 γένοιτο·
3046 5444 3216 5515 ἔργον
3255 5447 3386 5520 γάρ
3447 5451 3578 5503 ἐστι
3613 5447 3714 5503 τοῦ
3764 5443 3904 5500 Θεοῦ·

2268 5538 2402 5592 ἀλλά
2437 5537 2562 5605 περὶ
2611 5535 2718 5587 τῶν
2752 5532 3010 5604 ῥημάτων
3042 5531 3146 5584 τῶν
3186 5535 3494 5600 φονικῶν,
3519 5536 3639 5589 τῶν
3668 5540 3913 5590 ἀποκτινρ

2269 5625 2469 5678 νύντων
2502 5621 2839 5693 ἀνθρώπους,
2887 5618 2994 5672 τῶν
3023 5620 3455 5689 ἐμπιπτόντων
3519 5623 3721 5693 ξίφους
3770 5619 3910 5691 χαλι-

2330 5737 2359 5774 b
2377 5738 2468 5787 Hic
2489 5733 2670 5798 aliquid
2695 5735 2801 5798 vim
2824 5735 3096 5796 suspicatur
3115 5730 3280 5782 Joan.
3306 5733 3556 5798 Boisius,
3579 5746 3639 5788 el
3661 5737 3798 5787 addit
3816 5745 3914 5781 κστ-

2273 5798 2435 5864 ιδγορία
2457 5795 2837 5864 ροιςῐέπιθυμίας.
