3992 6300
183 360 260 420 185
1092 358 1180 415 DE
1217 358 1748 418 PROPHETIARUM
1787 358 2276 417 OBSCURITA'I‘E.
2318 360 2385 419 11.

179 486 321 539 ctare,
345 481 401 528 ut
442 471 806 527 infirmitatem
834 480 977 527 tuam
1002 470 1177 528 discas
1205 490 1219 530 :
1252 474 1427 528 adhuc
1458 483 1718 528 mentem

179 567 408 622 hominem
440 574 681 619 scrutare
706 605 722 631 ,
753 574 911 635 atque
938 566 989 619 in
1020 566 1136 635 ejus
1174 566 1375 621 viscera
1401 567 1723 637 cogitatione

179 657 402 713 descende
423 698 439 723 ,
474 664 586 710 tum
618 656 825 711 videbis
847 698 861 721 ,
888 672 1046 727 quam
1076 657 1222 712 nihili
1270 659 1339 712 sit
1367 666 1422 712 et
1458 659 1718 728 abjectus.

179 753 388 805 Attamen
416 750 524 803 noli
549 749 786 803 animum
813 748 1144 820 despondere
1176 766 1188 801 :
1220 764 1393 818 neque
1412 750 1551 805 enim
1579 749 1722 819 quod

178 857 256 896 nos
294 840 410 895 odio
437 849 869 911 prosequeretur,
897 840 992 895 sed
1036 839 1178 909 quod
1218 840 1401 895 mitius
1440 842 1719 896 nobiscum

179 942 361 1002 ageret,
392 932 443 986 id
474 930 599 987 fecit
627 933 767 986 Deus
791 974 807 999 ,
838 947 1185 1002 magnamque
1215 931 1368 987 nobis
1410 931 1720 988 humilitatis

178 1026 469 1079 occasionem
503 1024 785 1093 praeberet.
819 1022 953 1077 Nam
982 1023 1024 1077 si
1048 1022 1369 1085 homo,cum
1402 1032 1539 1078 terra
1568 1026 1635 1079 sit
1667 1034 1719 1079 et

180 1116 307 1182 cinis,
332 1114 504 1170 dicere
529 1129 694 1170 ausus
722 1124 822 1180 est,
857 1112 922 1167 In
949 1113 1124 1167 caelum
1148 1113 1416 1167 ascendam
1446 1111 1597 1185 (lsai.
1630 1117 1712 1170 Η.

180 1208 250 1277 l3)
282 1224 293 1260 :
321 1207 414 1260 nisi
462 1204 671 1260 frenum
705 1206 956 1277 injectum
1008 1214 1149 1260 esset
1193 1215 1431 1271 naturae,
1482 1220 1590 1274 quo
1609 1220 1719 1260 non

180 1301 272 1367 ejus
286 1298 481 1353 animus
503 1307 785 1368 provectus
804 1298 968 1352 esset?
991 1296 1213 1363 Quando
1238 1296 1395 1366 igitur
1415 1296 1717 1366 quempiam

182 1390 345 1444 videris
368 1389 784 1459 superbientem,
817 1397 992 1443 erecta
1018 1387 1247 1451 cervice,
1277 1387 1499 1440 sublatis
1528 1402 1719 1457 super-

180 1483 307 1547 ciliis,
334 1497 483 1536 curru
510 1490 719 1536 vectum
744 1521 758 1544 ,
792 1481 1103 1540 minantem,
1133 1480 1429 1533 mittentem
1456 1479 1510 1534 in
1536 1494 1721 1535 carce-

179 1588 290 1635 rem,
305 1570 448 1625 morti
476 1570 801 1635 tradentem,
827 1569 1069 1638 injuriam
1096 1568 1411 1624 inferentem
1438 1610 1453 1632 ,
1483 1570 1568 1624 dic.
1597 1570 1668 1623 illi
1699 1588 1713 1623 :

182 1661 294 1726 Quid
309 1661 515 1731 superbit
543 1670 675 1715 terra
701 1671 746 1715 et
775 1661 901 1714 cinis
919 1661 943 1713 2
962 1661 1212 1727 Quoniam
1239 1669 1285 1714 et
1314 1660 1367 1713 in
1392 1662 1492 1714 vita
1519 1662 1632 1730 ejus
1650 1664 1718 1714 ad

177 1753 361 1805 nihilum
380 1752 578 1806 redacta
602 1764 719 1807 sunt
747 1754 925 1806 intima
956 1754 1084 1822 ejus.
1115 1752 1241 1808 Hac
1266 1768 1373 1808 non
1404 1753 1471 1809 de
1499 1754 1716 1809 homine

178 1852 350 1895 tantum
376 1843 575 1912 privato
594 1885 610 1909 ,
643 1844 735 1899 sed
757 1844 915 1899 etiam
944 1843 1012 1897 de
1037 1843 1128 1897 illo
1155 1843 1273 1912 ipso
1294 1885 1309 1905 .
1342 1844 1431 1914 qui
1480 1845 1532 1899 in
1581 1846 1716 1900 solio

176 1934 306 1990 sedet
325 1936 481 2005 regio,
510 1935 615 1999 dici
644 1945 894 2003 possunt.
926 1935 1042 1991 Noli
1082 1938 1225 1991 enim
1274 1952 1587 2006 purpuram,
1618 1954 1713 1991 nc-

176 2040 263 2093 que
287 2025 532 2093 diadema,
562 2040 732 2096 neque
756 2041 915 2081 aurea
941 2028 1257 2083 vestimenta
1286 2030 1554 2098 respicere
1575 2071 1588 2093 ,
1616 2029 1713 2084 sed

175 2115 217 2168 in
260 2115 409 2184 ipsam
439 2117 643 2187 inquire
688 2126 966 2181 naturam,
1011 2134 1185 2188 neque
1228 2120 1515 2190 quidquam
1567 2121 1711 2176 illam

178 2206 349 2261 habere
391 2208 610 2277 amplius
665 2222 822 2278 quam
867 2224 1023 2262 unam
1072 2224 1103 2264 e
1128 2210 1284 2279 vulgo
1321 2210 1524 2266 videbis
1562 2227 1576 2264 :
1608 2214 1714 2266 imo

179 2314 309 2365 vero,
327 2300 366 2353 si
389 2301 576 2370 placet,
603 2310 659 2355 et
688 2318 972 2371 purpuram
993 2344 1008 2368 ,
1035 2312 1090 2357 et
1119 2302 1381 2368 diadema,
1410 2315 1462 2359 et
1494 2316 1671 2360 vestes
1696 2345 1711 2367 .

172 2403 217 2444 et
261 2408 452 2447 omnem
510 2395 652 2448 illam
704 2410 960 2463 percurre
1005 2411 1291 2465 pompam,
1320 2407 1478 2468 atque
1521 2397 1711 2452 horum

173 2482 374 2550 ipsorum
414 2501 593 2540 rursus
646 2494 841 2540 terram
893 2489 1164 2541 materiam
1222 2502 1341 2543 esse
1396 2504 1708 2560 cognosces.

172 2576 325 2630 Omnis
361 2578 485 2630 enim
538 2578 701 2648 gloria
731 2579 944 2631 hominis
968 2588 1020 2631 ut
1040 2580 1137 2648 ﬂos
1173 2580 1295 2647 foeni
1329 2579 1480 2651 (Isai.
1508 2581 1593 2636 40.
1630 2584 1709 2652 6).

168 2665 384 2723 Eccevel
433 2669 542 2740 ipsa
592 2671 753 2723 etiam
799 2678 938 2725 terra
988 2670 1143 2725 vilior
1167 2680 1308 2726 totus
1356 2672 1447 2728 ille
1472 2676 1714 2744 apparuit

165 2769 377 2812 ornatus.
407 2760 560 2814 Vides
599 2770 657 2814 ut
686 2759 882 2815 fastum
928 2762 1224 2831 reprimat?
1252 2771 1310 2817 ut
1353 2766 1710 2834 arrogantiam

164 2866 353 2905 omnem
397 2852 557 2922 ipsius
602 2862 807 2907 natura:
858 2853 1155 2909 recordatio
1195 2855 1655 2912 retundat?Suffit
1674 2857 1713 2911 it

163 2949 341 2995 tantum
367 2953 419 2997 ut
446 2945 740 3014 cogitemus
767 2944 982 3015 quinam
1013 2946 1199 3013 simus,
1232 2957 1285 3001 et
1316 2949 1506 3018 quibus
1531 2965 1594 3003 ex
1620 2967 1708 3005 re-

160 3032 247 3086 bus
272 3037 534 3102 compacti,
568 3046 680 3090 tum
708 3037 883 3091 omnis
908 3038 1153 3106 superbia
1183 3038 1561 3109 cogitationum
1582 3057 1711 3096 eva-

160 3136 343 3179 oescet.
372 3126 649 3198 Propterea
690 3144 917 3199 namque
942 3129 1144 3184 duabus
1184 3146 1280 3185 nos
1308 3147 1373 3187 ex
1402 3133 1710 3190 substantiis

155 3220 396 3289 compegit
414 3220 548 3275 Deus
572 3261 586 3284 ,
619 3230 677 3275 ut
704 3224 748 3275 si
775 3222 987 3292 quando
1016 3225 1064 3278 in
1092 3225 1395 3295 superbiam
1428 3227 1667 3283 efl'eraris
1690 3271 1705 3292 ,

154 3308 311 3364 vilitas
328 3311 495 3366 carnis
513 3321 563 3366 te
582 3312 852 3382 deprimat
878 3331 890 3366 :
915 3315 957 3367 si
987 3315 1200 3384 quando
1229 3326 1403 3371 autem
1442 3318 1533 3372 tibi
1556 3320 1709 3388 quid-

154 3400 262 3454 dam
289 3404 454 3457 veniat
481 3406 533 3458 in
561 3412 797 3459 mentem
830 3406 1124 3476 indignum,
1157 3416 1212 3462 et
1236 3408 1376 3478 quod
1407 3409 1474 3463 ab
1503 3410 1706 3466 honore

151 3506 175 3542 a
218 3493 315 3546 Deo
360 3495 551 3549 collato
595 3496 889 3565 degeneret
915 3538 930 3562 ,
959 3499 1151 3552 animat
1177 3499 1422 3554 nobilitas
1449 3500 1516 3555 ad
1545 3502 1706 3556 ca-le-

151 3585 290 3637 stium
307 3586 544 3640 virtutum
567 3587 962 3643 aemulationem
995 3595 1047 3643 te
1072 3589 1348 3658 provehat.

214 3679 261 3730 7.
290 3679 459 3749 Neque
484 3696 612 3735 vero
644 3691 849 3735 tantum
872 3681 938 3735 ad
966 3682 1248 3737 tollendam
1295 3683 1592 3753 superbiam
1624 3694 1707 3739 est

153 3768 315 3825 idonea
340 3773 693 3827 consideratio
717 3782 919 3828 natura:
943 3816 958 3841 ,
987 3774 1080 3829 sed
1108 3782 1162 3830 et
1188 3776 1232 3830 si
1262 3777 1363 3830 alia
1385 3778 1585 3847 quaevis
1613 3793 1704 3832 cu-

153 3860 315 3925 piditas
338 3862 605 3928 obturbet,
628 3865 746 3918 sive
768 3865 1132 3933 pecuniarum,
1156 3867 1272 3920 sive
1291 3880 1572 3936 corporum
1606 3868 1701 3923 ista

152 3952 290 4016 lurpis
315 3963 365 4005 ct
398 3970 514 4022 quae
540 3955 604 4007 ad
638 3954 908 4009 lasciviam
937 3966 1187 4025 provocat
1213 3998 1226 4019 ,
1250 3958 1317 4011 ad
1344 3960 1702 4032 perturbatio-

153 4056 247 4094 nctu
271 4045 557 4099 sedandam
590 4046 689 4101 hoc
714 4046 931 4101 Sufficit.
959 4048 1089 4102 Cum
1117 4064 1243 4118 ergo
1275 4049 1557 4105 formosam
1585 4068 1701 4105 mu-

156 4134 299 4187 izcrem
326 4138 526 4192 videris
549 4180 564 4205 ,
593 4143 677 4194 cui
718 4139 975 4194 micantes
1004 4142 1142 4195 oculi
1190 4153 1315 4197 sunt
1366 4154 1419 4198 et
1462 4144 1659 4201 hilares
1682 4188 1697 4211 ,

152 4226 213 4276 cui
238 4229 455 4283 nitentes
478 4245 654 4299 gente,
692 4233 843 4300 cujus
870 4232 925 4286 in
953 4233 1097 4287 vultu
1124 4236 1317 4289 eximia
1343 4238 1583 4305 quaedam
1606 4255 1702 4308 ap-

152 4328 300 4382 pareat
344 4320 718 4387 pulchritudo,
745 4339 865 4392 qua:
909 4335 1142 4379 meutt-m
1185 4336 1324 4380 tuam
1369 4328 1694 4394 inflammet,

150 4412 465 4468 etlibidinem
512 4426 742 4484 augeat,
773 4416 945 4486 cogita
990 4426 1184 4471 terram
1214 4419 1347 4473 illud
1389 4437 1509 4476 esse
1552 4424 1696 4491 quod

150 4500 324 4555 miraris
344 4545 358 4565 ,
402 4504 640 4558 cinerem
671 4520 789 4559 esse
814 4506 953 4574 quod
986 4516 1036 4561 te
1066 4509 1337 4575 accendit,
1364 4518 1419 4564 et
1463 4512 1697 4567 insanire

148 4592 292 4646 anima
315 4594 523 4649 desinet
551 4611 566 4649 :
599 4595 791 4665 detege
818 4606 991 4651 cutem
1025 4599 1197 4653 vultus
1221 4599 1356 4667 ejus,
1391 4608 1500 4654 tum
1525 4602 1693 4669 ipsam

146 4695 324 4735 onlnem
355 4686 762 4753 pulchritudinis
787 4686 1039 4742 vilitatem
1065 4688 1263 4742 videbis
1294 4706 1307 4743 :
1336 4705 1400 4745 ne
1428 4690 1479 4744 in
1508 4706 1697 4760 super-

144 4775 247 4826 ﬁcie
267 4778 517 4831 consistas
536 4819 549 4839 .
584 4780 680 4833 sed
711 4779 937 4834 interius
977 4783 1299 4850 cogitatione
1328 4784 1650 4853 progredere
1675 4826 1690 4851 ,

140 4882 232 4920 nec
270 4870 403 4923 aliud
430 4872 718 4941 quidquam
745 4882 940 4939 praeter
962 4887 1081 4927 ossa
1104 4914 1119 4937 ,
1170 4889 1362 4929 nervos
1387 4916 1402 4939 ,
1442 4890 1505 4929 ac
1532 4890 1694 4930 venas

136 4961 369 5026 reperies.
400 4965 463 5015 At
491 4979 596 5017 non
628 4963 900 5017 sufficiunt
922 4964 1045 5017 ista?
1070 4964 1251 5034 Cogita
1283 4966 1411 5020 mihi
1434 4976 1691 5022 mutatam

132 5053 264 5105 illam
280 5094 296 5117 ,
321 5064 684 5110 senescentem
709 5097 725 5120 ,
768 5065 1019 5125 aegrotam
1040 5098 1054 5120 ,
1087 5058 1422 5114 subsidentes
1467 5061 1651 5115 oculos
1672 5102 1686 5126 ,

126 5156 394 5199 extentas
444 5163 610 5217 genas
634 5188 651 5212 ,
691 5155 863 5202 totum
908 5149 1052 5201 illum
1096 5148 1283 5203 florem
1323 5149 1641 5205 defluentem
1673 5171 1687 5208 :

128 5236 288 5305 cogita
312 5238 431 5306 quid
456 5239 854 5309 admireris,.et
880 5239 953 5291 tui
991 5239 1177 5307 judicii
1210 5250 1261 5295 te
1309 5241 1545 5309 pudebit.
1578 5242 1690 5296 Lu-

122 5339 229 5380 tnzn
257 5329 453 5383 miraris
476 5339 529 5384 et
552 5332 815 5392 cinerem,
850 5330 1017 5398 pulvis
1049 5340 1099 5384 te
1140 5331 1379 5386 incendit
1407 5342 1460 5386 et
1488 5332 1685 5387 favilla.

123 5420 230 5473 Non
276 5420 386 5474 hrc
428 5437 492 5477 eo
526 5423 669 5487 dico,
694 5432 753 5476 ut
784 5431 1027 5475 naturam
1059 5438 1345 5489 accusem;
1378 5425 1515 5479 absit
1548 5443 1563 5480 :
1590 5441 1690 5481 nec

121 5523 175 5562 nt
205 5512 513 5580 vituperem,
540 5524 631 5569 aut
657 5525 932 5583 tamquam
960 5514 1113 5567 vilem
1145 5515 1439 5585 deprimam
1467 5558 1481 5582 ,
1514 5517 1608 5572 sed
1630 5526 1689 5572 ut

122 5606 479 5673 rgrolantibus
519 5608 918 5661 medicamenta
964 5620 1301 5676 componam.
1355 5608 1479 5663 Ideo
1528 5611 1686 5665 talem

124 5696 275 5763 ipsam
303 5699 433 5754 Deus
464 5700 705 5755 condidit
729 5740 746 5763 ,
775 5697 915 5752 adeo
941 5698 1099 5755 vilem
1124 5741 1139 5765 ,
1173 5713 1229 5756 ut
1254 5711 1310 5757 et
1337 5719 1487 5758 suam
1511 5705 1685 5759 virtu-

127 5798 216 5845 tem
240 5802 290 5847 es
336 5807 511 5849 curam
536 5794 608 5850 de
634 5791 803 5848 nobis
847 5789 1127 5860 ostendat,
1161 5793 1285 5848 dum
1319 5806 1520 5851 natura:
1562 5798 1681 5852 vili-

3312 368 3413 427 '86

1832 481 1941 528 tate
1969 488 2066 528 nos
2090 474 2155 529 ad
2185 474 2537 529 humilitatem
2566 474 2765 530 inducit
2786 518 2800 539 .
2830 492 3146 549 omnemque
3174 492 3411 537 nostram

1826 565 2167 635 cupiditatem
2221 575 2467 630 coercet,
2529 580 2593 621 ac
2652 568 2923 636 sapientia:
2979 583 3089 623 sua:
3142 572 3411 639 specimen

1825 658 1958 722 edit,
1988 667 2046 712 ut
2072 659 2161 728 qui
2192 659 2353 713 etiam
2393 660 2445 713 in
2478 660 2589 713 luto
2627 660 2795 728 possit
2825 669 3021 715 tantam
3061 662 3407 731 pulchritudi-

1825 764 1946 804 nem
1973 749 2244 805 exhibere.
2278 750 2412 804 Dum
2446 750 2603 819 igitur
2645 750 3000 805 substantiam
3034 754 3181 823 parvi
3231 754 3369 809 facio
3391 795 3408 821 ,

1824 848 1935 894 tum
1982 840 2199 910 Opiﬁcis
2227 852 2397 896 artem
2445 840 2655 911 detego.
2683 840 2813 895 Nam
2841 851 2902 895 ut
2950 844 3267 898 statuarium
3297 853 3407 899 tum

1824 934 1990 1004 magis
2016 934 2362 1000 admiramur,
2394 950 2500 989 non
2534 950 2654 988 cum
2686 934 2994 1003 praiclaram
3028 950 3095 989 ex
3138 950 3270 991 auro
3300 947 3409 992 sta-

1824 1032 1969 1079 tuam
2008 1024 2347 1088 exhibuerit,
2376 1024 2467 1078 sed
2496 1040 2615 1079 cum
2646 1040 2710 1078 ex
2751 1024 2984 1093 subjecta
3037 1025 3135 1080 lutl
3182 1028 3406 1081 materia

1822 1116 2109 1186 perfectam
2158 1126 2213 1172 et
2261 1117 2509 1171 eximiam
2555 1115 2836 1185 imaginem
2869 1115 3027 1169 fuerit
3066 1116 3352 1171 fabricatus
3392 1136 3405 1171 ε

1823 1208 1892 1261 ita
1918 1222 2126 1277 quoque
2166 1222 2431 1261 summum
2467 1208 2721 1261 artificem
2774 1206 2939 1261 Deum
2979 1207 3406 1276 obstupescimus

1821 1306 1874 1353 et
1910 1297 2300 1368 glorificamus,
2328 1297 2470 1367 quod
2501 1298 2553 1351 in
2604 1298 2823 1365 pulvere
2847 1312 2910 1351 ac
2954 1296 3065 1351 luto
3095 1297 3399 1366 pulchritu-

1820 1388 1999 1444 dinem
2043 1389 2326 1460 quamdam
2358 1389 2671 1445 immensam
2715 1398 2770 1444 et
2819 1387 3099 1443 inefl‘abilis
3126 1389 3402 1457 cujusdam

1820 1481 2093 1550 sapientia:
2120 1481 2389 1550 specimen
2435 1480 2489 1534 in
2534 1479 2730 1534 nostris
2758 1479 3073 1549 corporibus
3103 1479 3402 1535 collocarit.

1820 1573 1993 1642 Atque
2034 1570 2137 1627 hoc
2179 1587 2288 1626 non
2325 1571 2377 1625 in
2402 1585 2626 1641 corpore
2671 1570 2843 1624 solum
2890 1578 3075 1625 nostro
3099 1611 3114 1635 ,
3146 1568 3238 1625 sed
3267 1578 3321 1624 et
3350 1571 3401 1623 iu

1820 1664 1964 1719 omni
1995 1664 2238 1733 przestitit
2275 1671 2536 1718 creatura.
2576 1661 2707 1717 Nam
2733 1676 2854 1716 cum
2884 1663 3016 1717 viles
3049 1663 3245 1732 passim
3278 1677 3401 1731 prn-

1820 1756 2061 1811 duxisset
2104 1755 2463 1821 substantias,
2492 1762 2547 1809 et
2588 1754 2719 1808 artis
2746 1767 2857 1807 suae
2885 1756 3154 1822 specimen
3203 1751 3256 1807 in
3300 1752 3403 1807 illis

1820 1849 2026 1920 insigne
2049 1848 2246 1920 posuit,
2277 1858 2331 1902 et
2358 1846 2770 1902 substantiamm
2799 1846 3117 1899 infirmitatis
3148 1845 3396 1899 indicium

1819 1942 2085 2013 quoddam
2130 1940 2418 1996 immiscuit
2447 1957 2461 1995 :
2492 1948 2552 1993 ut
2580 1954 2702 1993 cum
2746 1947 2964 2009 propter
2997 1944 3168 1992 artem
3194 1952 3257 1991 ac
3284 1937 3402 2006 pul-

1817 2032 2177 2088 chritudinem
2222 2030 2408 2086 laudes
2436 2028 2743 2094 Artiﬁcem,
2774 2037 2883 2082 tum
2932 2037 3151 2099 propter
3177 2027 3401 2081 infirmi-

1820 2132 1984 2178 tatem
2016 2122 2381 2190 vilitatemque
2404 2127 2608 2174 natura:
2634 2134 2695 2173 ac
2720 2118 3051 2184 substantiae,
3074 2132 3191 2187 quae
3220 2128 3399 2171 creata

1818 2224 1943 2271 sunt
1969 2230 2071 2270 non
2101 2213 2314 2269 adores.
2365 2210 2688 2281 Splendidus
2731 2219 2812 2263 est
2840 2210 2957 2276 sol,
2985 2210 3111 2263 dum
3146 2207 3402 2279 effulget,

1819 2318 2094 2377 totumque
2139 2316 2400 2361 terrarum
2446 2304 2632 2359 orbem
2663 2302 2962 2358 illuminat:
2993 2302 3086 2357 sed
3117 2317 3240 2355 cum
3288 2315 3396 2355 nox

1818 2400 2129 2463 advenerit,
2158 2398 2357 2452 deficit.
2392 2396 2529 2464 Quid
2572 2396 2703 2449 enim
2727 2435 2742 2461 ,
2766 2394 2936 2465 inquit
2959 2434 2975 2459 ,
3008 2393 3225 2447 lucidius
3255 2393 3401 2447 sole?

1819 2490 1925 2546 Sed
1953 2499 1998 2544 et
2038 2491 2131 2543 hoc
2175 2489 2345 2557 deﬁcit
2381 2487 2565 2557 (Ereti.
2591 2487 2676 2541 Π.
2708 2486 2831 2555 ’50);
2862 2500 3034 2556 neque
3072 2500 3200 2539 vero
3236 2492 3394 2539 noctu

1817 2582 2009 2647 solum,
2042 2580 2135 2636 sed
2174 2587 2229 2634 et
2270 2578 2517 2634 interdiu.
2549 2578 2722 2648 Atque
2759 2576 2955 2632 idcirco
2980 2592 3121 2646 saepe
3165 2575 3394 2630 interdiu

1816 2674 1944 2729 solis
1969 2672 2209 2727 defectus
2238 2671 2544 2736 intervenit,
2568 2680 2626 2723 ut
2653 2669 2909 2740 Opificem
2931 2669 3144 2738 quidem
3177 2675 3397 2737 propter

1815 2766 2094 2822 artificium
2134 2763 2356 2829 laudes,
2400 2764 2493 2817 sed
2540 2772 2755 2832 prapler
2799 2761 3213 2816 imbecillitatem
3258 2759 3399 2826 quod

1815 2868 2051 2913 creatum
2082 2864 2164 2912 est
2193 2871 2299 2911 non
2329 2854 2542 2908 adores.
2575 2852 2733 2907 Vides
2762 2851 2863 2906 hoc
2891 2850 3084 2906 cmlum
3103 2890 3117 2911 ,
3145 2848 3301 2918 quale
3329 2847 3399 2899 sit

1815 2949 2044 3019 corpus?
2072 2963 2230 3019 quam
2261 2943 2576 3015 pulchrum?
2620 2958 2777 3015 quam
2814 2942 3121 3012 refulgens?
3147 2938 3321 3010 quod,
3352 2941 3397 2991 si

1815 3043 2048 3112 speciem
2077 3050 2351 3095 externam
2400 3045 2607 3107 spectes
2635 3076 2651 3100 ,
2680 3035 2763 3090 vel
2796 3035 2924 3104 ipsis
2962 3033 3277 3102 corporibus
3304 3048 3402 3085 no-

1814 3137 1939 3190 stris
1964 3143 2047 3191 est
2075 3132 2431 3203 praestantius.
2464 3130 2533 3185 At
2568 3144 2760 3199 expers
2803 3137 2888 3183 est
2914 3128 3124 3181 animm.
3156 3124 3316 3181 V'idcs
3344 3136 3400 3179 et

1812 3229 1941 3282 artis
1970 3226 2237 3295 specimen
2259 3265 2273 3288 ,
2304 3235 2355 3279 et
2383 3222 2632 3277 indicium
2660 3220 3021 3275 infirmitatis?
3050 3221 3198 3275 vides
3228 3220 3397 3273 πίε-ἰη-

1812 3314 1917 3390 que
1941 3318 2034 3372 tibi
2066 3324 2248 3387 parata
2277 3313 2563 3386 praesidia?
2595 3312 2724 3367 Nam
2759 3322 2815 3366 ut
2843 3312 3098 3383 Opificcm
3125 3321 3394 3380 tamquam

1812 3411 2136 3467 imbecillum
2182 3425 2288 3464 non
2318 3408 2576 3473 damnes,
2606 3405 2853 3475 pulchras
2902 3403 3143 3459 condidit
3186 3412 3395 3456 creatu-

1811 3518 1934 3557 ras:
1964 3511 2022 3556 ut
2046 3512 2221 3556 autem
2259 3516 2377 3571 quze
2417 3496 2628 3553 condita
2658 3505 2783 3550 sunt
2808 3503 3075 3563 tamquam
3124 3493 3255 3547 deos
3288 3508 3392 3546 non

1809 3593 2020 3656 adores,
2049 3608 2118 3646 cx
2150 3601 2300 3662 parte
2327 3591 2534 3644 infirma
2561 3588 2653 3643 illa
2685 3586 2971 3642 fabricatus
2996 3594 3097 3642 est.
3128 3584 3251 3639 [hec
3282 3599 3396 3654 pcr-

1809 3694 1968 3754 petuo
1988 3682 2247 3737 memoria
2277 3691 2473 3737 tenete.

1882 3775 2086 3829 Marum
2111 3774 2351 3827 correctio
2381 3773 2498 3840 ﬁnis
2539 3771 2841 3842 Scriptum.
2872 3768 3184 3823 Manicltwos
3208 3768 3387 3821 redar-

1806 3868 1935 3937 guit.
1962 3894 2035 3906 ——
2065 3866 2187 3920 Ideo
2235 3864 2537 3934 Scripturas
2572 3866 3007 3933 interpretamur,
3034 3876 3139 3915 non
3164 3868 3224 3914 ut
3248 3860 3393 3915 Scri-

1808 3969 1993 4028 pturas
2023 3968 2226 4012 tantum
2265 3957 2594 4026 intelligatis,
2627 3955 2720 4010 sed
2761 3964 2818 4010 ut
2848 3970 3026 4009 mores
3066 3953 3386 4009 emendetis.

1804 4049 1916 4104 Nisi
1937 4050 2079 4105 enim
2112 4049 2212 4103 hoc
2258 4049 2375 4113 fiat,
2405 4047 2595 4101 frustra
2632 4047 2857 4117 legimus
2879 4088 2896 4115 ,
2927 4046 3120 4100 frustra
3161 4046 3389 4116 exponi-

1806 4161 1942 4200 mus.
1974 4143 2108 4198 Nam
2156 4141 2293 4197 sicut
2334 4156 2453 4195 cum
2504 4141 2556 4194 in
2588 4140 2886 4209 palaestram
2934 4139 3204 4209 ingressus
3232 4137 3390 4193 fuerit

1804 4236 2005 4291 athleta
2033 4242 2252 4298 unctus,
2282 4241 2337 4286 et
2387 4231 2694 4301 pmdotribte
2724 4246 2885 4284 manu
2929 4244 3161 4299 curaque
3192 4230 3390 4283 instru-

1802 4339 1952 4391 ctus,
1997 4327 2041 4380 si
2092 4341 2213 4381 cum
2256 4324 2563 4378 certaminis
2608 4331 2816 4391 tempus
2853 4322 3165 4384 advenerit,
3214 4329 3385 4375 artem

1803 4421 1945 4474 illam
1978 4418 2212 4472 inutilem
2246 4430 2366 4471 esse
2404 4414 2734 4477 ostenderit,
2768 4414 2959 4467 frustra
2994 4414 3043 4466 in
3080 4413 3383 4483 palmstram

1802 4511 2140 4566 introductus
2165 4517 2248 4563 est
2277 4525 2290 4560 :
2320 4508 2390 4561 ita
2421 4521 2540 4560 cum
2582 4504 2685 4558 huc
2715 4505 3104 4566 conveneritis,
3134 4512 3188 4557 et
3216 4504 3385 4557 luctas

1800 4617 1985 4657 omnes
2009 4643 2023 4666 ,
2055 4602 2180 4656 etin
2209 4600 2347 4654 lucta
2388 4613 2555 4652 nexus
2581 4596 2775 4651 diaboli
2806 4596 3097 4650 didiceritis
3120 4637 3133 4659 ,
3168 4596 3212 4649 si
3256 4612 3377 4651 cum

1802 4695 2153 4750 certaminum
2204 4701 2415 4762 tempus
2473 4690 2740 4756 inciderit,
2773 4689 3227 4758 supplantemini,
3254 4689 3378 4744 dum

1802 4790 1880 4840 vel
1910 4787 2198 4840 formosum
2224 4784 2427 4837 vultum
2450 4780 2704 4846 videritis,
2728 4781 2809 4836 vel
2844 4781 2895 4834 in
2924 4780 3226 4851 supcrhiam
3253 4782 3378 4835 elati

1800 4877 2004 4932 fueritis
2023 4917 2038 4941 ,
2066 4876 2152 4930 vel
2176 4875 2278 4927 alia
2313 4888 2469 4943 prava
2497 4874 2742 4942 quapiam
2778 4872 3100 4942 cogitatione
3131 4872 3339 4926 subacti
3360 4913 3376 4933 .

1798 4969 1991 5023 frustra
2022 4970 2074 5024 in
2104 4967 2246 5021 hunc
2279 4965 2459 5020 locum
2504 4963 2725 5035 ingressi
2759 4965 2908 5018 estis.
2933 4964 3256 5017 Mementote
3283 4963 3378 5031 igi-

1801 5072 1885 5115 tur
1910 5073 2234 5123 sermonum,
2262 5070 2396 5126 quos
2417 5070 2522 5109 non
2550 5054 2804 5111 adversus
2829 5065 3070 5109 naturam
3100 5064 3334 5106 nostram
3359 5094 3376 5118 ,

1796 5155 1889 5209 sed
1918 5153 2170 5208 adversus
2196 5151 2444 5205 lascivam
2465 5148 2806 5219 cupiditatem
2833 5148 3146 5203 direximus.
3175 5146 3290 5200 Non
3319 5156 3376 5198 ut

1798 5257 2038 5298 naturam
2068 5242 2433 5305 criminemur,
2462 5239 2577 5293 htec
2602 5238 2827 5293 dicimus
2847 5278 2861 5301 ,
2902 5237 2995 5291 sed
3023 5246 3078 5290 ut
3106 5234 3377 5305 cupidita-

1796 5344 1901 5390 tem
1935 5335 2276 5387 insectemur.
2310 5331 2423 5385 Hoc
2444 5338 2597 5399 pacto
2623 5331 2753 5383 iram
2784 5329 3054 5397 reprimitc
3074 5369 3087 5391 ,
3121 5328 3197 5381 sic
3222 5327 3376 5393 cupi-

1793 5428 2011 5482 ditatem
2041 5426 2308 5493 mitigate,
2336 5425 2412 5478 sic
2455 5423 2809 5492 arrogantiam
2854 5420 3139 5474 retundite.
3173 5418 3239 5471 Et
3266 5426 3375 5471 erat

1794 5522 1954 5573 omnis
1979 5528 2111 5571 terra
2138 5518 2325 5570 (obium
2349 5524 2577 5581 unum,et
2604 5529 2700 5566 vos:
2734 5527 2836 5564 una
2862 5510 3087 5562 omnibus
3110 5507 3255 5575 (Gen.
3282 5508 3372 5563 ll.

1795 5615 1872 5683 1).
1912 5612 2049 5666 Ecce
2077 5609 2251 5664 adhuc
2280 5608 2603 5679 propositam
2632 5604 3003 5675 quaestionem.
3033 5601 3147 5654 Non
3178 5602 3244 5655 de
3276 5601 3373 5656 hac

1794 5716 1874 5759 est
1917 5718 2132 5767 sermo,
2162 5700 2255 5756 sed
2302 5700 2440 5770 quod
2475 5712 2664 5753 omnes
2710 5693 2954 5747 homines
2998 5692 3235 5745 eamdem
3268 5693 3368 5746 liu-

1794 5811 1949 5866 guam
2001 5793 2274 5849 haberent.
2317 5793 2489 5858 Quare
2534 5804 2659 5842 vero
2690 5784 2883 5839 laliium
2928 5799 3087 5839 unum
3140 5783 3366 5853 linguam
