3992 6300
569 355 680 413 187

570 465 821 522 vocavit?
839 464 1125 536 Scriptura:
1156 476 1272 518 mos
1292 448 1377 518 est
1406 463 1476 518 ita
1503 476 1778 516 Sermones
1806 460 2038 531 linguam
2068 476 2161 514 vo-

571 576 714 615 care.
740 558 794 614 ld
826 574 952 613 vero
983 556 1139 612 fuerit
1163 571 1342 627 operte
1371 555 1598 626 pretium
1626 569 1785 609 nosse
1812 564 2031 624 propter
2060 552 2162 607 ha:-

571 654 787 721 reticos,
810 654 899 723 qui
930 652 1023 707 Dei
1049 650 1319 722 Opiﬁcium
1341 659 1615 717 accusant,
1637 649 1727 719 qui
1748 661 1943 718 corpus
1964 647 2161 701 malum

569 762 688 803 esse
714 747 917 801 dicunt.
953 744 1087 801 Nam
1129 744 1251 815 quia
1279 757 1478 814 pravos
1499 742 1664 796 animi
1711 750 1888 796 motus
1915 756 2010 811 per
2034 755 2159 794 cor-

571 840 713 907 poris
763 836 1004 893 membra
1043 835 1319 906 Scriptura
1367 833 1611 904 designat
1642 850 1655 886 :
1682 834 1917 902 exempli
1960 847 2158 900 causa,

568 930 827 983 Acucrunt
853 929 1079 1001 linguam
1118 944 1265 984 suam
1292 927 1418 980 sicut
1447 926 1725 996 serpentis;
1757 924 1957 996 Lingua
1986 941 2159 979 eorum

566 1023 772 1093 gladius
815 1031 994 1076 acutus
1023 1021 1197 1091 (Psal.
1248 1019 1373 1075 159.
1417 1020 1471 1074 4.
1519 1028 1566 1074 et
1594 1018 1684 1074 56.
1724 1018 1780 1087 5)
1811 1036 1825 1073 :
1856 1019 2161 1074 existimant

569 1114 783 1183 quidam
829 1113 898 1169 de
944 1113 1122 1183 lingua
1166 1112 1368 1167 dictum
1413 1125 1556 1166 esse.
1588 1109 1705 1165 Non
1746 1119 1831 1165 est
1865 1119 2044 1165 autem
2091 1108 2161 1165 de

570 1207 745 1276 lingua
788 1205 989 1260 dictum
1015 1223 1028 1259 :
1058 1204 1223 1266 absit;
1249 1212 1330 1260 est
1374 1204 1516 1257 enim
1544 1204 1718 1274 lingua
1747 1201 1841 1256 Dei
1869 1216 2037 1272 opus;
2063 1199 2156 1257 scd

568 1298 640 1354 de
667 1298 843 1354 verbis
872 1297 1280 1361 homicidarum,
1314 1311 1433 1366 qua:
1459 1295 1707 1351 homines
1730 1295 1975 1365 jugulant
2000 1335 2014 1359 ,
2037 1308 2158 1362 qua:

571 1390 830 1445 funestius
856 1404 1014 1459 quam
1040 1389 1184 1444 ensis
1215 1387 1492 1442 invadunt.
1521 1387 1722 1458 Lingua
1756 1401 1928 1440 eorum
1953 1384 2158 1455 gladius

571 1492 770 1548 acutus;
797 1493 851 1536 et
878 1496 1063 1535 rursus
1093 1498 1105 1533 :
1137 1480 1297 1533 Labia
1320 1480 1499 1533 dolosa
1539 1478 1592 1532 in
1618 1478 1771 1532 corde
1789 1520 1805 1544 ,
1833 1488 1881 1531 et
1901 1475 2052 1529 corde
2082 1477 2158 1529 Io-

566 1586 723 1645 quuta
749 1586 864 1628 sunt
891 1575 1025 1627 mala
1053 1573 1227 1646 (Psal.
1258 1574 1341 1627 il.
1375 1570 1429 1641 5)
1464 1589 1478 1625 :
1511 1586 1616 1625 non
1660 1572 1727 1626 de
1756 1568 1999 1624 tncmbro
2027 1582 2151 1621 cor-

570 1666 718 1735 poris
764 1666 1018 1735 loquens,
1051 1664 1144 1719 sed
1184 1664 1251 1719 de
1279 1663 1519 1719 subdolis
1536 1662 1737 1717 verbis.
1768 1660 1843 1715 ιω
1886 1676 2006 1715 cum
2054 1660 2154 1713 hoc

571 1758 690 1811 loco
736 1757 998 1822 dixisset,
1028 1755 1095 1810 Et
1120 1765 1229 1810 erat
1256 1757 1421 1809 omnis
1458 1765 1591 1809 terra
1617 1754 1805 1808 labium
1835 1772 2023 1818 unum,
2047 1769 2154 1808 non

566 1849 672 1904 hoc
687 1849 886 1912 docuit,
905 1862 1092 1902 omnes
1112 1846 1356 1902 homines
1377 1863 1539 1902 unum
1559 1847 1755 1901 labium
1774 1847 2044 1915 habuisse,
2062 1846 2154 1901 sed

565 1941 765 1995 labimn
795 1955 979 1994 vocem
1018 1939 1326 2009 appellavit.
1376 1938 1509 1993 Cum
1551 1940 1693 1994 enim
1743 1940 1999 2007 dixisset,
2030 1939 2156 1993 Erat

564 2034 730 2086 omnis
756 2042 888 2086 terra
908 2033 1100 2087 labium
1130 2049 1321 2096 unum,
1343 2032 1640 2102 subjunxit,
1675 2031 1740 2085 Et
1767 2048 1867 2086 vox
1893 2049 1998 2085 una
2041 2049 2151 2085 om-

566 2127 734 2181 nibus.
767 2126 839 2181 Ita
866 2140 986 2182 cum
1014 2125 1189 2192 dixit,
1214 2124 1527 2194 Sepulcrum
1552 2133 1731 2195 patens
1770 2134 1841 2183 est
1865 2134 2039 2195 guttur
2066 2140 2153 2178 eo—

566 2217 931 2289 rum(Psal.5.
964 2217 1194 2286 il),non
1219 2224 1398 2285 guttur
1417 2224 1653 2280 accusat,
1683 2215 1777 2270 sed
1807 2215 1943 2270 mala
1973 2215 2151 2278 verba,

568 2324 685 2379 qua:
711 2309 833 2364 inde
859 2307 1194 2374 ascendunt,
1221 2315 1427 2361 mortua
1457 2306 1726 2377 dogmata.
1759 2307 1870 2360 lloe
1895 2308 2038 2361 enim
2070 2322 2155 2362 se-

569 2400 809 2471 pulcrum
839 2410 942 2468 est,
976 2408 1309 2455 mortuorum
1352 2398 1553 2454 ossium
1588 2414 1977 2470 corporumque
2003 2415 2155 2455 rece-

570 2496 857 2565 ptaculum.
906 2494 1054 2551 Talia
1080 2502 1207 2549 sunt
1234 2502 1289 2549 et
1317 2494 1527 2549 illorum
1569 2508 1664 2548 ora
1681 2534 1697 2557 ,
1723 2494 1812 2564 qui
1839 2494 2151 2549 Creatorem

568 2598 855 2651 accusant,
882 2587 1006 2642 talia
1032 2595 1158 2642 sunt
1192 2601 1378 2641 eorum
1405 2585 1680 2641 hominum
1705 2600 1799 2640 ora
1817 2627 1831 2649 ,
1858 2586 1948 2655 qui
1978 2587 2151 2655 turpia

567 2681 727 2735 verba
755 2680 1052 2749 proferunt,
1080 2680 1170 2749 qui
1197 2678 1584 2744 conviciantur,
1604 2679 1692 2748 qui
1722 2693 1789 2731 ex
1822 2691 1920 2732 suo
1940 2687 2154 2749 gutture

567 2772 749 2827 faetida
774 2787 1041 2841 pravoque
1066 2769 1228 2826 verba
1270 2768 1615 2840 profundunt.

637 2864 691 2918 8.
732 2862 882 2917 Bono
905 2861 1034 2917 illud
1051 2860 1217 2916 odore
1237 2859 1469 2930 comple,
1488 2859 1559 2913 mi
1582 2858 1765 2926 homo,
1794 2874 1900 2914 non
1926 2858 2149 2915 fictore:

567 2954 876 3011 thesaurum
920 2954 1047 3009 illud
1086 2953 1312 3023 regium,
1359 2966 1465 3007 non
1506 2952 1805 3007 satauicum
1846 2952 2153 3022 sepulcrum

564 3046 739 3101 effice.
771 3043 922 3113 Quod
951 3044 995 3098 si
1020 3042 1327 3114 sepulcrum
1354 3042 1447 3109 sit,
1474 3042 1664 3099 saltem
1683 3044 1926 3109 occlude,
1956 3060 2023 3099 ne
2049 3043 2150 3101 fm-

566 3152 650 3197 tor
671 3148 845 3197 exeat.
887 3140 1071 3195 Prava:
1102 3140 1194 3196 tibi
1220 3146 1346 3194 sunt
1370 3140 1756 3211 cogitationes?
1780 3141 1859 3197 Ne
1887 3142 2065 3198 verbis
2090 3144 2153 3197 il-

567 3234 646 3289 las
674 3232 914 3304 proferas
943 3249 957 3287 :
989 3231 1106 3287 sine
1129 3231 1380 3287 deorsum
1405 3232 1609 3301 jacere,
1651 3240 1763 3288 tum
1788 3233 1895 3289 cito
1919 3233 2151 3290 suffoca-

563 3326 781 3381 buntur.
830 3324 1086 3380 llomines
1130 3338 1337 3392 sumus,
1380 3337 1526 3394 stupe
1566 3325 1730 3380 multa
1761 3340 1944 3396 prava,
1986 3325 2149 3396 fmda,

564 3418 843 3491 turpiaque
864 3416 1086 3474 consilia
1106 3425 1289 3473 mente
1313 3431 1622 3483 versamus;
1652 3417 1749 3473 sed
1777 3434 1846 3473 ne
1870 3420 2153 3491 cogitatio-

565 3525 661 3567 nes
700 3511 757 3566 in
798 3509 960 3566 verba
1004 3507 1254 3580 progredi
1294 3509 1554 3575 sinamus,
1595 3517 1655 3563 ut
1701 3508 1954 3565 deorsum
2005 3525 2154 3566 com-

564 3619 764 3674 pressa:
792 3602 1171 3660 imbecilliores
1196 3602 1487 3658 reddantur
1505 3611 1561 3658 et
1584 3611 1827 3673 pereant.
1856 3602 1988 3660 Nam
2016 3605 2154 3661 sicut

564 3699 652 3752 ubi
678 3698 797 3765 quis
830 3697 1030 3777 diversi
1059 3698 1270 3768 generis
1298 3711 1361 3753 ac
1388 3695 1597 3755 feroces
1636 3697 1835 3754 bestias
1875 3699 1928 3754 in
1977 3699 2152 3755 lacum

568 3791 865 3856 immiserit,
909 3793 956 3847 si
994 3791 1135 3848 forte
1160 3806 1392 3862 superne
1419 3793 1595 3849 laeum
1621 3793 1974 3861 obturaverit,
2000 3793 2154 3849 facile

565 3884 683 3939 illas
710 3884 935 3940 sull‘ocat
967 3901 982 3938 :
1012 3884 1094 3940 sin
1126 3894 1306 3939 autem
1346 3884 1450 3941 illis
1479 3884 1710 3941 exeundi
1740 3886 1825 3942 vel
1855 3886 2153 3956 respirandi

568 3975 872 4032 facultatem
896 3975 1125 4046 aliquam
1155 3976 1505 4042 concesserit,
1536 3977 1763 4032 multum
1802 3978 1905 4033 illis
1951 3978 2155 4049 praebet

567 4072 767 4137 solatii,
811 4085 988 4142 neque
1026 4070 1153 4125 sinit
1195 4069 1433 4137 interire,
1477 4070 1573 4126 sed
1612 4070 1942 4128 ell'eratiorcs
1984 4072 2154 4128 multo

566 4164 784 4219 reddit:
815 4164 887 4219 ita
932 4162 991 4218 lit
1032 4161 1084 4217 in
1114 4161 1269 4218 malis
1310 4163 1742 4233 cogitationibus,
1784 4180 1908 4220 cum
1946 4176 2155 4221 exortte

568 4261 711 4315 intus
739 4258 935 4314 fuerint
978 4275 994 4313 :
1034 4257 1081 4313 si
1120 4272 1335 4312 omnem
1380 4256 1487 4313 illis
1518 4257 1680 4323 viam,
1728 4273 1795 4313 ne
1839 4257 1983 4314 foras
2024 4274 2152 4328 pro-

568 4355 750 4419 deaut,
792 4352 1271 4417 intercluserimus,
1301 4351 1548 4407 celeriter
1581 4350 1700 4405 illas
1727 4352 2091 4421 opprimemus
2135 4368 2149 4405 :

566 4449 648 4502 sin
676 4455 853 4502 autem
874 4447 989 4501 illas
1014 4445 1193 4501 verbis
1216 4445 1269 4500 in
1295 4444 1470 4499 lucem
1490 4442 1888 4515 protulerimus,
1916 4457 2037 4497 cum
2062 4457 2154 4497 va-

569 4539 784 4593 lidiores
822 4537 937 4592 illas
965 4537 1272 4603 reddemus,
1317 4544 1371 4592 et
1409 4535 1557 4606 quasi
1587 4550 1685 4605 per
1718 4534 1949 4603 linguam
1980 4535 2152 4605 reSpi-

566 4634 717 4687 randi
741 4632 1043 4687 facultatem
1068 4633 1173 4688 illis
1196 4631 1573 4696 concedamus,
1598 4641 1707 4684 tum
1729 4630 1797 4683 ab
1814 4629 1899 4683 illa
1923 4630 2151 4699 turpium

564 4725 850 4781 verborum
892 4724 1277 4779 exercitatione
1303 4724 1356 4779 in
1385 4723 1649 4779 foedarum
1684 4722 1953 4777 actionum
1994 4722 2152 4777 bara-

568 4816 745 4870 thrum
785 4829 942 4883 quam
972 4814 1252 4869 celerrime
1277 4814 1643 4869 devolvemur.
1671 4811 1875 4867 Idcirco
1897 4828 2000 4868 non
2023 4814 2153 4868 sim—

568 4907 776 4977 pliciter
801 4904 1115 4974 Sepulcrum
1139 4906 1348 4961 vocavit
1391 4904 1668 4974 propheta,
1698 4904 1813 4968 sed,
1845 4904 2152 4973 Sepulcrum

566 5008 762 5071 patens,
798 4998 938 5053 istud
968 4998 1141 5069 ipsum
1162 4998 1302 5068 quod
1323 4998 1432 5053 dixi
1458 4999 1589 5053 vitio
1617 5006 1851 5052 vertens.
1876 4996 1990 5051 Non
2010 4999 2152 5053 enim

563 5094 801 5164 seipsum
848 5100 1053 5146 tantum
1098 5091 1262 5146 aflicit
1307 5092 1614 5162 ignominia,
1646 5094 1736 5162 qui
1777 5092 1947 5162 turpia
1993 5093 2151 5147 verba

565 5188 787 5257 profert,
819 5187 911 5241 sed
944 5196 1000 5241 et
1025 5186 1297 5256 proximos
1326 5199 1473 5252 suos,
1516 5195 1570 5239 et
1611 5201 1705 5241 eos
1740 5185 1829 5255 qui
1869 5200 1992 5239 cum
2035 5186 2153 5254 ipso

564 5292 870 5346 versantur,
898 5280 1082 5334 multis
1109 5278 1359 5333 sordibus
1386 5277 1587 5347 opplet.
1618 5278 1683 5331 Et
1701 5276 2149 5347 quemadmodum

563 5375 605 5428 si
634 5374 879 5444 sepulcra
907 5388 1232 5438 reseremus,
1263 5372 1506 5428 civitates
1532 5383 1681 5441 peste
1715 5371 2103 5442 complebimus
2136 5390 2150 5424 :

564 5465 632 5519 ita
662 5468 709 5522 si
733 5468 904 5538 turpia
932 5468 1156 5523 licenter
1178 5466 1488 5536 aperiantur
1508 5481 1622 5532 ora,
1645 5475 1885 5529 cunctos,
1913 5465 2001 5534 qui
2033 5479 2152 5518 eum

569 5559 671 5615 illis
736 5562 1167 5630 congrediemur,
1235 5560 1566 5631 gravissimis
1629 5558 1830 5613 morbis
1893 5556 2152 5610 inlicient.

571 5646 770 5706 idcirco
794 5652 1012 5723 ianuam
1039 5662 1270 5723 oportet,
1302 5660 1533 5717 vectem,
1576 5665 1639 5705 ac
1683 5649 1889 5706 frenum
1933 5648 2014 5702 ori
2058 5647 2157 5701 im-

575 5759 791 5815 pnuere.
822 5746 992 5803 Unam
1022 5748 1202 5819 itaque
1234 5756 1344 5801 tum
1372 5746 1533 5801 fuisse
1562 5745 1817 5815 linguam,
1848 5742 1981 5798 satis
2002 5756 2031 5795 a
2059 5756 2155 5794 no-

573 5836 651 5892 bis
693 5853 788 5908 per
838 5839 950 5893 haec
993 5840 1415 5896 demonstratum
1460 5849 1576 5905 est;
1622 5837 1884 5906 reliquum
1930 5846 2041 5897 est.
2092 5845 2150 5888 ut

1349 350 1413 406 S.
1458 347 1739 406 JOANNIS
1775 344 2247 403 CHRYSOSTOMI
2286 345 2600 404 ARCHIEP.
2641 347 3165 409 CONSTANTINOP.
3689 372 3775 428 ηε

2271 475 2431 531 quam
2455 462 2525 517 ob
2545 477 2758 517 causam
2783 465 2961 519 multm
2984 464 3178 522 fuerint
3205 466 3415 528 invecta!
3438 474 3668 536 dicamus.
3687 485 3773 541 Sed

2268 553 2478 609 interim
2503 571 2808 612 sermonem
2835 558 2901 610 ad
2928 574 3103 614 mores
3130 560 3453 621 instruendos
3473 572 3780 638 pertinentem

2268 646 2559 702 inferamus
2603 666 2617 703 :
2657 649 2946 705 doceamus
2976 651 3204 720 linguam
3240 664 3463 713 nostram
3495 658 3677 718 frenum
3703 681 3782 736 ge-

2267 754 2410 806 rere,
2440 756 2537 795 nec
2563 742 2742 795 omnia
2771 752 2973 798 temere
2994 744 3247 813 proferre,
3275 762 3391 815 qua:
3414 748 3464 803 in
3490 764 3699 809 mentem
3711 772 3787 812 ve-

2266 833 2470 900 nerint,
2493 849 2597 889 non
2624 833 2816 891 fratres
2836 851 3088 893 accusare
3116 855 3130 893 :
3152 852 3257 893 non
3279 826 3453 896 mutuo
3472 859 3563 899 nos
3580 849 3786 905 mordere

2264 940 2330 981 ac
2358 926 2635 983 devorare.
2670 927 2890 998 Pejores
2915 938 3040 985 sunt
3068 930 3173 985 illis
3209 931 3296 1002 qui
3322 947 3535 1003 corpora
3562 940 3789 1002 mordent.

2266 1018 2339 1073 illi
2369 1020 2458 1089 qui
2487 1020 2663 1075 verbis
2691 1021 2743 1076 id
2773 1031 2959 1092 agunt.
2983 1021 3061 1077 llli
3084 1039 3279 1095 corpus
3299 1024 3536 1081 dentibus
3562 1032 3788 1105 mordent,

2267 1108 2355 1163 hic
2380 1111 2612 1164 animam
2642 1112 2823 1167 verbis
2849 1113 3080 1179 mordet,
3109 1115 3544 1172 existimationem
3570 1119 3798 1184 vulnerat,

2264 1193 2659 1260 immedicabile
2687 1204 2878 1261 vulnus
2916 1206 3109 1277 inﬂigit
3137 1224 3151 1262 :
3195 1222 3512 1279 quapropter
3551 1220 3679 1267 tanto
3699 1230 3795 1283 gra-

2264 1294 2397 1348 viori
2428 1296 2689 1365 supplicio
2712 1297 2994 1366 plectetur,
3016 1308 3218 1369 quanto
3240 1302 3465 1371 graviori
3492 1319 3658 1359 morsu
3680 1305 3800 1359 iuva.

2262 1384 2357 1439 dit.
2388 1386 2571 1458 Neque
2602 1403 2735 1443 vero
2756 1397 2966 1443 tantum
2995 1390 3198 1447 idcirco
3230 1393 3436 1447 veniam
3462 1410 3559 1447 non
3586 1396 3801 1465 impetra-

2264 1476 2343 1531 bit
2365 1478 2409 1533 is
2438 1480 2527 1549 qui
2556 1491 2792 1545 accusat,
2818 1482 2912 1536 sed
2943 1483 3106 1537 etiam
3140 1484 3280 1553 quod
3312 1501 3483 1555 neque
3509 1486 3690 1555 justum
3725 1505 3805 1543 nec
3877 1470 3880 1473 ’

2265 1571 2518 1641 iniustum
2544 1575 2712 1645 possit
2728 1576 3052 1645 improbitati
3076 1592 3188 1632 suae
3208 1588 3516 1648 praetextum
3535 1581 3805 1636 obtendere.

2262 1662 2393 1718 Nam
2420 1666 2524 1719 alia
2549 1667 2765 1736 quidem
2792 1678 3007 1738 peccata
3052 1669 3180 1724 licet
3205 1684 3394 1724 causas
3424 1671 3642 1726 habeant
3678 1688 3705 1726 a
3736 1689 3807 1726 ra-

2261 1758 2406 1814 tione
2441 1770 2618 1815 tamen
2658 1761 2882 1829 alienas,
2924 1760 3127 1818 habent
3168 1772 3347 1818 tamen
3393 1781 3406 1817 :
3451 1774 3642 1833 utpote,
3685 1780 3810 1819 scur-

2262 1858 2402 1904 tator
2429 1851 2707 1907 libidinem
2745 1855 2946 1920 explet,
2978 1854 3062 1908 fur
3090 1863 3457 1924 paupertatem
3483 1856 3650 1922 solvit,
3674 1856 3814 1910 homi-

2260 1941 2378 1995 cida
2406 1942 2735 1997 iracundiam
2761 1944 2942 2012 sedat;
2967 1944 3265 2000 maledicus
3284 1946 3486 2000 nullam
3512 1956 3673 2015 potest
3688 1962 3818 2002 occa-

2260 2034 2463 2089 sionem
2494 2033 2706 2091 allerre.
2737 2038 2905 2103 Quam
2934 2038 3101 2104 enim,
3133 2052 3338 2107 quaeso,
3381 2040 3708 2108 pecuniarum
3741 2054 3819 2093 co-

2259 2127 2401 2195 piam
2425 2128 2689 2197 acquirit?
2709 2144 2865 2199 quam
2884 2128 3165 2185 libidinem
3187 2130 3407 2201 explet?
3427 2130 3564 2186 Nihil
3583 2132 3715 2187 aliud
3733 2142 3820 2196 est,

2258 2233 2417 2288 quam
2444 2218 2656 2274 invidia:
2705 2220 2950 2287 materia,
2981 2224 3068 2277 cui
3098 2223 3248 2277 nulla
3275 2224 3509 2293 suppetit
3526 2223 3659 2294 justa
3684 2238 3821 2278 causa

2261 2328 2360 2367 nec
2384 2312 2597 2382 injusta.
2620 2311 2911 2384 Propterea
2934 2314 3080 2367 nulla
3100 2313 3264 2367 venia
3284 2310 3447 2382 digna
3473 2324 3724 2370 censetur.
3749 2314 3826 2368 Vis

2259 2403 2771 2479 accusare?vUtilem
2802 2405 2893 2459 tibi
2938 2406 3224 2460 materiam
3253 2406 3491 2476 prmbeo.
3522 2405 3610 2459 Vis
3631 2406 3815 2459 maledi-

2260 2496 2426 2550 cere?
2453 2495 2672 2551 Malcdie
2700 2498 2806 2551 tuis
2832 2498 3084 2566 peccatis.
3112 2497 3212 2550 Dic
3238 2498 3410 2561 enim,
3440 2497 3624 2567 inquit,
3651 2507 3699 2549 tu
3734 2511 3831 2565 pec-

2259 2599 2373 2642 cata
2402 2598 2490 2642 tua
2534 2588 2695 2658 prior,
2743 2598 2800 2642 ut
2830 2589 3134 2659 justiﬁceris
3183 2588 3344 2660 (lsai.
3396 2588 3487 2643 45.
3535 2588 3649 2655 26).
3693 2586 3831 2639 Vides

2261 2680 2712 2745 maledicentiam,
2757 2696 2878 2750 qua:
2915 2696 3203 2745 coronam,
3247 2689 3308 2735 et
3346 2680 3583 2744 laudem,
3629 2688 3680 2733 et
3714 2678 3834 2733 testi-

2259 2773 2497 2827 monium
2533 2772 2754 2843 justitia:
2793 2774 2994 2828 refert?
3035 2773 3274 2839 Rursus,
3310 2772 3496 2827 Justus
3523 2774 3577 2825 in
3616 2770 3835 2841 principia

2257 2865 2505 2919 sermonis
2531 2874 2796 2919 accusator
2819 2874 2891 2919 est
2912 2866 2993 2919 sui
3018 2864 3210 2935 (Prov.
3241 2865 3334 2921 18.
3362 2865 3480 2935 17),
3501 2878 3608 2918 non
3625 2862 3837 2916 alterius.

2256 2956 2311 3012 Si
2338 2956 2557 3011 alterius
2602 2957 2766 3012 lueris
2806 2966 3112 3021 accusator,
3163 2957 3414 3027 punieris
3457 2974 3471 3009 :
3513 2956 3559 3010 si
3598 2953 3837 3023 tuiipsius,

2256 3050 2617 3106 coronaberis.
2651 3051 2826 3120 Atque
2860 3059 2918 3104 ut
2956 3050 3253 3120 intelligas,
3283 3059 3548 3120 quantum
3570 3048 3643 3103 sit
3667 3042 3842 3101 bonum

2256 3140 2506 3197 delictum
2538 3156 2690 3195 suum
2721 3155 3001 3207 accusare,
3033 3139 3229 3196 Justus
3249 3143 3305 3196 in
3330 3142 3589 3211 principio
3606 3138 3843 3201 sermonis,

2258 3233 2451 3303 inquit,
2493 3242 2759 3287 accusator
2798 3243 2870 3289 est
2896 3234 2998 3288 sui.
3030 3233 3245 3289 Verum
3292 3234 3341 3289 si
3379 3234 3562 3304 justus
3600 3241 3702 3297 est,
3736 3245 3849 3299 qun-

2256 3325 2418 3379 modo
2444 3325 2762 3381 accusator?
2783 3325 2828 3380 si
2854 3334 3162 3393 accusator,
3206 3325 3499 3397 quomodo
3523 3324 3730 3394 justus?
3758 3320 3852 3377 lus-

2257 3428 2341 3475 tus
2373 3419 2698 3475 accusationi
2738 3434 2845 3475 non
2884 3427 2969 3474 est
3009 3419 3314 3475 obnoxius.
3340 3418 3456 3475 Sed
3484 3426 3547 3474 ut
3568 3416 3725 3483 scias,
3748 3414 3856 3469 licet

2256 3525 2503 3583 peccator
2530 3513 2602 3568 sit
2641 3511 2853 3581 aliquis,
2895 3510 2942 3565 si
2981 3520 3213 3567 accuset
3262 3521 3495 3582 peccata
3536 3524 3651 3572 sua,
3678 3508 3856 3577 justum

2256 3622 2378 3662 eum
2403 3606 2739 3661 accusatione
2766 3618 2861 3659 sua
2890 3604 3024 3668 fieri,
3072 3613 3380 3675 propterea
3422 3604 3579 3669 dixit,
3608 3600 3779 3655 Justus
3813 3599 3859 3650 in

2258 3697 2508 3770 principio
2536 3698 2781 3751 sermonis
2808 3706 3073 3751 accusator
3104 3707 3187 3751 est
3233 3698 3345 3751 sui.
3385 3695 3534 3764 Quid
3575 3710 3732 3767 porro
3770 3700 3861 3755 est,

2259 3791 2324 3846 In
2351 3792 2600 3864 principio
2626 3789 2911 3844 sermonis?
2940 3787 3249 3860 Diligenter
3278 3789 3535 3845 attende.
3575 3788 3631 3842 In
3670 3782 3864 3857 iudiciis

2257 3884 2376 3940 dure
2398 3891 2524 3939 sunt
2549 3890 2744 3952 partes,
2778 3896 2883 3935 una
2907 3895 3093 3936 eorum
3124 3882 3224 3951 qui
3255 3880 3557 3944 delerunt,
3599 3880 3759 3934 altera
3785 3890 3870 3931 eo-

2258 3992 2376 4032 rum
2404 3976 2493 4047 qui
2519 3974 2864 4040 deferuntur;
2897 3988 2998 4027 una
3027 3986 3224 4028 eorum
3254 3975 3356 4045 qui
3395 3981 3680 4037 accusant,
3717 3970 3869 4024 altera

2259 4085 2447 4127 eorum
2468 4068 2558 4140 qui
2584 4075 2937 4131 accusantur;
2965 4065 3019 4120 hi
3039 4065 3121 4121 rei
3144 4077 3323 4135 sunt,
3357 4066 3442 4122 illi
3474 4082 3585 4121 non
3616 4074 3738 4119 sunt
3764 4062 3832 4117 rei
3858 4078 3872 4112 :

2258 4162 2576 4234 principium
2606 4158 2871 4214 sermonis
2900 4159 3202 4213 accusatori
3237 4159 3601 4222 conceditur,
3639 4155 3727 4226 qui
3758 4165 3876 4207 rcus

2259 4272 2365 4312 non
2389 4264 2492 4311 est.
2525 4254 2622 4308 llic
2646 4266 2773 4306 vero
2809 4250 3137 4305 contrarium
3177 4261 3273 4306 est
3310 4250 3625 4323 agendum.
3669 4247 3771 4313 Tu,
3800 4243 3882 4313 qui

2258 4364 2383 4406 reus
2411 4364 2491 4414 es,
2518 4344 2783 4403 sermonis
2804 4344 3009 4399 initium
3037 4343 3306 4413 pra-ripe,
3338 4353 3402 4398 ut
3435 4358 3569 4398 reus
3595 4355 3716 4395 esse
3744 4335 3880 4391 desi-

2258 4459 2356 4499 nas
2405 4460 2420 4497 :
2464 4456 2533 4497 ne
2565 4449 2927 4497 accusatorem
2972 4447 3291 4507 exspectes.
3343 4436 3605 4494 Tametsi
3656 4451 3717 4490 es
3760 4434 3891 4488 inter

2258 4551 2401 4599 reos,
2434 4534 2578 4605 prius
2605 4541 2806 4599 tamen,
2852 4546 3010 4601 quam
3050 4528 3118 4583 ab
3160 4530 3264 4585 illo
3313 4532 3434 4586 tale
3480 4530 3761 4600 quidpiam
3797 4540 3889 4579 au-

2257 4631 2406 4694 dias,
2450 4629 2564 4698 ipse
2605 4642 2725 4697 quae
2767 4641 2797 4680 a
2846 4634 2898 4679 te
2946 4633 3163 4694 peccata
3210 4633 3360 4679 sunt
3402 4623 3594 4681 defer.
3640 4620 3897 4679 sinebam

2257 4721 2501 4792 quaedam
2527 4730 2679 4776 acuta
2708 4727 2790 4774 est
2815 4717 2991 4787 lingua
3024 4734 3037 4769 :
3067 4728 3474 4773 verumtamen
3525 4716 3749 4772 ceteris
3786 4711 3897 4763 vul-

2224 4812 2225 4815 “
2260 4830 2386 4870 nera
2417 4830 2522 4869 non
2563 4813 2899 4882 infligamus,
2940 4809 3033 4865 sed
3075 4810 3264 4864 ulcera
3313 4820 3527 4866 nostra
3572 4817 3904 4864 resecenms.

2261 4908 2353 4962 Vis
2380 4907 2519 4961 scire
2539 4920 2740 4960 morem
2773 4902 2938 4958 fuisse
2959 4902 3260 4969 justorum,
3299 4911 3370 4956 ut
3413 4902 3552 4956 aliis
3591 4913 3710 4954 non
3748 4896 3910 4950 maleo

2258 5000 2519 5060 dicerent,
2562 4995 2657 5052 sed
2698 4995 2968 5064 sibiipsis?
3012 4991 3149 5047 Audi
3205 4993 3474 5047 Paulum
3513 4991 3860 5048 clamantem
3900 5001 3915 5037 :

2263 5093 2465 5147 Gratias
2493 5108 2583 5161 ego
2610 5090 2674 5155 ei,
2702 5089 2788 5160 qui
2816 5104 2893 5141 me
2924 5085 3256 5154 confortavit,
3304 5086 3561 5149 Christo,
3592 5084 3690 5154 qui
3718 5081 3919 5151 ﬁdelem

2258 5201 2339 5239 me
2361 5183 2682 5245 existimavit,
2714 5196 2901 5251 ponens
2920 5179 2973 5232 in
2998 5177 3288 5231 ministerio
3313 5192 3337 5231 :
3360 5178 3464 5247 qui
3494 5177 3658 5246 prius
3689 5170 3929 5243 blasphe-

2258 5293 2372 5331 mus
2398 5276 2492 5347 fui,
2523 5283 2569 5327 et
2608 5283 2956 5343 persequutor,
2997 5277 3043 5322 et
3083 5270 3531 5322 contumeliosus
3563 5268 3655 5339 (1.
3690 5266 3835 5320 Tim.
3884 5262 3931 5313 l-

2262 5370 2349 5426 12.
2381 5369 2492 5438 15).
2523 5366 2685 5421 Vides
2710 5379 2817 5435 quo
2844 5372 3001 5432 pacto
3027 5361 3079 5415 in
3108 5360 3372 5427 scipsum
3405 5360 3739 5416 maledicta
3769 5353 3938 5423 conji-

2264 5461 2404 5515 ciat?
2428 5468 2482 5515 et
2509 5472 2692 5513 rursus
2727 5473 2741 5510 :
2771 5454 3001 5509 Christus
3027 5452 3156 5505 venit
3196 5450 3257 5503 in
3312 5453 3615 5505 mundum
3644 5458 3943 5521 peccatores

2261 5555 2426 5607 salvos
2456 5555 2640 5621 facere,
2667 5563 2879 5619 quorum
2911 5544 3105 5614 primus
3142 5557 3233 5613 ego
3290 5559 3433 5596 sum
3485 5542 3683 5617 (Ibid.
3737 5558 3794 5596 υ.
3831 5538 3945 5604 15).

2264 5644 2327 5698 Et
2349 5643 2473 5697 alibi
2498 5656 2678 5696 rursus
2704 5657 2717 5692 :
2749 5637 2867 5692 Non
2888 5652 3000 5689 sum
3024 5634 3206 5706 dignus
3230 5636 3442 5687 vocari
3467 5638 3799 5704 apostolus.
3824 5648 3946 5701 quo-

2266 5737 2402 5790 niam
2428 5742 2754 5804 persequutus
2782 5746 2895 5784 sum
2928 5727 3205 5781 Ecclesium
3233 5724 3357 5778 Dei
3395 5728 3416 5794 (
3448 5728 3475 5781 1
3551 5727 3695 5781 Cor.
3744 5727 3840 5781 15.
3870 5724 3946 5789 θ’).

2344 5828 2397 5882 9.
2441 5824 2601 5879 Vides
2640 5838 2746 5892 quo
2788 5830 2940 5892 pacto
2976 5817 3168 5888 ubique
3194 5814 3309 5871 sibi
3371 5820 3768 5876 triatedicat‘!
3805 5819 3940 5873 Novi
